3240 4240
57 127 70 22 NEW
159 128 158 21 ZEALAND'S
353 129 129 20 FINANCE.

83 181 22 20 If
114 181 36 21 the
159 182 71 25 colony
247 188 37 13 can
301 182 75 20 borrow
386 184 22 18 at
417 184 26 18 3A-
453 189 36 19 per

56 209 49 18 cent
127 209 22 19 to
167 207 48 21 lend
230 210 21 17 to
270 208 75 24 others,
369 208 44 25 why
438 208 17 20 is
474 209 15 19 ii

59 234 89 25 offering
161 236 22 17 to
204 241 37 18 pay
260 236 14 18 4
288 242 37 18 per
344 238 46 17 cent
405 235 32 19 for
456 235 35 20 the

58 267 73 19 money
154 261 93 26 required
271 261 33 20 for
327 261 25 20 its
367 268 42 13 own
434 268 36 14 use
481 262 8 20 ?

58 286 49 20 This
126 286 17 20 is
156 293 39 13 one
213 287 22 19 of
249 287 35 20 the
307 288 79 25 puzzles
409 287 22 19 of
455 288 34 20 the

58 313 106 19 Financial
173 313 121 20 Sfcatement.
322 314 41 20 The
383 314 108 20 Treasurer

58 346 64 14 seems
140 341 22 17 to
181 339 110 26 anticipate
306 346 25 12 no
347 340 98 26 difficulty
470 341 19 19 in

58 365 76 26 raising
143 372 12 12 a
165 365 76 19 million
249 366 40 19 and
300 373 11 12 a
321 366 42 20 half
372 367 20 19 in
404 367 84 19 London

59 393 23 18 at
91 392 23 23 3}
127 398 35 19 per
180 394 47 17 cent
236 394 22 17 to
267 392 78 20 re-lend
365 395 20 17 to
395 392 93 24 farmers,

58 420 36 23 yet
112 425 12 13 a
146 417 40 21 few
206 417 66 21 weeks
286 425 37 18 ago
337 419 24 19 lie
374 418 61 20 asked
456 419 33 20 the

58 443 73 26 colony
141 445 21 19 to
173 444 45 25 give
231 444 28 20 its
269 447 114 23 guarantee,
394 445 46 24 plus
455 445 34 20 the

58 471 89 25 security
154 470 22 20 of
184 470 35 20 the
233 471 60 19 Bank
303 471 22 19 of
334 472 49 19 New
394 471 94 25 Zealand,

60 500 21 16 to
96 503 11 13 a
123 496 46 20 loan
186 497 22 19 of
227 499 40 17 two
282 497 86 20 millions
386 500 22 17 at
421 499 13 17 4
454 505 35 18 per

60 525 52 21 cent,
122 523 40 19 and
178 523 20 19 iu
218 522 34 20 the
272 523 80 26 Budget
359 524 23 18 he
393 530 96 19 proposes

61 550 38 19 not
108 549 47 25 only
166 551 21 17 to
197 549 50 20 raise
258 556 10 13 a
287 551 75 19 million
373 557 21 12 or
405 552 41 18 two
457 551 32 19 for

62 575 86 19 colonial
167 581 46 14 uses
231 577 22 18 at
268 576 34 19 the
312 576 78 26 highest
399 579 44 17 rate
467 577 21 19 of

61 601 93 25 interest,
177 601 26 25 by
226 603 85 23 consols,
337 605 44 21 etc.,
404 603 35 19 but
465 603 28 20 he,

60 628 90 24 actually
169 628 61 19 offers
249 630 21 17 to
287 631 110 23 guarantee
414 629 35 20 the
460 630 19 19 in
484 628 2 26 -
492 628 1 26 1

60 660 85 13 eurance
169 654 114 25 companies
307 656 14 18 4
339 662 34 18 per
395 657 47 18 cent
456 656 32 19 for

59 686 72 20 money
140 680 21 19 in
172 681 75 19 several
257 681 58 20 other
324 682 115 19 directions.
467 682 20 20 Is

20 709 12 7 ■*
59 708 37 17 not
118 705 41 21 this
180 706 38 20 bad
242 707 78 20 finance
342 708 37 19 and
403 715 25 12 an
453 715 22 13 un-

58 738 109 20 necessary
191 735 61 18 waste
275 734 21 19 of
320 734 85 25 money?
438 734 49 26 Why

60 758 71 20 should
150 759 35 19 the
206 759 51 20 New
271 760 86 19 Zealand
380 763 108 23 taxpayers

60 791 38 19 pay
107 786 13 18 4
131 791 35 19 per
186 788 46 17 cent
248 786 17 19 if
282 786 52 20 their
343 786 144 26 requirement:-

60 817 36 13 can
115 811 34 23 be.
158 814 42 17 met
214 814 22 18 at
253 813 26 23 3£
298 819 36 19 per
348 813 61 19 cent?
424 813 62 20 What

60 837 78 24 private
161 838 111 20 individual
295 839 65 19 would
383 839 59 20 think
466 840 22 19 of

60 863 71 26 taking
145 863 31 20 his
200 871 61 19 paper
274 866 20 18 to
319 871 10 12 a
349 865 76 25 private
449 866 30 20 dis-

60 892 84 18 counter
167 892 21 18 to
206 891 48 20 melt
267 891 17 20 if
301 891 30 20 his
354 892 76 19 banker
449 899 39 13 was

60 916 99 25 prepared
188 919 23 17 to
242 918 94 19 discount
363 920 21 17 at
407 922 80 17 current

60 943 54 19 rates
122 943 10 19 ?
147 943 22 19 If
187 950 78 19 anyone
275 944 32 20 did
328 951 20 12 so
359 944 52 19 what
422 945 64 20 would

60 968 34 19 the
112 969 79 19 Official
207 970 99 26 Assignee
318 977 34 18 say
373 971 56 20 when
454 973 34 18 the

60 993 107 21 inevitable
191 997 44 24 goal
253 997 22 19 of
298 997 125 26 bankruptcy
448 1005 39 12 was

59 1021 82 20 reached
152 1022 8 18 ?
169 1021 73 27 Surely
257 1023 34 19 the
302 1023 109 21 Treasurer
421 1024 22 20 of
453 1025 34 19 the

58 1047 71 26 colony
144 1047 79 25 should,
242 1049 40 20 like
291 1056 12 13 a
321 1050 74 25 private
414 1050 61 20 indivi-

58 1073 54 24 dual,
129 1074 45 19 seek
185 1076 21 18 to
224 1075 69 20 obtain
312 1076 52 20 what
382 1083 71 19 money
464 1078 22 18 he

58 1101 64 18 wants
133 1099 87 27 through
237 1101 35 21 the
287 1102 94 25 ordinary
391 1110 81 13 commer-

58 1125 37 20 cial
115 1125 86 21 channel
219 1128 19 19 of
253 1135 11 12 a
284 1128 63 20 direct
361 1129 45 19 loan
421 1133 21 16 at
453 1130 33 19 the

57 1151 70 21 lowest
141 1155 45 18 rate
202 1153 23 20 of
244 1154 87 20 interest
340 1155 34 19 the
392 1156 63 19 credit
465 1157 21 18 of

58 1176 55 22 the/
171 1186 9 4 -
199 1186 35 11 can
254 1181 110 24 /omraand,
374 1181 78 20 instead
464 1183 22 19 of

395 1205 60 23 Rinds
465 1209 21 19 of

46 1251 12 4 _
285 1234 1 23 I
422 1242 10 13 e
443 1238 43 17 rate

284 1249 3 37 j
321 1249 20 37 J
341 1263 20 17 ct
374 1261 16 19 is
410 1268 10 12 o
423 1268 25 12 ne
465 1263 20 18 of

22 1303 19 3 _
283 1287 1 25 j
300 1294 66 13 serves
390 1287 33 19 the
440 1294 43 13 con-

21 1304 126 22 Farmeis.
264 1304 4 35 ,
300 1313 114 26 intelligent
446 1315 38 19 aud

237 1340 246 27 oinumnity.—Welling-

20 1435 473 19 UNKNOWN

20 1480 15 23 r
92 1486 158 24 Scenes-Scotch
285 1490 81 27 railway
402 1491 80 21 station.

57 1512 72 24 Ticket
138 1514 98 25 collector,
247 1517 20 19 in
279 1517 80 27 making
370 1517 29 21 his
409 1518 63 21 collec-

58 1541 49 23 tl#n,
117 1538 52 22 finds
183 1543 24 14 an
222 1542 12 13 o
235 1550 9 12 l(
244 1543 6 19 j
262 1545 111 24 gentleman
383 1545 100 26 fumbling

59 1567 20 22 in
90 1565 30 21 his
131 1564 82 26 pockets
224 1568 28 13 i<>,
263 1564 19 26 |Jj
284 1578 9 12 s
303 1570 68 21 ticket.

86 1592 70 22 Ticket
170 1597 22 14 co
202 1590 69 31 lecto..
291 1590 4 31 .
303 1597 87 24 Tickets,
402 1597 66 22 nWe
477 1590 4 31 '

87 1619 37 21 Old
137 1616 121 23 Gentleraan
280 1616 3 36 .
293 1623 17 21 X'
314 1632 16 13 m
340 1625 7 27 j
352 1632 21 13 U3
376 1628 7 17 t
402 1625 79 23 lookup

61 1647 33 21 for
105 1645 28 21 it.'

87 1672 72 22 Ticket
169 1668 101 23 Collector
289 1668 4 33 «
303 1677 59 24 Well,
383 1679 31 20 I'll
437 1679 43 20 look

63 1700 21 21 in
93 1705 60 21 Again
171 1703 21 14 in
202 1703 11 13 a
233 1708 5 6 *
242 1701 28 14 ew
277 1703 89 26 ,'jinutes.
394 1707 36 19 See
442 1710 37 16 and

63 1727 50 21 hare
122 1726 18 20 it
149 1724 60 25 ready
217 1724 57 18 then.

90 1752 71 21 Ticket
184 1748 97 21 collector
292 1765 20 13 ro
314 1760 7 18 t,
322 1765 50 13 urnß
388 1767 8 12 a
399 1748 4 37 l
404 1767 29 12 lor
436 1760 30 19 tlv
478 1748 4 37 ;

65 1780 38 20 but
112 1779 35 20 the
157 1776 33 21 old
202 1774 100 30 gentleim,
312 1785 17 20 ig
341 1785 25 20 gli
369 1786 12 19 „
394 1786 49 20 hunt
454 1782 6 4 -

67 1807 33 20 for
109 1806 22 19 it.
283 1826 7 7 ,
468 1799 11 13 h

94 1831 71 21 Ticket
172 1828 100 21 Collector
315 1838 38 20 den
355 1839 5 19 ,
364 1846 10 17 7
376 1826 21 38 ).
409 1840 5 8 <
423 1839 42 20 Wh

69 1864 39 22 you
117 1857 50 20 h«e
177 1858 17 17 it
204 1861 20 14 in
235 1860 51 20 your
300 1859 16 13 ™
317 1865 33 19 uth
354 1851 29 36 /J
384 1872 29 13 ian
423 1851 4 36 <
468 1851 4 36 •

97 1884 41 21 Old
161 1881 122 22 Gentleman
309 1881 4 34 <
315 1891 54 24 iyin(?
389 1892 38 19 him
448 1893 31 19 fchp

71 1910 72 25 ticket)
156 1906 4 32 :
189 1908 39 24 Oh,
248 1913 22 14 so
285 1906 10 19 1
317 1906 2 32 .
322 1925 23 12 Te
352 1906 3 32 ,
371 1919 53 19 Hepo

72 1937 47 21 are!

99 1962 93 22 Another
201 1960 113 26 gentleman
343 1971 33 19 t|)e
384 1973 89 19 carria(rp

74 1997 22 14 as
105 1990 35 19 the
147 1991 55 17 train
213 1993 64 13 moves
294 1991 32 16 on,
345 1997 40 19 fipß(
386 1988 2 28 .
448 1988 31 25 °_>

74 2023 59 14 man:
149 2017 5 9 '
162 2015 38 19 I'm
210 2012 65 21 afraid
293 2018 41 19 you
353 2024 44 19 ]osi[
397 2012 11 31 f

76 2048 93 18 memory,
180 2047 33 13 sir.

103 2068 40 21 Cld
155 2066 122 21 Gentleman
286 2063 47 35 :^
340 2076 60 20 feftro
404 2063 4 35 ,
420 2077 43 20 (]jat
475 2063 3 35 .

74 2101 59 33 Jxc-r
151 2124 11 9 u
185 2122 49 12 uiau
263 2120 40 13 xue
328 2103 22 19 tic
350 2103 17 19 *
369 2106 20 16 ot
383 2131 7 9 t
409 2110 28 13 wa
436 2130 5 6 ,
439 2110 9 13 B
452 2101 4 39 .
468 2112 8 12 fl
477 2101 1 39 ,

44 2147 23 12 £s
68 2147 9 12 r
79 2140 65 20 {jj;cht
162 2140 46 19 Quid
226 2140 41 20 and
277 2141 10 18 I
298 2147 40 13 was
355 2136 35 13 r!SC
401 2137 70 13 BOOK,n

45 2166 34 19 the
87 2166 46 21 date
143 2166 68 20 aff't!'

548 124 167 20 EUROPEANS
724 125 33 19 IN
766 125 130 20 CENTRAL

667 159 111 19 AFRICA.

535 210 64 20 There
609 217 51 12 were
670 212 37 18 287
717 211 108 25 European
831 212 80 19 settlers
919 212 22 19 in

493 236 1 21 >
508 236 77 19 British
595 236 82 19 Central
686 238 68 19 Africa
765 238 21 18 in
804 237 73 19 March
895 238 45 19 last.

493 262 1 25 1
508 262 27 20 Of
553 262 56 20 these
627 263 55 19 three
707 269 50 14 were
776 264 84 23 French,
885 264 57 19 three

508 289 104 23 Germans,
623 295 39 13 one
670 296 41 13 was
729 289 82 24 Italian,
830 292 41 17 two
890 297 52 13 were

493 315 1 26 •
508 315 97 19 Austrian
612 315 65 24 Poles,
687 322 37 12 one
734 322 12 13 ft
755 316 130 25 Hungarian,
905 323 37 12 one

508 348 13 12 a
530 341 121 23 Dutchman,
663 342 39 18 and
715 342 35 19 the
760 342 114 19 remainder
889 349 53 13 were

508 367 76 19 British
594 367 141 26 subjects—o9
743 369 91 24 Euglisb,
844 370 11 16 5
862 369 78 23 Welsh,

510 395 36 16 130
560 392 77 23 Scotch,
648 395 10 16 0
677 394 60 23 Irish,
747 396 11 16 (i
775 395 134 24 Australians,
931 397 11 16 0

508 419 77 19 natives
592 419 21 19 of
618 419 54 26 Cape
679 419 75 26 Colony
761 421 40 18 and
809 422 11 16 5
827 421 113 19 Natalians.

508 445 40 19 Out
557 445 22 18 of
588 444 34 20 the
632 451 87 20 average
726 447 21 17 of
766 447 37 18 200
822 447 120 25 Europeans

508 470 74 26 during
595 471 34 18 the
639 472 70 19 twelve
719 472 80 19 months
808 473 54 19 from
871 473 69 19 March

510 499 17 21 1,
540 498 55 22 1893,
606 499 21 16 to
636 497 71 19 March
720 500 16 22 1,
749 500 55 22 1894,
815 499 57 19 there
891 506 51 12 wore

493 522 1 28 ;
508 525 33 16 ten
551 522 72 20 deaths
637 523 116 25 registered.
782 525 28 18 As
828 532 12 12 a
860 525 82 25 general

508 548 43 20 rule
560 548 16 19 it
585 551 73 17 cannot
675 549 26 20 bo
717 550 66 19 stated
802 551 45 19 that
865 551 77 19 British

508 574 80 20 Central
592 574 70 20 Africa
668 576 16 18 is
691 576 82 25 healthy
778 577 31 18 for
815 577 126 25 Europeans.

493 600 1 22 :
508 600 154 20 Commissioner
684 602 100 20 Johnston
802 603 87 19 believes
908 603 34 19 the

508 627 100 18 salvation
624 628 22 18 of
663 628 82 19 Central
763 628 70 21 Africa
856 629 43 20 will
917 629 25 19 bo

508 653 63 18 found
588 653 21 18 in
619 653 34 19 tho
669 655 106 25 expulsion
793 655 22 18 of
832 656 35 18 the
885 655 57 19 Arab

507 679 137 24 adventurers,
653 680 40 19 and
701 681 20 18 in
731 681 35 18 tho
775 681 137 20 introduction
921 682 21 19 of

508 705 33 19 tho
548 704 75 20 Indian
633 706 68 19 trader
710 707 40 18 and
759 707 147 25 agriculturist.

578 1841 19 19 A
609 1840 75 21 RASH
702 1839 152 22 INVENTOR.

525 1894 19 18 A
560 1893 112 20 Masterton
689 1893 155 26 correspondent
860 1894 74 20 relates

499 1920 35 19 the
541 1920 105 25 following
687 1920 16 17 A
715 1927 47 12 man
773 1921 73 18 named
864 1920 68 23 Jones,

499 1946 44 19 who
554 1946 31 19 for
594 1952 58 19 years
661 1946 110 20 conducted
778 1953 12 13 a
797 1946 136 20 second-hand

498 1972 51 25 shop
559 1974 49 17 next
619 1973 48 18 door
673 1974 20 17 to
703 1973 34 19 the
746 1973 66 24 Royal
830 1973 64 19 Hotel
912 1973 21 19 in

499 1998 133 25 Wellington,
653 1999 39 18 and
708 1999 44 19 who
771 2006 44 12 now
842 2006 50 12 runs
921 2006 11 12 a

498 2024 77 19 similar
585 2024 91 19 business
686 2025 21 18 in
717 2025 116 24 Mafterten,
844 2026 37 18 has
892 2025 30 19 dis-

498 2051 83 19 covered
589 2050 52 20 what
649 2050 25 19 he
680 2051 69 19 claims
754 2053 21 17 to
782 2051 54 19 bean
842 2051 90 19 antidote

497 2077 32 18 for
537 2077 64 19 burns
611 2076 38 19 and
660 2077 68 19 scales.
756 2077 26 19 So
796 2078 85 25 positivo
891 2084 41 13 was

497 2102 25 19 he
532 2103 22 19 of
564 2103 33 18 the
616 2103 80 24 efficacy
714 2103 21 19 of
751 2103 32 19 his
801 2103 130 26 preparation

497 2129 45 19 that
547 2128 26 19 he
583 2128 112 20 advertised
705 2136 11 11 a
724 2129 70 25 public
811 2129 119 24 exhibition,

497 2155 41 19 and
547 2154 77 20 invited
633 2155 84 19 medical
728 2162 45 12 men
783 2155 40 19 and
833 2155 67 19 others
911 2158 20 17 to

497 2181 25 19 be
531 2183 87 23 present.
647 2181 42 18 The
698 2181 113 20 exhibition
820 2182 46 19 took
874 2182 57 25 place

496 2207 21 18 in
528 2213 25 12 an
563 2213 52 19 open
626 2207 96 25 paddock,
730 2207 39 20 and
776 2214 40 13 was
825 2209 106 19 witnessed

536 2233 61 20 about
612 2233 45 25 fifty
665 2240 88 18 persons.
780 2233 63 20 Joues
862 2234 68 20 thrust

493 2268 31 19 his
535 2260 57 27 hanJ
617 2262 27 16 lto
652 2266 11 13 a
672 2266 14 19 P
688 2261 20 18 ot
726 2260 20 19 of
764 2260 79 26 boiling
860 2263 69 22 water,

493 2294 40 20 and
552 2294 52 19 nfter
622 2285 13 27 J
640 2286 72 25 anting
730 2286 65 19 round
813 2287 21 18 in
860 2293 69 19 agony

493 2320 80 25 applied
579 2319 31 19 his
618 2318 65 20 antiu.'
683 2315 13 16 1t
700 2318 10 13 o
712 2312 4 33 -
744 2312 41 20 I'or
790 2319 54 13 some
849 2319 79 18 reason,

493 2347 98 22 however,
602 2345 35 19 the
644 2340 98 31 prepaid
743 2345 33 12 loll
780 2338 35 20 dl<l
824 2341 36 17 not
866 2339 62 23 work,

493 2372 41 20 and
545 2373 33 18 tho
587 2372 109 24 sufferings
706 2371 20 19 of
734 2373 33 17 Hit
775 2371 20 19 l'
799 2371 24 13 an
830 2371 52 13 wore
893 2372 22 12 ex-

493 2398 118 25 cruciating.
639 2397 40 19 Ilis
688 2397 54 19 hand
752 2397 17 19 is
776 2397 66 19 blistei
848 2397 31 23 iL,

493 2425 26 19 he
534 2424 42 20 still
594 2423 108 20 maintains
719 2423 44 19 that
789 2423 25 19 ho
832 2423 37 18 has
888 2422 30 19 dis-

493 2450 83 20 covered
586 2450 34 19 the
634 2449 95 23 antidote,
750 2449 40 19 and
808 2449 80 19 intends
907 2450 20 18 to

494 2477 46 25 give
548 2476 84 20 another
642 2475 118 20 exhibition.

573 2547 57 19 THE
639 2546 123 20 NITRATE
769 2546 79 20 KING.

520 2599 65 19 There
595 2605 51 13 were
656 2598 98 26 meetings
760 2598 21 20 oi
788 2598 57 19 throo
853 2598 76 19 nitrate
938 2591 4 33 I

494 2625 115 26 companies
618 2625 88 25 recently
714 2625 48 19 lield
773 2626 21 17 nt
812 2624 115 26 Liverpool,
939 2624 3 27 ;

494 2651 83 20 Colonel
586 2651 67 19 North
660 2650 103 26 presiding
778 2652 21 17 nt
818 2650 57 19 each.
903 2650 26 19 In

494 2678 83 24 moving
595 2677 35 19 the
645 2679 67 23 report
733 2678 22 18 of
772 2676 34 19 the
821 2676 109 26 Liverpool

494 2704 81 19 Nitrate
585 2703 109 25 Company,
705 2703 25 18 ho
748 2703 44 18 said
811 2702 48 25 they
877 2709 52 12 were

495 2737 44 12 now
548 2729 85 25 turning
643 2731 34 17 out
687 2729 73 19 nitrate
775 2728 86 26 cheaper
879 2728 50 19 than

495 2756 76 19 before.
607 2755 28 19 At
666 2755 35 19 the
722 2755 90 25 meeting
845 2754 22 19 of
894 2754 35 19 the

495 2782 107 19 Primit.iva
628 2781 103 25 Company
750 2780 82 21 Colonel
862 2780 67 19 North

496 2808 43 19 said
548 2808 44 19 that
601 2813 26 13 no
637 2813 37 13 one
681 2814 40 12 was
727 2813 55 14 more
788 2807 141 25 disappointed

496 2834 51 19 than
555 2833 82 20 himself
642 2836 21 17 at
670 2833 34 19 the
710 2834 72 18 results
789 2833 21 19 of
819 2833 39 19 last
863 2832 67 26 year's

497 2860 97 25 working,
603 2860 32 19 for
644 2859 26 19 be
679 2859 41 20 had
729 2860 75 25 always
814 2859 115 19 considered

497 2886 34 19 the
540 2886 107 19 Primitiva
657 2892 11 12 a
677 2885 61 20 much
751 2886 65 19 better
835 2886 96 25 property

497 2912 51 20 than
557 2912 35 19 the
607 2911 113 26 Liverpool,
740 2911 66 20 which
823 2911 40 19 had
881 2912 49 25 paid

498 2939 50 19 back
560 2939 25 18 its
595 2937 75 26 capital
677 2938 56 19 three
742 2938 59 19 times
806 2944 53 13 over.
887 2937 43 20 The

496 2964 108 20 Primitiva
621 2964 40 19 had
679 2964 50 19 boon
748 2964 132 19 unfortuntao
908 2964 21 18 in

498 2991 76 24 having
583 2992 34 18 too
626 2990 37 25 big
672 2996 11 13 a
693 2990 56 25 plant
757 2990 40 19 and
812 2992 33 17 too
863 2990 37 25 big
919 2996 11 13 a

498 3017 69 23 house,
578 3017 37 19 but
624 3016 48 25 they
681 3016 40 19 had
727 3022 45 13 now
778 3016 42 19 sold
827 3017 34 18 the
867 3016 64 19 house

499 3043 39 19 and
548 3043 42 19 also
600 3050 11 11 a
621 3042 79 26 portion
706 3043 20 18 of
736 3043 52 19 their
797 3043 63 25 plant.
888 3042 43 19 The

498 3069 69 19 letters
576 3069 53 19 from
646 3069 34 18 the
698 3074 44 14 new
760 3075 96 18 manager
879 3074 52 14 wore

498 3102 49 18 very
553 3095 132 24 satisfactory,
696 3094 38 19 and
742 3094 34 19 tho
791 3094 140 20 shareholders

499 3121 67 20 would
573 3121 25 19 be
607 3120 82 26 pleased
704 3125 20 14 to
733 3120 50 20 hear
792 3121 44 18 that
846 3121 35 18 tho
890 3123 41 16 cost

500 3148 20 18 of
538 3147 119 25 production
674 3146 41 19 had
733 3147 51 18 been
800 3146 86 20 reduced
903 3146 28 25 by

500 3173 63 20 about
573 3173 14 19 £
593 3175 7 16 1
608 3179 36 19 por
653 3175 41 20 ton,
705 3172 40 19 and
762 3172 34 19 tho
815 3173 69 24 profits
900 3173 33 18 for

500 3199 138 20 tlielastlhreo
646 3198 79 19 months
730 3205 50 13 were
786 3199 63 20 about
855 3200 76 18 £OOOO.

1015 117 29 19 IF
1058 118 54 19 ALL
1121 118 125 19 WEALTH
1259 118 85 20 WERE

1117 144 128 19 DIVIDED.

990 195 25 19 In
1025 202 26 12 an
1065 196 70 19 article
1144 202 27 13 on
1183 195 3 21 '
1196 196 145 20 Rousseauism
1357 196 26 19 Re-

963 221 73 24 vived,:
1044 222 35 19 the
1089 222 110 25 Quarterly
1205 222 96 20 reviewer
1310 226 87 22 tempers

964 247 31 19 his
1013 248 79 25 delight
1103 251 20 16 at
1133 249 34 19 the
1181 249 97 19 downfall
1296 250 21 18 of
1334 249 51 19 Radi-

964 274 69 19 calism
1051 275 49 19 with
1110 275 63 19 dread
1186 276 21 17 at
1217 275 35 19 the
1270 275 89 20 advance
1376 275 22 19 of

964 300 35 19 the
1021 300 168 26 thoroughgoing
1216 300 98 20 Socialist.
1355 301 42 19 Tho

964 326 118 25 proletarian
1099 327 58 23 have,
1168 327 26 19 he
1209 333 52 18 says,
1279 327 119 19 abandoned

964 353 127 19 Libeiul'sm.
1119 353 47 19 Just
1176 360 22 12 as
1205 360 41 17 you
1255 353 43 19 find
1307 360 12 12 a
1326 354 72 18 Tartar

964 379 58 19 when
1032 386 40 17 you
1082 379 78 19 scratch
1169 385 14 13 a
1192 379 94 21 Russian,
1303 386 21 12 so
1334 379 64 20 under

965 405 34 19 tho
1016 405 70 26 public
1099 405 59 25 guise
1177 405 21 19 of
1212 412 12 12 a
1242 405 83 19 Liberal
1343 405 54 19 M.P.

964 438 40 18 you
1013 438 22 12 co
1044 438 24 12 ae
1078 438 55 18 upon
1143 438 12 12 a
1171 431 108 26 capitalist.
1307 431 80 19 Liberal-

964 457 38 19 ism
1011 457 96 19 achieved
1122 457 27 19 its
1159 458 83 18 minion
1252 457 50 19 with
1315 457 35 19 the
1359 459 40 17 last

964 483 104 20 extension
1074 484 22 19 of
1102 484 34 19 the
1142 483 108 20 franchise.
1278 483 42 20 Tho
1327 483 72 26 people

964 516 34 12 are
1007 516 46 13 now
1062 510 84 25 passing
1155 509 65 20 under
1230 516 11 13 a
1251 516 43 13 now
1305 509 93 25 bondage

964 537 21 17 to
994 536 35 19 the
1039 535 56 20 Stato
1105 543 22 12 as
1136 536 43 19 real
1188 543 23 12 as
1217 536 34 18 the
1261 536 33 18 old
1305 536 93 25 bondage

964 565 21 15 to
994 562 34 19 tho
1038 562 69 19 feudal
1117 562 54 19 lords
1181 562 21 19 of
1212 562 34 18 tho
1265 562 43 19 soil.
1336 562 61 24 True,

964 586 103 21 Socialists
1077 595 34 12 arc
1120 591 36 16 not
1166 588 71 19 united
1247 595 33 11 :

992 614 4 25 '
1007 614 64 19 There
1081 621 34 12 are
1125 614 116 25 fire-eating
1258 614 140 25 Progressives

965 640 44 19 who
1032 640 80 26 do-pise
1130 640 34 19 tho
1185 640 65 19 Social
1273 640 125 20 Democratic

964 666 132 20 Federation:
1112 667 35 18 tho
1154 666 66 19 Social
1228 666 117 20 Democrats
1352 673 34 13 con-

965 694 54 17 temn
1028 693 35 19 the
1073 692 90 20 Fabians
1173 700 5 16 ;
1193 692 34 19 tho
1237 692 96 24 Fabians,
1352 693 45 20 who

964 719 101 19 ruminate
1087 725 26 12 on
1137 719 34 18 the
1199 718 150 26 imperfections
1377 720 22 18 of

964 746 74 24 society
1047 751 48 13 over
1105 744 157 26 drawing-room
1275 747 92 23 tea-cups
1377 746 21 17 of

964 771 79 19 ancient
1061 771 66 24 china,
1147 771 48 19 look
1208 777 26 13 on
1253 771 50 19 both
1322 770 49 20 with
1385 777 13 13 a

964 797 61 19 bleud
1043 798 22 18 of
1073 797 77 25 benign
1167 797 80 26 despair
1261 797 40 19 and
1315 798 82 18 sweeter

964 823 51 25 hope
1024 823 4 25 ;
1043 823 41 19 and
1094 823 34 19 the
1137 823 125 22 Anarchists,
1273 823 19 18 in
1304 829 93 19 supremo

963 849 85 24 disdain,
1069 856 34 12 are
1117 853 35 16 not
1171 856 26 12 on
1217 848 100 26 speaking
1336 852 61 16 terms

963 875 49 19 with
1035 882 40 19 any
1098 878 41 17 sect
1160 876 22 18 of
1210 875 34 18 the
1267 874 130 25 Progressive

962 901 105 20 Alliance.'

989 927 41 20 But
1039 927 34 20 the
1083 927 96 19 reviewer
1188 926 59 19 holds
1258 926 48 24 that,
1319 926 77 26 despite

963 953 55 19 these
1041 953 124 23 differences,
1185 953 34 19 tho
1234 952 57 20 Socia
1292 953 13 14 l;
1308 955 19 17 st
1345 955 51 17 state

963 980 65 18 would
1047 980 20 18 in
1082 986 40 18 any
1141 986 45 12 caso
1207 979 4 25 '
1221 979 61 19 make
1305 979 26 19 all
1350 986 45 12 men

962 1006 82 24 socially
1063 1005 66 25 ecjual.
1158 1005 20 19 It
1192 1005 68 19 would
1276 1005 46 25 give
1332 1007 20 17 to
1369 1005 27 19 all

962 1038 45 13 men
1025 1034 88 17 incomes
1127 1031 21 20 of
1166 1031 35 19 tho
1221 1037 54 13 samo
1298 1031 96 20 amount.'

963 1057 32 20 lie
1002 1057 96 26 proceeds
1105 1060 21 17 to
1133 1060 53 17 state
1195 1057 55 19 what
1258 1057 40 19 this
1306 1057 89 20 involves

962 1084 31 19 lor
1002 1084 34 19 the
1046 1084 78 19 United
1134 1084 105 25 Kingdom
1250 1084 4 25 :

990 1110 3 19 '
1004 1110 26 19 In
1047 1110 35 19 tho
1097 1114 60 15 event
1174 1110 22 19 of
1215 1110 34 19 the
1268 1110 85 19 division
1375 1110 20 19 of

962 1136 73 19 wealth
1045 1136 66 19 which
1120 1136 35 19 the
1165 1136 126 19 Communist
1310 1136 63 23 seeks,
1383 1143 12 12 a

963 1162 102 19 workman
1075 1165 20 16 at
1110 1164 82 23 present
1201 1162 21 19 in
1232 1162 74 26 receipt
1322 1162 21 19 of
1353 1163 41 18 £7O

962 1195 11 11 a
990 1194 49 18 year
1054 1188 68 20 would
1136 1188 76 19 receive
1229 1188 70 24 £110;
1315 1188 37 19 but
1370 1189 25 18 he

962 1214 64 19 would
1035 1217 34 16 not
1078 1214 26 19 be
1112 1214 45 19 able
1164 1217 21 16 to
1194 1214 26 19 bo
1228 1216 21 17 at
1258 1214 73 19 leisure
1340 1215 53 25 long.

962 1240 4 26 .
982 1240 4 26 .
1002 1255 5 3 .
1021 1240 66 19 There
1103 1240 66 20 would
1178 1240 26 19 be
1214 1240 52 19 little
1284 1240 111 26 happiness

961 1266 20 19 iu
991 1266 77 26 having
1086 1273 37 12 our
1133 1266 42 19 £7O
1192 1266 102 19 increased
1308 1269 21 17 to
1339 1267 55 19 £llO

951 1292 1 26 I
961 1296 20 15 at
991 1292 34 19 the
1035 1295 41 17 cost
1086 1294 21 17 of
1117 1292 93 26 working
1219 1296 21 15 at
1251 1292 51 20 least
1312 1299 22 13 as
1343 1293 51 20 hard
1398 1292 1 26 j

961 1325 21 13 as
1001 1320 21 18 at
1039 1322 88 23 present,
1147 1318 86 20 without
1247 1325 40 19 any
1307 1319 52 26 hope
1373 1320 22 19 of

962 1345 61 25 being
1032 1345 84 19 allowed
1126 1347 20 17 to
1157 1345 62 19 strike
1229 1345 32 19 for
1280 1351 11 13 a
1301 1345 92 20 decrease

960 1371 21 19 in
990 1371 35 19 tiio
1034 1371 62 20 hours
1106 1372 21 19 of
1136 1371 86 20 labour.'

986 1397 33 19 Mr
1037 1397 89 21 Mallock
1141 1398 102 19 estimates
1264 1397 34 21 the
1317 1398 76 20 income

960 1424 21 18 of
997 1424 35 20 the
1042 1424 77 20 United
1129 1423 110 26 Kingdom,
1256 1424 49 20 with
1315 1431 12 13 a
1343 1425 50 20 view

960 1452 19 17 to
990 1450 90 25 division,
1092 1452 21 18 at
1124 1451 176 24 £1,200,000,000.

987 1478 5 11 '
1001 1477 57 24 Now,
1083 1477 34 19 the
1136 1477 71 26 people
1228 1477 22 20 of
1268 1477 34 20 the
1317 1475 76 23 United

959 1503 106 26 Kingdom
1096 1504 86 20 number
1214 1510 12 14 a
1257 1503 51 21 little
1347 1511 46 13 over

960 1531 123 24 38,000,000.
1143 1530 42 20 The
1208 1530 59 20 share
1296 1531 21 19 of
1345 1531 46 19 each

958 1562 78 19 person,
1044 1557 106 24 therefore,
1160 1557 68 20 would
1237 1557 26 19 be
1270 1557 63 20 about
1343 1559 48 19 £32.

959 1584 27 18 As
997 1590 28 13 we
1033 1590 34 13 are
1077 1586 35 18 not
1122 1584 28 19 all
1159 1584 22 19 of
1188 1583 35 20 the
1233 1590 54 13 same
1296 1590 45 20 age,
1352 1592 9 11 i:
1372 1584 20 20 id

959 1612 34 18 not
1002 1609 28 20 all
1039 1611 21 18 of
1070 1610 34 20 the
1114 1616 55 14 same
1179 1616 40 19 sex,
1231 1610 34 20 the
1279 1616 48 14 com'

957 1636 17 19 it
996 1636 17 19 is
1035 1636 103 27 probable,
1158 1637 68 20 would
1239 1636 77 21 resolve

957 1663 76 19 certain
1042 1663 126 26 mitigations
1178 1664 22 18 of
1215 1663 97 26 equality,

959 1689 55 19 week
1023 1693 20 16 to
1052 1691 48 19 each
1108 1697 53 17 man,
1175 1691 33 19 15s
1218 1692 21 18 to
1247 1689 48 20 each
1305 1697 17 13 w

959 1717 34 18 10a
1011 1718 19 18 to
1041 1716 49 20 oach
1101 1717 45 25 boy>
1158 1719 21 17 9s
1193 1719 21 17 to
1232 1716 48 20 each
1290 1717 28 24 gii
1330 1716 4 29 ,
1398 1716 1 29 j

957 1744 22 16 •Is
999 1743 25 18 Od
1037 1745 21 17 to
1077 1743 49 20 each
1140 1743 61 25 baby,
1221 1743 67 25 might
1306 1743 8 19 I
1324 1743 4 25 -

957 1768 78 20 sidcred
1054 1776 25 12 an
1090 1771 143 24 arrangement
1247 1769 67 25 equitn
1334 1778 17 10 .a
1371 1768 3 28 :
1398 1768 1 28 j

957 1794 34 20 the
1000 1795 54 25 light
1070 1796 21 18 of
1100 1802 71 13 reason
1181 1803 5 16 ;
1201 1795 43 24 but,
1254 1802 23 12 as
1287 1803 18 11 m

957 1827 76 13 women
1044 1822 39 18 and
1091 1822 90 19 children
1192 1822 39 19 live
1241 1822 21 18 in
1271 1822 33 19 fan
1375 1822 3 19 .

957 1854 12 12 a
978 1847 49 25 rule,
1044 1854 29 13 we
1083 1848 42 20 will
1134 1849 48 18 take
1193 1849 33 18 the
1236 1848 72 25 family

957 1874 50 19 unit.
1035 1874 20 19 It
1069 1875 84 19 consists
1163 1875 21 19 of
1193 1875 47 18 four
1257 1880 58 20 perso

956 1906 12 13 a
977 1900 44 19 half
1039 1906 24 13 on
1075 1901 35 19 the
1119 1907 94 19 average,
1233 1900 40 20 and
1282 1901 56 19 tlievo

957 1927 104 23 8,500,000
1084 1927 89 19 families
1204 1927 21 19 in
1248 1927 35 18 the
1312 1927 77 19 United

955 1948 112 30 Kingdom.
1096 1953 20 19 It
1126 1953 66 19 would
1202 1959 59 17 seem,
1278 1953 55 24 then,
1344 1953 45 20 that

956 1978 48 19 each
1014 1979 72 25 family
1103 1980 68 19 would
1179 1979 78 20 receive
1272 1985 25 14 an
1312 1980 76 19 income

955 2005 21 18 of
986 2005 15 19 £
1006 2006 34 17 110
1052 2005 4 25 ;
1072 2006 37 19 but
1119 2006 34 19 the
1167 2005 140 25 tax-gatherer
1322 2006 66 19 would

955 2033 35 16 not
999 2031 108 25 disappear
1125 2032 49 19 with
1184 2032 34 19 the
1235 2032 153 19 establishment

955 2057 21 18 of
994 2057 34 19 tho
1037 2063 111 19 commune,
1164 2058 40 19 and
1214 2058 17 19 if
1240 2058 32 19 his
1287 2058 101 19 exactions

954 2084 104 19 remained
1079 2086 22 17 at
1119 2084 34 19 the
1167 2086 43 17 rate
1233 2090 45 13 now
1300 2086 86 22 current,

955 2109 70 24 which,
1049 2116 23 13 as
1094 2110 35 19 the
1147 2112 42 17 cost
1212 2110 21 19 of
1255 2113 132 23 government

954 2135 75 20 alw..va
1039 2143 99 12 increases
1147 2136 50 19 with
1207 2136 34 19 the
1253 2138 104 17 extension
1366 2137 22 19 of

953 2162 145 25 state-control,
1110 2162 67 19 would
1190 2162 26 19 be
1227 2162 158 26 extraordinary,

954 2188 48 19 each
1020 2188 40 19 fam
1063 2189 5 11 :
1071 2189 20 25 ly
1106 2189 66 19 would
1193 2188 25 19 bo
1239 2188 61 19 taxed
1318 2191 20 16 to
1352 2190 35 17 the

954 2216 69 18 extent
1044 2215 22 19 of
1085 2216 48 23 £l6,
1156 2215 41 19 and
1216 2215 27 19 its
1261 2217 34 17 net
1309 2215 78 19 income

953 2241 66 19 would
1028 2241 26 19 be
1064 2241 63 19 £124.
1156 2241 42 19 Our
1208 2241 138 26 hypothetical
1356 2241 19 19 in-

953 2274 54 12 come
1025 2268 32 18 for
1067 2274 59 19 every
1145 2267 56 20 adult
1214 2274 54 17 man,
1280 2267 44 19 that
1334 2267 16 19 is
1365 2270 20 17 to

953 2300 41 19 say,
1014 2294 66 19 would
1094 2294 26 19 be
1138 2294 88 19 reduced
1239 2296 20 17 to
1282 2295 33 17 19s
1334 2294 25 18 6d
1374 2300 12 12 a

952 2320 56 20 week
1019 2320 4 26 ;
1039 2321 43 19 that
1098 2321 22 19 of
1130 2327 60 19 every
1200 2321 56 18 adult
1271 2326 84 18 woman,
1364 2322 21 18 to

954 2348 39 17 14s.

978 2372 26 23 If,
1015 2373 74 26 lotting
1105 2373 102 19 moderate
1216 2373 87 19 incomes

1006 2399 5 22 ]
1071 2402 47 19 with
1134 2404 35 17 the
1182 2406 53 14 most
1247 2401 89 24 flagrant
1352 2399 31 19 in-
1398 2399 1 26 -

951 2435 70 17 comes,
1040 2428 66 20 which
1117 2434 34 13 are
1164 2427 57 19 those
1240 2427 21 18 of
1277 2426 35 18 the
1326 2432 57 19 peers
1398 2426 1 27 (

951 2454 39 20 and
1007 2454 35 20 tho
1065 2456 85 23 country
1164 2453 121 26 gentlemen,
1310 2453 21 17 of
1348 2451 35 19 the
1398 2451 1 28 (

951 2481 96 19 National
1056 2481 56 19 Debt
1129 2480 40 19 and
1179 2479 35 19 the
1232 2478 84 25 railway
1331 2484 52 12 com-
1398 2475 1 30 J

951 2508 75 25 panics,
1037 2507 40 19 and
1093 2508 22 18 of
1124 2507 35 18 the
1167 2504 117 25 monarchy,
1301 2510 52 12 none
1362 2503 22 19 of
1398 2503 1 30 1

952 2540 23 12 us
993 2533 67 19 would
1078 2533 25 19 bo
1118 2531 131 27 appreciably
1270 2531 64 18 bettor
1348 2530 35 18 oil.

951 2559 41 19 Out
1009 2560 21 18 of
1050 2559 35 19 the
1098 2559 48 19 ruin
1164 2558 21 18 of
1199 2557 34 19 the
1252 2558 58 23 great
1327 2556 56 19 land-
1398 2556 1 29 (

951 2592 82 17 owners,
1057 2585 49 19 oach
1126 2584 57 20 adult
1212 2582 67 21 would
1301 2583 49 24 gain
1373 2589 11 12 a
1398 2582 1 27 ,

951 2611 51 19 little
1021 2618 47 12 over
1084 2618 12 12 a
1109 2610 94 25 farthing
1220 2609 56 25 daily
1285 2608 4 27 ;
1304 2608 34 19 tho
1354 2609 20 18 in-

951 2639 61 18 terest
1031 2644 25 13 on
1066 2637 35 19 the
1110 2635 99 21 National
1223 2635 55 20 Debt
1296 2635 40 18 and
1352 2634 32 19 die
1398 2634 1 29 |

952 2664 69 25 profits
1028 2664 21 19 of
1061 2664 33 19 ilio
1103 2663 83 25 railway
1194 2661 114 25 companies
1319 2660 66 21 would
1398 2660 1 29 ,

951 2690 54 25 yield
1014 2690 42 19 him
1065 2689 72 25 barely
1146 2695 54 13 more
1211 2687 4 28 ;
1231 2688 40 19 and
1289 2687 52 19 from
1350 2689 35 16 tno
1398 2687 1 28 '

952 2716 120 20 confiscated
1089 2716 77 19 income
1185 2714 22 19 of
1221 2714 33 19 the
1273 2712 112 26 Monarchy

952 2742 26 19 he
996 2742 66 20 would
1072 2743 54 19 draw
1137 2742 94 25 sixpence
1244 2739 113 25 halfpenny
1373 2745 12 12 a

951 2776 54 19 year.

978 2821 105 22 WHEAT
1096 2819 96 22 FLOUR
1204 2819 56 20 FOE
1275 2817 83 21 COWS.

978 2875 18 19 A
1014 2875 105 23 dairyman
1136 2874 67 19 writes
1217 2875 20 16 to
1256 2878 25 13 an
1298 2870 87 26 English

951 2901 82 26 journal
1044 2896 39 31 :—'
1093 2900 11 19 I
1121 2900 59 19 know
1190 2899 21 19 of
1220 2905 26 12 110
1256 2898 66 19 better
1337 2896 47 20 food

952 2928 31 19 for
993 2927 57 25 dairy
1069 2933 51 14 cows
1129 2926 51 19 than
1194 2925 67 20 wheat
1276 2924 57 23 flour,
1345 2922 39 20 and

952 2954 51 19 have
1022 2954 55 18 often
1096 2952 49 20 used
1160 2952 15 19 it
1190 2951 58 19 when
1265 2950 65 19 wheat
1344 2956 40 12 was

952 2980 57 19 twice
1018 2980 26 18 its
1055 2981 79 23 present
1142 2977 67 27 price.'
1237 2976 110 23 Moreover,
1359 2975 25 20 he

952 3008 73 17 asserts
1043 3005 45 20 that
1098 3005 33 18 71b
1151 3011 22 12 or
1183 3003 34 19 Blb
1231 3003 22 19 of
1268 3002 67 20 wheat
1348 3008 37 19 per

952 3038 41 13 cow
1011 3032 59 18 when
1088 3031 22 18 in
1119 3030 39 19 full
1173 3029 49 19 milk
1240 3029 65 19 would
1324 3034 60 13 cause

952 3058 37 19 her
1006 3060 21 17 to
1048 3056 55 26 yield
1116 3062 55 14 moro
1192 3055 49 19 milk
1259 3054 41 20 and
1319 3054 65 19 richer

953 3090 64 13 cream
1027 3084 50 19 than
1088 3080 4 23 '
1103 3083 34 19 the
1147 3088 55 12 same
1211 3081 60 19 value
1281 3081 21 18 of
1319 3080 49 19 cake
1379 3080 4 23 '

953 3110 66 19 would
1048 3110 31 19 do.
1116 3109 19 19 A
1152 3107 68 21 North
1246 3107 22 19 of
1290 3106 95 25 England

952 3136 80 23 farmer,
1044 3136 45 19 who
1099 3141 66 19 grows
1174 3140 38 13 one
1227 3132 94 20 hundred,
1330 3139 54 12 acres

954 3163 21 19 of
991 3162 73 23 wheat,
1083 3161 41 19 and
1136 3161 63 19 milks
1219 3159 92 19 between
1331 3158 53 25 sixty

954 3188 40 20 and
1004 3190 82 23 seventy
1103 3187 35 25 big
1148 3192 58 17 cows,
1216 3192 40 13 was
1272 3185 113 25 persuaded

955 3215 27 24 by
999 3214 42 19 him
1051 3216 20 17 to
1081 3214 46 24 givo
1138 3213 66 19 wheat
1217 3214 20 16 to
1247 3211 32 19 his
1288 3217 51 13 cows
1355 3211 20 18 in-

954 3243 57 16 stead
1020 3240 21 19 of
1051 3240 73 25 selling
1133 3239 22 24 it,
1164 3238 41 19 and
1214 3237 34 20 the
1260 3241 43 15 best
1311 3237 74 19 results

954 3266 82 19 ensued.
1076 3265 43 20 The
1150 3264 67 20 North
1244 3263 21 20 of
1290 3263 95 25 England

955 3293 74 18 farmer
1037 3293 40 17 last
1083 3298 48 19 year
1141 3297 51 19 gave
1202 3290 70 24 nearly
1277 3289 34 19 the
1323 3288 62 20 whole

955 3319 21 18 of
987 3318 29 19 his
1035 3317 67 20 wheat
1111 3317 65 19 either
1185 3318 20 17 to
1218 3316 33 19 his
1260 3322 57 16 cows,
1334 3321 22 12 or
1366 3317 19 16 to

954 3344 52 26 pigs,
1025 3350 22 13 or
1056 3343 68 20 mixed
1137 3343 50 20 wi'li
1201 3344 43 17 oats
1263 3342 31 18 for
1309 3341 75 24 horses,

956 3370 39 19 and
1005 3370 27 19 all
1041 3370 31 19 his
1082 3369 86 20 animals
1177 3368 35 19 did
1222 3367 44 20 well
1276 3374 25 12 on
1310 3368 22 18 it.

1440 120 46 19 MR
1500 120 168 20 WILLMAN'S
1683 121 131 20 NARROW

1577 146 109 20 ESCAPE.

1440 199 69 20 When
1520 205 11 14 a
1549 206 71 19 person
1632 201 63 17 starts
1705 205 37 14 out
1752 203 21 17 to
1792 200 56 21 catch

1415 231 10 13 a
1436 226 37 19 fish
1484 226 18 19 it
1517 226 76 19 seldom
1604 226 90 25 happens
1704 227 45 20 that
1766 228 35 19 the
1810 227 38 19 fish

1415 252 80 19 catches
1506 252 45 19 him.
1580 252 42 19 Yet
1631 252 40 19 this
1680 260 38 13 was
1730 254 34 19 the
1772 260 45 13 case
1828 254 22 19 of

1417 278 60 19 Peter
1488 278 105 24 Willman,
1607 279 22 18 of
1644 279 133 25 Jamestown,
1794 280 55 20 N.Y.

1416 304 136 26 Chautauqua
1570 305 63 23 Lake,
1649 313 49 12 near
1718 306 45 20 that
1773 307 48 25 city,
1831 307 17 19 is

1417 333 34 16 not
1465 331 12 19 d
1488 332 34 18 the
1533 331 61 20 world
1604 338 46 13 over
1661 332 32 19 for
1709 333 26 19 its
1746 334 54 24 largo
1810 340 37 12 asic

1400 356 1 29 '
1416 356 38 19 lie#
1465 358 131 24 mascalonge,
1613 361 115 17 sometimes
1749 360 99 25 weighing

1415 389 21 13 as
1448 384 59 19 much
1515 391 21 12 as
1547 385 26 18 5u
1583 384 83 25 pounds,
1674 386 38 19 and
1723 386 17 19 it
1751 393 39 12 was
1801 386 47 19 with

1415 416 38 12 one
1464 410 21 19 of
1496 410 56 20 these
1562 414 88 16 monster
1660 412 5 9 '
1672 411 61 26 lunge
1742 410 4 27 '
1758 412 46 20 that
1815 413 33 19 Mr

1416 436 98 20 Willman
1526 436 37 19 had
1575 436 29 20 his
1615 438 124 24 experience.
1768 439 48 19 This
1832 439 16 18 is

1400 462 1 28 ■
1417 462 40 20 t'ds
1467 466 56 23 story
1542 470 21 12 as
1573 463 44 19 told
1634 464 25 25 by
1670 471 25 12 an
1709 466 139 24 eye-witness,

1400 489 1 28 :
1415 489 39 19 and
1467 489 81 25 printed
1559 489 19 19 in
1591 490 45 19 that
1645 492 125 24 respectable
1780 498 67 19 paper,

1400 515 1 22 1
1417 515 71 19 Forest
1497 516 40 19 and
1548 516 77 19 Stream
1636 515 3 22 :
1655 517 35 19 Mr
1700 518 98 19 Willman
1809 524 37 13 ana

1400 541 1 29 !
1417 541 33 20 Mr
1469 541 87 25 Wilson,
1566 549 11 13 a
1588 542 66 21 friend
1669 543 22 19 of
1701 544 37 24 his,
1750 547 53 16 went
1821 551 25 19 up

1415 567 34 20 the
1460 567 45 22 lake
1515 571 21 17 to
1547 569 46 19 tiol)
1603 569 32 19 for
1646 570 131 25 mascalonge.
1805 571 42 20 The

1415 595 39 26 day
1465 602 40 13 was
1516 596 45 22 fine,
1572 595 34 19 the
1618 603 63 13 waves
1700 603 51 13 wero
1761 598 87 25 dancing

1400 621 1 25 ;
1415 621 21 19 in
1461 621 34 19 the
1514 621 93 25 noonday
1622 629 36 13 sun
1683 629 21 13 as
1727 624 57 19 these
1807 626 40 17 two

1400 648 1 25 1
1417 648 75 20 friends
1504 648 83 25 stepped
1604 648 44 20 into
1659 649 51 20 their
1721 650 52 19 little
1791 650 47 19 troll-

1416 674 34 25 ing
1470 674 24 19 bo
1509 676 19 17 ts
1538 675 40 19 and
1595 676 63 19 rowed
1674 683 25 13 on
1716 679 20 17 to
1746 677 34 19 the
1795 676 52 20 lake.

1416 701 54 24 They
1490 700 37 19 had
1548 701 60 19 fished
1620 701 32 20 for
1667 709 54 13 some
1738 703 54 24 time,
1808 703 37 18 and

1416 733 50 12 were
1476 734 55 12 some
1538 726 93 22 distance
1641 732 58 21 apart
1706 729 87 24 trolling
1801 736 47 12 over

1415 753 34 18 the
1462 753 64 19 weeds
1543 755 76 18 around
1631 762 11 12 a
1652 755 52 19 little
1714 755 66 19 island
1799 762 48 12 near

1415 778 34 20 t'le
1459 783 70 16 centre
1540 780 20 19 of
1571 780 35 20 the
1616 781 51 19 iako.
1695 781 35 19 Mr
1752 780 94 20 Willman

1416 805 37 19 had
1473 805 30 20 his
1518 807 84 24 trolling
1620 807 40 19 line
1676 806 41 20 tied
1732 809 21 17 to
1765 807 29 19 his
1808 808 38 25 leg.

1414 832 30 19 On
1462 838 11 13 a
1483 833 77 18 sudden
1574 833 23 18 lie
1606 832 38 19 felt
1658 839 12 13 a
1680 833 78 25 mighty
1773 834 42 20 null
1826 837 21 17 at

1414 858 35 19 tie
1458 858 58 19 other
1525 857 39 20 end
1575 858 22 19 of
1606 858 33 19 the
1650 859 46 24 line,
1706 867 21 12 as
1737 859 17 20 if
1773 866 25 14 no
1810 861 36 19 had

1428 884 39 20 ook
1486 885 6 18 1
1516 890 12 13 a
1546 884 53 20 mule
1614 885 44 19 that
1681 886 68 24 palled
1771 889 21 17 at
1812 888 34 19 the

1415 910 71 20 halter.
1515 910 33 20 He
1568 912 54 24 hung
1639 914 21 17 to
1671 915 32 17 tne
1718 916 43 16 seat
1777 913 22 20 of
1813 915 33 18 the

1414 937 48 20 boat
1481 940 21 17 to
1513 936 50 27 keep
1575 938 37 19 him
1628 938 51 20 from
1700 939 59 26 being
1778 940 66 25 pulled

1413 963 117 20 overboard.
1566 964 63 19 After
1648 972 10 12 a
1679 969 47 16 time
1750 966 35 20 the
1809 967 36 19 fish

1413 990 59 20 cased
1491 997 33 19 up,
1535 991 38 19 and
1585 991 35 19 Mr
1635 991 96 21 Willinan
1750 993 63 24 began
1825 997 20 16 to

1415 1016 45 20 haul
1473 1017 20 19 in
1505 1019 46 18 line.
1578 1017 42 20 The
1630 1017 36 20 fi-h
1677 1026 55 12 camo
1748 1019 62 26 along
1819 1021 26 19 all

1413 1043 56 25 right
1492 1043 32 19 till
1547 1044 25 19 he
1592 1051 39 12 saw
1646 1045 35 18 tho
1704 1045 54 24 boat,
1782 1047 62 20 which

1413 1070 80 19 seemed
1513 1072 21 17 to
1549 1070 64 20 excite
1629 1071 78 20 himself
1731 1073 114 24 somewhat,

1412 1096 38 19 and
1471 1096 25 19 ho
1516 1097 98 25 suddenly
1629 1098 57 19 made
1703 1105 27 19 up
1747 1099 29 19 his
1792 1100 53 20 mind

1413 1123 45 18 that
1467 1123 23 18 he
1501 1123 65 20 would
1574 1130 25 19 go
1609 1124 34 19 the
1653 1124 58 20 other
1723 1132 48 19 way,
1782 1126 62 20 which

1415 1149 23 18 ho
1448 1149 33 19 did
1493 1150 54 19 until
1558 1150 24 19 he
1593 1157 53 12 came
1654 1153 9 16 t
1669 1158 5 12 j
1686 1151 34 20 the
1730 1153 39 18 end
1780 1152 22 20 of
1813 1154 32 19 the

1414 1176 45 23 line,
1471 1176 56 19 when
1540 1176 23 19 be
1574 1176 32 19 did
1618 1179 35 17 not
1664 1179 52 23 stop,
1731 1178 38 20 but
1780 1181 63 19 towed

1413 1202 34 19 the
1459 1202 46 19 beat
1516 1203 64 19 round
1591 1204 32 18 for
1634 1211 11 11 a
1661 1204 64 21 while,
1754 1205 32 19 lie
1797 1214 46 13 soon

1411 1228 52 20 tired
1474 1228 23 20 of
1507 1229 47 23 this,
1565 1230 39 18 and
1615 1230 35 19 Mr
1667 1230 99 21 Willman
1777 1233 66 25 pulled

1412 1254 40 20 him
1472 1262 28 18 up
1510 1256 58 24 again
1580 1256 37 19 and
1634 1257 108 20 succeeded
1753 1258 20 19 in
1790 1259 44 21 haul-

1411 1282 34 24 ing
1457 1281 40 20 him
1514 1282 43 19 iLto
1568 1284 34 18 the
1613 1283 52 20 boat.
1692 1284 56 20 Then
1759 1291 11 13 a
1787 1286 58 21 fierce

1411 1308 93 26 struggle
1523 1310 47 18 tooK
1587 1309 62 25 place.
1684 1310 59 19 Some
1766 1312 21 19 of
1811 1314 34 19 the

1412 1335 47 19 time
1477 1334 35 20 Mr
1523 1335 97 20 Willman
1636 1343 40 13 was
1686 1344 25 13 on
1722 1340 42 22 top,
1781 1346 51 14 some-

1411 1360 60 21 times
1481 1362 34 19 tho
1524 1362 44 19 fish.
1598 1362 53 20 Both
1662 1367 35 21 got
1709 1364 86 26 excited,
1806 1367 37 19 and

1411 1391 61 22 upset
1491 1388 33 19 the
1541 1388 53 21 boat.
1622 1390 33 19 He
1665 1390 65 20 towed
1746 1391 97 22 Willman

1411 1421 56 19 away
1477 1414 52 21 from
1539 1415 34 20 tho
1584 1416 52 20 boat.
1665 1416 56 21 Here
1728 1418 35 20 the
1771 1419 60 21 advan-

1411 1443 46 24 tage
1480 1441 33 27 lay
1533 1442 47 20 with
1595 1442 35 21 the
1651 1442 43 21 fish.
1729 1445 33 21 Ho
1784 1453 59 15 swam

1411 1468 65 20 round
1486 1468 39 21 and
1538 1470 65 19 round
1613 1469 30 22 his
1653 1470 59 27 body,
1729 1473 71 20 nassed
1811 1473 22 21 be-

1412 1497 64 18 tween
1497 1495 29 21 his
1538 1496 48 26 legs,
1597 1496 32 21 till
1644 1497 23 20 he
1677 1497 37 21 had
1730 1495 43 24 him
1788 1500 55 21 laccd

1411 1528 26 20 up
1461 1522 40 21 like
1516 1529 10 14 a
1551 1524 53 21 Bhoe.
1639 1524 24 21 I.i
1679 1525 33 20 the
1737 1527 107 21 meantime

1414 1549 100 20 Wellman
1533 1550 38 21 had
1582 1550 61 21 taken
1658 1558 11 13 a
1679 1552 59 22 death
1756 1553 45 28 grip
1817 1562 24 13 on

1410 1582 37 14 one
1466 1577 22 20 of
1499 1576 28 21 his
1544 1584 45 13 oars
1601 1576 45 22 that
1661 1585 39 14 was
1709 1579 86 28 floating
1811 1582 31 26 by.

1411 1602 79 22 Wilson
1502 1610 40 15 saw
1552 1604 35 21 the
1598 1605 91 27 struggle
1700 1606 45 21 that
1759 1614 39 14 was
1809 1615 22 20 go-

1410 1630 34 26 ing
1467 1637 33 19 on,
1520 1632 38 19 and
1574 1633 76 19 started
1671 1634 20 19 to
1711 1633 36 21 the
1766 1642 76 14 rescue.

1400 1657 1 30 !
1412 1657 65 20 When
1490 1659 22 18 he
1528 1658 80 21 arrived
1618 1666 25 13 on
1654 1659 33 20 the
1697 1667 65 20 scene,
1783 1662 48 21 Will-

1410 1691 43 12 inan
1474 1691 40 14 was
1524 1688 36 17 out
1579 1686 20 19 of
1613 1686 59 26 sight.
1702 1688 33 20 He
1754 1696 40 12 saw
1808 1689 34 20 the

1411 1711 71 20 candle
1492 1712 22 19 of
1528 1713 34 19 the
1572 1720 34 12 oar
1625 1720 54 14 come
1692 1722 33 18 up,
1736 1715 63 20 which
1818 1717 23 19 he

1400 1736 1 30 !
1410 1739 85 24 grasped
1519 1739 39 20 and
1578 1740 68 24 pulled
1662 1747 33 19 up,
1715 1742 39 20 and
1777 1743 63 19 found

1400 1765 1 32 j
1412 1765 95 20 Willman
1528 1766 82 26 holding
1621 1769 20 17 to
1653 1767 33 20 the
1702 1769 38 19 end
1751 1769 32 19 for
1798 1769 43 21 life,

1412 1792 34 19 'lis
1465 1799 49 19 eyes
1529 1799 22 12 v,\
1560 1795 67 23 reset,
1642 1794 39 19 and
1700 1802 20 12 as
1731 1795 25 20 he
1775 1796 66 25 pulled

1431 1825 16 12 m
1458 1819 44 19 into
1512 1819 35 20 the
1563 1819 52 24 boat,
1626 1820 30 20 his
1668 1821 49 19 head
1735 1822 35 19 fell
1783 1823 56 23 back,

1434 1846 11 19 d
1455 1847 21 17 to
1483 1846 26 18 all
1521 1852 134 19 appearances
1665 1847 35 20 life
1709 1849 130 19 wasex'inct.

1416 1872 73 21 .Yilson
1500 1875 54 16 Went
1564 1875 21 17 to
1597 1873 56 20 work
1661 1876 20 17 to
1693 1875 58 25 bring
1763 1876 38 18 him
1812 1879 28 20 to,

1409 1899 60 20 which
1482 1898 25 20 he
1513 1899 110 20 succeeded
1633 1900 18 19 in
1664 1901 61 26 doing
1733 1901 19 20 in
1762 1909 11 12 a
1784 1902 57 19 short

1408 1926 52 19 time.
1498 1925 33 20 Ho
1556 1927 99 19 unwound
1676 1927 33 20 the
1725 1928 40 19 lino
1788 1928 51 20 from

1410 1951 112 21 Willman's
1542 1952 50 26 body
1613 1953 38 20 and
1666 1953 47 26 legs,
1736 1955 39 19 and
1791 1955 48 19 then

1406 1979 75 20 turned
1491 1978 32 20 his
1533 1979 102 20 attention
1646 1982 20 17 to
1677 1981 34 19 the
1720 1981 45 25 fish,
1776 1981 63 20 which

1407 2012 38 13 was
1455 2007 38 18 out
1504 2006 47 18 with
1566 2006 63 19 about-
1639 2007 44 19 15ft
1693 2007 21 19 of
1731 2007 46 20 line.
1806 2009 33 19 He

1406 2032 71 19 landed
1489 2032 32 19 tho
1533 2032 41 23 fish,
1594 2032 63 20 which
1668 2040 39 13 was
1719 2034 70 25 nearly
1806 2042 22 12 ex-

1406 2058 85 20 hausted
1504 2058 24 26 by
1538 2058 27 20 its
1574 2059 75 20 efforts
1667 2062 21 17 to
1699 2060 69 20 drown
1780 2061 47 19 Will-

1406 2092 51 17 man,
1465 2085 40 20 and
1517 2085 70 25 regaiu
1594 2085 30 20 his
1635 2086 78 26 liberty.
1744 2087 54 25 Only
1807 2087 32 19 for

1405 2111 33 19 the
1458 2112 68 24 timely
1542 2112 73 19 arrival
1632 2112 22 20 of
1669 2113 86 23 Wilson,
1773 2113 53 21 Will-

1406 2138 63 19 nian'a
1476 2145 58 12 name
1544 2138 63 20 would
1617 2138 50 20 have
1674 2139 50 20 been
1733 2140 104 26 M'Giuty.

1403 2164 42 20 Tho
1465 2165 37 19 fish
1520 2164 88 26 weighed
1623 2166 67 22 38jlb.
1718 2167 41 19 The
1775 2167 63 20 above

1405 2197 43 19 may
1458 2191 47 19 read
1518 2198 10 12 a
1543 2191 53 20 little
1606 2191 57 26 fishy,
1675 2192 36 20 but
1721 2192 40 20 this
1778 2200 60 13 sceuo

1404 2218 87 24 actually
1516 2218 106 25 happened
1646 2225 25 12 on
1703 2219 134 27 Chautauqua

1405 2244 53 20 Lake
1469 2251 25 12 on
1505 2244 117 24 September
1633 2246 31 18 12;
1670 2245 18 24 hj,
1698 2247 58 19 1R94-
1849 2244 1 25 ,

1439 2302 159 21 CHANGING
1613 2301 183 21 AUSTRALIAN

1582 2327 75 21 TIME.

1429 2381 55 20 With
1493 2381 34 20 the
1536 2388 42 13 new
1587 2388 47 18 year
1647 2381 55 26 (says
1711 2381 34 20 the
1754 2381 80 19 Ilo'oart

1401 2408 106 26 Mercury)
1521 2407 127 20 Australasia
1665 2407 55 20 takes
1731 2414 27 18 up
1769 2414 11 13 a
1791 2414 41 13 new

1401 2435 96 19 standard
1521 2434 22 20 of
1563 2435 54 18 time.
1653 2434 42 19 The
1714 2434 50 20 hour
1785 2441 49 13 zone

1401 2463 82 23 syctem,
1495 2461 62 20 which
1568 2460 35 20 has
1615 2460 49 20 been
1674 2460 95 26 adopted,
1780 2461 54 21 gives

1401 2488 57 19 three
1478 2487 107 20 standards
1600 2487 22 19 of
1636 2487 47 19 time
1694 2489 21 17 to
1733 2487 33 18 the
1782 2487 39 19 Aus-

1401 2514 74 20 tralian
1495 2514 94 20 colonies.
1617 2514 52 19 That
1683 2514 33 19 for
1737 2514 96 19 Western

1402 2539 105 21 Ar-stralia
1526 2540 18 20 is
1554 2542 21 18 to
1587 2540 24 19 be
1626 2540 33 19 the
1675 2547 56 12 mean
1749 2540 49 19 time
1813 2540 21 19 of

1401 2568 33 19 the
1445 2568 61 19 120ch
1518 2566 104 24 meridian,
1636 2573 22 12 or
1668 2566 55 26 eight
1741 2566 62 19 hours
1813 2567 20 18 in

1401 2594 87 19 advance
1512 2594 21 19 of
1556 2592 119 21 Greenwich
1687 2592 4 24 ;
1714 2592 33 20 for
1770 2592 64 20 South

1403 2620 104 20 Australia
1517 2620 44 19 that
1578 2619 21 20 of
1610 2619 33 20 the
1655 2619 35 20 135
1690 2619 24 20 th
1731 2619 102 22 meridian,

1401 2654 22 12 or
1434 2647 47 19 r.ine
1492 2646 60 19 hours
1563 2648 44 19 ea«t-
1623 2646 15 19 if
1649 2645 117 20 Greenwich
1777 2645 3 24 ;
1795 2646 38 19 and

1402 2674 32 19 for
1451 2672 115 24 Tasmania,
1589 2672 95 24 Victoria,
1705 2672 50 19 New
1771 2672 63 20 South

1403 2700 69 19 Wales
1491 2700 37 19 and
1551 2698 128 26 Queensland
1695 2698 44 20 that
1758 2698 21 19 of
1801 2698 33 19 the

1403 2726 36 20 150
1439 2726 24 20 th
1485 2726 103 22 meridian,
1599 2732 21 12 or
1637 2726 23 18 10
1678 2724 60 20 hours
1756 2728 43 16 east
1813 2725 22 19 of

1403 2752 125 21 Greenwich.
1557 2753 28 18 At
1597 2752 82 24 present
1697 2751 80 19 Hobart
1786 2752 49 19 time

1403 2780 15 18 is
1438 2780 57 24 given
1511 2780 20 17 at
1546 2778 37 20 9hr
1599 2778 73 19 49'iiiu.
1689 2779 23 18 19
1721 2779 59 23 2sec.,
1795 2778 38 19 and

1404 2806 127 19 Lauuceston
1541 2804 37 20 9hr
1588 2804 74 20 4Smin.
1678 2806 64 18 56sce.
1753 2806 43 18 cast
1813 2804 22 19 of

1404 2832 126 19 Greenwich.
1557 2831 42 20 The
1607 2837 41 13 new
1656 2832 48 18 tune
1713 2830 47 23 will,
1770 2830 54 20 there-

1403 2859 49 23 fore,
1474 2858 57 19 make
1551 2864 23 13 us
1591 2857 113 25 something
1721 2857 45 25 just
1787 2863 48 13 over

1403 2885 72 20 lOuiin.
1491 2885 64 19 faster
1578 2884 49 19 tliau
1643 2890 28 13 we
1692 2890 58 13 were.
1778 2884 43 19 Mel-

1402 2913 76 19 bourne
1496 2911 39 20 will
1551 2911 48 20 have
1610 2913 19 16 to
1644 2917 25 17 go
1684 2911 61 19 ahead
1756 2917 12 13 a
1782 2910 53 20 trifle

1402 2946 47 12 over
1467 2938 82 22 20min.,
1573 2937 57 20 while
1645 2937 98 20 Brisbane
1764 2938 71 24 people

1403 2965 38 19 will
1461 2965 50 19 hare
1526 2967 20 16 to
1563 2966 31 18 tret
1609 2963 51 20 their
1675 2963 68 20 clocks
1761 2964 73 19 ]2min.

1401 2994 70 17 20secs
1482 2991 67 24 lower,
1560 2990 40 20 and
1610 2990 80 26 Sydney
1701 2990 133 26 tinukeepers

1403 3021 59 20 must,
1474 3020 21 16 to
1507 3018 23 19 be
1542 3016 75 25 precise
1627 3016 39 20 and
1683 3016 115 25 particular,
1809 3024 25 18 go

1403 3044 48 20 back
1462 3044 61 19 4min.
1533 3044 26 19 47
1568 3044 63 19 e'2sec.
1641 3043 20 19 in
1672 3043 61 20 order
1752 3046 21 16 to
1784 3043 50 26 keep

1401 3077 90 14 common
1509 3070 50 19 time
1574 3070 46 18 with
1636 3069 52 20 their
1702 3070 130 25 neighbours.

1543 3131 148 19 FAINTING.

1428 3183 21 19 If
1468 3183 18 20 it
1501 3190 50 13 were
1574 3185 37 18 not
1629 3190 11 12 a
1660 3182 75 20 serious
1755 3183 79 23 matter,

1403 3210 86 25 nothing
1499 3209 58 21 could
1569 3209 22 20 btj
1601 3216 53 13 more
1663 3216 30 13 am
1698 3216 58 17 using
1766 3211 22 17 to
1799 3209 35 19 tho
1842 3204 3 31 |

1402 3236 132 24 experienced
1550 3236 103 25 physician
1668 3239 49 16 iuau
1740 3235 35 20 ilio
1789 3242 36 13 eon

1403 3263 48 19 duct
1470 3263 23 19 of
1509 3262 35 19 llie
1559 3269 83 19 average
1656 3262 79 25 layman
1752 3262 56 19 when
1824 3269 9 11 n

1404 3296 70 18 pereon
1488 3295 43 19 may
1541 3288 51 21 have
1599 3288 83 20 fainted.
1711 3288 55 19 Nino
1776 3288 58 19 times

1403 3317 34 18 out
1448 3316 20 19 of
1485 3317 36 18 ten
1531 3315 33 19 the
1574 3316 84 18 anxious
1674 3316 102 24 spectator
1794 3314 38 19 will

1402 3342 52 19 seize
1478 3341 34 20 the
1536 3341 49 19 head
1601 3341 21 19 of
1641 3341 33 19 the
1695 3341 139 23 unfortunate,

1403 3368 77 20 elevate
1499 3369 23 21 it,
1537 3368 38 19 and
1601 3368 46 19 rush
1663 3367 32 19 for
1709 3368 62 19 water
1787 3367 45 19 with

1404 3394 63 20 which
1478 3397 21 16 to
1509 3394 91 25 sprinkle
1610 3394 34 19 the
1656 3393 86 25 patient.
1770 3393 64 20 What

1403 3421 72 19 should
1489 3427 40 12 one
1543 3420 25 19 do
1578 3420 9 19 ?
1616 3420 61 24 Why,
1692 3420 77 19 remain
1789 3426 33 17 per-

1404 3446 62 23 fectly
1477 3446 50 24 cool,
1538 3446 38 19 and
1587 3446 80 19 instead
1677 3446 21 19 of
1715 3446 75 24 raising
1801 3446 33 19 the

1404 3473 48 19 head
1463 3473 21 19 of
1495 3472 34 19 the
1543 3472 84 25 patient,
1638 3472 24 19 do
1671 3472 44 24 just-
1729 3472 35 19 the
1775 3478 47 19 oppo-

1404 3499 125 19 site—lower
1544 3499 15 18 it
1570 3498 39 19 and
1620 3498 76 20 elevrite
1712 3498 34 19 the
1761 3501 42 16 rest
1813 3499 21 18 of

1404 3525 33 20 tho
1448 3525 59 25 body.
1535 3524 103 25 Fainting,
1648 3531 22 13 or
1684 3531 89 18 syncope
1787 3531 21 13 as
1819 3525 15 18 it

1404 3552 16 18 is
1440 3552 62 19 called
1514 3551 19 19 in
1545 3551 82 19 medical
1643 3550 72 25 works,
1731 3551 17 19 is
1759 3557 10 13 a
1785 3553 37 17 tem-

1404 3584 72 19 porary
1495 3578 75 18 failure
1580 3577 22 19 of
1613 3576 33 20 the
1661 3577 56 19 heart
1734 3578 26 23 by
1771 3577 61 19 which

1404 3604 33 19 the
1455 3603 57 22 brajn
1528 3604 16 18 is
1559 3603 93 25 deprived
1668 3603 21 19 of
1712 3604 26 19 its
1752 3603 80 19 arterial

1406 3630 62 20 blood.
1498 3630 26 19 So
1541 3630 25 24 by
1577 3629 95 25 loweiing
1687 3629 34 21 the
1733 3630 48 19 head
1795 3630 39 19 and

1403 3656 102 24 elevating
1523 3655 34 20 the
1571 3658 42 17 rest
1627 3656 22 19 of
1671 3656 34 20 the
1720 3656 60 25 body,
1800 3657 34 19 the

1418 3683 67 19 i'terial
1497 3682 65 23 blood,
1573 3681 26 25 by
1609 3681 34 20 the
1651 3682 56 20 force
1717 3682 21 20 of
1749 3682 84 25 gravity,

1404 3709 16 19 is
1439 3711 45 17 sent
1500 3710 21 18 to
1531 3708 33 19 tb<<?
1575 3708 63 23 brain,
1653 3708 40 20 and
1707 3716 95 19 recovery
1816 3716 17 12 is

1404 3735 73 20 almost
1487 3735 160 19 instantaneous.

1902 120 43 19 MR
1958 120 110 21 WARD'S
2082 120 179 22 MYSTERIOUS

2019 146 123 19 MISSION.

1970 199 153 24 (Wei.lixgtox
2132 199 69 27 Post.)

1893 232 22 19 If
1924 233 16 19 it
1949 233 17 19 is
1981 240 25 12 an
2021 232 149 22 old-fashioned
2181 236 81 19 method
2278 236 21 18 of

1867 259 70 25 trying
1946 261 20 17 to
1976 259 65 19 throw
2050 259 46 19 dust
2104 260 21 19 in
2135 261 34 19 the
2179 268 46 19 eyes
2234 262 21 19 of
2264 261 35 19 tho

1867 285 69 25 public
1958 288 21 16 to
2001 285 129 26 indignantly
2152 288 109 19 contradict
2286 293 13 12 a

1867 313 108 17 statement
1984 309 65 21 which
2057 312 38 19 has
2104 319 62 13 never
2172 313 51 19 been
2232 311 65 20 made.

1867 338 43 18 Tho
1932 337 120 19 Ministerial
2071 344 64 19 organ
2147 339 75 17 resorts
2240 339 22 17 to
2282 338 16 19 it

1866 363 72 25 to-day
1952 362 21 19 in
1982 369 26 13 an
2024 366 85 23 attempt
2118 365 21 17 to
2153 369 59 13 cover
2227 370 28 19 up
2265 364 34 19 Mr

1867 389 82 19 Ward's
1963 389 122 21 Homeward
2103 388 74 19 tracks.
2204 389 22 19 It
2234 396 47 19 says
2292 388 3 27 :

1868 414 4 27 '
1882 415 18 18 A.
1910 415 77 25 specific
2001 417 108 18 statement
2118 415 37 18 has
2165 414 51 20 been
2233 417 62 24 made,

1866 440 31 20 for
1914 447 54 14 some
1982 448 87 20 purpose
2083 447 23 14 or
2123 440 64 24 other,
2202 441 44 20 that
2262 443 34 19 the

1865 467 90 19 Premier
1970 475 42 12 was
2019 468 60 19 much
2089 466 116 21 astonished
2218 470 20 17 to
2248 469 49 19 hear

1865 494 21 18 of
1908 493 34 18 Mr
1959 492 82 21 Ward's
2055 492 99 20 intention
2173 495 20 17 to
2213 495 84 23 proceed

1866 519 67 19 Home
1956 525 24 13 on
2005 520 81 26 private
2108 518 100 20 business.
2244 520 54 19 That

1865 547 108 17 statement
1981 553 30 12 we
2028 546 52 19 have
2090 544 104 26 authority
2203 545 33 19 for
2253 546 33 19 des-

1865 571 79 25 cribing
1951 577 21 12 as
1982 571 113 24 absolutely
2101 570 86 20 without
2194 577 12 13 a
2215 571 82 21 shadow

1865 598 21 19 of
1909 597 132 20 foundation.'
2083 596 33 20 No
2140 596 50 20 such
2219 598 78 25 specific

1865 624 108 18 statement
1990 623 36 20 has
2043 624 53 19 been
2111 624 64 18 made.
2209 623 55 20 Hero
2280 625 17 18 is

1865 656 37 12 our
1921 649 77 25 specific
2008 651 113 21 statement,
2139 649 64 19 which
2219 656 30 13 wo
2267 657 20 12 ro-

1865 676 81 25 peat—!
1956 675 95 26 Pressing
2067 675 148 25 requirements
2231 676 20 19 of
2266 676 31 20 his

1865 701 173 26 privatebusiness
2042 704 159 22 arrangements,
2206 703 91 24 possibly

1865 729 20 17 in
1904 734 55 12 some
1968 734 91 13 measure
2067 727 23 19 in
2104 727 53 19 their
2175 728 85 19 relation
2277 732 20 16 to

1864 753 33 19 his
1905 753 70 25 public
1984 755 92 24 position,
2088 753 113 19 demanded
2218 755 44 18 that
2272 755 25 19 he

1865 779 73 20 should
1956 779 47 19 visit
2021 779 102 26 England.
2159 779 43 20 The
2225 783 73 17 matter

1864 812 41 13 was
1925 807 35 17 not
1968 805 89 26 brought
2072 806 70 18 before
2158 805 35 20 the
2212 806 85 20 Cabinet

1864 832 55 25 prior
1937 834 21 16 to
1967 831 34 19 tho
2019 832 112 19 Christmas
2145 831 112 26 dispersion
2276 834 21 18 of

1865 858 109 19 Ministers.
2002 858 42 20 The
2061 857 96 27 proposal
2172 864 41 14 was
2227 859 60 19 antici-

1864 884 61 26 pated
1944 884 20 19 in
1973 885 75 19 certain
2065 884 96 20 financial
2174 885 75 24 circles,
2260 885 37 19 but

1865 917 40 13 was
1924 912 35 17 not
1968 911 115 19 mentioned
2097 917 50 13 even
2165 913 21 16 to
2196 911 35 19 tho
2249 911 36 20 Pre-

1864 937 56 19 mier.
1948 936 42 19 Tho
2000 937 43 19 first
2057 937 33 19 Mr
2106 937 81 19 Seddon
2196 937 63 20 heard
2276 939 21 18 of

1864 963 34 20 tho
1907 962 95 26 proposal
2012 969 40 14 was
2061 963 34 19 the
2105 963 77 25 reeoipt
2191 964 22 19 of
2227 970 12 13 a
2248 964 40 19 tele-

1864 996 59 19 gram
1932 989 51 18 from
1993 988 33 19 Mr
2035 989 66 20 Ward
2110 990 130 25 announcing
2252 990 45 20 that

1864 1016 24 19 ho
1895 1014 94 26 required
1995 1017 20 17 to
2022 1016 47 18 visit
2077 1016 101 24 England.
2206 1016 91 19 Another

1864 1042 94 19 Minister
1975 1041 38 19 has
2022 1041 90 25 publicly
2126 1042 67 19 stated
2208 1042 45 19 that
2262 1043 35 19 the

1864 1069 42 18 first
1925 1068 26 19 he
1960 1066 59 21 knew
2035 1068 21 19 of
2065 1074 41 19 any
2119 1068 94 26 proposal
2224 1068 21 19 of
2262 1069 35 19 the

1863 1094 50 19 kind
1928 1099 42 14 was
1979 1094 69 24 seoing
2058 1094 16 19 it
2088 1094 118 19 announced
2223 1094 21 19 in
2260 1101 37 13 our

1864 1118 102 21 columns.'
2003 1120 34 19 Mr
2054 1120 81 19 Seddon
2149 1127 47 18 may
2210 1127 23 12 or
2250 1127 47 19 may

1863 1148 35 18 not
1920 1146 52 19 have
1991 1146 49 19 beer
2069 1146 4 20 '
2084 1146 60 19 much
2166 1146 129 20 astonished'

1863 1173 59 19 when
1932 1173 25 18 he
1964 1178 55 13 rccer
2029 1172 64 20 edMr
2100 1172 84 20 Ward's
2191 1172 104 26 telegram.

1863 1199 39 20 We
1912 1199 35 18 did.
1957 1200 35 17 not
2001 1198 40 19 and
2051 1199 25 19 do
2085 1201 36 16 not
2130 1198 61 19 think
2206 1200 16 17 it
2233 1200 63 19 worth

1863 1225 60 20 while
1932 1227 21 17 to
1963 1224 101 26 speculate
2079 1224 112 26 regarding
2199 1225 32 19 his
2246 1226 40 19 feel-

1863 1252 52 25 ings.
1944 1251 39 19 Wo
1992 1251 62 25 again
2070 1253 64 17 assort
2144 1251 45 19 that
2204 1252 35 19 the
2248 1259 36 18 sug-

1863 1278 79 25 gestion
1965 1277 44 19 that
2026 1277 34 19 Mr
2086 1277 66 21 Ward
2175 1277 73 20 should
2270 1285 25 19 go

1864 1304 66 19 Home
1940 1310 26 13 on
1980 1303 69 26 public
2059 1303 92 20 business
2161 1310 41 14 was
2217 1306 35 18 not
2262 1304 22 20 be-

1862 1330 43 19 fore
1916 1329 85 21 Cabinet
2011 1329 69 20 before
2090 1330 35 19 the
2135 1330 111 20 Christmas
2256 1331 30 19 dis-

1862 1357 81 25 persion
1953 1356 21 19 of
1983 1355 109 25 Ministers,
2105 1356 39 20 and
2154 1356 45 20 that
2208 1357 35 19 tho
2252 1357 44 20 first

1862 1383 34 20 the
1914 1382 92 20 Premier
2021 1382 64 20 heard
2099 1383 20 19 of
2128 1382 32 20 his
2174 1383 121 26 colleague's

1862 1409 100 19 intention
1972 1408 20 20 of
1999 1408 84 26 visiting
2092 1409 97 25 England
2199 1415 40 14 was
2249 1409 27 26 by
2284 1416 11 14 a

1862 1435 99 26 telegram
1970 1435 52 19 from
2031 1434 34 20 Mr
2073 1435 71 20 Ward,
2172 1435 33 20 Mr
2215 1435 80 21 Seddon

1862 1461 82 21 himself
1954 1461 73 26 openly
2045 1461 66 21 stated
2128 1461 42 21 this
2180 1461 74 26 during
2264 1463 31 19 his

1862 1487 83 27 holiday
1967 1487 46 26 trip.
2046 1487 33 21 Mr
2099 1487 83 21 Ward's
2199 1488 96 21 intended

1862 1515 46 19 visit
1918 1517 20 18 to
1949 1514 95 27 England
2053 1520 41 15 was
2105 1514 82 21 decided
2204 1521 54 20 upon
2267 1515 28 27 by

1862 1540 32 22 Mr
1901 1539 67 23 Ward
1977 1543 20 17 to
2006 1543 53 18 meet
2068 1541 34 20 the
2110 1541 113 26 exigencies
2233 1543 21 18 of
2263 1542 32 21 bi3

1861 1574 44 14 own
1914 1567 79 28 private
2003 1567 76 21 affairs.
2107 1567 43 20 The
2159 1567 46 21 idea
2221 1569 22 19 of
2252 1569 32 26 giv-

1860 1594 37 27 ing
1905 1595 44 19 him
1959 1600 11 14 a
1989 1594 82 20 mission
2081 1600 26 13 on
2116 1594 70 26 public
2203 1595 91 21 business

1861 1627 40 15 was
1912 1627 26 14 an
1957 1620 147 26 afterthought,
2119 1621 97 20 intended
2226 1624 20 18 to
2264 1628 20 15 xe-

1860 1653 58 15 move
1922 1647 34 20 the
1961 1646 111 27 objections
2077 1647 65 26 urged
2145 1649 20 18 to
2169 1647 34 21 the
2207 1649 87 25 original

1860 1673 100 28 proposal,
1972 1673 38 20 and
2022 1677 20 16 at
2057 1674 34 20 the
2102 1680 54 14 samo
2166 1674 48 20 time
2229 1675 65 21 afford

1860 1707 26 13 an
1896 1706 72 14 excuse
1977 1701 32 18 for
2022 1700 34 20 Mr
2065 1701 66 19 Ward
2146 1701 102 26 retaining
2262 1702 31 20 bia

1860 1730 43 17 seat
1911 1727 22 19 in
1943 1727 34 19 the
1992 1726 96 27 Ministry
2098 1727 41 19 and
2147 1727 110 27 travelling
2273 1732 21 16 at

1859 1754 34 18 the
1911 1753 71 26 public
1996 1760 92 19 expense.
2117 1753 105 21 Ministers
2239 1757 54 18 must

1860 1780 24 19 bo
1890 1786 48 19 very
1945 1779 51 20 hard
2002 1780 83 26 pressed
2094 1782 21 17 to
2125 1780 41 19 find
2174 1787 12 13 a
2193 1781 100 25 plausible

1860 1812 72 14 excuse
1954 1806 59 20 when
2031 1806 48 26 they
2099 1809 85 23 suggest
2203 1807 90 26 through

1859 1834 52 19 their
1933 1840 61 18 organ
2013 1833 47 20 that
2083 1834 35 18 Mr
2139 1834 61 20 Ward
2227 1835 18 19 is
2273 1839 19 16 to

1860 1859 102 27 negotiate
1973 1860 114 26 personally
2102 1860 63 19 about
2183 1861 36 20 the
2237 1861 42 21 Van-

1859 1893 73 13 couver
1951 1889 62 17 steam
2033 1888 85 18 services
2137 1887 40 19 and
2195 1888 34 19 the
2248 1888 43 20 Rjd

1859 1913 50 20 Line
1925 1913 74 20 Pacific
2021 1913 82 20 service.
2132 1914 51 19 Now
2201 1915 89 19 Zetland

1860 1940 33 19 lias
1905 1946 25 13 no
1942 1939 136 26 independent
2098 1941 96 25 standing
2204 1941 20 19 in
2236 1941 56 20 these

1858 1968 91 18 matters.
1965 1966 30 19 Its
2006 1966 89 26 position
2106 1967 15 19 is
2131 1967 48 25 only
2198 1974 11 12 a
2229 1967 61 21 detail

1857 1993 22 19 of
1888 1993 82 25 general
1980 1993 85 25 scheme,
2080 1994 34 19 tho
2124 1993 127 26 negotiation
2269 1995 22 19 of

1858 2019 62 20 which
1932 2019 40 20 will
1984 2020 23 19 be
2017 2020 20 19 in
2048 2020 34 19 tho
2091 2020 64 19 hands
2165 2020 21 19 of
2198 2023 93 24 properly

1857 2046 114 19 accredited
1980 2047 172 25 representatives
2162 2047 22 19 of
2195 2047 32 19 the
2238 2048 39 20 Aus-

1857 2072 95 20 tralasian
1963 2072 87 21 colonies
2057 2073 40 20 and
2113 2073 81 20 Cauada
2205 2073 38 20 and
2257 2074 33 20 the

1857 2101 132 18 contractors.
2017 2100 85 19 London
2112 2100 17 19 is
2140 2101 37 18 not
2189 2100 33 20 the
2234 2101 55 24 place

1857 2125 114 25 wliere'any
1981 2126 126 22 negotiation
2125 2126 99 23 specially
2243 2134 35 13 con
2283 2122 17 28 -1

1856 2152 82 26 cerning
1949 2151 49 20 New
2010 2152 85 20 Zealand
2115 2153 38 18 will
2173 2153 25 18 be

1856 2181 22 18 at
1888 2181 82 23 present
1980 2179 30 24 be,
2019 2179 76 20 carried
2107 2186 30 13 on.
2226 2176 4 28 I
2277 2178 8 13 1

1857 2206 33 19 Mr
1912 2206 62 19 Ward
1992 2206 60 25 going
2071 2206 54 22 linnr-
2141 2198 64 19 about
2228 2200 57 18 tiese

1856 2234 83 19 motors
1950 2232 16 19 is
1978 2235 30 16 utt
2037 2246 5 3 .
2060 2225 117 24 ridiculous,
2206 2224 34 19 H(V
2251 2225 34 19 has

1853 2261 25 11 no
1888 2247 111 32 j'egiViuiaie
2010 2251 68 26 public
2088 2258 71 12 reason
2173 2251 33 19 for
2224 2251 61 26 going

1853 2284 19 15 to
1885 2279 99 26 England,
2005 2278 101 19 whatever
2126 2277 96 20 fictitious
2241 2273 36 24 \iis-

1852 2307 43 19 sion
1907 2312 44 19 may
1963 2305 77 25 utterly
2052 2305 24 19 be
2086 2303 96 21 invented
2193 2303 32 19 for
2245 2304 40 20 liirn

1853 2336 19 16 to
1883 2333 82 20 deceive
1979 2331 34 19 tho
2024 2331 75 25 public.
2126 2330 43 20 The
2180 2331 105 24 absurdity

1852 2360 20 20 of
1877 2359 110 26 supposing
1994 2358 43 19 that
2045 2358 32 18 Mr
2086 2357 62 20 Ward
2156 2358 16 18 is
2178 2358 107 19 entrusted

1852 2387 46 19 with
1904 2393 38 18 any
1949 2385 89 25 complex
2043 2392 22 12 or
2070 2384 215 24 delicatenegotationa

1852 2420 25 12 ou
1891 2413 67 24 public
1975 2411 90 19 business
2079 2411 18 19 is
2118 2410 80 20 further
2217 2410 68 20 shown

1853 2441 25 24 by
1897 2439 35 20 tho
1947 2439 43 18 fact
2006 2437 52 22 that,
2085 2436 108 26 according
2210 2440 21 16 to
2252 2437 33 19 the

1853 2470 126 21 programma
1990 2464 21 19 of
2028 2464 31 19 his
2075 2468 127 15 movements
2222 2463 62 20 which

1853 2494 35 18 has
1899 2493 49 18 hoen
1959 2490 113 27 published,
2084 2491 23 19 he
2119 2490 40 19 will
2167 2490 48 25 only
2237 2489 48 21 have

1852 2521 25 18 25
1885 2519 49 24 days
1945 2519 19 19 in
1974 2517 90 24 London,
2074 2516 105 24 including
2191 2517 33 19 tho
2237 2517 48 24 days

1852 2547 22 19 of
1881 2545 73 21 arrival
1966 2545 37 19 and
2014 2544 115 25 departure.
2159 2543 21 19 If
2189 2543 23 19 lie
2219 2543 66 21 leaves

1854 2573 121 19 Melbourne
1985 2571 26 24 by
2027 2570 33 20 the
2068 2570 70 20 Oruba
2148 2572 50 17 next
2217 2570 67 20 month

1853 2601 25 17 he
1887 2601 75 17 cannot
1969 2597 64 20 arrive
2043 2597 21 19 iu
2076 2597 91 23 London,
2177 2604 48 12 even
2234 2597 17 19 if
2261 2597 24 19 he

1853 2625 76 20 travels
1946 2623 48 20 with
2014 2623 34 20 the
2068 2623 64 25 mails,
2158 2623 52 19 until
2236 2623 49 21 27th

1855 2651 77 24 March,
1944 2651 38 19 aud
1993 2650 17 19 if
2019 2650 24 19 he
2054 2651 16 18 is
2086 2653 20 16 to
2118 2652 71 17 return
2206 2650 25 25 by
2251 2651 34 18 the

1853 2679 39 19 San
1904 2677 109 21 Francisco
2030 2677 45 19 mail
2095 2676 47 19 boat
2158 2676 89 25 ariifing
2264 2677 20 19 iu

1853 2705 33 19 the
1897 2705 71 23 colony
1975 2703 19 19 in
2003 2703 56 25 May,
2070 2703 23 19 he
2104 2705 54 17 must
2165 2702 55 20 leave
2231 2704 41 18 Lon-

1853 2732 39 18 don
1899 2738 26 12 ou
1935 2729 50 20 20th
1997 2729 63 26 April.
2090 2729 33 19 Mr
2133 2729 63 20 Ward
2205 2736 44 18 may
2259 2729 25 19 do
2299 2729 1 26 ,

1853 2758 30 19 his
1890 2764 44 13 own
1945 2755 92 21 business
2048 2757 19 18 in
2087 2755 85 21 London
2189 2756 21 19 iu
2227 2756 58 19 thrre

1854 2784 71 24 weeks,
1938 2783 36 20 but
1984 2782 34 19 the
2030 2782 46 20 time
2086 2782 66 20 would
2163 2785 36 16 not
2218 2782 67 20 suffice

1852 2811 33 19 for
1891 2809 58 21 much
1954 2809 124 25 negotiation
2088 2815 25 13 on
2122 2808 162 26 publicbusiness
2299 2808 1 26 '

1853 2838 21 18 of
1893 2844 11 12 a
1921 2836 91 20 difficult,
2031 2835 92 23 delicate,
2152 2835 41 20 and
2217 2839 66 16 secret

1853 2865 79 18 nature.
1960 2863 21 19 It
1998 2868 15 13 is
2030 2868 11 13 a
2061 2862 41 25 pity
2116 2862 32 19 Mr
2170 2862 62 19 Ward
2244 2863 38 18 and

1856 2891 29 18 uis
1895 2889 111 25 colleagues
2014 2889 40 19 ind
2065 2889 52 19 tools
2125 2891 76 17 cannot
2209 2888 35 20 tell
2252 2889 33 19 the

1853 2917 57 19 truth
1932 2917 62 19 about
2004 2915 40 20 this
2055 2915 81 19 mission
2146 2915 21 20 of
2189 2914 37 25 his,
2236 2921 49 14 eveu

1852 2943 17 20 if
1879 2945 19 17 in
1918 2950 22 12 so
1959 2942 60 25 doing
2036 2942 49 26 they
2104 2941 73 20 should
2192 2942 93 19 sbanie—
2299 2941 1 27 !

1853 2969 127 21 themselves.

1981 3023 19 19 A
2017 3023 139 19 MESSAGE.

1852 3073 38 20 She
1906 3072 73 20 wasn't
2000 3077 25 13 on
2045 3071 35 20 tho
2102 3071 134 26 playground,
2252 3070 33 20 she

1904 3098 73 21 wasn't
1987 3105 25 12 on
2019 3098 35 19 the
2064 3098 59 23 lawn,

1852 3126 41 19 The
1903 3125 52 20 tittle
1966 3131 37 13 one
2013 3131 40 13 was
2069 3124 89 26 missing,
2177 3124 39 19 and
2236 3124 35 20 bed-

1904 3152 50 19 time
1963 3151 78 25 coming
2049 3158 32 17 on,

1853 3180 39 19 Wc
1903 3178 77 19 hunted
1991 3178 19 18 in
2026 3173 34 24 the
2071 3177 81 26 garden,
2163 3184 28 13 we
2211 3177 74 26 peeped

1905 3204 67 20 about
1982 3205 21 18 to
2013 3211 32 12 see

1856 3232 18 13 TP
1885 3231 90 19 pl«4o*}irjfr
1985 3230 39 18 vjp'l
2103 3236 46 13 ros.o
2211 3236 23 13 or
2239 3229 46 20 lilac

1905 3258 35 19 she
1951 3256 64 26 might
2028 3257 29 24 be,

1855 3285 40 19 But
1914 3283 86 26 rething
2010 3290 55 13 came
2085 3283 20 19 iu
2125 3288 76 14 answer
2212 3284 20 18 to
2248 3289 37 13 our

1905 3310 84 20 anxious
1997 3310 38 19 call

1853 3337 58 20 Until
1922 3340 22 16 at
1959 3336 67 25 length
2048 3343 28 12 wo
2095 3336 97 20 hastened
2213 3336 70 20 within

1854 3364 32 19 the
1897 3363 111 24 darkening
2019 3362 48 20 hall.

1855 3390 44 19 And
1905 3390 48 19 then
1963 3396 52 18 upon
2023 3389 36 22 thp
2067 3388 149 21 stillnessthere
2225 3390 60 18 broke

1853 3423 10 11 a
1872 3417 72 25 silvery
1956 3418 46 16 tone
2004 3426 25 3 —

1853 3443 41 19 The
1904 3443 82 23 darling
1996 3441 47 20 mite
2052 3448 38 13 was
2101 3441 97 26 standing
2215 3441 70 20 before

1905 3469 34 19 tin
1948 3468 113 25 telephone,

1855 3495 43 19 And
1911 3495 69 24 softly,
1991 3501 21 12 as
2022 3501 29 12 we
2062 3495 94 22 listened,
2164 3500 55 14 came
2226 3494 49 20 steal-

1904 3521 36 24 ing
1949 3521 57 19 down
2015 3520 34 19 the
2060 3521 59 19 stairs
2128 3520 3 25 :

1853 3546 4 25 '
1867 3547 54 24 ll'lo,
1933 3546 89 20 Central!
2051 3547 51 19 Givo
2113 3554 31 12 me
2154 3547 90 19 Heaven,

1904 3576 21 17 to
1936 3580 34 18 say
1977 3579 31 19 my

2317 120 178 23 ASTRONOMY
2511 120 59 19 AND
2587 121 143 22 RELIGION

2306 171 3 33 j
2343 175 55 20 How
2408 179 25 14 xo
2443 172 87 21 Relate
2541 174 68 21 Tueji.
2638 176 32 20 By
2680 175 37 20 Sik

2437 200 76 19 Edwi>-
2523 201 95 20 AItKOLD.

2344 233 5 10 '
2358 232 42 18 The
2411 231 44 19 best
2469 231 56 26 thing
2533 232 47 20 that
2589 233 59 19 could
2666 233 76 22 happen

2317 257 32 19 £or
2373 257 96 19 mankind
2487 259 64 19 would
2567 259 24 19 be
2614 259 17 19 if
2654 266 11 12 a
2686 257 60 25 greati

2306 285 2 26 i
2316 286 127 17 astronomer
2453 285 35 19 bad
2500 286 47 18 been
2558 285 50 19 born
2619 292 11 12 a
2644 287 46 24 poet
2700 289 23 12 or
2732 289 11 13 a

2306 307 2 28 !
2316 313 57 21 great
2384 313 47 22 poet
2440 311 67 20 should
2520 313 80 18 become
2617 318 24 13 au
2653 315 89 16 astrono-

2306 335 1 29 J
2317 335 53 20 met'.'
2399 337 25 19 Sj
2434 338 31 19 Sir
2473 338 73 19 Edwin
2555 338 78 19 Arnold
2643 336 86 21 declares
2737 335 4 29 ;

2306 363 1 26 !
2316 363 37 19 and
2365 363 26 25 by
2412 364 93 25 blending
2516 365 30 18 his
2558 364 65 24 poetic
2633 364 59 21 fancy
2702 364 39 17 and

2314 391 120 19 astronomic
2444 390 41 20 lose
2496 393 24 17 he
2530 391 47 18 does
2598 389 113 24 something
2721 391 20 16 tu

2314 416 72 25 supply
2396 416 34 19 the
2445 419 54 17 want
2509 417 24 19 he
2550 416 79 20 bewails
2640 426 5 10 :
2660 414 4 27 '
2676 418 19 15 to
2713 414 19 19 in-

2314 441 64 20 dicate
2389 442 41 20 how
2440 450 49 17 new,
2500 443 82 25 superb,
2593 443 38 19 and
2643 440 56 22 noble
2709 447 33 14 are

2315 468 32 19 the
2356 469 101 25 meanings
2466 469 62 20 which
2539 468 33 19 the
2582 471 80 18 ancient
2668 467 62 20 formu-

2315 494 27 18 las
2353 495 64 25 might
2433 496 75 19 receive
2518 496 54 19 from
2582 496 81 19 current
2677 493 58 20 facts.

2342 520 31 20 lie
2382 524 78 23 regrets
2471 523 35 18 the
2516 522 45 19 lack
2572 522 21 19 of
2612 520 129 25 imagination

2314 546 21 19 in
2353 549 135 19 astronomers
2505 548 42 19 who
2566 546 4 26 '
2582 548 95 24 foolishly
2695 553 33 18 say
2739 546 3 26 '

2315 572 43 19 that
2368 577 5 7 '
2384 574 56 20 those
2456 578 53 22 large
2529 577 119 22 mysterious
2664 572 79 26 planets

2316 602 51 17 must
2387 601 23 19 be
2429 601 84 23 lifeless,
2529 601 72 24 failing
2619 603 19 16 to
2654 599 90 26 perceive

2314 625 46 20 that
2378 626 35 20 life
2429 629 84 23 equat33
2527 627 59 20 itself
2604 629 22 17 to
2635 626 27 19 its
2672 625 60 19 condi-

2316 652 58 24 tions,
2384 654 38 19 and
2431 655 43 18 that
2486 655 58 18 there
2553 660 43 19 may
2607 654 24 18 bo
2641 654 102 17 creatures

2316 685 23 12 on
2360 679 34 19 the
2405 687 37 12 sun
2454 680 63 20 which
2532 680 65 19 thrive
2608 685 51 19 upon
2676 678 57 19 incan-

2315 704 81 21 descent
2415 706 117 26 hydrogen;
2548 704 134 26 Moonpeople
2701 704 44 19 who

2316 730 80 21 flourish
2407 732 85 20 without
2500 734 30 18 air
2540 739 22 13 or
2573 734 71 20 water;
2659 730 85 20 Jovians

2316 758 37 19 and
2370 758 126 25 Saturnians,
2512 757 167 22 well-contented
2697 758 47 19 with

2315 790 24 12 an
2349 784 63 20 abode
2423 786 19 18 in
2453 793 11 12 a
2474 788 54 17 state
2538 786 22 19 of
2570 790 75 19 vapour
2657 784 3 25 '
2673 791 32 12 :

2340 810 4 26 '
2356 811 19 19 it
2394 811 16 19 is
2426 812 96 24 probable
2540 813 45 18 that
2599 810 46 25 only
2655 816 10 12 a
2681 810 64 25 slight

2314 837 110 20 exaltation
2443 839 21 18 of
2474 839 35 18 the
2519 844 66 18 power
2598 836 22 20 of
2639 836 34 20 the
2690 836 55 25 optic

2315 870 58 13 nerve
2385 864 63 19 would
2458 868 81 22 present
2550 866 34 17 the
2594 863 76 25 picture
2680 863 21 19 of
2711 863 35 19 tha

2315 893 65 22 starry
2399 890 37 27 sky
2455 896 20 14 to
2487 898 22 13 us
2524 892 20 18 in
2555 897 12 13 a
2585 896 46 18 very
2646 889 99 19 different

2314 920 74 22 aspect.
2405 915 3 27 .
2424 915 3 27 .
2443 915 4 27 .
2463 918 60 19 Since
2533 917 27 19 ail
2568 915 96 26 heavenly
2678 916 67 20 bodies

2314 944 87 19 exercise
2411 950 24 13 an
2446 944 106 23 influence,
2572 941 124 26 gravitatory
2706 943 39 19 and

2314 969 110 25 otherwise,
2435 977 54 19 upon
2501 970 27 20 all
2539 970 58 19 other
2617 968 73 25 bodies,
2701 969 17 19 it
2728 969 17 19 is

2314 997 124 19 conceivable
2448 997 45 19 that
2507 1004 12 12 a
2530 995 47 20 kind
2588 994 21 20 of
2620 1001 63 13 vision
2699 1002 46 18 may

2315 1022 98 21 hereafter
2424 1023 52 19 exist
2492 1025 21 17 to
2523 1021 64 21 which
2603 1021 52 19 their
2667 1023 77 18 mutual

2314 1051 80 18 contact
2405 1050 38 19 and
2453 1049 122 20 interaction
2586 1047 65 19 would
2668 1048 23 20 be
2702 1055 32 18 per-

2314 1077 100 22 ceptible.'

2340 1102 32 20 lie
2383 1103 42 20 still
2436 1110 53 12 more
2507 1103 78 24 regrets
2596 1100 33 20 the
2640 1100 73 20 failure
2723 1101 21 19 of

2316 1128 137 27 philosophers
2472 1129 39 19 and
2527 1127 127 25 theologians
2670 1129 22 17 to
2707 1127 26 19 ad-

2313 1155 44 24 just
2366 1156 53 20 their
2429 1158 86 23 systems
2525 1157 21 17 to
2558 1154 34 19 the
2606 1160 44 14 new
2660 1161 74 18 concep-

2314 1181 51 19 tions
2385 1183 86 25 brought
2492 1183 25 23 by
2542 1183 121 23 astronomy.
2697 1181 38 19 .Pes-

2314 1208 72 20 simism
2396 1211 38 17 and
2445 1208 111 20 anarchism
2565 1207 40 19 aud
2616 1207 128 19 materialism

2313 1234 22 19 of
2344 1235 35 19 lifts
2390 1237 23 18 he
2424 1236 49 20 feels
2483 1237 21 17 to
2514 1234 26 19 be
2556 1233 110 20 ridiculous
2677 1233 21 19 in
2709 1234 35 19 the

2315 1261 48 25 light
2382 1262 21 20 of
2419 1260 4 26 '
2434 1261 35 20 the
2488 1260 73 25 stately
2577 1260 67 19 march
2668 1260 22 19 of
2711 1260 34 20 the

2313 1289 64 18 stars.'
2405 1289 71 24 Surely
2487 1288 48 24 they
2546 1286 45 25 give
2605 1293 22 13 us
2638 1294 12 12 a
2659 1286 87 26 glimpse

2313 1314 22 20 of
2344 1315 80 26 lufimty
2440 1315 39 19 and
2490 1321 11 12 a
2513 1314 45 18 hint
2576 1313 21 19 of
2607 1313 138 26 immortality.

2314 1341 45 20 Two
2382 1348 94 20 passages
2497 1346 33 14 are
2557 1339 53 20 cited
2635 1339 53 21 from
2711 1341 34 19 the

2314 1367 85 26 Gospels
2410 1378 32 10 :

2339 1393 3 25 '
2355 1395 45 21 One
2412 1396 16 20 is
2440 1395 64 21 where
2515 1393 34 21 the
2559 1395 58 23 great
2627 1393 88 20 Teacher
2725 1395 21 19 of

2313 1421 108 26 Nazareth,
2444 1421 86 28 perhaps
2546 1419 48 21 with
2614 1420 40 20 His
2678 1419 65 21 divine

2313 1455 44 18 eyes
2368 1449 51 20 fixed
2437 1452 22 18 at
2468 1448 34 20 the
2513 1447 48 21 time
2571 1452 55 20 upon
2644 1447 34 20 the
2688 1447 44 20 shin-

2313 1474 33 27 ing
2357 1475 118 25 firmament,
2486 1475 42 20 said
2540 1473 108 27 pityingly,
2661 1473 4 28 '
2675 1474 25 20 In
2711 1480 30 21 my

2313 1501 83 21 father's
2406 1503 61 20 house
2477 1509 34 13 are
2527 1506 59 21 many
2596 1501 100 19 mansions
2706 1501 4 26 ;
2724 1502 17 19 if

2312 1529 16 19 it
2338 1536 50 14 were
2399 1534 35 16 not
2445 1537 20 13 so
2476 1530 12 20 I
2500 1529 65 21 would
2577 1528 49 19 have
2637 1527 40 21 told
2688 1528 51 26 you.'

2313 1556 44 22 And
2377 1557 34 20 the
2434 1557 59 20 other
2507 1561 85 22 passage
2610 1553 17 21 is
2641 1562 13 12 a
2673 1556 66 27 saying

2313 1583 48 21 from
2372 1584 34 20 the
2417 1590 53 14 same
2480 1583 72 21 tender
2561 1582 40 20 and
2620 1581 46 27 holy
2676 1583 61 26 hps—

2313 1609 3 28 '
2327 1609 39 21 Tho
2386 1611 102 26 Kingdom
2511 1611 22 19 of
2556 1609 83 21 Heaven
2662 1609 16 21 is
2691 1609 48 27 nigh

2312 1640 49 18 unto
2384 1644 45 19 you,
2450 1644 43 21 yea,
2509 1643 51 15 even
2582 1638 21 18 at
2620 1641 49 20 your
2690 1642 49 21 very

2311 1665 68 25 gates.'
2415 1665 101 26 Probably
2536 1664 57 20 these
2607 1665 38 17 last
2667 1665 70 23 words,

2312 1694 21 17 at
2342 1698 47 14 once
2404 1699 22 13 so
2436 1692 71 26 simple
2527 1691 38 20 and
2576 1698 21 12 so
2615 1690 123 25 mysterious,

2312 1719 98 20 condense
2429 1725 11 14 a
2456 1719 116 26 prodigious
2587 1717 86 26 physical
2690 1717 48 20 fact.

2312 1745 21 19 It
2351 1752 43 19 may
2415 1746 44 20 well
2471 1746 22 19 be
2513 1745 47 20 that
2569 1745 33 19 the
2620 1746 46 17 next
2681 1748 58 21 great

2311 1774 64 18 secret
2385 1772 22 20 of
2423 1772 104 20 existence
2537 1771 16 20 is
2563 1771 70 20 hidden
2652 1771 52 20 from
2714 1778 25 13 us

2312 1799 24 24 by
2354 1806 12 12 a
2376 1799 39 20 veil
2426 1806 20 12 so
2460 1799 44 19 thin
2520 1798 47 20 that
2575 1799 26 19 its
2619 1803 47 20 very
2685 1799 44 18 thin-

2311 1832 44 12 ness
2367 1826 67 20 makes
2445 1827 17 17 it
2469 1825 148 25 impenetrable.
2645 1825 19 19 A
2672 1824 67 23 touch,

2311 1858 11 12 a
2340 1854 54 22 turn,
2412 1859 11 13 a
2433 1852 83 25 change,
2530 1859 23 12 as
2567 1851 59 25 slight
2645 1858 21 12 as
2681 1851 58 20 when

2311 1880 5 11 f
2317 1878 26 20 .he
2354 1879 51 24 light
2422 1879 72 25 pebble
2504 1878 56 25 lying
2573 1885 25 13 on
2609 1878 33 19 the
2656 1877 44 19 thin
2710 1877 31 19 ice

2311 1904 48 20 feels
2379 1905 17 19 it
2407 1905 48 19 melt
2466 1905 39 19 and
2516 1905 45 19 fells
2576 1908 20 16 to
2607 1905 34 19 the
2656 1905 84 22 bottom,

2311 1938 42 18 may
2365 1931 23 20 be
2399 1932 26 19 all
2436 1931 45 20 that
2490 1931 17 20 is
2514 1938 103 18 necessary
2627 1932 21 18 to
2659 1930 35 20 lift
2704 1931 34 18 tho

2309 1958 79 19 curtain
2399 1958 21 20 of
2436 1957 86 21 another
2532 1958 36 19 and
2581 1957 78 26 utterly
2674 1959 56 17 trans-

2309 1984 78 20 formed
2412 1985 94 19 universe
2528 1984 63 20 which
2610 1984 16 20 is
2650 1986 35 23 yet
2705 1985 37 18 not

2309 2011 61 25 really
2394 2011 86 19 another
2490 2011 4 25 ;
2517 2011 36 19 but
2568 2011 40 19 this
2627 2017 54 13 same
2704 2017 38 13 one

2309 2037 43 19 that
2363 2044 29 13 we
2402 2044 32 13 see
2453 2037 127 26 imperfectly
2591 2037 47 19 with
2659 2039 83 23 present

2308 2070 52 19 eyes,
2372 2065 39 18 and
2424 2064 57 19 think
2500 2063 79 26 timidly
2590 2063 48 20 with
2658 2066 85 23 present

2308 2087 110 29 thoughts.'

2334 2119 32 17 Sir
2386 2117 71 19 Edwin
2486 2117 5 3 '
2594 2115 35 17 tho
2648 2120 35 15 \yv
2744 2115 2 21 I

2307 2143 5 4 *
2462 2138 97 12 «H.ivn.t;inn
2571 2134 4 18 '
2591 2138 15 11 la
2628 2134 105 18 '.m.rrnwr.(l
2743 2134 3 18 I

2306 2148 2 18 I
2329 2148 9 5 w
2340 2148 35 18 up-
2420 2148 4 18 -
2430 2150 7 2 -
2610 2148 4 18 .
2743 2148 3 18 ■

2306 2166 53 13 a,.;u
2370 2161 22 18 to
2402 2159 152 21 old-fashioned
2573 2159 80 21 notions
2662 2160 23 20 of
2700 2160 35 20 the

2306 2186 58 20 world
2376 2195 32 11 :

2330 2214 5 9 '
2345 2213 42 19 The
2405 2213 46 20 idea
2460 2213 21 19 of
2495 2212 126 25 redemption
2638 2213 28 26 by
2685 2213 50 24 love,

2306 2239 31 19 For
2355 2240 98 25 example,
2469 2239 62 19 which
2547 2239 35 19 has
2602 2246 11 12 a
2635 2240 100 20 thousand

2306 2266 135 20 illustrations
2451 2273 48 13 even
2519 2266 20 19 in
2551 2265 33 21 tho
2594 2266 54 20 little
2664 2267 71 24 sphere

2306 2293 19 19 sf
2335 2292 73 20 human
2419 2293 124 24 experience,
2555 2293 66 19 would
2638 2293 97 26 probably

2306 2319 45 25 only
2361 2319 68 19 derive
2446 2321 80 23 greater
2536 2319 39 19 and
2585 2321 79 24 greater
2681 2326 41 19 mag-

2306 2345 94 20 nificence
2410 2346 22 18 of
2440 2345 160 20 demonstration
2610 2345 17 20 if
2636 2353 29 13 we
2674 2347 59 19 could

2306 2378 29 14 ■see
2345 2372 39 19 and
2394 2372 59 19 know
2464 2373 26 19 its
2501 2372 104 25 operation
2616 2372 20 19 iu
2650 2374 85 23 systems

2306 2398 106 25 developed
2422 2398 78 25 beyond
2511 2405 38 13 our
2561 2405 42 13 own
2615 2407 5 16 ;
2634 2399 38 19 and
2683 2400 52 18 amid

2306 2425 43 19 that
2367 2425 103 24 immense,
2480 2425 40 19 and
2534 2425 67 25 to-day
2621 2425 103 20 inconceiv-

2306 2451 47 23 ib!o,
2365 2451 66 20 march
2443 2451 21 19 of
2474 2451 109 24 evolution,
2602 2451 22 19 of
2634 2451 62 20 which
2707 2460 28 12 we

2306 2477 44 25 anly
2360 2480 35 22 get
2405 2478 90 19 shadows
2506 2478 51 20 here.
2586 2478 41 19 But
2646 2478 16 20 is
2671 2478 18 20 it
2700 2482 35 16 not

2306 2504 78 20 avident
2408 2504 45 20 thai
2473 2512 28 12 wo
2521 2506 54 18 must
2599 2504 58 20 think
2681 2512 55 13 more

2306 2531 73 25 largely
2389 2531 50 20 than
2455 2533 21 17 to
2494 2531 85 25 imagine
2594 2532 107 20 ourselves,
2712 2539 22 12 or

2306 2560 17 16 to
2335 2557 26 19 let
2380 2557 58 20 thoso
2449 2557 64 19 whom
2528 2564 29 13 we
2568 2557 56 20 teach
2643 2557 92 27 imagine,

2306 2583 42 20 that
2358 2583 36 20 tho
2404 2584 41 20 Son
2455 2584 22 19 of
2488 2583 45 20 God
2544 2591 39 13 was
2603 2590 49 14 once
2662 2585 73 20 absent

2306 2611 49 18 from
2368 2610 48 20 such
2427 2618 25 12 an
2463 2610 93 20 universe
2566 2617 20 14 as
2598 2618 28 12 we
2636 2617 44 13 now
2692 2618 30 17 per-

2326 2637 110 19 ive—from
2447 2637 34 20 the
2491 2637 92 22 splendid
2594 2638 140 23 spaciousness

2306 2663 19 19 sf
2344 2663 38 19 His
2394 2663 113 20 dominions
2525 2663 22 19 of
2558 2663 50 26 light
2618 2665 39 19 and
2672 2665 62 19 life—

2306 2689 69 25 wholly
2397 2690 113 20 abstracted
2530 2690 21 19 in
2572 2691 33 19 the
2629 2698 45 12 care
2694 2692 38 18 and

2306 2716 69 24 charge
2395 2716 20 20 of
2430 2716 4 24 '
2446 2716 39 20 this
2496 2716 53 20 little
2564 2718 18 22 0,
2598 2717 35 19 tho
2648 2718 58 20 earth
2717 2717 17 21 ?'

2306 2743 38 19 The
2353 2743 45 19 love
2414 2743 22 19 of
2446 2743 51 19 God.
2510 2743 121 20 manifested
2647 2744 19 20 in
2679 2744 54 25 Him,

2306 2776 36 12 tva3
2351 2769 104 20 doubtless
2464 2772 84 23 present
2556 2770 48 19 with
2612 2777 29 17 us,
2653 2778 21 12 a3
2688 2771 45 19 .vith

2306 2796 22 19 ill
2340 2795 33 20 the
2393 2802 75 14 ccsrncs
2480 2795 4 25 ;
2499 2795 38 21 but
2547 2798 21 17 to
2579 2796 59 20 think
2655 2797 66 20 becom-

2306 2822 51 26 ingly
2368 2823 38 18 and
2419 2822 172 26 proportionately
2602 2825 21 17 to
2634 2823 59 25 facts,
2704 2831 30 13 wo

2306 2852 49 16 must
2375 2849 103 25 recognise
2488 2849 44 19 that
2546 2849 17 19 it
2577 2856 40 12 was
2636 2850 41 19 also
2694 2852 38 18 and

2306 2874 164 27 simultaneously
2481 2877 80 23 present
2570 2875 19 20 in
2600 2882 59 19 every
2669 2877 64 20 abode

2306 2901 19 20 af
2335 2902 105 25 planetary
2457 2902 38 20 and
2513 2902 69 20 steliar
2584 2903 113 25 —perhaps
2712 2903 22 20 of

2306 2928 81 24 galactic
2412 2929 39 19 and
2480 2929 193 25 nebular--society.
2689 2928 4 26 .
2708 2945 5 5 .
2728 2928 4 26 .

2306 2954 36 22 We
2366 2955 47 20 have
2433 2955 95 25 enlarged
2549 2956 127 24 onormously
2695 2963 37 13 our

2306 2982 125 25 conceptions
2451 2982 22 19 of
2483 2982 33 19 the
2531 2982 98 22 universe,
2650 2982 38 20 but
2697 2990 24 17 ap-

2306 3008 90 26 parently
2406 3007 104 27 forgotten
2521 3011 20 17 to
2553 3008 88 27 magnify
2652 3016 37 13 our
2699 3009 22 20 be-

2306 3034 57 20 liefs.'

2330 3061 24 20 In
2365 3060 35 21 the
2419 3060 130 28 Fortnightly
2560 3061 85 25 Review,
2656 3062 32 20 Sir
2706 3063 25 19 R.

2306 3087 49 25 Ball,
2366 3088 81 26 writing
2457 3095 26 12 on
2493 3088 34 19 tho
2537 3095 53 12 samo
2601 3088 84 26 subject,
2697 3089 34 20 has

2306 3121 8 12 i
2332 3114 55 19 short
2398 3114 141 21 astronomical
2554 3121 61 19 paper
2633 3116 20 19 in
2667 3116 65 19 which

2306 3140 21 20 he
2338 3141 98 20 discusses
2450 3143 34 18 the
2495 3140 114 26 possibility
2627 3142 22 19 of
2659 3142 36 19 life
2706 3149 25 13 on

2306 3167 54 20 stber
2372 3168 85 24 plansts,
2467 3168 38 19 and
2516 3168 34 19 the
2564 3170 71 17 nature
2652 3168 21 19 of
2688 3168 45 20 that

2306 3194 38 19 life.
2373 3194 39 20 His
2434 3194 126 21 conclusions
2579 3201 35 12 are
2629 3194 47 21 thus
2700 3203 23 12 ex

2306 3222 79 23 pressed

2330 3243 4 29 '
2342 3248 31 18 ISo
2383 3248 117 19 reasonable
2509 3254 71 18 person
2589 3248 45 23 will,
2645 3248 11 19 I
2665 3249 66 23 thiuk,
2740 3243 2 29 i

2306 3273 60 20 doubt
2384 3272 44 21 that
2445 3274 35 19 the
2493 3273 99 26 tendency
2611 3274 22 19 of
2650 3274 80 20 modern

2306 3299 87 20 research
2413 3300 35 20 has
2468 3300 48 20 been
2533 3300 21 19 in
2569 3300 71 19 favour
2659 3301 22 19 of
2699 3301 33 20 tha

2306 3326 125 25 supposition
2443 3327 44 19 that
2497 3326 58 21 there
2570 3333 43 19 may
2624 3327 24 19 be
2659 3327 36 20 life
2705 3334 25 12 on

2306 3359 49 12 sorno
2374 3352 22 19 of
2414 3352 34 21 the
2465 3353 57 19 other
2536 3352 75 25 globes.
2640 3353 40 20 But
2697 3353 33 20 the

2308 3378 98 21 :harncter
2415 3379 22 19 of
2450 3380 48 19 each
2518 3379 99 25 organism
2631 3379 35 20 has
2676 3382 21 17 to
2707 3380 25 19 be

2306 3405 54 19 fitted
2380 3411 21 13 so
2416 3406 80 25 exactly
2506 3407 22 18 to
2544 3406 26 18 its
2584 3406 146 23 environment,

2306 3432 41 19 :hat
2364 3431 17 20 it
2395 3438 62 13 seems
2476 3432 21 19 in
2511 3432 34 19 the
2562 3431 79 26 highest
2659 3433 73 24 degree

2306 3457 87 26 mlikely
2411 3457 45 20 that
2466 3465 38 18 any
2514 3458 100 25 organism
2625 3465 29 12 we
2673 3459 57 19 know

2306 3491 43 12 nere
2366 3483 60 20 could
2447 3484 39 22 live
2500 3491 25 14 on
2544 3491 39 18 any
2601 3484 59 19 other
2673 3485 58 25 globe

2306 3510 110 20 daewhere.
2453 3510 40 21 \Ye
2516 3512 75 18 cannot
2614 3511 116 26 conjecture

2306 3537 48 19 ,vhat
2377 3537 35 19 the
2431 3538 98 25 organism
2545 3539 54 17 must
2622 3537 24 20 be
2667 3538 63 20 which

2306 3563 61 19 vould
2387 3563 24 19 be
2420 3563 87 26 adapted
2521 3563 33 21 for
2572 3570 11 12 a
2593 3564 102 20 residence
2710 3571 20 13 in

2306 3590 64 19 Tenus
2380 3596 23 12 or
2422 3589 65 26 Mars,
2497 3597 38 13 nor-
2553 3590 45 20 does
2610 3596 39 19 any
2659 3590 40 20 linn
2709 3591 22 19 of

2306 3615 85 21 'eseat'ch
2402 3618 21 17 at
2441 3618 80 22 present
2531 3616 72 20 known
2614 3618 20 18 to
2650 3624 24 13 us:
2684 3617 46 20 hold

2306 3644 30 18 >ut
2346 3642 33 20 the
2394 3641 52 26 hope
2455 3642 23 20 of
2496 3650 53 14 more
2560 3642 82 21 definite
2660 3643 56 21 know-

2307 3669 55 26 edge.

2774 122 35 18 AN
2824 120 137 20 AMAZING
2983 118 114 19 RECORD.

2762 180 136 16 SUCCESSFUL
2909 178 79 14 CBniES
3004 177 26 14 OF
3041 174 75 16 THBEE

2893 205 91 15 BOGI/ES.
3187 199 2 21 '

2758 229 41 19 New
2810 227 64 25 York,
2894 225 111 21 December
3019 224 67 19 B.—A
3100 220 58 21 ca'hio

2758 255 40 19 jcul
2809 257 22 17 to
2841 254 34 19 the
2886 254 40 18 Sua
2937 252 52 19 from
3001 250 87 19 London
3099 254 45 17 says
3153 248 4 34 :
3189 248 2 34 j

2758 281 62 20 Frank
2828 279 80 26 Taylor,
2919 284 38 13 one
2966 278 22 18 of
2997 277 34 18 the
3049 272 111 29 principals

2758 314 10 13 a
2776 307 76 24 bloody
2869 305 47 20 duel
2934 304 51 20 with.
2998 302 97 19 cutlass&3
3113 305 48 14 over
3191 297 2 34 |

2758 326 1 33 t
2770 333 94 26 proceeds
2873 332 22 19 of
2904 337 13 13 a
2930 330 88 24 robbery
3037 329 22 18 in
3068 326 91 22 London,

2758 350 3 34 i
2767 362 55 22 story
2828 358 22 20 of
2860 357 65 20 which
2932 362 41 13 was
2987 354 72 20 cabled
3069 359 12 13 a
3090 351 73 21 month

2758 386 42 26 p,is
2816 384 64 25 really
2895 382 71 21 Frank
2974 381 75 23 Tarbo,
3066 377 97 25 formerly

2758 407 7 26 'ie
2775 412 21 19 of
2805 412 35 18 tlie
2854 409 78 20 leaders
2942 408 21 19 of
2972 408 35 19 the
3017 407 80 19 famous
3106 410 57 19 gang

2758 438 52 19 New
2816 436 65 21 York,
2909 432 173 28 Superintendent
3094 431 69 24 Byrne

2758 464 10 24 |
2776 463 95 27 supplied
2879 462 36 19 the
2924 460 86 19 London
3019 459 64 25 police
3093 457 50 20 with
3152 462 13 12 a

2802 489 69 20 record
2903 487 21 20 of
2946 485 85 21 Tarbo's
3054 490 67 14 career
3144 483 22 18 in
3198 483 3 33 j

2759 513 77 26 ierica.;
2852 514 41 19 also
2912 513 51 19 with
2975 511 47 20 that
3030 511 22 18 of
3066 517 12 12 a
3088 514 79 15 woman
3199 506 2 33 J

2759 543 47 19 Iswn
2820 542 49 19 here
2878 547 22 12 as
2918 539 33 19 his
2968 537 53 23 wife,
3038 536 40 19 and
3088 536 45 18 that
3146 534 22 19 of

2759 558 67 29 lliam
2848 565 130 23 Woodward,
3008 562 85 20 Tarbo's
3116 567 42 13 corn-

2761 598 53 21 jion,
2835 593 46 20 who
2898 593 18 18 is
2935 591 49 19 hero
3000 589 42 19 also
3059 588 65 19 under
3139 587 20 18 in-

2761 610 75 29 (iLiont.
2865 619 54 19 Both
2941 623 46 13 men
3011 614 86 26 escaped
3116 613 54 19 their

2762 636 25 29 bT
2792 646 56 19 bond
2865 645 69 19 before
2956 643 36 19 the
3015 647 45 13 case
3081 646 55 13 came
3150 641 21 16 to

2762 670 69 22 tiilast
2850 670 61 23 week,
2928 669 40 19 and
2982 674 44 13 now
3045 673 38 13 one
3097 666 21 19 of
3136 665 35 19 the

2762 688 27 38 m|
2806 697 95 24 amazing
2919 695 80 19 records
3022 693 21 19 of
3062 690 111 22 successful

2762 728 35 16 crio
2808 730 46 14 ever
2863 721 96 21 collected
2968 721 37 19 has
3012 720 52 19 been
3073 716 100 28 propared

2763 753 56 23 agtast
2832 751 62 18 them.

2786 776 22 20 to
2817 776 57 20 three
2889 773 80 21 arrived
2986 773 22 19 in
3026 771 85 21 London
3120 770 53 19 from

2762 802 92 20 NdYork
2857 801 48 19 nine
2911 800 82 20 months
2999 805 39 19 ago
3045 798 41 19 and
3094 795 59 22 hir«d
3163 802 12 12 a

2763 829 36 19 larii
2817 827 108 21 furnished
2946 826 64 19 house
3027 825 20 18 in
3071 822 104 25 Stanhope

2763 845 76 38 Gajens,
2850 854 35 19 the
2903 851 128 21 fashionable
3046 850 131 24 Kensington

2763 878 68 28 quier,
2862 878 124 21 Woodward
3014 876 105 24 assuming
3142 874 35 19 the

2763 897 40 30 utvit
2825 907 20 19 of
2868 904 71 21 Lionel
2957 903 117 25 Musgrave.
3102 900 73 23 Tarbo,

2763 923 45 29 uaii
2816 933 36 20 the
2870 937 58 14 name
2947 930 21 19 of
2982 929 81 25 Taylor,
3082 927 63 26 posed
3155 932 22 13 as

2764 950 128 33 hislcretary.
2919 957 58 24 They
2993 954 54 20 lir«d
3057 954 40 19 and
3112 955 55 17 enter-

2763 977 50 30 tain!
2832 991 25 14 on
2867 984 35 19 the
2920 985 53 17 most
2982 980 67 21 lavish
3067 979 58 24 scale,
3137 978 42 20 and

2763 1011 59 20 iiadia
2828 1010 119 20 abundance
2956 1008 22 19 of
2988 1008 75 22 horses,
3070 1005 101 25 carriages-
3207 1022 8 14 f

2763 1040 81 22 servmts,
2860 1037 70 24 livery,
2954 1034 73 20 dinner
3044 1032 82 27 partios,
3142 1033 37 17 etc.

2763 1060 64 23 Aftia
2836 1064 40 19 few
2893 1061 67 20 weeks
2972 1060 76 20 certain
3066 1059 41 18 late
3116 1057 65 19 revels
3212 1056 5 18 i

2764 1080 97 29 ainlTther
2879 1088 69 25 things
2967 1085 86 21 aroused
3069 1085 35 19 the
3117 1083 64 26 police

2763 1114 103 28 suspkons.
2893 1113 88 24 Finally,
3006 1113 58 19 when
3081 1117 12 12 a
3109 1109 63 26 polite-

2763 1133 92 29 mauTvas
2872 1140 84 27 passing
2975 1139 35 19 the
3025 1138 63 18 house
3104 1138 21 17 at
3142 1138 40 16 tvro

2763 1168 64 20 o'clofl
2834 1174 38 13 one
2881 1166 100 24 morning,
2991 1164 34 20 the
3031 1163 50 20 door
3084 1161 100 25 suddenly

2763 1194 43 21 flew
2813 1186 42 29 Sion
2865 1193 40 20 and
2915 1199 12 12 a
2932 1197 71 20 young
3008 1196 49 13 man
3065 1189 21 19 in
3097 1188 87 24 evening

2764 1221 93 19 dresshas
2872 1219 80 19 thrown
2970 1216 97 24 violently
3081 1215 59 19 down
3149 1214 35 19 the

2763 1237 115 34 stor.cfsteps.
2906 1245 34 19 Ho
2958 1244 34 24 lay
3008 1250 25 12 011
3043 1242 35 19 the
3088 1240 97 21 sidewalk

2764 1273 114 20 badlwkurt.

2787 1300 42 20 The
2834 1298 108 27 policeman
2960 1295 49 20 took
3019 1295 34 20 the
3060 1299 70 21 young
3138 1298 49 14 man

2763 1326 42 19 who
2823 1331 35 15 vas
2874 1321 141 26 considerably
3032 1321 35 19 the
3082 1326 63 14 worse
3154 1319 33 19 for

2761 1352 70 26 liquor,
2838 1353 19 18 to
2868 1357 11 13 a
2898 1349 100 25 watering
3006 1347 76 25 trough
3092 1352 48 13 near
3150 1345 34 25 by,

2761 1379 38 19 and
2808 1377 70 26 helped
2890 1376 43 20 him
2949 1377 21 18 to
2979 1374 56 21 wash
3045 1374 28 19 off
3083 1372 35 20 the
3127 1371 62 20 blood

2761 1405 38 19 and
2808 1403 50 24 mud,
2871 1402 40 20 and
2919 1401 50 21 then
2984 1400 77 21 carried
3069 1398 44 21 him
3122 1400 22 18 to
3153 1398 35 19 the

2759 1431 63 26 police
2832 1429 76 21 station.
2936 1428 34 19 He
2989 1426 76 27 proved
3083 1427 21 18 to
3113 1424 26 20 be
3154 1424 35 20 the

2758 1463 89 20 younger
2865 1462 35 13 son
2910 1454 21 21 of
2947 1459 38 16 one
2995 1454 21 19 of
3032 1452 35 21 the
3076 1450 114 21 wealthiest

2758 1483 86 26 English
2852 1482 69 20 dukes.
2949 1480 43 21 The
2998 1485 70 21 young
3074 1485 47 14 man
3131 1476 59 21 made

2758 1510 34 20 tho
2802 1508 121 26 astounding
2933 1508 108 19 statement
3050 1506 46 19 that
3113 1504 26 20 he
3149 1503 42 22 had

2758 1537 52 21 been
2826 1535 95 21 swindled
2932 1535 20 19 at
2968 1532 58 21 carda
3040 1532 28 26 by
3084 1531 33 20 Mr
3133 1530 57 21 Mua«

2758 1569 62 20 grave
2831 1562 40 21 and
2888 1561 32 20 his
2935 1562 100 22 secretary
3052 1561 20 18 to
3082 1557 35 21 the
3133 1563 45 15 enor-

2758 1596 57 13 mous
2825 1590 82 19 amount
2917 1586 21 21 of
2948 1586 90 25 £60,000
3045 1585 22 20 in
3076 1590 38 14 one
3126 1582 63 23 woeki

2758 1615 41 21 The
2816 1614 64 28 police
2897 1613 83 21 became
2999 1610 108 23 convinced
3125 1610 22 20 of
3156 1610 32 21 the

2758 1642 56 20 truth
2833 1642 21 19 of
2867 1640 33 20 his
2916 1641 113 22 statement,
3045 1637 40 20 and
3100 1636 88 26 strongly

2758 1668 64 26 urged
2838 1667 34 20 the
2881 1673 68 19 young
2966 1671 48 14 man
3024 1664 40 20 and
3073 1664 33 19 his
3123 1664 66 19 father

2758 1697 20 18 to
2800 1697 111 23 prosecute.
2951 1692 42 19 The
3014 1690 72 26 family
3109 1690 81 20 decided

2758 1724 19 18 to
2787 1721 42 19 lose
2839 1720 35 19 the
2891 1725 73 19 money
2973 1717 70 21 rather
3057 1718 50 19 than
3116 1718 21 19 to
3146 1716 45 20 face

2758 1747 106 27 publicity.

2784 1774 43 19 The
2845 1770 170 27 neighbourhood
3027 1777 41 14 was
3074 1776 49 14 soon
3132 1770 59 19 made

2758 1803 33 17 too
2803 1805 61 14 warm
2881 1798 32 19 for
2926 1798 35 19 tho
2980 1803 56 20 gang
3045 1797 41 19 and
3100 1796 48 26 they
3158 1796 21 20 de-

2758 1825 89 26 camped,
2859 1825 82 24 leaving
2947 1824 58 25 large
3019 1823 58 20 debts
3096 1823 67 26 owing
3172 1826 17 17 to

2758 1852 116 20 tradesmen
2895 1851 40 19 and
2958 1850 74 20 others.
3066 1850 42 19 Tbo
3130 1850 60 25 polico
3212 1850 2 25 1

2759 1878 98 26 inquiries
2874 1877 80 20 showed
2968 1877 45 19 that
3036 1875 35 21 the
3088 1878 40 18 two
3147 1883 40 13 men
3213 1871 3 33 |

2759 1911 46 14 won
2813 1904 53 19 from
2876 1903 85 20 another
2971 1903 129 20 well-known
3117 1903 60 25 gentle-

2759 1938 48 12 man
2817 1932 70 19 £7OOO
2897 1930 21 19 in
2928 1936 12 13 a
2949 1930 65 25 single
3028 1929 78 25 night's
3116 1929 45 26 play
3170 1930 17 18 at

2759 1958 35 19 the
2825 1956 108 26 Langham
2959 1955 70 20 Hotel.
3063 1955 43 20 The
3128 1955 58 25 polico

2760 1984 42 19 also
2820 1983 70 19 traced
2907 1983 56 19 them
2981 1984 21 18 to
3016 1983 35 19 the
3078 1981 108 24 Continent,

2761 2010 40 19 and
2815 2009 64 20 found
2888 2016 12 12 a
2914 2015 52 13 mass
2985 2008 22 20 of
3020 2008 94 20 evidence
3128 2008 20 18 of
3157 2007 30 24 big

2761 2035 101 26 winnings
2872 2036 21 18 at
2900 2035 57 19 cards
2966 2035 22 18 in
2993 2035 66 24 Paris,
3070 2033 74 25 Berlin,
3152 2033 35 20 and

2761 2064 22 18 at
2792 2062 71 19 Monto
2872 2061 65 20 Corlo.

2787 2088 58 25 They
2853 2094 52 13 were
2924 2087 117 19 astonished
3057 2089 22 17 to
3092 2086 42 20 find
3142 2086 45 25 Ipter
3215 2085 4 28 '

2924 2113 42 15 !,ji&
2980 2113 143 16 sulf/tIIMBBaH
3133 2120 6 9 »
3178 2112 13 20 f

2758 2132 75 18 Samiifll
2845 2133 28 17 Tin
2876 2139 39 11 wis.
2936 2134 45 19 who
2990 2136 18 17 is
3027 2129 81 25 jVfcSaßu
3119 2133 21 29 'jy
3182 2139 11 8 «

2758 2165 8 12 a
2775 2158 68 19 lender
2862 2159 21 18 of
2900 2166 73 18 money
2982 2163 21 16 to
3012 2154 97 25 EnIHH
3119 2161 23 18 ■

2758 2191 41 12 men
2810 2184 21 20 in
2840 2184 81 21 distress
2929 2186 21 19 in
3121 2179 25 36 ||

2758 2210 34 20 has
2801 2210 35 20 tho
2845 2211 114 26 reputation
2966 2212 21 19 of
2992 2212 63 26 being
3123 2205 24 36 l|

2758 2237 18 19 of
2798 2237 32 18 his
2853 2237 56 19 class.
2937 2237 33 20 Ho
2992 2239 78 20 refuses
3086 2235 25 24 H
3125 2235 26 24 9

2758 2263 69 19 known
2838 2263 34 19 the
2882 2266 82 17 amaunt
2973 2264 21 19 of
3004 2264 31 20 Ms
3048 2265 63 20 losses
3120 2267 38 18 oM

2758 2295 55 19 game
2831 2289 29 24 by
2874 2289 65 20 which
2957 2289 26 20 he
3001 2296 41 14 was
3062 2284 104 27 induced\

2758 2315 104 19 surrender
2884 2315 32 19 his
2933 2315 55 20 cash.
3016 2317 21 19 It
3055 2317 17 19 is
3096 2318 81 20 believa

2758 2341 41 19 that
2808 2341 35 19 the
2852 2341 104 20 swindlers
2969 2342 71 20 bilked
3046 2343 43 20 him
3098 2344 88 25 through

2758 2367 30 19 the
2810 2374 92 19 younger
2924 2374 52 18 sons,
3008 2369 43 20 who
3070 2376 52 14 were
3135 2371 54 20 the:'r

2758 2395 47 17 most
2820 2393 96 25 frequent
2928 2394 88 21 visitors.
3043 2395 44 20 The
3096 2397 92 25 precious

2758 2419 41 26 pair
2820 2425 52 14 were
2895 2420 39 19 last
2949 2426 47 15 seen
3019 2423 21 18 at
3063 2422 124 21 Gravesend.

2758 2445 62 21 where
2830 2445 35 19 the
2881 2445 64 26 police
2954 2447 78 19 believo
3048 2448 49 25 they
3112 2451 38 23 put
3159 2450 29 20 off

2758 2471 36 20 and
2816 2471 90 20 boarded
2929 2478 11 13 a
2959 2475 87 18 steamer
3064 2475 70 20 bound
3156 2476 34 21 for

2758 2498 62 19 India.
2847 2498 137 21 Information
2998 2506 66 13 comes
3081 2501 52 19 from
3152 2508 24 13 an-

2758 2524 53 19 other
2829 2531 69 13 source
2905 2524 4 24 -
2921 2525 66 20 which
3010 2525 56 21 hints
3088 2527 45 19 that
3151 2528 35 20 tho

2758 2550 93 26 fugitives
2886 2551 52 20 havo
2973 2551 65 27 really
3080 2559 52 20 gone
3166 2556 21 19 to

2758 2576 82 21 Mexico.

2780 2640 42 20 The
2829 2641 49 25 days
2886 2648 91 16 comeon,
2985 2644 41 19 and
3031 2644 35 21 the
3072 2645 49 27 days
3128 2647 58 27 goby

2806 2667 48 20 And
2865 2667 55 20 leave
2930 2668 54 21 their
2993 2671 67 20 marks
3071 2680 25 12 on
3107 2680 44 14 men
3159 2683 6 15 ;

2780 2693 52 20 Soon
2844 2701 29 13 we
2883 2694 65 24 know,
2958 2693 55 34 alas!
3024 2698 34 19 the
3069 2699 74 21 festive
3159 2701 27 26 %

2806 2720 52 20 AVill
2867 2721 69 20 attack
2947 2729 36 13 our
2993 2730 77 15 crowns
3086 2727 65 25 again.

2852 2762 63 21 which
2926 2763 16 20 is
2952 2764 49 20 such
3009 2771 11 14 a
3030 2766 53 21 little
3093 2767 65 26 thing,
3167 2768 17 22 is

2758 2788 37 19 still
2807 2785 33 28 if£
2849 2792 51 17 most
2911 2790 76 21 serious
2999 2791 58 26 thing
3076 2794 21 20 in
3116 2794 69 21 life.—

2758 2814 113 28 Lemontey.

2780 2847 39 20 We
2838 2849 113 20 sometimes
2980 2852 141 23 congratulate
3139 2860 35 14 our-

2758 2874 57 19 selves
2824 2877 22 16 at
2853 2874 35 20 the
2903 2882 87 14 moment
3003 2878 21 18 of
3035 2878 79 27 waking
3130 2880 54 20 from

2758 2907 5 12 a
2773 2900 94 20 tioubled
2878 2901 67 20 dream
2954 2900 4 30 ;
2969 2903 17 20 it
2996 2910 45 20 m.;y
3057 2905 25 20 be
3101 2912 20 14 so
3131 2907 55 19 after

2758 2926 224 23 death.—lia^thoi-ne.

2778 2967 103 24 Sneaking
2892 2969 57 19 much
2960 2976 17 12 is
2987 2976 11 12 a
3008 2970 44 26 sign
3069 2973 21 18 oE
3110 2974 76 27 vanity,

2758 2992 26 21 for
2796 2998 23 15 tie
2838 2993 46 21 that
2902 2994 18 19 is
2934 2995 63 20 lavish
3017 3003 21 13 m
3057 2999 64 20 words
3140 3001 17 19 is
3173 2991 13 31 a'

2758 3020 76 25 □iggard
2846 3021 20 18 in
2876 3021 127 20 deeds.—Sir
3014 3022 33 21 W.
3059 3024 93 27 Kaleigh.

2777 3055 21 19 If
2808 3055 25 19 all
2846 3055 65 20 hearts
2925 3063 50 13 were
2994 3057 68 25 frank,
3082 3060 46 26 just
3146 3063 40 20 and

2758 3081 70 25 honest,
2839 3082 34 19 the
2883 3082 62 25 major
2955 3086 45 22 part
3011 3084 21 20 of
3051 3085 35 21 the
3106 3088 78 21 virtues

2758 3108 57 20 would
2827 3108 23 20 be
2858 3109 75 20 useless
2942 3110 22 19 to
2975 3112 153 21 us.—Moliere.

2777 3148 122 28 Popularity
2907 3149 17 20 is
2935 3150 40 20 like
2985 3150 35 21 the
3030 3152 118 26 brightness
3163 3155 23 20 of

2758 3175 4 29 a
2772 3175 74 26 falling
2856 3177 48 22 star,
2913 3176 34 19 the
2954 3176 82 28 fleeting
3046 3180 96 22 splendor
3161 3182 23 19 of

2758 3208 5 12 a
2772 3201 96 24 rainbow,
2879 3202 33 20 the
2928 3203 74 20 bubble
3013 3205 44 20 that
3067 3206 18 19 is
3101 3213 46 14 sure
3164 3209 20 19 to

2758 3227 53 19 burst
2822 3228 26 17 bv
2859 3228 27 17 it-s
2897 3235 46 13 r»p»
2955 3229 97 22 inflation.

2777 3260 43 20 One
2831 3262 73 18 cannot
2914 3261 45 20 well
2968 3262 37 20 tell
3015 3262 54 23 from
3079 3265 35 22 the
3132 3266 54 21 little

2804 3286 53 20 child

2804 3312 64 21 What
2875 3314 34 21 the
2919 3321 44 14 man
2974 3315 17 21 is
2999 3317 63 26 going
3072 3321 20 17 to
3102 3319 24 20 be
3133 3328 6 15 ;

2777 3339 29 20 As
2812 3339 34 20 the
2850 3340 52 25 tulip
2910 3342 41 19 and
2958 3343 117 27 onion-tops
3080 3345 43 20 look
3129 3345 52 21 alike

2804 3366 38 19 Till
2854 3367 53 20 their
2916 3368 78 21 flowers
3001 3376 22 13 in
3031 3371 66 20 bloom
3107 3378 26 14 wo
3144 3378 37 14 see.

2776 3403 69 22 Wife:
2861 3406 87 23 'James,
2973 3407 18 20 if
3017 3415 41 18 you
3089 3416 34 13 are
3146 3411 36 18 not

2758 3430 54 26 loing
2827 3432 105 26 anything,
2951 3434 11 18 I
2984 3435 49 19 wish
3053 3442 40 19 you
3116 3436 65 19 would

2758 3456 48 20 drive
2824 3464 10 12 a
2853 3458 42 19 nail
2914 3466 22 12 or
2954 3461 40 19 two
3009 3467 25 14 on
3054 3462 34 20 the
3103 3462 79 19 outside

2758 3489 63 14 :orner
2831 3484 22 19 of
2862 3484 33 20 the
2910 3485 82 21 kitchen
3001 3493 24 14 so
3039 3488 11 20 I
3060 3495 36 13 can
3108 3490 36 24 put
3154 3495 27 18 up

2758 3510 26 19 :he
2807 3510 140 21 clothe3-line.'
2991 3513 109 21 Husband'
3121 3515 59 25 (with

2758 3536 81 25 dignity)
2852 3536 4 28 :
2867 3536 4 28 '
2879 3538 72 23 Susan,
2961 3540 62 24 you'll
3036 3540 50 21 have
3100 3542 20 19 to
3130 3541 25 19 do
3165 3541 16 19 it

2758 3563 87 24 yourself.
2873 3563 11 19 I
2896 3564 48 20 have
2961 3572 68 13 sworn
3043 3569 35 17 not
3088 3569 20 17 to
3119 3567 62 20 touch

2758 3588 3 25 i
2771 3588 88 21 hammer
2870 3590 31 19 till
2912 3590 34 21 the
2957 3592 64 20 Btrike
3031 3592 16 21 is
3053 3593 59 20 over.'

2777 3629 95 20 Mistress
2885 3630 31 25 (to
2925 3632 76 24 butler)
3013 3629 4 29 :
3032 3635 5 8 '
3121 3634 61 24 John,

2758 3655 2 31 [
2771 3655 47 20 hear
2827 3656 71 26 you've
2908 3663 55 14 come
2978 3658 46 20 into
3032 3660 56 26 quite
3107 3668 11 13 a
3128 3660 54 20 little

2758 3683 67 25 legacy.
2854 3683 11 19 I
2875 3690 86 19 suppose
2971 3691 41 19 you
3022 3687 42 19 will
3082 3688 24 19 be
3114 3686 57 21 think-

2758 3715 26 19 ng
2800 3710 21 18 of
2838 3710 78 25 gettiug
2931 3717 11 13 a
2959 3711 46 20 wife
3022 3718 44 14 now
3076 3713 16 20 ?'
3112 3713 54 20 John
3176 3722 5 11 :

2763 3735 46 21 Lor'
2828 3736 52 20 bless
2897 3743 42 19 yer,
2949 3744 60 17 mum,
3021 3742 35 16 not
3067 3740 16 18 if
3091 3740 11 19 I
3113 3740 69 19 knows

2758 3762 19 18 t!
2792 3761 40 20 I've
2843 3769 47 13 seen
2900 3765 34 17 too
2947 3764 58 19 much
3016 3765 22 18 of
3046 3766 86 19 married
3142 3766 38 19 life

2758 3788 39 19 with
2812 3789 101 25 missuses,
2937 3789 82 26 hoggin'
3040 3798 36 19 yer
3097 3792 83 26 pardon,

2758 3815 59 18 num.'

2774 3846 51 19 Dick
2835 3846 4 30 :
2855 3846 4 30 '
2869 3847 50 20 That
2942 3848 39 24 girl
3005 3849 55 21 loves
3071 3857 47 19 you,
3141 3851 41 21 and

2758 3875 25 16 lot
2793 3879 50 18 your
2857 3873 48 19 rival
2916 3874 12 18 !'
2945 3874 53 20 Jack
3010 3873 4 29 :
3031 3873 3 29 '
3044 3876 66 24 Con.e,
3129 3884 53 18 now,

2758 3898 47 19 lon't
2814 3902 69 17 create
2897 3907 39 19 any
2955 3900 51 21 false
3126 3905 5 8 '
3140 3904 41 24 Oh,

2758 3924 57 21 rou're
2825 3925 76 27 alright
2919 3927 62 24 there,
2994 3935 32 18 my
3037 3928 46 26 boy.
3110 3931 20 18 A
3140 3930 40 20 few

2758 3954 86 17 noments
2863 3958 37 21 ago
2910 3960 52 19 your
2976 3954 51 20 rival
3041 3955 106 26 happened
3158 3959 22 17 to

2758 3978 76 21 ueation
2847 3985 51 19 your
2918 3985 63 19 name,
2996 3981 40 20 and
3057 3981 35 21 she
3115 3982 65 20 didn't

2758 4004 48 25 >.egin
2817 4004 91 26 praising
2919 4012 46 18 you.

1187 61 57 20 THE
1258 61 60 20 HOT
1333 62 92 21 LAKES
1441 61 176 26 CHRONICLE,
1632 62 119 26 FRIDAY,
1767 63 157 21 FEBRUABY
1939 65 32 23 15,
1986 64 57 24 1895,

2758 4069 59 17 Mutoil
2831 4069 34 16 and
2884 4069 91 21 published
2995 4071 23 21 by
3035 4072 30 17 the
3083 4074 98 21 proprietor

2767 4090 33 15 Iki
2804 4094 22 11 bii
2834 4091 111 17 Alexaxdkh
2959 4092 98 17 CiLIIVTOUD
3069 4095 18 15 of
3102 4095 77 17 liotoruu

2766 4113 19 15 at
2796 4111 27 16 k'.a
2831 4112 95 20 registered
2935 4113 81 21 priutinjj
3027 4115 49 17 office
3091 4116 85 21 Rotorua,

2788 4137 100 24 i'JRIUAY,
2898 4138 132 23 FEBRUARY
3042 4143 27 19 25,
3083 4144 50 18 1895.

72 2253 40 21 She
120 2253 4 34 :
140 2254 44 20 'Oh
195 2255 79 19 horrors
282 2255 11 19 !'
310 2255 31 19 lie
352 2253 3 34 :
373 2256 5 9 '
385 2255 63 20 What
459 2255 15 20 is
492 2253 1 34 j

46 2279 17 21 it
71 2280 79 25 darling
159 2280 17 20 ?'
190 2281 51 21 She:
256 2279 4 28 '
270 2282 10 20 I
292 2281 65 26 forgot
376 2281 26 20 all
412 2282 62 20 about

46 2314 49 18 poor
106 2314 60 18 pussy
178 2307 10 19 I
199 2307 37 20 left
252 2308 20 19 in
284 2307 32 20 the
334 2308 60 20 house
409 2309 65 24 alone,
492 2307 1 26 '

46 2333 38 19 and
107 2333 59 19 we're
189 2334 29 19 off
235 2334 33 19 for
290 2340 10 13 a
325 2335 60 19 week.
414 2335 58 19 She'l!
492 2333 1 32 j

46 2359 78 19 starve.'
164 2360 45 20 He:
234 2360 50 23 'Ch,
306 2361 11 18 I
341 2361 132 20 remembered

46 2385 41 20 her.
115 2385 10 19 1
136 2385 37 20 left
183 2393 12 12 a
213 2393 35 13 can
263 2387 23 19 of
303 2387 111 21 condensed
426 2387 48 20 milk
492 2385 1 31 J

47 2418 25 14 on
87 2411 33 20 the
138 2411 82 21 kitchen
239 2413 61 24 table,
315 2413 47 19 with
374 2420 11 13 a
396 2414 79 20 cardino
492 2411 1 32 ]

46 2444 74 20 opener
129 2438 68 20 beside
208 2439 29 19 it.'

71 2482 36 20 Mr
117 2483 101 26 Lapidara
228 2484 30 25 (to
267 2484 31 19 old
308 2484 61 19 Jason
380 2484 94 23 Plnnket,
492 2482 1 27 1

46 2509 87 26 shewing
157 2510 38 19 him
220 2517 10 13 a
250 2510 39 20 fine
312 2510 96 26 emerald)
421 2509 4 27 :
451 2509 4 27 '
463 2512 9 19 1

46 2537 85 18 Tenture
153 2536 72 26 you've
246 2543 59 13 never
321 2543 44 13 seen
383 2544 11 12 a
417 2540 57 17 stone

47 2561 89 26 showing
145 2570 21 12 so
174 2562 42 20 rich
230 2570 11 12 a
251 2570 60 17 green
322 2570 21 12 as
354 2563 57 20 that.'
441 2564 33 19 Mr

47 2588 89 20 Flanket
161 2589 123 26 (examining
303 2589 35 20 the
358 2597 43 18 gem
421 2590 45 20 criti-

47 2614 73 25 cally):
136 2616 5 9 '
148 2615 68 20 Tain't
239 2615 78 20 nothin'
341 2616 42 20 side
406 2616 16 20 o'
443 2617 31 19 old
492 2614 1 30 (

47 2640 45 20 Hez
102 2641 79 20 Stone's
192 2648 36 14 eon
239 2642 58 24 Jake,
308 2649 20 13 as
339 2645 40 17 sets
390 2650 25 19 up
427 2643 47 19 with
492 2640 1 29 (

47 2672 33 21 my
90 2667 107 28 Malindy.'

75 2719 58 20 'Ton
150 2727 33 13 are
201 2720 82 27 looking
299 2721 46 24 bad,
368 2721 107 27 Bromley.'
492 2719 1 29 !

47 2745 62 21 'Yes.
138 2746 53 20 Been
212 2754 27 19 up
258 2754 59 16 every
337 2747 57 26 n'glit
411 2748 31 20 for
465 2755 10 12 a

49 2771 54 21 week
122 2772 47 20 with
186 2773 35 20 the
241 2773 64 26 baby.'
334 2771 4 28 '
347 2774 45 20 Tou
403 2775 72 19 wished

49 2797 41 21 him
108 2800 21 18 at
145 2798 33 21 the
197 2800 77 19 bottom
289 2800 21 19 of
321 2801 33 18 the
373 2801 54 19 Dead
441 2801 36 19 Sea

49 2831 59 24 jaapy
126 2832 12 13 a
152 2825 53 25 time,
217 2827 11 19 I
247 2828 81 23 suspect
337 2827 9 19 ?
362 2825 4 30 '
375 2827 60 24 Why,
446 2834 31 14 no.

49 2851 11 7 T
67 2850 50 21 ain't
132 2859 21 13 so
163 2852 66 20 brutal
240 2860 20 12 as
275 2853 50 19 that.
354 2854 42 18 But
415 2854 11 18 I
437 2861 39 12 was

50 2884 46 19 fery
107 2877 96 21 thankful
213 2878 24 20 he
247 2879 72 19 wasn't
327 2879 70 20 twins.'

74 2923 55 26 Frog
147 2924 62 20 farms
228 2931 33 13 are
277 2924 63 26 being
364 2925 77 19 started
459 2925 20 20 iu

49 2950 91 20 -xinerica
162 2952 20 18 to
209 2950 73 27 supply
300 2950 34 20 the
359 2951 50 20 Now
422 2951 58 20 York

46 2974 87 22 market.

75 3001 59 20 Hone
156 3002 66 24 Hebe,
247 3003 95 23 M.H.1?.,
371 3004 64 24 going
459 3005 20 18 to

47 3027 84 28 publish
141 3034 11 13 a
160 3028 54 20 hook
225 3029 21 19 of
255 3029 66 19 Maori
329 3029 89 24 legends.

75 3053 27 20 Of
111 3055 35 18 481
156 3054 85 26 typhoid
250 3061 54 13 cases
321 3054 20 20 in
353 3055 79 24 Sydney
442 3056 39 19 last

48 3085 55 20 year,
114 3086 37 14 one
160 3080 21 19 in
191 3086 59 18 every
263 3081 58 25 eight
334 3088 40 12 was
384 3081 56 19 fatal.

76 3105 33 20 An
117 3107 88 25 octopus,
215 3108 11 16 8
234 3107 40 19 feet
281 3113 71 15 across,
360 3114 39 12 was
406 3107 76 26 caught

53 3131 33 22 the
95 3131 57 21 other
160 3133 41 24 day
210 3132 20 19 in
240 3133 77 19 Nelson
326 3132 101 20 Harbour.

78 3158 53 20 First
140 3159 116 19 instalment
265 3159 22 18 of
296 3158 33 20 the
336 3159 59 19 Bank
405 3159 21 18 of
431 3159 50 19 Now

53 3184 88 20 Zealand
147 3184 38 20 caU
192 3184 37 20 has
236 3184 51 20 been
291 3185 45 20 well
341 3186 41 18 met
389 3185 20 19 in
416 3185 53 20 Auck-

52 3209 54 22 land.

79 3244 76 25 Bishop
164 3244 19 19 .7.
193 3244 25 20 It.
229 3244 79 26 Seiwyn
319 3245 49 22 (late
378 3245 21 19 oi
405 3245 65 19 Melan-

54 3269 49 26 esia)
113 3269 37 20 has
159 3270 52 20 been
218 3271 76 19 offered
303 3271 35 19 the
354 3271 36 19 Seo
400 3271 21 19 of
430 3271 39 19 Ade-

53 3295 59 20 laide.

79 3335 49 20 Carl
136 3335 21 19 in
174 3335 65 26 peach
254 3338 51 17 trees
324 3336 17 19 is
359 3336 43 19 said
421 3338 20 17 to
457 3337 26 19 ho

54 3361 72 19 caused
134 3361 28 24 by
171 3368 26 13 an
207 3361 84 20 absence
301 3362 21 18 of
331 3361 72 26 potash
413 3363 20 18 in
448 3363 35 19 tho

54 3386 41 23 ■oil,
113 3387 65 19 which
201 3394 47 18 may
263 3387 26 20 bo
307 3388 92 25 supplied
425 3388 28 25 by
472 3396 12 12 a

53 3412 95 26 plentiful
156 3413 72 26 supply
239 3413 21 19 of
269 3414 57 18 wood
334 3414 65 19 ashes.

79 3438 41 19 The
130 3439 87 21 Queen's
232 3439 61 19 Drive
310 3446 22 12 at
349 3439 133 26 Wellington,

53 3465 118 25 connecting
180 3465 71 19 Island
259 3465 44 25 Bay
312 3465 40 19 and
361 3465 123 21 Kilbirnieis

53 3496 45 13 now
115 3490 103 25 complete.
246 3490 42 20 The
310 3493 42 17 cost
378 3492 36 19 has
432 3492 51 19 been

54 3515 62 20 about
126 3516 81 23 £'3,300.

80 3546 59 20 From
149 3547 34 19 the
192 3549 68 24 report
274 3547 20 20 of
304 3554 12 12 a
326 3548 119 26 missionary
463 3552 21 16 to

54 3572 81 19 Africa:
219 3574 143 25 congregation
380 3575 66 19 refuse
464 3577 20 17 to

56 3598 45 25 give
121 3605 27 19 up
169 3599 139 20 cannibalism,
335 3600 37 19 but
397 3601 12 18 I
432 3601 52 19 have

55 3624 107 20 succeeded
177 3631 22 13 so
217 3626 34 18 far
258 3626 22 18 in
298 3626 113 26 improving
430 3627 54 19 their

54 3651 62 18 tastes
126 3650 44 19 that
179 3651 49 25 they
235 3658 44 12 now
298 3653 33 17 eat
347 3652 48 19 with
413 3652 71 20 knives

47 3675 47 20 iafid

79 3722 95 18 Scientists
182 3723 48 17 have
238 3723 46 23 long
293 3723 45 18 been
347 3729 58 12 aware
418 3725 19 16 of
453 3725 33 17 the

56 3745 38 18 fact,
100 3746 41 17 that
149 3751 10 11 a
167 3751 67 17 persou
239 3753 33 11 can
278 3746 80 22 actually
367 3746 22 18 be
397 3747 88 23 poisoned

55 3767 25 24 by
88 3768 29 18 his
129 3774 42 12 own
187 3768 71 19 breath.
282 3769 44 18 This
341 3769 82 24 happens
439 3772 20 15 at
474 3777 11 11 a

56 3791 44 17 time
108 3791 19 17 of
130 3793 53 20 great
186 3793 89 19 exertion,
281 3791 56 19 when
341 3793 145 18 wirbondtoxidc

56 3813 16 18 is
77 3814 70 18 formed
157 3820 50 12 more
215 3815 73 23 rapidly
298 3815 45 18 than
349 3815 31 18 the
388 3816 55 22 lungs
452 3822 33 12 can

56 3836 66 18 exhnle
130 3838 20 17 it.
176 3838 22 17 In
213 3838 73 22 Algiers
300 3841 33 14 not
345 3839 43 22 long
403 3845 34 16 ago
448 3841 36 17 two

56 3860 57 17 noted
118 3866 77 12 runners
204 3860 32 18 fell
244 3861 47 18 dead
300 3861 33 18 the
347 3864 80 15 moment
442 3862 44 23 they

57 3882 76 18 reached
142 3883 32 18 the
181 3884 47 22 goal,
246 3884 36 18 and
297 3884 50 18 their
362 3885 64 17 deaths
438 3891 49 12 were

55 3906 101 18 attributed
176 3909 19 15 to
215 3906 38 19 this
272 3907 53 24 rapid
346 3907 98 20 formation
468 3909 19 18 of

58 3929 98 20 T>nisQiious
163 3930 72 18 breath.

87 3979 7 8 ,
140 3965 61 20 \toms
209 3969 66 16 returns
286 3974 51 15 prove
344 3970 64 19 bqyond
418 3972 59 14 contra-

152 3988 21 15 ct
183 3987 70 20 Nolson,
261 3989 57 15 Moato
331 3989 31 15 and
374 3989 38 15 Co'r
420 3990 31 15 fine
460 3992 27 14 tea

137 4008 15 22 Jf
164 4007 108 19 appreciated
286 4008 22 19 by
319 4008 29 15 tho
355 4008 85 19 majority,
461 4010 26 14 for

119 4027 84 14 Qtne
210 4031 89 10 numerous
312 4027 45 14 firms
368 4027 17 14 in
393 4032 50 14 every
450 4030 38 17 pa't

124 4045 78 17 Colonies
210 4045 39 15 that
263 4050 28 10 are
309 4045 72 19 copying
395 4046 51 18 '.hem,
461 4047 27 14 the

112 4069 26 12 ver
152 4065 14 16 is
173 4070 19 10 as
199 4064 47 20 large
258 4069 18 11 as
284 4069 44 14 ever,
343 4064 32 16 and
385 4064 28 16 t'ae
420 4064 69 16 demand

73 4083 3 23 .
95 4085 46 21 great
153 4084 39 16 that
205 4083 40 21 tticy
259 4085 30 15 sell
300 4089 45 11 more
355 4083 65 20 Indian,
434 4084 54 20 Ceyon

72 4104 19 16 id
109 4104 71 19 Wealed
197 4104 36 16 tow
250 4104 41 17 than
308 4104 28 15 the
355 4104 52 16 lvbcle
423 4104 18 14 of
461 4104 28 16 tho

145 4124 32 16 and
192 4122 66 19 dealers
278 4124 31 21 put
333 4123 77 21 together
421 4123 18 17 in
455 4123 34 17 last

87 4143 40 17 irtff
134 4143 17 19 nf
158 4143 29 17 the;
197 4142 71 19 Colony.

507 769 57 21 FOE

559 803 160 24 LASSITUDE,

587 833 159 26 TORPIDITY,

611 865 73 20 SOUR
693 866 69 19 STOW
770 866 60 24 iCIJ,

635 898 192 25 INDIGESTION,

662 932 163 25 HEADACHE,

689 963 159 26 BACKACHE,
858 966 42 22 &c.,

532 998 55 20 Take
606 1005 12 13 a
634 999 71 25 couplo
721 1000 22 18 of
761 999 111 19 Fletcher's
889 999 51 20 Pills

506 1031 59 18 every
575 1025 74 19 second
655 1025 74 25 night;
742 1025 47 24 they
798 1032 34 13 are
839 1032 12 13 a
858 1028 82 24 prompt

505 1051 40 19 and
554 1057 47 13 sure
607 1057 48 14 cure
662 1050 40 20 and
709 1052 45 23 give
762 1052 76 19 certain
848 1052 64 19 relief.

531 1077 169 20 FLETCHER'S
710 1077 80 19 PILLS
804 1084 34 13 aro
848 1084 12 13 a
870 1078 67 25 quick,

505 1110 46 12 sure
569 1103 41 19 aud
630 1103 84 19 reliable
744 1104 82 25 remedy
853 1104 31 19 for
912 1104 27 19 a'l

504 1129 119 26 complaints
633 1129 77 26 arising
728 1129 53 19 from
797 1130 66 25 torpid
881 1131 56 23 liver,

504 1155 129 25 indigestion,
653 1155 57 19 weak
729 1156 96 23 stomach,
846 1156 41 20 and
903 1157 24 18 im-

504 1181 84 26 purities
599 1182 21 18 ol'
627 1181 33 19 the
679 1181 66 19 blood.
773 1182 57 25 They
846 1189 33 12 aro
895 1189 33 18 pre-

504 1207 62 26 pared
576 1214 26 12 on
620 1207 87 19 rational
724 1208 40 19 and
783 1208 87 19 sensible
888 1208 50 19 linos

503 1233 42 19 and
550 1233 25 19 do
583 1236 35 16 not
625 1233 80 19 contain
711 1240 12 12 a
729 1233 84 26 particle
820 1235 21 18 of
846 1234 90 24 calomel,

503 1259 107 25 gamboge,
631 1266 22 12 or
671 1266 40 18 any
729 1260 73 20 drastic
821 1261 115 25 purgative,

503 1286 38 18 but
550 1291 81 20 operate
638 1285 27 25 by
671 1285 97 26 perfectly
773 1287 82 19 natural
860 1293 76 18 means,

503 1311 28 25 by
541 1311 127 25 stimulating
675 1311 33 20 the
717 1312 51 20 liver
776 1313 40 19 and
823 1313 116 25 increasing

503 1338 35 19 the
552 1338 45 19 flow
606 1338 20 19 of
646 1338 38 19 bile
703 1338 37 19 and
758 1339 48 19 thus
824 1339 114 26 producing

504 1371 47 18 easy
559 1364 127 19 evacuations
696 1365 39 18 and
745 1365 81 20 natural
836 1365 102 20 catharses

503 1391 87 18 without
608 1391 34 18 tho
660 1396 116 20 annoyance
795 1391 39 20 and
849 1391 49 27 pain
917 1398 21 14 ux

503 1416 84 28 griping
594 1416 39 20 and
642 1417 96 26 purging.

529 1443 84 20 Beware
627 1444 21 19 of
657 1443 35 20 the
707 1450 61 20 many
784 1444 92 21 harmful
889 1444 36 20 sub-

503 1470 80 20 stitutes
592 1476 26 13 on
628 1470 41 19 sale
682 1470 21 20 in
713 1477 60 19 many
783 1471 66 27 shops.
878 1471 59 20 None

503 1503 34 13 aro
560 1497 88 25 genuine
667 1498 66 18 unless
757 1497 49 25 they
834 1498 49 19 bear
902 1498 34 19 the

502 1523 105 26 signature
616 1523 22 20 of
647 1522 23 21 F.
681 1523 69 20 Moore
757 1523 101 21 Clements
867 1531 25 13 on
903 1524 33 20 the

501 1549 181 26 outsidawrapper.
696 1549 145 22 CLEMENTS
852 1550 84 21 TONIC

503 1576 39 19 and
552 1576 169 20 FLETCHER'S
736 1576 79 21 PILLS
831 1578 52 19 have
903 1578 22 19 be-

501 1609 56 13 come
566 1602 49 20 audi
625 1602 126 20 househould
761 1604 64 19 words
836 1604 43 19 that
899 1604 24 19 im-

501 1629 82 20 itations
600 1635 33 13 are
651 1630 115 25 frequently
785 1630 75 20 offered
896 1630 39 21 We

501 1655 86 20 contend
606 1655 45 20 that
667 1656 39 19 this
731 1656 101 21 imitation
857 1656 17 21 is
902 1657 33 20 the

501 1682 95 20 sincerest
605 1682 58 26 proof
673 1682 22 19 of
707 1682 52 20 their
769 1684 82 24 virtues,
862 1691 22 12 so
903 1690 32 13 see

501 1708 45 20 that
560 1714 41 20 you
627 1708 75 26 always
721 1713 34 21 get
778 1710 35 19 the
837 1710 94 26 genuine,

501 1734 86 26 bearing
596 1735 33 19 the
638 1741 58 13 name
706 1735 39 19 and
755 1736 82 20 address
843 1737 22 18 of
875 1737 22 18 F.
905 1736 28 19 M.

501 1761 107 24 Clements,
619 1760 110 26 Newtown,
740 1761 87 27 Sydney.

493 3258 1 26 i
534 3259 57 19 TIIE
600 3259 153 20 GUILELESS
765 3259 140 20 PEDDLER.

527 3312 87 20 Peddler
632 3312 159 25 (respectfully):
922 3313 12 19 I

501 3338 52 19 have
561 3340 36 17 not
606 3338 63 19 called
682 3338 32 19 for
723 3338 34 19 the
766 3345 87 17 purpose
862 3339 21 18 of
892 3343 31 20 try-

501 3364 36 25 ing
546 3367 21 16 to
576 3364 38 19 self
622 3371 40 17 you
672 3364 98 24 anything
781 3364 36 19 but
823 3367 20 16 to
850 3365 84 25 enquire

502 3390 16 19 if
527 3390 56 19 there
593 3390 16 19 is
619 3397 12 11 a
641 3396 47 12 man
701 3390 73 19 named
791 3390 61 19 Jones
869 3391 66 25 living

501 3416 20 19 in
532 3416 40 19 this

527 3442 57 24 Lady
594 3442 21 18 of
624 3442 34 18 the
664 3441 70 20 House
742 3441 4 25 :
763 3442 47 19 ''Mr
817 3442 61 19 Jones
884 3442 51 20 lives

501 3470 49 17 next

640 3493 31 19 He
678 3493 37 20 has
724 3500 11 13 a
745 3494 40 25 boy
791 3494 62 19 about
861 3496 30 23 12,
897 3494 38 19 has

502 3520 25 19 ho
536 3522 36 16 not.

565 3571 59 19 think
633 3571 26 19 he
666 3571 17 19 is
693 3571 34 19 the
736 3579 46 11 man
791 3572 11 18 I
810 3579 32 12 am
851 3572 84 25 looking

502 3598 39 18 for.
568 3597 12 19 I
587 3603 41 13 was
644 3597 86 19 directed
749 3604 12 12 a
779 3599 38 17 few
836 3600 99 17 moments

502 3630 40 19 ago
551 3623 28 24 by
588 3629 13 12 a
609 3623 66 18 friend
685 3623 21 19 of
715 3623 31 19 his
756 3626 20 16 to
786 3623 38 19 call
836 3630 59 19 upon.
924 3624 10 18 I

503 3656 32 12 am
545 3649 85 24 making
639 3655 34 17 my
680 3649 38 18 last
728 3649 39 25 trip
774 3656 21 12 as
807 3656 11 12 a
827 3649 108 24 travelling

502 3675 76 19 vendor
588 3675 20 18 of
616 3674 140 24 merchandise,
765 3675 40 19 and
812 3675 51 19 have
869 3675 66 19 closed

503 3703 36 17 out
548 3700 27 19 all
584 3707 35 18 my
625 3699 89 26 juvenile
727 3707 63 13 wares
808 3703 70 23 except
895 3701 40 19 this

504 3726 136 25 brass-tipped
654 3726 57 19 drum
718 3726 49 19 with
786 3726 65 25 ebony
866 3727 68 23 sticks,

504 3753 56 18 when
572 3752 10 18 I
592 3752 51 19 shall
654 3752 50 18 offer
714 3754 19 17 to
743 3752 29 19 Mi
784 3752 62 19 Jones
856 3755 21 16 at
886 3753 49 18 such

504 3785 12 12 a
525 3779 64 23 figure
599 3777 109 20 that—but
721 3778 77 24 pardon
816 3785 31 12 me
865 3779 11 18 I
895 3778 40 19 had

504 3810 26 13 no
535 3804 99 18 intention
642 3804 22 17 of
671 3803 103 25 detaining
779 3810 46 18 you.
853 3804 82 19 Thanks

503 3829 87 25 for3*olll*
596 3829 96 18 kindness
699 3829 85 19 madam.
812 3830 57 18 Good

621 3854 36 21 on!
685 3854 64 19 What
773 3856 17 17 is
815 3856 45 19 that
876 3855 59 20 drum

504 3881 64 19 worth

575 3906 18 20 is
601 3906 65 25 really
678 3906 63 20 worth.
754 3908 38 22 10s,
810 3906 36 20 but
860 3907 12 19 I
895 3907 40 19 had

505 3933 81 19 decided
596 3934 21 18 to
627 3933 49 18 offer
686 3933 16 18 it
711 3936 21 15 to
741 3933 33 19 Mr
782 3933 62 19 Jones
854 3934 33 19 for
904 3934 32 18 his

506 3959 38 24 boy
554 3961 21 17 at
581 3959 34 18 the
622 3959 88 19 nominal
720 3958 64 26 figure
792 3959 21 19 of

533 3984 46 19 "I'll
589 3984 47 19 take
645 3985 29 20 it.'

493 4019 299 122 dswd
867 4019 75 122 f

982 3441 42 19 One
1034 3441 20 19 of
1065 3441 33 18 the
1107 3439 128 21 remarkable
1250 3439 57 18 boats
1317 3439 21 18 of
1347 3438 40 19 lust

955 3474 49 18 year
1012 3467 22 18 in
1039 3466 86 26 English
1135 3467 73 18 waters
1216 3471 41 13 was
1266 3464 35 19 tho
1308 3471 66 12 saucer-

956 3493 35 19 sha
995 3493 37 25 pod
1040 3492 106 24 Sorceress,
1155 3499 12 12 a
1178 3493 7 16 1
1189 3493 69 20 -rater,
1268 3490 37 19 her
1310 3490 63 19 dimen-

957 3519 53 19 sions
1028 3518 63 25 being
1101 3516 4 27 :
1121 3518 53 19 Over
1184 3517 32 23 all,
1228 3516 44 19 29ft
1282 3516 4 27 ;
1301 3516 12 19 1.
1331 3523 22 12 w.
1364 3516 20 23 1.,

959 3545 40 18 18ft
1011 3545 43 18 lOin
1066 3542 3 25 ;
1084 3544 66 22 beam,
1162 3543 30 19 Bft
1202 3542 4 25 ;
1220 3542 94 24 draught.,
1327 3543 45 17 (Urn
1381 3542 4 25 ;

957 3571 148 25 displacement,
1117 3568 104 24 1,4701b5;
1236 3568 37 18 sail
1286 3573 52 18 area,
1349 3568 37 18 319

957 3603 72 19 square
1047 3596 45 19 feet.
1122 3595 40 19 Sho
1180 3595 38 18 has
1232 3600 12 13 a
1253 3593 49 19 steel
1311 3595 66 17 ceni.re-

956 3623 55 25 plate
1030 3622 36 19 but
1084 3622 31 19 '2ft
1133 3620 40 20 and
1187 3620 30 19 6ft
1232 3620 55 25 deep,
1310 3619 22 19 of
1346 3620 7 22 ■]
1382 3619 3 29 .

957 3648 106 23 thiclmess,
1084 3648 47 18 thus
1144 3646 119 26 permitting
1281 3652 12 12 a
1311 3648 37 16 ceri

957 3676 82 17 amount
1057 3674 21 18 of
1091 3673 114 24 flexibility.
1233 3671 40 19 She
1291 3673 35 17 not

957 3700 74 25 proved
1049 3706 12 12 a
1070 3699 83 23 winner,
1163 3699 38 18 but
1215 3697 34 19 did
1267 3704 54 12 somo
1338 3704 12 12 v
1373 3704 13 17 y

957 3727 40 17 fast
1006 3726 74 24 sailing
1089 3725 21 19 in
1119 3724 67 25 rough
1194 3726 69 21 water,
1279 3723 40 19 and
1327 3730 14 11 r.
1364 3730 8 7 *

957 3754 21 16 at
993 3752 58 18 times
1061 3751 21 19 in
1098 3757 12 13 a
1124 3757 49 18 very
1186 3750 67 24 heavy
1270 3756 34 12 sea
1319 3749 33 19 for
1364 3756 22 12 sc

957 3778 57 18 small
1033 3784 13 12 a
1054 3777 49 19 boat
1120 3777 41 19 and
1174 3775 51 20 such
1241 3777 88 17 extreme
1342 3782 33 18 pro-

957 3803 94 26 portions.

983 3837 81 19 Instead
1075 3837 21 18 of
1105 3836 77 26 paying
1192 3838 56 17 taxes
1261 3841 22 13 as
1293 3834 40 28 ore!.
1353 3834 3 28 :

957 3862 87 24 mortals,
1061 3862 34 19 the
1109 3862 81 19 citizens
1200 3862 21 18 of
1237 3861 90 25 Klingen

957 3888 136 20 on-the-Main
1110 3887 119 27 (Germany)
1244 3887 39 19 last
1291 3893 49 18 year

957 3914 68 20 neived
1035 3914 48 20 each
1092 3914 57 18 three
1156 3913 91 19 hundred
1258 3913 68 19 marks
1335 3913 31 18 fio

958 3941 34 19 the
1002 3941 75 19 income
1087 3940 21 18 of
1122 3939 77 19 several
1207 3939 94 19 factories
1317 3939 70 19 owned

957 3967 28 24 by
993 3967 35 19 the
1037 3970 59 16 town.
1124 3966 43 18 The
1177 3965 86 18 division
1279 3970 40 13 was
1329 3965 58 18 made

957 3994 53 18 after
1027 3993 34 19 the
1075 3998 98 19 expenses
1186 3991 22 18 of
1225 3990 161 19 administration

957 4018 41 19 had
1014 4019 52 18 been
1087 4017 50 26 paid
1150 4017 28 24 by
1196 4022 72 19 money
1287 4016 51 18 from
1352 4016 35 18 the

957 4050 54 12 same
1021 4050 74 12 source.

977 4076 55 18 V-very
1038 4080 58 15 jicrsou
1103 4076 58 15 iii'thia
1175 4075 67 16 district
1259 4075 57 15 should
1331 4075 39 15 send
1377 4080 10 10 a

1083 4094 42 15 Kew
1139 4094 72 17 Zealand
1225 4094 75 19 Cookery
1316 4094 46 15 Book
1369 4095 18 14 to

964 4124 6 1 -
1022 4113 3 22 .
1150 4113 27 22 —'
1193 4113 55 16 useful
1260 4114 67 21 present
1339 4113 48 19 could

1430 3791 22 19 It
1462 3791 16 19 is
1489 3791 42 19 said
1538 3791 45 19 thr.v
1592 3791 49 19 mico
1649 3798 33 12 are
1692 3791 32 25 jus
1759 3798 8 12 a
1776 3791 57 19 mucli

1406 3817 2 20 :
1439 3817 32 19 aid
1495 3817 21 19 of
1535 3824 76 13 women
1625 3824 21 12 as
1670 3823 75 14 wmnta
1761 3824 33 13 are
1813 3817 21 19 of

1435 3850 19 13 ,-e
1465 3843 4 26 ;
1484 3843 38 19 but
1533 3850 21 12 as
1564 3843 51 19 their
1631 3843 111 24 screaming;
1752 3850 71 19 appara-

1417 3877 22 12 ■ia
1457 3870 17 19 is
1489 3871 37 18 not
1540 3869 127 19 constructed
1684 3876 24 12 on
1724 3870 33 19 the
1781 3876 53 13 same

1414 3896 93 25 •rmc'plc.
1531 3895 48 25 they
1598 3902 34 12 aro
1647 3895 110 20 restrained
1782 3896 51 19 from

1404 3921 171 25 comrmm'.cating
1585 3921 33 20 tlie
1628 3921 127 26 intelligence
1768 3923 21 18 to
1799 3922 35 19 the

1405 3948 71 25 people
1487 3948 20 19 in
1519 3948 33 19 the
1561 3948 94 25 adjacent
1667 3950 68 18 towns.

1431 3981 93 18 Admirer
1535 3980 3 20 :
1567 3980 4 20 '
1583 3980 10 19 I
1616 3982 75 18 cannot
1711 3980 121 20 understood

1406 4006 41 19 how
1457 4014 10 10 a
1479 4012 46 12 insn
1536 4012 36 13 can
1592 4006 24 18 be
1627 4012 20 13 as
1662 4006 82 19 fearless
1754 4013 21 12 as
1794 4013 38 18 you

1404 4039 33 13 aro
1448 4032 19 19 in
1478 4032 49 19 time
1537 4031 21 19 of
1566 4031 80 26 dangei.
1674 4032 45 19 You
1730 4039 34 12 are
1774 4033 60 18 brave

1405 4061 20 17 to
1446 4057 149 21 recklessness.'
1628 4057 56 19 Hero
1695 4057 3 26 :
1719 4057 4 26 '
1734 4058 83 25 Humph
1829 4057 4 26 !

1406 4085 19 18 If
1435 4091 39 18 you
1485 4083 38 20 had
1538 4085 22 18 to
1570 4090 24 18 go
1606 4083 56 20 home
1679 4086 20 17 to
1710 4084 35 20 the
1755 4087 42 17 sort
1812 4085 22 18 of

1405 4117 74 13 woman
1491 4109 37 20 I'm
1540 4109 85 20 married
1635 4112 28 22 to,
1672 4111 61 26 you'd
1750 4111 24 21 be
1786 4110 38 21 will-

1404 4137 34 27 ing
1448 4138 20 20 to
1478 4136 44 24 faep
1532 4136 67 27 death,
1609 4136 47 24 too,'

1878 3633 34 19 Ho
1922 3632 4 25 :
1945 3632 3 25 '
1957 3632 54 20 Dear
2020 3632 78 25 Fanny,
2108 3633 17 19 it
2134 3632 16 19 is
2161 3638 45 13 now
2215 3638 12 13 a
2235 3638 49 19 yecs

1853 3659 52 20 since
1923 3664 30 14 wo
1964 3664 50 14 were
2027 3658 95 19 married.
2150 3657 53 20 How
2217 3657 46 20 well
2272 3658 12 19 I

1852 3685 112 19 remember
1973 3684 59 19 when
2041 3691 30 12 wo
2080 3684 93 26 plightofi
2182 3691 38 12 our
2229 3684 55 19 troth

1853 3711 63 19 under
1934 3710 35 19 iho
1990 3710 88 25 rustling
2109 3710 80 20 loaves.'
2227 3710 40 19 She
2277 3710 4 25 :

1854 3736 4 24 '
1866 3737 47 23 Yes,
1924 3736 12 19 I
1945 3736 111 19 remember
2064 3736 27 19 all
2101 3736 49 23 that,
2160 3736 37 19 but
2207 3736 11 19 I
2228 3736 56 19 don't

1852 3763 111 19 remember
1981 3763 20 18 to
2014 3762 53 19 havo
2085 3762 63 19 heard
2162 3769 21 12 as
2201 3764 34 22 yet
2249 3762 34 19 the

1853 3788 87 25 rustling
1958 3788 22 19 of
1997 3788 45 19 that
2055 3788 40 19 silk
2111 3788 55 19 dress
2180 3794 40 19 you
2238 3795 33 18 pro-

1852 3814 63 19 mised
1923 3820 32 13 mo
1966 3820 24 12 on
2000 3814 44 19 that
2054 3814 104 19 Occasion.'

1880 3847 4 27 '
1891 3848 61 24 Well,
1961 3854 34 19 my
2004 3847 54 27 boy.'
2068 3848 26 20 ho
2101 3848 63 20 asked
2172 3848 112 26 cheerfully

1852 3877 21 17 at
1887 3875 33 18 the
1939 3873 176 25 bi'eakfast-table,
2138 3875 33 17 the
2189 3875 95 24 morning

1852 3901 53 19 after
1919 3900 72 24 Cholly
2000 3900 40 18 had
2053 3900 63 19 taken
2126 3899 34 20 tho
2174 3900 109 25 important

1852 3927 50 25 leap,
1916 3925 4 27 '
1930 3925 54 19 llow
2002 3925 34 20 did
2045 3925 70 26 things
2129 3932 26 19 go
2171 3926 40 19 last
2225 3933 46 13 even-

1852 3953 35 24 ing
1896 3952 9 18 ?
1941 3951 41 19 Did
1999 3951 36 19 she
2048 3951 57 19 smilo
2124 3958 26 12 on
2169 3958 52 18 your
2238 3958 33 19 pro-

1852 3977 55 27 posal
1917 3977 14 19 ?'
1969 3977 4 27 '
1984 3977 44 23 No,'
2048 3977 44 20 said
2111 3977 77 25 Cholly,
2210 3977 74 27 faintly

1852 4004 88 26 pushing
1949 4009 58 18 awny
2016 4010 11 12 a
2040 4003 105 19 breakfast
2154 4004 45 18 roll.
2228 4006 5 9 '
2243 4004 40 19 She

1852 4030 70 19 smiled
1936 4031 20 17 at
1966 4028 29 20 it.'

1879 4056 123 19 Subscribers
2018 4055 42 19 will
2075 4055 66 25 please
2155 4055 58 19 leave
2230 4060 51 15 w„«l

1853 4085 21 17 at
1884 4083 34 20 the
1927 4082 63 19 office,
2004 4081 70 19 should
2087 4082 48 24 they
2155 4084 35 16 not
2209 4082 73 19 rt:eive

1852 4109 51 20 their
1909 4115 62 19 paper
1981 4108 104 26 regularly,
2096 4108 38 21 and
2145 4108 32 19 the
2187 4108 94 21 emission

1852 4134 17 24 if
1872 4134 21 21 ill
1903 4135 22 20 be
1935 4134 133 27 immediately
2082 4135 93 22 rectified.
2285 4134 4 27 I

2386 3813 20 9 IU
2420 3813 51 15 neep
2491 3813 25 15 up
2540 3813 46 11 witu
2610 3813 34 11 toe
2667 3813 62 13 latest

2384 3836 12 15 3,
2434 3830 10 19 I
2469 3829 57 21 don't
2554 3831 58 19 know
2631 3831 43 20 how
2697 3833 31 19 I'd

2397 3857 22 18 to
2429 3857 35 24 get
2474 3856 57 27 along
2547 3858 16 18 if
2573 3857 15 19 it
2599 3859 83 19 weren't
2697 3858 32 20 for

2384 3882 48 19 reh.'

2384 3920 26 14 'er
2421 3914 3 26 :
2441 3914 4 26 '
2455 3914 37 26 My
2502 3915 116 20 conscience
2634 3916 93 20 troubled

2384 3941 36 19 ttle
2431 3940 39 20 last
2488 3941 64 25 night,
2563 3942 61 19 about
2633 3942 46 20 that
2699 3943 29 20 fee

2384 3967 27 23 ;ed
2427 3967 62 19 Jones
2505 3968 120 25 yesterday.'
2652 3968 74 21 Friend

2384 3992 52 25 ihed)
2450 3992 3 28 :
2485 3992 4 28 '
2500 3993 58 21 Tour
2585 3995 115 20 conscience
2711 3995 16 25 ?'

2393 4028 5 10 :
2418 4019 4 22 '
2434 4019 105 22 Certainly
2573 4021 11 19 I
2605 4028 38 12 v,-ri3
2662 4021 66 20 ahraid

2384 4045 29 19 lad
2424 4045 50 19 been
2486 4045 72 28 unjmt
2566 4049 20 17 to
2597 4047 83 24 myself.'

2385 4080 13 12 U
2406 4080 22 14 051
2523 4077 55 15 Clears
2591 4078 29 15 out
2632 4078 40 19 rats,
2686 4083 41 12 rnicfl

2384 4095 39 18 fliea,
2436 4096 43 17 ants,
2493 4095 15 18 b(
2519 4097 63 19 i-bugs,
2594 4097 65 19 infects,
2673 4097 55 18 tUaiik

2384 4120 10 13 b,
2413 4116 95 20 sparrows):
2511 4116 75 20 gophers,
2606 4116 24 16 At
2650 4117 77 18 chemists

2384 4134 40 20 gists
