3300 4360
220 201 364 89 Hot
705 201 607 89 Lakes
1433 201 1214 89 Chronicle.

738 389 484 42 TOTJBISTS
1227 390 5 16 :

2122 401 481 46 J'OTJ-ZROSr.^H,,

483 502 452 89 Circulating
957 502 457 87 throughout
1438 502 126 69 the
1591 504 287 72 Tourist
1925 509 303 75 Resorts
2278 519 80 67 of
2392 519 126 70 the
2562 521 267 75 World.

100 654 60 19 VOL.
174 656 20 17 4.
223 655 40 18 No.
279 656 33 17 211

1273 655 72 19 ROTO
1348 655 65 19 RITA.
1430 656 58 21 N.Z.,
1505 656 160 22 SATURDAY,
1683 657 154 20 DECEMBER
1852 660 29 20 19,
1900 655 47 25 1890

2880 681 282 28 PRICE—'TIIREEPENCI

167 794 48 25 Do
228 795 56 24 not
298 794 120 31 Forget

167 842 251 45 CRAIG'S

130 906 165 18 CURIOSITY
310 907 81 17 SHOP
404 907 46 18 and

219 933 141 23 MUSEUM,

150 974 112 23 Opposite
269 974 80 18 Grand
355 973 78 22 Hotel,

118 1018 118 26 'RINCES
247 1018 43 28 ST,
302 1018 170 26 AUCKLAND.

161 1139 141 16 INSURS
327 1139 93 15 inilXM

74 1174 33 16 TIT
112 1173 98 16 13SOUTH
219 1173 96 15 HRITISH
323 1173 58 15 FIRE
388 1173 13 15 &
410 1172 98 16 MARINE

149 1195 41 16 Coy.
201 1195 30 16 OF
241 1194 55 16 NEW
304 1194 123 16 ZEALAND.

74 1225 74 16 Capital
219 1237 5 8 ,
403 1224 105 19 £1,900,000

118 1253 94 17 Unlimited
226 1253 75 21 liability
309 1253 18 16 of
334 1253 129 16 Share-holders.

73 1275 56 20 Being
138 1281 8 9 a
156 1275 77 16 Colonial
246 1275 103 15 Institution
363 1274 63 16 Profits
439 1280 29 10 are
480 1274 18 15 in-

222 1296 58 16 vested
287 1296 68 20 locally.

73 1318 6 15 ]
83 1317 40 16 read
139 1317 57 20 Office,
415 1316 93 17 Auckland

73 1339 51 16 Local
133 1342 53 17 agent
363 1338 12 16 J
394 1339 26 17 W.
428 1338 49 21 Wrig
481 1338 27 21 ley

75 1408 161 41 ROTORUA
259 1408 92 40 BOOT
374 1408 25 40 &
418 1408 89 40 SHOE

225 1472 126 41 DEPOT,

73 1865 17 18 A
111 1864 66 25 Largo
197 1865 60 18 Stock
278 1865 21 18 of
316 1864 96 23 German,
428 1862 78 19 French

141 1891 40 19 and
191 1891 91 19 Colonial
294 1891 61 18 Boots
365 1890 77 24 always

235 1918 21 18 in
274 1917 68 19 Stock.

75 1954 69 20 BEST
153 1954 77 19 MATE
235 1954 71 19 RIAL.
343 1954 34 18 Bk
382 1954 30 19 ST
421 1952 87 21 WORK

150 1995 159 20 AUCKLAND
319 1994 108 20 PRICES.

73 2074 163 23 Hand-sewn
247 2074 78 23 Boots
336 2080 14 17 a
366 2073 139 29 Specialty.

180 2197 217 30 MAMAXU

71 2236 73 40 SAW
160 2236 24 39 &
212 2236 152 40 PLANING
388 2234 116 40 MILLS,

73 2306 269 22 MOUNTAIN
367 2306 137 23 RI7ITL7,

230 2341 41 13 THE
284 2341 55 13 OXLY

72 2365 133 20 GENUINE
220 2366 59 18 DKY
296 2365 79 19 LAND
393 2365 54 19 TIM
452 2365 53 19 BEE

179 2396 26 17 IX
217 2396 52 17 THE
282 2396 116 17 MAHKET.

104 2443 11 26 I
123 2442 76 18 ESSES
217 2442 100 18 KUSAI3S
335 2441 72 19 BEOS,
421 2442 37 22 bog
475 2447 20 11 re-

71 2461 45 25 jLt..S.
146 2466 102 22 spoctfully
253 2467 20 16 to
281 2466 70 17 inform
361 2465 32 18 the
406 2465 67 18 Public
485 2465 21 17 of

71 2490 77 15 Kotorua
157 2490 32 14 and
201 2489 71 20 vicinity
281 2489 39 15 that
329 2490 41 19 they
387 2489 42 15 have
445 2490 49 14 e«tab-

70 2511 55 15 lished
134 2516 9 10 a
153 2511 43 19 yard
205 2511 16 15 in
234 2510 127 19 lliueinoa-st.,
371 2511 34 14 and
421 2515 30 10 can
466 2514 38 11 now

70 2534 62 18 supply
141 2532 29 15 the
179 2532 50 15 finest
237 2532 43 15 class
294 2532 19 15 of
328 2532 26 15 Bu
424 2531 80 15 Material

70 2554 17 15 in
96 2554 29 15 the
134 2553 74 16 Market.
225 2554 18 14 It.
250 2553 14 15 is
271 2558 28 10 un<
305 2553 69 20 quailed
384 2558 16 10 m
410 2552 94 20 dnrahiliiy

71 2575 33 15 and
113 2575 104 20 impervious
227 2577 16 13 to
253 2575 28 15 the
290 2575 68 15 attacks
374 2574 18 15 of
406 2574 49 15 borer
470 2573 33 16 and

47 2595 1 22 I
71 2596 30 21 dry
113 2599 31 13 rot.
168 2596 53 15 Their
229 2596 84 15 sawmills
320 2601 29 10 «re
358 2596 50 15 fitted
418 2595 41 15 with
476 2595 28 15 the

70 2620 44 13 most
122 2617 69 16 modern
201 2617 98 20 appliances
309 2617 33 15 and
353 2617 29 15 the
391 2617 37 15 firm
441 2616 14 21 is
466 2616 39 15 able

70 2642 17 11 to
103 2639 62 20 supply
182 2644 33 15 any
231 2639 82 20 quantity
330 2638 18 15 of
363 2638 38 21 Dry
420 2638 84 19 Building

47 2660 1 27 j
70 2660 81 16 Material
159 2666 21 9 on
189 2660 29 16 ilie
227 2662 75 14 shortest
310 2660 62 16 notice.

72 2711 139 29 Skirtings,
221 2711 179 27 Architraves,
406 2711 82 22 Mould-

106 2747 66 28 ings,
186 2747 51 23 and
247 2747 112 22 Dressed
368 2747 103 22 Timber

136 2786 27 23 of
172 2793 80 22 every
268 2786 167 29 description,

162 2829 109 28 Always
283 2836 33 15 on
326 2829 84 23 Hand.

95 2864 119 21 HENAU
226 2864 107 22 HOUSE
345 2863 130 23 BLOCKS.

90 2911 50 16 Price
148 2911 48 15 Lists
204 2916 21 10 on
234 2911 104 21 application
348 2913 19 13 to

47 2926 2 64 I
71 2946 223 32 KUSABS
333 2945 149 32 BROS

144 2996 118 17 MAMAXU
274 3001 27 12 on
313 2995 115 18 OIIAUPO.

198 3033 27 17 Or
233 3034 20 16 ut
261 3033 32 17 the
306 3033 69 20 Yards,

92 3069 124 18 HINEMOA
230 3069 102 20 STREET,
353 3069 127 17 ROTORUA.

175 3136 97 30 n

71 3196 432 36 CIEPENTEE,

175 3245 105 19 FENTON
295 3245 104 22 STREET,

163 3297 100 17 Opposite
313 3297 79 17 Ghaxd.

94 3332 66 17 Sashes
168 3331 55 17 made
232 3333 20 15 to
261 3331 60 18 order.

94 3376 42 45 G
150 3377 17 17 E
181 3376 22 18 °'

371 3377 18 17 U
402 3377 17 17 L
431 3378 16 16 E
456 3378 24 20 Y,

71 3455 122 23 Plumber
210 3455 21 22 &
243 3454 112 23 General
367 3455 137 22 Mechanic

162 3513 131 19 Tutankjcat
313 3512 92 22 Street,

134 3569 121 22 ROT
273 3568 29 23 O
320 3569 31 20 R
368 3569 32 21 U
418 3568 32 21 H

73 3615 24 2 ~

71 3694 107 21 SADDLE,
192 3694 124 21 HARNESS,
332 3694 54 17 AND
404 3694 101 17 COLLAR

240 3726 99 20 MAKER,

113 3765 180 23 FENTON-ST.,
309 3767 152 19 ROTORUA.

72 3829 102 22 Saddles,
191 3829 94 22 Bridles,
302 3829 94 23 Collars,
412 3830 90 22 Chains,

92 3862 56 21 Bits,
156 3861 80 22 Spurs,
245 3861 104 18 Harness
363 3862 67 23 Soap,
440 3862 39 18 &c.

59 3926 2 22 i
93 3927 118 19 Coaclialine,
222 3932 11 11 a
249 3926 114 22 waterproof
380 3927 124 21 pioscrvativo

47 3948 3 26 I
57 3948 5 23 j
71 3951 28 18 for
108 3951 25 18 all
141 3950 56 17 kinds
206 3950 20 17 of
239 3949 77 17 leather.

60 3976 2 27 |
93 3982 85 21 Axleine,
197 3988 11 11 a
221 3981 72 22 perfect
309 3980 96 18 lubricant
420 3981 29 17 for
464 3986 30 12 car-

72 4006 64 23 riages,
147 4010 98 18 waggons,
255 4005 32 17 &c.

60 4028 2 30 |
93 4037 72 18 Collars
174 4036 54 18 made
242 4037 20 16 to
276 4040 84 12 measure
375 4040 25 12 on
415 4035 33 16 the
462 4040 42 17 pre-

47 4061 16 16 H
72 4061 54 18 mifuss
134 4067 10 10 a
153 4059 104 23 speciality.
295 4057 124 23 Lengthened
431 4058 63 22 experi-

71 4089 42 12 fence
122 4084 20 16 in
151 4083 26 18 all
185 4083 67 18 classes
261 4082 20 17 of
287 4081 95 18 Saddler's
393 4080 56 17 work.
474 4080 32 17 All

73 4106 61 18 orders
143 4106 98 23 promptly
250 4104 91 18 attended
353 4106 27 15 to.

47 4151 4 32 |
63 4151 1 32 j
76 4157 73 23 A.gent
158 4156 36 18 for
203 4156 28 18 H.
241 4155 28 19 H.
281 4153 113 23 Howden,
409 4153 81 18 Watch-

59 4174 7 26 |
93 4180 81 20 maker
179 4179 46 19 and
231 4178 113 22 Jeweller,
353 4174 127 26 Hamilton.

825 885 146 47 ROTO
980 885 126 50 Rim
1152 885 125 45 .NEW
1314 885 276 47 ZEJIUIJiD.

577 974 180 18 OTORUA.—This
765 975 105 18 wonderful
878 976 73 17 district
959 976 15 16 in
983 975 131 22 unparalleled
1122 976 19 16 in
1150 976 31 16 tlio
1190 976 70 17 known
1269 976 60 17 world
1338 976 30 17 for
1376 976 32 17 the
1417 976 80 17 number
1505 977 38 16 and
1552 978 73 22 variety
1636 978 20 17 of
1663 978 25 17 its
1697 978 88 17 Thermal
1794 978 85 22 Spring's.

559 999 16 17 fcj
599 999 26 16 As
633 1004 13 11 a
653 998 66 17 health
727 1000 61 16 resort
796 999 25 17 its
829 999 109 22 popularity
945 999 17 17 is
970 999 76 22 rapidly
1054 999 112 22 increasing,
1176 999 39 17 and
1227 999 43 17 that
1284 999 80 22 entirely
1382 1006 25 10 on
1420 1000 25 17 its
1463 1006 40 11 own
1521 1000 71 21 merits,
1611 1007 19 11 as
1648 1001 84 18 hitherto
1749 1002 82 23 nothing
1848 1002 33 17 has

530 1021 48 18 been
586 1021 47 18 done
643 1021 20 17 in
671 1021 32 17 the
713 1027 42 17 way
764 1022 21 17 of
792 1022 122 23 advertising.

553 1044 86 18 Patients
648 1045 92 22 suffering
748 1045 47 17 from
806 1046 86 20 Chronic,
902 1045 101 20 Articular,
1013 1045 38 16 and
1060 1045 98 18 Muscular
1165 1045 129 20 rheumatism,
1305 1046 56 20 Gout,
1372 1046 102 17 Rhumatie
1482 1046 55 21 Gout,
1552 1047 46 17 Skin
1607 1047 93 21 Diseases,
1717 1048 86 20 Sciatica,
1822 1049 44 17 Lum-

530 1068 56 21 bago.
604 1068 111 22 Neuralgia,
733 1068 87 18 Nervous
835 1068 126 19 Exhaustion.
980 1068 78 18 Uterine
1074 1068 100 20 Ailments,
1192 1068 38 18 and
1246 1068 57 23 tardy
1319 1070 143 17 convalescense
1478 1070 49 17 from
1543 1071 56 16 acute
1616 1070 80 18 diseases
1714 1077 43 17 may
1773 1072 40 22 rely
1830 1078 51 16 upon

531 1091 97 22 obtaining
639 1091 90 17 iiiiuiC-noG
738 1091 59 21 relief,
807 1092 38 17 and
854 1098 18 8 »■
880 1092 32 15 thn
920 1092 91 22 majority
1020 1091 19 17 of
1048 1097 50 12 eases
1108 1098 10 10 a
1128 1092 91 21 complete
1229 1098 49 9 <•««».

553 1152 53 17 THE
620 1152 112 17 PRIEST'S
741 1152 146 18 PATH.—This
895 1153 15 17 is
919 1152 88 22 strongly
1016 1152 47 18 acid,
1077 1152 113 21 aluminous,
1207 1153 79 22 sulphur
1303 1154 64 20 water,
1386 1154 65 22 acting
1468 1160 20 11 as
1505 1160 10 11 a
1532 1155 93 21 powerful
1643 1155 42 18 skin
1702 1155 104 18 stimulant.
1840 1157 42 17 Hot

531 1174 37 18 and
577 1174 42 18 cold
626 1175 90 20 showers,
726 1175 38 17 and
773 1175 81 18 douches
863 1182 31 11 are
902 1176 91 22 provided
1002 1176 37 17 and
1048 1176 127 21 comfortably
1183 1176 87 17 enclosed
1279 1176 87 23 dressing
1375 1183 62 11 rooms

554 1199 114 17 MADAME
689 1199 126 17 RACHEL'S
835 1199 147 17 BATH.—This
990 1199 106 17 celebrated
1106 1199 70 22 Spring
1183 1199 16 17 is
1208 1205 10 11 a
1234 1199 64 18 Saline
1312 1201 59 16 water
1384 1200 48 18 with
1448 1200 90 21 Silicates,
1553 1200 39 18 and
1604 1201 35 17 lias
1655 1207 24 12 an
1693 1202 82 18 alkaline
1791 1203 90 17 reaction.

531 1221 38 17 The
579 1223 58 16 water
645 1222 16 16 is
669 1221 41 18 also
719 1228 21 11 us
747 1222 17 17 id
773 1222 102 22 internally
884 1223 29 17 for
920 1223 25 16 its
954 1222 98 17 beneficial
1060 1223 64 16 action
1133 1228 24 11 011
1166 1223 31 16 the
1207 1222 85 22 kidneys.

553 1244 53 17 THE
626 1245 70 17 BLUE
717 1245 146 18 BATH.—This
879 1246 15 17 is
912 1246 31 16 the
960 1246 72 22 largest
1047 1246 77 17 natural
1141 1246 108 22 swimming
1264 1246 47 17 bath
1326 1246 21 17 in
1361 1247 33 16 the
1410 1247 94 17 Southern
1512 1247 133 23 Hemisphere.
1671 1248 20 17 It
1700 1249 68 17 affords
1776 1249 106 18 rheumatic

530 1268 81 17 invalids
620 1274 7 11 a
639 1274 65 12 means
713 1269 20 16 of
741 1268 68 23 taking
816 1269 82 22 painless
907 1268 87 21 exercise,
1005 1268 61 18 which
1075 1269 46 22 they
1129 1268 68 23 highly
1206 1269 113 22 appreciate.

554 1291 52 17 THE
616 1291 124 17 SULPHUR
748 1291 106 18 VAPOUR
861 1292 147 17 BATH.—This
1014 1292 16 17 is
1035 1298 12 10 a
1053 1292 76 17 natural
1134 1292 35 17 hot
1174 1298 78 16 vapour,
1258 1293 70 22 highly
1333 1293 83 22 charged
1422 1293 46 17 with
1474 1293 80 22 sulphur
1562 1300 61 17 gases,
1637 1294 105 18 conducted
1756 1295 40 18 into
1810 1301 12 11 a
1836 1302 33 16 pro-

531 1314 52 22 perly
593 1315 120 17 constructed
719 1315 57 19 chest,
785 1315 19 17 in
810 1315 61 18 which
878 1315 31 17 the
916 1316 32 17 the
954 1315 74 22 patient
1033 1315 39 21 sits,
1081 1315 56 18 while
1144 1315 79 23 sulphur
1228 1315 20 17 in
1254 1322 23 11 an
1282 1316 117 22 impalpable
1405 1317 48 16 form
1460 1317 16 17 is
1481 1317 58 23 being
1545 1318 108 22 constantly
1659 1318 98 22 deposited
1762 1325 25 11 on
1794 1319 31 17 the
1832 1319 48 17 skin.

554 1338 52 17 THE
626 1338 61 17 NEW
709 1338 123 18 SULPHUR
852 1338 146 18 BATH.—This
1010 1338 16 17 is
1038 1345 12 10 a
1061 1345 46 15 very
1120 1340 67 21 strong
1199 1338 59 19 acidic
1270 1340 59 16 water
1342 1340 19 17 of
1373 1339 49 22 high
1434 1341 132 21 temperature,
1580 1340 39 18 and
1635 1341 86 23 strongly
1738 1343 144 17 recommended

530 1360 20 17 in
567 1367 50 11 cases
633 1362 21 16 of
670 1362 123 16 rheumatism
802 1362 38 17 and
849 1362 56 17 allied
914 1362 86 17 diseases.
1025 1362 39 17 The
1072 1362 48 17 bath
1134 1362 58 18 house
1209 1362 15 18 is
1241 1362 76 18 divided
1333 1362 41 18 into
1391 1362 68 18 Ladies
1475 1363 38 18 and
1529 1364 122 17 Gcntlemcns
1669 1364 128 23 departments
1811 1366 39 17 and
1865 1366 16 17 is

531 1384 76 22 capable
617 1385 20 16 of
644 1384 165 22 accommodating
816 1387 36 15 -100
860 1385 76 17 bathers
945 1385 57 22 daily.

553 1407 101 18 LADIES'
668 1407 60 18 NEW
736 1408 141 18 SWIMMING
889 1409 75 16 BATH.
966 1409 69 17 —This
1042 1409 16 16 is
1067 1414 11 11 a
1093 1410 64 16 recent
1168 1414 73 13 annexe
1251 1410 19 16 to
1279 1410 31 17 the
1321 1410 71 17 Rachel
1401 1410 92 18 Pavilion.
1520 1411 19 17 It
1547 1411 16 17 is
1573 1413 22 15 50
1604 1412 40 17 feet
1652 1412 47 22 long
1707 1413 26 21 by
1742 1414 20 16 21
1775 1413 37 17 feet
1826 1413 54 20 wide,

530 1431 25 16 its
564 1432 83 21 greatest
656 1430 59 23 depth
722 1432 16 16 is
747 1433 10 14 4
767 1432 38 16 feet
813 1432 38 17 and
860 1432 24 17 its
894 1432 87 22 capacity
988 1432 66 21 25,000
1063 1432 81 22 gallons.
1169 1433 20 16 It
1197 1432 16 17 is
1221 1433 52 16 filled
1286 1433 46 17 with
1342 1438 59 13 water
1409 1434 49 17 from
1469 1434 31 17 the
1509 1434 71 17 Rachel
1590 1435 72 23 Spring
1671 1435 60 18 which
1740 1436 16 17 is
1765 1432 117 22 maintained

531 1455 19 16 at
559 1461 8 9 a
578 1455 127 21 temperature
714 1455 20 17 of
743 1455 21 17 98
774 1454 83 21 degrees.

554 1477 52 17 THE
616 1477 164 19 ELECTRICAL
788 1478 183 18 DEPARTMENT.
972 1478 68 18 —This
1050 1478 121 23 department
1185 1479 16 17 is
1217 1479 71 22 replete
1304 1480 48 16 with
1365 1480 33 17 the
1415 1482 49 15 most
1478 1480 78 18 modern
1573 1482 108 21 appliances
1699 1482 29 17 for
1745 1483 88 22 carrying
1848 1484 34 16 out,

531 1501 73 16 various
614 1501 58 17 forms
682 1501 20 16 of
711 1501 78 17 medical
798 1501 93 18 electrical
900 1503 103 16 treatment
1011 1502 19 16 in
1039 1501 49 18 their
1100 1502 87 22 entirety.

554 1524 52 17 THE
613 1524 191 17 HYDROPATHIC
810 1525 118 17 PACKING
933 1524 54 17 AND
994 1524 121 18 MASSAGE
1121 1525 226 18 DEPARTMENT.—A
1353 1526 56 19 series
1415 1527 20 17 of
1441 1533 61 12 rooms
1509 1533 31 12 are
1549 1528 99 18 furnished
1656 1529 39 17 and
1703 1530 29 16 set
1738 1531 55 20 apart
1799 1529 30 18 for
1836 1529 45 18 each

531 1552 38 14 sex,
576 1547 19 17 in
600 1547 57 17 order
662 1548 19 16 to
691 1554 54 16 carry
750 1549 35 16 out
793 1548 37 17 this
835 1548 105 23 important
945 1548 81 22 adjunct
1031 1550 19 15 to
1057 1549 109 17 treatment.
1173 1549 38 17 The
1217 1550 79 17 services
1302 1550 21 17 of
1328 1556 11 11 a
1345 1550 89 23 qualified
1441 1551 94 17 Masseuse
1541 1551 37 17 and
1584 1552 86 17 Masseur
1678 1558 32 11 are
1719 1552 113 18 obtainable.

531 1603 89 18 Resident
628 1603 110 20 Engineer:

600 1627 117 17 CAMILLE
730 1627 133 21 MALFROY,
874 1628 44 19 Esq.

1427 1606 90 18 Resident
1525 1607 83 18 Medical
1617 1606 169 24 Superintendent:

1503 1631 105 17 ALFRED
1622 1632 120 21 GINDEIiS,
1756 1632 53 18 M.D.

738 1873 59 24 Two
809 1874 70 23 miles
893 1873 75 31 from
987 1874 123 28 Rotorua,
1132 1873 134 31 adjoining
1279 1874 153 31 interesting
1441 1875 83 23 native
1534 1876 145 24 settlement.

709 1929 366 54 GEYSER
1132 1910 175 87 ##Se
1362 1931 338 55 HOTEL.

1052 2031 118 23 PAT
1185 2032 24 22 R
1230 2031 21 23 O
1270 2032 31 23 N
1320 2032 20 23 S
1350 2041 11 16 ;

671 2070 55 19 Earl
751 2070 26 18 of
799 2070 106 23 Kintore,
933 2070 54 19 Earl
1012 2071 25 18 of
1061 2071 100 22 Onslow,
1184 2072 105 23 Marquis
1310 2072 27 18 of
1355 2072 129 24 Drogheda,
1508 2072 61 19 Lord
1592 2073 145 23 Carrington.

531 2102 87 31 rpIIIS
633 2102 94 19 HOTEL
738 2103 35 18 lias
783 2102 90 25 recoutly
883 2103 52 18 been
945 2103 143 24 considerably
1098 2103 103 24 enlarged,
1211 2104 117 23 renovated,
1342 2105 40 17 and
1392 2105 130 18 refurnished
1531 2105 115 24 regardless
1656 2106 21 18 of
1693 2112 94 18 expanse,
1806 2106 38 18 and
1862 2107 18 18 is

545 2124 7 23 I
596 2128 73 25 widely
680 2129 74 18 known
766 2129 31 18 for
807 2129 27 18 its
844 2129 98 19 excellent
953 2129 178 22 accommodation,
1144 2129 87 23 Cuisine,
1245 2131 32 18 &c.

907 2164 74 23 Here
995 2173 44 14 arc
1051 2164 41 23 the
1107 2164 80 32 Chief
1194 2165 88 31 Sights
1295 2166 31 30 of
1334 2166 40 23 the
1387 2164 116 32 District.

660 2204 48 19 The
716 2205 140 18 Wonderful
866 2206 80 18 Steam
955 2206 47 17 and
1011 2206 49 17 Hot
1068 2206 84 18 Water
1161 2206 130 23 Petrifying
1300 2207 100 22 Geysers
1415 2208 79 22 playing
1506 2208 67 21 nearly
1591 2209 32 15 100
1641 2208 38 17 feet
1695 2208 54 22 high.

529 2227 132 24 Petrifying
670 2229 106 22 Geysers,
787 2229 128 18 Cauldrons
926 2229 26 17 of
958 2229 91 23 Boiling
1057 2229 58 18 Mud
1124 2229 46 18 and
1181 2229 41 19 Oil.
1249 2230 76 23 Spout
1335 2230 65 23 Bath,
1413 2230 35 19 Oil
1458 2230 64 23 Bath,
1532 2230 73 18 Alum
1615 2230 59 19 Bath
1684 2231 20 18 &
1719 2232 78 17 Jack's
1811 2232 66 19 Bath.

529 2251 81 19 Known
620 2253 33 17 for
660 2252 34 18 the
702 2253 153 23 extraordinary
864 2259 56 12 cures
928 2255 21 16 of
959 2253 149 24 Rheumatism,
1120 2253 119 24 .Neuralgia,
1250 2253 114 26 Lumbago,
1374 2255 91 22 Sciatica,
1475 2255 88 24 Kidney,
1576 2254 61 20 Liver
1645 2255 41 19 and
1693 2255 58 19 other
1759 2256 120 25 complaints

647 2286 40 47 C.
715 2288 41 43 E.
779 2288 35 45 «N
827 2287 188 47 ELSOJsJ.

940 2345 104 26 Guide

1343 2345 125 26 SoiDliia.

1481 2289 280 55 Proprietor.

950 2508 39 23 Oil
1014 2509 39 22 the
1078 2509 91 23 Direct
1192 2510 81 22 Route
1294 2513 23 20 to
1337 2510 119 23 Rotorua-

764 2547 46 19 For
827 2548 106 23 Scenery,
950 2548 110 19 Curative
1072 2549 132 23 Properties
1213 2550 27 18 of
1246 2550 40 18 the
1295 2550 74 18 Baths
1378 2550 47 19 and
1434 2551 207 23 accommodation,

673 2579 122 25 EXCEL
827 2580 69 24 ALL
930 2580 140 26 PLACES
1103 2581 46 25 OF
1180 2582 73 24 THE
1289 2582 86 25 KIND
1410 2583 31 25 IN
1474 2583 73 25 THE
1582 2583 160 26 COLONY.

553 2643 66 19 These
630 2644 94 25 Springs,
735 2644 65 19 which
812 2644 32 19 for
854 2644 53 19 their
927 2644 96 19 Curative
1032 2645 118 25 Properties
1161 2646 40 18 and
1211 2645 138 20 Comfortable
1359 2646 97 25 Fittings,
1469 2647 51 18 have
1531 2646 50 20 been
1599 2649 130 23 pronounced
1745 2649 27 22 by
1789 2650 26 18 all
1832 2650 46 18 who

527 2669 52 19 have
599 2670 74 18 visited
693 2670 57 19 them
767 2676 75 13 skcoxd
860 2676 24 13 to
901 2677 54 13 xoxe
973 2677 22 13 ix
1011 2671 52 19 New
1080 2671 106 19 Zealaxd.
1215 2672 42 18 The
1271 2679 111 12 numerous
1392 2673 134 18 testimonials
1537 2674 93 19 received
1640 2681 22 12 as
1674 2677 21 16 to
1705 2676 53 18 their
1768 2683 57 12 cures
1836 2676 41 19 and

527 2696 86 18 comfort
623 2696 77 18 should
719 2697 26 18 be
762 2697 99 19 sufficient
879 2700 20 15 to
916 2697 72 19 induce
1004 2697 92 19 Tourists
1113 2697 40 19 and
1166 2700 68 17 others
1251 2701 20 16 to
1282 2698 47 19 visit
1342 2698 61 19 them.
1432 2699 32 18 No
1475 2702 58 16 extra
1542 2700 76 25 charge
1629 2700 17 19 is
1656 2701 59 19 made
1726 2702 31 18 for
1766 2702 35 19 the
1811 2709 35 12 use
1857 2703 22 18 of

527 2722 34 18 tlio
572 2722 61 19 baths
644 2725 19 16 to
675 2729 84 18 persons
769 2723 82 25 staying
861 2726 20 16 at
891 2723 34 18 tlio
935 2723 63 19 hotel.

847 2771 83 25 THE
957 2770 219 26 OKOROIRE
1206 2771 283 27 SANATORIUM

553 2810 22 19 Is
585 2811 111 19 connected
706 2811 49 18 with
766 2811 34 19 the
811 2811 135 25 Telegraphic
955 2815 75 21 system
1041 2813 21 18 of
1072 2813 35 18 the
1117 2812 83 25 Colony,
1210 2813 35 18 the
1253 2813 115 25 Telegraph
1381 2814 61 18 Office
1453 2814 108 25 adjoining
1571 2815 35 18 tlio
1616 2815 71 19 Hotel.
1716 2816 35 19 All
1758 2817 119 25 Telegrams

528 2837 102 25 promptly
639 2837 80 24 replied
728 2841 27 14 to.

554 2862 97 23 Coaches,
661 2863 100 25 Buggies,
774 2864 40 18 and
824 2863 143 25 Conveyances
976 2864 21 19 of
1007 2865 26 18 all
1044 2865 61 18 kinds
1124 2865 57 18 leave
1199 2865 41 18 this
1256 2865 65 19 Hotel
1338 2872 24 12 on
1382 2865 109 25 Tuesdays,
1514 2867 124 24 Thursdays,
1658 2867 40 19 and
1717 2868 119 24 Saturdays,
1855 2876 23 12 or

527 2888 55 25 daily
592 2889 17 18 if
619 2890 104 24 required.
766 2890 87 18 Persons
872 2897 24 11 en
915 2892 59 17 route
993 2890 30 19 for
1042 2891 93 18 liotorua
1150 2897 33 13 are
1202 2891 103 19 therefore
1325 2891 87 20 enabled
1434 2896 18 15 to
1472 2893 47 18 visit
1528 2893 36 18 tlio
1580 2893 92 19 wonders
1682 2894 21 19 of
1717 2894 103 25 Okoroire,
1837 2896 40 18 and

528 2915 60 25 enjoy
599 2915 35 19 the
644 2916 90 18 Natural
745 2916 43 18 Hot
798 2916 66 19 Baths
873 2916 39 18 and
922 2923 11 11 a
943 2916 57 25 day's
1011 2919 40 16 rest
1060 2917 96 25 previous
1166 2920 19 15 to
1197 2917 140 25 undertaking
1347 2924 11 13 a
1368 2918 88 25 journey
1467 2921 19 16 to
1496 2919 35 18 the
1542 2919 74 19 Lakes.

1089 2965 82 16 THIS
1198 2966 120 16 HOTEL

701 2992 45 19 Has
753 2992 91 25 recently
854 2992 49 19 been
915 2993 86 22 erected,
1011 2993 38 18 and
1065 2994 16 18 is
1092 2994 76 24 replete
1179 2994 48 18 with
1245 3001 60 17 every
1315 2996 87 17 comfort
1413 2996 31 17 for
1453 2996 92 18 Tourists
1555 2996 40 18 and
1606 2996 99 20 Invalids.

557 3017 186 21 Note.—Tourists
753 3021 21 17 to
784 3017 102 31 liotorua!
915 3018 31 19 Be
955 3025 46 13 sure
1015 3023 20 15 to
1052 3020 48 18 take
1118 3027 52 17 your
1188 3022 30 17 rai
1228 3027 44 18 way
1291 3021 73 19 tickets
1383 3022 32 18 for
1432 3021 112 20 Okokoihe.
1584 3022 142 26 Conveyances
1742 3026 52 17 meet
1813 3024 64 19 trains

529 3044 103 23 Okoroire,
644 3045 96 24 carrying
748 3051 123 19 passengers
881 3048 19 15 to
911 3044 63 19 Hotel
985 3046 42 18 free
1043 3046 21 18 of
1073 3046 82 24 charge.

707 3079 45 45 L.
793 3079 381 49 CALLAGHAN.
1270 3107 18 7 -
1388 3107 17 8 -
1500 3082 256 57 Manager.

788 3416 244 41 EXPRESS
1068 3417 135 38 LINE
1240 3419 70 40 OF
1348 3419 265 40 COACHES.

530 3466 229 57 Carrying
778 3468 96 46 .Her
900 3467 254 58 .Majesty's
1190 3468 136 47 Mails
1359 3482 52 34 as
1449 3482 82 43 per
1562 3471 312 53 Time-tables.

692 3540 275 18 TAURANGA-ROTORUA
979 3540 69 18 LINE.

1380 3543 218 18 ROTORUA-TAUPO
1615 3544 71 18 LINE,

1381 3575 30 16 nrt
1592 3575 39 18 and
1652 3576 95 22 Saturday

1458 3667 99 22 Thursday
1571 3667 38 18 and
1626 3668 85 22 Monday

1814 3583 3 11 i
1830 3583 44 11 a.m.

1816 3605 58 12 noon.

1790 3624 30 16 4.5
1828 3629 46 16 p.m.

1808 3648 10 14 5
1827 3652 47 16 p.m.

1806 3670 9 16 7
1829 3675 45 11 a.m.

1790 3692 30 17 5.5
1829 3698 44 11 a.m.

1770 3715 52 17 11.30
1829 3721 44 11 a.m.

1777 3739 41 16 •1.30
1827 3744 46 16 p.m.

696 3789 124 32 Special
835 3789 229 31 Conveyances
1078 3790 158 30 arranged
1248 3789 48 26 lor
1311 3791 33 24 at
1357 3790 54 25 the
1425 3791 146 26 Shortest
1584 3791 121 26 Notice.

853 3826 200 26 STABLES:
1072 3826 169 26 Tutanekai
1270 3827 112 30 Street,
1407 3827 142 26 Rotorua.

693 3866 112 33 Buggies,
824 3867 117 32 Geacf?e§
959 3867 52 32 ar?d
1028 3866 96 28 Saddle
1143 3866 93 33 gorges,
1251 3876 31 23 or?
1301 3867 51 32 tyre
1370 3876 31 23 et?
1481 3869 121 31 Shortest
1620 3869 95 33 I^ctiee.

1013 3907 131 17 TERMS
1172 3909 216 16 MODERKTe.

878 3938 145 30 Telegrams
1035 3937 54 23 and
1098 3937 99 24 Letters
1205 3938 151 30 punctually
1369 3939 117 23 attended
1495 3942 29 21 to.

527 4005 77 25 NB.
642 4003 114 26 Please
769 4002 74 25 note
856 4002 132 25 address

647 4042 63 64 6.
746 4040 472 66 'ROBERTSON
1267 4042 48 64 5
1350 4042 127 69 CO,,
1518 4050 234 51 Rotorua.

858 4123 307 44 contractors
1188 4116 76 48 for
1279 4106 183 61 Aessrs
1482 4121 44 46 T.
1551 4121 127 46 Cook,
1698 4121 49 48 &
1767 4121 103 48 Son.

2811 744 218 49 IMPERIAL
3082 753 145 51 HOTEL,

2855 802 119 24 PORT
2999 807 193 25 STREET.

2945 842 158 23 AUCKLAND.

2801 902 2 29 I
2814 902 4 29 _
2839 902 95 24 Splendid
2949 908 165 20 accommodation
3126 911 31 18 for
3169 912 51 19 Tour-

2801 927 2 32 j
2813 927 36 19 ists
2857 929 39 17 and
2906 929 116 23 Travellers.

2829 966 181 31 High-class
3029 972 107 26 Wines
3157 976 61 24 and

2923 1000 113 32 Spirits
3049 1005 81 32 kept.

2802 1075 2 43 |
2858 1079 39 25 W.
2933 1081 29 25 H.
2992 1083 118 27 PEAR
3126 1086 56 25 CE
3187 1075 4 43 ;

2939 1119 173 33 Proprietor.

2846 1173 48 46 E.
2943 1176 263 59 LYONS,

2936 1239 181 41 TAIL.OB,

2818 1286 33 24 (In
2861 1289 35 17 tiio
2909 1294 95 18 premises
3021 1291 61 24 lately
3102 1294 94 23 occupied
3213 1296 27 19 bv

2922 1314 26 19 11.
2959 1315 33 19 W.
3003 1316 134 27 Neighbour.)

2805 1346 1 28 ■
2836 1346 80 19 MAIN
2930 1348 87 23 ROAD,
3032 1350 188 24 OHINEMUTU.

2805 1377 1 46 I
2820 1395 38 21 T>
2866 1396 196 23 ESPECTFULLY
3070 1400 47 20 calls
3127 1402 34 19 the
3177 1406 63 17 attcn-

2821 1421 42 20 JLIb
2891 1423 42 19 tion
2943 1425 21 17 of
2974 1425 105 21 Residents
3088 1430 19 16 to
3116 1428 29 18 his
3154 1435 39 14 new
3203 1431 37 18 and

2795 1448 1 20 .
2816 1448 69 19 varied
2895 1449 55 19 stock
2965 1451 21 17 of

2820 1481 121 26 SPRING
2951 1485 22 22 &
2985 1485 136 25 SUMMER
3135 1489 104 25 GOODS.

2832 1550 65 20 Style
2913 1553 15 18 &
2938 1552 89 21 Perfect
3038 1555 38 19 Fit
3083 1555 146 23 Guaranteed.

2851 1606 23 23 J.
2896 1606 30 24 H.
2948 1607 18 24 B
2980 1607 19 25 U
3013 1609 21 24 C
3048 1609 20 25 H
3080 1611 20 23 A
3114 1611 19 24 N
3145 1612 21 24 A
3178 1613 30 29 N,

2891 1655 93 26 Stone
2997 1658 170 28 Merchant.

2910 1702 173 20 ESTABLISHED
3100 1708 48 16 1802.

2841 1750 115 24 Statuary,
2984 1753 158 21 Monumental
3173 1758 45 18 and

2934 1775 95 19 General
3038 1777 87 20 Mason.

2933 1811 167 19 &freestone
3109 1815 115 19 cnnrxFY-

2841 1832 95 22 PIECES,
2954 1835 123 23 MANTELS,
3092 1837 83 23 VASES,
3185 1840 32 18 &c.

2795 1860 1 41 !
2795 1860 1 41 '
2845 1867 135 27 VICTORIA
2999 1870 116 26 STREET
3133 1873 79 28 EAST,

2795 1905 1 43 '
2820 1905 346 40 KUCKLRN
3181 1914 58 34 D,

2843 1967 87 25 Designs
2948 1970 39 18 and
3007 1967 63 27 I'rices
3088 1972 113 21 forwarded
3218 1977 21 17 to

2795 1994 1 31 i
2804 1994 2 31 j
2818 2000 37 14 any
2865 1997 45 21 part
2920 1995 21 18 of
2950 1996 33 18 the
2992 1996 97 21 .Province
3099 2005 22 12 or
3128 1999 76 26 Colony
3214 2008 26 11 oa

2795 2018 1 26 ■
2804 2018 2 26 j
2817 2020 126 24 application.

2924 2080 102 44 eele
3048 2080 66 46 Br

2829 2176 186 42 MARAEROA
3060 2179 157 42 SAWMILL

2820 2260 127 42 DESIRE
2956 2261 24 18 to
2989 2261 74 19 thank
3071 2262 38 19 the
3118 2263 76 23 public
3203 2265 34 18 for

2882 2284 53 22 past
2949 2284 76 19 favors
3040 2286 42 17 and
3098 2286 44 23 beg-
3161 2290 24 15 to
3201 2293 25 13 an-

2803 2305 1 28 |
2815 2311 89 13 noimce
2912 2307 52 19 that
2971 2307 86 24 having
3065 2314 13 12 a
3092 2309 62 24 large
3168 2312 68 17 stock

2803 2328 1 31 J
2815 2329 26 18 of
2849 2329 172 20 well-seasoned
3029 2331 118 20 first-class
3156 2333 81 19 timber

2803 2351 1 30 j
2815 2358 29 13 on
2852 2352 62 19 hand
2923 2354 54 22 they
2985 2359 38 13 are
3032 2356 110 22 prepared
3149 2357 24 17 to
3180 2357 56 18 fulfil

2803 2373 1 27 |
2815 2376 76 18 orders
2901 2377 25 17 at
2935 2377 97 19 reduced
3041 2379 66 18 rates.

3008 2445 161 22 TTAEIiISON,
3183 2448 21 17 15.
3207 2448 21 16 A.

2848 2507 141 18 BAItPISTEII
3003 2508 51 17 AND
3063 2508 137 23 SOLICITOR,

2827 2547 38 20 lIS,
2886 2547 96 17 Victoria
3001 2547 85 21 Arcade,
3108 2549 116 18 Auckland.

2814 2626 91 18 Banister
2917 2627 35 16 and
2968 2626 83 18 Solicitor
3065 2628 19 16 of
3100 2628 31 17 tlio
3148 2628 87 23 Supreme

2906 2650 62 20 Court,
2975 2650 82 17 Ontario.
3064 2651 79 18 Canada.

2796 2881 3 23 •
2814 2881 72 18 Losses
2894 2881 51 17 Paid
3114 2882 120 22 £:>0,000,000

2801 2907 2 28 !
2814 2913 49 17 Fire
2877 2913 96 17 Pkemium
2988 2912 110 18 Exceeds-..
3108 2914 126 21 ..£[,100,000

2801 2942 2 24 j
2813 2944 148 17 Accumulated
2964 2944 67 17 Fuxds
3037 2944 80 17 Exceed
3126 2944 108 22 £1,000,000

2882 2983 37 18 W.
2941 2983 91 18 WARD
3050 2984 107 22 BAKER,

2801 3003 3 21 [

2845 3022 95 19 District
2948 3022 114 24 Manager,
3071 3023 127 19 Auckland.

2900 3062 34 19 W.
2947 3063 26 18 A.
2988 3062 161 23 WILLIAMS,

2871 3102 67 19 Local
2958 3102 82 23 Agent,
3067 3102 106 19 Rotorua.

2866 3144 365 62 MVm'SHERRIFF,"

2898 3235 68 18 FAMI
2973 3234 34 19 LY
3025 3234 45 19 BUI
3078 3234 79 23 CHER,

2865 3285 16 17 A
2888 3290 43 13 HAW
2933 3292 10 10 A
2968 3290 89 17 BTKKET,
3079 3283 103 20 itOTOkliA.

2838 3333 21 19 Is
2878 3339 45 12 now
2940 3332 94 25 carrying
3051 3339 25 12 on
3095 3333 33 18 tlio
3145 3333 91 19 business

2813 3367 61 24 lately
2893 3366 109 19 conducted
3022 3367 26 24 by
3065 3366 73 19 Messrs
3156 3367 78 18 Jecklia

2812 3401 40 19 and
2862 3401 73 23 Cotter,
2947 3401 38 18 and
2997 3401 16 18 is
3023 3401 97 24 prepared
3130 3405 20 14 to
3163 3401 72 24 supply

2812 3436 33 18 the
2856 3435 68 25 public
2934 3435 46 18 with
2992 3435 63 25 prime
3062 3434 76 26 quality
3150 3436 20 17 of
3182 3438 52 15 meat

2811 3470 40 18 and
2860 3470 58 18 small
2928 3469 61 26 goods

2883 3513 36 18 AT
2933 3512 115 19 LOWEST
3063 3512 100 19 PI.'ICES.

2837 3577 80 22 WYN'
2922 3576 87 23 YARD
3022 3577 21 22 &
3051 3576 155 29 PURCHAS,

2870 3627 127 19 Barristers
3004 3633 42 13 axd
3057 3627 118 23 Solicitors,

2810 3682 32 18 15.
2842 3682 44 18 N.Z.
2896 3681 117 24 Chambers,
3022 3682 66 20 Queen
3094 3682 27 23 St,
3130 3681 102 19 Auckland

2903 3776 51 19 have
2964 3783 71 18 money
3044 3779 19 16 to
3074 3776 44 18 lend
3130 3782 24 12 on
3171 3774 60 19 Jfort-

2796 3801 1 25 I
2828 3808 5 9 '
2846 3801 4 25 >
2899 3808 11 18 B
2914 3808 11 12 n,
2927 3808 24 18 .¥°
2996 3802 96 18 Freehold
3108 3801 39 19 and
3160 3801 60 18 Lease-

2809 3827 46 18 hold
2866 3832 94 20 property
2970 3831 20 15 at
3001 3832 78 15 current
3088 3831 57 14 rates.

2828 3885 63 17 iUC
2900 3885 40 17 KL
2946 3885 16 16 A
2968 3885 40 16 XI)
3022 3884 61 16 ADA'
3090 3883 38 16 Eli
3133 3882 24 20 TI
3164 3882 47 17 SIX
3215 3882 16 17 G

2812 3900 39 27 A.
2963 3906 107 20 AGENCY,

2831 3935 98 16 Victoria
2941 3933 86 21 Arcade,
3042 3933 68 18 Queex
3126 3932 81 16 Street.

2861 3982 121 23 Advertising
2988 3982 19 17 in
3016 3981 24 17 all
3053 3981 21 16 its
3083 3979 94 17 branches.

2808 4006 51 20 Now,
2877 4006 72 21 Unique
2965 4005 37 17 and
3015 4003 81 17 Tasteful
3112 4002 120 24 Advertising

2977 4027 88 18 Medium.

2831 4051 69 18 Orders
2907 4051 49 17 from
2964 4050 25 17 all
2997 4050 51 21 parts
3057 4047 87 18 attended
3152 4049 20 15 to
3187 4048 47 19 with

2808 4080 42 12 care
2858 4074 38 17 and
2904 4073 112 23 expedition.

2817 4121 59 19 TOE
2902 4119 137 20 PRINTING
3061 4118 20 18 oE
3105 4124 59 18 evory
3189 4119 34 19 des-

2809 4140 21 23 (l
2867 4146 85 25 cription
2963 4144 95 19 executed
3074 4143 47 19 with
3142 4148 93 17 neatness

2808 4172 39 21 and
2856 4172 96 25 despatch
2962 4174 19 16 at
2994 4170 33 19 tlio
3037 4170 116 19 Chronicle
3166 4172 68 20 Uilico.

2375 891 81 45 tel.
2492 889 260 51 Wairakei.

2101 964 35 20 Six
2147 965 59 20 miles
2214 966 53 20 from
2277 967 56 20 Lake
2343 968 70 26 Taupo
2423 970 103 25 (Eotoiua
2535 973 59 25 side.)

2082 1027 180 27 SUPERIOR
2284 1031 334 31 ACCOMMODATION.

2105 1084 50 17 ALL
2168 1085 52 17 THE
2234 1086 135 19 COMFORTS
2381 1088 32 18 OF
2425 1089 17 18 A
2454 1089 77 19 HOME
2543 1092 52 18 FOR

2152 1120 147 20 TOURISTS
2315 1123 65 18 AND
2394 1124 154 21 INVALIDS.

1905 1190 64 24 Hot
1994 1190 191 33 Swimming
2207 1193 109 32 Baths,
2343 1195 185 28 Kiri-o-Kai
2549 1206 34 18 or
2611 1201 78 26 New
2714 1203 78 25 Skin

1981 1232 94 31 Bath,
2087 1233 65 25 I-lot
2166 1233 130 27 Douche
2310 1235 110 33 Baths,
2442 1238 110 27 Grand
2575 1242 143 28 Climate.

2023 1274 171 26 Elevation
2216 1276 91 31 1,350
2327 1277 63 26 feet
2402 1279 102 26 above
2518 1287 54 20 sea
2584 1282 91 26 level.

1907 1321 196 24 COMPETENT
2120 1324 119 23 GUIDES
2256 1332 124 20 accompany
2395 1329 82 19 tourists
2494 1331 20 17 to
2531 1331 35 19 tl.o
2587 1333 81 19 various
2689 1334 67 23 places
2774 1336 21 18 of

2037 1350 90 23 interest,
2137 1350 66 19 which
2215 1351 59 20 balile
2284 1352 36 19 the
2330 1355 52 18 most
2392 1354 59 19 facile
2461 1362 46 18 pen,
2519 1357 40 19 and
2576 1364 37 13 can
2632 1360 47 23 only
2700 1361 24 18 be
2742 1362 42 18 real-

2037 1375 43 19 ized
2090 1376 58 19 when
2159 1383 54 12 seen.

1907 1439 196 24 GGVSeR
2123 1443 198 24 VHLL6Y
2336 1446 91 19 contains
2443 1447 36 19 the
2497 1448 104 26 following
2620 1451 121 24 unequalled
2752 1453 29 18 Na-

1984 1468 55 17 tural
2059 1468 91 18 wondci.-,
2211 1474 5 14 i
2225 1471 105 21 uhuatahi,
2352 1479 21 11 or
2397 1472 63 19 Great
2484 1473 132 26 Champagne
2634 1476 99 20 Cauldron
2742 1468 4 31 -
2761 1479 34 19 the

1985 1493 63 19 Great
2058 1493 19 19 Y\
2087 1495 78 19 airakei
2173 1495 90 24 Geyser;
2277 1497 35 18 t!m
2322 1498 85 24 Donkey
2417 1498 92 26 Engine;
2526 1501 33 18 the
2571 1501 54 20 Bath
2635 1504 21 17 of
2665 1503 34 19 the
2710 1504 74 20 Fairies-

1983 1519 36 19 the
2038 1519 114 24 Lightning-
2169 1521 10 19 l
2180 1522 5 9 J
2187 1522 45 23 ool;
2246 1522 35 19 the
2298 1523 89 19 Cascade
2402 1524 82 24 Gevser,
2503 1533 23 11 or
2543 1526 103 26 Dragon's
2663 1528 72 20 Mouth
2743 1519 4 33 -
2761 1531 35 19 the

1983 1545 65 19 Jslack
2058 1546 76 24 Geyser
2143 1545 4 35 ;
2164 1547 33 19 the
2211 1548 49 18 Mud
2274 1549 87 24 Gevser;
2378 1550 33 19 the
2430 1550 52 20 Blue
2500 1552 56 19 Lake
2565 1545 4 35 ;
2580 1554 35 18 the
2632 1555 32 18 Oil
2682 1555 66 25 Bath;
2761 1557 35 19 the

1983 1571 84 25 Eagle's
2075 1572 61 24 Nest;
2151 1573 34 19 the
2195 1574 75 18 Devil's
2280 1575 69 19 Punch
2359 1576 54 19 Bowl
2423 1571 4 31 ;
2444 1578 34 18 the
2487 1578 72 20 Prince
2569 1581 20 17 of
2598 1580 76 20 Wales'
2684 1582 97 20 Feathers
2790 1571 4 31 -

1983 1597 36 19 the
2039 1597 85 33 Mirror;
2140 1599 34 19 the
2194 1600 57 18 Twin
2272 1601 87 25 Geyser:
2376 1603 33 19 the
2427 1603 59 19 Coral
2503 1604 89 26 Geyser;
2608 1607 34 19 the
2653 1607 65 20 Green
2734 1599 60 29 Pool!

1988 1625 126 18 lerekorehe
2124 1632 23 12 or
2166 1625 48 19 Hell
2235 1627 87 24 Geyser;
2345 1628 35 19 the
2399 1629 68 19 Steam
2488 1630 106 21 Hammer.
2623 1632 84 21 Guide's
2724 1635 32 19 fee
2775 1639 20 15 to

1984 1651 77 24 Geyser
2074 1651 74 25 Valley,
2162 1654 34 21 ss;
2211 1652 91 20 distance
2312 1655 52 18 from
2373 1655 33 19 the
2421 1655 61 25 hotel,
2498 1651 4 29 I
2517 1657 53 19 mile.

1906 1710 100 22 THe
2026 1710 371 26 HR6HT6HT6Hor
2415 1714 81 20 Ladder
2514 1716 85 26 J!ap;d?..
2637 1719 42 19 The
2696 1720 100 20 Grandest

1983 1736 79 25 lxapids
2073 1743 20 12 in
2105 1738 34 18 the
2150 1739 101 18 Southern
2262 1736 147 31 Hemisphere;
2425 1741 75 26 falling-
2516 1743 19 18 in
2554 1743 30 19 six
2604 1743 82 21 distinct
2704 1747 92 19 cascades

1985 1764 94 24 amongst
2089 1764 62 18 weird
2162 1764 40 19 and
2213 1766 80 24 rugged
2310 1773 78 16 seener;,
2419 1767 97 20 Distance
2534 1769 53 20 from
2606 1771 34 19 the
2658 1771 60 24 hotel,
2738 1773 57 19 three

1984 1789 65 19 miles.
2077 1789 74 20 Saddle
2162 1790 69 19 horses
2241 1795 20 14 to
2271 1792 48 19 visit
2333 1793 35 18 the
2382 1793 78 25 JRapids
2477 1795 21 18 7s
2507 1795 26 19 (id
2544 1796 55 20 each.

1908 1849 230 23 KSRKPITI
2158 1856 22 13 or
2190 1850 35 19 the
2234 1850 78 20 Devil's
2322 1852 97 25 Trumpet
2438 1853 18 19 is
2475 1854 42 18 said
2537 1857 21 17 to
2577 1856 49 18 emit
2645 1863 11 13 a
2672 1863 92 19 pressuro
2775 1859 21 18 of

1987 1876 42 17 1801
2034 1877 21 18 hs
2067 1877 21 18 of
2098 1880 63 15 steam
2174 1879 20 16 to
2206 1877 33 18 the
2249 1878 53 22 inch,
2316 1879 50 18 from
2378 1886 24 11 an
2421 1884 94 20 aperture
2526 1881 21 19 of
2566 1882 63 18 about
2646 1884 71 18 twelve
2727 1884 68 19 inches

1984 1902 20 17 in
2016 1902 104 19 diameter.
2149 1903 98 19 Distance
2266 1904 19 18 fr
2300 1911 18 11 m
2341 1905 54 19 hotel
2413 1905 58 19 three
2485 1907 44 19 .and
2551 1914 12 12 a
2582 1908 45 19 half
2643 1909 69 24 miles;
2726 1911 69 18 saddle

1983 1928 71 19 horses
2063 1931 20 16 to
2091 1929 47 18 visit
2149 1929 34 18 the
2194 1929 70 21 above,
2276 1932 23 17 2s
2309 1931 25 18 Gd
2345 1931 55 19 each.

1905 1989 64 20 TH
1976 1989 30 20 &
2027 1989 140 22 HUKH
2187 1990 62 21 F-Ta
2257 1991 96 25 L.L-S,
2370 1990 34 19 the
2423 1990 101 21 Grandest
2542 1992 57 20 Falls
2608 1994 19 18 in
2647 1994 34 18 the
2699 1996 95 19 southern

1986 2014 136 25 hemisphere.
2151 2015 43 19 The
2204 2015 56 19 Falls
2271 2023 45 18 may
2329 2018 24 18 be
2363 2016 72 20 visited
2446 2023 25 13 on
2481 2018 34 19 the
2528 2025 55 12 same
2602 2021 115 23 expedition
2728 2028 22 12 as
2760 2023 34 18 the

1985 2039 80 20 Devil's
2075 2041 105 25 Trumpet.
2209 2041 97 21 Distance
2316 2043 52 19 from
2379 2043 55 19 hotel
2444 2043 58 20 three
2512 2046 40 17 and
2563 2052 12 11 a
2591 2046 45 19 half
2645 2047 67 24 miles;
2726 2048 68 19 saddle

1982 2066 60 19 horse
2052 2073 22 12 or
2085 2067 71 26 buggy
2166 2069 22 17 2s
2200 2068 25 18 Gd
2239 2069 57 17 each.

2140 2128 252 39 &RAUAI

2463 2131 329 54 Proprietress.

2106 2273 58 25 Hot
2192 2274 97 26 Lakes
2308 2275 33 25 of
2359 2275 69 25 New
2448 2275 144 25 Zealand.

2043 2539 27 18 IS
2083 2539 22 18 A
2118 2539 192 20 FIRST-CLASS
2324 2542 206 19 TEMPERANCE
2544 2543 107 19 HOTEL.

1992 2607 236 24 Hirse7VTOrc
2246 2609 198 24 STREET,
2466 2609 210 24 ROTORUK-

1903 2671 82 31 rjpiIIS
1998 2671 60 17 NEW
2071 2672 53 16 AND
2138 2671 191 19 COMFORTABLE
2342 2672 218 18 ESTABLISHMENT
2568 2674 16 17 is
2593 2674 82 17 situated
2682 2674 20 16 in
2712 2674 31 16 the
2751 2678 41 12 new

1909 2691 20 21 JL
1964 2695 96 22 township
2068 2696 20 16 of
2096 2695 90 21 Rotorua,
2198 2695 48 17 close
2254 2697 21 15 to
2284 2696 32 16 the
2326 2696 127 17 Government
2468 2696 121 18 Sanatorium
2601 2697 38 17 and
2651 2697 66 21 Baths,
2731 2696 61 17 which

2223 2719 92 21 comprise
2324 2719 31 17 Hie
2364 2719 106 18 celebrated

1901 2745 93 19 Priest's
2003 2747 65 21 Bath,
2081 2747 107 18 Madame
2199 2747 85 18 Rachel
2294 2747 78 23 Baths,
2383 2747 140 19 Chameleon
2533 2749 95 17 Douche
2637 2749 66 21 Bath,
2719 2748 73 23 Large

1971 2770 57 17 Blue
2038 2770 135 23 Swimming
2174 2770 1 24 -
2184 2770 66 22 Bath,
2267 2770 103 24 Sulphur
2383 2771 94 23 Vapour
2487 2771 60 19 Bath
2557 2771 46 19 ancl
2613 2771 109 19 Galvanic

2258 2794 98 23 Battery
2365 2794 65 22 Bath,

1901 2816 68 17 OYER
1981 2817 93 17 WHICH
2090 2817 86 17 LARGE
2194 2817 117 17 BATHING
2329 2818 141 18 PAVILIONS
2490 2818 73 18 HAVE
2584 2819 70 17 BEEN
2674 2818 117 18 ERECTED

2006 2840 45 17 with
2061 2846 100 11 numerous
2170 2840 93 22 Dressing
2278 2841 76 20 Rooms,
2364 2842 35 16 etc.
2425 2841 75 17 Besides
2509 2841 53 18 these
2570 2842 53 17 there
2632 2842 16 17 is
2656 2842 32 16 the

1900 2862 135 19 Pain-killer
2046 2863 66 22 Bath,
2128 2863 133 23 Coff'ee-pot,
2278 2864 131 18 Cameron's
2423 2864 47 18 and
2485 2864 129 19 Hineme.ru
2628 2865 72 18 Baths
2714 2864 24 18 in
2752 2865 39 17 the

2205 2886 151 19 Sanatorium
2373 2888 113 18 Grounds.

1900 2930 114 20 Bathgate
2034 2931 73 20 House
2123 2932 38 18 has
2178 2931 52 19 been
2249 2932 80 24 greatly
2347 2932 96 24 enlarged
2458 2933 33 18 for
2507 2932 92 20 Tourists
2616 2940 22 11 as
2657 2933 46 19 well
2720 2940 22 11 as
2761 2933 13 18 fv
2782 2940 10 11 r

2136 2958 72 24 people
2223 2958 73 24 taking
2306 2965 11 12 a
2328 2965 67 12 course
2406 2959 22 18 of
2437 2959 35 18 the
2482 2959 73 18 Baths.

2156 2992 133 19 TERMS
2310 2993 230 20 MODERATE.

2078 3055 52 33 S.
2178 3055 52 34 T.
2286 3056 42 32 B
2356 3056 179 34 ReN
2561 3057 52 35 T.

2223 3100 244 18 PROPRIETOR.

1900 3125 47 17 N.B.
1973 3126 53 18 Most
2035 3127 19 17 of
2063 3127 53 17 those
2125 3128 42 17 who
2176 3128 45 18 visit
2228 3130 77 17 Brent's
2314 3131 24 16 do
2347 3137 20 11 so
2376 3132 84 23 through
2469 3133 32 17 the
2517 3133 45 18 kind
2575 3135 180 18 recommendations
2771 3136 20 17 of

2240 3154 88 21 previous
2336 3156 108 17 customers.

1992 3262 229 24 DADOD'P
2254 3265 101 21 I7IID
2375 3266 134 21 Mnna
2549 3267 32 21 o_

1992 3286 214 23 rwuuai
2254 3287 254 26 rurwMODO
2542 3289 45 25 OG
2620 3290 82 28 uu.,

1934 3362 384 31 MANUFACTURERS
2356 3367 112 26 AND
2503 3368 253 32 IMPORTERS,

2092 3456 180 36 FORT
2310 3460 291 35 STReeT.

1917 3714 388 61 iHIIKIiUIiI

1919 3807 49 23 (One
1974 3808 89 18 minute's
2072 3809 50 17 walk
2130 3810 49 17 from
2186 3810 33 17 the
2225 3810 73 18 Govern-

2048 3833 53 16 ment
2108 3832 77 23 Baths.)

2017 3928 173 23 TORMS
2199 3935 6 16 :

1922 3970 45 23 35s
1976 3978 45 22 per
2040 3972 87 28 week;
2148 3973 28 21 6s
2192 3980 45 21 per
2246 3973 57 30 day.

1922 4017 61 23 Two
1995 4018 90 22 weeks
2095 4025 27 16 or
2132 4018 100 29 longer,
2249 4020 54 23 30s.

2023 4167 187 20 PROPRIETOR.

2356 3589 32 19 TO
2404 3589 59 19 THE
2477 3589 106 20 PUBLIC
2598 3591 34 18 OF
2649 3590 137 20 ROTORUA.

2364 3693 11 41 J
2395 3692 56 19 BEG
2463 3697 19 14 to
2493 3693 64 19 thunfc
2566 3694 36 18 the
2615 3693 72 20 Public
2698 3693 20 19 of
2725 3693 61 18 Roto-
2795 3692 1 42 |

2410 3725 38 12 run
2468 3720 31 17 for
2514 3719 52 19 their
2574 3721 81 17 favours
2667 3719 74 25 during
2752 3719 33 18 tlio
2795 3719 1 25 |

2357 3747 43 22 past
2411 3745 69 18 fifteen
2490 3752 65 17 years,
2567 3746 40 18 and
2622 3749 20 15 to
2658 3746 64 22 notify
2742 3745 44 18 that

2357 3771 30 17 for
2397 3771 35 18 the
2443 3772 133 18 convenience
2586 3772 21 17 of
2616 3771 98 18 residents
2724 3771 19 18 in
2752 3770 33 18 lliu

2358 3796 49 19 New
2418 3796 116 25 Township,
2546 3797 41 18 and
2598 3803 30 18 nij'
2642 3797 56 18 trade
2715 3803 59 17 gener-

2357 3822 45 24 ally,
2415 3822 10 18 I
2436 3822 52 18 have
2499 3822 53 19 built

2382 3877 52 18 New
2443 3877 103 20 Premises
2555 3883 22 14 in
2584 3878 82 18 Fexi-on
2674 3876 83 23 Street,

2356 3935 63 18 which
2432 3942 34 11 ino
2475 3942 45 12 now
2531 3942 51 18 open
2590 3935 32 18 for
2632 3934 97 22 business,
2745 3933 39 18 and

2355 3961 53 18 lam
2427 3961 100 25 prepared
2549 3964 19 15 to
2581 3960 73 26 supply

2494 4007 70 19 Prime
2585 4007 61 18 Meat

2355 4047 21 18 in
2388 4047 49 19 both
2447 4047 51 19 New
2510 4047 39 18 and
2559 4046 39 19 Old
2607 4045 125 25 Townships.
2795 4045 1 29 j

2381 4124 49 27 |An
2443 4125 151 29 Inspection
2609 4124 21 22 is
2645 4123 107 23 invited.

2563 4169 102 19 HENRY
2679 4168 80 20 KIRK.
