3300 4360
1077 1549 122 18 VISITORS'
1213 1550 62 18 LIST.

1090 1595 81 18 GEYSER
1187 1596 77 18 lIuTJil,,

984 1625 105 19 Mesdames
1126 1627 94 22 Gillately,
1262 1628 114 21 Wellington
1388 1625 4 24 ;

962 1650 142 19 Schaunisland,
1117 1650 94 22 Germany
1221 1656 5 11 ;
1238 1651 81 21 Fowlds,
1330 1652 51 16 Auck-

961 1673 45 17 land
1014 1673 129 22 ;'Armstrong,
1155 1673 80 22 Sydney.
1246 1675 66 16 Misses
1319 1675 76 22 Sprajfg

962 1696 84 18 Tlaslem.
1070 1696 98 18 Auckland
1178 1696 3 24 ;
1201 1696 83 23 Keaney,
1314 1698 64 22 Taupo
1389 1696 4 24 ;

962 1719 59 17 Kirke
1041 1719 100 22 England;
1176 1720 71 19 Mark's,
1275 1721 110 17 Melbourne
1385 1719 3 22 l
1389 1719 3 22 .

962 1743 70 17 Messrs
1041 1742 95 22 Kitching,
1151 1740 66 23 Peake,
1224 1743 107 22 Heymann,
1343 1744 53 17 West

962 1766 96 17 Australia
1068 1766 4 21 :
1086 1766 133 19 Cruiekshand,
1230 1766 72 21 Harris,
1313 1767 81 18 Fowlds.

962 1789 82 22 Spragg,
1063 1789 103 20 Auckland;
1186 1789 69 18 Marks.
1271 1790 123 21 Melbourne;

962 1812 66 19 Kellit,
1053 1811 88 19 P.obbins,
1164 1813 118 21 Armstrong,
1306 1813 76 22 Sydney
1390 1811 4 24 ;

963 1835 142 20 Schaunisland,
1131 1835 106 22 Germany:
1255 1836 66 20 Baber,
1345 1837 50 16 Tau-

1030 1903 87 18 BEExt'g
1129 1904 110 17 Bathgate
1251 1904 78 18 House.

987 1933 105 17 Mesdames
1105 1933 99 21 McEnnis,
1222 1933 104 21 Haseldon,
1343 1935 39 16 Wel-

962 1956 76 22 lington
1046 1956 4 22 ;
1070 1956 115 22 Langridge,
1220 1957 71 17 Nelson
1300 1956 4 22 ;
1332 1957 63 21 Bates,

963 1979 58 21 Lane,
1043 1979 106 22 Wanganui
1157 1982 6 19 f
1187 1979 102 20 Crawford,
1316 1980 79 22 McKeey

964 2002 76 23 Sydney
1048 2002 3 23 ;
1066 2003 52 18 Goss,
1129 2003 131 17 Christchureh
1271 2002 3 23 ;
1289 2002 106 23 Raymond,

963 2025 112 22 Tauranga;
1089 2025 58 21 Tuke,
1164 2025 83 23 Napier;'
1268 2026 61 20 Shaw,
1346 2027 37 17 Ade-

964 2048 49 17 laide
1021 2048 4 21 ;
1048 2048 100 20 Fountain,
1168 2049 125 18 Queensland.
1329 2049 68 18 Misses

964 2071 112 20 Johnstone,
1088 2071 107 23 Wairarnpa
1202 2071 4 23 ;
1224 2072 103 19 Haselden,
1345 2073 38 17 Wel-

964 2095 75 22 lington
1053 2095 3 23 ;
1071 2095 62 19 Clark,
1143 2095 97 22 Glasgow;
1255 2095 57 21 Tuke,
1319 2096 76 22 Napier;

965 2117 89 21 Graham,
1075 2117 109 20 Auckland;
1208 2118 79 17 Siddells
1304 2119 32 22 (2),
1355 2119 40 17 Mc-

964 2141 66 20 Ennis,
1041 2140 125 23 Wellington;
1176 2141 61 20 Shaw,
1248 2142 95 17 Adelaide.
1369 2143 28 16 Dr

964 2164 80 20 Russell,
1063 2164 85 19 Ireland;
1162 2164 46 16 Rev.-
1225 2165 61 21 Tngle,
1301 2165 94 20 Rotorua;

964 2187 70 16 Messrs
1038 2187 121 21 Strauglitan,
1167 2187 37 17 Hoi
1208 2189 12 18 t,
1225 2187 88 18 Charters
1315 2188 82 21 Towers;

965 2210 81 20 Carnell,
1060 2210 44 21 Hay
1107 2210 55 19 ward,
1177 2209 133 22 Corom'andel;
1333 2211 62 20 ShaW,

965 2232 32 23 (2),
1008 2230 111 25 Coolgardie
1127 2230 4 25 ;
1148 2233 100 20 Fountain,
1265 2234 119 19 Queensland
1392 2237 5 7 '

965 2253 120 24 Clapperton,
1094 2256 88 17 Dunedin
1190 2253 4 27 ;
1209 2257 80 22 Ilaggit,
1302 2257 93 23 Fielding;

965 2276 105 20 Middletou
1082 2281 6 17 ;'
1108 2279 100 23 Papakum
1220 2276 3 26 ;
1247 2280 53 20 Goss,
1326 2281 70 17 Christ-
1397 2276 2 26 1

965 2302 70 17 church
1043 2302 3 24 ;
1058 2302 93 17 Haselden
1159 2302 32 23 (2).
1200 2303 115 23 Wellington
1322 2302 4 24 ;
1340 2303 55 19 Cran,

966 2325 118 19 Queensland
1091 2325 3 22 ;
1121 2326 80 21 Harper,
1219 2326 57 21 Roth,
1286 2326 109 20 Auckland;

965 2349 91 21 Delaney,
1070 2349 119 22 DeVonport;
1212 2349 57 21 Scott,
1292 2349 93 17 Fahiatua
1392 2352 5 18 ;'

965 2371 89 23 Cropper,
1065 2371 79 23 Sydney.

1067 2418 57 16 Lake
1136 2418 74 18 HouskK
1219 2418 79 18 Hotel.-

988 2450 106 16 Mesdames
1103 2449 64 22 Party,
1183 2447 87 20 licddard
1285 2450 36 17 and
1339 2450 56 21 maid,

966 2470 90 23 London;
1070 2472 78 21 Marb'y,
1164 2473 115 20 Masterton;
1298 2473 41 20 Orr,
1355 2474 32 16 Gis-

966 2495 64 17 borne.
1055 2496 66 16 Misses
1129 2495 92 19 BeddaiVl,
1232 2493 90 25 England
1331 2493 4 25 ;
1355 2497 41 19 Orr,

966 2519 78 20 Tucker,
1055 2518 98 18 Gisborne.-
1177 2519 27 16 Dr
1211 2516 26 20 Le
1244 2519 58 19 Brun,
1310 2519 76 23 Sydney
1392 2516 4 26 ;

966 2540 80 24 Captain
1067 2538 88 26 Tragner,
1176 2543 27 16 Ist
1220 2542 55 20 R.D.,
1295 2542 101 21 Gisborne;

966 2561 51 21 Hou.
1039 2565 26 17 11.
1082 2564 101 20 Mossman,
1209 2565 70 17 Messrs
1301 2566 96 19 Maxwell,

966 2587 91 22 Ilickson,
1075 2588 117 18 Queensland
1201 2587 3 22 ;
1230 2589 96 19 Maxwsll,
1348 2589 37 17 Tau-

966 2617 61 16 ranga
1033 2613 6 17 ;'
1067 2608 64 24 Parry,
1158 2610 90 22 England
1256 2608 4 25 ;
1291 2612 106 19 Mcllraith,

966 2631 92 20 Lichfield
1065 2631 3 24 ;
1082 2634 42 19 Orr,
1133 2631 100 23 Gisborne;
1248 2634 85 21 Stewart,
1341 2635 45 17 Grat-

966 2658 39 19 tau,
1018 2657 108 21 Auckland;
1137 2657 61 19 Slane,
1209 2658 117 24 Wanganui;
1337 2658 63 17 Smith'

967 2679 100 22 Adelaide;
1084 2680 59 20 lienu,
1154 2678 65 23 Grant,
1230 2680 86 18 Galatea.-

1099 2726 44 17 The
1155 2726 110 18 Laxgiiam.

990 2753 105 18 Mesdames
1104 2751 72 20 Corlett
1184 2754 38 17 and
1230 2754 56 19 child,
1298 2751 99 24 T'okaanu;

967 2775 83 23 Holiart,
1060 2777 123 21 Wellington;'
1191 2777 77 22 Turpin,
1275 2777 122 22 Stratbinore;

967 2799 68 21 Baker,
1044 2799 104 18 Aofckland.
1162 2800 66 17 Misses
1237 2801 78 19 Tunnel,
1323 2800 66 18 Strath-

967 2828 51 12 more
1025 2823 4 23 ;
1051 2824 59 16 Betts.
1134 2823 60 20 Wilts,
1215 2823 82 23 Sydney.
1329 2824 71 17 Messrs

967 2843 78 22 Corlett,
1053 2846 87 16 Tokaanu
1141 2843 2 25 l
1144 2848 6 17 ;'
1155 2846 77 22 Turpin,
1240 2846 78 20 Tunnel,
1324 2846 64 18 Strath-

968 2875 50 11 more
1026 2869 3 23 ;
1044 2869 104 22 Spadacini,
1162 2869 165 23 Murlumbidgee;
1350 2870 37 17 Pen-

967 2893 37 19 tfol,
1014 2890 134 22 Corom'andel;
1163 2892 81 20 McNab,
1251 2893 77 20 Tiirncr,
1336 2893 51 17 Auck-

967 2915 46 17 land
1020 2921 5 15 ;
1039 2915 76 20 Arthur,
1123 2915 121 22 Wellington.

1103 2961 84 17 Mokoi.4
1199 2961 63 18 View.

990 2985 71 21 Messrs
1066 2985 76 25 Young,
1150 2989 53 20 Parr,
1211 2989 76 20 Tobias,-
1295 2989 107 21 Auckland;'

968 3012 65 19 Welts,
1056 3012 127 20 Canterbury;
1206 3012 86 19 Boldcro,
1317 3013 69 22 Manga-

967 3038 54 17 wft'tf;
1047 3034 84 19 Towhill,
1150 3034 101 21 Goodacre,
1275 3036 47 16 New
1340 3035 61 18 South

968 3058 62 17 Wales
1038 3057 3 23 ;
1056 3057 55 23 Grey,
1127 3058 46 16 New
1187 3058 103 21 Plymouth
1298 3057 4 23 ;
1324 3059 75 20 Brown,

968 3081 86 22 Sydney;
1084 3080 67 21 Smith,
1177 3078 91 20 Gisborne
1278 3078 4 25 ;
1311 3081 88 21 Wallace,

967 3104 119 17 Melbourne.-

1138 3162 87 17 BIRTH.

992 3209 89 18 Ckoke'k.
1083 3209 48 16 At
1148 3209 89 19 Eotoiua,
1262 3214 24 11 on
1286 3209 1 19 1
1303 3209 32 16 the
1358 3209 42 17 17th

969 3233 51 19 inst.,
1031 3232 32 17 tlic
1072 3232 42 17 wife
1123 3232 20 16 of
1150 3232 19 16 J.
1176 3232 28 16 W.
1214 3231 75 21 Ci'okoi',
1302 3232 19 17 of
1334 3238 11 10 :i
1360 3237 40 12 son.

969 3294 57 23 THE
1048 3294 53 23 HOT
1119 3295 97 21 LAKES
1234 3293 150 24 CHRONICLE

954 3340 447 13 AND

1071 3375 107 20 Tourists'
1203 3375 198 20 Journal.

988 3439 142 19 SATURDAY,
1138 3436 143 19 DECEMBER
1291 3439 26 19 19,
1329 3438 51 17 1896.

992 3497 66 18 Next
1079 3495 84 23 Friday
1179 3494 70 23 being
1271 3493 130 19 Christmas

970 3528 51 23 Day
1031 3528 39 17 the
1084 3526 61 18 HOT
1159 3526 102 18 LAKES
1277 3525 108 18 CHRONI-

969 3559 58 19 CLE
1037 3558 46 19 will
1091 3558 28 18 be
1135 3557 122 23 published
1272 3562 30 12 on
1319 3556 70 18 Thurs-

969 3591 47 23 day
1034 3589 98 22 evening
1147 3594 26 12 so
1190 3593 26 13 as
1233 3589 25 17 to
1275 3587 68 19 allow
1359 3592 43 13 our

969 3622 69 18 small
1053 3620 56 19 staff
1123 3620 39 18 the
1187 3619 42 18 full
1251 3618 110 24 privilege
1380 3618 25 18 of

969 3654 40 18 the
1036 3653 47 18 two
1108 3651 112 23 holidays.
1254 3650 148 18 Advertisers

970 3685 47 18 will
1026 3684 76 23 please
1112 3683 55 18 note
1175 3683 52 17 that
1233 3681 29 19 all
1272 3686 117 14 announce-

970 3716 79 18 ments
1073 3715 35 18 for
1128 3714 53 18 that
1202 3713 63 19 issue
1290 3713 64 17 must
1374 3712 28 18 be

969 3747 85 23 lodged
1062 3747 25 18 at
1096 3745 47 19 this
1150 3745 65 18 office
1221 3744 79 19 before
1311 3744 29 17 10
1350 3749 51 14 a.m.

971 3784 30 12 on
1011 3777 125 23 Thursday.

970 3845 104 26 LOCAL
1087 3844 95 26 NEWS
1206 3846 69 22 AND
1290 3845 109 23 NOTES.

994 3915 17 17 A
1032 3915 35 17 silk
1081 3914 93 18 sunshade
1192 3913 37 17 lost
1246 3913 84 17 between
1342 3912 49 18 Bath-

971 3939 45 21 gate
1024 3938 65 17 House
1097 3937 38 17 and
1142 3937 95 22 Murray's
1250 3937 48 16 store
1313 3935 15 18 is
1337 3935 55 18 adver-

971 3961 47 18 tised
1029 3961 34 17 for.

994 3991 54 18 Even
1058 3993 19 15 ot
1085 3991 38 17 this
1131 3991 38 17 late
1178 3991 48 17 hour
1234 3990 16 17 it
1257 3989 16 18 is
1290 3989 114 22 confidently

971 4014 84 19 asserted
1063 4014 43 17 that
1114 4020 10 11 a
1133 4019 41 12 race
1183 4014 84 20 meeting
1274 4012 39 17 will
1321 4013 23 16 he
1360 4012 44 17 held

971 4038 45 17 hero
1025 4038 96 17 sometime
1128 4038 19 16 in
1161 4036 103 22 February.

994 4069 33 16 Mr
1034 4068 29 17 W.
1073 4068 25 17 H.
1107 4068 82 20 Herries,
1197 4067 80 17 M.11.R.
1287 4067 62 16 writes
1361 4066 43 17 that

972 4092 24 16 he
1008 4091 39 16 will
1055 4091 36 17 will
1109 4091 23 17 he
1144 4091 20 16 in
1178 4091 85 16 Eotorua
1279 4095 24 12 on
1319 4089 85 22 Monday

973 4114 81 22 evening
1067 4115 52 18 next,
1136 4114 37 16 will
1190 4114 43 23 stop
1252 4119 43 11 over
1319 4111 84 23 Tuesday

973 4137 38 17 and
1018 4137 51 17 leave
1077 4137 25 22 by
1109 4136 117 22 Wednesday'
1234 4135 103 23 morning's
1347 4135 56 16 train.

1442 136 31 17 3fr
1490 137 24 16 D.
1534 136 84 17 Griffiths
1634 137 34 16 has
1685 136 47 17 been
1749 136 102 21 appointed

1418 159 47 17 local
1482 160 146 21 representative
1645 160 30 16 for
1691 160 33 16 the
1738 159 37 22 Spa
1792 159 59 17 Hotel

1419 183 96 22 Coaching
1534 183 42 17 Co's
1592 183 38 16 line
1642 183 87 17 between
1745 183 43 16 hers
1814 182 37 17 and

1419 206 70 21 Taupo.
1522 206 32 16 Mr
1564 206 85 17 Griffiths
1659 206 39 17 will
1714 205 73 22 shortly
1802 211 49 16 open

1418 235 25 11 an
1452 228 51 18 office
1512 229 21 17 in
1542 230 67 16 Arawa
1619 230 67 16 Street.

1441 260 54 17 After
1504 260 127 17 considerable
1640 260 61 22 delay,
1711 260 109 17 occasioned
1825 260 26 22 by

1417 283 32 17 the
1458 283 141 23 unwillingness
1608 284 20 16 of
1636 284 115 17 contractors
1760 284 19 16 to
1799 282 52 18 leave

1416 307 33 16 the
1458 307 62 17 busier
1529 308 71 16 centres
1609 308 21 15 at
1638 307 32 17 the
1686 307 76 22 present
1778 306 51 20 time,
1839 312 12 11 a

1417 331 48 15 start
1473 329 34 18 has
1512 329 47 18 been
1568 329 55 18 made
1632 330 44 17 with
1687 330 32 17 the
1727 329 82 17 erection
1831 330 20 16 of

1418 352 31 17 the
1458 359 41 10 new
1508 352 51 18 hotel
1567 354 21 15 at
1596 353 99 16 Atiainuri.
1714 353 31 16 Mr
1754 353 19 16 T.
1787 352 50 22 Chap-

1418 381 42 11 man
1469 376 15 16 is
1496 376 33 17 the
1538 378 107 15 contractor
1653 376 36 17 and
1699 376 32 17 the
1740 376 57 16 house
1812 376 37 16 will

1416 398 23 17 be
1445 399 56 22 ready
1507 399 30 17 for
1541 399 138 22 occupational
1684 399 59 17 about
1748 399 29 17 six
1783 399 66 16 weeks.

1440 430 75 22 During
1522 430 33 17 tl.c
1563 432 43 21 past
1621 429 65 19 month
1705 436 43 11 over
1757 431 33 16 300
1807 432 43 15 tons

1416 454 21 16 of
1450 453 79 22 sulphur
1542 454 48 17 have
1602 454 48 17 been
1667 453 113 23 despatched
1801 454 48 16 from

1416 477 44 16 here
1467 477 26 21 by
1500 477 55 17 train.
1585 478 31 16 Mr
1625 477 120 20 Maedonald,
1752 477 20 17 of
1781 477 68 17 Messrs

1416 500 113 17 Macdouald
1547 500 38 17 and
1601 500 64 17 Boord
1680 500 79 17 informs
1768 505 21 12 us
1807 500 42 17 that

1416 522 23 18 he
1451 523 33 17 has
1493 523 76 17 entered
1590 523 40 17 into
1646 529 10 11 a
1673 524 85 16 contract
1770 523 25 17 foi
1795 525 5 8 1
1817 523 32 17 the

1416 546 68 21 supply
1493 547 20 15 of
1522 547 33 15 000
1563 547 42 16 tons
1615 547 38 16 and
1661 547 68 17 should
1737 547 32 16 the
1776 546 64 22 quality-

1415 569 24 17 be
1445 574 25 16 up
1474 571 20 15 to
1497 569 32 17 the
1538 569 87 22 required
1630 569 89 18 standard
1729 576 11 10 a
1746 575 103 12 succession

1416 592 21 17 of
1448 592 71 17 similar
1527 592 64 17 orders
1599 599 45 15 may
1658 593 22 16 be
1689 592 68 18 looked
1766 592 34 17 for.

1439 623 38 17 The
1486 623 102 18 Christmas
1596 624 81 17 number
1688 624 20 17 of
1720 624 32 17 the
1767 624 82 17 Observer

1416 646 15 17 is
1447 648 20 15 to
1480 646 57 17 hand.
1563 647 19 16 It
1598 647 16 17 is
1630 647 37 17 full
1682 647 21 17 of
1718 647 130 20 illustrations,

1415 669 115 18 humourous
1538 670 38 16 and
1585 670 103 20 otherwise,
1699 670 37 17 and
1745 670 84 18 contains
1837 676 12 11 a

1416 693 78 16 number
1503 693 19 16 of
1531 693 53 17 &liort
1592 693 48 17 tales
1648 694 120 21 appropriate
1782 694 20 16 to
1816 693 32 17 the

1416 721 70 12 season.
1512 716 38 17 The
1559 716 119 22 supplement
1686 716 112 18 illustrative
1810 717 20 16 of
1837 723 12 10 a

1416 738 103 18 Christmas
1527 739 68 17 dinner
1602 741 21 15 at
1630 740 84 17 Rotorua
1723 740 38 16 and
1770 740 78 17 entitled

1437 762 61 21 Kapai
1507 763 18 16 to
1601 762 26 22 by
1635 762 32 18 Mr
1683 763 21 17 T.
1720 763 60 22 Ryan,
1797 763 16 17 is
1828 763 20 17 in

1415 785 42 17 that
1465 785 71 17 artist's
1544 785 41 17 best
1594 785 55 23 style.

1439 816 30 16 Mr
1477 816 23 17 R.
1507 816 81 22 Reaney,
1598 816 74 18 district
1685 817 46 17 road
1745 823 94 16 surveyor,

1415 839 34 17 loft
1460 839 29 17 for
1498 846 23 10 an
1539 840 93 17 extended
1649 842 43 15 tour
1708 841 20 16 of
1744 840 104 23 inspection

1415 862 20 17 of
1444 862 32 17 the
1487 865 60 14 worts
1555 868 42 12 now
1607 863 60 17 under
1675 863 127 18 construction
1811 860 37 21 and

1414 885 20 16 in
1444 891 73 16 process
1526 886 19 16 of
1553 886 58 22 being
1620 886 90 22 surveyed
1726 887 19 16 in
1754 886 32 17 the
1799 886 36 17 Urc-

1415 914 49 11 wera
1476 908 84 23 Country
1574 910 49 16 from
1636 910 25 16 Te
1676 910 71 17 Wliaiti
1763 910 85 18 onwards

1415 933 20 15 to
1459 931 51 17 Lake
1525 932 159 18 Wai-aronioana.
1717 933 31 17 Mr
1772 932 76 23 Reaney

1414 954 34 17 has
1457 955 56 17 taken
1519 955 28 16 his
1562 961 73 12 camera
1654 955 46 18 with
1716 956 39 17 him
1764 956 37 17 and
1816 956 32 17 the

1414 978 59 16 result
1482 979 19 16 of
1510 978 28 17 his
1547 978 38 22 trip
1602 981 20 14 to
1631 979 38 16 this
1686 978 162 24 (comparatively)

1414 1002 49 16 term
1477 1002 100 21 incnognita
1587 998 38 21 will
1633 1002 23 17 be
1665 1002 66 17 looked
1741 1002 80 18 forward
1828 1005 20 15 to

1414 1024 46 17 with
1472 1024 82 18 interest.

1437 1056 31 16 Sir
1491 1056 21 17 F.
1531 1056 22 17 A.
1575 1055 96 20 Franklin,
1689 1053 52 24 G'.E.,
1760 1057 19 17 of
1801 1057 46 17 New

1414 1078 59 17 South
1483 1079 67 20 Wales,
1561 1085 11 11 a
1580 1079 38 18 last
1623 1080 134 21 y&itf'svisitor,
1767 1080 36 17 and
1813 1086 35 11 one

1414 1102 42 17 who
1465 1102 45 17 took
1520 1109 11 10 a
1540 1102 90 22 practical
1643 1103 78 18 interest
1734 1103 20 17 in
1764 1104 33 16 the
1813 1103 22 17 ad-

1413 1128 110 14 vancement
1533 1126 19 16 of
1561 1126 33 17 the
1603 1127 58 17 town,
1675 1126 14 17 is
1704 1127 56 22 again
1770 1133 19 10 en
1799 1129 49 14 route

1414 1149 29 15 for
1452 1149 37 17 this
1504 1149 79 17 district.
1609 1149 31 17 He
1653 1149 61 17 leaves
1730 1149 76 22 Sydney
1822 1150 26 21 by

1413 1171 33 17 the
1451 1171 57 18 Mono
1512 1172 33 17 wai
1552 1176 24 13 on
1585 1169 84 25 Monday
1677 1173 38 17 and
1729 1173 49 17 after
1794 1173 44 17 Visit-

1413 1195 32 16 tlie
1461 1194 18 18 Si
1483 1195 52 16 .unds
1551 1195 37 16 and
1601 1195 89 23 loitering
1707 1196 28 17 for
1745 1202 11 11 a
1762 1196 50 17 week
1827 1202 21 11 or

1413 1218 38 16 two
1465 1219 88 22 amongst
1566 1218 33 17 the
1616 1218 63 18 colder
1693 1219 73 17 charms
1779 1220 20 16 of
1815 1220 32 16 the

1413 1241 54 17 sister
1476 1239 62 19 island
1542 1247 44 16 may
1594 1241 24 18 be
1630 1242 90 22 expected
1736 1242 43 18 here
1795 1242 52 22 early

1415 1263 19 17 in
1441 1263 101 23 February.

1437 1296 38 16 The
1484 1296 84 21 Railway
1577 1296 124 22 Department
1710 1302 97 12 announce
1822 1296 25 23 by

1413 1319 144 17 adverticement
1564 1319 19 17 in
1592 1319 80 17 another
1681 1320 74 16 column
1763 1321 41 15 that
1813 1326 22 11 ex-

1414 1342 72 17 cursion
1498 1342 67 17 tickets
1574 1342 37 17 will
1623 1342 22 17 be
1653 1343 62 17 issued
1728 1345 20 15 at
1759 1343 31 17 the
1806 1345 40 15 rate

1413 1366 20 16 of
1442 1365 23 17 2d
1474 1371 34 16 per
1517 1366 42 16 mile
1569 1366 26 17 Ist
1602 1366 48 17 class
1661 1366 38 17 and
1718 1366 21 17 1(1
1755 1372 34 17 per
1804 1366 43 17 mile

1413 1388 37 17 2nd
1459 1389 47 16 class
1514 1389 49 17 from
1572 1394 37 16 any
1618 1390 69 16 station
1697 1390 19 16 to
1726 1395 37 16 any
1777 1390 70 16 station

1413 1417 24 10 011
1446 1411 32 17 the
1493 1411 98 17 Auckland
1600 1412 71 17 section
1680 1412 48 17 from
1745 1413 103 17 December

1413 1435 41 16 21st
1470 1436 19 15 to
1507 1434 85 22 January
1611 1435 36 16 2nd
1665 1436 52 17 neftt.
1750 1436 98 17 Available!

1413 1458 29 16 for
1458 1459 64 15 return
1539 1463 26 17 up
1580 1460 19 14 to
1618 1458 96 23 February
1731 1458 43 18 2nd.
1808 1459 39 17 The

1413 1481 80 22 mileage
1500 1481 15 16 is
1525 1481 80 17 counted
1614 1488 35 10 one
1659 1488 41 15 way
1709 1482 44 21 only
1762 1482 37 16 and
1815 1483 33 16 the

1413 1504 45 17 time
1467 1510 43 16 may
1518 1504 23 17 be
1549 1504 94 17 extended
1652 1505 29 17 for
1689 1511 11 11 a
1715 1505 94 23 fortnight
1823 1512 23 10 011

1413 1528 8 16 t
1430 1533 15 11 .e
1454 1527 53 17 usual
1515 1528 63 16 terms.

1437 1558 31 17 Mr
1477 1559 22 16 R.
1510 1559 23 16 D.
1543 1559 82 21 Danscy,
1642 1557 117 20 Postmaster
1774 1560 74 17 notifies

1414 1582 42 16 that
1473 1582 32 16 the
1522 1582 99 21 following
1635 1583 141 21 arrangements
1800 1583 48 17 have

1414 1604 46 18 been
1470 1604 54 18 made
1533 1605 19 16 in
1572 1605 67 20 regard
1656 1607 19 15 to
1693 1605 103 17 Christmas
1811 1606 37 21 day

1414 1627 37 17 and
1461 1628 46 16 New
1515 1628 65 16 Year's
1587 1627 96 23 day:On
1694 1629 103 17 Christmas
1811 1629 37 22 day

1414 1651 37 16 and
1460 1651 46 16 New
1525 1651 66 17 Year's
1608 1651 37 22 day
1660 1651 31 17 the
1707 1651 53 18 office
1770 1652 39 17 will
1825 1652 23 17 he

1415 1674 60 17 closed
1486 1674 17 16 in
1513 1674 25 17 all
1552 1674 25 17 its
1593 1674 97 17 branches.
1727 1672 28 20 On
1772 1672 76 25 Boxing

1415 1697 37 21 day
1468 1697 32 17 the
1516 1697 53 17 office
1583 1697 38 17 will
1642 1698 23 16 be
1682 1704 48 16 open
1748 1698 18 16 in
1783 1698 25 17 all
1823 1698 25 18 its

1415 1720 91 17 branches
1520 1721 47 16 from
1578 1722 9 15 i)
1597 1726 43 12 a.m.
1650 1723 20 14 to
1686 1722 20 15 10
1715 1728 43 10 a.m.
1791 1721 57 17 Mails

1416 1743 73 21 usually
1500 1743 113 23 despatched
1622 1749 24 12 011
1655 1744 69 21 Friday
1731 1744 38 17 will
1779 1744 28 17 for
1816 1745 32 16 the

1416 1767 28 15 2.11
1449 1766 10 16 h
1470 1766 3 23 i
1477 1766 3 23 1
1484 1773 23 10 isc
1515 1766 36 18 ami
1570 1768 27 16 Ist
1612 1767 86 22 proximo
1713 1767 22 17 ho
1751 1767 61 18 closed
1828 1770 21 15 at

1417 1790 39 16 7.30
1464 1789 32 17 the
1503 1790 85 21 previous
1597 1789 86 23 everting.

1440 1822 16 16 A
1465 1827 43 12 race
1526 1822 83 21 meeting
1623 1822 15 16 is
1653 1822 109 17 announced
1771 1824 20 15 to
1804 1823 44 16 take

1416 1844 53 22 place
1477 1846 21 16 at
1504 1844 79 18 Galatea
1596 1851 24 11 on
1637 1844 98 23 Thursday
1747 1845 102 18 December

1417 1869 41 15 .'slst
1467 1868 37 16 and
1512 1869 32 15 the
1553 1874 120 16 programme
1680 1868 56 17 weieh
1749 1869 100 22 comprises

1417 1891 53 22 eight
1482 1893 64 15 events
1555 1891 33 17 has
1599 1891 81 17 received
1690 1891 32 17 the
1731 1891 85 18 sanction
1829 1893 20 16 of

1417 1914 32 17 the
1457 1914 66 21 racing
1532 1914 116 17 authorities.
1674 1914 38 17 The
1724 1915 125 17 nominations

1417 1937 29 17 for
1454 1937 33 17 the
1492 1937 92 22 principal
1593 1939 65 15 events
1665 1937 49 17 close
1720 1938 86 21 to-night
1812 1938 37 17 and

1417 1960 69 17 Messrs
1504 1961 23 16 A.
1548 1961 70 16 Munio
1633 1960 38 17 and
1685 1961 26 17 H.
1728 1961 19 17 J.
1765 1961 41 17 Fox
1818 1967 31 11 are

1417 1983 108 18 authorised
1534 1984 20 16 to
1563 1984 70 16 receive
1640 1989 51 12 same
1701 1989 25 17 up
1739 1985 20 16 to
1775 1985 10 16 9
1802 1991 46 15 p.m.

1417 2006 59 18 There
1487 2012 31 11 are
1531 2008 43 20 post
1590 2006 68 18 entries
1675 2007 30 17 for
1724 2007 33 17 the
1773 2007 76 17 Maiden

1418 2029 59 21 Plate,
1490 2030 55 16 Hack
1564 2030 49 16 Race
1627 2030 36 16 and
1679 2031 60 16 Maori
1757 2031 92 17 Women's

1418 2053 54 16 Race.
1505 2053 31 16 Mr
1545 2053 22 16 R.
1585 2053 22 16 E.
1617 2053 92 17 Jefferson
1721 2055 38 16 acts
1776 2059 19 11 as
1804 2054 46 17 lion.'

1418 2082 34 11 sec.
1462 2076 38 17 and
1508 2081 24 11 no
1541 2076 54 17 effort
1604 2076 38 17 will
1650 2076 23 17 be
1682 2076 67 22 spared
1763 2078 18 15 to
1794 2077 56 17 make

1416 2099 33 17 the
1458 2099 83 22 meeting
1554 2099 107 17 successful.

1440 2130 51 17 Ever
1510 2130 50 17 since
1576 2130 33 17 the
1630 2136 75 16 express
1717 2131 68 18 service
1799 2137 38 12 com-

1418 2154 76 16 menced
1509 2153 83 22 running
1609 2154 31 16 the
1649 2154 84 22 Monday
1747 2154 37 17 and
1793 2155 42 16 Wed-

1415 2177 71 26 nesday
1494 2177 88 21 ordinary
1590 2177 49 16 train
1649 2177 32 16 lias
1689 2177 45 17 been
1749 2178 48 16 most
1813 2184 24 10 un-

1418 2200 69 17 certain
1497 2200 18 16 in
1533 2199 24 18 its
1573 2199 69 18 arrival
1658 2199 49 18 here.
1733 2200 118 22 Wednesday

1417 2223 55 20 night
1489 2223 16 16 it.
1521 2222 31 17 did
1561 2224 34 15 not
1604 2224 35 21 put
1655 2223 19 16 in
1688 2229 25 10 an
1735 2227 118 18 appearance'

1417 2246 29 17 till
1456 2247 10 15 i)
1469 2245 3 22 -
1477 2247 19 15 lo
1506 2252 44 15 p.m.
1561 2245 46 18 thus'
1614 2246 92 21 entailing
1711 2252 11 11 a
1728 2246 45 18 wait
1781 2247 20 17 of
1807 2253 44 11 over

1420 2269 19 17 1.1
1446 2269 57 17 hours
1510 2275 23 10 011
1540 2269 33 17 the
1578 2269 46 22 long
1633 2269 90 23 suffering
1731 2269 68 22 public.
1825 2271 26 15 As

1418 2292 31 17 the
1458 2292 49 17 train
1517 2292 44 17 does
1572 2293 33 16 not
1614 2298 49 11 seem
1677 2292 42 17 able
1732 2298 23 11 on
1771 2295 80 15 account

1418 2316 20 16 of
1446 2315 32 17 the
1487 2315 92 17 excessive
1596 2316 92 21 shunting
1703 2318 19 14 to
1736 2321 34 11 rim
1788 2322 26 16 up
1831 2318 20 15 to

1418 2339 44 16 time
1470 2339 14 16 it
1492 2339 16 15 is
1525 2338 114 17 understood
1655 2339 43 16 that
1711 2345 23 10 an
1752 2339 99 17 alteration

1418 2361 15 17 is
1441 2361 59 17 about
1518 2363 23 15 to'
1550 2361 24 17 be
1585 2361 54 17 made
1653 2361 19 17 in
1689 2362 32 17 the
1738 2362 111 18 time-table.

1419 2385 28 16 An
1456 2385 63 16 officer
1527 2384 20 17 of
1555 2384 32 17 the
1604 2385 124 21 Department
1737 2385 42 17 who
1800 2391 51 12 came

1419 2413 25 15 up
1453 2413 22 11 on
1485 2408 32 16 the
1526 2408 49 16 train
1584 2408 98 22 expressed
1692 2406 75 19 himself
1781 2410 19 15 to
1809 2409 42 16 that

1418 2431 59 17 effect.

1442 2462 31 17 Mr
1482 2462 61 20 Shaw,
1552 2468 101 17 ex-mayor
1661 2463 19 16 of
1693 2462 95 21 Adelaide,
1804 2464 38 17 like-

1419 2486 42 16 wise
1471 2486 20 16 of
1506 2485 117 22 Coolgairdic,
1633 2486 16 16 is
1657 2489 43 15 flow
1705 2486 98 23 repeating
1823 2487 28 17 his

1419 2509 107 21 customary
1533 2509 65 21 yearly
1614 2509 41 17 visit
1663 2510 20 15 to
1690 2509 32 17 the
1734 2509 41 17 Hot
1784 2510 68 17 Lakes.-

1419 2532 30 17 He
1456 2532 67 22 brings
1530 2532 17 16 fa
1550 2532 76 17 vorable
1635 2534 73 20 reports
1717 2533 20 16 of
1753 2533 70 17 several
1832 2533 21 17 of

1418 2555 29 17 his
1453 2555 36 17 last
1499 2555 60 22 year's
1576 2556 120 20 companions
1710 2556 42 16 who
1768 2562 31 10 are
1813 2556 39 17 still

1419 2578 60 23 piling
1496 2584 26 16 up
1535 2578 32 16 the
1582 2578 78 21 shekels,
1678 2579 20 16 in
1712 2579 43 16 that
1767 2579 84 17 Western

1418 2601 45 17 land
1476 2601 19 16 of
1510 2601 33 19 sin,
1559 2604 63 15 sweat,
1640 2601 37 17 and
1696 2601 105 23 syndicates
1815 2602 37 17 and

1420 2625 57 16 states
1486 2624 42 17 that
1536 2624 46 22 they
1590 2630 45 16 may
1643 2620 24 21 be
1682 2624 68 17 looked
1763 2625 30 17 for
1809 2625 44 17 here

1418 2647 49 17 later
1482 2653 30 11 on.
1545 2647 32 17 Mr
1598 2646 56 18 Shaw
1670 2647 77 18 himself
1764 2648 43 17 does
1819 2650 34 15 not

1419 2670 44 17 look
1472 2676 19 11 as
1506 2671 15 15 if
1530 2670 32 16 the
1571 2670 59 17 world
1639 2671 36 16 had
1686 2676 48 17 gone
1740 2671 58 22 badly
1806 2671 45 17 with

1420 2693 37 17 him
1467 2693 69 21 during
1542 2693 32 17 the
1578 2690 119 26 intervening
1701 2694 66 17 twelve
1771 2695 81 16 months.

1420 2717 29 16 He
1458 2716 15 17 is
1482 2722 21 11 as
1515 2722 44 16 racy
1574 2723 11 10 a
1599 2718 94 15 raconteur
1706 2723 20 11 as
1740 2721 41 13 ever
1796 2717 37 17 and
1842 2724 11 10 a

1420 2740 71 21 perfect
1515 2739 50 17 mine
1581 2740 20 16 of
1617 2739 90 22 practical
1722 2740 131 17 information.-

1420 2763 31 16 Mr
1473 2763 74 16 Shaw's'
1562 2763 66 21 family
1644 2763 57 22 again
1725 2763 128 22 accompanies

1420 2786 45 17 him.

1443 2817 39 17 The
1487 2813 108 20 removal'of
1600 2817 32 17 the
1643 2817 52 17 fence
1710 2817 59 17 round
1784 2818 60 16 tliere-

1421 2845 51 12 sorve
1481 2840 85 21 opposite
1574 2840 33 17 the
1615 2841 43 20 post
1667 2840 59 17 offiice
1737 2840 15 17 is
1761 2847 10 10 a
1797 2841 56 17 much

1421 2864 74 21 greater
1503 2862 137 23 improvement
1656 2863 47 17 than
1724 2863 63 18 woiiJd
1806 2864 47 17 have

1420 2886 47 16 been
1482 2885 93 22 supposed
1584 2886 37 16 and
1630 2886 91 17 residents
1732 2887 37 16 and
1780 2887 73 17 visitors

1420 2909 48 17 have
1477 2910 33 15 not
1521 2909 45 16 been
1575 2909 46 17 slow
1630 2910 19 15 to
1658 2909 43 17 take
1711 2909 106 23 advantage
1834 2911 20 16 of

1421 2932 21 19 it.
1461 2932 52 17 Seats
1522 2932 49 17 have
1580 2932 45 16 been
1635 2932 66 21 placed
1710 2932 43 17 here
1760 2933 36 16 ind
1802 2933 52 17 there

1421 2955 37 17 and
1468 2961 11 11 a
1487 2954 79 17 circular
1574 2954 53 18 track
1636 2955 15 17 is
1660 2961 41 11 now
1710 2961 19 11 111
1745 2960 73 17 proceqf
1835 2956 19 17 of

1421 2978 57 22 being
1487 2977 72 17 formed
1568 2978 20 17 of
1596 2978 62 17 which
1668 2979 32 16 the
1717 2979 37 16 fast
1770 2979 71 17 increas-

1421 3001 33 21 ing
1460 3001 48 17 local
1517 3007 53 15 army
1580 3001 19 17 of
1607 3000 94 23 bicyclists
1714 3001 36 18 will
1763 3008 24 11 no
1795 3002 59 17 doubt

1421 3024 43 17 take
1473 3020 35 21 full
1517 3024 110 22 advantage'
1643 3022 58 19 Paths
1709 3024 47 17 have
1762 3025 39 16 also
1807 3025 47 17 been

1421 3047 73 17 formed
1502 3047 83 22 running
1594 3047 125 22 transversely
1726 3048 84 22 through
1820 3048 31 17 the

1421 3070 74 22 ground
1504 3069 37 18 and
1550 3070 71 17 certain
1630 3070 51 17 work
1698 3071 15 16 is
1729 3071 58 22 being
1806 3071 51 17 done

1422 3094 60 16 which
1491 3093 39 16 will
1538 3093 43 21 give
1590 3093 32 16 the
1639 3095 87 15 concrete
1740 3094 54 17 basin
1807 3094 46 17 with

1421 3116 24 17 its
1453 3116 28 22 jet
1490 3116 20 17 of
1519 3117 57 16 water
1585 3122 10 10 a
1608 3122 50 11 more
1672 3116 87 23 pleasing
1774 3123 68 16 appear-

1421 3145 51 11 ance.

1446 3170 119 17 Summonses
1581 3170 47 17 have
1643 3169 47 18 been
1706 3171 61 17 issued
1780 3172 74 21 against

1413 3191 1 25 I
1422 3191 36 19 five
1467 3194 62 16 native
1538 3198 73 12 women
1619 3194 20 16 of
1645 3193 100 23 Waiotapu
1763 3194 36 17 and
1816 3197 38 15 two

1423 3217 61 16 native
1494 3222 41 11 men
1541 3216 33 17 the
1581 3217 70 16 former
1656 3216 58 22 being
1720 3217 81 22 charged
1808 3218 45 17 with

1423 3239 118 20 obstructing
1549 3240 31 15 Mr
1594 3239 62 17 Baber
1671 3240 20 16 in
1707 3240 29 17 his
1752 3246 67 16 survey
1835 3241 20 17 of

1423 3262 58 17 iiioek
1490 3262 29 17 Nu
1528 3264 9 14 -i
1546 3263 15 15 ii
1566 3263 5 15 i
1576 3271 6 11 ,
1587 3262 71 17 Faei-oa
1663 3262 47 18 East
1716 3263 25 22 by
1748 3263 75 23 pulling
1828 3270 26 16 up

1423 3285 31 17 the
1464 3291 67 16 survey
1539 3291 46 16 pegs
1594 3285 38 17 and
1640 3285 68 22 taking
1715 3287 103 21 possession
1835 3288 20 16 of

1423 3309 69 16 certain
1501 3308 55 19 tools',
1564 3310 87 20 contrary
1658 3310 19 15 to
1685 3309 32 16 the
1726 3307 68 19 Native
1801 3309 53 18 Land

1423 3331 58 17 Court
1490 3332 41 19 Act,
1544 3332 53 16 ISO4v
1619 3330 39 18 The
1666 3335 44 14 mtefl
1725 3335 34 14 are'
1773 3333 80 22 charged

1425 3355 43 16 with
1477 3355 121 22 threatening
1604 3355 20 16 to
1631 3355 84 17 obstruct
1722 3354 32 18 the
1759 3358 94 19 srirveyor.

1423 3377 38 17 The
1477 3377 79 17 offences
1573 3383 31 11 are
1620 3377 74 23 alleged
1702 3379 20 16 to
1731 3378 47 17 liaVc
1790 3384 53 12 occur-

1423 3400 23 17 ed
1454 3406 24 11 on
1487 3400 103 17 December
1599 3401 38 16 St.li.
1670 3401 40 16 The
1718 3407 50 12 cases
1783 3407 31 12 are
1827 3403 28 16 set

1423 3423 54 17 down
1488 3423 29 17 for
1526 3423 79 25 hearing
1613 3429 24 11 on
1654 3424 86 21 Tuesday
1756 3426 46 15 next,
1818 3425 36 16 and

1423 3447 30 16 for
1460 3447 41 16 that
1507 3452 66 11 reason
1581 3446 32 17 Mr
1626 3447 64 21 Brent,
1707 3447 41 21 J.-P,
1766 3448 88 16 attended

1427 3471 19 15 at
1454 3469 33 17 the
1496 3469 58 17 Court
1571 3475 23 11 011
1611 3469 69 22 Friday
1697 3470 37 17 and
1750 3470 104 22 adjourned

1424 3492 34 17 the'
1465 3492 87 22 ordinary
1560 3491 89 23 infantilis
1656 3492 87 18 business'
1753 3494 29 16 till
1799 3494 42 16 Mon-

1424 3515 42 22 day,
1476 3521 19 11 so
1504 3521 20 11 as
1533 3516 20 16 to
1562 3515 65 17 enable
1636 3515 39 17 Col.
1686 3516 78 18 Roberts
1774 3518 19 16 to
1809 3517 44 17 take

1423 3538 117 22 the''regular
1547 3538 85 17 business
1641 3544 24 11 011
1674 3539 41 16 that
1722 3539 37 22 day
1772 3539 37 17 and
1823 3540 34 16 the'

1425 3561 98 21 Waiotapu
1530 3566 53 12 cases-
1589 3567 24 11 011
1619 3562 91 21 Tuesday.

1446 3592 39 17 The
1494 3591 107 18 November
1611 3593 80 16 number
1703 3593 19 17 of
1739 3593 32 17 the
1787 3594 68 16 Jir-view

1424 3615 22 22 of
1453 3615 77 17 Ileviims
1538 3615 15 16 is
1562 3616 20 16 to
1590 3615 57 18 hand.
1681 3616 29 17 Its
1724 3618 87 15 contents*
1823 3622 31 11 are

1425 3644 19 11 as
1453 3638 111 22 interesting
1573 3644 19 11 as
1602 3640 42 15 ever
1660 3638 38 17 and
1714 3640 90 21 comprise
1820 3640 22 16 be-

1425 3661 47 17 sides
1487 3661 33 17 the
1536 3661 55 17 usual
1607 3663 79 15 amount
1702 3662 20 16 of
1741 3662 55 17 homo
1818 3662 36 18 and

1425 3683 79 18 colonial
1524 3684 121 17 information
1667 3685 73 17 articles
1761 3686 20 16 of
1802 3687 53 15 acute

1425 3707 70 17 critical
1504 3708 48 15 taste
1561 3713 24 11 on
1593 3707 32 17 the
1632 3708 78 22 literary
1716 3708 139 22 developments

1425 3730 19 17 of
1459 3730 32 16 the
1506 3730 72 17 month.
1611 3730 40 17 Mrs
1668 3730 101 23 Humphry
1783 3731 73 18 Ward's

1444 3753 29 17 Sir
1482 3753 73 22 George
1686 3754 59 17 which
1759 3755 34 16 has
1809 3754 47 18 been

1425 3776 82 20 running
1515 3776 84 22 through
1608 3777 32 16 the
1654 3782 58 16 pasres
1728 3777 20 17 of
1761 3777 32 17 the
1807 3777 36 18 Cen-

1425 3801 43 20 tury
1489 3799 98 22 Magazine
1607 3800 16 16 is
1640 3800 32 16 the
1708 3800 53 17 Book
1783 3800 21 17 of
1823 3800 33 17 the

1523 3822 36 16 and
1569 3822 14 16 is
1592 3828 45 16 vei'y
1647 3822 44 22 ably
1705 3823 98 17 reviewed.-
1825 3823 31 17 Mr

1425 3845 22 16 D.
1458 3845 18 16 J.
1487 3845 61 18 Quinn
1559 3845 115 18 contributes
1680 3852 12 10 a
1697 3845 66 23 highly
1769 3846 78 17 interest-

1425 3868 33 22 ing
1466 3873 58 16 paper
1533 3873 23 11 011
1586 3868 70 17 Artists
1665 3868 37 17 and
1711 3869 76 17 Artistic
1802 3869 54 18 Taste

1425 3891 18 17 in
1597 3891 20 17 in
1634 3892 60 16 which
1709 3892 70 17 several
1792 3892 21 17 of
1824 3892 33 17 the

1425 3914 50 21 sixty
1493 3913 36 17 odd
1558 3914 114 18 musketeers
1684 3915 20 17 of
1712 3915 32 17 the
1752 3915 58 17 brush
1838 3915 18 17 in

1425 3937 47 17 New
1486 3936 59 17 South
1554 3937 62 17 Wales
1625 3937 47 17 have
1680 3938 50 17 their
1744 3938 51 17 work
1813 3943 33 17 cap-

1425 3960 43 21 ab!y
1477 3960 97 16 reviewed.
1600 3960 33 17 Wo
1642 3960 48 17 shall
1699 3960 43 17 look
1750 3961 47 17 With
1804 3961 42 22 plea-

1425 3988 42 12 sure
1475 3984 19 15 to
1503 3983 33 16 the
1548 3983 93 21 promised
1656 3984 129 17 continuation
1799 3984 20 17 of
1827 3984 30 17 Mr

1426 4005 78 19 Quinn's
1513 4010 73 18 papers.

1505 4040 61 26 SO,
1583 4041 60 28 lO,
1660 4042 57 27 lO,
1734 4041 46 25 5,

1426 4076 63 20 Given
1501 4082 56 19 away
1568 4077 31 17 for
1610 4083 11 11 a
1633 4077 65 25 single
1707 4083 65 19 guets.
1806 4078 51 18 Send

1426 4106 66 20 stamp
1502 4103 31 17 for
1543 4103 120 24 particulars
1673 4103 40 19 mid
1728 4103 94 20 circulars
1839 4107 18 15 to

1426 4129 43 18 Box
1483 4129 41 22 170,
1537 4128 22 23 P.
1559 4128 34 23 0.,
1608 4129 131 23 Wellington.

1896 134 38 16 The
1943 134 77 17 current,
2027 132 80 18 number
2115 132 20 16 of
2146 132 32 16 the
2194 131 47 17 New
2258 131 36 17 Zea-

1872 157 45 16 land
1924 157 83 22 Graphic
2015 156 15 17 is
2039 157 34 16 not
2090 155 77 22 lacking
2183 154 21 17 in
2222 155 84 16 interest.

1872 180 39 17 The
1927 180 124 17 illustrations
2061 178 97 21 .comprise
2176 183 11 11 a
2208 178 55 16 series
2288 178 20 16 of

1872 202 86 18 sketched
1966 203 21 17 in
1995 202 32 17 the
2041 201 77 22 vicinity
2128 201 28 17 .of
2172 200 105 21 Lyttelton,
2296 206 11 11 a

1872 225 96 23 full-page
1981 225 60 22 photo
2053 225 21 16 of
2089 224 32 17 the
2138 223 99 17 Auckland
2253 223 54 17 stock

1872 249 38 16 and
1917 249 75 22 mining
2000 248 84 18 brokers,
2093 253 12 11 a
2114 246 128 18 continuation
2249 247 19 16 oi
2275 246 32 17 the

1872 272 73 22 mining
1955 272 91 17 sketches,
2063 275 101 12 numerous
2180 269 91 23 portraits
2288 270 20 16 of

1872 295 108 22 prominent
1991 294 72 23 people,
2074 294 38 18 &c.,
2129 293 37 17 and
2179 299 11 10 a
2204 292 66 22 couple
2287 293 20 16 of

1871 318 116 18 humourous
1996 317 90 17 sketches.
2112 317 38 16 The
2160 315 74 22 Society
2247 315 60 17 Notes

1872 347 31 11 are
1912 348 21 10 as
1940 338 55 21 usual
2004 341 45 21 kept
2058 346 26 16 up
2089 341 20 15 to
2115 339 48 17 date.
2189 338 67 22 Copies
2262 344 44 16 may

1871 364 23 17 be
1903 364 37 17 had
1949 366 20 15 at
1978 364 32 17 the
2018 364 117 16 CHRONICLE
2143 362 63 17 Office.

1894 393 40 20 The
1942 396 130 21 performance
2082 394 55 22 given
2145 393 26 22 by
2181 393 32 17 the
2228 392 65 18 Tuhou-

1870 419 56 22 rangi
1935 419 56 16 Brass
2001 418 54 17 Band
2068 423 24 11 011
2110 416 77 22 Sunday
2204 416 37 17 last
2258 421 20 11 as
2295 422 12 11 a

1871 441 123 23 compliment
2001 443 20 15 to
2039 440 31 18 the
2086 440 120 18 Sanatorium
2222 439 84 22 patients

1873 470 38 12 was
1920 465 103 21 eminently
2036 463 106 18 successful.
2159 463 40 17 Not
2206 462 45 22 only
2258 468 48 11 were

1870 488 33 17 the
1911 487 81 18 inmates
2001 488 20 17 of
2029 487 32 17 the
2069 486 83 22 hospital
2166 485 87 23 gratified
2270 485 35 16 but

1870 517 12 10 a
1890 511 52 22 lai'ge
1950 510 113 17 attendance
2072 510 19 17 of
2099 510 33 16 the
2148 509 77 22 general
2241 508 64 22 public

1871 531 81 19 testified
1960 536 20 15 to
1993 534 32 16 the
2038 530 107 20 estimation
2157 533 20 15 in
2191 532 61 16 which
2267 531 38 17 this

1870 557 84 22 recently
1962 556 114 18 established
2091 555 51 18 band
2159 555 16 17 is
2190 555 50 17 held.
2274 555 31 16 Mr

1870 580 26 17 H.
1907 580 81 17 Stewart
1996 579 104 18 conducted
2117 578 37 17 and
2171 584 24 11 an
2211 577 94 18 excellent

1870 609 126 16 programme,
2006 602 104 21 consisting
2118 601 79 22 entirely
2206 602 21 16 of
2241 601 64 17 sacred

1870 627 104 20 selections,
1985 632 38 11 was
2037 631 49 17 gone
2098 625 85 22 through
2197 625 19 16 in
2227 630 12 11 a
2256 625 49 16 most

1870 649 102 17 creditable
1989 654 85 12 manner.
2102 648 34 17 We
2150 649 50 16 trust
2213 647 43 18 that
2272 647 33 17 the

1870 672 123 22 Tuhourangi
2002 672 54 17 Band
2064 672 39 17 will
2112 673 33 15 not
2153 671 23 17 be
2190 671 79 22 sparing
2285 670 19 17 in

1870 695 49 17 their
1945 695 113 17 attendance
2085 696 20 16 at
2128 694 31 18 the
2184 693 120 18 Sanatorium

1870 719 87 17 Grounds
1966 718 71 23 during
2044 719 33 16 the
2086 724 69 11 season.

1960 750 34 17 ST.
2004 750 123 16 BERNARD
2141 748 72 18 DOGS.

1893 795 64 20 These,
1966 801 21 11 as
1999 795 15 16 is
2023 794 42 17 well
2079 794 75 20 known,
2170 800 54 16 carry
2240 797 65 14 rhertns

1870 818 20 17 of
1898 823 64 12 rescue
1970 819 20 16 to
2004 818 80 17 stricken
2093 818 108 22 wayfarers;
2227 817 78 17 Wolfe's

1870 841 98 22 Schnapps
1977 841 67 17 carries
2050 841 45 17 with
2112 841 16 17 it
2137 841 65 17 health
2219 839 38 19 and
2273 846 20 12 ro-

1869 864 92 17 bustness!

1940 908 52 16 THE
2006 908 83 17 TAUPO
2108 908 124 17 DISTRICT.

1971 954 45 17 Tjie
2117 954 76 17 Hotel.

1893 985 31 17 Sir
1932 985 88 18 Joshua's
2035 986 86 22 pleasant
2134 985 84 23 hostelry
2233 985 70 17 known

1868 1009 20 16 in
1898 1009 70 17 fonder
1976 1009 46 23 days
2031 1015 20 11 .as
2060 1008 80 22 Lofiey's
2147 1009 36 16 and
2192 1008 112 17 afterwards

1868 1038 21 11 as
1906 1032 32 17 the
1952 1032 126 19 Sanatorium,
2092 1032 34 16 lint
2136 1037 41 11 now
2195 1032 60 16 under
2271 1032 32 16 the

1869 1055 49 22 crisp
1927 1055 38 17 and
1973 1055 121 22 appropriate
2103 1055 42 17 title
2154 1055 19 16 of
2199 1055 38 17 The

1868 1079 16 16 is
1893 1078 82 17 situated
1985 1079 17 16 in
2013 1084 10 11 a
2032 1078 119 22 picturesque
2160 1078 43 21 glen
2217 1078 59 17 about
2292 1084 11 10 a

1869 1102 43 16 mile
1921 1102 38 16 and
1968 1108 11 10 a
1991 1102 42 16 luilf
2045 1102 47 15 from
2107 1102 64 20 Taupo
2183 1102 44 20 post
2244 1101 58 16 office.

1869 1125 135 22 Approaching
2015 1125 47 16 from
2072 1124 42 17 that
2123 1124 89 17 direction
2220 1124 31 16 the
2257 1124 46 17 road

1869 1149 20 15 to
1899 1148 32 16 the
1940 1148 38 22 Spa
1987 1147 59 17 winds
2056 1147 108 17 downward
2178 1147 84 22 through
2279 1153 24 11 an

1868 1176 72 12 avenue
1950 1171 19 17 of
1978 1170 80 23 English
2067 1172 48 15 trees
2124 1170 42 17 that
2175 1170 69 22 impart
2253 1176 9 10 a
2270 1170 22 17 de-

1868 1194 79 21 lightful
1965 1192 71 23 feeling
2053 1194 20 16 of
2089 1193 97 20 seclusion,
2204 1200 12 9 a
2232 1193 72 23 feeling

1868 1215 63 19 which
1939 1217 16 17 is
1963 1216 107 18 intensified
2079 1216 53 18 when
2141 1216 33 17 the
2189 1216 67 17 visitor
2272 1222 20 10 ar-

1868 1241 49 15 rive*
1926 1242 19 15 at
1955 1241 28 16 his
1993 1239 113 18 destination
2116 1239 37 17 arid
2163 1239 47 17 linds
2220 1239 82 21 himself,
2314 1239 1 23 ;

1868 1265 20 15 to
1897 1263 114 22 paraphrase
2020 1263 75 17 Bulwer
2106 1263 77 21 Lytton,

2011 1291 10 22 ''
2028 1291 19 17 in
2056 1298 9 10 a
2079 1291 59 22 bosky
2148 1291 36 17 dell

1892 1315 48 17 Shut
1949 1316 33 16 out
1995 1315 26 22 by
2035 1315 92 21 towering
2142 1314 46 17 dill's
2204 1314 49 17 from
2270 1314 33 17 the

1938 1339 46 16 rude
1993 1338 65 19 world,

1891 1361 51 17 Near
1957 1368 12 10 a
1985 1361 49 17 clear
2049 1362 75 18 stream,
2142 1360 98 23 margined
2256 1361 47 16 with

1938 1385 56 16 fruits
2004 1383 38 18 and
2049 1383 73 18 flowers

1892 1408 44 16 And
1945 1408 114 22 whispering

1870 1436 18 17 It
1896 1436 15 16 is
1921 1441 19 11 as
1949 1436 15 16 if
1973 1441 36 11 one
2018 1441 47 10 were
2074 1435 99 21 obtaining
2185 1441 12 10 a
2211 1434 81 22 surrepti-

1869 1459 48 17 tious
1927 1459 80 22 glimpse
2016 1458 20 17 of
2049 1457 106 23 Fairyland,
2165 1458 29 17 for
2206 1458 96 21 anything

1868 1483 43 15 that
1921 1481 69 17 mortal
2006 1481 51 17 hand
2072 1481 33 17 has
2119 1481 48 17 done
2183 1481 19 16 in
2219 1487 25 11 110
2262 1487 40 16 way

1868 1505 72 18 clashes
1951 1505 51 19 with,
2012 1505 34 16 but
2056 1505 32 16 has
2097 1504 47 17 been
2157 1504 54 17 made
2228 1504 64 17 subser-

1869 1528 52 17 vient
1929 1530 19 15 to
1964 1528 43 17 that
2021 1526 78 19 effected
2114 1528 26 21 by
2156 1529 74 15 nature;
2263 1527 40 16 The'

1869 1551 82 21 gardens
1958 1550 39 18 and
2006 1550 82 23 grounds
2097 1550 47 17 have
2150 1550 46 17 been
2204 1550 99 22 tastefully

1868 1574 39 17 laid
1928 1575 39 19 out,
1989 1575 19 15 in
2030 1573 116 17 ornamental
2175 1573 127 21 flower-beds,

1868 1597 100 22 tastefully
1976 1597 94 22 arranged
2079 1597 104 22 groupings
2192 1597 19 16 of
2228 1596 74 21 shrubs,

1869 1620 114 23 promenade
1992 1620 38 17 and
2044 1620 62 17 tennis
2122 1620 64 20 lawns,
2204 1620 38 17 and
2260 1620 43 22 pine

1868 1643 123 22 plantations.
2005 1643 108 22 Obtruding
2120 1643 110 17 themselves
2237 1648 55 17 every-

1870 1667 61 17 where
1939 1672 31 12 are
1981 1672 51 12 roses
2040 1666 19 17 in
2076 1667 74 21 greater
2166 1666 73 22 variety
2256 1666 47 17 than

1869 1690 32 17 the
1921 1691 76 21 present
2018 1690 63 16 writer
2100 1689 38 17 had
2162 1695 37 16 any
2217 1690 86 21 previous

1869 1713 112 22 knowledge
1991 1713 25 17 of.
2046 1713 43 16 Two
2107 1714 84 19 streams,
2209 1718 35 12 one
2262 1712 40 20 hot,

1869 1736 34 17 the
1922 1736 54 17 other
1996 1735 47 20 c'old,
2065 1735 89 17 meander
2171 1736 82 21 through
2271 1735 32 18 the

1870 1759 84 21 grofmds
1962 1759 31 17 till
2001 1759 45 21 they
2055 1758 146 23 meetjandform
2209 1759 32 16 the
2248 1759 56 17 baths

1870 1783 29 16 for
1916 1782 62 17 whicli
1995 1782 33 17 the
2136 1782 16 17 is
2168 1782 63 17 noted;
2265 1782 39 17 The

1870 1806 56 16 baths
1934 1806 112 21 contiguous
2055 1806 20 16 to
2084 1805 32 17 the
2124 1805 58 17 house
2187 1811 32 11 are
2224 1805 32 17 the
2262 1805 40 20 hot,

1870 1829 42 17 cold
1921 1829 36 16 and
1966 1829 52 21 tepid
2028 1829 106 21 swimming
2142 1828 61 21 baths,
2218 1829 32 16 the
2264 1829 30 16 for-

1870 1858 40 11 mer
1918 1852 58 22 being
1985 1851 64 18 roofed
2058 1857 21 11 so
2088 1858 19 10 as
2117 1855 19 13 to
2145 1851 77 22 provide
2229 1851 75 23 against

1870 1875 77 16 bathers
1955 1875 89 22 catc'hing
2053 1881 11 10 a
2074 1874 49 17 chill.
2148 1874 39 17 The
2196 1875 64 17 others
2273 1881 31 10 are

1870 1904 49 16 open
1928 1898 34 16 but
1971 1898 25 17 all
2006 1904 31 10 are
2054 1898 101 17 connected
2173 1904 19 10 so
2210 1898 43 17 that
2270 1904 34 10 one

1870 1927 34 11 can
1914 1921 67 22 propel
1988 1921 77 17 himself
2079 1922 48 16 from
2136 1921 32 17 the
2185 1921 33 17 hot
2235 1923 20 15 to
2272 1921 33 17 the

1870 1944 59 22 tepid,
1939 1944 49 17 from
1998 1944 32 17 the
2039 1944 50 19 tepid
2100 1946 19 15 to
2133 1944 32 17 the
2182 1944 42 17 cold
2239 1945 21 16 at
2276 1945 29 16 his

1871 1973 41 11 own
1922 1969 57 15 stveet
1987 1967 45 17 will.
2059 1967 42 17 This
2109 1967 15 17 is
2133 1973 11 11 a
2152 1969 50 15 fnost
2218 1968 76 16 satisfac-

1871 1992 43 20 tory
1922 1991 134 22 arrangement
2064 1991 38 16 and
2110 1996 35 11 one
2159 1991 61 17 which
2237 1991 68 17 carries

1870 2014 26 16 its'
1906 2015 42 16 oivfi
1957 2013 177 18 recommendation.
2160 2014 38 17 The
2213 2013 90 23 sleeping,

1871 2037 57 17 social
1948 2037 37 16 and
2006 2036 67 23 dining
2088 2043 62 11 rooms
2167 2041 32 13 are'
2213 2037 92 17 scattered

1871 2060 58 16 about
1936 2060 34 16 the
1976 2060 83 22 grounds
2065 2060 18 16 in
2091 2060 95 17 aduiiraed
2200 2060 104 18 confusion.

1871 2084 26 16 To
1906 2083 34 17 the'
1947 2083 52 22 right
2008 2083 36 17 and
2054 2083 34 17 left
2097 2084 20 16 of
2126 2084 31 16 the
2166 2085 89 15 entrance
2262 2085 43 20 gate

1871 2111 31 12 are
1915 2112 48 11 rows
1980 2106 21 17 of
2016 2105 106 22 bedroom's;
2138 2106 49 17 built
2202 2107 104 22 bungalow

1872 2130 79 19 fashion,
1961 2129 46 17 with
2016 2129 48 17 wide
2072 2130 110 17 verandahs.
2208 2130 39 17 The
2255 2130 40 16 vari-

1872 2158 33 11 ous
1913 2158 62 11 rooms
1987 2158 31 11 are
2032 2152 54 21 lofty,
2103 2158 40 17 airy
2159 2152 38 18 and
2213 2152 92 23 spacious.

1871 2172 119 25 Pr'ofcee'dfng'
1996 2175 85 17 onwards
2091 2182 23 10 011
2124 2176 31 16 the
2164 2182 35 10 one
2211 2175 52 17 hand
2278 2182 27 10 we

1871 2198 39 17 find
1920 2198 31 17 the
1963 2198 86 22 drawing
2063 2198 40 17 and
2117 2199 146 22 sitting-room's,
2282 2205 23 11 on

1872 2222 31 16 the
1912 2222 55 16 other
1976 2222 32 16 the
2016 2222 133 20 sflloke-room,
2158 2222 35 17 but
2208 2222 99 23 separated

1871 2245 26 22 by
1905 2245 60 17 lawns
1974 2245 35 16 and
2020 2245 123 18 shrubberies.
2164 2245 39 17 The
2211 2246 35 16 hot
2253 2245 54 17 creek

1872 2267 62 18 whicli
1941 2273 47 12 runs
1996 2267 84 22 through
2093 2268 38 17 this
2148 2268 74 22 portion
2238 2269 20 16 of
2274 2269 33 16 the

1872 2292 90 22 property
1982 2291 16 16 is
2015 2292 83 21 spaiHied
2115 2292 25 21 by
2157 2292 58 16 rustic
2222 2291 83 23 bridges,

1873 2314 44 16 with
1928 2314 64 16 lattice
2001 2311 51 19 Work
2060 2314 76 18 arcades
2142 2314 49 17 built
2197 2321 44 11 over
2248 2314 57 18 then'i.

1872 2337 19 16 in
1901 2337 37 17 and
1947 2339 34 15 out
1990 2337 19 16 of
2018 2337 61 17 which
2089 2337 90 22 climbing
2188 2338 64 21 plants
2270 2337 37 17 and

1873 2359 72 18 flowers
1954 2360 71 22 mingle
2037 2361 18 16 in
2072 2361 31 16 the
2119 2362 66 21 gayest
2201 2361 105 17 confusion.

1872 2384 52 16 Most
1933 2384 20 16 of
1961 2384 33 16 the
2002 2383 96 23 buildings
2107 2390 31 11 are
2150 2384 122 17 ornamented
2288 2385 19 16 to

1873 2409 11 14 3
1896 2408 75 21 greater
1986 2412 22 11 or
2020 2406 57 18 lesser
2093 2406 68 23 degree
2180 2407 43 17 n'ith
2241 2406 68 23 quaint

1872 2429 62 17 Maori
1942 2429 95 23 carvings,'
2046 2430 61 17 which
2116 2432 19 15 to
2145 2431 96 16 travellers
2258 2431 49 16 from

1874 2453 40 16 afar
1923 2453 47 16 have
1986 2459 10 10 a
2013 2453 83 21 peculiar
2111 2453 84 18 interest.
2229 2453 23 17 In.
2269 2453 38 17 this

1873 2477 77 20 respect,
1957 2475 93 21 however,
2057 2476 32 17 the
2095 2476 62 17 Maori
2160 2476 65 17 carved
2230 2476 66 23 dining-

1873 2499 39 16 hall
1921 2499 52 16 takes
1987 2499 52 21 pride
2053 2499 21 17 of
2086 2499 61 22 place';
2181 2497 44 19 This
2242 2501 54 20 apart-

1875 2523 49 16 ment
1934 2522 14 16 is
1957 2523 23 15 -10
1990 2522 24 22 by
2025 2523 20 16 2-1
2055 2522 44 21 feet,
2110 2522 38 17 and
2155 2523 85 17 contains
2256 2528 51 12 some

1874 2545 19 16 of
1900 2545 32 16 the
1940 2544 55 18 finest
2004 2545 102 22 specimens
2115 2546 20 17 of
2150 2546 63 17 native
2230 2546 78 22 carving

1873 2569 20 15 to
1902 2568 23 17 he
1933 2568 60 23 found
2002 2568 19 16 in
2035 2568 47 18 Now
2095 2569 88 17 Zealand.
2215 2569 59 22 Many
2288 2569 20 17 of

1874 2590 31 18 the
1914 2591 66 22 panels
1988 2594 32 14 are
2029 2592 19 16 of
2056 2593 56 21 great
2124 2593 101 21 antiquity,
2242 2591 37 18 and
2288 2593 20 15 in

1874 2613 52 18 those
1934 2614 47 22 days
1995 2614 54 17 when
2058 2615 103 21 specimens
2178 2615 19 17 of
2206 2615 37 17 this
2261 2615 47 18 class

1875 2638 19 15 of
1903 2638 51 15 work
1970 2640 34 14 are'
2018 2637 101 23 becoming
2135 2644 50 11 more
2202 2638 38 17 and
2257 2641 51 14 more

1874 2666 61 11 scarce
1943 2660 16 17 it
1968 2660 63 18 would
2037 2661 23 17 be
2068 2660 107 23 impossible
2184 2662 20 16 to
2221 2662 87 16 estimate

1874 2683 32 17 the
1915 2683 54 17 value
1979 2684 19 16 of
2006 2683 38 18 this
2060 2684 52 22 truly
2127 2685 69 21 unique
2212 2684 95 23 building.

1874 2706 39 17 The
1921 2706 76 23 designs
2006 2713 31 10 are
2046 2707 26 17 all
2080 2707 107 22 permeated
2204 2707 47 17 with
2266 2707 42 17 that

1874 2729 127 23 exaggerated
2011 2730 72 22 though
2102 2730 127 22 symmetrical
2240 2732 59 21 f/rotea-

1875 2753 59 22 querie
1957 2753 19 17 in
1999 2753 61 17 which
2081 2753 32 17 the
2133 2754 62 17 Maori
2218 2754 56 17 artist
2293 2754 16 16 is
2309 2753 2 22 1

1874 2781 59 17 prone
1941 2777 20 16 to
1970 2776 57 17 retel.
2051 2776 52 17 With
2119 2777 32 16 the
2168 2777 69 20 native,
2255 2777 39 16 how-

1875 2805 47 14 ever,
1933 2799 78 22 carving
2019 2800 19 15 in
2048 2800 53 16 wood
2108 2805 21 12 or
2137 2800 48 17 bone
2201 2800 15 17 is
2234 2800 75 22 rapidly

1875 2822 100 21 becoming
1983 2827 35 12 one
2028 2822 20 17 of
2055 2822 32 18 the
2096 2823 37 17 lost
2145 2824 45 16 arts.

1898 2845 90 22 Arriving
1995 2847 20 15 at
2024 2845 31 17 the
2139 2846 20 16 in
2168 2846 31 16 the
2209 2846 99 17 afternoon

1875 2873 21 11 or
1905 2868 80 22 evening
1994 2868 32 17 the
2034 2868 57 22 jaded
2107 2869 94 20 traveller,
2213 2869 49 17 after
2279 2869 20 16 in-

1875 2890 81 23 dulging
1972 2892 20 15 in
2000 2891 29 17 his
2038 2892 39 19 hot,
2086 2892 52 22 tepid
2155 2898 21 10 or
2194 2892 41 17 cold
2251 2892 54 20 batli,

1875 2915 70 16 cannot
1953 2914 24 17 do
1992 2914 61 17 better
2069 2914 47 18 than
2132 2916 77 16 saunter
2224 2915 84 22 through

1875 2937 42 17 that
1926 2937 75 22 portion
2011 2938 20 16 of
2039 2937 32 17 the
2088 2938 82 22 grounds
2182 2938 61 17 which
2258 2938 51 17 loads

1876 2961 19 16 to
1903 2960 33 17 the
1945 2960 87 17 Waikato
2047 2961 53 17 river.
2134 2961 25 16 At
2168 2961 37 17 this
2214 2961 55 21 point
2277 2961 32 17 the

1876 2985 67 15 stream
1953 2983 52 17 flows
2013 2984 95 22 smoothly
2117 2989 30 12 an'
2147 2984 5 8 3
2171 2984 80 23 steadily
2259 2986 49 20 past.

1875 3006 59 17 There
1943 3007 15 15 is
1967 3013 11 10 a
1983 3007 58 17 restfu
2045 3007 47 17 iness
2098 3007 58 17 about
2162 3007 25 17 its
2192 3013 117 16 appearance

1877 3029 59 17 which
1947 3031 69 15 cannot
2023 3030 33 16 fail
2065 3031 19 16 to
2093 3030 24 17 do
2131 3036 74 16 anyone
2220 3031 42 16 who
2275 3031 35 17 has

1900 3052 92 17 travelled
2005 3052 48 17 life's
2069 3052 40 18 dull
2211 3054 38 16 and
2265 3059 33 17 per-

1876 3075 75 20 chance,
1967 3076 98 16 extracted
2078 3076 50 17 little
2140 3076 85 22 pleasure
2240 3078 34 16 out
2291 3077 19 17 of

1875 3098 29 17 his
1914 3098 114 22 pilgrimage
2037 3105 11 10 a
2056 3105 63 16 power
2128 3101 19 15 of
2156 3099 55 22 good.
2237 3100 19 16 It
2270 3100 39 16 will

1875 3121 72 17 besides
1955 3121 23 17 be
1988 3128 11 10 a
2008 3121 64 23 fitting
2079 3122 78 22 prelude
2167 3124 20 15 to
2200 3123 65 22 seeing
2277 3123 32 16 the

1867 3144 1 23 .
1876 3149 50 12 same
1940 3144 83 23 placidly
2035 3144 79 23 flowing
2127 3145 52 18 sheet
2187 3146 21 16 of
2215 3148 59 14 water
2289 3146 22 17 in

1877 3167 78 17 another
1970 3167 142 21 mood,when
2131 3168 16 17 it
2161 3168 63 17 rushes
2246 3168 64 22 madly

1877 3191 83 21 tnrough
1969 3191 25 16 its
2001 3191 41 17 iron
2049 3193 53 20 gates
2111 3191 37 17 and
2157 3191 46 23 dops
2220 3192 47 16 with
2286 3198 23 10 an

1876 3219 61 16 angry
1945 3219 43 11 roar
1997 3220 43 10 over
2053 3214 31 17 the
2093 3214 58 17 Huka
2161 3214 40 17 Fall
2218 3221 21 10 or
2255 3215 55 17 when

1876 3236 15 17 it
1910 3236 70 18 battles
1994 3237 46 17 with
2057 3237 32 17 the
2105 3237 87 17 boulders
2209 3238 37 16 and
2260 3239 50 16 tears

1877 3259 51 17 itself
1936 3259 40 17 into
2006 3261 85 20 foaming
2099 3266 49 11 -mass
2161 3262 20 15 at
2189 3261 32 16 the
2230 3261 68 17 Aratea-

1876 3283 31 16 tea
1916 3283 78 21 Rapids.
2020 3283 57 17 These
2086 3283 36 17 and
2133 3283 61 22 other,
2201 3284 61 22 sights
2279 3289 31 12 are

1877 3306 66 16 within
1953 3311 44 16 easy
2006 3306 61 17 Access
2075 3306 20 17 of
2109 3306 32 17 the
2158 3306 43 22 Spa.
2234 3307 26 16 To
2277 3307 35 16 the

1877 3328 75 21 former,
1962 3328 75 18 visitors
2046 3334 31 12 are
2086 3330 94 21 conveyed
2188 3330 45 19 free,
2243 3331 20 15 to
2277 3330 36 17 the'

1876 3351 57 17 latter
1941 3358 11 10 a
1961 3357 15 11 si
1978 3352 38 16 wall
2025 3352 68 22 charge
2101 3353 15 16 is
2122 3352 85 22 imposed
2220 3353 31 16 for
2263 3358 34 12 con-

1877 3377 86 19 veyance.

1900 3397 59 17 There
1968 3403 31 11 are
2008 3403 56 16 many
2072 3398 76 17 natural
2157 3398 91 21 wonders,
2255 3398 40 17 how-

1877 3426 48 14 ever,
1935 3422 20 15 to
1964 3421 23 16 be
1996 3426 42 12 seen
2048 3421 66 17 within
2126 3421 83 22 walking
2225 3421 84 18 distance

1877 3443 19 17 of
1905 3443 32 17 the
1945 3443 64 18 house.
2035 3444 50 17 First
2094 3444 36 17 and
2140 3445 89 16 foremost
2245 3445 15 16 is
2277 3445 32 17 the

1877 3466 70 17 Crow's
1955 3466 48 17 Nest
2011 3466 75 22 Geyser,
2096 3467 37 17 and
2142 3473 20 11 as
2169 3468 32 16 the
2207 3468 37 21 Spa
2253 3468 15 16 is
2277 3468 32 16 the

1876 3489 55 17 home
1940 3490 20 16 of
1968 3490 43 16 that
2025 3490 129 21 phenomenon
2171 3490 15 17 it
2201 3490 20 18 is'
2234 3490 75 18 natural

1877 3512 42 16 tiiat
1928 3518 34 11 our
1970 3513 92 22 footsteps
2072 3513 66 17 should
2144 3513 24 17 be
2176 3513 41 17 first
2229 3513 45 17 bent
2289 3514 20 16 in

1877 3535 42 17 that
1928 3535 97 18 direction.
2049 3536 17 16 A
2074 3538 52 20 steep
2134 3536 34 17 but
2177 3542 74 11 narrow
2260 3537 47 21 path

1877 3558 51 17 leads
1936 3560 20 15 to
1965 3558 32 17 the
2006 3560 35 21 top
2048 3559 20 16 of
2077 3559 35 16 blio'
2121 3559 39 17 cliff
2171 3559 38 17 and
2223 3560 44 16 here
2282 3565 27 11 we

1877 3581 35 17 felt
1921 3582 15 16 it
1945 3581 109 17 incumbent
2063 3588 23 10 011
2095 3588 22 11 us
2131 3584 19 15 to
2166 3584 53 21 tarry
2236 3589 11 10 a
2261 3582 49 18 brief

1877 3610 54 16 space
1940 3604 29 17 till
1979 3610 27 11 we
2013 3604 38 17 bad
2060 3605 111 22 sufficiently
2180 3605 84 17 admired
2278 3605 32 17 the

1877 3629 63 20 pretty
1949 3628 95 22 congeries
2054 3628 19 17 of
2081 3629 85 21 cottages
2176 3629 84 20 nesting
2277 3629 22 16 be-

1877 3650 36 16 low
1922 3651 18 16 in
1949 3650 50 18 their
2008 3650 102 23 encircling
2121 3652 48 17 trees
2183 3652 37 16 and
2236 3652 63 16 flower-

1877 3673 45 17 beds
1932 3673 37 17 and
1978 3673 38 17 had
2028 3674 68 21 gained
2116 3679 34 12 one
2166 3674 68 18 second
2251 3675 58 17 wind.

1877 3697 16 16 A
1902 3697 49 16 walk
1961 3697 20 16 of
1989 3697 59 17 about
2055 3697 41 17 half
2102 3703 12 11 a
2124 3697 43 18 mile
2175 3697 66 23 brings
2256 3703 21 12 us
2290 3699 20 16 to

1877 3719 32 17 the
1926 3720 53 17 bank
1992 3720 19 17 of
2027 3720 31 17 the
2075 3720 49 17 river
2140 3720 122 23 Overlooking
2278 3721 32 16 the

1879 3742 69 18 Crow's
1957 3742 53 18 Nest.
2035 3743 39 17 But
2082 3743 43 17 that
2132 3744 117 17 remarkable
2265 3749 45 12 cone

1877 3765 16 17 is
1902 3765 44 22 only
1955 3766 89 22 emitting
2052 3772 11 10 a
2073 3766 42 17 thin
2124 3767 69 17 wreath
2211 3767 19 17 of
2247 3767 64 17 smoke

1877 3788 38 17 and
1924 3789 44 17 does
1976 3791 35 15 not
2019 3788 121 23 particularly
2157 3791 59 16 arriist
2231 3795 34 12 our
2281 3792 20 15 at-

1877 3812 79 16 tention.
1983 3812 19 17 It
2013 3812 15 17 is
2041 3812 32 17 the
2086 3812 104 18 riverthe
2206 3815 54 21 great
2275 3817 24 13 ex-

1877 3840 58 16 panse
1946 3835 20 17 of
1975 3835 81 22 pellucid
2070 3836 63 20 water,
2150 3836 67 23 calmly
2234 3836 78 23 flowing

1871 3860 33 17 .011'
1911 3858 82 17 toWarcfe
2002 3858 32 17 the
2043 3859 97 16 seatliat
2148 3859 37 17 fill's
2190 3863 22 13 us
2222 3860 45 16 with
2277 3859 22 17 ad-

1879 3880 94 18 miration.
1999 3881 28 17 Its
2035 3881 77 17 borders
2120 3887 32 12 are
2168 3883 20 16 of
2204 3889 53 16 grass
2274 3883 38 16 and

1879 3903 126 23 sedgc-raupo
2021 3904 37 17 arid
2074 3904 65 18 rushes
2155 3905 46 17 with
2217 3906 45 17 liele
2275 3906 37 17 and

1878 3926 53 18 there
1951 3933 10 11 a
1983 3927 77 17 stunted
2075 3927 58 17 sln'ub
2150 3929 88 21 repeated
2255 3929 57 22 again

1879 3949 68 18 amidst
1956 3950 33 17 the
1998 3951 50 16 ferns
2065 3950 42 17 that,
2124 3950 61 19 clothe
2199 3952 33 17 the
2244 3952 67 22 slopes.

1861 3972 1 24 ,
1879 3972 22 17 In
1910 3972 110 18 midstream
2028 3979 31 11 are
2068 3979 34 11 0110
2108 3979 21 11 or
2137 3976 38 15 two
2185 3979 56 17 green
2252 3977 58 19 eyots,

1878 3995 61 17 round
1948 3996 61 17 which
2018 4002 28 11 we
2054 3997 56 21 fancy
2126 4002 28 12 wo
2168 4003 35 11 can
2218 3998 47 17 hear
2281 3998 32 18 the

1879 4019 68 16 stream
1954 4019 87 23 rippling,
2046 4019 38 17 and
2093 4021 117 22 murmuring
2218 4021 20 17 in
2249 4027 51 11 amor-

1879 4047 33 10 ous
1929 4042 102 17 dalliance.-
2057 4043 39 16 The
2112 4043 85 22 vagaries
2213 4044 21 17 of
2250 4045 64 16 colour

1880 4064 88 23 wrought
1977 4071 24 11 on
2009 4067 33 15 tlie
2055 4066 73 17 surface
2140 4066 25 22 by
2183 4067 31 16 the
2232 4073 35 11 sun
2282 4073 31 12 are

1880 4087 103 17 somewhat
1991 4088 147 18 wonderfulin
2148 4095 51 11 some
2208 4090 62 22 places
2282 4096 32 12 are

1861 4110 1 21 1
1880 4110 77 21 patches
1967 4111 20 16 of
2000 4111 32 17 the
2046 4111 72 18 utmost
2135 4112 88 18 darkness
2240 4113 38 17 arid
2294 4113 20 17 in

1881 4133 62 17 others
1953 4134 20 16 of
1981 4134 32 17 the
2023 4136 49 15 most
2083 4134 85 18 brilliant
2182 4140 63 17 green.
2275 4136 39 17 The

2329 130 87 18 boulders
2424 136 33 12 are
2465 130 74 18 stained
2547 130 38 20 rod,
2591 130 36 16 but
2633 135 24 11 on
2666 129 97 17 examina-
2773 117 2 33 I

2330 155 40 17 tion
2378 154 16 17 it
2403 154 38 17 will
2450 153 22 18 be
2481 153 60 18 found
2549 154 43 17 that
2597 153 39 17 this
2644 152 15 17 is
2666 152 33 17 the
2706 151 59 18 result

2330 178 20 16 of
2358 183 11 11 a
2377 177 61 17 lichen
2452 177 75 22 growth
2542 177 61 17 which
2618 176 84 17 encrusts
2716 174 47 17 both

2329 200 54 17 rocks
2391 199 37 18 and
2436 200 114 22 vegetation.
2572 200 26 17 As
2606 205 29 11 we
2643 204 46 16 gaze
2695 204 57 16 enrap-

2328 223 56 17 tured
2398 224 20 16 at
2434 223 38 16 this
2488 223 92 22 powerful
2598 223 68 17 stream
2683 221 81 23 steadily

2328 245 129 23 progressing.
2465 247 21 16 to
2502 246 71 20 mingle
2590 245 52 18 itself
2663 245 46 16 with
2730 245 33 17 the

2328 270 75 22 greater
2419 274 64 17 power
2499 270 20 16 of
2536 269 32 17 the
2581 274 64 14 ocean,
2664 268 97 22 suddenly,

2328 292 80 17 without
2417 292 33 17 tho
2459 292 88 22 slightest
2553 292 93 21 warning,
2662 298 12 10 a
2687 291 75 19 column

2328 316 21 16 of
2358 316 57 16 water
2425 315 37 17 and
2470 317 58 15 steam
2538 316 64 16 shoots
2611 320 25 17 up
2645 315 40 16 into
2694 315 32 16 the
2735 317 28 16 air

2328 340 20 15 to
2358 344 10 11 a
2376 338 67 22 height
2452 338 19 17 of
2479 338 59 17 about
2547 339 23 17 70
2582 339 44 18 feet,
2638 339 19 15 at
2666 343 24 11 an
2706 340 57 21 angle

2328 362 21 16 of
2358 362 57 16 about
2424 362 23 16 00
2456 361 77 22 degrees
2542 362 36 17 and
2588 367 20 12 so
2617 362 19 16 in
2645 361 25 17 its
2687 363 75 17 descent

2328 384 106 21 describing
2443 390 10 11 a
2460 384 96 22 parabola.
2562 384 39 18 The
2609 386 86 21 eruption
2702 386 60 17 lasted

2328 408 30 16 for
2373 407 59 17 about
2446 409 23 15 40
2486 408 83 18 seconds,
2587 408 38 17 and
2643 409 33 17 the
2692 409 71 17 Crow's

2326 430 49 17 Nest
2383 430 70 22 Geyser
2460 430 38 17 had
2509 431 108 22 performed
2631 431 24 17 its
2669 431 92 18 function.

2327 454 120 21 Descending
2455 455 20 15 to
2485 454 31 17 the
2531 454 74 17 water's
2618 454 48 22 edge
2680 460 28 11 we
2723 455 38 16 find

2327 477 42 16 that
2378 477 32 16 the
2418 482 68 16 geyser
2492 482 45 12 cone
2545 477 66 17 stands
2618 477 59 17 about
2686 478 21 16 10
2724 479 39 17 feet

2327 499 46 23 high
2381 499 36 18 and
2427 500 15 17 is
2452 500 44 22 only
2502 506 12 11 a
2526 500 35 17 few
2575 500 38 17 feet
2625 499 72 18 distant
2714 501 47 17 from
2772 496 1 31 j

2326 523 33 16 the
2368 523 74 17 water's
2451 523 52 22 edge.
2530 523 19 16 It
2562 523 15 17 is
2594 523 20 16 of
2631 523 57 17 sinter
2705 530 21 11 or
2742 525 19 16 in

2327 546 55 16 other
2390 546 60 17 words
2464 546 73 17 formed
2549 546 26 22 by
2584 546 32 17 the
2629 546 133 22 precipitation

2327 569 20 16 of
2356 569 77 17 mineral
2442 571 73 15 waters.
2541 569 39 17 The
2591 569 79 17 interior
2677 575 20 16 pi
2700 571 62 16 esents

2327 592 26 17 all
2361 592 33 17 the
2402 597 116 17 appearance
2526 592 20 17 of
2554 598 12 11 a
2577 592 103 17 well-built
2696 592 55 18 black-

2327 614 58 18 bird's
2394 620 21 12 or
2424 615 82 17 thrush's
2514 617 43 15 nest
2566 621 23 11 on
2599 621 11 11 a
2619 615 86 23 gigantic
2714 616 48 17 scale

2326 638 115 22 certainly
2455 640 33 15 not
2497 644 10 11 a
2521 644 55 14 crow,
2594 644 21 11 as
2631 638 43 18 that
2688 638 42 18 bird
2746 640 15 16 is

2326 663 35 15 not
2368 661 58 17 noted
2439 661 30 17 for
2486 661 25 18 its
2528 661 127 18 constructive
2669 662 92 22 capacity.

2326 684 39 17 Tho
2372 684 59 17 inside
2439 684 53 17 looks
2505 691 21 10 as
2540 684 16 17 if
2567 685 14 16 it
2598 684 38 17 had
2653 685 45 17 heen
2713 685 48 17 built

2326 708 47 16 with
2382 707 90 17 branches
2480 708 20 16 of
2508 710 48 15 trees
2565 707 38 17 and
2611 708 45 17 then
2666 708 96 17 cemented

2326 736 45 12 over
2378 731 3 22 ;
2395 731 37 17 and
2442 731 92 22 although
2544 737 28 11 we
2581 736 48 12 were
2638 731 75 17 assured
2719 732 43 16 that

2326 754 38 17 this
2374 754 15 17 is
2398 753 45 23 only
2449 754 32 17 the
2490 754 111 22 peculiarity
2615 754 21 17 of
2643 754 33 17 the
2690 754 60 17 forma-

2326 777 41 17 tion
2387 783 28 11 we
2434 781 35 13 Can
2486 778 82 21 scarcoly
2584 777 71 18 believe
2678 778 42 16 that
2737 784 24 11 no

2326 800 90 18 branches
2425 800 47 17 have
2485 801 75 17 entered
2573 801 41 17 into
2627 801 25 17 its
2669 801 80 22 composi-

2326 824 47 16 tion.
2399 821 59 19 When
2469 824 31 16 the
2508 824 50 17 river
2566 825 15 16 is
2590 824 37 17 low
2632 824 32 16 the
2671 824 61 16 action
2742 825 20 15 of

2326 843 33 21 the
2368 852 66 16 geyser
2443 846 15 17 is
2467 846 35 17 less
2511 847 94 23 frequent,
2614 847 36 17 but
2663 847 55 17 when
2728 847 33 17 tho

2327 870 50 17 liver
2384 870 48 16 level
2441 870 15 16 is
2465 866 47 26 high
2521 870 32 17 the
2587 870 55 17 Crow
2680 875 43 17 may
2738 870 23 17 bo

2326 892 81 18 counted
2427 899 23 11 on
2472 894 20 16 to
2509 891 55 19 make
2585 899 10 11 a
2612 892 148 18 demonstration

2326 921 56 17 every
2391 916 50 22 forty
2451 916 86 17 minutes.
2551 917 40 17 One
2599 917 84 21 peculiar
2688 917 73 16 feature

2326 939 16 18 is
2351 939 43 18 that
2398 945 46 16 very
2452 939 108 22 frequently
2569 946 11 11 a
2589 939 68 18 second
2674 939 87 23 eruption

2327 963 53 16 takes
2388 962 53 23 place
2449 962 91 23 precisely
2550 964 19 16 1A
2580 963 82 17 minutes
2669 963 49 16 after
2728 963 33 16 the

2325 986 41 17 first
2384 992 40 11 one.
2450 985 44 17 This
2507 986 16 17 is
2539 986 119 23 exceptional
2675 986 37 17 and
2728 988 33 15 tlie

2326 1014 54 12 cause
2400 1009 34 17 has
2458 1010 34 16 not
2517 1011 32 20 yet
2569 1009 48 17 been
2638 1009 121 17 determined.

2325 1032 69 17 Bound
2403 1032 31 17 the
2443 1032 45 17 base
2496 1032 20 17 of
2525 1032 32 17 the
2566 1033 70 16 mound
2646 1038 21 11 or
2676 1038 45 11 cone
2729 1038 32 11 are

2325 1061 57 14 many
2397 1055 49 17 little
2460 1053 74 19 fissures
2549 1056 85 22 through
2650 1054 61 19 which
2728 1056 33 16 the

2325 1080 59 16 steam
2392 1078 59 18 issues
2459 1079 38 16 and
2505 1085 21 11 as
2535 1079 52 17 these
2592 1085 55 11 vents
2656 1085 30 11 are
2699 1077 62 19 closed

2324 1101 27 23 by
2359 1102 35 17 the
2402 1103 59 16 water
2469 1101 55 18 when
2533 1102 33 17 the
2574 1103 50 16 river
2631 1103 15 16 is
2661 1103 48 21 high
2723 1102 38 17 and

2325 1125 33 17 the
2363 1125 61 17 action
2433 1125 15 16 is
2457 1125 45 16 then
2512 1131 52 11 more
2572 1126 88 21 frequent
2668 1126 15 16 it
2692 1126 15 17 is
2716 1125 45 22 only

2325 1148 76 17 natural
2409 1149 20 15 to
2438 1153 73 12 assume
2519 1149 44 17 that
2571 1148 15 18 if
2594 1149 53 17 these
2664 1150 97 20 apertures

2326 1176 47 12 were
2382 1171 79 22 stopped
2474 1171 54 17 when
2538 1172 32 16 the
2584 1172 48 17 river
2645 1172 15 16 is
2675 1172 37 16 low
2728 1172 33 17 tho

2325 1199 66 17 geyser
2400 1194 62 17 would
2470 1194 45 22 play
2524 1196 19 16 at
2552 1195 75 17 shorter
2632 1195 95 18 intervals.

2442 1225 42 24 (To
2493 1227 18 15 he
2528 1226 115 23 continued.)

2403 1280 52 17 THE
2469 1280 101 18 SCHOOL
2582 1280 95 18 PICNIC.

2349 1326 97 21 Thursday
2455 1326 37 17 last
2500 1332 39 12 was
2549 1333 10 11 a.
2569 1326 44 22 gala
2622 1326 37 23 day
2672 1328 89 19 amongst

2327 1351 31 16 the
2374 1349 67 18 School
2458 1349 89 21 children,
2558 1350 48 19 who,
2625 1351 18 15 in
2668 1356 93 16 company

2325 1374 46 17 with
2397 1373 49 18 their
2465 1373 84 18 teachers
2566 1373 37 17 and
2624 1375 76 20 parents
2723 1373 38 17 and

2325 1397 70 17 friends
2408 1396 105 18 celebrated
2521 1397 33 16 the
2565 1398 160 16 commencement
2741 1397 20 16 of

2325 1421 33 17 the
2379 1420 121 18 midsummer
2513 1420 86 22 holidays
2617 1420 26 21 by
2656 1426 11 11 a
2685 1420 38 22 trip
2740 1421 20 16 to

2325 1444 101 17 Putaruru.
2448 1443 39 17 The
2492 1444 114 22 youngsters
2613 1449 49 11 were
2669 1443 92 23 punctual
2770 1443 1 23 ;

2325 1467 18 16 in
2354 1467 47 16 their
2418 1466 112 17 attendance
2539 1464 20 19 at
2571 1467 32 16 the
2620 1467 139 19 school-house,

2325 1490 40 23 (tho
2373 1490 52 23 place
2434 1490 20 16 of
2462 1489 122 24 rendezvous)
2593 1490 19 16 in
2620 1490 32 16 tho
2666 1490 93 21 morning,

2325 1513 36 17 and
2370 1513 72 17 headed
2450 1513 26 20 by
2486 1513 32 17 the
2533 1513 84 17 Rotorua
2634 1513 56 17 Brass
2698 1513 61 19 Band,

2325 1537 36 16 alid
2370 1535 113 18 marshalled
2491 1536 26 22 by
2526 1536 49 17 their
2583 1536 84 17 teachers
2684 1536 37 17 and
2728 1537 33 17 the

2324 1560 91 20 member.?
2425 1560 20 16 of
2455 1559 108 18 committee
2579 1559 47 22 they
2641 1560 54 17 made
2712 1560 49 17 their

2325 1589 41 14 way
2375 1584 20 16 to
2404 1582 32 17 tlie
2445 1582 76 18 station.
2552 1582 50 18 Over
2620 1583 32 16 100
2669 1582 90 20 children,

2325 1606 36 17 and
2372 1606 128 20 considerably
2509 1611 51 11 more
2569 1606 46 16 than
2625 1605 43 17 that
2681 1607 80 16 number

2325 1629 20 17 of
2354 1629 61 17 adults
2432 1629 82 17 boarded
2532 1631 38 19 tho.
2582 1634 39 12 cars
2638 1629 38 17 and
2688 1629 19 17 in
2724 1629 37 18 due

2325 1657 64 12 course
2397 1658 46 11 were
2451 1652 70 17 landed
2530 1653 20 16 at
2555 1652 102 17 Putaruru.
2682 1653 17 16 A
2709 1653 41 16 well-

2325 1676 69 16 shaded
2403 1675 85 23 paddoc't
2495 1681 39 11 was
2542 1675 66 22 placed
2624 1677 20 15 at
2660 1675 49 17 their
2722 1676 29 17 dis-

2325 1699 53 21 posal
2395 1699 36 17 and
2441 1699 58 17 there,
2509 1700 33 16 mb
2559 1700 75 20 tn/miue
2647 1699 50 22 .ftiffi,
2716 1699 45 22 they

2326 1721 94 21 disported
2434 1721 101 18 themselvs
2552 1722 56 17 while
2617 1718 2 31 .
2633 1718 47 21 Miss
2697 1721 62 23 fielby.
2771 1718 2 31 j

2325 1745 78 18 assisted
2415 1746 26 21 by
2455 1745 71 17 several
2543 1745 55 17 other
2613 1745 64 20 ladies,
2695 1745 66 18 busied
2771 1745 2 25 j

2325 1768 111 18 themselves
2452 1768 19 16 in
2489 1768 34 18 the
2530 1768 120 22 preparation
2669 1769 20 16 of
2697 1768 63 22 lunch.
2771 1768 2 22 I

2326 1791 17 17 A
2349 1792 87 20 vigorous
2446 1791 102 21 onslaught
2564 1787 73 27 having
2650 1791 48 18 been
2707 1792 54 17 made
2771 1787 3 27 [

2326 1821 23 11 on
2359 1815 32 17 the
2400 1814 88 18 eatables,
2497 1821 52 11 roces
2570 1821 49 11 were
2634 1821 36 11 run
2686 1815 26 22 by
2729 1815 32 17 the
2771 1814 2 23 I

2326 1838 82 17 children
2418 1838 46 16 with
2474 1838 31 16 the
2514 1838 101 22 following
2628 1838 73 17 results:

2351 1862 64 17 Senior
2423 1858 57 24 Boy's
2489 1861 50 17 Race
2546 1858 4 24 :
2564 1861 56 20 Pura,
2632 1862 7 16 1
2649 1858 4 24 ;
2671 1861 22 17 E.
2707 1862 53 18 Hall,

2326 1886 23 18 2;
2363 1885 20 17 T.
2394 1885 52 18 Butt,
2457 1885 16 16 3.
2505 1884 68 17 Junior
2590 1885 56 17 Bovs'
2660 1885 61 17 Race:
2740 1885 20 17 C.
2772 1878 1 28 |

2326 1908 89 17 Dalbeth.
2427 1908 6 15 1
2445 1907 3 20 :
2462 1907 24 17 D.
2497 1907 70 20 Simon,
2579 1909 9 15 2
2597 1907 4 20 ;
2616 1908 22 16 R.
2650 1908 80 18 Danscv.
2744 1909 16 16 3.

2328 1930 70 18 Second
2405 1930 83 18 Juniors'
2498 1930 61 18 Race:
2573 1931 86 17 Amnhia.
2672 1932 5 16 1
2687 1930 3 18 :
2711 1932 50 16 Xiko

2327 1954 62 20 Riraa,-
2398 1955 20 17 2:
2433 1954 21 16 F.
2465 1954 72 20 Porter,
2554 1954 16 17 ,'i.
2603 1954 57 17 Third
2678 1953 83 19 Juniors'

2327 1978 60 16 Race:
2399 1977 23 17 R.
2433 1977 114 22 Thompson,
2559 1978 6 15 1
2576 1972 4 27 ;
2593 1977 30 17 W.
2641 1977 80 18 Puree!!.
2739 1979 20 19 2;
2772 1972 1 27 !

2326 2000 78 19 Henari,
2415 2001 16 16 3.
2462 2000 65 17 Senior
2536 2000 55 17 Girls'
2600 2001 62 16 Race:
2676 1997 21 21 L.
2707 2001 54 17 Hen-
2772 1997 1 28 {

2328 2024 57 20 shaw,
2397 2023 4 23 1
2412 2023 3 23 :
2438 2023 106 20 Pahimata,
2561 2025 9 15 2
2578 2023 3 23 ;
2605 2023 26 23 INT.
2650 2024 75 22 Hodge,
2744 2025 16 16 3.
2772 2023 1 23 1

2327 2047 69 17 Junior
2404 2046 55 18 Girls'
2469 2046 60 17 Race:
2542 2047 51 17 Elsie
2603 2047 84 22 Murray,
2700 2048 6 16 1
2716 2046 2 23 :
2733 2048 27 16 M.

2329 2070 58 18 Scott,
2397 2066 20 26 2;
2441 2069 17 18 S.
2476 2066 79 23 Henari,
2573 2071 16 16 3,
2624 2069 65 18 Senior
2705 2071 56 21 Boys'

2328 2093 60 22 Race:
2401 2094 78 21 Rogers,
2492 2094 7 15 1
2508 2093 3 22 ;
2526 2093 22 17 F.
2563 2093 127 20 Maenamara,
2701 2093 10 17 2
2718 2093 3 22 ;
2737 2094 23 17 D.

2328 2117 99 17 Thomson.
2439 2116 16 17 3.
2481 2116 50 17 First
2537 2116 83 17 Juniors'
2627 2116 59 23 Race:
2700 2117 60 22 Kepa,

2329 2141 20 19 1;
2363 2140 53 18 Hira,
2427 2140 20 18 2;
2461 2139 19 17 J.
2493 2139 129 18 Maenamara.
2640 2141 17 15 3.
2690 2140 71 18 Second

2328 2163 82 18 Juniors'
2420 2163 50 16 Race
2479 2162 3 20 :
2495 2162 65 17 Moko.
2571 2162 4 20 1
2587 2162 3 20 :
2605 2163 50 16 Niko
2668 2163 61 19 R.inia,
2740 2164 9 15 2
2757 2162 2 20 ;

2328 2185 85 20 Amaliia,
2432 2187 16 15 3.
2481 2185 58 17 Third
2555 2185 83 17 Juniors'
2655 2185 61 20 Race:
2738 2186 23 17 R.

2328 2209 81 19 Dansev,
2418 2210 6 15 1
2435 2208 3 21 :
2452 2208 29 17 TV.
2497 2208 81 20 Pureell,
2596 2209 10 16 2
2615 2208 3 21 ;
2645 2208 77 21 Henari,
2744 2210 17 16 3.

2328 2232 139 17 Wheelbarrow
2488 2231 60 17 Race:
2576 2232 23 16 R.
2624 2231 85 18 Griffiths
2725 2232 37 17 and

2328 2255 87 18 Mikiora.
2441 2255 55 21 Boys'
2507 2255 120 17 Consolation
2637 2255 49 17 Race
2693 2255 4 21 :
2716 2255 34 18 Fos-

2329 2281 34 15 ter.
2385 2278 4 21 1
2401 2278 2 21 :
2418 2278 90 18 Mikacro,
2526 2279 19 18 2;
2569 2278 25 16 TI.
2613 2278 113 21 Fitzgerald.
2744 2280 17 15 3.
2772 2278 2 21 i

2330 2302 54 17 Girls'
2387 2301 124 21 .Consolation
2522 2301 55 17 Race:
2591 2301 22 17 E.
2622 2301 139 22 Shaudinessy.

2331 2322 7 20 1
2347 2322 4 24 ;
2365 2325 71 21 Gladys
2445 2325 53 21 At.ty,
2509 2325 21 19 2;
2544 2325 22 16 E.
2577 2324 114 21 Fitzgerald,
2702 2325 16 17 3.

2352 2348 31 17 All
2392 2348 32 17 the
2433 2349 142 18 arrangements
2584 2353 47 11 were
2643 2348 21 16 of
2674 2348 33 17 the
2714 2349 50 16 most

2328 2371 72 23 perfect
2417 2370 114 23 description
2554 2370 61 18 which
2641 2370 73 18 reflects
2730 2371 33 17 the

2330 2395 82 22 greatest
2419 2394 59 16 credit
2486 2400 23 10 on
2519 2394 33 16 the
2566 2393 68 18 School
2651 2394 113 18 Committee

2329 2417 37 18 and
2375 2417 31 17 the
2416 2417 89 17 teachers.
2532 2417 38 16 The
2584 2417 83 17 chidlren
2683 2417 80 22 enjoyed

2330 2441 31 16 the
2370 2441 49 16 train
2428 2441 37 20 trip
2479 2440 117 22 thoroughly
2613 2441 36 16 and
2665 2446 25 11 no
2706 2442 46 15 unto-

2330 2463 50 17 ward
2395 2461 134 20 circumstance
2545 2463 79 17 o<i6Urod
2639 2465 20 15 to
2675 2469 41 11 mar
2732 2464 32 16 the

2328 2487 129 22 pleasantness
2465 2487 20 16 of
2493 2487 33 15 the
2534 2487 74 17 ontin<r.
2634 2487 23 16 In
2667 2487 32 16 the
2708 2492 45 11 even

2329 2511 34 19 ing
2368 2510 49 17 after
2423 2509 49 18 tlieir
2478 2510 64 17 return
2549 2510 32 16 Mr
2587 2509 75 18 Pureell
2669 2509 94 18 chairman

2330 2533 21 17 of
2358 2533 31 16 tho
2398 2532 112 18 Committee
2523 2532 117 17 dostributed
2657 2533 32 16 tho
2705 2533 60 22 prizes

2329 2557 20 16 to
2358 2556 31 17 the
2394 2555 101 18 successful
2500 2556 121 21 competitors
2627 2556 20 16 in
2652 2556 33 17 the
2690 2556 73 18 scliool-

2328 2578 59 18 Tiviuse
2396 2579 48 17 after
2452 2579 61 16 which
2523 2585 22 11 an
2553 2579 92 17 excellent
2651 2585 68 16 supper
2726 2585 39 11 was

2330 2602 63 17 served
2410 2602 37 17 and
2464 2602 83 21 dancing
2561 2608 38 11 was
2608 2602 86 22 engaged
2707 2602 19 17 in
2735 2603 29 16 till

2330 2631 10 11 a
2349 2623 111 24 reasonably
2469 2625 52 22 early
2528 2625 55 18 hour.

2488 2678 248 22 TAUPO.

2361 2734 63 22 [i'RO>r
2438 2737 40 13 our
2490 2737 45 13 owx
2544 2734 188 22 coitrtrcsToxnEXT.]

2356 2761 40 18 We
2412 2761 40 18 linfl
2471 2767 12 12 a
2500 2760 65 23 flying
2580 2761 49 18 visit
2645 2761 39 18 last,
2709 2761 55 18 week
2775 2756 2 29 |

2330 2787 50 19 from
2392 2787 33 19 Mr
2434 2786 32 19 W.
2479 2786 112 23 MeCauley
2602 2787 30 21 fof
2642 2787 34 18 the
2692 2787 56 18 coach-

2330 2814 36 21 ing
2377 2814 41 17 firm
2431 2814 21 17 of
2459 2812 64 19 Orowt
2528 2812 35 19 her
2583 2812 39 19 and
2640 2812 119 24 MeCanlov)

2331 2840 45 17 who
2392 2839 37 18 has
2446 2838 59 19 taken
2524 2838 34 18 tlio
2575 2838 99 24 coaching
2690 2840 75 17 service

2331 2865 89 18 betweou
2437 2864 86 24 Pipiriki
2542 2864 40 19 and
2601 2864 92 19 Waioru.
2732 2865 33 18 ITo
2775 2864 2 26 |

2331 2891 83 18 informs
2424 2897 31 12 mo
2465 2890 45 19 that
2521 2890 56 18 there
2594 2890 52 19 need
2652 2890 25 19 be
2686 2896 25 12 no
2721 2891 44 18 fear
2775 2890 2 27 j

2331 2918 21 17 of
2368 2917 33 18 the
2420 2916 85 19 sfpnmer
2515 2915 51 19 from
2721 2916 9 18 f
2737 2911 25 28 \i]
2775 2911 2 28 !

2330 2942 133 23 ingtorenCh
2483 2942 36 18 lier
2537 2942 122 19 destination
2677 2945 21 16 at
2708 2942 46 26 Pipi-

2331 2968 46 21 riki,
2389 2968 42 19 this
2441 2974 87 12 summer
2539 2974 21 12 as
2570 2969 35 17 the
2621 2968 53 19 river
2684 2975 41 11 w-is
2744 2969 19 18 in

2331 2994 53 19 flood
2399 2995 39 18 last
2450 2993 54 19 week
2521 2994 37 18 and
2579 2994 34 18 the
2632 2995 133 23 engineprinsr

2331 3021 115 24 operations
2456 3020 19 18 in
2486 3019 35 19 the
2532 3023 44 21 way
2585 3020 23 18 of
2619 3020 87 25 blasting
2718 3025 43 18 etc.,

2331 3047 20 18 in
2377 3046 34 19 the
2426 3046 53 18 river
2495 3045 52 19 have
2563 3046 80 22 greatly
2660 3046 103 23 improved

2331 3072 124 24 navigation.
2493 3071 35 18 Mr
2545 3071 111 25 MeCauley
2672 3072 42 19 also
2735 3073 20 17 in-

2331 3099 63 18 forms
2408 3104 32 12 me
2460 3097 44 19 that
2523 3097 34 18 the
2575 3098 49 18 road
2635 3098 48 18 road
2699 3099 64 18 round

2331 3124 112 25 Tongariro
2453 3123 16 18 is
2485 3123 83 19 covered
2580 3126 19 15 to
2610 3130 12 12 a
2632 3124 62 24 depth
2706 3125 20 17 of
2742 3131 12 11 a-

2331 3151 50 17 bout
2406 3152 39 16 two
2470 3149 69 18 inches
2562 3149 49 18 with
2637 3149 46 19 dust
2707 3153 45 15 emit-

2333 3176 32 19 ted
2376 3176 51 19 from
2437 3175 27 19 Te
2475 3175 197 19 Muresomelittle
2681 3176 82 24 anxiety

2332 3202 17 18 is
2359 3201 37 20 felt
2405 3204 21 15 at
2436 3203 22 16 tli
2466 3208 11 11 e
2487 3201 108 18 continued
2610 3202 64 17 action
2683 3202 22 18 of
2725 3201 2 20 i
2733 3202 30 18 !ils

2332 3228 97 19 immense
2436 3227 105 18 fnmerole.
2570 3227 42 18 The
2629 3227 84 19 chances
2730 3235 23 11 ex-

2331 3254 27 18 ist
2376 3254 21 17 of
2413 3260 11 11 a
2444 3253 47 23 split
2516 3252 19 18 in
2552 3253 35 18 the
2599 3252 79 25 ground
2688 3254 76 18 toward
2775 3252 1 25 |

2331 3279 56 19 Lake
2402 3279 98 19 l\oi>air;i
2519 3278 65 19 v.iiiuli
2603 3278 67 25 might
2730 3280 34 18 flic

2333 3308 60 16 water
2398 3305 26 18 in.
2435 3304 55 18 Tliert
2498 3304 73 19 results
2577 3304 66 24 might
2652 3305 99 24 bejobtain-

2331 3330 25 20 ed
2372 3334 19 15 to
2409 3330 63 19 which
2489 3330 35 18 flie
2542 3330 108 19 Tarawera'
2666 3330 97 23 Eruption

2332 3357 65 18 would
2407 3356 25 19 be
2448 3362 12 12 a
2478 3362 49 17 very
2542 3356 59 19 small
2615 3356 148 20 circilmstanee.

2331 3382 26 20 So
2367 3382 54 23 long,
2432 3382 99 21 however,
2539 3388 22 12 as
2569 3382 34 18 the
2615 3386 47 15 vent
2676 3384 89 18 remains

2331 3415 51 15 open
2406 3415 26 11 no
2457 3409 54 17 fears
2534 3408 51 18 need
2605 3408 24 18 be
2653 3409 99 19 entertaiu-

2322 3435 2 18 .
2331 3435 30 18 ed.

2356 3461 11 18 I
2377 3461 50 18 hear
2436 3460 45 18 that
2490 3461 28 17 rtii'
2528 3459 106 18 Auckland
2645 3460 115 24 gentleman

2331 3486 98 19 aseelided
2446 3485 112 23 Tongariro
2565 3491 24 12 on
2704 3487 71 17 the!

2331 3512 44 18 first
2392 3513 54 17 since
2466 3511 34 18 the
2528 3511 28 18 Te
2582 3511 57 18 Mare
2664 3512 98 24 eruption.
2774 3507 1 29 !

2331 3537 103 24 Certainly
2451 3537 56 18 thero
2530 3544 42 11 was
2582 3544 12 11 a
2613 3543 73 18 survey
2705 3542 58 20 party
2774 3536 1 28 j

2332 3565 20 17 in
2362 3563 33 19 the
2412 3563 83 24 vieiiiity
2512 3563 20 18 of
2546 3563 34 18 tire
2597 3563 92 24 eruption
2706 3563 57 20 when
2774 3563 1 24 j

2333 3590 14 18 i't
2356 3589 43 20 first
2411 3590 51 17 blew
2471 3595 34 18 up,
2516 3588 37 19 but
2563 3589 49 23 they
2622 3595 51 12 were
2690 3589 73 20 unable
2774 3588 1 28 j

2333 3619 19 15 to
2366 3616 73 24 impart
2450 3621 38 18 any
2499 3614 85 19 reliable
2593 3614 131 19 information
2735 3622 26 11 re-
2774 3614 1 26 j

2333 3642 85 24 gafding
2428 3642 15 17 it
2452 3641 56 18 when
2516 3640 48 24 they
2573 3640 84 19 leached
2666 3640 100 20 Tokaanu'

2333 3675 21 10 as
2364 3668 48 21 they
2423 3673 56 13 came
2489 3667 57 17 down
2565 3669 20 15 at
2605 3673 12 12 a
2635 3669 43 15 rate
2698 3666 64 19 which

2333 3694 33 17 tho
2381 3693 105 24 champion
2502 3692 87 24 sprinter
2611 3692 67 24 might
2704 3697 57 17 envy.

2333 3719 55 25 They
2397 3718 97 25 certainly
2502 3717 58 20 stood
2573 3720 35 16 not
2619 3721 24 15 ort
2655 3717 33 19 tho
2706 3718 58 19 order

2333 3746 21 17 of
2364 3745 53 18 their
2428 3744 62 25 going
2495 3744 36 18 but
2542 3747 53 15 went
2605 3746 21 16 at
2637 3750 54 12 once.

2361 3771 63 19 Mi'iCli
2443 3770 157 18 dissatisfaction
2617 3769 17 19 is
2646 3769 39 19 felt
2693 3772 21 16 at
2731 3770 34 18 the

2333 3797 155 24 unsatisfactory
2504 3800 94 20 progress
2612 3795 20 19 of
2646 3795 34 19 the
2695 3795 57 19 AVnio-

2335 3826 46 21 tnpu
2398 3823 77 24 Taiipej
2488 3821 55 20 roitd.
2571 3821 21 19 It
2612 3822 17 18 is
2646 3826 45 14 now
2709 3821 56 19 three

2334 3849 79 19 months
2439 3848 53 18 since
2514 3855 11 11 a
2543 3854 73 18 survey
2639 3850 59 21 party
2714 3854 37 12 com-

2334 3875 81 18 menced
2418 3876 21 17 to
2445 3874 33 24 lay
2488 3873 29 19 off
2532 3874 34 18 the
2585 3873 49 19 road
2647 3873 52 19 from
2713 3873 38 19 Oha-

2333 3901 22 18 lei
2363 3903 20 16 to
2389 3899 105 20 Wairakei
2518 3899 39 19 and
2562 3903 20 15 at
2589 3899 35 19 the
2631 3901 81 22 present
2721 3901 44 16 rate

2335 3927 19 18 of
2365 3930 92 21 progress
2464 3926 17 18 it
2490 3925 42 19 will
2547 3925 23 19 be
2585 3925 58 19 three
2659 3930 57 19 years
2731 3925 22 18 be-

2335 3953 42 18 fore
2384 3959 12 13 a
2405 3951 60 20 coach
2473 3958 50 12 runs
2536 3958 48 12 over
2594 3951 93 19 itThis
2697 3950 16 19 is
2732 3951 34 18 tlio

2335 3985 53 12 more
2408 3977 103 26 annoying
2526 3977 86 20 because
2631 3977 35 18 tho
2681 3980 84 15 amount

2335 4005 21 18 of
2381 4011 72 18 money
2469 4003 83 25 already
2577 4002 102 26 expended
2700 4002 65 19 would

2335 4031 50 18 have
2394 4030 52 19 been
2457 4030 99 19 sufficient
2564 4032 20 16 to
2598 4028 97 25 complete
2703 4034 11 13 a
2718 4028 47 19 road

2335 4057 51 18 from
2407 4056 71 24 Taupo
2497 4060 21 14 to
2537 4055 69 20 ()haki
2624 4061 25 12 on
2662 4055 33 18 the
2712 4054 54 24 right

2338 4082 52 19 bank
2400 4082 20 18 of
2431 4082 34 18 the
2476 4082 52 18 river
2537 4081 104 20 AVaikato.
2669 4080 47 19 Two
2731 4087 24 11 ex-

2336 4108 105 25 perienced
2453 4108 96 18 roadmen
2568 4106 59 20 could
2645 4106 52 19 have
2715 4106 51 19 done

2337 4134 39 19 this
2387 4134 85 19 without,
2489 4133 35 18 the
2540 4132 108 25 expensive
2663 4131 103 26 prelitnin-

2787 127 52 18 Aries
2850 125 65 19 which
2925 125 53 19 have
2988 125 65 24 given,
3064 130 27 18 up
3101 126 20 17 to
3131 124 34 18 the
3174 130 40 18 pre=

2787 155 44 16 sent
2841 151 48 25 only
2899 151 73 18 barren
2981 150 110 19 resultsl
3109 157 31 12 am
3153 156 64 13 aware

2787 179 43 18 that
2841 177 34 19 the
2886 177 137 19 Government
3031 176 75 19 desires
3110 178 20 16 to
3137 175 77 20 include

2786 203 106 20 Wairakei
2924 204 36 17 hut
2979 209 24 12 an
3026 202 120 19 alternative
3161 205 56 15 route

2786 230 64 19 which
2861 229 59 18 could
2930 229 26 18 he
2967 235 22 11 so
2996 228 84 24 cheaply
3093 228 124 18 constructed

2786 257 47 18 does
2846 257 36 16 not
2892 261 73 19 appear
2977 258 19 15 !u
3008 254 52 19 have
3076 253 91 20 received
3180 254 37 19 due

2786 282 154 19 consideration.

2811 306 190 24 Notwithstanding
3024 306 33 19 the
3069 306 69 18 efforts
3149 306 21 18 of
3183 307 32 18 the

2785 334 63 19 Eahit
2857 336 105 22 Inspector
2972 336 19 15 to
2998 332 52 19 clear
3059 332 34 18 the
3108 332 78 19 district
3195 334 20 18 of

2786 360 78 19 rabbits
2873 360 15 18 it
2907 359 18 19 is
2931 359 69 19 feared
3008 358 44 19 that
3062 358 72 18 winter
3140 358 75 23 poison,

2784 387 36 23 ing
2831 386 40 18 will
2884 386 52 18 have
2954 388 20 16 to
2992 385 25 18 he
3030 384 88 19 resorted
3137 386 28 16 to.
3196 384 21 20 If

2784 414 41 18 this
2836 413 92 18 becomes
2938 418 105 16 necessary
3058 417 11 12 a
3087 412 57 21 great
3156 409 48 20 hard-

2784 440 46 25 ship
2839 439 41 18 will
2891 438 25 18 be
2926 437 89 19 inflicted
3024 444 55 17 upon
3089 436 35 19 the
3140 436 77 19 natives

2784 466 45 18 who
2839 465 44 24 rely
2892 465 33 18 for
2948 464 53 18 their
3026 466 53 15 meat
3099 461 73 26 supply
3191 468 24 13 on

2784 492 53 19 their
2846 491 47 25 pigs
2900 490 63 19 which
2975 496 54 12 ronm
3041 489 33 18 the
3085 488 71 25 plains.

2810 518 43 19 The
2883 515 91 26 drought
2996 516 66 18 shows
3083 521 26 12 no
3130 514 45 25 sign
3198 515 19 18 of

2784 543 102 23 breaking
2900 549 29 18 up
2947 541 39 19 mid
2996 548 61 17 grave
3068 541 54 18 fears
3132 546 32 12 are
3182 546 22 12 en-

2784 569 101 19 tertained
2903 569 33 18 for
2949 568 35 18 the
2999 569 68 23 potato
3083 573 63 19 crop->.
3176 566 41 19 The

2784 596 40 18 lato
2834 596 62 23 sharp
2906 595 62 17 frosts
2979 593 91 19 denuded
3084 593 34 18 the
3128 595 52 16 trees
3194 593 21 18 of

2784 622 50 18 fruit
2843 628 22 12 so
2876 618 44 25 tlint
2935 620 58 18 those
3012 619 44 18 who
3069 618 79 25 depend
3162 624 53 18 upon

2784 648 53 18 their
2849 647 88 25 produce
2947 646 32 18 for
2990 652 11 12 a
3011 645 64 24 living
3081 645 52 18 have
3155 651 59 17 every

2784 680 58 12 cause
2852 677 20 14 to
2883 673 25 17 be
2918 671 153 26 apprehensive.

2810 699 92 18 Another
2915 698 67 24 parcel
3004 697 21 19 of
3040 699 57 16 stone
3110 696 53 19 from
3181 696 33 19 the

2783 725 136 20 Kaimannwa
2926 724 84 22 Tianges
3027 723 37 18 has
3073 723 52 18 been
3144 724 43 17 sent
3196 725 19 16 to

2784 752 34 18 the
2838 750 58 19 Bank
2907 751 21 18 of
2937 750 49 18 New
2996 748 91 20 Zealand
3110 748 105 19 Auckland

2784 778 31 18 for
2826 776 97 24 analysis.

2810 803 33 18 Mr
2853 801 130 25 Gallagher's
2993 801 55 18 Lake
3064 800 71 19 House
3153 800 62 19 Hotel

2784 830 40 18 had
2834 835 12 12 a
2856 835 79 12 narrow
2946 833 67 19 escape
3034 827 51 18 from
3104 826 63 25 being
3181 826 34 19 the

2784 862 57 11 scene
2856 855 22 18 of
2894 861 12 11 a
2923 854 77 18 serious
3018 852 144 25 conflagration
3180 852 34 19 the

2783 881 58 19 other
2847 880 67 25 night.
2944 880 42 18 One
2994 879 19 19 of
3021 879 34 19 the
3062 878 106 20 bedrooms
3177 884 26 19 up-

2783 908 58 18 stairs
2853 906 77 24 caught
2940 906 36 18 fire
2986 912 48 12 near
3049 905 34 18 the
3100 904 113 19 washstand

2784 934 14 18 it
2809 934 17 18 is
2836 931 99 21 surmised
2946 931 89 23 through
3052 938 12 11 a
3081 932 66 17 match
3165 930 51 19 head

2783 959 64 24 firing
2873 958 29 19 off
2923 958 53 18 after
3000 957 60 23 being
3083 956 68 19 struck
3177 957 39 18 and

2784 985 139 24 smouldering
2942 990 24 12 on
2983 989 37 13 one
3038 983 22 18 of
3082 983 34 18 the
3140 983 74 19 towels.

2784 1010 134 25 Fortunately
2928 1016 12 12 a
2949 1009 71 19 visitor
3038 1015 41 12 saw
3096 1008 34 19 tho
3147 1009 67 18 siroke

2783 1037 39 19 and
2834 1037 72 24 giving
2916 1036 34 18 tho
2961 1035 63 19 alarm
3034 1035 33 19 the
3081 1035 37 18 fire
3130 1041 42 12 was
3181 1041 23 12 ex-

2783 1062 118 25 tinguished
2913 1062 69 18 before
2998 1061 58 19 much
3072 1061 87 24 damage
3175 1067 40 13 was

2783 1089 58 19 done.

2810 1115 42 18 The
2862 1114 66 19 Maori
2941 1113 83 19 election
3035 1113 17 18 is
3062 1112 112 25 occupying
3181 1113 33 18 the

2783 1141 98 19 attention
2893 1141 21 17 of
2927 1140 34 19 tho
2972 1140 78 18 natives
3059 1142 21 15 at,
3089 1141 87 22 present.

2802 1168 76 24 Taupo,
2891 1166 112 19 December
3011 1167 29 20 1-1,
3054 1167 55 17 189(3.

2786 1220 205 45 CABLE
3016 1219 196 45 NEWS.

2806 1300 92 20 London,
2908 1299 104 17 December
3015 1299 82 17 17.An
3101 1297 114 22 earthquake

2783 1324 56 17 shock
2855 1329 38 11 was
2910 1323 36 17 felt
2960 1324 20 15 .'it
2997 1321 70 18 Stroud
3078 1321 38 17 anil
3128 1320 87 22 Ledbury

2783 1347 105 23 yesterday.
2914 1346 75 17 Houses
2997 1344 69 19 rocked
3074 1351 19 10 io
3101 1344 36 17 and
3144 1344 30 17 fro
3179 1344 37 17 and

2783 1370 31 17 tho
2834 1370 119 17 inhabitants
2974 1375 33 11 ran
3024 1369 40 17 into
3088 1368 33 16 the
3142 1368 72 17 streets.

2783 1393 93 17 Hereford
2886 1392 101 18 Cathedral
2992 1391 79 17 suffered
3074 1396 51 12 some
3130 1390 86 22 damage.

2783 1417 39 17 One
2831 1422 75 12 woman
2914 1421 39 12 was
2961 1421 21 12 so
2989 1413 82 20 terrified
3080 1414 42 17 that
3134 1413 33 18 she
3175 1413 42 18 died

2783 1441 48 16 from
2839 1440 34 17 the
2882 1439 64 18 shock.

2806 1464 26 16 At
2847 1463 37 17 five
2901 1462 69 18 o'clock
2988 1461 38 18 this
3038 1460 89 23 morning
3144 1460 72 17 further

2783 1486 65 18 shocks
2857 1492 49 10 were
2911 1485 35 17 felt
2951 1485 104 21 extending
3064 1485 49 15 from
3123 1483 93 23 Cardigan

2783 1511 20 16 to
2811 1509 32 18 the
2852 1509 81 18 Thames
2941 1508 73 22 Valley.
3046 1507 23 18 In
3086 1507 79 18 Chester
3180 1506 37 17 and

2783 1532 114 18 Lancashire
2905 1532 46 22 they
2959 1537 47 11 were
3016 1537 62 11 severe
3086 1530 35 17 but
3134 1535 24 11 no
3172 1530 35 17 seri-

2783 1562 33 11 ous
2825 1556 86 17 accident
2920 1554 94 18 occurred.

2806 1580 51 16 Four
2866 1577 96 19 thousand
2978 1577 76 17 navvies
3071 1582 31 12 are
3118 1575 99 24 employed

2783 1608 23 11 on
2816 1602 33 17 the'
2857 1602 85 17 Panama
2951 1601 66 18 Canal.'

2806 1626 39 16 The
2853 1624 34 18 fire
2897 1626 19 15 at
2925 1624 49 17 Cecil
2985 1623 81 18 Rhodes'
3074 1622 94 18 residence
3179 1627 37 12 was

2783 1648 32 18 the
2821 1648 59 18 result
2890 1648 20 17 of
2918 1647 137 17 incendiarism.
3069 1646 35 17 His
3111 1646 106 17 Zimbaloze

2783 1672 53 16 relics
2845 1677 49 11 were
2903 1670 105 23 destroyed.

2806 1692 50 20 Lord
2866 1690 97 26 Salisbury
2978 1694 34 17 lias
3027 1692 94 18 informed
3137 1692 80 17 Thomas

2783 1718 58 17 Mann
2853 1718 43 16 that
2904 1718 29 16 his
2942 1713 99 26 expulsion
3050 1716 49 18 from
3116 1715 101 22 Hamburg

2783 1747 37 11 was
2830 1741 52 22 quite
2890 1740 57 23 legal.

2807 1765 69 19 PaiuS,
2884 1763 103 18 December
2994 1763 124 18 17.France
3123 1761 38 18 rtnd
3167 1762 36 16 Rus-

2783 1787 27 18 sia
2819 1793 31 12 are
2859 1787 100 22 disputing
2967 1793 44 10 over
3019 1786 33 17 the
3059 1785 80 18 Turkish
3156 1785 50 16 finan-

2784 1811 34 16 cial
2827 1811 86 17 reforms.
2938 1810 40 17 The
2987 1809 93 18 Chamber
3092 1809 19 16 of
3128 1808 89 22 Deputies

2783 1834 97 23 approved
2888 1834 21 16 of
2917 1833 32 17 the
2958 1834 57 16 terms
3025 1833 19 16 of
3052 1832 33 17 the
3094 1833 48 15 treat
3147 1837 15 11 v.

2807 1858 111 18 Pbetohia,
2933 1856 103 17 December
3050 1855 96 18 17.Five
3160 1854 44 17 thou-

2784 1881 45 16 sand
2838 1881 59 16 Poors
2906 1879 104 18 asseYnbled
3019 1880 20 16 at
3043 1879 51 16 Take
3100 1879 21 16 to
3127 1878 91 17 celebrate

2784 1904 31 17 tho
2824 1903 122 22 anniversary
2955 1903 20 17 of
2984 1903 31 17 the
3024 1904 54 19 great
3087 1901 62 17 defeat
3158 1901 19 17 of
3186 1901 31 16 the

2784 1927 59 17 ZuluS
2850 1927 61 16 under
2919 1927 95 22 Dingaan.
3040 1925 97 17 President
3143 1924 75 22 Krugrr

2784 1950 39 18 said
2833 1950 43 17 that
2884 1950 32 17 the
2922 1949 128 18 Government
3061 1946 63 19 would
3137 1947 23 17 be
3176 1951 41 13 true

2784 1974 20 17 to
2813 1974 97 21 Burghers
2919 1972 37 18 and
2972 1972 62 17 would
3050 1970 92 18 entertain
3158 1970 48 23 good-

2784 1996 37 18 will
2839 1998 20 16 to
2876 1996 33 17 the
2925 1995 78 18 British.
3056 1994 42 18 God
3118 2000 48 16 gave
3186 1993 32 17 the

2784 2021 57 15 Boers

2808 2043 85 20 Berlin,
2918 2041 103 18 December
3047 2042 26 16 17.
3117 2040 102 18 Seventeen

2783 2072 77 16 persons
2869 2066 49 17 have
2926 2061 48 22 been
2983 2064 57 17 killed
3048 2064 26 22 by
3089 2069 25 12 an
3122 2063 97 23 explosion

2783 2090 20 17 in
2812 2096 10 10 a
2831 2089 65 17 match
2904 2089 73 21 factory
2987 2088 18 17 in
3015 2087 87 21 Bavaria:

2808 2113 187 18 Constantinople,
3013 2111 103 17 December
3128 2110 27 17 17.
3158 2109 60 18 The

2784 2137 57 16 Porte
2848 2135 84 18 declares
2940 2135 44 16 that
2992 2136 19 15 to
3028 2135 57 21 grant
3093 2140 25 11 an
3134 2134 85 21 amnesty

2784 2161 21 14 to
2819 2159 47 16 0000
2881 2155 103 20 Armenian
2997 2158 93 21 prisoners
3104 2156 64 18 would
3175 2162 33 16 pro-

2785 2182 47 17 voke
2846 2188 11 10 a
2866 2181 117 17 Musselman
2989 2181 64 22 rising.
3058 2181 3 24 t

2808 2205 83 21 Sydney,
2921 2203 103 18 Pi'ceinbcr
3053 2202 91 18 18.The
3170 2202 49 21 body

2784 2228 60 17 found
2860 2231 47 14 nen'r
2920 2227 76 17 Bourke
3012 2227 33 16 has
3061 2226 47 17 been
3124 2225 95 18 identified

2784 2257 21 11 rrs
2813 2251 43 17 that
2864 2251 21 17 of
2893 2250 84 18 Edward
2986 2250 66 17 Smith.
3079 2250 16 16 A
3101 2255 43 11 man
3153 2248 66 18 named

2784 2275 66 16 Moore
2859 2274 35 17 has
2902 2274 48 16 been
2960 2273 82 17 arrested
3052 2273 45 16 with
3106 2278 12 11 a
3132 2272 87 22 quantity

2786 2298 19 16 ftf
2814 2297 78 18 Smith's
2901 2292 114 26 belongings
3029 2296 19 17 in
3065 2296 28 17 his
3109 2295 110 23 possession.

2786 2322 25 15 At
2819 2321 33 16 the
2860 2320 77 22 inquest
2945 2327 11 10 a
2965 2320 71 17 verdict
3045 2320 19 16 of
3073 2319 61 17 wilful
3146 2318 73 18 murder

2784 2344 76 21 a'gainst
2869 2344 66 17 Moore
2945 2349 37 11 was
2991 2342 94 18 returned.

2877 2391 236 32 TELEGRAPHIC.

2810 2458 127 22 AUCKLAND..
2949 2458 100 23 Saturday.
3054 2458 60 16 Mr
3130 2456 90 20 Percival,

2787 2481 98 23 Secretary
2892 2483 20 16 to
2921 2482 33 17 the
2968 2478 97 21 Auckland
3081 2481 73 22 Racing
3168 2480 52 18 Club,

2787 2506 45 20 who.
2839 2511 40 11 was
2888 2506 75 16 thrown
2973 2505 47 17 from
3031 2504 29 17 his
3068 2506 43 20 trap
3125 2509 24 12 on-

2786 2529 71 21 nesday
2866 2529 15 17 is
2890 2528 122 23 progressing;
3022 2528 105 21 favorably.

2810 2553 25 16 At
2843 2553 32 16 the
2884 2552 76 21 inquest
2973 2551 44 17 held
3033 2553 20 15 at
3066 2549 115 19 Ilelensville
3198 2554 24 13 on

2786 2576 33 17 the
2835 2575 51 22 body
2904 2575 21 17 of
2941 2575 33 16 the
2990 2575 43 21 boy,
3050 2573 95 18 Jeremiah
3163 2573 57 18 Olive,

2787 2598 90 17 drowned
2886 2598 56 17 while
2951 2598 81 22 bathing:
3040 2599 20 15 at
3071 2598 30 16 the
3119 2596 65 18 mouth
3203 2596 19 17 oi

2787 2622 32 17 the
2828 2619 83 20 Awarna
2924 2621 59 18 Creek
2994 2621 32 17 the
3043 2620 44 23 jury
3104 2619 89 18 returned
3211 2625 10 11 a

2787 2645 71 17 verdict
2869 2645 20 17 of
2904 2644 103 17 accidental
3022 2643 101 21 drowning
3135 2643 38 17 and
3189 2648 22 11 ex-

2787 2668 75 22 pressed
2873 2674 11 11 a
2893 2668 47 22 high
2950 2667 77 23 opinion
3040 2667 19 16 of
3068 2667 32 17 the
3111 2667 80 21 bravery
3205 2666 19 16 of

2787 2692 32 16 the
2827 2692 48 21 boys
2884 2691 43 17 who
2942 2690 106 23 attempted
3064 2692 20 15 to
3097 2689 77 18 rescued
3191 2688 21 18 de-

2787 2714 71 18 ceased.

2812 2737 125 20 S'rfiATFoiin,
2960 2736 103 22 Thursday.
3104 2736 53 17 Busli
3180 2733 42 20 fires

2788 2767 47 10 were
2855 2760 99 22 prevalent
2972 2760 99 22 yesterday
3091 2759 37 17 and
3153 2758 70 17 several

2787 2784 100 21 dwellings
2895 2783 96 22 narrowly
3007 2785 77 20 escaped
3101 2782 120 18 destruction.

2787 2807 39 17 The
2834 2807 96 17 residence
2939 2807 19 17 of
2966 2807 32 17 Mr
3007 2806 107 20 Allsworth,
3128 2805 62 17 editor
3204 2805 19 17 of

2787 2831 32 16 the
2828 2831 79 22 Ei/mont
2916 2830 64 17 Settler
2989 2836 37 11 was
3035 2829 43 22 only
3088 2828 56 18 saved
3152 2828 26 22 by
3193 2828 30 17 the

2787 2854 64 17 efforts
2869 2854 19 17 of
2909 2854 33 16 the
2961 2853 94 17 Stratford
3072 2852 42 17 Fire
3135 2851 87 23 Brigade.

2787 2877 68 22 Heavy
2863 2877 43 17 rain
2914 2877 35 17 has
2958 2876 58 18 fallen
3025 2876 49 17 since
3083 2874 38 18 and
3135 2874 26 18 all
3175 2875 35 17 dan-

2787 2906 33 16 ger
2829 2901 15 16 is
2851 2901 49 21 past.

2811 2923 92 20 Thames,
2915 2918 163 26 Friday.While
3087 2928 11 11 a
3106 2926 66 18 young
3186 2921 36 22 girl

2787 2946 68 17 named
2878 2944 103 19 Catherine
3003 2946 67 19 Smith,
3094 2944 94 23 daughter
3205 2944 19 17 of

2787 2968 51 18 John
2850 2970 68 18 Smith,
2930 2970 67 19 miner,-
3006 2968 95 18 Rolleston
3112 2968 67 19 Street,
3186 2973 37 11 was

2788 2993 87 21 engaged
2884 2993 19 16 in
2914 2993 79 21 heating
3001 2991 108 23 turpentine
3123 2991 38 17 and
3169 2991 42 17 bees-

2789 3022 41 11 wax
2839 3016 26 22 by
2874 3016 33 17 the
2920 3015 29 18 aid
2965 3016 19 17 of
2996 3022 11 10 a
3023 3015 51 22 lamp
3092 3015 32 16 the
3141 3014 82 17 mixture

2787 3040 72 21 caught
2866 3039 39 16 firs.
2931 3039 40 16 The
2979 3040 86 15 contents
3077 3043 34 11 ran
3125 3043 44 12 over
3190 3037 33 17 her

2787 3062 51 17 dress
2847 3062 41 21 and,
2895 3062 113 22 completely
3017 3061 103 22 enveloped
3128 3061 34 17 her
3177 3061 20 16 in
3212 3066 10 10 a

2787 3091 49 11 mass
2845 3085 21 17 of
2874 3085 70 17 flames.
2979 3084 36 18 She
3032 3090 38 11 was
3085 3084 58 17 taken
3156 3085 20 16 to
3191 3083 31 17 the

2787 3108 83 22 hospital
2879 3109 62 16 where
2950 3108 34 17 her
2992 3107 77 23 injuries
3078 3113 48 11 were
3135 3106 59 18 found
3203 3108 19 15 to

2786 3131 24 17 be
2819 3132 19 16 of
2847 3138 11 10 a
2866 3137 47 16 very
2921 3132 71 16 serious
2997 3132 72 16 nature.

2810 3155 146 19 Welxixgt6x,
2966 3153 140 22 Friday.The
3114 3153 78 17 arrivals
3203 3153 18 16 in

2788 3178 31 17 the
2830 3176 73 25 Colony
2912 3177 71 23 during
2991 3177 106 17 November
3105 3182 48 11 wore
3172 3176 53 20 I,BBo'

2787 3201 75 22 against
2873 3202 33 15 fi.'il
2915 3205 67 18 person
2985 3207 8 11 *
3001 3200 42 16 who
3055 3200 96 22 departed.

1083 69 58 23 Tills
1169 69 57 23 HOT
1253 69 92 24 LAKES
1375 68 172 25 CH&ONIOLE,
1576 67 159 26 SATURDAY,
1764 70 154 20 DECEMBER
1947 71 31 22 19,
1996 71 50 18 1896,

261 205 9 13 ii

176 235 146 21 STEAMSHIP
326 235 127 20 COMPANY
456 236 32 17 OF

151 262 59 17 NEW
222 261 122 17 ZEALAND
353 260 88 18 Limited.

254 291 92 23 dTFv.RI
354 290 70 24 ukksT

57 358 107 23 Vaiiioha,
181 360 92 22 Tuesday,
283 360 44 17 Dec.
339 360 28 19 22,
376 360 11 16 6
401 363 45 18 p.m.

131 403 48 15 F()K
190 402 131 15 buUI'HEkN
333 402 72 14 rnltiS

58 438 97 16 Takapuna
162 444 35 10 ev'i
203 444 10 13 y
222 438 75 19 Monday

56 459 130 17 Maiunal'UA
194 465 55 11 cvciv
255 458 103 22 Thursday;

55 499 91 16 Auckland
153 499 67 14 Branch

272 497 104 16 Palinei>ton
388 496 80 15 Building

57 629 159 46 HUDDART,
240 626 112 49 PARKERi
373 626 54 21 AND
448 628 31 18 CO

217 654 107 24 (limited)^

79 701 94 22 Splendid,
183 699 161 24 Well-appointed
350 699 92 18 Steamers
448 698 39 17 will

55 725 23 16 lie
87 723 112 23 despatched
207 724 48 17 from
265 725 118 17 Auckland,
393 728 20 11 us
427 721 60 16 under

53 748 91 22 (weatlier
159 747 37 16 and
215 747 54 17 other
284 746 144 17 circumstances
442 750 33 17 per-

55 770 85 22 mitting)
147 776 28 11 :
191 770 2 22 '

54 793 42 17 Foil
102 793 134 19 GISBORNE,
242 791 105 20 NAPIER,
354 789 115 18 WELLING-

76 816 57 21 TON,
143 812 157 23 LYTTELTOfT,
310 813 15 18 &
334 814 127 20 DUNEDIN,

56 840 106 17 T.'S-vama
200 839 101 20 Tuesday,
308 838 46 17 Dec.
363 838 57 18 20,12
429 843 56 11 noon:

56 864 100 20 Anglian,
162 863 102 18 Tuesday,
270 861 44 18 Jan.
328 862 55 17 12,12
391 866 56 11 noon.

181 908 50 17 FOR
246 904 111 23 SYDNEY,

100 932 114 23 (Returning
225 933 20 15 to
254 931 99 17 Auckland
361 929 79 23 Direct;)

55 955 93 22 Carrying
167 955 112 22 Passengers
300 954 29 17 for
350 950 134 22 Melbouhne,

66 979 54 16 other
126 979 130 16 Australian
263 977 70 20 Poirrs,
340 976 38 17 and
383 976 89 19 Houaht,

56 1007 96 16 Anglian
205 1005 96 18 Monday,
312 1005 45 16 Dec.
371 1004 28 19 28,
416 1005 10 14 4
439 1009 45 16 p.ni:

57 1031 114 16 Tasmania,
210 1029 97 17 Monday,
316 1027 43 17 Jan.
371 1028 27 18 11,
413 1029 10 14 4
438 1031 46 17 p.ni;

79 1057 30 16 All
119 1056 73 17 Tickets
199 1061 30 12 are
238 1055 91 17 available
338 1054 38 17 also
391 1054 29 17 for
429 1053 44 22 Stop-

55 1085 45 12 over
107 1085 22 11 or
136 1080 70 16 Return
221 1078 25 22 by
258 1078 54 17 ANY
329 1077 84 17 UNION
427 1077 36 16 CO.
473 1077 12 16 S

56 1102 137 19 STEAMERS,
204 1102 35 16 and
247 1100 75 18 holders
331 1101 20 16 of
360 1098 65 19 U.S.S.
443 1100 42 17 Co's
494 1098 1 23 I

55 1125 74 18 Tickets
149 1131 43 16 may
208 1124 60 18 travel
283 1124 26 22 by
331 1122 117 18 ANGLIAN
464 1128 22 11 or

55 1148 137 18 TASMANIA.

152 1175 22 19 L.
187 1177 23 16 D.
220 1176 107 17 NATHAN
341 1176 15 16 &
369 1171 45 24 CO.,

381 1199 79 22 Agents.

57 1248 216 47 Rotorua
294 1248 186 55 Sights.

56 1329 21 23 rj
86 1329 66 17 miPS
176 1328 140 18 ARRANGED
330 1329 19 15 to
371 1326 61 19 ALL
453 1326 32 17 the

69 1345 10 26 1
118 1352 106 18 SIGHTS
234 1352 19 15 in
261 1351 32 17 the
301 1350 80 17 District
387 1350 25 22 by
421 1350 63 20 coach,

54 1375 139 18 steam-ltttmch
202 1381 20 11 or
230 1374 60 18 hoi'sC;

77 1398 90 22 Through
176 1403 87 17 passages
271 1397 74 17 booked
359 1398 21 15 to
393 1393 18 20 \V
417 1396 58 21 elling-

54 1423 34 16 ton
97 1422 30 17 via
136 1421 97 19 Yvairukei,
247 1421 65 22 Taupo
326 1419 38 17 and
378 1419 71 21 Napier
465 1425 21 10 or

54 1445 33 17 the
96 1444 104 18 celebrated
209 1443 106 23 Wnnganui
324 1443 56 16 Riter
388 1439 68 20 Route.-

124 1475 151 26 LOWEST
294 1473 124 26 RATES,

56 1532 95 19 GUIDE
176 1531 99 18 BOOKS
301 1535 30 13 on
357 1529 52 18 Sale
439 1528 46 18 and

147 1553 149 19 distribution
310 1552 80 24 gratis.

131 1600 72 18 Tiros,
213 1598 67 20 COOK
293 1597 53 19 AND
360 1595 54 23 SON,

109 1630 99 16 Hineiioa
228 1628 83 20 Street,
335 1627 102 17 Rotorua.

62 1686 285 47 Ehrenfried
364 1685 120 44 Bros

200 1742 141 22 BREWERS,

137 1775 106 20 ALBERT
259 1773 148 23 BREWERY,

81 1808 37 20 QU
124 1807 92 20 hEN'ST
221 1806 75 22 HEET,
310 1804 157 20 AUCKLAND

80 1860 67 17 WINK
160 1859 49 16 AND
221 1858 79 15 SPIRIT
310 1856 155 19 MERCHANTS,

100 1886 121 17 BOTTLERS
233 1885 51 16 AND
300 1883 144 20 IMPORTERS,

143 1908 26 18 13,
184 1910 131 13 aUKEN-bTKKKT

150 1958 50 12 niIZK
211 1957 58 13 MEDAL
280 1958 35 11 AND
327 1956 71 12 AWARDS

58 1983 25 15 At
91 1982 29 16 the
134 1981 89 19 following
239 1980 112 19 Exhjhitions
365 1978 28 15 for
401 1983 31 10 our
441 1978 38 15 well

154 2003 60 15 known
228 2001 43 15 Balk
281 2000 33 16 and
324 2000 68 15 Hottled

170 2023 47 16 ALE
228 2022 50 16 AND
290 2020 86 17 STOUT:

60 2052 67 20 Svnney
136 2049 124 18 Intnnaiiocal
268 2048 108 17 Exhibition,
387 2048 47 16 1870.

60 2073 100 15 Melbourne
169 2070 125 17 International
300 2069 108 17 Exhibition,
418 2069 68 15 IHSO-S1

60 2094 43 16 New
110 2093 73 16 Zeulxnd
192 2090 97 20 Industrial
289 2090 107 20 Exhibition,
401 2089 77 21 Welling-

102 2119 35 14 ton,
150 2115 45 15 1885.

59 2135 44 17 New
122 2133 73 19 Zealand
209 2134 33 16 and
257 2134 53 16 South
323 2133 41 16 Seas
379 2132 108 16 Exhibition.

103 2157 85 16 Dmicdia.
200 2157 77 14 18SH-90.

60 2179 21 16 In
91 2178 75 16 addition
176 2180 16 12 to
202 2177 52 15 above
262 2176 43 16 liavo
323 2176 42 15 been
380 2174 78 16 awarded
472 2176 16 13 nt

103 2199 103 15 Tai-manian
237 2197 108 19 Exhibition,
373 2195 115 19 Xiuunceston,

104 2221 77 16 1891-92.

145 2250 57 17 FIVE
213 2248 69 19 FIRST
300 2247 104 18 AWARDS

257 2276 32 11 ror

71 2294 41 17 111
120 2294 17 16 K
149 2293 56 17 101'1
210 2293 48 16 LED
270 2292 60 16 ALES
347 2291 51 16 AND
415 2289 75 18 STOUT

251 2314 47 16 Also.

89 2378 64 23 Gold
167 2377 86 23 Medal
262 2377 27 22 of
300 2375 165 23 Australasia

164 2417 71 11 AGAINST
246 2417 10 11 A
258 2416 21 11 LI.
279 2416 19 12 CO
299 2416 45 11 HERS
355 2416 32 12 FulJ

64 2440 88 24 BULK
166 2440 69 23 AND
254 2436 144 25 BOTTLED
413 2439 64 21 ALE

152 2492 72 18 Havicfr
232 2497 10 10 a
253 2491 57 19 Largo
318 2490 52 16 Stoelc
378 2490 18 15 of

173 2529 47 16 ALE
323 2528 54 19 OUT,

62 2561 69 15 Bottled
140 2560 15 15 in
166 2562 50 17 quart
225 2559 34 16 and
274 2559 38 20 pint
326 2557 68 18 bottles,
409 2556 82 21 specially

60 2583 25 14 >!(
92 2582 35 15 wed
136 2581 27 16 for
171 2581 28 16 the
208 2585 73 11 summer
290 2580 53 16 trade,
355 2579 54 15 which
418 2583 28 11 urn
452 2583 38 10 now

61 2602 105 20 thoroughly
174 2602 84 17 matured,
270 2606 31 10 can
316 2601 41 15 with
373 2605 50 15 every
437 2599 44 16 uonti-

61 2629 52 10 (nee
125 2623 104 16 recommend
245 2628 46 10 same
307 2625 17 12 to
339 2626 118 11 connoisteursi
473 2625 18 10 as

61 2645 61 15 second
130 2648 17 12 to
155 2649 44 11 none
208 2644 16 16 in
235 2644 28 15 the
271 2643 72 20 Colony.

181 2691 26 12 BY
219 2689 152 15 APPOINTMENT.-

61 2878 250 21 MANUFAOTUBING
333 2876 157 20 .IEWELLER,

140 2904 59 20 AND
215 2903 198 23 SILVERSMITH,

64 2940 98 25 QUEEN
182 2938 125 28 STREET,
324 2937 169 26 AUCKLAND..

252 2978 41 14 AND

98 3006 26 24 B.
147 3004 187 27 PETERSEN
351 3004 23 25 &
394 3004 64 31 CO.,

65 3047 62 23 High
147 3047 83 21 Street,
248 3045 242 18 CHRISTOHURCH.

86 3095 114 17 HIGHEST
213 3094 107 17 AWARDS
330 3091 138 20 OBTAINED.

63 3124 75 22 Sydney
147 3123 114 19 Exhibition,
272 3123 50 19 1879,
332 3123 37 16 and
381 3121 111 18 Melbourne

68 3194 228 47 Blocker's
344 3194 147 47 Dutch

199 3250 160 47 Coeoa.

65 3352 136 32 Highest
210 3352 124 25 awards
348 3351 33 25 at
394 3356 99 26 every

183 3392 193 26 Exhibition.

100 3435 62 24 The
174 3434 96 25 latest
283 3433 27 25 is
324 3433 54 25 the
399 3433 95 26 Cross

68 3467 33 24 of
107 3468 108 23 Honor
229 3467 32 24 at
278 3467 54 24 the
352 3466 123 25 Amster-

68 3500 71 25 dam
148 3498 185 26 Exhibition
343 3497 89 31 1895,
442 3498 52 25 the

66 3532 126 31 highest
199 3531 137 33 possible
347 3531 116 25 award,

126 3595 313 47 TJIILORIM.

69 3667 108 24 Direct
200 3666 80 25 from,
304 3666 54 25 the
388 3667 86 24 Manu-

207 3699 147 26 facturer.

68 3773 64 19 Suits
152 3773 24 18 to
197 3773 105 18 Measure
319 3774 24 17 at
361 3773 134 23 Up-to-date

145 3796 26 19 Pi
175 3796 46 17 ices
230 3796 35 17 for
277 3796 60 18 Cash
353 3796 65 23 Only.

68 3850 45 22 ITT
123 3853 15 18 &
145 3850 217 21 WORKMANSHIP
370 3851 108 19 GUARAN-

242 3880 78 21 TEED.

100 3915 201 33 WHOLESALE
319 3914 148 33 FACTORY

168 3956 162 32 CLOTHING
347 3956 49 31 GO.

90 4015 121 46 JOE.
228 4013 245 55 .MUNRO,

197 4083 177 23 HGENT,

166 4125 235 24 OHINEMUTU,

745 172 33 33 ',<
778 172 23 33 so

548 222 68 13 TRADE
841 220 65 13 MARK.

664 336 56 19 ASK
736 336 52 19 FOB

512 386 427 46 HANCOCKS'

635 459 181 21 CELEBRATED

619 572 38 41 A
676 569 38 44 L
728 569 38 44 E
784 566 44 53 S,

638 632 58 13 MADE
704 632 55 13 I'IIOM
768 631 41 13 TIIE

514 662 113 32 FINEST
653 662 88 31 MALT
761 661 64 32 AND
842 660 96 38 HOPS,

547 750 52 14 FREE
612 750 55 13 FROM
679 750 40 12 ALL
731 749 127 13 ANTISEPTICS
871 749 25 13 OR

614 776 139 13 DELETERIOUS
771 775 63 13 ACIDS.

512 841 136 32 CAPTAIN
671 840 83 31 COOK
771 840 166 37 BREWERY,

613 883 191 20 NEWMARKET.

653 945 146 18 ROTORUA

508 983 125 26 WOOD
643 983 29 25 &
682 983 110 26 COAL
801 982 137 25 DEPOT

509 1068 122 41 Messrs
652 1068 23 18 f.
693 1068 142 18 goodson
851 1068 45 18 and
912 1068 24 18 c.

559 1091 163 19 GRIFFITHS
731 1097 38 12 are
787 1091 111 23 prepared
912 1092 26 17 to

508 1115 86 18 deliver
602 1116 25 17 to
637 1121 46 17 any
692 1115 53 23 part
754 1115 26 18 of
786 1115 39 18 the
835 1115 69 18 Town

534 1153 80 23 BEST
623 1152 192 23 HOUSEHOLD
823 1152 86 28 COAL,

507 1227 93 25 RATA
612 1230 21 22 &
642 1229 103 22 TAWA
758 1228 178 23 FIREWOOD.

529 1270 26 16 At
564 1269 94 18 Lowest
667 1268 99 19 Current
774 1268 72 18 Rates
855 1270 20 16 at
882 1269 32 17 tlio

646 1298 82 17 shortest
736 1298 68 17 notice.

531 1361 61 17 Goods
601 1361 94 17 delivered
708 1361 44 17 with
764 1362 117 21 promptness
889 1361 50 17 after

507 1390 68 17 arrival
583 1390 20 17 of
612 1390 64 16 trains.

538 1429 74 19 Orders
621 1435 46 18 may
676 1429 24 18 ho
710 1428 38 20 left
755 1432 21 16 at
787 1429 34 18 the
831 1428 72 23 Yards,

544 1464 271 23 PUKUHTUH
838 1463 65 23 ST.

519 1543 82 19 Agents
611 1549 38 13 for
659 1550 41 12 tiie
710 1544 51 18 N./j.
775 1544 95 18 Exfrkbs
879 1543 33 19 Co.

521 1596 75 16 iohn
621 1596 16 15 i.
668 1592 106 21 philips
806 1592 54 21 And
892 1595 45 20 co.,

508 1623 8 12 f
616 1613 76 22 Mining
705 1620 119 17 Engineers,

554 1644 130 14 AUTHORISED
699 1645 75 13 MIXING
787 1646 42 12 A.TD
839 1644 53 14 L.VMD

600 1668 105 13 TRANSFER
718 1669 122 12 SURVEYORS.

508 1709 55 19 Head
573 1709 68 24 Office!
663 1710 107 22 Halyday's
786 1710 105 23 Buildings,
909 1711 29 19 2(>,

578 1733 177 21 Shortlaiid-strcet,
764 1733 104 17 Auckland.

508 1762 46 18 P.O.
564 1763 41 16 Box
614 1763 41 16 332.
784 1762 105 22 Telephone
898 1762 40 17 98G.

509 1789 57 18 Cable
574 1790 82 17 Address
663 1788 4 21 :
681 1790 135 19 Tiieodolite,
834 1788 106 19 Auckland.-

637 1836 75 17 Branch
729 1834 66 19 Offices
803 1841 5 12 :

509 1865 170 19 "WirAlii'-STREET,
690 1864 137 17 PaEroa-Ml'
833 1864 20 17 P.
863 1864 22 17 A.
893 1865 36 18 Cut-

533 1890 38 17 ten,
582 1888 52 20 C.E.,
644 1888 77 22 Mining
734 1888 93 22 Surveyor
840 1888 19 16 in
872 1888 69 22 charge

533 1912 20 16 of
561 1911 80 17 district.-

509 1935 168 19 BROWN-STREET,
688 1933 139 17 THAMESMI'
839 1934 65 16 Albert
921 1933 20 18 S.-

533 1957 68 19 Allom,
612 1957 41 17 Min
663 1963 28 16 ng
699 1957 94 22 Surveyor
800 1957 19 16 in
837 1957 68 23 charge
921 1957 21 17 of

533 1980 78 17 district.

510 2004 100 16 Katanga
630 2004 64 19 I!oad,
717 2003 138 17 Cokomaxbel
893 2003 47 17 P.O.

533 2027 41 16 PoX
593 2028 25 16 17.
644 2024 31 19 Mr
692 2026 22 17 E.
732 2027 25 16 11.
775 2026 73 22 Hardy,
866 2025 76 24 Mining

533 2050 94 20 Surveyor
635 2050 19 16 in
663 2050 68 20 charge
741 2050 20 16 of
768 2049 80 18 district.

628 2278 187 20 PANTJITANGA

514 2371 77 46 w
607 2377 20 17 te
637 2377 46 16 torn
700 2381 11 12 o
721 2380 41 19 nga
780 2381 23 12 ra
821 2381 11 11 o
851 2374 90 24 Tihenia,

515 2426 21 16 1B
540 2423 1 25 (
542 2426 28 21 JG,
583 2424 34 19 ite
628 2424 66 19 whnre
706 2423 103 19 wliakawa
825 2424 7 18 i
849 2423 67 25 Nepia
936 2424 6 18 i

512 2476 20 15 to
545 2474 23 17 12
578 2480 10 11 o
598 2479 41 19 nga
649 2472 63 19 haora
722 2472 6 19 i
740 2475 18 16 to
770 2472 111 19 Awateaka
898 2472 30 19 Ka-

514 2528 173 13 kaxgallaxgatia
694 2521 27 19 lie
729 2528 66 12 inema
807 2529 35 11 mo
856 2524 19 16 te
895 2522 49 18 talia

513 2568 65 22 Maori
588 2577 32 12 mo
631 2573 19 16 to
661 2571 36 18 Tai
709 2571 86 19 rawhiii.

538 2620 35 19 Ko
583 2622 20 17 te
611 2627 23 11 ra
644 2621 59 17 mote
710 2618 122 27 Pootitanga
841 2620 104 19 mehemea

513 2669 28 19 ka
550 2669 28 19 tai
587 2669 52 19 kite
650 2669 59 18 Pooti
719 2669 47 18 koto
778 2672 19 16 to
807 2669 42 19 kau
863 2676 31 11 ma
905 2670 40 18 iwa

514 2725 10 12 o
534 2718 89 24 Ti-hema,
638 2719 55 18 IS&C.

708 2766 40 20 NA
761 2764 104 26 PtttJTTJ,

665 2813 40 22 Kai
710 2816 132 19 wbaltabaere
852 2813 48 21 Pool
904 2813 11 22 i.

673 3016 88 19 ALAND
775 3017 36 42 J)
820 3017 127 18 AIIAVAYS.-

593 3073 143 17 AUCKLAND
749 3071 114 18 SECTION.

515 3121 160 19 CHRISTMAS
698 3121 58 19 AND
778 3121 68 19 NEW
868 3119 77 21 YEAR

656 3144 150 22 HOLIDAYS.

631 3199 87 17 CHEAP
731 3199 80 18 FARES
819 3204 6 11 :

541 3228 122 24 Eirst-elass,
689 3230 26 20 2d
734 3237 35 19 pnr
789 3230 53 19 mile.
884 3229 50 19 Mini-

515 3263 61 17 mum,
587 3259 29 15 4s.

541 3282 145 24 fecond-class,
700 3283 24 18 Id
740 3289 35 18 per
794 3282 52 19 mile.
883 3281 51 19 Mini-

515 3315 61 15 mum,
588 3311 28 16 2s.

541 3334 95 20 Children
649 3335 63 18 under
724 3336 22 17 12
756 3334 104 19 half-fare.

555 3361 89 24 Mileage
653 3361 85 18 counted
750 3367 37 12 one
798 3367 43 18 way
852 3360 53 24 onl}'.

541 3412 80 19 Tickets
634 3415 20 16 at
671 3412 4 20 1
680 3412 25 19 lie
721 3414 62 18 above
799 3412 54 18 fares
863 3412 40 19 will
921 3412 25 18 be

519 3438 66 19 issued
597 3440 50 17 from
659 3445 39 17 any
709 3439 73 18 station
793 3441 20 15 to
823 3444 38 18 any
871 3438 75 18 station

515 3470 55 13 from
580 3465 114 18 December
704 3466 48 17 21st
761 3467 24 16 to
792 3460 98 23 January
897 3465 47 21 2nd,

517 3490 49 18 botli
575 3490 56 19 dates
641 3490 103 21 inclusive,
756 3490 99 19 available
865 3490 30 18 for

517 3520 46 14 turn
581 3516 33 18 for
634 3522 37 12 one
691 3516 93 19 calendar
802 3515 68 19 month
893 3516 53 18 from

517 3542 47 18 date
575 3542 20 18 of
605 3542 58 18 issue.

543 3567 129 24 PassengersJ
693 3567 85 25 holding
798 3567 55 18 these
874 3567 73 19 tickets

517 3599 52 18 may,
595 3593 63 23 (after
684 3593 108 25 travelling
818 3594 28 16 25-
870 3593 75 24 miles),

519 3619 34 18 bre
567 3619 13 19 k
589 3619 35 18 the
633 3618 86 25 journey
734 3622 21 15 at
774 3625 39 17 any
834 3619 70 17 -tation
926 3622 21 15 at

519 3645 62 18 which
592 3645 35 18 the
637 3645 53 18 train
700 3645 17 18 is
725 3645 62 18 timed
797 3648 19 14 to
827 3647 50 21 stop.

543 3671 42 17 The
601 3671 48 18 time
668 3671 32 17 for
717 3671 65 18 which
798 3670 34 18 the
851 3669 61 19 ticket
930 3671 17 17 is

518 3696 99 19 available
627 3702 35 12 can
672 3696 25 18 bo
708 3696 98 18 extended
821 3696 32 18 for
869 3702 13 12 a'
896 3697 41 17 fort-

518 3722 64 24 night,
594 3722 26 24 by
631 3722 34 18 the
679 3727 95 20 payment
791 3722 20 18 of
827 3721 34 19 the
878 3721 60 19 differ-

519 3754 46 12 ence
581 3748 21 18 in
613 3748 59 18 value
691 3748 90 19 between
800 3748 34 18 the
853 3748 94 24 ordinary

519 3774 63 24 single
605 3774 44 18 faro
667 3774 40 18 and
726 3774 43 18 half
788 3774 34 19 the
842 3774 105 18 excursion

518 3800 49 17 fare.
596 3798 86 19 Persons
689 3800 89 24 desiring
787 3799 47 19 such
843 3799 104 18 extension

518 3828 53 15 must
581 3825 61 25 apply
653 3828 18 15 at
681 3826 34 17 the
726 3826 73 18 station
809 3829 19 14 to
840 3825 63 18 which
912 3825 35 18 the

518 3850 61 19 ticket
594 3857 40 12 was
653 3851 67 18 issued
739 3857 25 12 on
787 3858 21 11 or
827 3851 68 18 before
912 3851 36 18 the

519 3876 45 18 date
576 3877 21 18 of
606 3877 77 24 expiry,
694 3877 42 18 and
745 3876 78 21 deliver,
830 3883 26 18 up
867 3876 34 19 the
908 3883 27 12 un-

519 3902 47 18 used
578 3902 43 18 half
631 3903 21 18 of
661 3902 35 19 the
707 3902 104 19 excursion
821 3902 67 19 ticket.

543 3927 40 19 For
594 3928 116 18 alterations
721 3928 38 19 and
769 3928 100 19 additions
879 3930 19 16 to
913 3928 35 19 the

518 3954 52 18 train
582 3954 74 19 service
667 3960 32 12 see
708 3958 83 21 posters.

546 3980 43 18 Goo
597 3979 17 19 Is
625 3979 39 19 and
674 3979 40 19 live
724 3980 56 18 stock
792 3979 63 19 traffic
865 3979 40 19 will
922 3979 26 19 be

519 4005 112 24 suspended
642 4009 21 14 at
677 4005 28 19 all
717 4006 84 18 stations
821 4012 25 12 on
863 4005 85 19 Decern-,

519 4030 35 19 ber
564 4031 54 23 '2sth,
631 4031 54 21 20th,
696 4031 40 19 and
745 4031 90 22 January
851 4032 35 18 Ist.

543 4056 42 19 The
597 4057 66 18 Goods
674 4057 64 18 Sheds
748 4059 20 16 at
781 4057 107 18 Auckland
907 4057 41 19 will

518 4082 25 18 be
553 4082 65 19 closed
629 4089 25 12 on
665 4083 112 18 December
788 4083 54 23 2Gth,
857 4082 90 27 January

520 4109 7 16 1
532 4111 17 16 tt
559 4108 40 19 and
609 4108 46 19 2nd.

800 4134 32 18 By
842 4134 79 18 Order.

966 136 127 47 Soto
1112 138 284 47 WILLL7LMS'

1013 298 330 40 GOODS,

964 426 169 23 CHEAPEST
1142 427 100 24 STORE
1248 428 38 23 IN

978 557 47 59 Jj
1077 557 4 61 ,
1101 569 21 49 I
1321 572 61 40 la

964 634 217 41 GALATEA
1200 689 11 2 _
1232 634 159 41 RACES.

990 703 171 28 THURSDAY,
1175 702 61 26 DEC.
1248 703 34 28 31,
1300 700 68 29 1596.

1027 755 80 18 Under
1115 755 39 18 the
1164 755 76 19 A.J.C.
1253 755 77 19 Rules.

1014 787 63 19 FIKST
1088 787 56 19 RaOE
1155 790 73 16 STAItfS
1239 793 26 13 AT
1275 790 65 16 JNooX.

988 839 82 19 Entries
1079 839 32 19 for
1125 839 34 19 tlie
1176 839 84 19 Galatea
1279 839 50 25 Cup,
1350 838 28 20 8
1389 847 5 15 ;

962 865 97 22 Hurdles,
1071 865 28 19 5
1108 865 4 26 ;
1128 865 58 22 Flyin
1191 872 11 19 y
1220 865 113 25 Handicap,
1352 866 28 18 4
1389 865 4 26 ;

962 891 58 24 Pony
1030 891 59 20 Pace,
1101 892 30 19 2
1145 891 3 24 I
1155 893 28 20 Os,
1198 891 40 19 will
1260 891 23 19 bo
1303 892 91 18 received

962 917 27 24 by
1001 917 74 19 Messrs
1086 918 23 17 A.
1120 917 74 19 Munro
1204 924 22 12 or
1236 917 28 18 H.
1275 917 20 19 J.
1318 917 4 25 1
1324 923 25 13 ox
1367 924 27 18 up

961 946 20 16 to
996 945 11 17 9
1027 950 54 17 p.m.,
1099 943 96 24 to-night,
1219 943 107 24 Saturday,
1347 945 46 17 19th

961 969 83 19 instant.

987 995 49 19 Post
1044 995 72 18 entries
1124 995 31 18 for
1162 995 81 19 Maiden
1251 995 64 23 Plate,
1327 997 65 22 3sovs;

962 1021 59 19 Hack
1032 1021 58 23 Puce,
1103 1021 28 18 2
1150 1023 33 17 10s
1192 1021 3 23 ;
1218 1021 66 19 Maori
1304 1021 90 19 Wahine

961 1047 60 23 Race,
1034 1049 36 18 2.

1067 1073 24 19 R.
1107 1072 22 19 E.
1147 1073 163 23 JEFFERSON,

1258 1099 54 19 Hon.
1323 1101 42 17 Sec.

1025 1291 87 16 ANTED
1124 1290 190 18 KNOWN.Views
1328 1292 19 16 of
1361 1292 32 17 the

975 1309 11 10 *
997 1319 7 12 7
1049 1314 77 17 District
1135 1314 19 16 in
1163 1314 74 22 photos,
1248 1314 34 17 oils
1291 1315 37 16 and
1334 1315 59 17 water

961 1336 79 21 colours,
1050 1338 20 16 to
1078 1336 23 17 bo
1109 1336 38 18 had
1154 1339 20 15 at
1180 1337 118 18 CintoxiCLE
1305 1338 63 17 Office.

1160 1382 77 22 Repairs
1254 1384 20 15 to

979 1412 8 12 T
996 1409 10 15 T
1049 1405 105 22 Jewellery,
1172 1406 39 19 &c.,
1228 1406 40 17 also
1285 1406 62 17 orders
1362 1406 31 17 for

960 1434 41 12 new
1011 1428 87 17 Watches
1105 1428 37 17 and
1159 1428 106 22 Jewellery,
1282 1430 20 16 to
1319 1429 22 17 be
1357 1429 36 17 loft

961 1451 45 17 with
1016 1451 26 17 11.
1052 1451 85 20 Stewart,
1148 1451 82 21 Saddler,
1245 1456 59 18 agent,
1320 1453 28 16 for
1365 1453 25 16 11.

961 1475 25 16 11.
999 1475 97 20 Flowdex,
1106 1474 132 18 Watchmaker
1246 1475 38 17 and
1298 1475 92 21 Jeweller,

960 1498 106 17 Hamilton.

971 4226 103 36 Ask
1105 4225 70 37 for
1201 4221 266 41 Esnccck's
1500 4219 274 40 Celebrated
1806 4219 188 38 XXXX
2031 4220 112 41 Ales
2171 4225 94 36 and
2291 4224 147 38 Stout.

2789 3257 168 18 AUSTRALIA'S
2973 3257 132 18 NATIONAL

2834 3280 184 18 RF.STOPATTVE.

2789 3327 163 17 CLEMENTSTs
2969 3326 78 18 TONIC

2836 3350 137 18 RESTORES,
2984 3349 104 18 VIGOUR.
3098 3349 109 18 HEALTH

2888 3374 54 16 AND
2951 3373 123 17 VITALITY
3084 3373 32 16 OF
3125 3372 95 18 YOUTH.

2788 3419 83 18 CURES

2856 3440 149 23 WEAKNESS,

2906 3465 149 18 LASSITUDE.

2953 3489 132 17 DEBILITY.

3003 3511 175 19 INDIGESTION,

2787 3535 143 17 PROMPTLY
2947 3534 54 17 AND
3016 3534 204 17 PERMAMENTLY.

2845 3581 34 17 BE
2883 3581 73 17 WARE
2966 3580 197 23 OFJIMITATIONS.

2787 3627 31 16 Mr
2826 3627 41 17 Ben
2874 3628 25 16 P.
2914 3627 82 20 Walker,
3008 3626 102 21 Willis-st.,
3129 3627 80 20 Welling-

2787 3651 40 19 ton,
2837 3650 48 17 New
2902 3650 90 20 Zealand,
3002 3650 42 17 who
3062 3650 62 17 writes
3139 3656 24 11 on
3177 3650 46 21 July

2789 3673 49 19 17th,
2850 3674 44 16 1891
2906 3672 4 23 :
2913 3673 40 17 lt
2972 3673 15 17 is
3003 3679 11 10 a
3029 3673 86 22 pleasure
3123 3673 20 17 to
3158 3672 64 18 met's

2787 3696 66 22 testify
2861 3697 21 16 to
2888 3697 33 16 the
2935 3696 64 18 merits
3013 3697 20 16 of
3050 3696 95 17 Clements
3158 3696 64 17 Tonic.

2787 3718 37 18 For
2841 3719 68 18 twelve
2927 3725 54 16 years
2998 3719 9 17 I
3024 3724 39 12 was
3079 3718 81 18 afflicted
3177 3719 44 17 with

2787 3743 52 20 gout,
2857 3742 38 17 and
2913 3742 134 22 consequently
3064 3742 135 22 sleeplessness.
3213 3741 9 17 I

2787 3769 57 13 never
2852 3765 55 17 knew
2914 3765 52 17 what
2979 3765 14 16 it
3003 3770 37 13 was
3049 3766 20 16 to
3078 3765 47 17 have
3132 3772 10 10 a
3151 3765 71 20 night's

2787 3790 38 15 rest
2834 3788 82 17 without
2925 3788 90 22 sufiering
3028 3788 50 21 pain.
3112 3788 9 16 I
3137 3788 47 17 took
3198 3788 24 16 all

2787 3812 49 16 sorts
2846 3812 20 16 of
2874 3812 47 16 stuff
2929 3812 19 16 to
2958 3812 31 21 try
2998 3811 37 17 and
3043 3811 68 17 relieve
3120 3817 31 16 my
3160 3816 62 16 agony

2787 3833 35 17 but
2831 3835 114 21 everything
2953 3833 57 18 failed
3019 3834 48 16 until
3078 3835 9 15 I
3095 3834 49 17 tried
3161 3834 49 17 Clem-

2788 3858 41 15 ents
2838 3857 64 17 Tonic.
2933 3857 55 17 After
2995 3857 33 17 the
3036 3857 40 17 first
3086 3857 60 17 bottle
3161 3857 10 17 I
3185 3862 37 11 was

2787 3879 78 18 decided
2873 3880 68 17 better.
2975 3880 9 17 I
2994 3880 44 17 then
3048 3880 102 17 continued
3158 3880 24 17 its
3191 3885 31 12 use

2787 3903 37 17 and
2833 3903 50 17 after
2889 3903 69 22 taking
2967 3903 34 17 five
3005 3903 54 17 small
3073 3903 69 17 bottles
3160 3903 9 17 I
3186 3908 38 11 was

2788 3926 107 22 absolutely
2913 3926 62 17 cured.
3016 3927 9 16 I
3037 3926 48 17 have
3109 3926 38 17 had
3172 3926 53 17 other

2788 3949 88 17 ailments
2885 3950 55 19 since,
2951 3950 35 16 but
2994 3949 47 17 have
3050 3949 60 17 found
3130 3949 94 18 Clements

2787 3972 58 17 Tonic
2855 3972 50 23 good
2914 3977 57 17 every
2980 3972 50 20 time,
3040 3972 38 17 and
3095 3972 48 18 have
3160 3977 61 13 never,

2788 3995 59 17 found
2855 3995 18 17 it
2881 3995 33 17 fail
2923 3997 20 15 to
2952 3995 42 22 give
3003 3995 107 17 immediate
3124 3995 59 17 relief.
3205 3995 18 16 It

2787 4017 16 18 is
2816 4018 32 17 the
2857 4018 92 17 medicirie
2968 4018 19 17 in
2997 4024 30 16 my
3042 4017 114 18 estimation.
3180 4018 44 17 Ycu
3225 4017 1 23 1

2788 4046 31 11 are
2828 4043 20 14 at
2856 4041 71 22 liberty
2936 4044 20 14 to
2965 4041 54 17 make
3028 4041 52 16 what
3088 4047 32 10 use
3133 4047 37 16 you
3184 4041 39 16 will

2789 4064 19 16 of
2817 4063 38 18 this
2864 4065 109 16 statement.
3007 4064 48 17 lam
3066 4064 42 16 well
3123 4064 70 17 known
3204 4064 18 16 in

2789 4087 117 22 Wellington
2918 4087 38 17 and
2969 4087 194 17 Hokotika.Yours
3179 4091 45 14 very

2789 4110 110 22 gratefully,
2909 4110 40 17 Ben
2959 4110 21 17 P.
2991 4110 80 17 Walker.
3082 4110 60 17 Willis
3160 4111 65 17 street,'

2788 4132 127 23 Wellington,-
2921 4134 48 16 New
2982 4132 92 18 Zealand.-
