3300 4360
1227 103 57 20 THE
1298 104 57 20 HOT
1368 105 92 20 LAKES
1474 106 165 21 CHRONICLE
1651 108 160 22 SATURDAY,
1826 109 153 21 DECEMBER
1995 113 30 17 19,
2042 112 48 18 1896

3278 100 1 14 xcvxcz

2787 4071 80 18 Printed
2884 4073 38 16 and
2939 4074 102 22 published
3051 4076 27 20 by
3086 4075 22 18 P.
3118 4076 22 17 P.
3154 4077 65 19 WATT,

2809 4096 21 16 at
2839 4095 33 17 tlie
2879 4096 105 22 registered
2998 4098 88 23 printing
3095 4099 57 20 office,
3162 4100 46 17 Hine-

2808 4124 32 12 mo
2842 4124 11 11 a
2861 4120 64 19 street,
2935 4119 90 18 Rotorua.

2810 4149 146 22 SATURDAY,
2966 4150 146 21 DECEMBER
3122 4154 27 20 19,
3161 4154 49 18 1896.

106 183 158 52 PURE
302 184 292 54 AERATED
640 186 269 54 WATERS

217 315 45 19 One
278 315 21 19 of
317 316 32 19 the
359 316 116 19 necessities
486 316 22 19 of
519 316 33 19 the
562 317 78 25 coming
650 318 74 19 Season
736 320 39 18 will
787 320 24 18 be

73 369 23 22 A
135 370 113 24 COOL
289 372 94 22 AND
426 371 328 27 REFRESHING
795 376 159 23 DRINK

99 429 140 21 Uiitinctured
251 431 24 25 by
284 437 37 17 any
332 430 127 20 Deleterious
475 431 99 19 Chemical
586 432 136 25 Compounds.
750 434 19 18 A
779 435 37 18 drii
825 434 45 19 kat

293 484 182 29 Exhilarating
497 485 51 23 and
565 485 164 30 Refreshing,

73 539 38 18 and
125 539 63 19 which
204 539 35 18 .viil
252 545 59 19 prove
321 545 11 13 a
343 539 116 24 preventive
469 540 23 18 of
499 540 115 25 Dyspepsia
631 541 37 17 and
686 541 26 19 ail
728 541 91 20 Internal
839 543 114 20 Disorders.

99 564 86 19 Aerated
197 565 82 19 Waters
289 565 38 18 and
338 565 96 20 Cordials.
454 566 121 24 comprn-int;
591 567 35 18 the
635 566 72 20 Purest
718 568 119 23 Lt-uiuna.ie,
855 575 34 13 ibe
900 570 54 20 Must

71 591 103 18 Delicious
186 591 77 24 Gugtr
273 591 44 23 Ale,
331 591 176 26 Highly-charged
525 593 53 18 Soda
589 593 77 23 Water,

277 640 393 38 ZOL-PfKON
693 645 56 37 E,

71 706 9 11 a
92 706 41 12 new
142 700 149 25 Invigorating,
301 701 147 20 non-aicoholic
459 703 116 24 Beverage;
592 703 54 19 Lime
654 703 59 20 Juice
731 705 87 24 Cordial,
830 705 123 26 liaspberrv,

71 725 119 26 l'oppeiuhl.
195 732 14 18 t,
221 727 76 23 Cloves,
308 727 50 18 l'iue
368 727 72 25 Apple,
453 729 40 18 and
504 730 21 18 Li
534 736 44 12 uiuu
590 730 75 23 Syrups
675 731 38 18 and
732 731 135 26 Sarsaparilla
884 739 33 12 are
927 732 25 19 all

338 756 154 18 mauulactured
503 762 24 12 on
538 755 33 19 the
579 755 103 24 premises.

259 778 115 20 Lemonade
383 780 40 18 and
433 779 78 26 Ginger
519 781 44 23 Ale,
574 784 71 21 quarts
654 781 40 19 and
700 782 62 25 pints.

92 877 72 76 C,
219 879 79 74 A,
357 879 411 84 CLARKE,
821 882 101 78 Jr.

350 1004 312 26 ABSOLUTE

95 1167 64 22 OUR
183 1167 162 23 PREMISES
368 1168 156 23 DISPOSED
550 1169 38 23 OF

458 1195 37 22 TO
510 1195 49 22 MR
584 1195 22 23 J.
628 1196 125 23 TONSON
769 1198 153 22 GARLICK.

70 1261 397 46 Electro-Plated
491 1264 148 46 Ware

666 1321 145 57 Lamp
818 1336 130 32 ware

68 1373 163 47 Brush
232 1387 132 33 ware

491 1433 281 47 Enamelled
801 1437 147 44 Ware

70 1487 200 47 Knives.
307 1489 168 52 Forks,
498 1491 203 55 Spoons.

251 1607 59 35 <sc
470 1609 398 41 DICKET.

133 1704 108 28 Having
256 1705 55 22 sold
325 1712 46 16 cur
392 1706 88 25 Queen
496 1707 50 22 and
563 1707 81 22 Lome
661 1707 83 24 Street
759 1708 130 25 Premises

184 1738 26 20 to
225 1736 40 22 Mr
275 1736 21 21 J.
314 1736 24 22 T.
351 1736 114 26 Garlick,
477 1737 45 22 the
532 1737 84 22 whole
628 1738 27 21 of
663 1745 45 15 our
719 1739 78 23 Stock
808 1740 27 22 of

292 1770 432 34 IRONMONGERY,

93 1809 71 23 Must
174 1811 31 21 be
216 1811 55 22 sold
282 1811 38 22 for
331 1811 73 27 Cash,
415 1819 28 15 as
458 1819 40 15 we
507 1813 58 28 give
574 1819 33 22 up
614 1814 148 27 possession
773 1814 27 23 in
809 1814 112 23 October.

355 1940 9 8 .
406 1898 274 63 SIMON,

358 1978 65 22 (Late
433 1979 26 17 of
463 1978 149 23 Melbourne.)

270 2028 243 24 PRACTICAL
537 2029 157 24 TAILOR.

254 2136 124 25 Clothes
393 2137 91 24 made
504 2140 33 22 to
560 2137 91 24 order
672 2144 36 18 on

114 2323 56 32 in

308 2169 53 24 the
376 2169 143 26 Shortest
536 2170 113 24 Notice.
671 2169 4 33 :
692 2181 20 20 „j
724 2169 3 33 1
738 2187 9 15 1

262 2227 41 17 FIT
312 2227 52 17 AND
375 2228 81 17 STYLE
461 2228 51 18 NOT
521 2228 32 17 TO
563 2228 27 17 BI

388 2267 52 17 LED
449 2268 30 17 IN
490 2268 80 17 TOWN.

288 2359 258 19 AddressAßAWA
560 2360 118 22 STREET,

391 2400 180 16 ROTORUH.

313 2829 51 31 By
382 2829 163 26 ELSDON
568 2829 111 25 BEST.

53 2938 107 62 THE
181 2938 120 32 Papers
316 2938 105 26 which
435 2940 157 31 appeared
600 2939 33 25 in
642 2939 52 25 the
704 2940 83 26 HOT
800 2940 144 26 LAKES
953 2938 1 62 j

137 2971 241 26 CHRONICLE
392 2973 102 24 under
506 2973 54 24 the
701 2973 70 25 title
793 2980 54 19 are
866 2980 78 19 now

51 3003 167 31 published
231 3004 32 25 in
276 3005 162 32 pamphlet
450 3006 89 25 form.

256 3061 127 46 Price
409 3061 94 46 One
536 3061 197 56 Shilling.

190 3151 68 25 Post
275 3151 72 26 Free
359 3152 76 24 from
464 3152 213 25 CHRONICLE
700 3153 106 26 Office.

54 3279 77 19 under
138 3281 39 17 the
184 3281 169 23 distinguished
358 3285 128 20 patronage
494 3282 26 18 of
524 3282 41 18 His
572 3283 137 24 Excellency
719 3284 60 18 Lord
789 3285 147 23 Carrington,

73 3311 118 19 Governor
201 3313 25 17 of
233 3312 98 23 N.S.W.,
342 3314 45 17 and
396 3312 61 19 Lord
475 3314 94 18 Onslow
578 3314 118 19 Governor
704 3316 26 17 of
736 3316 58 18 New
802 3316 107 19 Zealand.

156 3468 23 15 JL
208 3465 25 19 JL
266 3465 53 20 11
339 3467 30 17 V

210 3515 39 32 T
277 3516 44 32 M
350 3516 45 33 U
427 3516 43 33 R
498 3517 45 32 7X
575 3517 45 32 N
652 3517 42 34 C
722 3518 60 34 A.

48 3596 9 14 r
63 3596 8 32 |
76 3596 8 13 ,,
91 3594 46 23 HE
294 3596 16 18 is
320 3597 129 23 pronounced
459 3598 26 23 by
502 3598 26 17 its
539 3597 86 18 Patrons
643 3599 20 17 to
677 3598 25 18 be
718 3598 34 19 the
769 3599 46 20 best
828 3600 54 19 built
897 3601 40 19 and

53 3617 25 21 J-.
119 3622 43 17 best
171 3622 107 18 furnished
289 3621 61 19 Hotel
360 3623 21 18 in
390 3622 35 19 the
435 3623 68 18 North
513 3623 76 19 Is'and.

84 3652 135 26 Private
233 3653 105 25 Suites
346 3654 21 18 of
376 3654 133 24 Apartments
519 3655 32 17 for
562 3654 100 20 Families.

364 3686 102 30 Sample
480 3688 94 23 Rooms
595 3689 31 18 for
641 3690 131 20 Commercial
783 3691 126 21 Gentlemen.

49 3719 90 19 Coaches
148 3725 56 12 iea\e
214 3719 34 19 the
258 3719 62 19 Hotel
328 3720 31 18 for
375 3721 34 18 the
423 3721 66 19 Lalces
509 3729 25 11 on
551 3723 74 18 arrival
640 3724 21 18 of
678 3725 25 17 all
722 3728 103 17 steamers,
855 3726 81 26 Special

158 3744 91 26 Buggies
265 3745 40 18 and
315 3746 74 19 Saddle
398 3746 80 20 Horses
487 3754 37 12 can
541 3748 25 18 be
582 3749 96 19 obtained
694 3751 32 18 for
736 3751 27 19 all
775 3757 56 19 parts

402 3773 22 18 of
434 3773 36 18 the
485 3773 96 25 Country.

51 3805 187 25 First-class
252 3805 121 31 Sailing-
387 3806 62 26 and
462 3807 136 32 Rowing
611 3808 97 27 Boats
720 3811 48 25 for
781 3812 154 26 Pleasure

314 3839 60 24 and
393 3839 134 32 Fishing-
540 3841 132 26 Parties.

52 3878 34 25 Ih
99 3885 16 18 e
148 3879 162 25 Saltwater
339 3879 127 32 Bathing
501 3881 125 25 Pavilion
663 3883 22 25 is
720 3885 99 26 within
846 3886 88 25 three

254 3911 136 26 minutes'
412 3913 75 25 walk
508 3914 33 24 of
556 3914 54 25 the

270 3951 116 25 Telegrams
405 3954 79 18 receive
510 3957 81 23 prompt
610 3957 105 18 attention.

166 4036 99 38 IMI,
339 4036 486 45 KZEIsTE-A-Ij-sr.

346 4088 280 31 PROPRIETOR.

1307 178 232 34 HOTOEUA.

1369 269 101 21 THE

1014 295 391 71 Pfttftce
1441 325 15 18 •
1492 303 335 66 Horet.

1247 373 87 22 (Under
1347 374 58 19 New
1418 376 181 23 Management.)

1003 437 93 19 Situated
1107 438 22 18 in
1138 438 35 19 the
1183 442 52 16 most
1242 441 75 18 central
1334 442 89 24 position
1438 442 22 19 in
1480 443 34 18 the
1532 450 46 11 new
1594 445 107 24 township,
1722 445 91 25 opposite
1829 445 33 19 the

977 463 127 19 Courthouse
1113 465 41 18 and
1164 465 20 19 in
1196 466 51 19 i-lote
1256 467 110 25 proximity
1376 470 20 16 to
1407 468 34 19 the
1452 468 49 19 Post
1511 469 67 23 Office,
1589 470 133 24 Sanatorium,
1744 470 64 20 Baths
1824 471 38 18 and

977 489 93 25 Railway
1084 490 85 19 Station.

1005 524 40 19 The
1056 524 73 19 Hotel
1138 526 115 18 commands
1264 533 12 12 a
1284 527 132 24 magnificent
1425 529 51 18 view
1487 529 21 18 of
1517 529 35 19 the
1562 529 56 19 Lake
1628 531 40 18 and
1677 531 17 18 is
1700 531 107 19 furnished
1815 532 46 18 with

977 556 25 11 an
1012 555 35 19 eye
1057 553 20 16 to
1087 550 35 19 the
1132 551 84 19 comfort
1226 552 21 18 of
1257 552 25 18 its
1292 557 90 20 patrons.

1002 583 43 20 Ihe
1054 585 89 24 position
1153 585 21 19 of
1183 585 35 19 the
1230 586 69 19 House
1315 587 82 19 renders
1414 588 16 19 it
1449 588 113 26 peculiarly
1580 590 86 20 suitable
1684 591 33 19 for
1738 593 124 20 commercial

976 616 46 13 men
1031 611 86 24 visiting
1126 611 34 19 the
1171 614 60 16 town.

1012 655 167 28 BILLIARD
1202 659 112 25 ROOM.
1458 661 146 26 SAMPLE
1628 665 136 32 ROOMS,
1777 666 51 26 <&c.

1143 711 175 32 Telegrams
1334 715 153 32 promptly
1500 717 150 26 attended
1664 720 41 24 to.

977 783 46 45 F.
1050 784 269 53 WATERS,

1606 789 252 51 Manager.

1339 898 93 33 TH
1449 901 42 32 E5

1211 997 201 112 Lakes

977 1202 238 53 Published
1254 1214 140 46 every
1431 1206 237 58 Saturday
1700 1209 125 47 JWorn-

1372 1261 84 56 ing,

1179 1386 112 41 RATES
1315 1388 43 40 OF
1385 1386 273 47 SUBSCRIPTION;

1135 1457 63 18 I>AID
1212 1458 28 17 IN
1252 1459 129 19 ADVANCE.
1570 1463 112 19 BOOKED.

1158 1489 44 23 Six
1214 1490 104 23 Months
1330 1491 27 23 5s
1369 1489 4 30 ;
1612 1496 35 22 6s.

1157 1516 52 22 One
1225 1516 67 23 Year
1302 1517 43 23 10s
1356 1516 4 29 ;
1597 1522 50 23 12s.

1151 1612 334 36 ADVERTISING
1505 1616 175 34 BATES;

998 1665 66 20 Three
1075 1667 100 24 Shillings
1185 1674 36 17 per
1231 1668 44 18 inch
1283 1674 35 18 per
1328 1669 60 24 issue,
1398 1676 28 19 up
1433 1673 21 16 to
1462 1673 11 16 ;5
1481 1671 113 20 insertions.
1611 1673 128 27 Subsequent
1747 1675 112 21 Insertions

972 1691 44 19 half
1024 1696 61 14 rates.
1116 1693 79 24 Special
1206 1697 61 15 terms
1278 1695 32 17 for
1318 1694 72 26 lodger
1402 1696 87 25 ptriods.

997 1745 179 20 Announcements
1186 1746 22 18 of
1218 1745 69 21 Births
1298 1747 40 19 and
1347 1747 78 21 Deaths
1435 1756 35 12 aro
1479 1750 88 22 clinrffod
1583 1753 21 16 2s
1620 1753 55 23 each,
1695 1757 36 15 not
1749 1755 110 20 exceeding

972 1774 24 35 f
1108 1772 102 23 Mnrrinffo
1275 1777 115 17 unoements
1405 1777 28 17 3s.
1462 1776 204 25 FOTE-These
1683 1780 110 24 charees
1816 1789 42 15 are

972 1799 39 21 lor
1021 1799 176 28 Prepayment
1208 1799 71 28 Only-

1078 1889 239 47 JOBBING
1352 1893 396 52 DEPJ}RT<ME.NT.

973 1974 156 33 Invoices,

1022 2008 174 31 Billheads,

1071 2041 103 26 Memo
1188 2043 120 32 Forms,

1121 2075 82 25 Bills
1217 2076 33 25 of
1259 2077 89 30 Fare,

1172 2109 153 26 Business
1350 2112 109 32 Cards,

1221 2142 140 34 Visiting
1383 2147 108 30 Cards,

1302 2177 95 26 Menu
1418 2180 107 31 Cards,

1356 2211 151 33 Luggage
1520 2215 123 32 Labels,

1397 2246 74 24 Ball
1490 2247 236 35 Programmes,

1452 2279 171 31 Circulars,

1522 2313 138 32 Posters,

1572 2347 179 34 Handbills,

1664 2382 196 35 Pamphlets,

1138 2413 65 33 &c.,
1305 2416 66 33 &e.,
1473 2419 29 26 &
1506 2427 15 18 c
1525 2440 14 12 .,
1641 2424 28 24 &
1673 2431 16 17 c
1692 2444 6 5 .

1033 2478 121 47 Done
1190 2487 50 39 at
1276 2483 80 54 the
1379 2486 222 53 Shortest
1623 2490 179 48 .Notice.

1282 2708 572 62 STATIONERY!!

1218 2788 67 46 On
1311 2791 112 47 Sale
1452 2797 53 41 at
1540 2796 85 44 the

1036 2890 432 71 CHRONiete
1503 2897 282 71 ©race.

956 2980 1 39 I
967 2989 64 18 Plain
1040 2990 46 18 and
1096 2991 79 23 Fancy
1184 2992 67 21 Note,
1266 2992 130 25 Envelopes
1405 2995 30 18 all
1444 2996 64 23 sizes,

956 3012 1 31 |
966 3012 125 24 Mourning
1101 3014 73 22 Paper
1183 3015 45 17 and
1238 3015 134 24 Envelopes,
1388 3019 151 19 Commercial
1548 3021 134 22 Stationerv

967 3036 113 23 Foolscap
1090 3037 74 23 Paper
1172 3038 46 17 and
1228 3038 87 19 Official
1324 3040 136 24 Envelopes,
1684 3036 4 28 '

967 3059 114 23 Drawing,
1092 3060 114 23 Exercise,
1215 3061 176 21 Memorandum
1400 3066 46 17 and
1455 3066 109 19 Account
1572 3067 78 19 Books

966 3082 107 22 Ledgers,
1084 3083 116 23 Journals,
1212 3084 50 23 Day
1271 3086 45 18 and
1325 3086 61 19 Cash
1393 3088 78 18 Books
1652 3082 4 25 '

966 3104 79 19 Letter
1054 3106 84 22 Books,
1149 3107 106 23 Brushes,
1266 3108 82 19 Water
1357 3110 80 23 Wells,
1448 3111 47 23 &c.,

965 3128 123 23 Stephen's
1097 3129 105 24 Writing
1210 3131 45 18 and
1265 3132 104 23 Copying
1378 3133 62 23 Inks,

965 3151 105 23 Blotting
1079 3153 79 22 Paper,
1169 3153 110 19 Business
1288 3156 46 17 and
1343 3156 102 24 Visiting
1454 3158 77 22 Cards,

965 3174 55 18 Blue
1030 3174 97 23 Pencils,
1138 3175 62 19 Lead
1209 3177 45 18 and
1264 3178 63 18 Slate
1337 3179 96 24 Pencils,
1444 3182 46 17 and
1499 3182 81 23 Slates,

964 3198 109 22 Marking
1082 3198 50 22 Ink,
1143 3199 66 18 India
1218 3200 92 19 Rubber
1318 3202 83 23 Bands,
1413 3204 60 18 Gum
1482 3205 46 18 and
1538 3206 114 20 Gummed
1661 3208 74 21 Paper

964 3220 102 19 Indexed
1077 3222 66 21 Files,
1158 3222 46 18 and
1213 3223 72 23 Paper
1294 3224 68 24 Clips,

964 3243 133 24 Inkstands,
1108 3245 47 18 and
1164 3245 95 20 Bottles.

996 3344 21 25 A
1038 3345 138 25 CHOICE
1193 3346 206 27 SELECTION
1420 3350 46 24 OF
1483 3350 184 28 BIRTHDAY
1687 3354 129 27 CARDS.

965 3481 343 61 NEWS
1372 3487 472 64 AGENCY.

1024 3588 195 56 English,
1245 3589 202 58 Foreign,
1478 3593 89 45 and
1591 3594 199 49 Colonial

1115 3654 177 55 Papers,
1314 3655 281 56 .Magazines,
1618 3659 86 47 &e.

964 3728 185 43 SYDNEY
1188 3730 235 42 BULLETIN
1463 3734 30 40 &
1531 3734 315 46 CANTERBURY

1210 3789 143 39 TIMES
1381 3790 60 39 ON
1473 3791 127 41 SALE.

1154 3908 91 70 To
1296 3909 347 74 Tourists.

957 4020 193 60 Agency
1173 4024 78 47 fop
1270 4026 217 49 .Martin's
1513 4030 166 55 Photos
1700 4034 55 46 of
1766 4036 81 54 the

1301 4082 209 50 Distriet.

2007 185 267 75 LAKE
2325 186 330 80 HOUSE

1916 299 339 58 Hydropathic
2298 301 162 53 Hotel,
2509 305 234 45 Rotorua.

2170 382 223 33 ESTABLISHED
2415 386 76 32 1881.

1885 442 73 19 Under
1971 442 36 19 the
2016 444 112 24 patronage
2138 442 22 19 of
2169 442 33 19 Sir
2213 442 34 19 IV.
2267 442 88 25 Jervom,
2371 444 49 19 Earl
2437 446 38 18 and
2494 446 101 19 Countess
2614 447 22 19 of
2655 447 119 25 Hopctoun,

2056 468 35 20 the
2103 469 55 18 Hon.
2170 469 87 19 Premier
2266 470 39 18 anJ
2321 470 103 19 Members
2440 472 22 19 of
2472 472 130 21 Parliament.

1911 572 42 18 The
1964 573 62 19 Hotel
2040 573 15 18 is
2065 573 89 19 situated
2165 580 25 11 on
2200 579 26 13 an
2235 573 92 19 elevated
2339 574 88 25 position
2437 582 25 13 on
2474 576 34 20 the
2518 577 69 20 shores
2604 576 21 19 of
2641 577 55 19 Lake
2712 577 50 19 Koro-

1886 604 43 17 ma,
1939 600 122 19 convenient
2071 604 22 14 to
2103 600 26 18 all
2140 599 34 19 the
2185 599 64 24 sights
2260 600 19 18 in
2291 600 35 19 the
2335 600 88 21 district.

1957 651 112 29 Sulphur
2083 651 51 22 and
2147 651 112 23 Mineral
2273 652 82 23 Baths
2370 653 20 18 in
2402 653 35 19 the
2448 654 95 20 Grounds
2555 655 21 19 of
2586 655 35 19 the
2632 655 71 19 llotel.

2016 755 19 19 A
2053 755 106 20 reduction
2176 755 16 19 is
2210 756 57 19 made
2284 759 21 16 to
2316 756 77 25 weekly
2404 764 22 12 or
2436 759 90 25 monthly
2537 759 105 19 boarders.

1885 806 68 19 Guide
1965 807 67 19 Books
2043 807 39 20 and
2091 807 134 20 information
2237 808 62 22 siatis
2310 810 21 17 at
2341 808 56 19 Cook
2414 809 37 19 and
2470 810 57 20 Sons'
2543 811 52 26 (sole
2611 812 81 25 agent*)
2709 811 65 19 offices

2197 834 127 24 throughout
2334 835 35 18 the
2380 835 83 25 Colony.

1884 882 45 45 T.
1953 882 42 47 C.
2018 884 330 52 URQUHJIRT,
2406 912 17 5 -
2476 914 17 5 -
2536 888 237 55 .Manager.

2136 981 386 117 iiiiisggt.

1920 1113 272 66 NOTiee
2227 1115 102 64 TO
2357 1115 381 69 TOURISTS.

2324 1213 10 11 o

1917 1255 63 24 The
2000 1255 216 32 undersigned
2235 1256 28 25 is
2287 1263 72 18 now
2382 1257 140 32 running'
2545 1259 142 31 Buggies
2711 1260 62 25 and

1884 1287 140 26 Coaches
2046 1289 33 24 to
2100 1289 53 24 the
2167 1288 164 32 following
2344 1289 107 32 places
2465 1291 34 24 of
2501 1283 146 34 Interest
2666 1293 34 24 in
2721 1293 52 25 the

1882 1321 241 31 neighborhood
2141 1326 33 21 at
2192 1323 128 31 greatly
2344 1323 137 25 reduced
2506 1326 93 24 rates.
2648 1326 125 31 Special

1883 1354 183 25 reductions
2075 1354 48 25 for
2136 1355 89 31 large
2233 1355 127 32 parties.

1882 1394 317 19 WHAKAREWAREWA
2207 1394 4 24 ;
2248 1395 172 23 WAIRAKEI,
2443 1397 100 19 TAUPO
2560 1398 19 18 &
2597 1398 61 19 THE
2692 1399 58 18 SPA

2023 1418 144 18 TIKITERE
2181 1418 19 18 &
2214 1418 104 19 OKERE
2332 1418 110 23 FALLS;
2456 1420 174 21 WAIOTAPU.

1906 1448 127 19 N.B.—The
2043 1449 102 18 Tikitere
2154 1449 53 23 Trip
2216 1455 44 13 can
2268 1455 54 13 now
2331 1449 28 19 be
2368 1451 116 19 extended
2493 1453 24 17 to
2526 1453 41 17 the
2576 1453 59 19 head
2644 1454 27 18 of
2677 1454 94 22 Rotoiti,

1882 1472 85 17 thence
1981 1473 26 17 to
2021 1472 113 23 Rotoehu,
2152 1472 101 24 opening
2265 1479 32 17 up
2314 1479 66 13 some
2397 1474 26 18 of
2437 1475 40 18 the
2498 1475 115 20 Grandest
2627 1477 102 23 Scenery
2750 1478 23 18 in

1882 1495 59 18 New
1949 1495 105 19 Zealand.

1895 1542 93 27 Special
2000 1545 170 25 Conveyances
2181 1544 45 25 ai?d
2238 1544 87 20 Saddle
2336 1544 33 24 H©
2372 1551 20 12 rs
2395 1551 25 13 es
2432 1549 21 15 to
2465 1545 27 20 all
2504 1550 60 23 parts
2581 1549 23 18 of
2616 1547 39 20 the
2672 1547 86 21 district

2207 1574 22 16 at
2241 1571 115 23 Moderate
2369 1572 78 23 P^atas.

1928 1617 47 18 Bus
1981 1618 78 18 leaves
2067 1619 64 17 Lake
2137 1618 84 23 House,
2231 1619 84 23 calling
2322 1621 25 17 at
2353 1620 32 18 all
2392 1620 82 19 Hotels
2480 1620 45 19 and
2533 1620 116 26 Boarding
2656 1622 93 19 Houses

1904 1640 37 18 for
1949 1641 225 23 Whakarewarewa,
2185 1642 68 18 twice
2261 1643 119 22 forenoon,
2390 1644 69 18 twice
2467 1644 128 19 afternoon.

2186 1676 45 45 J.
2280 1677 321 51 FALLOONA.

2407 1750 301 56 Proprietor.

2033 1825 134 26 STABLES
2193 1825 77 27 NEAR
2296 1827 77 26 LAKE
2393 1828 98 25 HOUSE
2515 1828 103 25 HOTEL.

2138 2272 275 61 IglilisgSlS

1930 3052 453 32 WHOLESALE
2419 3057 297 34 AQE2STTS

1881 3104 60 51 L.
2013 3106 66 53 D.
2152 3109 325 54 NATHAN
2541 3112 50 54 &
2657 3114 99 55 Go.

1918 3200 429 58 WAVERLEY
2432 3206 281 63 HOTEL,

1974 3278 25 21 H
2007 3277 21 19 U
2038 3276 96 22 iltHa.IN
2166 3278 26 21 JD
2200 3278 18 21 J.
2228 3280 141 25 JOiJCUiLX,
2460 3280 202 24 UJBJLufIiJIXJU,

2101 3306 107 19 UNDER
2221 3308 75 19 NEW
2308 3309 226 20 MANAGEMENT.

2089 3352 211 47 JOSEP.H
2334 3354 160 47 MeKJI
2505 3356 40 49 E,

2070 3424 21 19 of
2100 3425 35 18 the
2145 3425 57 19 Lake
2211 3426 72 20 llouso
2298 3427 39 20 and
2352 3428 75 19 Palace
2437 3428 78 22 Hotels,
2527 3429 109 26 Rotorua,)

1948 3455 4 30 ,
2119 3455 50 19 Has
2174 3457 52 23 just
2234 3457 73 19 taken
2318 3463 56 14 over
2383 3459 47 19 this
2439 3458 76 20 Hotel,

1877 3477 123 17 travellers
2009 3477 47 18 will
2065 3478 48 18 find
2122 3485 71 17 every
2201 3480 97 19 Modern
2307 3482 161 18 Convenience
2477 3483 122 19 combined
2605 3485 58 18 with
2670 3485 94 24 Civility

2177 3504 46 17 and
2230 3504 96 24 Prompt
2333 3506 124 18 attention.

1903 3543 5 17 I
1915 3542 26 19 lie
1953 3543 98 20 situation
2061 3546 22 18 of
2098 3546 35 19 the
2148 3547 125 21 Wayerley
2291 3549 83 19 renders
2393 3551 16 17 it
2428 3550 96 25 specially
2543 3552 120 19 convenient
2681 3554 31 18 for
2728 3554 34 20 the

1872 3568 118 26 Travelling
2000 3570 74 20 Public
2084 3572 41 19 and
2143 3572 88 21 Visitors
2247 3579 20 15 to
2284 3575 34 19 tho
2336 3575 46 19 Citv
2396 3576 54 19 from
2466 3576 34 18 the
2516 3576 90 24 Country
2623 3578 27 22 by
2670 3580 54 18 train
2741 3587 22 13 or

1872 3597 92 17 steamer.

1874 3619 102 30 Special
1986 3622 208 30 Arrangements
2205 3627 74 22 made
2290 3627 39 23 for
2340 3627 45 23 the
2400 3629 176 23 convenience
2590 3629 28 23 of
2630 3629 131 27 Families,

2066 3661 200 19 MIGHT
2311 3666 262 15 porter.

1875 3698 175 29 First-class
2066 3702 117 28 Billiard
2200 3705 117 27 Rooms.
2354 3706 101 26 Wines
2469 3708 60 24 and
2545 3708 109 31 Spirits
2668 3710 93 25 ofthe

1952 3733 69 26 best
2037 3735 125 27 Brands.
2207 3738 170 27 Hancock's
2399 3740 83 25 Prize
2496 3740 103 26 XXXX
2614 3742 68 25 Ales

2145 3770 112 33 always
2276 3779 37 18 on
2340 3773 141 31 draught.

2231 2860 179 45 Proprietors
2417 2883 20 7 -
2501 2850 129 42 1881

2197 2918 41 43 *
2261 2908 282 66 DISTILLERS
2581 2913 46 61 0>

2289 2987 168 33 cDmm/f,
2479 2989 142 29 scormj.

1872 3837 50 43 M
1925 3838 17 18 E
1979 3839 76 45 W.
2097 3842 44 43 J.
2176 3844 43 43 N
2220 3845 80 18 APIEE
2301 3859 5 8 '

1872 3899 171 22 BARRISTER
2056 3904 66 18 AND
2140 3906 165 21 SOLICITOR.

1872 3939 147 20 Commissioner
2033 3943 21 17 of
2066 3944 33 17 the
2113 3945 91 22 Supreme
2218 3948 58 17 Court
2287 3950 20 16 of

2066 3967 44 23 Fiji-

1871 3993 87 18 Solicitor
1967 3996 20 16 to
1995 3997 35 16 the
2041 3997 48 17 X.Z.
2105 3999 128 19 Government
2246 4002 60 18 under

1937 4018 39 17 The
1985 4019 98 19 Advances
2092 4022 20 17 to
2118 4022 79 18 Settlers

1870 4047 101 19 Victoria
1977 4049 91 23 Arcade,
2078 4052 112 23 Queen-st,
2200 4055 106 19 Auckland.

1894 4087 71 23 Money
1974 4090 19 16 to
2001 4090 54 17 Lend
2064 4097 23 11 011
2097 4092 85 18 freehold
2197 4096 81 22 security
2286 4098 20 15 at

1870 4110 37 16 low
1924 4112 51 16 rates
1991 4113 21 16 of
2024 4113 84 19 interest.
2138 4115 71 24 Money
2221 4118 84 18 invested

1870 4134 29 16 tor
1909 4134 67 18 clients
1985 4135 38 18 free
2032 4136 20 17 of
2061 4137 75 22 charge.

2334 3838 208 47 Rotorua
2570 3839 192 59 Library

2331 3928 103 47 OPEN
2446 3929 52 19 from
2511 3931 23 17 10
2545 3936 47 13 a.m.
2602 3933 21 16 to
2633 3933 11 16 5
2654 3937 49 19 p.m.
2722 3932 40 19 and

2392 3957 45 16 6.30
2447 3957 21 16 to
2478 3956 284 26 10p.m.Sundaysti]19pm.

2348 3984 164 24 Subscription
2520 3984 4 24 :
2537 3985 42 19 20s
2589 3986 43 18 Per
2640 3986 102 20 Annum.

2355 4013 89 19 Visitors
2459 4020 48 18 tiiaj'
2524 4020 85 19 procure
2623 4015 70 19 Books
2710 4016 51 19 from

2329 4039 35 18 the
2374 4039 88 24 Librarj'
2472 4046 26 12 on
2516 4040 85 25 making
2618 4048 10 12 a
2648 4041 79 26 deposit
2742 4043 21 18 of

2329 4067 35 16 not
2373 4065 42 18 less
2424 4065 50 19 than
2494 4072 29 17 os,
2541 4067 38 17 and
2597 4067 125 26 purchasing
2743 4070 20 17 Is

2329 4096 79 18 coupon
2418 4091 32 18 for
2461 4097 60 19 every
2533 4091 52 19 Four
2595 4092 71 20 books.

2353 4116 44 18 The
2416 4116 87 24 Library
2526 4117 17 19 is
2562 4124 52 18 opon
2636 4119 75 25 during
2728 4120 35 20 tlie

2329 4142 94 24 evening.

2801 175 228 42 HINEMOA
3064 177 152 32 stobi

2801 205 21 9 44
2838 206 9 8 S
2936 206 23 9 111
2978 207 53 9 Via
3064 209 17 8 JLT
3102 209 9 8 A
3134 209 51 12 Vl|
3222 205 3 19 ,

2800 243 168 23 TTTILLIAM
2989 245 109 21 ROGERS
3114 247 71 22 directs
3200 259 10 12 a
3212 256 13 16 u

2818 276 7 9 *
2836 270 9 15 T
2878 270 79 19 tention
2967 273 21 16 to
2996 271 35 19 the
3039 272 106 27 following
3151 275 49 21 lines
3209 280 18 19 of

2821 299 178 42 CHOICE
3047 302 160 47 GOODS.

2799 348 101 24 Bycroft's
2911 349 112 20 Snowdrift
3032 351 52 19 N.Z.
3092 352 62 20 Flour

2799 374 103 24 Sultanas,
2913 374 102 21 Muscatel
3022 377 42 19 and
3072 377 96 22 Valencia
3181 381 45 22 Rai,

2851 401 48 19 sins,
2911 401 40 18 and
2961 401 97 20 Currants

2786 421 1 35 j
2799 426 50 23 Figs
2856 426 41 19 and
2907 426 111 21 Preserved
3029 429 83 25 Ginger,
3124 430 67 26 Spices

2786 452 1 26 I
2797 452 77 19 Lemon
2885 452 40 19 and
2935 452 82 26 Orange
3029 454 49 19 Peel

2855 478 69 19 White
2933 479 115 24 Sugar—A
3063 481 114 26 Speciality.

2800 504 50 19 New
2860 503 92 21 Zealand
2958 505 65 25 Dairy
3029 507 144 22 Association's
3179 511 46 21 But,

2903 533 37 17 ter.

2824 555 61 19 TEA.
2944 556 114 21 COFFEE.
3112 560 91 23 COCOA.

2798 604 88 19 General
2898 605 129 20 Assortment
3044 608 21 18 of
3082 609 145 28 Storekeeper's-

2977 632 74 20 Goods.

2785 670 3 71 |
2859 682 160 43 HINEMOA
3027 670 26 3 _
3048 685 122 44 STORE.

2801 746 137 58 r>7~S.
3182 754 14 30 ;

2905 817 223 27 ARCHITECT,

2878 851 99 27 Building
2991 854 109 26 Surveyor,
3118 857 35 19 &c.

2800 926 71 24 Agent
2890 924 33 19 for
2942 925 35 20 the
3000 927 98 20 National
3123 929 46 21 Fire
3191 934 36 19 and

2891 950 81 22 Marine
2980 953 114 21 Insurance
3105 955 35 20 Co.

2800 1016 49 43 J[
2865 1017 87 20 OKO
2968 1019 12 19 I
2996 1021 17 17 A
3084 1021 48 46 y
3146 1023 82 22 IE?

2952 1071 126 21 PRiVATE

2798 1101 247 35 BOARDING
3061 1103 166 38 HOUSE.

2798 1160 111 28 Opposite
2925 1162 40 20 the
2982 1164 53 19 Post
3046 1165 47 20 and
3104 1168 123 28 Telegraph

2976 1190 79 21 Office.

2797 1218 46 20 And
2865 1226 48 12 near
2933 1219 35 21 the
2988 1221 121 21 Celebrated
3133 1224 94 23 PRIEST

2838 1245 117 20 RACHEL
2971 1249 41 18 and
3025 1249 57 19 ether
3092 1249 98 26 BATiIS,

2942 1272 145 23 ROTORUA.

2797 1323 112 32 TERMS:
2919 1324 43 19 25s
2968 1331 43 17 per
3017 1327 71 23 week,
3100 1329 26 17 5s
3133 1334 41 18 per
3180 1331 42 24 day

2831 1355 116 40 MRS
2990 1356 207 50 YOUNG,

2930 1406 178 22 PROPRIETRESS-

2801 1472 216 48 Rotorua
3037 1477 190 50 Bakery

2995 1605 233 49 H

2809 1673 105 32 BAKER
2926 1675 25 30 &
2962 1676 252 36 CONFEGTSONER.

2848 1752 85 24 Bread
2945 1754 134 25 delivered
3096 1757 78 31 daily.

2848 1821 165 26 GROCERIES,

2991 1859 146 23 DRAPERY,

2986 1897 45 13 AM)

2792 1921 125 20 GENERAL
2923 1924 208 21 STOREKEEPER'S
3138 1928 86 19 GOODS.

2844 1976 42 43 J.
2968 1976 237 54 K.LONDON,

2926 2047 166 23 SOLICITOR,

2790 2081 84 18 Temple
2879 2082 118 23 Chambers,
3003 2084 97 23 Higii-st,
3105 2086 117 19 Auckland.

2788 2127 156 20 N.B.—Attends
2952 2134 82 18 country
3043 2131 68 19 Courts
3119 2132 26 23 by
3156 2135 66 20 special

2787 2153 141 20 arrangement.

2845 2206 315 52 JIDCK.MJMD

2799 2277 176 43 COFFEE
3017 2281 189 44 PALACE.

2838 2349 144 31 QUEEN
3004 2353 166 33 STREET,

2791 2408 64 24 Also
2966 2411 108 30 opposite
3225 2408 3 33 H

2815 2519 50 46 E.
2918 2521 269 58 WATERS,

2884 2600 241 29 PROPRIETOR.

2884 2657 313 39 W.WRIGLEY~^

2807 2732 388 29 architect,

2913 2767 184 19 HOTORUH.

2811 2829 70 24 Agent
2889 2830 32 19 for
2937 2830 36 20 the
2991 2832 64 19 South
3077 2833 78 20 British
3175 2835 44 20 Fire

2784 2855 41 19 and
2836 2855 80 20 Marine
2926 2856 112 21 Insurance
3048 2859 112 27 Company,

2832 2897 375 72 riKinrßßooKr

2785 2977 82 22 BOOT
2882 2978 70 23 AND
2969 2979 82 24 SHOE
3074 2981 144 29 MAKERS,

2844 3017 89 20 Fen-ton-
2948 3019 90 25 Street,
3062 3021 106 22 Rotorua.

2787 3050 44 18 And
2855 3053 22 16 at
2907 3051 83 19 Parnell
3013 3053 41 19 aid
3083 3053 136 21 Newmarket.

2812 3118 67 19 Lar«e
2889 3119 39 19 and
2940 3121 67 19 varied
3024 3121 62 19 Stock
3098 3123 21 18 of
3130 3123 89 25 Knglish,

2787 3144 87 24 Foreign
2886 3146 38 18 and
2937 3147 91 19 Colonial
3041 3149 60 18 Boots
3112 3152 37 16 and
3159 3151 60 18 Shoes

2848 3173 23 16 to
2881 3171 71 20 choose
2965 3174 51 18 from
3027 3177 22 17 at
3060 3175 34 19 the
3105 3178 52 16 must

2829 3210 18 29 M
2915 3215 31 24 IK
2950 3210 51 29 Mil
3007 3215 55 24 *:■
3067 3215 28 24 3:
3097 3215 42 24 JIH
3144 3215 36 24 :M

2879 3250 93 21 FRESH
2989 3253 89 19 {STOCK
3092 3254 36 18 OF

2787 3284 169 23 FOOTBALL
2971 3286 99 24 BOOTS
3081 3288 42 24 just
3137 3290 83 18 arrived.

2788 3324 34 19 All
2838 3326 70 18 orders
2926 3326 38 18 and
2981 3328 76 24 repairs
3074 3330 146 23 expeditiously

2951 3354 104 19 executed.

2787 3384 23 19 S.
2825 3384 25 19 E.
2865 3385 150 24 FORDYCE,
3041 3398 9 3 -
3074 3398 8 3 -
3106 3389 112 23 Manager

2811 3432 33 18 .L.
2851 3433 98 22 Poiister,
2960 3439 44 17 c.e.,
3030 3436 26 17 H.
3067 3436 30 18 W.
3107 3438 112 20 Mitchell,

3041 3472 98 12 ACTHGRISSD
3148 3474 41 11 LAND

2786 3484 80 12 ENOIITEER
2872 3486 70 11 MIDLAND
2948 3486 76 14 RAILWAY.
3045 3490 9 9 <sc
3064 3489 55 11 MINING
3135 3490 86 12 SURVEYOR,

2786 3502 88 16 HaUEAKI
2883 3503 108 18 PhNINcULA.
3029 3505 83 17 KoTOHUa
3121 3506 14 16 &
3144 3507 74 16 i'AKIIUA.

2788 3563 159 42 FORSTER
2975 3566 24 40 &
3033 3566 184 48 MITCHELL,

2813 3622 112 26 MINING
2942 3624 171 28 ENGINEERS
3133 3627 61 25 AND

2914 3657 186 32 SURVEYORS,

2785 3697 120 20 VALUERS
2918 3701 32 17 OF
2959 3702 101 18 MINING
3072 3704 53 17 AND
3135 3704 85 17 OTHER

2918 3723 167 24 PROPERTIES,

2855 3759 107 22 Haukaki,
2980 3762 51 17 New
3046 3763 104 17 Zealand.

2807 3822 96 17 Members
2911 3824 21 16 of
2940 3823 32 17 the
2980 3824 49 17 N.Z.
3039 3825 91 18 Institute
3142 3827 21 17 of
3175 3827 33 17 Sur-

2784 3850 73 17 veyors.

2784 3878 107 19 Address—

2855 3914 118 19 Normandy
2985 3917 65 21 Road,
3062 3918 89 18 Paeroa.

2831 3965 53 19 OIE
2903 3972 65 20 paper
2986 3968 41 18 and
3044 3968 115 25 Envelopes
3176 3970 43 18 ivitli

2866 3992 81 24 printed
2961 3993 91 26 heading
3064 3996 21 16 at
3094 3994 65 26 cheap
3166 3999 53 16 rates

2786 4019 20 15 at
2817 4016 107 20 Chronicle
2939 4019 63 19 oflice.
