2559 4029
1278 46 97 32 THE

100 87 475 132 NEW
677 94 876 140 ZEALAND
1652 110 868 142 GAZETTE

1291 262 98 31 AND

43 293 1179 162 WELLINGTON
1340 293 1180 162 SPECTATOR.

841 482 222 38 PUBLISHED
1109 485 132 39 EVERY
1284 488 257 38 WEDNESDAY
1587 492 207 39 MORNING.

141 588 63 30 No.
227 590 92 37 357.|

679 596 111 30 PORT
811 597 259 40 NICHOLSON,
1086 601 263 33 WEDNESDAY
1374 604 210 38 MORNING,
1606 607 189 33 AUGUST
1819 614 50 34 14,
1899 617 89 27 1844.

2324 620 94 40 [Vol.
2439 623 40 31 V.

173 678 56 21 The
240 678 61 21 first
310 681 90 20 vessel
410 682 42 21 for
461 683 125 21 London.

126 714 75 29 >£3S&^
253 716 44 23 HP
301 716 45 22 HE
360 717 47 22 fine
416 718 43 22 fast
470 719 82 26 sailing
566 719 107 23 schooner

116 739 109 39 jSffigS^v
259 739 29 24 JL
360 745 105 21 LADY
482 747 131 24 LEIGH,

107 767 136 33 EWmSsBJ
265 775 18 14 w
285 768 24 22 *U
331 777 24 14 sa
355 770 17 21 *l
396 772 117 26 positively
532 773 25 21 in
577 774 95 26 August.

92 811 5 8 ■
101 794 142 35 aninE^*
264 794 46 22 For
323 796 83 26 height
422 798 25 21 of
464 798 56 27 light
533 799 78 27 goods,
628 800 44 21 and

88 820 159 26 f^^Sl
262 827 93 21 passage
364 823 69 27 apply
442 827 24 18 to

398 854 83 22 Waitt
498 862 46 15 and
560 856 84 23 Tyser.

111 880 146 29 Wellington,
268 883 55 28 July
332 885 21 26 2,
366 886 63 21 1844.

160 929 153 27 Positively
340 932 46 21 the
412 933 58 21 first
498 936 90 20 vessel

196 960 65 23 FOR
275 963 135 23 LONDON
426 965 124 24 DIRECT.

235 999 92 25 HHHE
339 1000 27 21 A.
379 1002 28 25 1.,
418 1001 34 21 for
463 1003 25 20 12
503 1010 74 21 years,
591 1005 79 27 frigate

293 1053 133 21 BELLA
446 1056 164 28 MARINA,

82 1075 149 37 gpEsgEßSp;
247 1077 101 24 Thomas
358 1081 133 27 Ashbridge,
509 1083 159 28 Commander,

82 1109 145 21 Itaofep
247 1106 96 21 burthen
353 1113 25 14 as
392 1114 41 20 per
445 1109 94 25 register
555 1111 42 20 564
611 1115 55 23 tons,

81 1136 77 19 copper
172 1130 103 22 fastened
292 1132 46 21 and
355 1134 76 26 newly
447 1136 117 25 coppered,
576 1137 52 26 only
639 1144 27 15 on

82 1155 38 21 her
129 1155 57 22 third
198 1163 94 21 voyage,
305 1158 45 22 and
360 1160 19 21 is
390 1167 43 14 one
442 1161 26 21 of
482 1161 38 21 the
529 1162 79 22 fastest
618 1163 49 22 sail-

80 1182 37 26 ing
131 1181 59 28 ships
206 1184 73 21 afloat.
317 1185 52 22 Two
386 1186 69 22 thirds
465 1188 26 20 of
501 1188 40 22 her
552 1196 67 19 cargo
630 1198 36 14 are

82 1208 93 28 actually
186 1210 103 26 engaged
298 1212 45 21 and
353 1219 51 16 now
413 1214 69 27 going
491 1222 30 14 on
531 1215 77 28 board,
622 1217 44 22 and

80 1237 37 19 she
127 1235 42 22 will
179 1240 61 18 meet
249 1237 54 22 with
313 1239 68 26 quick
392 1239 114 28 despatch.
548 1242 44 22 She
607 1243 40 23 has
654 1252 12 14 a

80 1262 38 21 full
128 1269 63 20 poop,
204 1263 54 22 with
267 1269 59 17 most
337 1266 113 22 excellent
461 1269 205 23 accommodations

79 1288 32 21 for
120 1295 12 14 a
141 1288 88 23 limited
243 1292 97 21 number
355 1293 27 21 of
402 1301 138 21 passengers.
580 1297 85 22 Carries

78 1322 26 14 an
114 1316 146 26 experienced
271 1318 106 26 Surgeon.

101 1348 42 21 For
156 1348 84 27 freight
259 1358 25 14 or
301 1359 94 20 passage
416 1354 63 27 early
494 1356 134 26 application
645 1358 19 21 is

77 1375 113 26 requested
205 1380 21 17 to
244 1377 27 21 be
287 1379 67 21 made
369 1383 23 18 to
413 1381 92 27 Captain
525 1382 135 26 Ashbridce,

78 1409 21 13 or
108 1405 22 17 to
626 1400 13 11 °
655 1400 5 11 '

103 1454 24 10 „.
141 1454 22 10 „.
259 1457 11 7 T
287 1457 6 7 ,
392 1433 125 24 RIDGWAYS
532 1443 49 14 AND
595 1436 40 23 Co.

103 1454 139 29 Wellington,
255 1457 55 28 July
320 1459 33 26 16,
367 1461 62 21 1844.

181 1504 54 21 For
249 1506 114 27 Freight
378 1513 31 16 or
425 1508 120 26 Charter,

223 1539 45 24 HP
273 1538 44 22 HE
332 1539 44 22 fine
390 1540 45 22 fast
452 1541 80 28 sailing
552 1543 107 24 schooner

85 1571 115 30 jsMisitiX
385 1569 18 19 O
420 1569 17 19 C
447 1569 22 20 E
481 1570 23 19 A
516 1570 30 21 N.

248 1598 76 28 Apply
334 1603 23 19 to
367 1602 95 26 Captain
476 1603 122 28 Ferguson,
612 1612 25 14 or

74 1648 140 30 *&BS3B&
385 1654 81 23 Waitt
481 1663 47 15 and
543 1657 85 24 Tyser.

98 1682 84 27 August
191 1684 19 25 6,
225 1684 36 21 184
261 1684 24 21 i.

239 1734 45 21 TO
299 1734 183 25 WHALERS.

91 1769 55 25 Boyd
157 1770 70 24 Town,
240 1771 98 25 Twofold
345 1773 55 25 Bay,
413 1775 53 20 New
477 1776 68 21 South
560 1778 74 23 Wales.

73 1800 102 49 SHIPS
193 1809 42 14 can
252 1802 85 22 refiesh
352 1810 25 16 or
389 1805 51 22 refit
455 1810 24 18 at
488 1807 44 23 this
549 1809 106 24 Harbour

131 1831 45 18 free
191 1830 27 19 of
234 1830 31 20 all
282 1830 54 21 Port
355 1831 101 28 charges,
472 1835 107 28 pilotage,
604 1838 48 25 &c,

71 1855 39 19 and
129 1861 38 14 can
185 1855 76 22 obtain
282 1857 70 27 wood,
371 1862 75 23 water,
466 1861 61 22 fresh
547 1863 46 21 and
612 1864 42 22 salt

71 1887 120 19 provisions,
207 1883 136 27 vegetables,
364 1885 50 28 ship
429 1887 130 28 chandlery,
574 1893 77 24 stores,

71 1910 39 17 and
121 1910 56 24 slops
188 1910 24 19 of
225 1917 68 20 every
308 1910 56 22 kind
381 1913 44 21 and
437 1913 146 30 description:
606 1918 46 21 and

70 1941 3 6 ■
103 1935 96 20 rcr-,:r<vl
216 1936 39 21 the
273 1937 96 21 strvifp-
385 1939 27 20 «f
592 1943 59 29 *.Y-y-

72 1972 29 7 «..
104 1976 5 10 t
109 1972 13 5 -.
127 1961 47 20 <.-•'.
176 1969 30 12 mi
218 1970 53 13 com-
287 1963 106 28 uuiiilei-s,
405 1972 59 20 upon
480 1968 37 21 the
528 1972 60 18 Kiost
602 1975 49 16 rea-

69 1988 83 19 sonable
162 1989 75 20 terms;

117 2018 81 22 N.B.—
201 2019 36 22 Oil
248 2028 26 14 or
284 2021 57 22 bone
357 2023 68 22 taken
435 2024 21 21 in
468 2026 125 28 exchange.

93 2049 139 29 Wellington,
245 2052 66 27 April
321 2055 20 25 9,
354 2055 62 22 1844.

70 2104 40 39 IV
117 2103 88 22 OTICE
220 2105 27 22 IS
265 2106 131 24 HEREBY
412 2110 109 29 GIVEN,
543 2113 49 22 that
611 2114 36 22 the

69 2132 36 18 1.1
151 2132 141 28 Parfnerslup
312 2133 126 25 heretofore
457 2139 87 22 carried
564 2146 28 16 on
618 2142 29 24 by

68 2157 51 20 John
147 2158 113 28 itidffway,
296 2160 85 28 Joseph
406 2163 116 30 Ridgway,
549 2167 98 23 Thomas

68 2184 97 27 Rsdgway
195 2185 18 20 V
221 2186 70 22 illiam
313 2188 94 26 Guyton
423 2190 36 22 the
476 2199 109 21 younger,
602 2196 45 21 and

68 2211 77 25 George
165 2211 76 23 Butler
263 2214 65 28 Earp,
350 2219 23 18 at
400 2216 138 29 Wellington
564 2221 25 22 in
609 2223 37 21 the

67 2237 71 26 colony
157 2238 23 21 of
197 2239 57 22 New
273 2240 109 28 Zealand,
400 2244 72 22 under
487 2245 38 23 the
541 2247 62 23 Firm
624 2250 26 21 of

66 2265 113 26 llidgways,
193 2266 99 28 Guyton,
305 2268 46 22 and
361 2270 69 28 Earp,
441 2270 39 23 has
491 2273 44 21 this
553 2278 93 19 twenty-

66 2291 83 20 Beventh
159 2292 41 27 day
211 2294 26 21 of
249 2294 55 28 July
314 2295 93 28 instant,
421 2298 58 22 been
490 2299 119 28 dissolved,
621 2311 24 14 so

67 2325 57 29 «»n*
125 2325 9 13 8
150 2320 29 20 rel
181 2327 12 13 *
195 2322 25 19 test
220 2322 7 19 0s
247 2324 23 18 t0
291 2322 37 22 tlie
345 2324 48 20 said
411 2324 96 24 Thomas
527 2327 110 27 Ridgway

68 2345 28 19 \\i
106 2345 47 21 ham
174 2346 91 28 Guyton
291 2348 38 23 the
352 2357 109 22 younger,
485 2353 46 23 and
557 2355 88 27 George

68 2372 68 20 Butler
154 2372 63 33 Earpj
239 2375 46 22 and
305 2376 49 22 that
371 2377 25 21 in
412 2379 72 22 future
495 2381 37 22 the
543 2382 102 23 business

65 2398 36 20 will
120 2398 24 21 be
163 2401 84 21 carried
258 2409 27 14 on
301 2403 31 27 by
347 2403 39 22 the
397 2405 47 21 said
454 2406 62 23 John
527 2408 115 27 Ridgway,

65 2424 37 21 and
120 2425 80 28 Joseph
219 2428 119 29 Ridgway,
358 2431 47 21 and
423 2432 97 24 William
534 2435 99 24 Hicksoi.

66 2454 38 17 and
126 2454 87 21 ihomas
233 2455 61 22 John
316 2457 117 27 Lowndes,
458 2464 23 18 at
505 2462 137 27 Wellington

64 2477 105 29 aforesaid,
181 2482 71 21 under
262 2483 38 22 the
311 2484 60 22 Firm
390 2486 26 21 of
427 2486 127 28 Ridgways,
572 2491 71 22 Hick-

66 2511 32 14 son
108 2506 41 21 and
160 2508 37 21 Co.
234 2510 60 21 That
304 2511 30 21 all
345 2512 73 22 Debts
431 2515 73 26 owing
513 2518 23 20 to
547 2509 95 31 theTaid

259 2544 37 14 are
307 2541 23 18 to
340 2538 27 22 be
378 2539 104 23 received
492 2543 30 26 by
539 2543 39 22 the
594 2546 47 21 said

67 2562 84 19 niniam
161 2562 111 28 Hickson,
284 2564 74 22 whose
368 2567 86 27 receipt
465 2569 53 27 only
529 2571 45 21 will
585 2571 27 22 be
629 2580 13 14 a

62 2588 99 20 sulncient
170 2588 116 30 discharge
296 2592 36 21 for
341 2592 38 22 the
390 2600 61 16 same
460 2602 6 20 ;
483 2597 46 21 and
543 2597 51 23 that
612 2599 30 22 all

62 2618 78 19 persons
158 2618 22 18 to
200 2616 74 23 whom
294 2618 38 22 the
352 2619 48 22 said
425 2621 44 22 late
493 2623 148 28 Partnership

63 2642 186 28 standsmdebted,
263 2652 36 15 are
310 2647 123 26 requested
445 2648 155 29 immediately
618 2656 22 19 to

63 2668 47 19 send
131 2674 22 15 in
172 2669 57 23 their
247 2675 108 19 accounts
375 2677 24 18 to
418 2674 38 22 the
474 2677 50 22 said
542 2678 99 24 William

63 2696 97 26 rtickson,
170 2703 23 15 m
204 2698 67 22 order
288 2699 50 22 that
354 2699 38 23 the
409 2708 60 16 same
485 2711 54 19 may
553 2705 30 22 be
602 2713 40 15 ex-

62 2721 79 21 amined
151 2723 41 22 and
202 2724 61 27 paid.
303 2727 33 21 As
355 2727 91 23 witness
456 2737 41 15 our
506 2731 80 29 hands,
597 2734 45 22 this

63 2751 105 46 hST
162 2784 12 14 a
170 2757 20 42 ;
185 2758 10 14 ce
193 2778 13 21 d
198 2758 13 14 n
214 2751 111 56 Srfe
318 2754 12 21 f
327 2788 12 14 r
336 2753 62 35 JU^
411 2762 14 15 °
426 2763 27 15 De
463 2757 22 22 th
487 2765 13 14 °
502 2760 72 21 UBand
582 2760 60 27 dght

107 2806 60 24 John
181 2809 122 30 Ridgway,
398 2816 12 17 1

106 2833 83 25 Joseph
204 2837 123 29 Ridgway,
404 2833 5 28 I
475 2844 36 28 By
541 2845 59 23 their

107 2862 90 23 Thomas
211 2865 123 28 Ridgway,
403 2866 13 34 f
477 2871 110 29 Attorney

106 2890 92 22 George
209 2891 97 24 Butler
316 2894 72 23 Earp.
393 2890 14 31 J
421 2896 97 24 William
528 2899 111 24 Hickson.

81 2920 90 25 Witness
180 2924 62 23 John
253 2927 70 28 King,
335 2929 107 29 solicitor,
453 2932 148 28 Wellington,

59 2971 72 29 tington
256 2954 50 22 Har
306 2962 100 23 greaves,
419 2959 139 29 Bookeeper,
578 2962 60 22 Wel-

80 3009 135 32 Wellington,
227 3014 56 29 July
291 3018 34 26 30,
339 3019 61 22 1844.

59 3058 132 27 \rOTICE
206 3064 28 22 IS
251 3065 132 26 HEREBY
400 3070 109 28 GIVEN,
525 3072 52 22 that
599 3073 37 21 the

58 3100 44 27 Zni
118 3113 10 14 a
173 3096 18 31 l
185 3097 12 14 e
214 3098 13 14 o
228 3091 12 21 f
252 3091 133 26 dissolution
401 3096 27 22 of
438 3096 37 23 the
492 3100 143 27 partnership

57 3117 60 38 E
178 3116 29 27 by
214 3118 62 23 John
289 3119 117 31 Ridgway,
418 3111 80 41 Joseph
498 3133 4 14 l
513 3126 120 28 Ridgway,

57 3136 67 49 fc
137 3141 32 44 l?
169 3143 88 30 ldgWay
252 3162 12 23 i
271 3146 44 22 Wil
317 3147 15 38 L
325 3148 46 23 iam
378 3136 107 42 Guytonf
489 3153 45 21 and
543 3136 89 45 George

57 3167 67 38 fuller
136 3168 64 29 Earp,
217 3173 74 22 under
308 3174 39 22 the
362 3176 52 23 firm
435 3178 24 21 of

57 3190 15 44 ??
63 3224 9 10 a
73 3199 52 35 5n
122 3201 20 20 n>
154 3202 12 16 a
160 3225 7 9 .
167 3197 30 22 nd
207 3199 19 35 ?
228 3200 63 34 al^'"
303 3202 119 25 P«bUshed
431 3204 22 22 in
464 3204 37 23 the
511 3190 54 37 JV^
582 3197 51 33 z^

56 3217 8 20 l
63 3220 35 19 ™d
108 3221 81 24 Gazette
198 3226 27 21 of
235 3226 39 22 the
285 3227 129 29 thirty-first
425 3230 42 28 day
477 3232 26 21 of
514 3233 64 28 July,
588 3242 45 15 was

56 3246 83 47 fiit
133 3256 10 14 ce
148 3277 19 16 r
169 3251 28 22 Wi
198 3251 39 42 ?°
238 3256 26 19 Ut
273 3253 39 22 the
338 3262 14 15 n
355 3263 14 30 ?
369 3256 58 23 wled
428 3265 14 19 «
444 3265 10 15 e
463 3266 24 14 or
498 3241 138 43 sanct^of

55 3276 38 38 Si
108 3282 33 32 T
148 3277 36 23 Gu
185 3286 14 20 y
200 3282 38 19 ton
241 3295 6 12 »
259 3287 42 15 one
310 3281 26 22 of
346 3282 39 22 the
396 3284 49 22 said
453 3288 103 24 partners
563 3295 6 14 :
588 3289 44 22 and

55 3304 39 16 wat
102 3304 27 20 all
143 3312 91 19 persons
243 3314 86 21 paying
343 3316 46 20 any
400 3310 63 23 debts
479 3312 43 23 due
532 3317 25 19 to
572 3313 56 25 sucli

55 3336 70 35 G»vtn°
134 3338 26 14 ™
162 3339 15 20 y
171 3360 5 4 -
186 3333 67 38 ftow
259 3341 30 25 P?
290 3341 22 15 M
315 3342 27 15 on
357 3337 55 22 than
423 3338 38 22 the
470 3340 49 22 said
529 3341 101 24 William

54 3357 86 37 ,7^*™,
150 3359 92 23 without
259 3361 35 22 his
305 3369 91 21 express
411 3365 119 29 authority,
542 3369 46 22 will
602 3370 28 22 do

52 3384 49 38 nJf
130 3392 34 30 *l
172 3393 49 16 own
231 3387 46 22 risk
278 3404 6 11 '
294 3395 30 16 no
331 3397 15 24 P
348 3397 64 16 erson
422 3391 51 23 hayi
475 3401 30 19 »g
515 3394 58 24 been
585 3404 45 15 em-

52 3412 42 42 CC
94 3414 10 14 6
106 3437 24 17 nf
139 3412 26 42 ♦J
166 3420 15 20 y
189 3413 16 41 slm5
207 3421 31 15 lm
248 3418 23 19 t0
280 3422 25 15 re
303 3423 15 31 s
320 3424 12 14 e
332 3418 13 36 i
341 3424 28 15 ve
379 3424 14 30 ?
393 3425 33 21 ny
436 3426 12 15 a
447 3446 7 8 ,
449 3427 38 15 cco
551 3430 30 15 on
592 3423 38 23 be-

52 3437 79 44 b!tn?f
139 3441 23 19 to
160 3441 96 40 Ste
273 3442 44 23 and
332 3444 96 28 further,
438 3446 49 22 that
502 3455 29 15 no
548 3456 81 21 person

51 3463 82 44 SSifit
147 3493 15 14 »i
166 3466 14 22 d
191 3467 26 40 ?llllai??
218 3468 57 23 llllai
275 3477 16 30 ?
302 3497 7 10 .
308 3470 37 37 G^
345 3478 15 20 y
358 3475 11 32 i
371 3479 29 14 on
418 3473 39 21 has
474 3478 38 18 aut
513 3475 77 29 bonty
605 3481 23 19 to

50 3491 72 45 £/°
131 3518 39 16 w6w
172 3501 12 14 6
264 3504 13 14 °
278 3496 12 23 f
472 3501 100 30 Guyton,
585 3505 43 22 and

50 3519 62 38 Wi.
146 3523 24 18 Ut
179 3528 28 29 °?
209 3521 24 28 ly
240 3522 37 23 for
285 3523 65 24 those
365 3527 114 23 members
489 3529 27 21 of
527 3529 40 23 the
578 3530 50 24 firm

159 3548 53 21 such
222 3556 81 20 person
314 3552 19 22 is
342 3554 107 27 specially
461 3555 137 25 authorised.

70 3576 68 23 Uated
148 3578 42 23 this
200 3579 49 24 first
259 3581 44 29 day
313 3584 26 22 of
345 3585 97 28 August,
454 3588 62 22 1844.

49 3627 91 43 gtness,
151 3636 124 26 R-Davies
290 3641 100 24 Hanson.
441 3618 28 22 W
488 3619 103 25 GuYTOW
593 3637 6 6 -

131 3685 29 22 IC
160 3686 20 22 E
194 3688 29 22 IS
244 3689 130 26 HEREBY
397 3695 109 29 GIVEN,
526 3696 52 25 that
595 3699 30 23 all

209 3722 15 15 11
239 3716 23 22 N
264 3724 12 33 f
278 3724 19 15 w
313 3718 53 24 Zeal
368 3728 16 29 ?
383 3721 32 23 nd
430 3713 107 33 indeb^d
552 3728 24 19 to
587 3726 36 22 the

46 3738 117 45 S«btaSSf
172 3740 39 43 ?'p
208 3749 13 15 a
215 3769 6 5 -
222 3749 10 15 r
234 3750 17 33 !
264 3747 61 36 to^^
317 3752 29 21 ay
357 3773 6 5 -
360 3747 40 22 the
416 3754 92 19 amount
523 3752 28 21 of
565 3752 59 23 their

45 3766 127 43 Wbton^
399 3775 103 30 Hanson,
510 3779 111 29 Solicitor,

45 3790 158 49 Seceiv?^
203 3803 15 19 7
219 3812 6 11 '
237 3796 34 22 Wh
274 3804 13 15 °
296 3797 42 24 haS
347 3800 39 39 F
387 3801 8 21 l
404 3809 84 20 powera
528 3810 69 18 re6ov
599 3815 24 14 «

44 3821 91 38 XL^f
160 3827 11 15 c
207 3830 11 14 c
233 3830 49 16 Bam
277 3851 5 8 ,
284 3832 11 14 e
293 3840 10 16 .»
315 3826 48 22 and
376 3830 24 19 t0
416 3835 30 16 no
461 3831 64 23 other
539 3840 82 19 person

44 3842 109 26 Whatever.
180 3848 76 25 Dated
266 3851 45 23 this
320 3853 56 23 23rd
393 3855 45 27 day
447 3857 26 22 of
559 3861 61 22 1844.

66 3911 92 28 wUmu,
169 3912 100 31 Rumaey
280 3917 94 25 ForiUr.

945 691 108 21 Notice.

705 723 31 47 I
760 722 49 22 AM
834 722 98 23 directed
950 724 30 27 by
998 724 37 23 the
1056 726 117 23 Governor
1189 730 24 19 to
1228 729 55 22 maki

763 748 81 22 known
861 753 21 17 to
900 750 38 21 the
955 751 110 22 residents
1081 752 23 21 in
1124 752 37 23 the
1180 754 103 23 Southen

705 773 104 23 Division
823 776 26 20 of
860 775 55 23 New
931 776 106 28 Zealand,
1059 777 48 22 that
1121 779 77 23 letters
1209 788 28 15 on
1255 782 28 21 thi

707 799 78 23 Public
802 801 88 22 Service
907 802 81 22 should
1005 804 28 21 be
1046 804 118 23 addressed
1182 810 22 18 to

707 826 79 22 Honor
804 827 37 22 the
866 829 189 26 Superintendent
1074 832 26 20 of
1121 832 36 22 the
1182 834 100 22 Southen

849 855 44 21 and
903 858 42 18 not
954 858 23 18 to
987 855 35 23 his
1034 857 121 29 Secretary.

1027 883 34 28 By
1071 886 123 26 command,

787 907 101 26 (Signed)
1098 912 28 21 A.
1144 913 117 29 Sinclair,

1044 936 103 23 Colonial
1167 940 114 28 Secretary

941 987 108 21 Notice.

701 1017 148 47 NOTICE
872 1019 27 22 IS
921 1019 129 23 HEREBY
1072 1022 99 23 GIVEN
1190 1025 51 22 that
1259 1033 23 15 or

784 1045 43 20 and
844 1045 56 21 after
917 1046 37 21 the
971 1046 104 23 fifteenth
1091 1049 42 27 day
1149 1051 26 20 of
1190 1052 89 26 August

700 1074 61 21 next,
774 1078 13 13 a
797 1070 79 27 charge
887 1072 27 21 of
926 1074 137 26 twenty-five
1080 1075 101 29 shillings
1190 1085 38 19 per
1244 1079 37 22 trit

700 1096 45 20 will
761 1097 26 21 be
807 1097 63 21 :«adc
887 1098 34 22 for
938 1099 56 22 each
1011 1100 27 21 of
1056 1100 37 23 the
1114 1102 55 23 New
1188 1105 93 22 Zealanc

700 1123 135 26 Company's
842 1123 59 28 large
908 1125 69 27 boats,
990 1127 118 27 employed
1117 1129 22 22 in
1148 1130 133 27 discharging

700 1155 26 13 or
733 1149 89 27 loading
828 1151 80 22 vessels
919 1152 23 21 in
954 1152 36 23 the
1001 1154 55 21 Port
1064 1154 25 21 of
1095 1152 55 26 New
1159 1157 122 28 Plymouth,

702 1177 45 19 lhe
769 1177 61 21 boats
849 1178 45 21 will
915 1186 63 20 carry
993 1180 70 22 about
1084 1182 42 21 five
1147 1185 48 21 tons
1218 1185 63 27 each;

697 1208 31 14 an
753 1203 147 26 experienced
923 1208 124 20 steersman
1072 1208 45 21 and
1140 1217 12 14 a
1175 1212 106 22 sufficienl

698 1234 59 16 crew
772 1229 44 21 will
832 1230 26 22 be
873 1232 115 27 provided,
1000 1233 41 22 but
1057 1234 36 21 the
1112 1236 115 29 Company
1242 1239 33 21 wil
1277 1239 4 8 :

696 1261 24 14 m
730 1262 29 14 no
774 1263 49 15 case
834 1257 27 21 be
876 1259 137 22 answerable
1023 1260 35 21 for
1074 1268 43 20 any
1126 1262 92 28 damage
1235 1265 46 22 that

696 1288 55 19 may
760 1289 79 15 accrue
849 1287 23 18 to
883 1292 66 19 cargo
961 1292 23 15 or
995 1286 106 28 baggage.

724 1307 54 23 This
793 1310 72 22 notice
882 1311 53 21 does
951 1316 39 17 not
1003 1314 67 26 apply
1088 1318 21 18 to
1124 1317 81 22 vessels
1220 1318 60 22 char-

696 1337 64 19 tered
774 1337 30 24 by
821 1337 36 21 the
874 1337 57 22 New
941 1339 101 22 Zealand
1060 1341 123 29 Company,
1195 1352 24 14 or
1235 1345 45 21 des-

695 1363 98 24 patched
808 1363 57 21 from
881 1364 102 27 England
997 1366 73 23 under
1086 1368 28 22 its
1123 1371 102 22 sanction
1239 1379 41 14 ana
1275 1372 5 7 1

694 1391 136 22 regulations
836 1397 5 18 ;
861 1391 36 20 the
907 1398 132 21 passengers
1049 1395 44 21 and
1110 1403 64 20 cargo
1185 1399 26 20 of
1228 1398 51 22 such

694 1416 85 20 vessels
794 1416 43 21 will
855 1416 27 22 be
898 1417 82 22 landed
1001 1427 24 14 as
1041 1424 24 18 at
1082 1426 91 22 present
1192 1425 87 21 without

694 1440 88 27 charge.

694 1492 21 13 XT
769 1494 17 11 rj
813 1494 6 11 ■,
857 1496 8 6 -,
885 1497 15 5 ~
1039 1473 22 22 1'
1078 1474 147 30 WICKSTEED,

694 1497 56 18 JNew
767 1497 99 21 Zealand
883 1497 134 29 Company's
1029 1500 109 24 Resident
1154 1504 78 26 Agent
1248 1505 31 21 for

891 1524 57 22 New
959 1526 127 26 Plymouth.

720 1549 56 20 ■New
787 1548 126 29 Plymouth,
925 1551 54 28 July
990 1555 33 25 20,
1041 1555 60 22 1844.

858 1602 90 27 High
976 1605 140 22 School.

896 1636 111 21 T/torndon
1017 1638 60 21 Flat.

689 1666 123 48 WILL
842 1668 40 22 BE
912 1669 41 23 RE
959 1671 134 23 -OPENED
1125 1681 29 14 on
1179 1675 99 28 Monday

772 1697 60 24 next,
845 1695 89 28 August
945 1699 31 24 19,
988 1697 30 28 by
1030 1699 24 21 C.
1067 1699 141 25 Hinchcliffe.

717 1720 83 26 Hours,
811 1721 57 22 from
880 1725 26 19 10
916 1723 34 21 till
961 1725 33 25 12,
1006 1725 45 22 and
1063 1727 58 22 from
1130 1729 14 20 2
1154 1728 34 22 till
1202 1730 21 21 4.

715 1747 84 25 lerms,
811 1747 48 27 &c,
870 1751 44 26 mh_
933 1751 28 21 '>c
969 1751 84 23 known
1067 1760 28 15 on
1106 1755 135 27 application
1255 1760 22 18 at

689 1775 38 18 the
738 1775 153 23 acnool-room

715 1800 83 22 Should
816 1802 92 24 suffic-ii-:
918 1802 46 34 i£-
1001 1805 38 22 brr
1056 1807 60 27 offer,
1135 1815 29 15 an
1181 1810 95 26 evening

686 1829 57 18 class
760 1829 45 20 will
821 1829 26 21 be
864 1832 138 25 ope.^cTTur
1020 1833 38 22 ihe
1074 1834 78 27 higher
1168 1836 108 23 branches

686 1859 22 14 oi
724 1855 123 22 education.

750 1881 87 21 Private
849 1885 78 20 tuition
937 1887 24 19 in
964 1886 99 25 families
1073 1888 23 25 if
1105 1890 103 25 required.

712 1911 143 31 Wellington,
867 1916 91 28 August
969 1920 33 25 13,
1015 1920 61 21 1844.

874 1979 30 14 VY.
922 1963 159 38 IVi.'LiVlTjl'i*,

681 2001 59 16 LATK
751 2003 238 19 SURVEYOR-GENERAL
1001 2008 28 14 TO
1041 2009 47 15 THE
1103 2010 50 14 NEW
1169 2012 103 15 ZEALAND

919 2034 116 20 COMPANY,

708 2050 143 26 Surveyor,
867 2052 214 28 Draughtsman,
1097 2057 55 21 and
1166 2058 78 22 Land

679 2101 26 5 „.
926 2081 102 26 Agent.

679 2102 179 29 Tmakori-road,
869 2105 101 29 January
982 2109 22 25 4,
1018 2109 62 22 1843.

878 2157 79 21 Land
969 2160 28 19 to
1011 2160 59 21 Let.

682 2184 168 36 QECTIONS
867 2188 63 22 No's.
947 2191 27 20 24
983 2191 45 21 and
1038 2192 27 20 25
1081 2192 22 22 in
1117 2193 75 27 OWro,
1211 2201 59 15 com-

680 2214 34 19 kJ
745 2213 76 27 monly
832 2214 73 22 called
916 2215 83 29 Happy
1015 2217 90 28 Valley.

705 2238 89 23 Section
805 2240 42 22 No.
859 2243 26 20 23
894 2242 24 22 in
929 2243 38 22 the
977 2244 98 23 Makara
1087 2246 86 29 Valley.

707 2266 71 21 These
789 2267 100 23 Sections
899 2269 45 23 will
954 2271 27 21 be
992 2275 40 18 cut
1041 2279 30 20 up
1080 2273 48 22 into
1140 2274 43 21 lots
1194 2278 22 19 to
1226 2276 43 21 suit

677 2294 96 20 settlers.
801 2294 43 22 For
853 2295 64 28 plans
927 2297 44 23 and
980 2299 134 27 particulars
1123 2301 67 27 apply
1200 2306 22 18 to

1004 2330 36 22 W.
1057 2332 33 21 M.
1107 2333 83 27 Smith,

1121 2360 118 28 Surveyor.

677 2383 83 23 Offices
770 2384 23 23 in
805 2388 86 26 cottage
901 2388 69 28 lately
981 2390 109 27 occupied
1100 2391 30 28 by
1141 2392 45 22 Mr.
1198 2393 69 22 Waitt

703 2436 29 9 _„
746 2437 6 8 ,
873 2415 108 22 Tinakori
995 2417 72 22 Road.

704 2437 143 30 Wellington,
861 2441 54 28 July
925 2443 34 26 15,
971 2444 63 22 1844.

914 2489 40 20 To
969 2489 59 21 Let.
1235 2485 29 5 ~~

674 2518 52 47 A
741 2518 93 22 TOWN
849 2519 91 28 ACRE,
952 2522 45 22 No.
1007 2524 49 27 644,
1070 2531 27 15 on
1113 2524 37 23 the
1161 2525 105 23 Tinakori

755 2548 72 22 Koadj
838 2548 100 21 between
948 2549 38 21 the
997 2557 52 15 acre
1065 2558 59 21 upon
1135 2552 73 22 which
1226 2561 38 20 my

673 2572 70 21 house
753 2579 19 14 is
787 2573 96 22 situated
894 2575 46 22 and
956 2576 46 22 Mr.
1015 2577 93 24 Levin's
1123 2579 78 27 house,
1220 2581 46 21 and

673 2604 30 15 on
714 2598 38 22 the
762 2606 59 15 same
832 2600 46 23 side
889 2602 26 21 of
927 2602 39 22 the
982 2604 64 22 road.

887 2628 35 22 W.
940 2630 33 22 M.
989 2631 86 23 Smith.
1091 2633 118 28 Surveyor,

701 2678 26 11 „,
744 2678 23 11 „.
860 2682 10 7 x
887 2682 6 7 ,
1041 2659 109 23 Tinakori
1164 2661 73 22 Road.

704 2678 140 30 Wellington,
856 2682 54 27 July
920 2684 34 26 15,
967 2686 61 21 1844.

673 2713 18 3 ~
912 2727 40 21 To
968 2728 59 21 Let.
1260 2725 4 4 '

674 2754 126 49 OkNthe
816 2756 131 25 Manawatu
963 2760 75 28 River,
1057 2765 95 25 country
1169 2763 97 24 sections

716 2783 60 20 'No
785 2790 16 14 s.
818 2784 25 21 13
860 2785 44 22 and
915 2787 33 27 16,
966 2786 83 23 known
1060 2788 30 28 by
1105 2790 38 22 the
1158 2797 67 16 name
1243 2791 25 23 of

675 2810 29 20 ie
715 2810 63 21 Kare
789 2810 69 23 Kare.
887 2812 45 22 For
941 2814 133 26 particulars
1084 2816 66 29 apply
1160 2821 23 18 to

896 2843 37 23 W.
947 2845 33 21 M.
995 2847 84 23 Smith.
1091 2849 118 28 Surveyor,

1046 2875 108 23 Tinakori
1164 2877 72 23 Road.

699 2899 147 29 Wellington,
859 2901 54 28 July
924 2904 33 26 15,
970 2906 62 21 1844.

720 2948 70 23 AND
806 2952 21 20 to
837 2950 28 22 be
875 2951 44 22 Let
937 2960 30 14 on
976 2953 110 29 Building
1094 2957 90 27 Leases,
1196 2958 22 22 in
1233 2958 31 23 all

697 2976 21 21 J
747 2979 61 24 parts
819 2977 25 21 of
851 2977 38 23 the
899 2979 70 22 Town
978 2981 27 21 of
1011 2981 148 29 Wellington.

696 3002 46 22 For
750 3004 138 28 particulars,
900 3006 68 28 apply
977 3011 25 18 at
1010 3007 39 24 the
1060 3009 76 23 offices
1147 3011 26 22 of

861 3038 99 25 George
974 3041 98 23 Samuel
1086 3043 78 24 Evans
1180 3046 45 23 and

861 3066 63 23 Joah
938 3067 78 23 Bates
1032 3069 151 31 Wakefield,

973 3096 120 28 Solicitors,

693 3143 56 28 July
760 3146 33 26 10,
804 3147 61 22 1844.
1037 3124 94 23 Lambto
1133 3132 15 16 n
1158 3127 22 24 Q
1180 3134 45 22 uay
1226 3144 6 6 .

843 3198 79 21 Land
936 3201 30 20 to
982 3202 97 21 Lease.

665 3226 124 49 TOWN
804 3235 46 16 and
865 3230 151 24 COUNTRY
1031 3233 106 25 LANDS
1147 3236 41 22 TO
1198 3237 60 24 LET

741 3261 30 15 on
781 3255 169 29 advantageous
959 3262 71 20 terms
1039 3261 24 21 in
1074 3261 30 23 all
1114 3266 61 24 part
1174 3266 16 24 3
1187 3265 26 21 of
1220 3264 37 23 the

664 3282 118 26 Company
791 3289 9 15 s
810 3283 147 24 settlements.

656 3327 2 4 ■
689 3333 58 12 mil
752 3335 5 4 .
792 3339 7 6 A
858 3338 3 1 .
898 3312 118 24 Clifford
1032 3321 47 16 and
1093 3316 135 25 Vavasour.

689 3333 146 31 Wellington,
847 3338 66 27 April
921 3341 36 26 24,
969 3341 63 22 1844.

813 3388 39 21 To
867 3389 33 21 be
916 3390 52 21 Let
981 3397 32 15 or
1028 3392 75 27 Sold,

661 3418 51 50 A
724 3419 88 24 GOOD
821 3422 134 23 substantial
962 3425 211 26 weather-boarded
1183 3430 71 26 Store,

727 3448 96 22 situated
832 3449 24 22 in
867 3450 37 22 the
915 3458 70 21 upper
995 3456 52 23 part
1060 3454 26 22 of
1094 3455 160 24 Willis-street.

663 3476 45 19 Abe
719 3480 62 16 same
790 3482 51 21 may
852 3477 28 22 be
891 3485 56 21 very
958 3480 72 28 easily
1039 3483 122 22 converted
1177 3484 50 22 into
1242 3492 13 14 a

661 3501 195 26 dwelling-house.
884 3504 45 23 For
944 3507 141 29 particulars,
1101 3510 68 28 apply
1178 3515 24 18 at
1216 3511 39 23 the

660 3527 76 21 Stores
745 3528 28 21 of
778 3528 75 24 Levin
867 3531 22 22 &
902 3532 49 28 Co.,
963 3532 115 25 Lambton
1089 3536 73 29 Quay.

811 3578 39 21 To
865 3579 33 21 be
914 3581 67 22 Sold
997 3588 32 16 or
1042 3585 61 26 Let,

673 3608 23 27 A
726 3609 87 23 NEAT
827 3611 147 26 COTTAGE
988 3616 49 23 and
1052 3625 15 15 a
1082 3623 91 24 quarter
1186 3621 27 23 of
1223 3629 30 15 an

659 3636 51 20 XX
767 3644 50 15 acre
841 3639 26 21 of
886 3640 55 23 land
964 3642 130 30 (freehold),
1126 3647 126 26 pleasantly

658 3662 97 23 situated
764 3670 24 15 m
800 3665 120 24 Guildford
938 3668 104 30 Terrace,
1056 3672 50 22 Hill
1116 3656 86 46 Street?
1206 3675 22 23 la
1230 3680 21 18 te

657 3694 23 16 in
691 3689 39 22 the
740 3694 129 25 occupation
880 3694 27 21 of
914 3694 38 23 the
962 3696 58 23 Rev.
1032 3698 22 22 J.
1066 3699 106 25 Duncan.

816 3727 78 24 Terms
903 3737 54 22 very
968 3732 123 25 moderate.

685 3757 46 22 For
738 3760 137 30 particulars,
887 3764 67 28 apply
965 3769 21 19 to

758 3793 44 22 Mr.
814 3794 21 23 J.
847 3796 123 30 Edwards,
986 3800 142 25 Hawkarone
1139 3804 80 23 Street.

683 3825 90 28 August
781 3829 20 25 6,
814 3829 61 24 1844.

652 3875 96 49 JUST
763 3877 133 31 OPENED,
902 3882 46 22 and
959 3890 30 15 on
1000 3884 51 22 Sale
1061 3889 25 18 at
1094 3886 39 22 the
1143 3887 72 24 Office
1225 3889 27 23 of

684 3928 14 10 
717 3905 45 21 tJu*
771 3905 79 26 Pap«r.
861 3913 39 16 mk
912 3912 51 19 stan
971 3910 26 22 da
1006 3914 25 19 ol
1039 3918 91 18 yawoui
1142 3920 57 18 sizm

835 3934 77 28 Office,
924 3935 129 25 December
1063 3938 19 28 7,
1094 3941 61 25 1843.

1305 689 7 41 I
1337 694 69 22 New
1423 697 150 25 Plymouth
1583 700 139 22 Guardian
1733 703 54 20 and
1811 704 90 21 Cook'!

1305 720 6 30 \
1495 725 97 21 Straits

1321 751 51 49 IT
1385 753 20 21 is
1419 760 150 23 unnecessary
1585 761 23 18 to
1623 759 124 23 undertake
1766 760 37 22 the
1818 762 49 22 task
1886 771 13 15 o

1378 786 93 21 proving
1483 784 22 18 to
1516 782 38 22 the
1564 784 86 23 settlers
1667 786 26 21 of
1704 786 55 23 New
1779 788 119 26 Plymouth

1322 807 37 19 the
1375 807 65 21 value
1451 807 25 21 of
1486 814 14 14 a
1515 808 60 22 local
1589 817 136 22 newspaper.
1756 813 62 23 Most
1827 816 26 20 of
1863 823 38 18 yoi

1319 838 24 14 in
1353 833 39 20 the
1402 833 202 30 Mother-country,
1623 845 56 14 were
1696 840 113 23 possessed
1824 842 25 21 of
1869 842 32 22 the

1312 860 139 25 ladvantage,
1464 860 45 22 and
1519 861 38 22 the
1566 863 76 26 period
1651 864 26 21 of
1690 866 139 26 deprivation
1846 873 55 18 musl

1321 887 56 18 Have
1387 887 65 19 made
1463 887 31 21 all
1499 887 26 21 of
1530 895 46 18 you
1585 891 100 26 accutely
1696 892 58 22 alive
1763 896 23 18 to
1796 894 39 23 the
1835 894 66 23 Value

1321 913 21 17 ol
1356 913 80 19 aJocal
1447 913 95 22 channel
1558 914 34 22 for
1606 918 174 28 commuicating
1796 920 52 23 with
1866 922 35 22 the

1319 939 81 23 public,
1441 939 55 21 That
1512 941 18 20 it
1545 940 41 22 has
1603 943 55 22 been
1678 944 46 27 felt,
1741 946 44 22 and
1801 946 48 23 that
1865 948 36 22 the

1311 965 79 19 'desire
1401 967 22 18 to
1433 965 58 21 have
1500 973 14 14 a
1524 974 127 22 newspaper
1659 970 20 21 is
1688 974 83 26 strong,
1789 973 40 22 has
1846 977 55 19 been

1317 991 129 26 repeatedly
1455 993 94 21 evinced
1559 993 29 28 by
1599 996 131 27 complaints
1745 1000 26 20 of
1783 999 36 22 the
1836 1001 65 22 Com-

1308 1022 69 21 pany
1387 1021 39 17 not
1435 1017 82 28 having
1527 1021 107 26 provided
1642 1030 45 20 you
1697 1024 52 22 with
1759 1025 54 26 that,
1828 1027 73 23 which

1316 1044 124 21 Heretofore
1449 1051 46 20 you
1501 1046 67 22 could
1577 1051 39 18 not
1625 1049 57 22 have
1691 1052 127 26 supported.

1346 1071 11 19 I
1362 1073 86 24 rusting
1460 1074 33 18 -to
1521 1072 44 22 this
1589 1074 77 29 desire,
1691 1080 24 18 to
1738 1078 38 21 the
1800 1080 101 23 stimulus

1316 1097 100 21 afforded
1425 1097 30 27 by
1464 1103 122 22 important
1596 1106 76 17 events
1681 1110 50 15 now
1742 1104 59 22 daily
1808 1106 84 26 arising

1317 1124 134 26 demanding
1462 1131 13 14 a
1484 1125 59 21 local
1553 1134 67 19 organ
1631 1129 25 20 of
1667 1130 80 21 record
1755 1132 53 21 and.
1817 1132 84 23 discus-

1318 1155 53 20 sion,
1382 1151 45 20 and
1437 1155 23 17 to
1469 1151 38 21 the
1517 1159 100 20 progress
1628 1156 65 21 made
1709 1157 22 21 in
1749 1157 38 22 the
1803 1160 97 25 agricul-

1315 1177 57 19 tural
1383 1182 125 21 operations
1519 1179 25 21 of
1556 1180 38 21 the
1603 1181 90 28 district,
1705 1183 18 21 it
1731 1184 19 21 is
1766 1184 93 23 deemed
1881 1188 20 21 if

1314 1203 110 25 promised
1433 1205 113 22 moderate
1564 1212 96 23 support,
1678 1216 13 15 a
1708 1210 75 28 fitting
1800 1219 99 17 moment

1315 1233 22 16 to
1352 1230 104 22 establish
1470 1238 14 14 a
1500 1238 129 23 newspaper
1646 1238 23 18 at
1686 1236 119 29 Taranaki,
1825 1240 73 22 which

1315 1255 41 20 will
1367 1256 28 21 be
1407 1257 71 21 called
1488 1257 37 23 the
1629 1261 130 25 Plymouth
1771 1265 126 25 Guardian

1313 1287 29 15 an
1345 1289 13 14 d
1374 1285 63 19 Oook
1447 1292 10 13 s
1472 1285 98 23 Stkaits

1338 1308 54 22 Ihis
1401 1310 138 26 publication
1549 1313 45 21 will
1603 1314 81 27 always
1695 1318 33 19 set
1738 1316 60 22 forth
1812 1318 83 26 promi-

1312 1336 79 26 nently
1418 1336 38 22 the
1484 1338 135 28 advantages
1642 1343 115 25 possessed
1780 1344 30 27 by
1832 1344 64 23 these

1313 1363 87 20 Islands
1418 1370 24 14 in
1461 1365 88 21 various
1569 1372 65 21 ways,
1653 1369 46 21 and
1714 1369 51 26 will,
1781 1377 24 14 as
1815 1372 82 25 promi-

1312 1390 78 24 nently
1400 1396 23 15 as
1433 1390 103 28 possible,
1547 1393 85 21 exhibit
1648 1401 62 15 more
1724 1397 117 26 especially
1857 1398 38 22 the

1312 1416 130 27 superiority
1453 1417 25 21 of
1490 1417 38 22 the
1542 1419 110 23 Taranaki
1669 1421 100 23 District.
1809 1423 22 22 It
1850 1424 46 23 will

1312 1444 22 18 at
1343 1443 31 20 all
1383 1445 65 19 times
1456 1444 27 21 be
1495 1452 12 14 a
1516 1445 94 23 channel
1625 1447 34 22 for
1676 1448 38 22 the
1729 1451 127 24 expression
1873 1452 25 21 of

1312 1474 102 20 opinions
1423 1473 24 18 at
1455 1471 106 23 variance
1570 1473 52 21 with
1633 1474 62 22 those
1711 1477 138 22 entertained
1864 1478 30 26 by

1312 1498 26 17 its
1345 1496 143 27 conductors,
1503 1499 159 29 conditionally
1678 1508 61 21 upon
1756 1503 57 22 their
1827 1504 68 27 being

1314 1523 116 21 embodied
1441 1524 23 20 in
1475 1524 129 29 beseeming
1612 1527 118 28 language.

1336 1548 48 21 The
1405 1551 81 25 parties
1502 1554 177 27 contemplating
1696 1556 143 28 establishing
1849 1558 44 23 this

1309 1578 97 24 journal,
1419 1578 66 26 being
1490 1580 106 25 practical
1604 1581 99 28 printers,
1716 1583 43 22 will
1765 1583 27 22 be
1799 1585 95 22 enabled

1312 1607 22 15 10
1354 1604 109 21 maintain
1482 1612 14 14 a
1509 1612 128 23 newspaper
1651 1612 23 18 at
1687 1616 15 14 a
1720 1612 173 25 comparatively

1310 1630 65 19 small
1385 1631 82 27 outlay,
1484 1638 61 16 more
1562 1635 119 27 especially
1695 1643 24 15 as
1736 1637 54 28 they
1808 1638 29 21 do
1853 1643 41 18 not

1310 1659 79 23 expect
1406 1660 22 18 to
1449 1658 76 22 derive
1544 1667 63 15 more
1625 1662 54 22 than
1698 1670 14 14 a
1726 1665 64 20 small
1805 1665 88 22 income

1308 1684 58 19 trom
1376 1684 57 21 their
1442 1687 166 27 contemplated
1618 1690 128 27 enterprise,
1764 1692 58 21 until
1836 1692 57 23 New

1310 1711 118 24 Plymouth
1439 1711 57 22 shall
1503 1717 60 27 fiajre
1574 1716 153 27 considerably
1737 1717 114 23 advanced
1869 1720 24 21 in

1308 1736 127 26 population
1447 1739 45 21 and
1502 1738 88 25 wedkh.
1627 1742 61 27 Very
1704 1744 83 27 trifling
1801 1750 92 22 support

1308 1764 50 24 will,
1375 1764 122 28 therefore,,
1512 1774 79 21 ensure
1609 1769 37 22 the
1667 1771 167 23 establishment
1849 1774 44 21 and

1308 1792 151 21 maintenance
1474 1795 23 19 of
1666 1796 130 24 Plymouth
1813 1800 80 22 Gb\k-

1310 1823 61 19 »ian,
1399 1819 42 21 and
1453 1821 37 19 the
1499 1820 38 22 the
1546 1825 88 22 greater
1648 1825 91 25 part^of
1749 1825 48 22 that
1812 1826 36 23 aid
1864 1828 29 21 its

1308 1845 131 21 conductors
1455 1846 43 21 will
1514 1847 28 21 be
1561 1851 106 25 prepared
1682 1845 90 35 «^ake
1789 1852 55 23 after
1855 1854 37 22 the

1308 1876 91 16 manner
1409 1872 25 20 of
1446 1873 123 23 American
1580 1876 89 22 Editors
1675 1871 132 35 .DiiUffcbJnp
1814 1887 78 19 papers

1309 1899 131 21 established
1449 1899 23 21 in
1480 1900 84 22 similar
1573 1899 320 35 localities^l^^^iKteunent

1300 1923 50 22 .will
1369 1924 26 21 he
1413 1926 64 21 made
1488 1927 22 21 in
1527 1929 104 27 produce,
1644 1930 38 22 the
1698 1923 154 34 W&S&imfr
1853 1939 40 17 not

1300 1980 21 17 \i
1335 1979 71 20 caMeu
1417 1985 58 19 upon
1488 1985 21 15 to
1519 1981 92 26 provide
1622 1983 58 21 cash.
1693 1979 14 26 \
1827 1986 3 10 '

1335 2002 45 21 Ihe
1391 2003 43 22 size
1451 2006 25 19 of
1487 2006 38 21 the
1534 2007 136 26 publication
1686 2011 44 21 will
1741 2011 27 21 be
1783 2012 105 28 foolscap,

1305 2032 44 20 and
1361 2032 38 19 the
1407 2037 58 20 price
1477 2033 61 26 eight
1544 2033 98 28 shillings
1653 2044 40 19 per
1702 2041 88 23 quarter
1797 2041 93 25 payable

1303 2063 25 14 m
1338 2059 107 22 advance.
1474 2061 192 24 Advertisements
1675 2065 44 21 and
1727 2065 111 27 job-work
1844 2068 46 21 will

1306 2086 26 19 be
1348 2086 98 26 charged
1460 2086 35 22 for
1511 2091 24 18 at
1551 2089 38 21 the
1599 2091 133 22 established
1747 2097 60 17 rates
1816 2094 25 21 of
1854 2094 36 22 the

1303 2112 62 21 trade
1375 2119 23 14 m
1409 2112 44 22 this
1463 2114 86 28 colony.

1330 2147 89 27 August
1429 2151 32 26 12,
1475 2152 61 21 1844.

1437 2206 43 20 Oil
1498 2208 54 20 and
1573 2209 179 23 Whalebone.

1303 2235 91 51 THE
1413 2239 153 29 undersigned
1585 2242 44 23 will
1647 2244 67 21 make
1731 2245 111 23 advances
1858 2254 29 15 on

1377 2266 38 21 Oil
1428 2266 47 22 and
1493 2268 144 28 Whalebone,
1649 2271 37 22 the
1696 2272 82 21 former
1788 2275 21 19 to
1827 2273 28 23 be
1865 2275 23 21 in

1298 2293 55 23 good
1361 2293 59 20 casks
1428 2294 26 21 fit
1467 2294 35 21 for
1516 2296 120 28 shipment,
1653 2298 123 27 consigned
1793 2300 34 22 for
1842 2301 46 22 bale

1300 2320 22 19 to
1333 2319 57 22 their
1400 2319 69 24 house
1478 2322 24 21 in
1512 2322 113 28 England.

1504 2355 134 28 RIDGWAYS,
1654 2357 116 28 HICKSON,
1786 2360 21 22 &
1821 2361 38 22 Co.

1328 2383 143 29 Wellington,
1483 2386 90 28 August
1582 2388 20 27 5,
1614 2390 61 21 1844.

1437 2436 52 25 Oil,
1504 2437 86 26 Bone,
1602 2440 53 20 and
1670 2440 78 22 Flax.

1299 2468 92 49 THE
1405 2468 232 26 UNDERSIGNED
1651 2473 19 22 is
1685 2482 13 14 a
1709 2477 50 19 cash
1769 2477 118 25 purchaser

1358 2496 26 20 of
1397 2496 42 27 Oil,
1451 2497 70 27 Bone,
1533 2498 47 22 and
1589 2500 62 27 Flax,
1663 2501 26 21 fit
1698 2502 36 22 for
1743 2503 113 28 shipment
1863 2508 23 19 to

1301 2524 108 25 lingland,
1420 2524 45 21 and
1481 2525 44 21 will
1536 2526 66 22 make
1617 2527 112 24 advances
1740 2538 28 14 on
1785 2533 107 24 consign-,

1298 2554 73 17 ments
1381 2555 21 16 to
1413 2550 35 22 his
1457 2552 86 26 Agents
1552 2553 24 21 in
1591 2554 102 23 London.

1623 2581 32 22 M.
1672 2582 27 22 E.
1719 2583 111 24 Murnin.

1324 2608 145 29 Wellington,
1481 2611 55 28 July
1545 2613 37 27 30,
1593 2614 60 21 1844.

1392 2665 54 20 For
1460 2666 70 26 Sale,
1545 2667 38 26 by
1597 2668 52 21 late
1665 2670 125 28 arrivals,

1296 2698 128 49 PRIME
1434 2698 60 23 Irish
1502 2700 57 22 beef
1564 2701 23 21 in
1599 2702 84 28 tierces,

1370 2725 110 29 Crockery
1491 2727 45 21 and
1546 2728 153 24 earthenware
1716 2731 25 23 in
1751 2732 80 23 tierces
1841 2734 45 23 and

1298 2755 79 23 crates,

1323 2779 59 26 Rod,
1394 2779 45 28 bar,
1453 2780 44 22 and
1506 2781 64 23 sheet
1579 2782 58 29 iron,
1648 2784 50 23 best
1706 2787 94 27 quality,

1323 2806 93 22 Bottled
1426 2808 72 27 fruits,
1507 2808 94 29 pickles,
1611 2812 146 29 cranberries,
1900 2809 1 19 !

1323 2834 128 22 Stockholm
1465 2835 45 21 and
1521 2836 50 22 coal
1580 2839 40 26 tar,

1322 2860 90 27 British,
1425 2861 83 28 Dutch,
1521 2863 44 22 and
1576 2865 87 28 Europe
1674 2874 62 21 rope,
1900 2868 2 20 I

1323 2886 73 28 Ship's
1407 2895 131 22 compasses,
1550 2893 97 21 assorted
1656 2893 119 29 furniture,

1324 2914 116 22 Williams'
1451 2917 102 25 superior
1564 2918 111 29 blacking,

1323 2940 144 29 Rutherford,
1478 2943 84 28 Drury,
1575 2945 21 22 &
1606 2946 56 23 Co.'s
1674 2948 78 28 wines,
1763 2950 123 27 consisting

1293 2969 26 20 of
1335 2969 60 26 Port,
1418 2969 89 29 Sherry,
1529 2972 47 22 and
1596 2973 103 23 Madeira
1717 2976 25 21 in
1761 2977 64 22 wood
1839 2978 47 23 and

1293 2994 76 27 bottle,

1319 3022 110 22 Teneriffe
1439 3023 24 22 in
1474 3027 92 25 quarter
1575 3027 71 23 casks.

1324 3081 11 12 a
1401 3084 29 9 ./•
1451 3084 52 9 ,0,.
1616 3059 85 23 Waitt
1712 3068 47 16 and
1768 3063 87 23 Tysbr.

1288 3096 3 6 .
1317 3081 92 27 August
1418 3084 19 25 C,
1451 3084 60 21 1844.

1351 3131 154 24 UMPBACK
1521 3133 55 23 OIL
1591 3135 34 22 for
1636 3136 45 23 sale
1691 3137 25 22 in
1726 3140 124 26 quantities
1860 3142 26 21 of

1378 3161 27 19 10
1413 3161 87 25 gallons
1510 3168 26 14 or
1550 3162 109 27 upwards.

1321 3217 10 12 a
1448 3220 52 9 -.o^
1616 3195 83 23 Waitt
1711 3204 46 16 and
1768 3197 86 25 Tyser.

1315 3217 91 28 August
1416 3220 19 25 6,
1448 3220 62 22 1844.

1289 3270 72 49 ON
1376 3271 80 23 SALE
1470 3276 25 19 at
1513 3274 39 21 the
1573 3274 71 24 Office
1663 3277 25 21 of
1706 3277 45 23 this
1769 3286 113 19 paper:—

1366 3297 62 28 Keys
1439 3300 25 21 of
1472 3299 38 23 the
1520 3300 72 24 Town
1602 3303 25 21 of
1634 3303 56 23 New
1700 3304 130 30 Plymouth,

1314 3331 68 23 Plans
1394 3333 25 21 of
1427 3333 101 29 Country
1538 3336 67 22 Land
1615 3338 72 22 round
1701 3338 143 28 Wellington,
1855 3342 25 21 in

1287 3365 58 20 case,
1838 3358 6 11 '

1314 3385 68 23 Plans
1394 3387 26 21 of
1425 3387 95 28 Nelson,
1531 3389 24 22 in
1567 3397 58 21 caae,

1314 3413 80 26 Copies
1410 3414 26 22 of
1450 3415 38 22 the
1505 3416 57 23 New
1582 3418 100 23 Zealand
1696 3419 103 29 Journal,
1816 3423 63 25 1843,

1286 3441 118 26 complete,
1416 3441 84 28 bound,

1313 3466 136 29 Chapman's
1460 3469 116 29 Portfolio,
1586 3471 86 28 bound,

1314 3494 74 22 Prints
1395 3495 26 21 of
1426 3495 94 29 Nelson,

1312 3521 75 22 Prints
1397 3522 26 21 of
1427 3522 148 30 Wellington,

1312 3547 68 23 Plans
1390 3549 26 22 of
1422 3549 87 24 Nelson
1519 3552 24 21 in
1554 3552 85 30 Sheets,

1312 3575 68 22 Plans
1391 3576 26 22 of
1423 3576 101 30 Country
1535 3578 66 24 Land
1611 3584 24 19 at
1648 3582 146 28 Wellington

1311 3602 69 22 Plans
1390 3603 25 22 of
1422 3603 38 23 the
1470 3604 69 24 Town
1539 3608 3 7 1
1552 3607 26 22 of
1585 3608 56 22 New
1651 3609 129 27 Plymouth.

1311 3629 132 28 September
1452 3633 34 26 19,
1498 3634 37 21 184
1535 3634 26 21 S.

1445 3683 79 22 Meat
1557 3685 152 29 Company.

1514 3718 126 24 BUTTER

1284 3749 157 48 ALWAYS
1456 3758 30 15 on
1497 3751 69 29 hand,
1582 3754 45 23 and
1643 3758 22 19 to
1681 3756 29 22 be
1725 3757 52 28 had,
1789 3759 73 23 whole
1866 3772 8 5 -

1359 3777 47 22 sale
1425 3778 44 21 and
1490 3780 72 28 retail,
1582 3784 24 19 at
1625 3782 37 22 the
1686 3784 80 23 lowest
1785 3787 89 23 market

1284 3810 62 20 ?nce,
1362 3811 14 14 a
1395 3805 61 26 large
1475 3806 82 28 supply
1573 3808 27 22 of
1612 3809 39 23 the
1665 3811 130 25 celebrated
1810 3814 65 22 Cow-

1284 3834 85 23 pasture
1378 3831 47 22 and
1433 3832 121 24 Terawitte
1568 3835 71 29 Dairy
1648 3837 87 23 Butter.

1555 3869 36 22 W.
1605 3870 107 28 Flyoer,
1726 3873 118 28 Manager.

1283 3917 174 49 QHARTER
1466 3919 178 31 PARTIES,for
1653 3922 49 24 .ale
1712 3929 24 18 at
1741 3928 38 19 the
1789 3926 88 23 Gazette

2155 708 164 28 Stationery.

1945 730 73 36 f\K
2033 732 87 27 SALE,
2136 733 43 22 AT
2192 735 74 22 THIS
2283 737 142 25 OFFICE—

1945 757 47 22 \J
2008 757 114 29 Foolscap,
2134 761 90 21 various
2234 763 111 28 qualities,

1968 784 73 26 Large
2053 784 59 22 thick
2123 790 57 23 post,
2192 795 61 14 wove
2264 790 46 21 and
2319 791 54 26 laid,

1967 810 61 22 Thin
2037 814 56 23 post,
2232 814 64 28 ditto,

1966 836 57 22 Fine
2034 836 58 23 Bath
2101 841 58 23 post,
2170 838 49 28 gilt,

1966 863 156 27 Antiquarian,
2131 864 110 29 imperial,
2249 868 72 28 royal,
2330 870 46 22 and
2384 871 65 25 demy
2459 873 70 23 draw-

1937 895 39 19 ing
1986 896 77 20 paper,
2436 885 13 14 '

1964 912 72 27 Quills
2047 916 45 21 and
2101 923 63 20 pens,

1963 941 71 22 Small
2044 942 60 22 hand
2114 944 47 21 and
2171 944 55 28 shop
2236 953 76 21 paper,

1960 968 74 27 Royal
2049 969 68 27 hand,
2130 970 82 23 double
2228 972 60 23 hand
2303 975 85 27 brown,
2400 977 46 23 and
2463 979 65 23 loyal

1934 996 77 20 brown
2023 1003 117 20 wrapping
2148 1005 78 24 paper,

1960 1021 45 21 Ink
2017 1022 46 21 and
2072 1023 40 20 ink
2122 1024 109 28 powders,

1961 1047 72 23 Black
2044 1049 50 21 lead
2105 1050 93 26 pencils,

1960 1073 100 28 Ledgers
2070 1076 45 21 and
2126 1080 97 19 account
2232 1078 77 28 books,
2321 1082 90 23 various
2421 1084 65 25 sizes,

1960 1101 106 28 Message
2078 1103 72 25 cards,

1960 1127 111 23 Coloured
2082 1136 87 21 papers,

1959 1153 73 27 Sugar
2041 1162 88 21 papers,

1958 1180 60 22 Note
2028 1189 88 20 papers,

1958 1206 69 23 India
2036 1209 89 26 rubber,
2137 1209 79 28 bottle,
2229 1212 43 21 and
2282 1216 86 25 patent,

1958 1233 70 33 Ivory
2037 1235 83 22 folders
2132 1237 45 21 and
2187 1237 87 28 knives,

1957 1259 93 23 Invoice
2060 1261 71 23 books
2143 1263 54 22 with
2206 1264 100 29 indexes,
2318 1268 90 22 various
2418 1270 64 23 sizes.

1957 1289 58 19 Cash
2026 1289 68 21 books
2105 1289 66 22 ruled
2181 1290 89 29 double,
2282 1294 91 23 various
2383 1296 66 25 sizes,

1957 1313 91 27 Sponge
2058 1315 44 21 and
2114 1317 87 26 wafers,

1956 1339 78 23 Wafer
2045 1344 93 25 stamps,

1956 1365 72 23 Black
2036 1367 59 22 lines
2104 1369 36 21 for
2150 1369 67 22 letter
2233 1371 96 29 writing,

1955 1392 91 28 Oblong
2056 1394 91 28 clasped
2158 1399 171 22 memorandum
2340 1400 78 29 books,

1955 1420 90 22 Ladies'
2057 1421 44 22 and
2110 1423 151 26 gentlemen's
2276 1427 54 21 card
2340 1435 69 19 cases,

1954 1447 104 26 Message
2068 1449 70 27 cards,

2183 1500 92 22 Seeds.

1926 1529 50 48 A
1993 1529 86 23 VERY
2095 1531 159 25 SUPERIOR
2269 1536 46 21 and
2325 1537 103 23 valuable
2441 1544 82 18 assort-

2006 1560 64 18 ment
2086 1558 26 21 of
2127 1559 62 22 fresh
2207 1560 69 23 Seeds
2291 1563 48 26 just
2353 1567 113 24 received,
2483 1568 39 22 the

1925 1583 48 20 first
1990 1583 26 21 of
2033 1591 13 14 a
2061 1585 91 26 regular
2166 1587 88 27 supply,
2265 1595 50 16 now
2333 1598 29 14 on
2380 1592 46 22 sale
2443 1597 24 18 at
2482 1593 40 23 the

1927 1609 70 21 Office
2017 1610 27 21 of
2060 1611 43 22 this
2123 1612 72 28 Paper
2216 1614 29 26 by
2261 1615 38 22 the
2320 1618 159 28 undersigned,
2495 1621 26 22 in

1926 1640 121 22 quantities
2057 1640 22 19 to
2089 1642 44 17 suit
2143 1640 134 26 purchasers
2285 1649 6 14 :

1954 1662 127 29 Carraway,
2093 1665 47 22 Dill
2150 1666 46 21 and
2206 1666 94 30 Burnet,

1953 1689 44 22 Sea
2007 1690 56 27 cale,
2075 1698 130 22 asparagus,
2216 1699 81 23 carrot,
2309 1698 46 21 and
2368 1700 98 26 parsnip,

1953 1716 97 27 English
2060 1717 50 22 leek
2121 1720 48 21 and
2178 1720 75 28 onion,
2265 1722 97 28 Spanish
2375 1725 35 23 do.

1954 1744 125 25 Vegetable
2096 1752 96 17 marrow
2208 1748 44 23 and
2261 1749 56 29 long
2331 1752 88 28 prickly
2428 1760 94 17 cucum-

1952 1795 148 30 Cauliflower,
2112 1799 89 27 endive,
2212 1802 46 21 and
2271 1804 83 28 celery,

1952 1823 121 26 Virginnia
2090 1826 101 28 tobacco,
2207 1828 155 31 mignionette,
2383 1833 45 22 and
2453 1838 69 20 sweet

1924 1856 60 19 peas,

1952 1876 39 21 All
2001 1882 57 18 sorts
2070 1879 24 21 of
2101 1879 87 26 garden
2199 1881 47 23 and
2254 1882 55 23 field
2319 1884 108 29 cabbage,

1952 1904 21 20 D
1976 1910 20 14 °-
2036 1932 8 9 t
2108 1906 37 22 do.
2230 1908 37 23 do.
2326 1913 82 27 turnip,

1952 1929 38 22 All
2000 1932 56 20 sorts
2066 1932 26 21 of
2097 1932 92 29 lettuce,
2201 1935 71 29 salad,
2283 1938 46 21 and
2342 1937 95 30 bro-3oli,

1954 1966 12 11 t-
1974 1960 15 18 >\
1999 1962 58 16 sorf-s
2067 1962 23 17 ot
2101 1964 73 19 iHTun:-
2186 1962 43 21 ro'ii
2240 1967 87 19 nr.-»fnr«-
2329 1965 5 10 :
2338 1972 40 15 r~,

1950 1986 38 18 Ait
1999 1987 58 19 sorts
2068 1990 23 16 ol
2100 1993 71 15 bweec
2182 1983 73 31 hk-bs,
2362 1984 3 3 '
2378 1983 16 14 *'

1950 2009 52 21 One
2011 2009 104 24 hundred
2126 2012 79 23 choice
2215 2015 92 22 varities
2319 2017 28 21 of
2359 2018 78 23 flower
2450 2021 65 23 seeds

1950 2037 22 20 A
1983 2043 55 20 very
2053 2037 105 24 valuable
2176 2045 132 19 assortment
2324 2044 26 21 of
2363 2045 61 22 fresh
2442 2047 78 23 choice

1922 2068 86 20 grasses
2017 2064 37 22 for
2061 2065 152 26 gentlemen's
2227 2068 71 23 lawns
2315 2070 43 22 and
2375 2073 146 25 agricultural

1922 2096 114 21 purposes,

1951 2116 113 28 Cabbage,
2094 2118 93 29 brocoli,
2218 2120 108 30 rhuTbard,
2355 2125 75 27 onion,
2459 2127 51 24 leek

1922 2143 83 22 lettuce
2025 2145 81 26 plants,
2126 2146 50 28 &c,
2197 2155 51 16 now
2268 2150 71 28 ready
2359 2155 22 19 to
2400 2153 28 21 be
2448 2157 74 21 trans-

1921 2172 101 25 planted,
2033 2173 74 21 raised
2117 2173 59 23 from
2186 2176 96 28 samples
2295 2178 27 21 of
2331 2178 63 23 these
2404 2181 74 23 seeds.

1950 2224 101 23 October
2061 2227 20 26 6,
2094 2228 64 21 1843.
2390 2207 27 22 M
2419 2215 29 14 °°
2451 2216 30 15 DT
2482 2225 6 7 '

1924 2272 91 26 T^HE
2039 2275 80 20 Nelson
2142 2277 118 22 Examiner
2284 2281 44 19 and
2348 2282 54 20 New
2424 2284 98 21 Zealand

1929 2301 29 19 J.
1998 2301 110 21 Chronicle
2125 2303 128 27 (published
2262 2310 24 18 at
2295 2307 103 29 Nelson,)
2414 2310 19 22 is
2451 2318 70 18 regu-

1920 2325 57 28 larly
1997 2329 142 22 transmitted
2156 2333 23 19 to
2195 2331 147 31 Wellington,
2363 2336 45 22 and
2423 2344 53 21 may
2489 2338 30 22 be

1920 2356 44 18 nad
1974 2357 25 18 at
2007 2356 39 20 the
2057 2356 63 22 office
2131 2357 26 21 of
2168 2357 45 23 this
2222 2366 76 21 paper.

1948 2385 47 22 The
2006 2388 80 19 Nelson
2094 2388 119 23 Examiner
2228 2391 45 22 will
2282 2392 28 22 be
2320 2393 70 23 found
2401 2402 29 15 an
2441 2397 81 22 excel-

1919 2413 48 20 lent
1975 2414 100 22 medium
2086 2415 35 22 for
2132 2416 141 23 advertisers.

1947 2439 80 23 Terms
2035 2441 36 22 for
2080 2442 39 22 the
2129 2450 76 21 paper,
2217 2448 36 19 ten
2263 2446 105 27 shillings
2383 2455 40 19 per
2432 2453 81 21 quarte

1919 2468 95 26 payable
2023 2468 24 21 in
2058 2468 109 25 advance.

1947 2498 83 23 Orders
2054 2500 34 22 for
2107 2501 40 22 the
2169 2510 69 21 paper
2260 2505 47 22 and
2329 2505 166 26 advertisemen

1919 2527 105 21 received
2033 2530 23 18 at
2066 2527 37 23 the
2115 2529 72 22 Office
2199 2531 26 21 of
2236 2531 45 22 this
2291 2539 78 20 paper.

2152 2583 42 20 On
2209 2583 70 24 Sale,

1920 2610 92 22 HHHE
2042 2611 74 22 NEW
2140 2613 154 24 ZEALAND
2323 2616 179 26 PORTFOLIO

1974 2663 8 7 ,,
1985 2664 5 13 1
1993 2644 27 15 C
2022 2644 13 15 0
2039 2637 53 23 t
2086 2665 7 12 1
2093 2639 29 22 cd
2117 2667 8 10 N
2137 2640 19 37 £
2155 2647 16 14 v
2189 2640 33 32 ?.
2239 2642 21 21 S.
2279 2642 124 30 Chapman,
2424 2646 38 27 (of
2473 2647 39 23 the

1920 2663 86 23 Middle
2014 2665 112 29 Temple,)
2137 2667 217 26 Bamster-at-Law.

1946 2691 43 22 No.
2004 2691 49 22 I.—
2054 2693 22 21 A
2093 2693 77 23 Letter
2185 2697 24 19 to
2228 2695 37 22 the
2282 2696 71 28 Right
2371 2698 64 24 Hon.
2453 2701 69 23 Lord.

1919 2718 99 27 Stanley,
2038 2720 119 28 Secretary
2177 2722 27 21 of
2220 2723 60 22 State
2300 2724 36 22 for
2354 2725 38 22 the
2412 2727 103 25 Colonial

1919 2746 158 27 Department,
2110 2748 37 21 On
2155 2748 39 22 the
2201 2749 189 25 Administration
2397 2754 26 21 of
2427 2754 88 23 Justice

1920 2779 22 15 in
1953 2773 56 22 New

2002 2827 6 8 £
2004 2800 12 21 I
2011 2827 6 8 ,
2018 2800 19 21 L
2069 2801 78 22 Letter
2162 2805 23 19 t0
2201 2802 60 23 Jomi
2277 2804 61 23 Abel
2353 2806 79 28 Smith,
2450 2808 62 27 Esq..

1919 2827 69 26 M.P.,
2024 2827 35 22 On
2069 2827 38 22 the
2114 2828 146 29 Advantages
2268 2831 73 23 which
2348 2834 75 22 would
2432 2842 81 16 accrue

1918 2855 23 20 to
1952 2854 95 27 English
2058 2854 127 28 Capitalists
2194 2856 57 23 from
2262 2858 39 22 the
2312 2860 170 24 establishment
2489 2863 28 22 of

1919 2887 13 14 a
1940 2881 60 20 Loan
2012 2882 103 26 Company
2125 2882 36 23 for
2169 2884 54 20 New
2232 2886 101 27 Zealand,
2345 2888 85 22 similar
2442 2893 23 19 to
2475 2890 42 23 the-

1918 2908 131 22 Australian
2058 2908 67 23 Trust

1945 2935 44 22 No.
2101 2937 39 22 An
2153 2938 98 23 Address
2261 2943 23 19 to
2295 2939 38 23 the
2343 2940 59 24 New
2410 2942 102 24 Zealand

1919 2963 65 21 Land
1994 2963 139 27 Proprietors
2145 2964 98 23 resident
2256 2966 25 22 in
2290 2967 38 22 the
2338 2968 87 23 United
2440 2970 74 27 King-

1918 2988 58 28 dom,
1988 2997 32 14 on
2035 2990 86 23 several
2136 2995 93 20 matters
2240 2993 26 22 of
2272 2994 139 28 importance
2421 3000 23 18 to
2455 2997 57 24 their

1944 3043 44 23 No.
2006 3044 71 22 IV.—
2163 3045 38 22 the
2221 3046 117 24 Financial
2356 3049 116 24 condition
2488 3053 29 21 of

1916 3070 57 22 New
2119 3072 31 28 by
2161 3073 91 23 Charles
2261 3075 77 28 Terry,
2350 3075 60 30 Esq.,
2421 3078 89 27 F.R.S.,

1917 3099 82 20 r.S.A.

1942 3124 44 21 No.
2003 3124 58 21 V.—
2063 3126 19 21 l.
2134 3125 161 25 Observations
2320 3136 30 14 on
2373 3129 135 30 facilitating

1915 3151 141 26 Emigration
2080 3154 23 19 to
2127 3152 58 23 New
2209 3154 108 28 Zealand,
2336 3156 31 27 by
2387 3164 79 16 means
2484 3159 32 22 of

1915 3177 117 23 Moderate
2054 3178 99 28 Charges
2167 3180 36 21 for
2221 3181 68 22 Chief
2305 3183 44 21 and
2365 3183 142 26 Fore-Cabin

2076 3205 28 22 In
2115 3213 14 15 a
2139 3206 79 23 Letter
2227 3211 22 18 to
2259 3208 85 29 Joseph
2355 3211 86 26 Somes,
2453 3213 53 24 Esq.

1913 3232 41 21 &c.
1965 3232 41 22 &c.
2035 3232 37 28 By
2082 3232 31 23 H,
2126 3234 22 21 S.
2160 3234 124 28 Chapman.

1940 3265 20 21 2.
2003 3264 23 22 A
2036 3265 77 22 Letter
2122 3272 30 15 on
2164 3265 106 30 Banking
2280 3269 25 22 in
2315 3269 57 22 New
2383 3270 109 25 Zealand.
2496 3272 17 10 >l

1914 3290 34 28 By
1957 3291 89 22 Arthur
2056 3291 26 22 T.
2094 3292 112 29 Holroyd,
2218 3294 52 28 Esq.

1940 3317 45 23 No.
2098 3319 162 24 Observations
2275 3329 29 15 on
2314 3322 38 23 the
2363 3324 153 29 Advantages;

1913 3345 26 21 of
1951 3352 13 14 a
1982 3345 189 28 Representative
2186 3348 124 29 Assembly
2324 3350 37 23 for
2379 3352 58 23 New
2452 3353 60 23 Zea-

1940 3399 100 23 General
2052 3400 48 23 title
2110 3401 48 22 and
2167 3401 154 25 introduction
2332 3408 22 18 to
2365 3405 37 22 the
2412 3406 82 24 Seriei.

2104 3441 71 15 PRICE
2194 3443 122 16 SIXPENCE.

2084 3483 78 21 Meat
2184 3484 149 27 Company.

1912 3513 92 23 rriHE
2027 3515 238 30 UNDERSIGNED,
2285 3517 84 30 having
2388 3520 58 22 been
2467 3528 43 22 ap~

1918 3540 31 23 X
1985 3542 93 28 pointed
2093 3543 111 28 Manager
2214 3544 26 22 of
2253 3545 38 21 the
2304 3545 65 23 Meat
2378 3547 126 29 Company,

1909 3568 55 28 begs
1973 3571 24 19 to
2006 3576 120 16 announce
2136 3570 51 23 that
2200 3578 14 15 a
2223 3572 89 25 regular
2320 3573 80 29 supply
2409 3575 26 22 of
2444 3575 60 28 beef,

1910 3598 95 25 mutton,
2027 3596 45 23 and
2089 3597 57 28 pork
2162 3604 54 21 may
2235 3599 83 27 always
2336 3600 28 22 be
2385 3601 124 29 depended

1910 3629 61 21 upon
1982 3623 79 23 at-this
2070 3624 176 23 establishment.

1936 3650 34 22 As
1994 3650 45 22 this
2063 3651 117 28 Company
2198 3658 109 23 purposes
2326 3654 80 28 selling
2425 3658 25 20 at
2468 3657 40 22 the-

1908 3676 79 23 lowest
1995 3677 73 28 prices
2079 3681 23 18 at
2117 3677 75 23 which
2200 3680 19 21 it
2232 3679 19 22 is
2258 3679 75 24 found
2341 3681 40 23 the
2390 3686 61 20 meat
2465 3691 43 17 can.

1908 3703 29 23 be
1948 3704 109 28 afforded,
2068 3704 38 22 the
2116 3704 154 29 undersigned
2277 3707 19 23 is
2311 3709 53 29 only
2375 3710 130 25 authorized

1910 3734 22 18 to
1942 3731 51 27 give
2000 3738 55 21 very
2061 3731 87 22 limited
2158 3733 78 27 credit,
2244 3734 46 22 and
2298 3735 40 22 has
2343 3737 59 21 been
2410 3737 95 23 ordered

1908 3761 23 18 to
1948 3761 49 24 stop
2013 3758 31 22 all
2058 3761 106 19 accounts
2179 3759 73 23 which
2268 3768 38 16 are
2321 3766 41 19 not
2376 3763 54 27 paid
2445 3771 60 20 upon,

1909 3784 103 23 demand.

1935 3818 48 21 The
1994 3818 102 22 business
2106 3818 27 23 of
2140 3818 38 23 the
2189 3820 116 30 Company
2315 3823 19 21 is
2344 3822 161 29 carried'-ojljin

1908 3844 58 23 their
1981 3852 51 15 new
2047 3845 111 29 building,
2170 3849 89 21 erected
2277 3850 103 22 between
2399 3850 108 26 BnttStfa

1908 3871 71 24 Hotel
1997 3872 44 22 and
2061 3872 39 23 the
2119 3873 61 22 head
2196 3874 27 23 of
2235 3875 39 23 the
2289 3876 58 29 Bay,
2365 3877 46 24 and
2420 3880 88 25 'nearly
2516 3893 5 4 -

1909 3898 99 28 opposite
2018 3902 24 19 to
2053 3899 45 22 Mr.
2109 3900 86 28 Lyon's
2205 3902 70 22 Store.
2463 3914 19 6 •-
2491 3908 7 16 :
