2559 4029
92 117 52 22 The
152 119 48 20 vast
207 117 45 21 and
261 116 99 22 valuable
371 118 56 20 tract
436 116 26 22 of
475 118 95 25 country
579 117 69 21 above

67 143 116 22 described
190 143 18 21 is
214 142 78 28 nearly
299 142 133 27 unpeopled.
459 142 49 22 The
515 143 43 21 few
565 143 83 22 natives

64 170 46 21 live
129 169 96 26 entirely
242 165 68 31 along
329 169 37 21 the
384 176 38 14 sea
440 169 77 27 shore;
541 169 45 22 and
612 169 36 22 the

67 196 90 21 Messrs.
169 195 76 22 Deans
260 202 39 15 are
308 195 37 22 the
357 195 53 26 only
422 195 67 21 white
503 195 145 22 inhabitants.

66 221 44 22 Mr.
122 221 147 26 Greenwood,
281 221 72 21 whose
369 221 66 22 cattle
444 221 43 22 and
498 221 69 28 sheep
576 222 72 22 fatten

65 255 26 14 on
111 247 39 22 the
169 247 161 27 neighbouring
346 247 59 26 hills,
420 247 20 22 is
458 247 39 23 the
512 248 54 27 only
582 248 66 22 white

67 274 77 22 •ettler
153 281 30 14 on
193 273 38 22 the
240 274 74 21 shores
324 273 24 22 of
357 273 52 22 Port
419 274 93 27 Cooper.

91 300 75 22 While
176 301 22 20 in
215 300 46 21 this
277 299 102 27 harbour,
390 307 28 14 an
430 300 102 22 accident
541 300 107 22 occurred

65 330 22 18 to
96 326 39 22 the
152 325 130 23 Reverends
299 325 88 23 Messrs.
398 327 72 21 Creed
484 327 45 21 and
544 326 102 27 Volhers,

64 353 50 21 that
131 352 73 27 might
221 352 58 22 have
294 351 56 23 been
369 353 104 22 attended
492 353 53 21 with
564 353 84 22 serious

64 385 169 21 consequences.
262 378 72 22 These
350 379 129 27 gentlemen
497 379 84 26 having
600 386 48 15 sur-

64 405 108 21 mounted
182 404 36 22 the
229 404 51 22 hills
292 404 46 22 that
352 405 38 28 lay
400 405 22 22 in
434 405 57 22 their
502 412 49 20 way
561 409 24 17 to
595 405 53 22 Port

64 431 63 26 Levi,
137 431 93 21 became
240 431 122 27 enveloped
380 432 22 22 in
421 431 38 22 the
478 431 51 22 mist
545 431 50 21 that
604 431 44 22 fre-

63 458 94 26 quently
176 457 70 27 hangs
266 458 68 22 about
351 458 61 22 these
436 458 56 27 lofty
510 458 136 22 eminences.

63 484 46 21 Not
127 483 67 27 being
212 484 142 22 accustomed
378 487 22 19 to
423 484 119 27 travelling
565 484 24 21 in
609 484 38 22 the

64 510 84 26 clouds,
160 510 52 26 they
220 510 44 21 lost
277 510 55 22 their
346 517 54 21 way,
413 510 44 22 and
468 510 37 22 did
520 513 40 18 not
569 511 77 27 regain

62 536 37 21 the
115 536 50 27 ship
174 536 33 21 till
227 537 57 21 after
303 537 61 21 three
383 536 61 34 days'
462 536 57 22 hard
536 537 109 28 walking;

63 562 81 28 during
154 562 71 23 which
242 563 54 22 time
313 562 52 27 they
374 562 45 23 had
429 565 65 20 eaten
503 562 94 28 nothing
607 564 40 21 but

62 597 14 13 a
89 589 73 27 single
176 590 71 25 robin,
259 588 78 27 which,
348 590 30 26 by
388 592 63 24 great
464 589 60 27 good
535 589 53 22 luck
602 590 44 22 and

62 615 117 27 dexterity,
191 616 52 25 they
254 615 45 22 had
307 616 111 26 managed
428 619 22 18 to
458 618 85 24 entrap.

90 642 37 21 On
138 642 37 21 the
192 642 49 21 11th
258 641 26 22 of
296 641 70 28 April,
383 642 37 22 the
436 643 98 20 Deborah
543 643 41 22 left
593 643 53 22 Port

61 668 98 27 Cooper;
176 668 50 26 and,
242 668 70 26 being
332 668 94 27 delayed
445 669 30 26 by
494 669 58 22 bead
567 669 77 28 winds,

61 694 77 26 calms,
150 694 43 21 and
209 694 69 26 mists,
290 694 37 21 did
337 698 40 18 not
386 694 72 23 arrive
468 699 23 18 at
503 696 142 23 Waikouaite

61 720 33 21 till
104 720 39 21 the
153 720 58 21 19th.

89 747 66 21 After
172 746 89 27 passing
279 746 82 22 Banks'
382 747 126 28 Peninsula,
529 749 38 22 the
586 749 58 27 hills,

61 772 73 23 which
145 772 61 23 there
216 771 80 24 recede
302 773 67 22 about
376 774 67 27 thirty
449 774 70 28 miles,
527 775 117 28 gradually

58 800 114 26 approach
182 799 36 22 the
228 802 70 19 coast.
325 800 63 27 They
398 807 37 16 are
453 802 116 27 generally
579 802 65 27 lofty,

59 829 68 24 steep,
139 826 45 21 and
201 825 84 22 broken
305 826 28 26 by
349 833 121 16 numerous
485 828 70 26 glens,
572 828 72 23 which

59 859 38 14 are
106 852 127 27 frequently
242 852 99 21 wooded.
370 854 77 21 About
458 854 105 28 Moiraki,
571 855 73 22 where

59 879 38 20 the
117 879 52 20 hills
187 881 60 18 meet
266 878 38 22 the
322 882 67 23 coast,
406 880 53 26 they
476 880 93 22 become
583 888 61 15 more

58 905 76 26 gentle
150 905 24 22 in
188 905 67 26 slope,
273 905 45 21 and
334 905 66 22 much
416 913 61 14 more
491 906 117 23 moderate
620 908 24 21 in

59 931 119 21 elevation.
207 931 44 21 Mr.
262 931 102 27 Tuckett,
375 931 50 22 who
435 932 85 22 landed
535 932 53 23 here
599 934 45 22 and

59 957 88 21 walked
163 960 23 19 to
202 957 146 27 Waikouaite,
360 965 14 14 a
389 957 100 23 distance
499 959 26 21 of
539 959 70 22 about
616 961 27 20 25

59 983 72 26 miles,
143 983 78 28 speaks
231 983 25 22 in
266 983 37 22 the
312 983 87 28 highest
409 988 66 18 terms
482 985 26 22 of
515 985 37 22 the
559 986 85 28 quality

58 1010 27 21 of
98 1009 38 22 the
153 1009 70 23 whole
237 1017 60 14 mass
311 1010 25 21 of
352 1011 37 21 the
405 1011 53 22 land
472 1012 63 27 lying
543 1013 100 22 between

59 1036 62 22 these
146 1040 43 18 two
211 1036 83 27 places.
296 1047 26 4 —
323 1036 99 23 whether
448 1039 57 26 hilly
528 1046 25 14 or
576 1039 66 22 level.

59 1063 94 26 Indeed,
166 1063 36 21 the
212 1063 70 21 whole
294 1067 92 24 country
395 1064 19 22 is
426 1065 134 28 sufficiently
569 1066 74 22 wood-

59 1089 33 27 ed,
110 1089 50 22 well
176 1089 102 27 watered,
296 1089 43 22 and
355 1091 103 22 nowhere
477 1092 165 28 objectionably

57 1119 70 22 steep.

85 1141 47 23 The
142 1142 117 22 roadstead
270 1142 26 22 of
302 1142 140 24 Waikouaite
448 1148 83 18 cannot
537 1145 28 22 be
574 1146 69 23 much

58 1169 154 22 commended.
241 1168 89 22 Vessels
339 1169 65 23 while
414 1170 64 28 lying
486 1171 54 22 here
550 1179 38 14 are
598 1173 44 21 fre-

58 1195 93 28 quently
168 1195 125 27 compelled
310 1199 22 18 to
353 1196 42 27 slip
410 1198 58 21 their
487 1198 94 22 anchors
597 1200 44 21 and

57 1222 51 21 take
124 1222 78 26 refuge
223 1223 23 20 in
265 1222 37 22 the
320 1222 164 29 neighbouring
503 1225 98 22 harbour
619 1227 25 20 of

57 1249 81 26 Otago.
162 1249 72 21 There
244 1249 19 21 is
273 1249 46 21 also
329 1256 29 15 an
368 1250 124 28 anchorage

56 1275 74 22 which
146 1275 38 22 tbe
200 1275 107 23 residents
327 1275 142 24 denominate
487 1278 153 29 anifarbour,

55 1301 42 23 but
113 1302 75 22 others
202 1301 74 28 prefer
293 1302 81 28 calling
390 1303 17 22 it
424 1311 13 14 a
452 1305 51 26 bay.
517 1301 16 14 v
539 1305 34 22 At
579 1303 12 25 '
591 1303 51 25 Both

55 1328 63 22 these
127 1329 75 27 places
211 1328 97 27 whaling
317 1329 19 21 is
351 1331 140 28 extensively
500 1332 140 28 carriedon'j

56 1355 46 21 and
112 1359 24 17 at
144 1355 54 21 both
214 1354 63 22 there
295 1362 36 15 are
343 1357 85 21 several
438 1359 76 21 native
524 1359 116 22 residents.

56 1381 55 22 Coal
120 1382 19 21 is
150 1381 67 22 found
228 1384 22 18 at
265 1382 103 21 Moiraki.

85 1409 35 21 On
131 1415 62 15 some
204 1408 26 21 of
240 1408 38 21 the
288 1408 50 22 hills
346 1409 49 23 that
405 1410 61 27 slope
476 1411 48 21 into
534 1412 106 23 Wsikou-

54 1435 44 21 aite
114 1435 55 26 Bay,
188 1435 43 21 Mr.
249 1435 77 21 Jones'
343 1436 55 22 farm
417 1437 19 21 is
451 1437 102 23 situated.
592 1440 48 22 The

54 1462 55 21 land
126 1462 24 22 in
164 1462 28 21 its
206 1461 88 23 natural
308 1465 57 19 state
381 1463 18 22 is
416 1463 82 28 chiefly
506 1466 133 27 unwooded,

54 1489 44 21 and
108 1488 41 22 has
164 1495 14 15 a
191 1488 45 22 fine
252 1489 85 26 growth
352 1489 26 21 of
387 1497 69 20 grass,
466 1491 53 27 flax,
530 1493 44 21 and
585 1493 54 23 fern.

55 1515 22 22 It
87 1515 81 22 affords
177 1515 42 21 fine
230 1518 123 25 pasturage,
365 1523 25 15 as
398 1517 38 21 the
447 1518 112 22 condition
570 1520 26 21 of
603 1521 37 22 the

54 1549 121 15 numerous
190 1542 68 26 sheep
275 1542 43 21 and
332 1543 66 22 cattle
416 1543 51 23 that
485 1545 52 21 feed
555 1553 30 14 on
602 1547 38 22 the

54 1569 52 22 hills
117 1568 75 28 amply
201 1569 83 26 testify.
312 1569 78 23 About
399 1572 40 20 100
448 1578 62 15 acres
521 1579 37 15 are
569 1574 71 21 under

54 1595 137 26 cultivation,
212 1595 89 22 besides
318 1595 49 23 that
386 1597 106 28 occupied
510 1599 30 26 by
560 1607 14 13 a
597 1601 43 21 few

54 1623 90 21 smaller
152 1622 86 22 settlers
247 1621 51 23 who
305 1623 87 27 employ
400 1624 133 23 themselves
543 1633 29 15 on
583 1627 57 22 their

54 1649 61 23 land.
153 1649 72 21 There
240 1656 38 14 are
298 1648 120 24 thousands
432 1651 26 21 of
473 1659 62 15 acres
553 1653 28 21 of
602 1653 37 23 the

53 1675 85 23 richest
146 1675 52 23 land
209 1675 104 27 awaiting
322 1675 38 23 the
371 1677 123 23 cultivator.

82 1703 36 22 On
135 1703 37 21 the
188 1703 51 21 24th
258 1702 25 21 of
295 1703 69 26 April,
378 1703 36 22 the
432 1705 116 28 exploring
565 1707 74 22 vessel

53 1730 93 22 entered
155 1729 38 22 the
202 1728 67 22 noble
279 1728 97 24 harbour
392 1731 25 21 of
429 1731 79 28 Otago.
538 1733 73 22 There
619 1735 20 22 is

54 1764 14 14 a
76 1757 41 21 bar
127 1756 33 22 off
166 1755 37 23 the
212 1755 87 27 mouth,
307 1764 52 14 over
369 1757 78 27 which,
456 1758 109 27 however,
576 1761 63 22 there

53 1790 37 15 are
106 1783 82 27 always
204 1789 62 15 some
281 1783 96 22 fathoms
392 1785 26 21 of
428 1788 75 19 water.
536 1787 48 21 The
600 1795 39 14 en-

51 1813 78 19 trance
138 1810 20 21 is
167 1816 86 15 narrow
254 1820 28 5 —
283 1816 13 14 a
311 1809 57 23 little
383 1818 62 14 more
461 1812 54 22 than
527 1820 13 14 a
549 1817 90 24 quarter

52 1837 26 21 of
89 1844 14 14 a
113 1836 53 22 mile
176 1836 51 27 only
235 1843 5 14 :
256 1836 51 27 and,
319 1844 23 14 as
357 1837 62 22 there
435 1842 84 18 cannot
535 1840 28 22 be
578 1841 61 22 short

52 1864 28 21 of
91 1863 69 27 thirty
170 1870 77 20 square
258 1863 63 22 miles
331 1863 26 22 of
364 1864 54 22 tidal
428 1868 68 19 water
505 1866 84 27 within,
601 1868 38 22 the

52 1894 92 18 current
153 1893 24 18 at
186 1889 37 23 the
234 1889 77 23 mouth
317 1890 19 22 is
345 1894 83 24 strong.
457 1891 48 23 The
515 1893 96 23 harbour
619 1895 20 22 is

52 1917 93 21 divided
153 1917 49 21 into
212 1923 28 15 an
256 1916 64 22 inner
335 1917 46 22 and
394 1924 29 15 an
435 1922 70 24 outer,
517 1920 29 26 by
556 1923 43 19 two
610 1922 29 21 is-

52 1943 66 22 lands
128 1944 49 21 that
186 1943 28 21 lie
230 1950 73 14 across
318 1943 23 22 it.
371 1944 47 22 The
435 1945 84 22 former
533 1947 19 21 is
570 1947 69 22 about

51 1970 35 21 six
95 1969 66 22 miles
170 1969 23 21 in
203 1968 85 27 length,
299 1969 47 21 and
360 1969 37 23 ilie
407 1970 67 22 latter
483 1972 69 21 about
562 1980 73 15 seven.

52 1995 48 23 The
111 2002 95 20 average
216 1994 69 22 width
296 1996 25 21 of
327 1995 71 22 either
407 1997 19 21 is
437 1998 69 21 about
513 2001 43 19 two
566 2000 71 22 miles.

52 2022 47 22 The
111 2022 107 22 channels
228 2021 90 28 leading
333 2023 58 21 from
401 2023 38 22 the
457 2031 41 15 one
508 2024 37 23 hai
550 2026 56 22 bour
615 2030 23 18 to

51 2049 38 21 the
98 2049 66 21 other
172 2056 37 14 are
226 2055 86 15 narrow
328 2049 44 21 and
388 2049 63 28 deep.
480 2051 22 22 A
512 2056 64 22 great
586 2060 51 20 por-

51 2076 47 21 tion
110 2076 25 21 of
146 2076 37 22 the
194 2082 65 21 space
275 2075 75 22 within
360 2076 56 22 both
426 2077 109 23 harbours
545 2081 93 21 consists

51 2103 27 21 of
88 2102 115 28 shallows;
225 2102 43 22 and
285 2110 67 20 every
362 2103 45 21 tide
425 2104 112 23 discovers
551 2107 86 22 several

51 2129 68 32 large_
127 2129 40 27 dry
184 2128 78 23 banks.
292 2129 47 22 Still
357 2131 88 26 enough
461 2131 26 22 of
499 2133 56 28 deep
571 2137 68 19 water

51 2156 97 22 remains
157 2160 22 18 to
188 2156 80 22 render
278 2156 68 22 either
357 2163 28 15 an
397 2159 114 23 extensive
522 2160 44 22 and
576 2162 61 21 valu-

51 2183 51 21 able
117 2183 102 22 harbour.
255 2183 102 26 Nothing
373 2191 41 15 can
432 2185 28 21 be
475 2193 63 15 more
552 2189 86 26 perfect

52 2209 56 22 than
120 2209 38 22 the
169 2209 80 22 shelter
258 2209 19 21 it
282 2210 80 22 affords
370 2218 5 19 ;
387 2211 45 21 and
438 2212 28 21 its
473 2213 72 23 fertile
553 2215 82 28 shores,

51 2236 93 22 wooded
153 2240 24 18 to
191 2237 38 21 the
242 2237 86 21 water's
341 2237 62 27 edge,
414 2238 59 23 form
488 2248 13 14 a
517 2242 87 25 picture
614 2245 25 21 of

51 2270 29 14 no
90 2263 103 27 ordinary
206 2263 92 26 beauty.
325 2263 72 28 Many
407 2265 28 21 of
444 2266 28 22 its
487 2267 51 22 hills
553 2277 39 14 are
602 2270 35 22 in-

51 2290 159 27 conveniently
230 2293 62 24 steep
310 2290 35 22 for
368 2291 142 30 cultivation;
535 2296 45 22 and
599 2297 38 23 the

50 2324 61 14 same
122 2317 111 26 objection
250 2317 41 21 lies
305 2317 85 27 against
405 2319 18 21 it
438 2326 23 15 as
477 2322 88 26 against
584 2324 54 23 Port

51 2343 86 27 Cooper
148 2343 93 28 (though
252 2345 23 20 in
286 2351 13 14 a
308 2345 34 21 far
352 2344 42 22 less
405 2346 120 29 degree)—
527 2349 38 22 the
577 2355 61 18 want

51 2370 26 21 of
88 2378 13 13 a
110 2370 60 26 good
179 2371 41 21 site
230 2371 34 21 for
274 2378 13 14 a
298 2375 64 18 town.

77 2397 74 22 There
160 2404 38 14 are
209 2397 68 22 about
293 2401 83 24 twenty
385 2399 94 28 English
492 2403 112 24 residents
614 2408 23 19 at

52 2425 80 26 Otago,
145 2423 81 28 chiefly
240 2425 63 21 small
323 2425 55 26 (and
388 2434 52 20 very
451 2429 73 27 small)
543 2431 94 23 cultiva-

51 2455 53 17 tors.
133 2450 93 28 Having
242 2451 42 21 left
299 2452 71 27 Otago
386 2460 29 15 on
429 2454 38 22 the
482 2456 42 22 3rd
533 2458 27 21 of
571 2458 55 27 May

51 2477 37 22 the
97 2478 98 20 Deborah
204 2478 70 22 sailed
285 2479 33 21 for
328 2479 211 26 Molineux.where
549 2484 40 23 she
600 2493 35 14 ar-

49 2504 62 22 rived
117 2512 29 14 on
151 2505 37 21 the
193 2505 44 22 sth.
244 2505 45 22 Mr.
296 2505 94 23 Tuckett
395 2507 47 22 and
448 2508 41 23 Dr.
496 2510 81 23 Monro
583 2512 54 23 here

47 2531 78 27 joined
134 2531 38 23 the
182 2531 77 27 vessel,
271 2531 82 28 having
364 2533 87 23 walked
459 2536 60 22 from
532 2538 80 27 Otago.

79 2558 119 22 Molineux
213 2559 100 26 Habour,
330 2559 84 28 though
436 2563 95 22 marked
550 2572 31 15 on
597 2566 39 22 the

51 2587 58 19 most
125 2589 78 18 recent
218 2585 66 28 plans
300 2586 27 21 of
336 2586 57 23 New
409 2587 109 31 Zealand,
529 2591 54 23 does
598 2596 41 19 not

51 2611 57 23 exist
118 2615 23 18 at
155 2615 95 24 present.
285 2612 93 29 Indeed,
388 2613 63 24 there
466 2624 38 15 are
519 2625 69 21 many
601 2627 36 15 re-

50 2638 116 22 markable
176 2638 130 23 differences
320 2640 101 23 between
438 2642 38 23 the
491 2645 74 22 actual
576 2650 62 19 coast

49 2665 46 21 line
105 2665 26 21 of
138 2665 38 22 the
187 2669 95 24 country
287 2666 44 22 and
338 2666 50 22 that
395 2668 78 23 shown
481 2677 29 16 on
517 2671 39 24 the
565 2680 70 20 maps.

50 2691 72 23 There
132 2692 19 22 is
162 2699 13 15 a
184 2691 93 23 shallow
283 2693 44 26 bay
336 2697 22 19 at
368 2694 125 29 Molineux,
502 2698 49 23 that
556 2700 82 23 affords

51 2718 83 22 shelter
145 2719 57 21 from
211 2719 38 21 the
261 2719 65 22 south
343 2721 45 21 and
397 2726 61 18 west.
487 2724 49 23 The
547 2726 81 23 Matou

51 2752 26 14 or
86 2745 118 22 Molineux
218 2746 77 27 River,
305 2746 19 22 is
334 2754 13 14 a
360 2749 146 25 magnificent
521 2754 83 21 stream
615 2754 24 22 of

51 2779 54 15 near
115 2779 13 14 a
138 2775 90 24 quarter
243 2773 27 21 of
281 2780 15 14 a
309 2773 53 23 mile
378 2775 62 26 wide,
453 2776 64 28 deep,
528 2779 44 22 and
584 2780 53 23 with

50 2806 14 14 a
73 2799 115 21 moderate
198 2801 96 20 current.
322 2800 23 22 It
353 2801 19 22 is
390 2801 94 24 difficult
493 2804 27 21 of
530 2809 107 20 entrance

49 2825 57 22 from
116 2825 39 23 the
165 2827 51 21 surf
228 2833 54 15 over
298 2826 36 22 the
347 2827 41 23 bar
403 2832 24 18 at
442 2830 38 22 the
494 2832 86 27 mouth,
592 2834 46 22 and

50 2852 58 22 from
117 2852 39 22 the
167 2852 160 23 circumstance
343 2855 27 21 of
380 2855 30 22 its
423 2855 85 30 having
517 2865 28 15 an
555 2859 83 23 invari-

51 2879 51 23 able
113 2879 99 22 outward
222 2884 96 18 current.
346 2881 93 28 Beyond
456 2883 38 22 the
508 2884 41 23 bar
564 2886 19 22 it
597 2887 41 22 has

51 2906 35 22 six
94 2906 97 22 fathoms
202 2907 25 21 of
238 2910 79 24 water;
332 2908 46 22 and
387 2909 18 21 it
413 2910 20 21 is
443 2911 48 22 said
501 2914 23 19 to
532 2919 105 20 preserve

49 2933 29 21 its
94 2933 70 27 depth
181 2933 45 23 and
240 2933 70 22 width
331 2935 35 21 for
380 2935 59 28 sixty
455 2938 65 22 miles
534 2938 59 23 from
607 2941 30 22 its

49 2960 87 21 mouth.

77 2987 48 21 The
136 2986 61 27 plain
209 2987 25 21 of
241 2987 38 21 the
291 2987 85 28 Matou,
388 2989 71 23 which
467 2991 18 21 is
496 2992 57 23 from
561 2994 76 25 10,000

49 3016 22 18 to
82 3015 76 25 20,000
166 3020 62 16 acres
237 3013 23 22 in
278 3017 81 24 extent,
371 3016 40 22 has
427 3024 14 14 a
454 3017 46 22 fine
515 3021 87 25 growth
614 3022 24 21 of

51 3047 66 19 grass,
129 3040 53 27 flax,
193 3041 40 21 &re.
258 3040 48 23 The
316 3041 53 23 land
378 3043 19 21 is
406 3043 154 31 undoubtedly
569 3048 58 26 good

49 3067 41 21 but
98 3066 66 22 liable
174 3067 23 21 in
207 3067 99 27 portions
317 3071 21 19 to
355 3069 28 21 be
392 3071 128 23 overflown.
550 3073 86 23 Proba-

49 3093 44 27 bly,
106 3093 38 22 the
153 3097 58 18 most
228 3093 108 23 desirable
350 3095 52 23 land
418 3097 44 22 will
477 3098 28 22 be
520 3099 71 23 found
607 3108 28 15 on

50 3120 37 21 the
103 3120 163 27 neighbouring
281 3121 56 28 hills,
348 3123 72 22 which
437 3124 87 28 display
541 3133 13 15 a
565 3128 68 22 series

50 3147 27 21 of
87 3151 59 17 most
159 3147 109 22 beautiful
284 3148 75 27 slopes,
379 3149 82 29 chiefly
477 3152 91 23 clothed
581 3154 53 23 with

50 3180 69 19 grass.
153 3175 34 20 As
202 3180 29 15 on
245 3174 38 22 the
297 3175 59 27 plain
372 3177 66 28 itself,
450 3178 62 23 there
527 3180 19 21 is
562 3188 14 15 a
592 3182 43 22 fair

49 3199 124 28 sprinkling
190 3201 24 21 of
226 3201 70 21 wood.
325 3202 27 22 In
367 3210 68 21 every
444 3205 110 24 direction
571 3208 63 23 there

49 3234 38 14 are
97 3229 113 19 extensive
219 3230 68 19 tracts
298 3229 24 21 of
333 3229 43 23 this
386 3231 102 22 valuable
499 3232 134 29 description

49 3254 26 20 of
82 3256 99 24 country.
209 3253 49 22 The
268 3257 41 19 two
319 3255 65 23 white
393 3258 87 23 settlers
489 3259 57 23 have
557 3268 77 20 grown

50 3279 54 22 such
121 3287 63 20 crops
199 3279 26 22 of
246 3288 54 14 corn
317 3282 44 22 and
374 3287 101 23 potatoes
491 3293 29 15 on
536 3287 38 22 the
589 3288 45 23 fine

50 3306 93 22 wooded
153 3307 72 26 slopes
238 3307 85 23 behind
338 3309 38 22 the
392 3310 88 29 village,
491 3319 25 16 as
531 3317 23 19 to
571 3314 62 23 leave

49 3340 30 14 no
88 3333 70 22 doubt
167 3332 26 22 of
204 3333 57 22 their
270 3339 62 22 great
342 3336 98 28 fertility.

77 3360 67 22 From
153 3360 38 22 the
202 3360 51 22 11th
264 3364 21 18 to
297 3361 35 22 tbe
350 3363 49 22 18th
410 3365 25 21 of
447 3365 56 28 May
513 3374 45 16 was
568 3375 66 16 occu-

49 3387 50 28 pied
109 3387 23 22 in
144 3387 37 21 the
191 3394 86 20 voyage
293 3388 53 22 from
365 3389 117 25 Molineux
496 3396 23 19 to
529 3394 38 22 the
577 3395 56 23 New

48 3412 76 29 River,
136 3413 83 28 calling
228 3418 24 18 at
261 3415 120 22 Roubouki
390 3417 29 27 by
428 3417 38 23 the
477 3426 54 22 way.

74 3441 55 21 This
137 3441 78 27 island,
227 3441 73 23 which
315 3441 18 23 is
350 3443 96 23 situated
461 3445 23 22 in
501 3446 38 23 the
549 3448 84 23 middle

49 3467 26 22 of
91 3467 107 23 Foveaux
214 3468 86 27 Straits,
316 3469 18 21 is
350 3469 37 22 the
401 3471 65 22 usual
481 3474 115 24 residence
611 3477 26 21 of

47 3495 127 26 Tuawaike,
186 3495 45 22 and
240 3495 70 22 about
325 3500 42 18 two
383 3497 102 23 hundred
495 3500 64 23 other
568 3502 65 23 Mao-

45 3521 49 22 ries.
126 3521 22 22 It
157 3522 161 27 comprehends
329 3530 13 14 a
351 3523 42 23 few
409 3523 111 25 thousand
539 3535 62 16 acres
611 3530 26 21 of

48 3548 79 27 nearly
136 3548 58 22 level
204 3549 46 21 and
258 3549 114 29 generally
382 3551 92 22 wooded
488 3553 61 28 land,
562 3556 26 21 of
597 3556 36 22 in-

47 3575 151 22 considerable
209 3576 115 22 elevation.
353 3578 34 21 As
397 3578 62 22 there
466 3579 19 22 is
497 3587 29 14 no
535 3582 99 23 resident

47 3601 133 28 missionary
197 3605 22 19 at
235 3603 126 28 Roubouki,
379 3605 46 22 Mr.
445 3605 97 24 Volhers
560 3608 72 23 deter-

46 3628 76 22 mined
140 3636 31 14 on
185 3630 126 27 remaining
327 3631 61 22 here.
417 3631 39 23 He
470 3640 46 15 was
529 3636 104 23 received

46 3655 53 21 with
116 3662 58 20 open
189 3663 58 15 arms
263 3656 31 27 by
305 3656 36 22 the
357 3658 93 22 natives,
460 3659 50 23 who
527 3660 58 23 have
598 3669 35 16 re-

45 3681 75 28 cently
132 3681 55 26 (and
196 3682 53 22 with
266 3684 121 28 surprising
401 3686 106 28 rapidity)
518 3687 75 24 learnt
610 3692 22 19 to

45 3709 54 21 read
110 3709 44 22 and
171 3710 73 26 write;
260 3709 45 23 and
319 3718 38 15 are
372 3719 54 21 very
437 3713 100 23 desirous
550 3715 27 22 of
588 3715 44 23 far-

45 3735 49 21 ther
103 3735 137 22 instruction.

73 3767 77 22 While
158 3768 89 27 pasting
258 3768 64 28 along
331 3769 38 22 the
385 3774 60 19 coast
454 3772 99 24 between
564 3774 69 22 Moli-

45 3801 60 15 neux
116 3794 45 22 and
171 3794 107 23 Foveaux
294 3796 84 28 Straits,
390 3798 45 22 Mr.
445 3798 97 24 Tuckett
552 3801 80 24 visited

44 3821 90 22 Tontuk
151 3822 46 21 and
216 3822 121 28 Waikawa,
352 3827 43 19 two
418 3824 100 30 whaling
530 3827 100 28 stations,

45 3848 68 21 about
123 3848 79 22 twelve
218 3849 66 22 miles
298 3854 69 24 apart.
394 3851 74 23 There
483 3853 20 23 is
518 3854 42 22 but
575 3855 57 23 little

44 3874 54 22 land
113 3881 54 15 near
182 3875 37 22 tbe
234 3880 63 18 coast
309 3877 133 29 sufficiently
459 3879 63 23 level,
532 3884 24 20 to
572 3881 27 23 be
610 3883 25 22 of

44 3900 67 23 much
121 3901 73 27 value,
204 3903 59 22 until
272 3903 98 27 arriving
378 3911 54 17 near
440 3906 39 22 the
489 3907 66 23 Bluff.

703 116 49 21 The
761 116 78 22 mouth
854 116 26 21 of
886 116 37 22 the
937 117 64 21 Bluff
1013 117 105 21 Harbour
1131 115 42 22 lies
1189 116 69 22 about

677 145 38 19 ten
725 142 64 22 miles
797 146 47 18 east
853 143 26 21 of
886 143 47 21 that
943 143 24 21 of
974 143 37 21 the
1022 143 55 22 New
1088 142 76 22 River.
1183 142 23 22 A
1215 142 42 22 few

677 169 62 22 miles
748 169 79 21 inland
837 169 57 22 their
903 172 78 19 waters
988 168 110 29 approach
1105 168 76 22 within
1192 168 66 22 about

677 202 14 14 a
700 195 52 21 mile
761 195 27 21 of
797 195 55 22 each
868 195 63 22 other
936 212 7 5 -
959 195 37 22 tbe
1010 195 141 26 intervening
1164 197 94 25 country

675 221 68 26 being
752 221 76 27 nearly
836 221 67 22 level.
929 221 48 22 Tbe
986 221 64 23 Bluff
1055 221 18 23 is
1086 221 118 26 capacious
1213 221 45 23 and

677 247 123 28 sheltered;
811 247 44 22 and
864 247 23 22 in
893 254 67 20 every
965 251 86 24 respect
1057 255 13 14 a
1077 247 66 21 noble
1152 247 104 23 harbour.

675 273 49 21 The
733 273 58 22 New
806 273 69 23 River
884 274 45 22 also
945 275 69 21 forms
1023 281 14 15 a
1050 273 103 27 harbour,
1163 273 41 21 but
1212 273 18 21 it
1239 273 18 23 is

676 299 93 22 difficult
778 299 27 23 of
811 307 75 15 access
893 308 8 18 ;
915 300 41 22 has
965 307 15 15 a
988 308 54 19 very
1052 299 87 23 limited
1148 303 77 18 extent
1235 300 24 22 of

676 325 57 27 deep
747 329 79 24 water;
847 326 46 22 and
910 327 19 21 is
948 327 115 21 otherwise
1078 325 93 22 inferior
1189 329 23 19 to
1229 326 27 22 its

675 351 125 28 neighbour
808 355 24 19 at
840 353 37 21 tbe
887 353 65 22 Bluff.

702 378 49 22 The
768 378 137 23 last-named
922 379 97 22 harbour
1039 385 71 16 seems
1127 385 67 20 every
1209 386 47 20 way

675 404 86 27 worthy
771 405 26 21 of
803 405 67 27 being
879 405 65 22 made
953 405 39 22 the
1002 409 74 18 centre
1086 405 26 21 of
1119 412 14 14 a
1142 404 62 27 large
1214 410 42 17 set-

675 430 94 22 tlement
769 442 28 5 —
797 431 52 21 with
865 431 37 22 the
919 431 68 27 single
997 431 118 23 drawback
1126 430 24 22 of
1157 438 14 14 a
1181 434 76 20 wetter

675 457 45 21 and
730 465 61 14 more
800 465 75 14 severe
886 458 88 22 climate
984 458 55 22 than
1051 458 48 22 that
1108 458 26 21 of
1142 457 38 21 the
1189 465 68 19 gene-

675 484 66 26 rality
751 484 25 22 of
788 484 56 22 New
857 484 107 22 Zealand.
991 484 73 23 There
1073 484 19 21 is
1101 491 30 15 an
1141 484 115 23 unbroken

675 513 78 18 extent
770 510 27 21 of
811 510 57 22 level
887 511 53 21 land
957 511 57 22 from
1029 511 38 22 the
1082 510 58 22 New
1155 510 69 22 River
1235 515 21 18 to

675 536 91 22 Jacob's
774 536 75 28 River,
860 537 72 22 which
947 538 41 21 lies
1000 538 69 22 about
1078 536 102 27 eighteen
1194 538 62 22 miles

675 562 87 22 distant.
791 563 47 22 The
853 563 65 22 lands
934 571 29 15 on
971 564 38 22 the
1026 563 71 23 banks
1107 563 26 22 of
1145 563 36 22 the
1192 563 65 23 latter

673 588 60 23 river
741 589 20 22 is
770 589 27 22 of
802 589 37 22 tbe
849 593 56 18 most
919 590 110 22 excellent
1040 590 141 26 description.
1209 590 47 22 The

674 614 57 23 level
741 619 101 24 country,
853 616 71 22 which
936 617 18 21 ii
969 616 122 22 succeeded
1102 616 30 28 by
1142 616 43 22 low
1198 616 57 28 hills,

675 642 93 22 extends
778 649 69 19 many
855 643 64 22 miles
932 644 58 21 back
999 644 58 21 from
1073 642 38 22 tbe
1122 645 68 19 coast.
1218 644 38 21 In-

674 668 64 26 deed,
760 668 37 22 the
815 669 71 22 whole
909 673 91 24 country
1022 670 101 21 between
1146 668 44 23 this
1213 670 44 22 and

674 694 124 28 Molineux,
809 696 77 26 inland,
898 696 19 21 is
931 696 49 22 said
994 699 22 18 to
1033 696 27 22 be
1076 696 120 26 available;
1212 697 44 22 and

672 720 55 23 such
745 728 24 15 as
790 725 21 18 to
829 725 89 24 present
933 730 29 14 no
978 722 82 22 serious
1076 722 97 21 obstacle
1187 726 22 18 to
1220 723 36 22 the

673 747 120 22 formation
799 748 25 21 of
828 756 12 14 a
846 749 61 22 road.
935 749 45 22 Mr.
985 748 94 23 Tuckett
1085 755 44 14 was
1136 750 121 25 prevented

672 774 96 27 walking
778 781 52 15 over
839 775 44 22 this
892 775 43 22 fine
945 775 85 22 district
1046 776 29 27 by
1084 774 38 23 the
1132 775 124 23 reluctance

673 807 29 14 on
712 800 38 22 the
760 805 48 23 part
824 802 25 21 of
861 802 37 21 tbe
913 802 84 22 natives
1007 805 23 19 at
1039 802 37 22 the
1086 801 57 22 New
1152 802 69 21 River
1234 806 22 19 to

673 830 37 18 act
722 835 24 14 as
760 827 78 27 guides
853 832 23 18 at
892 828 43 23 this
950 828 123 23 inclement
1089 835 78 14 season
1182 828 26 22 of
1219 829 37 22 tbe

672 860 60 14 year.

699 880 47 21 The
764 880 80 27 village
862 881 25 22 of
900 881 105 26 Tuturou,
1022 881 48 22 that
1086 880 41 22 lies
1146 887 54 16 near
1214 881 41 23 this

672 909 69 23 route,
759 906 19 21 is
797 907 82 27 spoken
897 907 25 21 of
935 907 30 27 by
980 907 78 22 whites
1072 906 45 21 and
1132 908 86 21 natives
1234 916 21 14 as

672 931 67 28 being
757 932 95 22 situated
865 933 24 21 in
900 941 12 14 a
922 933 85 22 district
1016 934 26 21 of
1058 933 141 22 remarkable
1213 935 42 22 fer-

671 957 65 28 tility.
764 959 49 21 The
823 960 85 21 natives
913 960 108 26 .residing
1037 960 61 21 there
1108 966 37 15 are
1154 961 101 26 reported

672 987 22 19 to
704 984 27 22 be
741 986 112 21 extensive
863 986 126 21 cultivators
999 987 26 20 of
1032 986 80 21 wheat.

698 1018 74 22 While
783 1021 23 19 at
820 1019 36 21 the
876 1019 56 22 New
948 1019 77 28 River,
1041 1019 38 22 the
1093 1026 117 20 surveyors
1225 1024 31 19 at-

672 1044 81 22 tached
759 1047 22 19 to
788 1045 37 22 the
833 1046 126 27 expedition
966 1054 57 14 were
1031 1046 100 27 engaged
1136 1046 22 22 in
1166 1047 90 27 making

671 1078 13 14 a
703 1079 80 20 survey
799 1073 25 20 of
839 1073 24 26 it,
879 1073 23 21 in
919 1073 126 22 connexion
1063 1073 52 22 with
1133 1072 38 22 the
1190 1073 64 23 Bluff.

671 1097 63 28 They
743 1098 46 22 had
799 1099 45 21 also
854 1100 108 21 executed
978 1106 91 21 surveys
1079 1100 26 20 of
1112 1106 61 15 some
1185 1101 26 20 of
1219 1101 36 22 the

671 1124 107 23 harbours
794 1133 25 13 or
833 1126 54 27 bays
903 1126 125 27 previously
1037 1126 86 27 visited,
1134 1126 52 27 viz.,
1198 1127 58 22 Wai-

670 1150 97 26 kouaite,
788 1153 78 26 Otago,
891 1153 45 21 and
959 1153 123 22 Molineux.
1123 1153 132 23 Permission

671 1184 44 14 was
724 1178 24 21 in
759 1179 55 21 each
823 1179 99 22 instance
931 1179 47 21 first
987 1180 68 22 asked
1065 1179 45 23 and
1120 1180 102 22 received
1234 1182 23 21 of

671 1203 37 22 the
718 1205 98 21 resident
825 1206 92 20 nativss.

696 1237 73 22 There
779 1244 37 15 are
826 1237 54 22 both
895 1237 65 23 white
969 1238 45 22 and
1032 1237 75 23 native
1115 1238 106 23 residents
1234 1244 20 18 at

670 1264 90 22 Jacob's
770 1264 67 22 River
845 1264 44 22 and
896 1265 36 21 the
941 1265 65 22 Bluff.
1035 1267 32 20 At
1072 1265 39 21 the
1117 1265 57 22 New
1178 1266 75 28 River,

670 1298 12 14 a
692 1291 42 21 few
744 1291 87 21 natives
843 1291 53 26 only
905 1292 78 21 reside.

696 1317 100 27 Leaving
811 1318 38 22 the
865 1318 55 22 New
930 1318 68 22 River
1007 1326 30 15 on
1051 1319 36 21 the
1097 1318 53 22 29th
1160 1319 25 21 of
1195 1319 58 28 May,

670 1345 39 23 fcbe
717 1345 99 21 Deborah
825 1345 62 21 stood
903 1352 71 14 across
990 1345 36 22 for
1040 1346 111 21 Stewart's
1167 1346 86 28 Island;

668 1371 47 23 and
734 1374 47 20 cast
800 1371 83 22 anchor
903 1372 29 22 off
948 1372 127 22 Paterson's
1091 1372 69 22 River
1174 1380 30 14 on
1218 1373 36 22 the

669 1398 114 27 following
793 1399 49 26 day.

696 1430 48 22 The
754 1430 97 21 harbour
861 1437 24 14 so
896 1430 70 21 called
981 1430 18 22 is
1009 1430 87 23 formed
1111 1430 30 27 by
1151 1437 14 14 a
1174 1430 80 24 cluster

670 1456 25 22 of
701 1456 86 23 islands
797 1456 26 22 of
835 1457 87 21 various
936 1460 77 19 extent
1028 1458 45 21 and
1089 1464 29 14 an
1134 1457 58 22 inlet
1206 1458 47 22 that

669 1486 128 23 penetrates
813 1490 12 15 a
836 1483 151 22 considerable
999 1491 48 20 way
1056 1484 46 21 into
1119 1483 38 22 the
1174 1484 78 23 island.

669 1509 72 22 There
751 1510 18 21 is
780 1517 13 14 a
802 1513 61 23 great
875 1513 75 19 extent
958 1510 25 21 of
990 1510 56 28 deep
1054 1510 46 23 and
1109 1510 144 24 land-locked

668 1540 67 18 water
743 1544 5 19 ;
760 1536 46 22 and
812 1536 129 28 altogether,
952 1537 54 22 both
1011 1538 35 21 for
1056 1538 83 26 beauty
1147 1538 45 21 and
1202 1546 51 15 con-

669 1563 116 27 venience,
806 1563 42 22 this
871 1563 106 27 harbpuffi-
990 1564 19 21 is
1027 1564 156 27 pre-eminent.
1222 1566 31 21 Its

668 1590 77 21 shores
755 1597 37 14 are
802 1590 92 21 wooded
904 1590 127 23 anattertile
1040 1599 5 19 ;
1061 1592 40 21 but
1112 1591 61 22 often
1183 1594 68 26 steep.

667 1616 48 22 The
725 1616 58 22 level
793 1616 53 22 land
855 1620 23 17 at
887 1616 37 22 tho
934 1617 57 22 head
1001 1618 19 21 is
1028 1616 119 23 worthless.
1175 1618 77 23 Taken

669 1650 23 15 as
703 1651 14 14 a
727 1643 77 26 whole,
817 1644 110 21 Stewart's
938 1644 75 22 Island
1025 1644 52 22 does
1087 1647 40 18 not
1138 1651 82 21 appear
1230 1649 21 18 to

668 1669 71 22 afford
756 1677 13 14 a
786 1669 110 23 sufficient
912 1670 39 22 site
962 1671 34 21 for
1011 1678 14 14 a
1039 1671 61 25 large
1119 1671 132 23 settlement.

666 1696 73 23 There
750 1704 37 14 are
798 1696 46 22 said
859 1700 23 18 to
891 1697 28 22 be
929 1697 66 22 about
1004 1700 94 24 seventy
1109 1698 77 22 whites
1198 1700 48 21 resi-

668 1723 64 22 dents
752 1723 108 22 scattered
880 1724 83 22 around
981 1724 29 21 its
1027 1727 78 23 coasts,
1126 1726 85 21 several
1230 1727 24 21 of

668 1750 71 22 whom
750 1757 36 15 are
797 1753 23 18 at
830 1750 124 26 Paterspn's
964 1751 76 22 River.

694 1778 33 21 As
736 1780 43 19 two
790 1776 87 22 months
887 1778 44 21 had
941 1785 49 14 now
997 1777 88 29 elapsed
1096 1777 59 22 since
1167 1778 37 23 tho
1214 1787 38 14 ex-

666 1804 98 26 pedition
774 1804 45 21 had
833 1804 40 21 left
887 1804 91 26 Nelson,
990 1805 46 22 and
1049 1806 42 21 but
1100 1811 54 21 very
1164 1805 56 22 little
1230 1807 24 21 of

666 1837 14 14 a
689 1830 129 22 favourable
828 1834 78 18 nature
917 1831 64 22 could
990 1832 28 21 be
1028 1832 73 21 learnt
1112 1832 26 21 of
1149 1832 38 21 the
1198 1841 53 14 wes-

668 1860 47 19 tern
726 1861 61 18 coast
795 1857 58 22 from
865 1857 61 22 those
936 1858 49 22 who
995 1866 58 14 were
1060 1859 132 26 acquainted
1200 1860 51 21 with

666 1884 23 26 it,
710 1884 94 26 nothing
821 1891 49 15 now
886 1885 114 22 remained
1016 1886 40 21 but
1074 1888 23 18 to
1114 1886 95 24 proceed
1229 1890 22 18 to

667 1910 72 26 Otago
740 1922 27 4 —
767 1910 39 23 the
822 1911 40 21 site
873 1911 81 22 chosen
969 1912 29 27 by
1009 1912 45 22 Mr.
1065 1912 95 22 Tuckett
1170 1913 35 22 for
1214 1914 37 21 the

665 1937 127 22 settlement
802 1937 25 21 of
834 1938 53 21 New
901 1938 135 27 Edinburgh.

692 1970 48 21 The
751 1971 96 20 Xte&c:-2i
856 1969 70 23 juil-.d
935 1969 55 22 from
1002 1971 127 21 Rtterso';^
1141 1970 68 24 fiver
1220 1978 26 13 or.

665 1995 38 23 the
713 1998 48 20 31st
771 1997 26 21 of
810 1997 61 26 May,
884 1995 43 22 and
943 1996 86 22 arrived
1045 2001 22 17 at
1082 1995 118 23 Molineux
1213 1997 37 21 the

666 2027 54 17 next
730 2023 50 27 day.
809 2023 61 21 Here
883 2023 44 21 Mr.
938 2023 101 26 Tuckett,
1051 2023 40 22 Dr.
1103 2023 91 26 Munro,
1207 2024 42 20 Mr.

667 2049 132 27 Wilkinson,
810 2050 43 21 and
872 2050 43 21 Mr.
927 2049 119 22 Barmcoat
1059 2049 89 26 landed,
1159 2049 46 22 and
1215 2057 35 14 ac-

666 2077 131 26 companied
811 2077 29 26 by
851 2079 42 18 two
902 2075 85 22 natives
997 2084 24 13 as
1035 2075 84 28 guides,
1131 2076 86 22 walked
1228 2082 22 16 to

666 2103 80 26 Otago.
775 2104 33 20 As
826 2103 35 21 the
877 2105 92 24 country
988 2102 112 22 traversed
1116 2103 23 21 in
1155 2102 44 22 this
1211 2103 39 27 trip

665 2129 160 27 comprehends
840 2129 38 22 the
888 2129 53 22 land
950 2129 108 26 proposed
1068 2133 23 17 to
1101 2129 28 21 be
1140 2131 109 25 surveyed

664 2156 35 22 for
710 2156 37 22 the
763 2164 48 14 new
826 2157 131 25 settlement,
973 2163 13 14 a
995 2164 62 14 more
1073 2156 120 26 particular
1204 2157 46 21 des-

665 2183 94 27 cription
769 2190 51 20 may
830 2183 26 21 be
868 2183 113 21 desirable.

691 2215 48 21 The
749 2215 65 22 block
825 2215 54 22 from
889 2215 71 21 which
969 2215 18 21 it
1000 2215 20 21 is
1029 2215 109 28 proposed
1148 2218 23 19 to
1184 2215 66 22 select

664 2241 38 22 the
712 2242 65 21 lands
788 2242 25 21 of
820 2241 36 22 the
867 2242 56 21 New
931 2242 130 27 Edinburgh
1068 2242 135 27 settlement,
1212 2243 38 21 has

665 2276 13 14 a
687 2272 61 18 coast
757 2269 44 21 line
813 2269 25 21 of
844 2269 57 21 from
908 2268 48 27 fifty
964 2272 21 18 to
993 2269 59 27 sixty
1058 2268 64 23 miles
1132 2269 23 21 in
1166 2269 83 27 length,

664 2295 63 27 lying
736 2296 99 21 between
845 2295 38 21 the
893 2295 75 22 mouth
980 2296 25 21 of
1013 2296 71 27 Otago
1095 2295 99 22 harbour
1205 2297 44 22 and

665 2329 12 14 a
697 2322 111 21 headland
825 2322 73 21 called
913 2322 176 34 thej|Nuggetts,
1106 2323 69 21 about
1190 2323 60 22 three

664 2349 65 22 miles
739 2349 59 21 S.W.
811 2349 25 21 of
847 2349 129 22 MolinetiiV
1002 2349 23 21 It
1034 2349 94 22 extends
1144 2357 29 14 an
1188 2357 62 15 aver-

664 2383 42 20 age
718 2375 98 22 distance
825 2375 80 22 inland
915 2375 26 22 of
947 2376 68 21 about
1026 2383 67 15 seven
1103 2376 71 22 miles.
1204 2377 46 22 The

663 2403 75 20 hillier
752 2403 98 27 portions
864 2402 67 27 being
940 2403 99 27 omitted,
1051 2403 36 22 the
1103 2404 96 21 sections
1208 2404 42 22 will

663 2429 29 22 be
712 2429 66 22 taken
797 2429 24 22 in
842 2436 41 15 one
903 2429 130 22 continuous
1056 2430 52 26 line,
1130 2430 120 28 extending

665 2456 137 27 throughout
811 2456 38 22 the
860 2456 70 22 whole
941 2456 92 27 district,
1044 2456 126 28 branching
1180 2461 38 18 out
1228 2461 22 19 at

664 2483 89 22 various
762 2483 73 27 points
851 2490 24 14 so
886 2490 23 15 as
919 2486 22 19 to
951 2483 89 22 include
1057 2483 30 22 all
1100 2483 50 22 that
1159 2485 19 20 is
1194 2488 56 18 most

665 2509 120 22 desirable.
813 2510 47 21 The
872 2513 57 18 most
938 2510 138 23 remarkable
1082 2510 85 22 feature
1176 2511 24 22 in
1209 2512 41 21 this

665 2536 87 23 district
766 2537 20 22 is
800 2537 38 22 the
852 2540 64 24 great
933 2537 85 27 facility
1032 2538 26 21 of
1070 2537 97 22 internal
1183 2542 67 18 water

663 2564 195 21 communication.
887 2564 33 21 To
930 2571 22 14 so
962 2567 64 23 great
1035 2571 28 15 an
1075 2566 77 20 extent
1157 2565 45 22 will
1209 2565 41 22 this

663 2590 129 22 invaluable
802 2590 106 28 privilege
917 2590 28 21 be
956 2591 102 27 enjoyed,
1068 2590 48 23 that
1126 2599 29 14 no
1166 2592 84 22 section

663 2617 45 22 will
717 2617 28 22 be
755 2617 35 22 far
798 2617 63 27 from,
872 2617 46 22 and
927 2625 65 20 many
1002 2618 44 22 will
1061 2618 28 22 be
1098 2617 152 30 immediately

665 2644 105 32 adjacent
785 2647 29 23 to,
830 2651 13 14 a
858 2644 118 26 navigable
990 2644 61 23 river
1064 2651 25 16 or
1105 2644 88 28 lagoon.
1221 2646 29 21 In

664 2671 64 26 point
734 2671 26 22 of
766 2670 62 27 land,
837 2671 108 27 certainly
951 2671 62 22 there
1022 2670 57 23 need
1089 2674 40 19 not
1139 2672 27 21 be
1175 2679 29 15 an
1214 2672 36 22 in-

664 2697 67 22 ferior
739 2698 86 21 section
833 2698 25 21 in
867 2698 38 21 tbe
915 2698 70 21 whole
994 2698 135 21 settlement.

692 2731 48 21 The
760 2731 165 22 southernmost
943 2732 86 27 portion
1049 2733 24 21 of
1086 2732 45 22 this
1148 2733 67 23 block
1232 2735 19 21 is

665 2758 98 22 watered
781 2758 32 32 by
832 2758 37 22 the
889 2758 79 22 Rivers
988 2759 94 26 Puerua,
1105 2760 74 27 Koan,
1206 2761 44 22 and

666 2785 87 27 Matou,
764 2784 89 22 besides
863 2792 12 14 a
886 2785 117 22 multitude
1014 2786 26 22 of
1047 2787 91 22 smaller
1148 2791 101 19 streams.

665 2811 48 22 The
724 2815 43 19 two
776 2811 44 22 last
836 2812 82 21 named
932 2812 70 22 rivers
1021 2820 37 15 are
1078 2815 119 26 navigable
1216 2815 35 22 for

665 2838 84 22 vessels
769 2839 26 21 of
818 2838 150 22 considerable
987 2843 106 24 tonnage.
1123 2842 126 22 Connected

665 2865 55 21 with
738 2872 43 14 one
802 2865 99 27 another,
922 2865 44 22 and
985 2866 54 22 with
1058 2868 38 22 the
1117 2868 87 27 Matou,
1220 2869 31 28 by

665 2891 119 28 navigable
794 2895 100 24 streams,
906 2899 37 15 are
952 2892 38 23 the
1005 2893 94 27 lagoons
1114 2895 27 21 of
1154 2895 96 23 Kaiton-

663 2921 55 23 gata
727 2918 46 22 and
783 2919 114 26 Rakitoto,
908 2919 44 21 and
962 2920 33 21 six
1014 2921 63 22 miles
1093 2921 54 28 long
1160 2930 89 20 respec-

664 2945 77 26 tively.
778 2945 73 22 There
870 2946 72 22 fertile
960 2946 77 23 shores
1056 2947 44 23 will
1118 2949 87 22 furnish
1220 2958 29 14 an

665 2971 123 23 admirable
799 2972 66 22 series
875 2973 26 21 of
907 2973 95 22 sections
1008 2982 6 18 ;
1026 2975 37 22 the
1070 2975 55 28 only
1133 2976 116 23 drawback

665 3001 22 19 to
696 2998 73 22 which
784 2999 19 21 is
820 2998 37 22 the
873 2999 94 28 scarcity
987 3001 48 26 (not
1052 3002 37 22 the
1105 3002 106 29 absence)
1227 3005 24 21 of

664 3025 70 23 wood.
771 3026 49 22 The
838 3025 60 23 head
913 3027 25 21 of
956 3027 37 22 the
1009 3027 108 23 Rakitoto
1134 3029 80 27 lagoon
1230 3031 19 22 is

664 3052 68 21 about
752 3052 102 27 eighteen
869 3053 64 22 miles
950 3054 59 22 from
1026 3055 37 22 the
1079 3056 79 22 mouth
1174 3058 26 21 of
1212 3058 35 22 the

663 3079 93 27 Maton.;
772 3079 45 22 and
826 3079 60 27 here,
898 3080 23 21 in
931 3080 43 22 this
984 3081 115 27 direction,
1111 3086 68 19 water
1188 3091 60 15 com-

662 3106 138 22 munication
821 3114 80 14 ceases.
940 3107 71 23 There
1030 3109 19 22 is
1068 3116 30 15 no
1115 3109 132 24 formidable

663 3132 98 23 obstacle
771 3136 24 19 to
809 3133 37 23 the
861 3134 119 22 formation
997 3135 26 21 of
1040 3143 14 14 a
1072 3136 55 22 road
1146 3137 100 23 between

663 3159 44 23 this
717 3160 45 22 and
771 3160 38 22 the
825 3161 61 26 plain
902 3161 25 21 of
943 3161 38 22 the
999 3162 160 23 Tokomairiro.
1199 3165 47 22 The

661 3186 54 27 plan
725 3187 67 21 itself
801 3187 20 22 is
830 3187 68 22 about
906 3188 63 27 7,000
980 3196 62 15 acres
1058 3191 24 21 in
1098 3193 85 24 extent,
1201 3192 46 21 and

663 3214 93 22 consists
766 3214 94 28 entirely
874 3215 26 21 of
916 3222 60 19 grass
982 3224 6 19 ;
1004 3216 40 22 but
1059 3217 37 22 the
1113 3217 133 26 neighbour-

661 3241 40 26 ing
711 3240 51 22 hills
773 3248 37 14 are
819 3241 45 27 {not
879 3241 102 23 destitute
997 3243 26 21 of
1042 3243 72 22 wood.
1150 3245 96 27 Though

662 3267 51 21 well
724 3267 103 28 watered,
837 3268 18 21 it
863 3267 19 22 is
901 3268 45 22 free
961 3269 58 22 from
1039 3277 102 20 swamps.
1179 3272 67 22 From

662 3293 44 23 this
717 3294 73 27 valley
800 3294 61 22 there
870 3295 19 21 is
900 3294 80 23 almost
988 3303 14 15 a
1011 3296 59 22 level
1079 3304 52 20 pass
1140 3298 48 22 into
1199 3299 47 22 that

662 3321 26 21 of
705 3320 38 22 the
763 3320 75 27 Tairii,
860 3321 73 22 where
959 3326 68 18 water
1056 3325 189 24 communication

662 3347 67 27 again
740 3355 151 20 commences;
908 3349 43 21 and
961 3349 30 26 by
1000 3358 78 14 means
1094 3351 26 22 of
1131 3351 38 22 the
1184 3352 62 23 Wai-
1250 3358 2 15 ;

661 3374 54 22 hola
731 3375 90 26 Lagoon
837 3375 44 21 aud
901 3375 37 22 the
953 3376 69 22 Tairii
1037 3377 75 26 River,
1129 3380 116 23 continues
1250 3378 2 28 i

661 3401 157 28 uninterupted
836 3404 24 18 to
877 3401 77 23 within
973 3403 69 23 about
1060 3404 52 22 nine
1136 3406 64 23 miles
1222 3408 29 22 of!

662 3427 74 28 Otago
755 3428 103 22 harbour.
896 3428 48 23 The
962 3429 104 24 Waihola
1082 3432 47 21 and
1138 3432 106 25 Rakitoto
1250 3430 2 20 '

662 3454 104 27 Lagoons
776 3462 38 14 are
830 3455 67 22 about
912 3456 78 22 twelve
1006 3458 63 22 miles
1088 3462 69 24 apart.
1197 3461 47 22 The

661 3481 61 26 plain
732 3482 27 21 of
768 3481 38 22 the
817 3481 69 23 Tairii
894 3482 19 22 is
922 3490 98 21 swampy
1030 3488 23 18 to
1063 3492 14 15 a
1084 3485 62 28 large
1154 3490 77 19 extent
1238 3497 4 5 •

660 3508 49 27 but,
720 3516 30 14 on
760 3509 39 21 tht
809 3508 78 27 whole,
903 3509 44 22 will
960 3510 29 22 be
1006 3518 14 14 a
1033 3512 103 22 valuable
1151 3513 92 24 district.

661 3535 48 21 The
718 3535 60 22 river
787 3535 26 22 of
824 3535 37 22 the
872 3542 60 16 same
941 3544 65 15 name
1016 3538 61 23 flows
1086 3539 59 22 from
1154 3540 38 22 the
1207 3549 38 15 sea

661 3561 69 23 about
740 3565 84 24 twenty
833 3570 25 14 or
875 3562 68 28 thirty
960 3564 64 22 miles
1039 3566 65 22 south
1120 3566 25 23 of
1164 3567 79 29 Otago.

660 3588 46 22 For
715 3589 38 21 the
763 3589 48 21 first
826 3589 44 23 five
889 3589 63 23 miles
972 3591 58 22 from
1044 3592 28 22 its
1087 3594 87 25 mouth,
1189 3594 20 22 it
1225 3595 19 22 is

661 3615 105 22 confined
775 3615 78 23 within
868 3615 56 28 lofty
933 3617 46 23 and
987 3619 133 27 precipitous
1130 3621 51 22 hills
1196 3622 48 22 that

659 3641 77 28 barely
746 3642 73 22 afford
825 3641 19 23 it
852 3650 63 15 room
925 3646 23 20 to
957 3652 57 20 pass.
1050 3646 95 27 Beyond
1154 3647 43 23 this
1207 3649 37 22 the

660 3667 74 28 valley
744 3669 111 26 suddenly
865 3676 76 23 opens,
957 3671 43 22 and
1011 3672 38 23 the
1058 3673 58 22 river
1126 3674 116 28 branches,

658 3694 94 27 leading
761 3699 22 17 to
793 3695 38 23 the
842 3695 101 23 Waihola
952 3705 29 15 on
991 3699 38 22 the
1040 3700 72 27 south,
1124 3701 44 22 and
1183 3709 61 19 pass-

659 3721 39 26 ing
706 3721 98 28 through
814 3722 37 22 the
862 3723 55 22 bulk
927 3724 25 22 of
958 3724 37 22 the
1004 3726 75 28 valley
1089 3734 30 15 on
1125 3728 37 22 the
1169 3729 73 22 north.

661 3747 56 23 Like
727 3748 37 22 the
774 3749 133 28 preceeding
917 3749 101 30 districts,
1030 3753 43 22 this
1082 3753 20 22 is
1110 3754 76 23 rather
1191 3756 53 22 bare

660 3774 27 22 of
696 3775 70 21 wood.

687 3808 105 23 Between
802 3809 38 22 the
849 3810 70 22 Tairii
936 3812 44 22 and
995 3812 80 29 Otago,
1091 3813 40 23 the
1149 3819 94 25 country

660 3836 116 22 continues
785 3836 80 27 chiefly
875 3837 27 22 of
912 3837 50 23 hills
970 3839 25 21 of
1003 3841 114 23 moderate
1124 3841 110 25 elevation

659 3862 96 23 covered
769 3862 54 23 with
838 3871 15 15 a
870 3864 59 27 good
947 3866 48 22 soil.
1034 3867 60 23 Over
1110 3868 70 29 them,
1199 3871 44 23 and

659 3889 97 27 through
767 3890 37 21 the
814 3897 73 21 passes
898 3892 107 28 between,
1016 3900 14 16 a
1040 3894 134 27 practicable
1189 3898 54 22 road

658 3916 73 27 might
739 3916 86 27 readily
833 3917 28 23 be
871 3918 92 24 formed.

2047 3863 79 18 Printed
2140 3866 38 16 and
2190 3865 100 21 published
2307 3870 56 16 every
2378 3860 99 27 Wednesday

1921 3883 90 21 morning
2032 3884 24 20 by
2076 3885 90 18 Edward
2186 3887 49 19 Bob,
2251 3888 19 15 at
2290 3887 33 17 the
2345 3886 54 18 Ofliee
2413 3884 19 16 of
2453 3884 24 14 »•

1922 3904 49 17 NJSW
1985 3904 99 18 ZIALAVD
2096 3906 94 18 GAZETTE
2201 3911 42 14 AND
2255 3907 138 18 WBLLIWQTOy
2407 3906 70 17 Sttfftt'

1921 3930 45 13 tor,
1978 3926 158 21 Minnen-itnot,
2145 3928 115 22 Wellington,
2273 3929 47 17 Part
2331 3927 102 20 Nicholson,
2444 3924 33 19 NeW

1922 3948 86 16 Zenland.

567 30 98 47 2Tt)C
691 31 118 41 Wrtu
835 31 206 40 Ztalanto
1067 30 189 45 i&aitttt
1281 31 91 39 attft
1399 30 302 47 CWsWugtoit
1726 30 259 47 Sittttatm-

1311 115 38 22 On
1359 115 37 22 the
1407 115 79 28 whole,
1498 115 37 23 the
1553 117 69 22 result
1637 117 28 22 of
1681 118 44 26 this
1741 118 131 29 interesting

1284 141 42 28 trip
1336 144 61 20 must
1406 142 28 22 be
1444 142 38 22 the
1498 142 50 22 firm
1566 143 127 22 conviction
1705 144 25 22 in
1745 144 39 23 the
1800 146 72 22 minds

1284 168 26 22 of
1321 168 31 22 all
1362 168 50 22 who
1422 168 55 22 took
1486 176 14 14 a
1508 171 49 24 part
1565 170 25 21 in
1601 170 23 27 it,
1637 170 27 21 of
1675 170 37 22 the
1728 171 75 27 ample
1820 172 52 22 field

1283 195 35 21 for
1327 194 148 22 colonization
1486 195 99 22 afforded
1594 196 30 27 by
1635 197 38 20 the
1691 197 87 22 Middle
1795 198 77 22 Island

1284 221 25 21 of
1321 221 55 21 New
1394 220 108 24 Zealand.
1539 222 22 22 It
1579 230 53 19 may
1649 223 27 21 be
1691 223 139 27 considered,
1849 231 23 15 as

1284 247 144 26 ascertained,
1439 247 49 22 that
1498 255 14 14 a
1521 251 48 19 vast
1578 252 59 18 tract
1642 249 26 21 of
1674 252 94 24 country
1780 251 92 21 extend-

1283 273 39 26 ing
1333 273 58 21 from
1401 273 60 27 sixty
1477 274 64 22 miles
1556 275 66 21 north
1637 275 28 22 of
1682 275 53 22 Port
1749 277 86 26 Cooper
1849 280 23 18 to

1284 299 90 22 Jacob's
1385 299 69 22 River
1463 303 24 19 at
1496 301 38 21 the
1544 301 107 22 southern
1661 303 118 26 extremity
1796 303 25 21 of
1835 302 37 22 the

1284 325 82 27 Island,
1378 326 81 22 admits
1470 327 26 21 of
1507 327 132 27 occupation
1655 329 24 21 in
1696 335 41 15 one
1754 329 118 22 unbroken

1283 352 54 21 line.
1374 352 60 22 How
1452 353 35 21 far
1500 353 46 21 into
1562 353 38 22 the
1610 354 93 22 interior
1712 355 55 21 such
1778 358 94 25 country

1284 385 52 20 may
1355 379 90 26 extend,
1465 379 21 21 is
1505 379 44 22 still
1568 380 183 28 undetermined;
1773 381 43 22 but
1834 381 38 22 the

1282 407 64 24 great
1355 412 87 15 success
1451 406 117 27 attending
1585 407 43 21 this
1646 407 127 28 expedition
1791 411 81 19 cannot

1282 431 41 21 but
1333 431 56 22 have
1408 433 122 25 generated
1548 440 13 14 a
1576 433 71 21 belief
1660 433 48 23 that
1726 434 87 22 farther
1831 442 40 14 ex-

1284 458 110 26 ploration
1412 458 46 22 will
1480 458 28 22 be
1531 459 115 23 rewarded
1668 460 31 27 by
1721 460 85 22 farther
1829 461 43 21 dis-

1284 484 105 21 coveries.

1315 547 35 24 At
1362 547 37 24 the
1411 548 129 24 Rochester
1546 550 161 30 police-office,
1721 558 29 16 on
1759 551 112 30 Monday,

1284 580 69 31 Mary
1364 580 55 24 Ann
1430 581 103 30 Walton,
1546 590 14 15 a
1571 583 98 22 married
1680 591 95 22 woman,
1787 589 85 27 twenty

1283 620 65 24 years
1371 613 24 23 of
1420 621 50 23 age,
1493 614 74 23 whose
1587 615 106 23 husband
1713 617 20 22 is
1752 625 15 14 a
1785 618 87 29 private

1283 645 83 24 soldier
1378 645 24 24 of
1420 646 38 24 the
1470 647 59 23 96th
1541 647 133 31 Regiment,
1684 656 51 16 now
1743 657 30 15 on
1785 651 87 22 service

1283 679 23 22 in
1325 678 100 31 Sydney,
1445 679 58 24 New
1515 680 74 23 South
1606 680 88 30 Wales,
1707 689 45 16 was
1771 682 99 31 charged

1283 711 53 23 with
1348 712 99 31 stealing
1460 720 13 15 a
1484 712 68 24 silver
1564 713 80 28 watch,
1658 714 54 30 gold
1728 714 74 30 chain,
1816 717 54 28 seal,

1283 744 43 23 and
1338 744 44 23 five
1392 745 54 29 gold
1459 745 72 29 studs,
1544 750 24 19 at
1579 745 114 24 Chatham
1705 746 117 31 barracks,
1833 749 39 23 the

1283 781 106 27 property
1401 778 25 23 of
1441 778 78 24 Lieut.
1538 778 103 24 William
1661 779 110 32 D'Oyley
1790 781 80 31 Aplin,

1283 809 24 23 of
1334 809 38 24 the
1395 811 65 23 22nd
1483 811 125 31 Regiment
1630 812 27 23 of
1680 812 67 25 Foot.
1791 814 79 25 Lieut.

1282 842 74 31 Aplin
1376 844 50 23 said
1446 844 29 23 he
1498 844 44 24 had
1564 845 59 23 been
1642 847 119 29 quartered
1785 847 24 23 in
1832 848 39 23 the

1283 874 108 24 barracks
1402 876 37 23 for
1451 876 38 23 the
1507 880 52 26 past
1569 877 66 23 three
1653 879 98 28 months,
1764 879 45 23 and
1826 880 45 23 had

1284 907 81 24 known
1383 908 38 23 the
1432 908 83 23 female
1532 910 103 29 prisoner
1653 910 30 30 by
1705 910 38 24 the
1760 919 67 16 name
1849 913 24 23 of

1423 941 36 23 for
1481 941 69 23 about
1568 942 62 23 three
1653 943 55 30 days
1730 943 79 24 before
1831 945 39 24 the

1282 973 105 31 robbery,
1408 974 41 23 she
1469 974 68 31 being
1557 975 111 31 engaged,
1682 976 53 23 with
1753 976 118 31 Angelina

1283 1006 64 29 Skey
1359 1007 43 23 and
1414 1007 96 23 another
1521 1007 51 32 girl,
1585 1013 23 18 to
1743 1009 39 24 the
1794 1016 76 24 apart-

1282 1042 83 26 ments,
1378 1040 54 28 &c,
1448 1040 46 23 and
1506 1040 57 24 their
1581 1041 93 24 dinners
1686 1049 58 16 were
1765 1044 105 30 supplied

1282 1072 58 25 from
1369 1073 37 23 the
1437 1080 145 17 mess-room.
1620 1074 51 24 The
1693 1076 104 30 prisoner
1825 1077 46 23 had

1283 1106 104 23 attended
1398 1105 36 24 his
1447 1110 111 26 quarters,
1571 1114 26 15 as
1609 1107 51 24 well
1672 1115 25 16 as
1710 1108 64 24 those
1787 1109 26 23 of
1831 1110 39 23 the

1283 1139 64 24 other
1360 1139 96 28 officers,
1470 1139 45 23 and
1525 1140 82 30 during
1618 1140 50 23 that
1680 1141 54 23 time
1743 1141 29 24 he
1785 1143 85 23 missed

1282 1171 35 24 his
1329 1172 80 24 watch.
1448 1172 40 23 He
1498 1173 164 31 subsequently
1669 1174 100 23 received
1782 1183 13 14 a
1802 1175 68 24 letter

1282 1206 79 29 Bigned
1528 1206 59 22 from
1606 1206 106 29 London,
1725 1207 74 23 which
1815 1216 54 16 con-

1283 1239 74 23 tained
1369 1247 16 14 a.
1395 1238 171 30 pawnbroker's
1585 1239 114 30 duplicate
1710 1240 35 23 for
1757 1248 13 15 a
1788 1241 81 29 watch,

1281 1272 93 31 pawned
1386 1272 35 22 for
1433 1272 37 23 £3
1483 1273 36 23 3s.
1556 1272 39 23 On
1606 1272 40 23 the
1658 1273 124 30 prisoner's
1790 1278 80 20 return

1282 1306 26 21 he
1326 1305 45 23 had
1383 1305 135 30 acquainted
1535 1305 41 23 her
1592 1305 56 23 with
1660 1306 35 23 his
1713 1306 55 28 loss,
1782 1307 48 23 said
1851 1308 19 23 it

1282 1346 44 15 was
1338 1338 35 23 his
1385 1338 94 22 father's
1491 1338 50 30 gift,
1557 1338 44 23 and
1611 1338 29 23 he
1654 1339 72 23 would
1736 1344 40 18 not
1787 1340 48 23 lose
1851 1341 19 22 it

1282 1379 27 15 on
1332 1378 45 23 any
1399 1375 104 19 account.
1556 1371 48 23 She
1627 1372 86 30 replied
1736 1372 40 23 she
1801 1373 66 24 knew

1281 1404 95 30 nothing
1387 1404 69 23 about
1468 1404 18 23 it
1493 1413 6 19 ;
1529 1404 41 23 but
1582 1404 58 24 after
1653 1405 28 23 he
1694 1405 44 23 had
1750 1406 120 24 consulted

1281 1437 52 23 with
1345 1437 36 23 his
1392 1437 94 23 brother
1494 1438 96 28 officers,
1602 1437 29 23 he
1642 1437 117 32 distinctly
1769 1439 99 31 charged

1281 1470 46 28 her,
1341 1470 41 23 but
1393 1470 133 24 she«denied
1538 1471 25 27 it,
1581 1471 89 30 saying,
1725 1472 48 24 Mr.
1786 1472 81 31 Aplin,

1281 1503 62 23 don't
1354 1503 27 23 be
1393 1503 79 28 afraid,
1486 1503 38 23 the
1535 1503 73 23 watch
1620 1504 47 23 will
1677 1504 28 23 be
1717 1509 39 26 got

1281 1536 169 31 Subsequently
1462 1536 29 23 he
1503 1537 85 23 missed
1599 1537 48 24 five
1659 1538 72 28 studs,
1744 1538 125 31 belonging

1280 1574 21 19 to
1314 1570 36 22 his
1362 1569 168 29 shirt-sleeves,
1551 1569 44 23 aud
1607 1570 85 29 breast,
1712 1575 24 19 at
1747 1571 39 23 the
1806 1580 63 15 same

1280 1604 53 22 time
1347 1603 48 23 that
1413 1611 14 14 a
1444 1603 104 30 garrison
1566 1602 66 23 order
1645 1611 45 15 was
1708 1604 161 31 promulgated

1280 1636 91 23 relative
1384 1640 23 18 to
1425 1643 63 16 some
1501 1636 63 23 other
1582 1636 55 31 gold
1656 1637 73 23 studs.
1731 1649 35 4 —
1767 1637 102 25 William

1281 1669 59 30 Day,
1355 1669 117 30 employed
1485 1669 30 30 by
1528 1668 47 24 Mr.
1590 1669 110 29 Cotterel,
1708 1670 158 30 pawnbroker,

1281 1703 22 22 of
1321 1702 45 24 No.
1380 1703 58 28 164,
1449 1702 181 29 Oxford-street,
1639 1702 104 29 London,
1752 1703 117 25 identified

1280 1735 37 23 the
1334 1736 105 30 prisoner
1457 1743 25 15 as
1501 1735 85 30 having
1608 1735 98 31 pledged
1729 1736 37 23 the
1787 1738 80 29 watch,

1281 1769 72 28 chain,
1366 1769 43 22 and
1427 1768 54 31 key,
1495 1769 34 22 for
1547 1769 37 23 £3
1599 1770 36 22 3s.
1637 1781 34 4 —
1672 1769 76 23 James
1771 1770 96 31 Munn's,

1281 1802 128 30 apprentice
1434 1806 22 18 to
1481 1801 48 24 Mr.
1559 1801 85 29 Essex,
1670 1802 149 31 pawnbroker
1846 1809 24 18 at

1280 1834 143 29 Gravesend,
1435 1834 117 24 identified
1564 1835 40 23 her
1616 1843 25 15 as
1653 1835 108 31 pledging
1773 1837 38 23 the
1825 1837 44 24 five

1281 1867 66 24 studs
1357 1872 23 19 at
1397 1868 35 23 his
1445 1868 105 23 master's
1568 1868 56 31 shop
1636 1868 36 23 for
1693 1870 36 23 6s.
1733 1881 33 4 —
1767 1869 101 24 Thomas

1281 1901 82 28 Biuns,
1378 1901 38 23 the
1437 1901 115 24 constable
1571 1901 49 23 who
1642 1902 55 23 took
1709 1902 37 23 the
1764 1903 105 31 prisoner

1263 1926 7 30 I
1279 1935 47 21 into
1340 1934 94 30 custody
1455 1935 24 22 in
1493 1935 37 22 the
1551 1935 93 28 Strand,
1658 1935 49 23 said
1725 1936 50 23 that
1787 1940 23 19 at
1830 1937 38 23 the

1263 1958 9 37 \
1282 1981 3 4 .
1290 1966 4 10 :
1298 1973 35 14 :.:-j
1354 1966 38 22 &he
1415 1966 109 23 ndinittfcj.
1545 1967 84 29 having
1649 1968 37 22 the
1700 1968 70 22 watch
1783 1969 23 21 in
1827 1969 42 23 her

1279 1997 61 23 hand
1352 1998 22 22 in
1389 1999 38 22 the
1440 1999 122 30 prisoner's
1575 2007 71 21 room,
1669 2000 40 23 but
1720 2001 39 22 she
1773 2001 38 23 did
1829 2008 40 17 not

1281 2030 52 23 take
1341 2032 24 22 it.
1402 2032 48 23 She
1461 2032 102 23 received
1573 2032 37 23 the
1621 2032 72 23 ticket
1700 2033 57 23 from
1770 2042 13 14 a
1792 2042 77 23 young

1279 2070 88 16 woman
1387 2065 23 22 in
1430 2064 106 29 London,
1557 2065 44 23 and
1613 2073 57 22 gave
1689 2067 108 29 sixpence
1811 2072 21 18 to
1855 2077 13 14 a

1279 2097 69 29 youth
1361 2098 23 22 in
1396 2105 13 15 a
1421 2098 129 23 stationer's
1563 2098 56 31 shop
1632 2103 24 18 to
1668 2100 62 22 write
1743 2100 39 22 the
1801 2100 66 24 letter

1279 2131 101 21 received
1394 2131 28 30 by
1434 2130 78 24 Lieut.
1527 2131 78 31 Aplin.
1644 2132 50 23 The
1708 2133 75 28 office^
1802 2134 65 23 iden-

1279 2163 61 23 tified
1355 2163 37 23 the
1411 2163 72 24 whole
1503 2164 25 23 of
1550 2165 37 22 the
1605 2170 108 26 property
1734 2166 115 30 produced
1860 2176 5 20 ;

1280 2196 36 22 the
1334 2197 73 23 watch
1427 2197 27 23 he
1476 2197 80 23 valued
1569 2202 23 18 at
1609 2199 39 23 £5
1664 2200 50 22 10s.
1716 2211 34 4 —
1750 2199 118 30 Angelina

1279 2229 71 31 Skey,
1369 2237 29 16 an
1417 2230 245 32 interesting-looking
1680 2232 53 30 girl,
1748 2233 30 25 17
1802 2241 65 22 years

1279 2263 24 22 of
1318 2270 50 23 age,
1381 2262 50 24 who
1444 2270 45 16 was
1500 2264 99 31 brought
1610 2263 80 25 before
1703 2265 37 23 the
1753 2266 114 24 Chatham

1278 2297 144 30 magistrates
1434 2296 45 23 last
1499 2297 63 24 week
1575 2298 29 30 by
1616 2297 42 24 her
1676 2303 64 23 aunt,
1754 2299 50 23 who
1823 2299 44 24 had

1280 2329 57 23 been
1349 2329 115 24 assaulted
1476 2330 31 31 by
1516 2330 140 24 Lieutenant
1668 2331 79 32 Aplin,
1757 2333 21 21 in
1792 2333 76 24 whose

1279 2370 63 15 room
1361 2363 40 23 she
1422 2371 46 15 was
1489 2363 79 29 found,
1591 2364 46 23 and
1659 2365 49 23 who
1729 2366 92 23 refused
1845 2371 22 19 to

1279 2396 120 23 surrender
1421 2396 49 29 her,
1495 2397 48 23 said
1570 2397 50 23 that
1640 2397 40 24 she
1703 2406 46 16 was
1773 2404 23 18 at
1820 2399 49 24 that

1279 2429 95 23 officer's
1387 2434 104 26 quarters
1501 2438 27 15 on
1537 2430 38 24 the
1584 2430 44 32 day
1640 2431 64 24 when
1717 2432 36 23 the
1764 2433 104 30 prisoner

1278 2461 93 24 Walton
1384 2462 55 24 took
1450 2471 31 23 up
1500 2463 38 23 the
1550 2464 72 23 watch
1642 2465 59 23 from
1713 2465 37 23 the
1768 2466 99 24 mantel-

1277 2495 71 31 piece,
1370 2496 44 23 and
1427 2497 57 28 said,
1504 2497 18 23 it
1534 2505 44 15 was
1599 2505 14 16 a
1622 2502 78 26 pretty
1718 2498 72 23 watch
1801 2507 5 20 ;
1827 2500 40 23 she

1277 2528 82 24 should
1376 2529 49 24 like
1446 2535 23 17 to
1492 2530 56 24 have
1567 2531 26 28 it,
1615 2531 42 23 but
1675 2532 18 22 it
1714 2531 36 23 did
1773 2537 40 18 not
1827 2540 38 23 go.

1279 2561 46 23 She
1346 2561 54 24 then
1420 2563 46 24 laid
1486 2564 17 23 it
1522 2563 64 24 down
1606 2571 29 16 on
1654 2564 38 23 the
1711 2565 68 24 table.
1818 2566 47 23 Mr.

1277 2594 72 31 Aplin
1362 2595 71 23 asked
1444 2596 42 24 her
1498 2597 68 23 about
1578 2597 37 23 the
1628 2597 73 23 watch
1714 2606 28 14 on
1762 2599 103 30 Sunday,

1278 2628 65 23 when
1355 2629 40 23 she
1407 2629 50 23 said
1475 2630 42 23 she
1528 2630 44 23 had
1592 2635 40 18 not
1645 2638 54 16 seen
1718 2632 18 22 it
1747 2632 64 23 since
1829 2632 38 24 the

1277 2660 84 24 former
1372 2662 44 30 day
1426 2671 6 20 ;
1458 2663 39 23 the
1508 2664 103 29 prisoner
1628 2664 94 23 Walton
1734 2664 41 24 left
1788 2674 28 14 on
1829 2666 38 24 the

1278 2694 93 31 Sunday
1381 2696 98 31 evening
1488 2697 45 22 and
1541 2704 47 15 was
1596 2697 81 23 absent
1689 2705 68 16 seven
1768 2698 64 32 days.
1834 2712 36 4 —

1279 2727 50 23 The
1349 2732 55 19 aunt
1424 2733 23 19 to
1467 2729 38 23 the
1523 2730 45 22 last
1587 2730 94 24 witness
1700 2731 48 23 said
1769 2731 51 25 that
1837 2733 32 31 by

1278 2760 108 24 direction
1406 2762 26 22 of
1447 2761 39 24 the
1506 2768 63 18 court
1588 2763 42 23 she
1647 2763 45 24 had
1711 2764 158 25 endeavoured

1278 2799 21 18 to
1312 2802 38 15 see
1364 2794 38 24 Sir
1414 2795 104 24 Thomas
1535 2796 111 24 Wilshire
1659 2801 22 19 at
1693 2797 38 25 the
1749 2798 119 31 barracks,

1277 2828 40 22 but
1339 2835 46 16 was
1402 2828 93 24 refused
1517 2829 146 25 admittance.
1700 2831 47 24 She
1759 2832 50 24 said
1829 2833 41 24 her

1276 2861 64 23 niece
1359 2861 46 23 had
1425 2862 46 23 lost
1487 2862 41 24 her
1540 2862 125 31 character,
1686 2865 45 23 and
1743 2865 40 25 she
1803 2866 66 24 could

1276 2897 41 20 not
1338 2893 59 33 keep
1409 2895 42 23 her
1469 2904 26 15 or
1516 2896 53 24 take
1588 2897 40 23 her
1646 2897 68 29 back,
1733 2898 35 24 for
1779 2900 49 23 fear
1848 2901 25 22 of

1276 2926 103 32 injuring
1391 2928 41 23 her
1444 2929 68 23 sister
1522 2938 6 15 :
1559 2929 40 24 she
1609 2935 65 19 mast
1691 2939 51 16 now
1753 2940 30 23 go
1796 2937 23 19 to
1831 2933 39 23 the

1277 2959 87 26 Union.
1368 2973 33 5 —
1402 2961 141 25 Lieutenant
1561 2963 76 31 Aplin
1658 2965 56 29 said,
1734 2966 54 23 with
1800 2966 70 23 vehe-

1275 3001 88 21 mence,
1376 2994 51 24 that
1435 2995 21 23 if
1475 2996 120 31 Angelina
1606 2997 75 24 would
1693 3006 62 16 come
1774 2999 60 24 back
1848 3005 22 18 to

1274 3027 55 28 him,
1350 3027 30 23 he
1399 3028 77 24 would
1498 3029 58 32 keep
1580 3029 54 25 her.
1672 3031 50 24 The
1743 3037 65 18 court
1829 3041 41 16 ex-

1274 3060 94 31 pressed
1387 3061 144 31 indignation
1545 3067 24 19 at
1586 3063 36 23 his
1641 3063 140 32 disgraceful
1800 3065 70 32 levity

1274 3100 24 16 as
1310 3101 14 15 a
1335 3093 132 31 geutleman
1479 3096 25 23 in
1522 3095 49 24 that
1583 3100 73 20 court.
1693 3097 51 24 The
1764 3099 106 30 prisoner

1275 3126 93 24 Walton
1387 3135 46 16 was
1444 3128 56 24 then
1520 3129 133 24 committed
1672 3130 35 24 for
1722 3132 53 23 trial
1788 3136 23 20 to
1831 3133 39 23 the

1274 3159 132 25 Maidstone
1430 3162 96 29 assizes,
1550 3162 45 24 and
1618 3163 40 23 the
1680 3165 86 30 parties
1789 3166 81 24 bound

1263 3202 3 6 •
1274 3199 53 17 over
1338 3197 23 20 to
1380 3201 92 23 appear.

1902 111 107 21 Candles
2017 118 5 14 :
2030 110 98 27 English
2135 117 59 19 wax,
2200 117 42 20 per

2046 136 25 22 lb
2250 138 13 19 0
2291 138 15 20 2
2335 138 13 20 3
2366 151 19 7 ..
2405 139 15 19 O
2448 141 12 20 3
2487 143 13 21 9

2010 164 80 25 Sperm
2250 164 13 20 0
2292 164 94 20 110..
2404 166 16 20 O
2448 167 12 20 3
2487 170 13 19 0

2009 190 84 21 Mould
2250 191 12 19 0
2291 191 14 20 O
2334 191 84 21 6..0
2448 193 12 19 0
2486 195 12 21 8

2011 216 58 27 Dips
2249 217 13 20 0
2291 217 14 20 0
2333 216 13 20 5
2364 230 20 6 ..
2403 219 14 19 0
2446 220 14 18 0
2486 223 12 17 o

1903 242 93 22 Flour:
2005 242 135 27 lstquality,
2152 245 84 25 perton

2023 267 138 24 of2ooolbs
2232 268 24 21 15
2285 270 15 19 0
2328 271 15 18 O
2361 270 56 21 ..16
2447 273 13 19 0
2485 276 12 19 0

2000 296 47 22 2nd
2056 295 58 22 ditto
2248 296 13 20 0
2291 297 14 19 0
2333 297 51 20 0..
2404 297 14 20 0
2446 299 14 19 0
2485 303 12 18 0

1902 321 76 23 Flax:
1992 322 30 22 N.
2033 322 27 22 Z.
2070 324 89 25 perton
2184 321 77 21 ....15
2290 323 15 20 0
2332 323 15 20 0
2364 335 20 7 ..
2402 324 15 19 O
2445 325 13 19 0
2484 329 12 18 o

1928 348 45 23 Do.
1974 359 28 5 —
2004 356 28 15 on
2037 347 101 24 board—
2138 346 120 28 pressedl7
2288 349 14 20 0
2330 349 14 20 0
2363 362 19 7 ..
2401 350 15 19 0
2444 352 13 19 0
2484 354 11 19 C

1902 375 61 21 Gin:
1984 376 53 21 Pale
2053 375 26 21 in
2089 374 63 23 bond
2250 375 13 20 0
2291 375 14 20 3
2334 376 13 19 6
2364 388 20 7 ..
2403 376 14 19 0
2446 378 12 19 5
2484 381 13 18 G

1952 401 61 27 Case,
2021 400 212 28 4gal4-s»inbond
2248 401 10 19 1
2290 402 13 19 0
2332 402 14 19 0
2364 414 19 7 ..
2403 402 12 19 1
2445 403 13 20 5
2484 407 12 19 o

1902 426 82 23 Hams:
2000 428 130 21 Yorkshire,
2146 427 87 28 perlb.
2249 429 13 19 0
2291 428 14 20 0
2334 427 13 20 5
2365 442 19 6 ..
2404 430 14 19 0
2446 431 13 19 0
2483 431 11 21 7

1984 454 27 23 N.
2025 454 26 21 Z.
2062 461 41 20 per
2113 454 23 21 lb
2250 456 12 19 0
2291 455 14 20 0
2334 456 14 19 0
2365 468 6 6 .
2378 468 6 7 .
2404 456 14 20 0
2446 457 14 20 0
2484 459 12 19 5

1902 479 127 24 Mustard:
2046 480 43 21 Per
2098 480 72 22 dozen
2185 494 46 7 ....
2250 482 12 20 0
2279 480 27 21 16
2334 482 14 19 0
2365 494 19 7 ..
2404 482 14 20 0
2434 482 25 21 18
2485 487 12 18 0

1902 506 102 23 Mutton
2010 515 5 14 :
2038 507 96 21 Carcase
2144 514 40 19 per
2193 506 23 21 lb
2229 522 5 5 .
2250 508 12 20 0
2290 509 14 19 0
2334 508 13 20 7
2364 521 6 6 .
2377 522 7 5 .
2403 508 14 20 0
2446 510 13 19 0
2484 512 11 19 9

1902 533 122 22 Muskets:
2143 532 93 23 stocked
2250 535 12 20 0
2277 534 26 21 15
2333 535 14 20 0
2364 548 20 6 ..
2405 535 10 20 1
2446 537 13 19 0
2486 539 11 19 0

1903 559 77 22 Milk:
1997 560 41 22 Per
2045 560 51 26 pint
2249 562 12 19 0
2290 562 13 19 0
2331 561 14 20 2
2363 574 19 7 ..
2402 562 15 19 0
2444 563 14 19 0
2483 565 11 20 3

1902 586 93 22 Maize:
2009 593 40 21 per
2060 586 82 21 bushel
2249 588 13 19 0
2290 588 13 20 3
2331 588 86 20 0..0
2445 589 12 19 3
2484 592 11 19 C

1902 613 57 22 Oil:
1975 612 104 26 Linseed,
2090 619 41 20 per
2140 612 77 27 gallon
2228 628 6 5 .
2249 614 13 19 0
2290 614 13 20 6
2331 615 14 19 6
2363 628 19 6 ..
2402 615 15 20 0
2444 614 13 21 7
2483 618 11 19 6

1976 639 77 27 Black,
2058 640 24 21 in
2088 638 175 28 cask,pertonlß
2291 641 14 20 0
2333 641 14 20 0
2364 642 53 19 ..20
2445 642 12 19 0
2483 645 11 19 0

2009 668 82 24 Sperm
2230 666 27 21 50
2286 666 12 20 0
2328 667 12 19 0
2359 666 52 23 ..75
2441 668 12 19 0
2481 671 10 17 0

1899 692 79 23 Pork:
1993 692 78 27 Fresh,
2090 698 90 15 carcase
2197 699 39 20 per

2016 720 25 21 lb
2247 720 13 20 0
2288 721 14 19 0
2330 722 14 19 0
2361 733 19 8 ..
2399 722 14 19 0
2443 723 13 19 0
2482 724 10 20 4

1902 745 64 22 Pork
1972 753 6 15 :
1995 746 65 26 Irish,
2071 752 43 20 per
2123 745 75 22 barrel
2210 759 6 6 .
2223 759 6 6 .
2248 747 13 20 0
2289 748 14 19 0
2331 748 14 19 0
2362 760 6 7 .
2374 760 8 7 .
2400 748 56 21 410
2483 752 10 18 0

1983 773 58 22 N.Z
2246 773 12 20 2
2274 773 27 20 10
2328 774 14 20 0
2359 787 18 6 ..
2397 775 14 20 3
2441 776 12 19 0
2479 778 11 19 0

1902 799 130 22 Potatoes:
2053 799 59 22 New
2126 798 110 27 Zealand,

2078 833 41 19 per
2128 828 40 19 ton
2182 826 79 20 ....4
2288 827 14 20 0
2331 828 83 20 0..6
2442 829 13 20 0
2481 832 10 18 0

1902 852 106 23 Porter:
2039 852 106 27 Dunbar,
2156 852 25 21 in
2188 852 48 21 bot.

2068 886 42 20 per
2119 879 44 21 doz
2248 880 12 19 0
2288 880 14 19 9
2330 881 83 19 0..0
2441 882 13 20 0
2480 885 11 18 0

2008 905 88 27 Bryant
2107 905 45 21 and
2162 905 71 21 Davis
2248 906 14 20 0
2288 906 14 20 9
2330 907 14 20 0
2361 919 5 7 .
2373 919 7 7 .
2399 908 14 19 0
2442 910 13 18 0
2481 912 10 18 0

1902 931 97 22 Pickles
2009 939 5 14 :
2048 931 119 26 Assorted,
2197 938 40 20 per

2073 957 60 26 doz.,
2158 960 77 25 quarts
2249 960 13 19 0
2277 959 25 20 15
2331 960 14 19 0
2361 973 19 6 ..
2401 962 13 19 0
2429 960 26 23 17
2481 964 10 17 0

1902 984 73 22 Pitch
1988 992 5 14 :
2025 984 141 27 Stockholm,
2197 991 40 20 per

2049 1011 75 22 barrel
2249 1012 12 20 2
2290 1014 13 19 0
2331 1013 14 20 0
2361 1026 19 7 ..
2399 1015 14 19 0
2441 1016 12 19 0
2480 1018 11 18 6

1902 1037 80 22 Plank
1990 1046 5 13 :
2023 1038 56 21 Port
2102 1037 134 27 Nicholson,

2048 1072 41 20 per
2100 1066 41 20 100
2150 1065 80 21 feet..
2249 1066 12 20 0
2290 1066 13 21 6
2331 1067 14 20 0
2362 1079 19 7 ..
2399 1068 14 19 0
2427 1068 26 20 10
2479 1072 10 17 o

1900 1090 69 23 Rice:
1983 1091 110 22 Common
2103 1098 41 21 per
2150 1094 50 19 cwt.
2211 1105 19 7 ..
2250 1093 12 20 0
2277 1093 26 20 10
2332 1094 13 19 0
2363 1106 19 7 ..
2400 1095 15 19 0
2441 1096 13 19 0
2481 1098 10 18 0

1983 1118 65 22 Good
2248 1120 12 20 0
2276 1119 26 20 15
2331 1120 82 21 0..0
2441 1122 13 19 0
2480 1126 10 17 o

1900 1144 55 22 Rum
1962 1152 5 14 :
1985 1145 23 22 P.
2018 1145 28 22 B.
2057 1145 35 26 P.,
2108 1152 41 20 per
2158 1145 78 26 gallon

2019 1172 25 21 in
2058 1172 65 21 bond
2248 1174 13 19 0
2288 1174 15 19 4
2330 1173 83 20 3..0
2441 1175 13 20 0
2479 1178 11 18 0

1900 1197 88 23 Sugar:
2006 1199 121 21 Mauritius
2137 1206 41 19 per
2187 1202 49 18 cwt.
2251 1200 12 20 0
2291 1200 14 19 0
2333 1201 51 19 0..
2417 1206 55 16 none

2007 1225 82 22 Brown
2105 1225 56 21 ditto
2244 1227 14 20 0
2286 1228 14 19 0
2328 1227 83 20 0..0
2439 1229 13 19 0
2479 1231 10 18 0

2008 1251 98 22 Refined
2123 1252 53 27 loaf,
2196 1260 40 19 per

2032 1279 23 21 lb
2248 1280 12 20 0
2288 1280 14 20 0
2330 1280 13 20 5
2361 1294 5 5 .
2374 1293 6 6 .
2399 1282 14 19 0
2441 1282 12 19 0
2479 1284 11 19 C

2009 1305 98 22 Manilla
2127 1312 39 20 per
2180 1308 49 19 cwt.
2247 1307 9 20 1
2286 1308 14 19 0
2328 1308 14 19 0
2359 1320 19 6 ..
2399 1308 9 19 1
2443 1309 47 21 16

1899 1331 73 22 Salt:
1989 1331 127 28 Liverpool,
2127 1340 41 19 per
2177 1335 40 19 ton
2227 1333 32 21 .13
2288 1334 14 20 0
2330 1334 13 20 0
2361 1334 52 21 ..18
2441 1336 12 19 0
2479 1338 11 19 0

1899 1357 60 22 Soap
1967 1366 6 14 :
2000 1358 104 22 Hawes's
2128 1359 105 26 London,

2025 1388 87 25 perton
2231 1387 27 20 40
2287 1388 13 19 0
2329 1388 14 19 0
2361 1400 17 7 ..
2398 1389 15 19 0
2441 1390 12 19 0
2481 1392 9 17 0

2015 1412 123 27 Liverpool
2232 1413 25 21 35
2288 1414 13 20 0
2330 1415 13 19 0
2360 1427 18 6 ..
2397 1415 14 20 0
2439 1418 13 17 0
2479 1419 11 18 0

1899 1437 104 23 Starch:
2018 1439 76 21 Perlb
2247 1440 12 20 0
2288 1442 14 18 0
2329 1440 50 20 5..
2398 1442 15 19 0
2440 1444 13 18 0
2479 1446 11 18 0

1898 1465 143 22 Scantling:
2058 1466 44 21 Per
2110 1468 40 19 100
2160 1466 67 21 feet..
2248 1468 12 19 0
2289 1468 14 19 6
2331 1468 14 19 0
2361 1481 19 6 ..
2400 1470 14 19 0
2441 1471 12 18 8
2480 1473 10 17 0

1898 1491 114 23 Shingles
2020 1500 5 14 :
2043 1493 43 21 Per
2095 1494 61 26 1000,
2166 1493 29 21 N.
2204 1493 26 22 Z.
2246 1494 12 20 0
2288 1495 13 19 6
2330 1495 13 19 0
2361 1507 5 6 .
2374 1507 6 7 .
2399 1496 13 19 0
2428 1496 25 19 10
2479 1499 9 18 0

2028 1519 72 28 Ditto,
2124 1520 27 21 V.
2163 1520 29 21 D.
2204 1520 26 21 L.
2246 1522 12 19 0
2287 1522 14 19 0
2330 1522 13 19 0
2361 1534 18 6 ..
2398 1522 14 19 0
2428 1524 24 19 12
2477 1527 12 17 o

1898 1545 50 22 Tak
1956 1553 5 14 ;
1978 1546 52 21 Coal
2247 1548 9 19 1
2286 1549 14 18 0
2329 1548 14 19 0
2361 1561 5 6 .
2373 1561 6 6 .
2401 1548 10 19 1
2441 1550 11 19 5
2480 1553 9 18 o

1981 1572 130 22 Stockholm
2248 1574 12 21 2
2288 1576 14 19 0
2330 1575 50 19 0..
2399 1576 14 19 0
2441 1578 12 18 0
2480 1580 9 17 0

1898 1599 47 22 Tea
1956 1607 5 13 :
1971 1599 80 27 Hyson
2056 1599 58 27 skin,
2121 1607 40 20 per
2170 1600 64 21 chest
2248 1602 12 19 4
2288 1602 14 19 0
2330 1602 13 19 0
2361 1614 19 7 ..
2399 1603 13 19 6
2439 1604 14 19 6
2479 1607 11 16 I)

1974 1626 93 27 Congou
2247 1629 11 20 8
2288 1629 13 20 0
2330 1628 81 21 0..13
2439 1631 13 19 0
2478 1633 10 18 0

1898 1652 118 23 Tobacco:
2031 1653 145 27 Negrohead,
2194 1661 41 20 per

2056 1679 32 22 lb.
2103 1680 24 21 in
2144 1679 59 23 bond
2246 1682 12 19 0
2288 1682 10 20 1
2330 1683 49 20 6..
2399 1684 12 19 0
2441 1684 9 20 1
2478 1686 11 19 9

1898 1706 164 22 Turpentine:
2079 1707 148 26 Pergallon..
2247 1710 12 19 0
2288 1708 13 21 7
2330 1710 13 19 6
2361 1722 19 7 ..
2400 1712 13 18 0
2441 1712 12 19 8
2479 1713 11 18 0

1898 1732 162 23 Whalebone:
2078 1734 92 21 Perton
2234 1735 40 21 100
2289 1738 13 19 0
2331 1737 13 19 0
2362 1737 65 20 ..120
2442 1739 11 19 0
2480 1740 9 18 0

1898 1759 83 22 Wink:
1997 1761 89 27 Sherry,
2098 1768 40 20 per
2147 1761 51 27 pipe
2209 1763 50 20 ..20
2288 1764 13 19 0
2330 1764 13 19 0
2361 1765 52 19 ..40
2440 1766 13 19 0
2480 1767 9 18 0

2008 1787 71 28 Ditto,
2095 1795 41 19 per
2151 1788 80 21 dozen.
2248 1790 8 19 1
2287 1791 14 20 0
2330 1791 13 19 0
2361 1803 18 6 ..
2399 1791 12 19 2
2441 1792 12 19 0
2480 1794 10 17 0

2008 1815 59 26 Port,
2079 1822 40 20 per
2130 1815 50 27 pipe
2207 1830 4 5 .
2220 1830 5 5 .
2232 1816 24 21 25
2286 1818 13 19 0
2328 1818 13 19 0
2359 1830 5 6 .
2371 1830 6 6 .
2383 1818 27 19 40
2438 1820 13 19 0
2477 1820 11 19 0

2075 1849 41 19 per
2126 1842 49 21 doz.
2206 1856 5 6 .
2220 1856 6 6 .
2246 1844 9 20 1
2286 1845 13 19 0
2328 1845 14 19 0
2359 1856 5 7 .
2371 1856 6 7 .
2396 1845 13 20 2
2437 1846 13 19 0
2477 1847 11 18 0

2007 1868 152 27 Champagne,
2175 1868 57 22 ditto
2247 1872 12 19 0
2287 1872 14 19 0
2329 1872 14 19 0
2360 1884 18 5 ..
2397 1872 14 19 0
2439 1873 12 19 C
2478 1874 11 18 0

2007 1895 75 22 Claret
2247 1898 12 20 0
2276 1898 26 20 10
2330 1898 49 19 0..
2399 1900 13 18 0
2440 1900 12 19 0
2480 1902 10 17 0

1901 1922 117 22 Poultry:
2036 1922 80 28 Fowls,
2124 1930 40 20 per
2171 1923 61 27 pair.
2248 1925 13 20 0
2288 1926 14 19 3
2331 1926 13 19 6
2361 1937 18 6 ..
2399 1926 13 19 0
2440 1926 12 19 5
2481 1928 10 17 0

2034 1948 86 27 Ducks,
2130 1950 58 21 ditto
2209 1964 5 5 .
2222 1965 6 5 .
2247 1952 13 21 0
2288 1952 13 19 5
2330 1952 13 19 0
2361 1964 5 7 .
2373 1964 5 7 .
2398 1953 13 11 n
2440 1954 12 17 8
2480 1956 11 17 y

2034 1975 82 27 Geese,
2128 1981 56 16 each
2208 1990 5 5 .
2221 1990 6 6 .
2246 1978 12 19 0
2275 1979 26 19 h)
2328 1982 15 15 v
2359 1989 19 7 ..
2397 1980 14 17 O
2426 1978 25 21 s
2480 1982 11 16 o

2032 2002 111 27 Turkeys,
2156 2002 55 21 each
2250 2004 5 20 I
2288 2005 14 20 0
2330 2005 13 19 0
2362 2016 18 6 ..
2402 2005 9 19 1
2441 2005 12 19 5
2481 2007 10 18 0

2034 2029 105 26 Pigeons,
2151 2029 81 26 (wild,)

2059 2063 41 19 per
2110 2056 50 26 pair
2181 2058 77 19 ....0
2287 2058 13 19 0
2329 2058 84 21 0..0
2441 2060 12 19 0
2480 2062 10 17 0

2032 2082 87 27 Ducks,
2128 2082 37 21 do.
2176 2082 53 22 do..
2248 2085 12 19 0
2288 2084 13 20 5
2330 2086 13 18 0
2361 2098 19 5 ..
2399 2086 15 20 0
2442 2087 13 19 0
2480 2088 10 17 0

1897 2109 73 22 Eggs:
1989 2110 42 21 Per
2041 2109 74 22 dozen
2248 2112 12 19 0
2290 2112 10 19 1
2331 2112 13 19 6
2362 2124 19 7 ..
2401 2114 13 18 0
2443 2114 12 18 0
2480 2114 10 18 0

1897 2136 78 22 Cows:
1990 2136 70 22 Milch
2234 2138 25 20 10
2288 2133 14 26 6
2329 2140 82 19 0..15
2441 2142 12 17 0
2479 2142 11 17 0

1898 2163 96 22 Mares:
2009 2163 76 22 Brood
2232 2166 26 19 20
2287 2166 13 19 0
2329 2164 84 23 0..70
2441 2169 12 18 0
2479 2171 9 15 0

1898 2190 115 21 Working
2031 2190 135 21 Bullocks:
2191 2190 43 21 Per

1922 2217 51 26 pair
2234 2219 27 20 30
2288 2220 14 19 0
2330 2220 50 19 0..
2399 2221 14 19 0
2441 2221 13 20 0
2479 2222 10 18 0

1898 2243 64 22 Hire
1974 2251 25 14 of
2010 2251 82 14 ditto:
2109 2244 43 21 Per
2160 2244 51 27 day,
2222 2251 13 14 a

1924 2274 61 18 team
1996 2270 45 22 and
2048 2270 76 22 driver
2248 2274 12 19 0
2276 2272 26 21 15
2330 2274 14 19 0
2362 2286 18 7 ..
2399 2275 14 20 0
2441 2276 12 18 0
2478 2276 10 18 0

1898 2297 89 22 Sheep:
2003 2297 61 22 Each
2247 2300 12 20 0
2275 2300 25 19 15
2329 2301 14 20 0
2360 2313 20 7 ..
2400 2302 8 19 1
2439 2302 12 19 5
2477 2303 11 17 0

1898 2325 63 22 Boat
1973 2324 73 22 Hire:
2063 2324 44 22 Per
2112 2324 51 28 day,
2169 2325 65 22 with-

2090 2356 40 17 out
2140 2352 73 22 hands
2225 2369 5 5 .
2246 2355 13 20 0
2275 2354 26 21 10
2329 2356 14 19 0
2361 2368 18 6 ..
2401 2356 7 19 1
2441 2356 12 19 0
2477 2356 11 19 0

1897 2378 86 23 Wages
1991 2386 5 15 :
2025 2378 143 28 Mechanics,
2196 2387 40 20 per

2058 2406 46 26 day
2248 2409 14 19 0
2289 2409 14 20 (5
2331 2410 50 19 0..
2400 2411 13 19 0
2441 2411 11 19 8
2478 2411 10 18 0

2034 2433 129 22 Labourers
2182 2436 78 19 ....0
2287 2436 14 20 3
2329 2437 84 20 0..0
2441 2437 11 19 5
2478 2438 10 19 0

1897 2460 68 21 Bark
1974 2468 5 13 :
1995 2460 28 21 N.
2036 2460 26 21 Z.
2073 2467 42 19 per
2124 2463 39 20 ton
2178 2476 47 6 ....
2244 2463 11 20 3
2284 2463 14 20 0
2326 2463 14 20 0
2359 2477 5 6 .
2371 2476 6 7 .
2396 2464 14 20 4
2437 2465 13 19 0
2475 2465 11 19 0

1898 2487 79 22 Black
1987 2488 51 21 Dye
2048 2495 5 13 :
2067 2488 65 21 N.Z.
2141 2491 88 24 perton
2244 2489 12 20 5
2284 2490 14 20 0
2326 2491 14 19 0
2359 2503 18 6 ..
2396 2491 14 20 6
2438 2492 13 19 0
2476 2493 11 17 0

1898 2514 87 22 Wool:
2001 2514 67 22 N.Z.
2079 2515 73 26 perlb
2244 2517 13 20 0
2284 2517 15 20 0
2327 2517 13 20 9
2359 2530 18 7 ..
2397 2519 13 19 0
2440 2519 8 19 1
2476 2519 10 19 0

1896 2541 108 22 Timber:
2029 2541 29 22 N.
2081 2541 26 22 Z.
2119 2542 115 22 furniture

1923 2575 41 20 per
1975 2570 38 20 100
2025 2568 45 22 feet
2246 2570 13 20 2
2287 2571 15 19 0
2329 2572 51 20 0..
2399 2572 13 20 2
2427 2573 24 19 10
2476 2573 11 19 0

1898 2596 124 21 Cordage:
2032 2595 96 26 English
2135 2604 40 20 per
2181 2599 51 19 cwt.
2246 2597 13 20 3
2286 2597 14 20 5
2330 2599 14 19 0
2361 2611 19 6 ..
2401 2600 13 19 0
2441 2601 11 17 0
2477 2599 11 20 0

2023 2622 64 22 N.Z.
2093 2623 98 22 without
2197 2626 35 19 tar
2246 2624 13 20 2
2286 2624 14 20 5
2329 2626 14 20 0
2362 2639 18 6 ..
2398 2627 14 19 3
2427 2626 25 20 10
2477 2627 11 19 0

1897 2649 118 22 Canvass:
2031 2657 41 19 per
2087 2650 49 22 bolt
2248 2651 53 21 115
2330 2653 84 22 0..2
2441 2653 11 20 5
2477 2654 11 19 0

1897 2676 106 22 Copper:
2018 2677 107 27 sheeting
2145 2677 85 28 perlb.
2248 2679 12 20 0
2289 2679 11 20 1
2330 2679 15 21 6
2362 2692 19 6 ..
2399 2681 15 20 O
2441 2681 12 20 0
2477 2681 19 19 0.

2016 2704 65 21 Bolts
2247 2706 13 20 0
2288 2706 12 20 1
2330 2707 51 20 9..
2399 2708 15 20 0
2440 2708 13 20 0
2477 2707 11 20 0

2015 2731 66 21 Nails
2248 2733 12 20 0
2287 2732 14 20 5
2330 2734 50 20 0..
2400 2735 14 19 0
2442 2735 11 20 6
2477 2734 11 20 0

1899 2757 80 22 Lead:
1996 2757 62 22 sheet
2067 2765 43 20 per
2120 2761 41 19 ton
2180 2760 78 20 ....30
2286 2761 14 19 0
2328 2761 14 20 0
2361 2761 50 20 ..35
2440 2762 13 20 0
2477 2761 10 20 0

1899 2784 61 22 Iron
1968 2792 5 13 :
1985 2785 96 26 English
2091 2785 42 22 bar
2143 2793 42 20 per
2194 2787 68 21 tonl4
2289 2787 14 21 0
2331 2788 14 20 0
2363 2801 7 7 .
2376 2801 6 7 .
2401 2789 14 19 0
2441 2789 13 20 0
2477 2789 11 19 0

1981 2811 68 28 Hoop
2058 2819 42 21 per
2107 2816 39 18 ton
2231 2813 25 21 25
2286 2815 14 19 0
2328 2815 14 20 0
2361 2829 18 7 ..
2398 2816 15 20 0
2439 2816 14 20 0
2476 2815 10 21 0

1899 2838 44 22 Oil
1956 2839 78 22 Butts
2044 2846 5 15 :
2074 2839 118 23 Gordon's
2211 2847 26 15 or

2045 2865 73 23 Mills'
2126 2874 40 20 per
2175 2867 55 27 imp.

2044 2896 42 18 tun
2247 2895 12 21 3
2288 2896 14 20 0
2330 2897 14 20 0
2361 2909 20 7 ..
2399 2897 14 21 3
2429 2896 23 21 15
2476 2896 10 20 0

2137 2927 123 22 DUTIES.

1899 2954 101 22 British
2010 2954 95 22 Spirits
2321 2956 32 22 ss.
2363 2963 41 21 per
2412 2956 71 28 gallon.

1899 2981 108 22 Foreign
2016 2981 59 22 ditto
2321 2984 33 21 ss.
2363 2991 40 20 per
2411 2983 72 27 gallon.

1899 3008 107 22 Tobacco
2014 3008 182 27 manufactured,
2324 3011 30 21 Is.
2363 3017 40 21 per
2412 3011 29 21 lb.

2013 3035 213 23 Unmanufactured
2321 3037 37 22 9d.
2368 3045 41 19 per
2417 3037 28 21 lb.

1900 3062 76 23 Snuff
2321 3065 33 21 2s.
2363 3064 77 27 perlb.

1900 3090 89 21 Cigars
2323 3093 31 19 2s.
2364 3097 40 22 per
2413 3090 28 22 lb.

1900 3116 84 22 Wines
2312 3119 28 21 20
2352 3125 40 20 per
2401 3120 54 20 cent.
2461 3119 3 10 '

1900 3143 52 27 Ale,
1964 3144 58 26 beer,
2032 3146 84 25 porter,
2128 3143 47 23 and
2183 3144 64 21 other
2258 3144 56 22 malt

1927 3170 90 28 liquors,
2310 3172 27 21 15
2347 3178 39 21 per
2396 3174 57 20 cent.

1901 3198 35 21 On
1947 3197 31 22 all
1992 3205 57 19 guns
2065 3205 26 14 or
2107 3205 106 20 weapons
2230 3198 25 22 of
2268 3206 46 19 any

1928 3224 143 28 description,
2089 3232 26 14 or
2129 3225 144 27 gunpowder,
2285 3232 27 16 or

1929 3257 46 21 any
1986 3252 111 21 munition
2109 3253 27 20 of
2143 3259 46 15 war
2318 3254 27 21 30
2354 3260 38 21 per
2402 3255 55 20 cent.

1902 3278 34 22 On
1947 3278 31 22 all
1988 3278 63 22 other
2070 3278 77 27 goods,
2163 3285 78 21 wares,
2256 3287 61 15 mer-

1928 3304 115 28 chandise,
2054 3305 46 22 and
2110 3309 112 24 property,
2234 3310 80 24 except

1926 3332 113 27 personalj
2048 3332 109 28 baggage,
2177 3333 73 28 living
2263 3335 49 21 ani-

1927 3359 65 27 mals,
2006 3359 44 22 and
2060 3360 75 27 specie
2330 3361 13 22 5
2353 3368 39 20 per
2402 3363 52 21 cent.

2107 3387 189 23 EXCHANGE.

1902 3426 67 24 B«
1978 3426 51 24 Ms
2039 3435 31 15 on
2080 3427 98 25 London

1902 3469 34 21 On
1947 3468 90 29 Sydney
2298 3479 9 13 %
2328 3471 72 21 Ditto.

1902 3495 90 23 Private
2000 3496 51 23 bills
2303 3497 114 23 Nominal.

1921 3545 41 18 The
1973 3546 48 17 New
2031 3546 103 17 Zealand
2145 3547 94 16 Gazette
2246 3548 38 17 and
2295 3548 134 17 Wellington
2443 3546 40 15 SpM

1901 3570 65 13 tatob
1973 3567 16 17 is
1996 3567 100 21 published
2107 3572 57 17 every
2170 3568 123 23 Wednesday.
2315 3568 97 23 Subjoined
2421 3570 27 14 are
2458 3565 25 17 tbe

1900 3588 67 17 terms:
1969 3596 23 5 —

1921 3609 66 17 Price
1993 3613 23 13 op
2023 3613 42 13 the
2072 3609 78 17 Papeb.
2150 3617 22 4 —
2172 3609 57 22 Forty
2233 3610 87 22 shillings
2325 3615 33 18 per
2367 3613 73 15 annum,

1900 3630 42 17 able
1947 3631 21 16 in
1975 3631 81 16 advance
2061 3635 5 14 ;
2077 3634 21 12 or
2104 3634 34 12 one
2147 3630 76 22 shilling
2229 3632 28 16 for
2262 3633 61 20 single
2330 3633 92 16 numbers.

1922 3652 32 16 All
1959 3652 67 19 orders,
2035 3651 165 20 advertisements,
2210 3653 38 16 and
2256 3653 164 18 communications
2429 3652 19 15 to
2457 3649 24 17 the

1902 3673 71 19 Editor,
1978 3676 30 13 are
2013 3672 101 21 requested
2119 3673 19 16 to
2145 3673 23 16 be
2173 3674 101 18 addressed
2279 3676 21 16 to
2305 3675 40 17 this
2350 3674 62 18 Office.

1922 3693 159 18 Advertisements
2087 3693 40 17 -will
2131 3695 35 16 not
2171 3699 69 17 appear
2248 3695 21 18 in
2278 3696 34 17 the
2321 3695 79 20 ensuing
2409 3692 68 19 numbir

1891 3719 2 18 I
1901 3714 17 17 if
1926 3714 83 17 received
2014 3714 49 17 later
2069 3714 47 17 than
2128 3715 21 17 10
2155 3714 76 23 o'clock,
2237 3720 50 17 a.m.,
2293 3721 26 13 on
2325 3717 31 16 the
2363 3714 88 20 mornings
2457 3713 26 15 bs*

1900 3735 39 18 fore
1952 3735 122 21 publication.
2094 3735 161 19 Advertisements
2267 3739 42 16 mil
2317 3739 24 16 be
2350 3735 96 19 continued
2451 3732 29 18 »nd

1901 3756 79 20 charged
1990 3756 51 17 until
2048 3758 174 21 counter-ordered;
2232 3760 46 16 such
2283 3760 55 17 order
2342 3759 50 16 must
2397 3758 22 16 be
2425 3755 36 18 sent
2467 3754 14 15 U

1900 3778 33 16 the
1942 3777 56 17 Offic*
2009 3779 37 15 two
2064 3778 46 20 days
2129 3779 63 17 before
2201 3780 122 21 publication,
2333 3780 37 17 and
2379 3778 50 18 must
2436 3777 19 17 be
2464 3774 15 17 is

1900 3798 82 21 writing.
2004 3798 161 19 Advertisements
2177 3801 85 17 received
2279 3801 54 23 after
2349 3802 22 17 10
2385 3798 64 19 o'clock
2461 3798 18 14 o»

1901 3819 67 21 Friday
1979 3819 97 21 mornings
2086 3820 41 18 will
2136 3822 25 16 be
2171 3822 81 21 charged
2262 3823 56 17 twice
2326 3822 31 17 the
2359 3821 53 18 usual
2415 3819 48 17 rstei.

1273 3269 223 25 WHOLESALE
1526 3272 129 25 PRICES
1690 3275 179 27 CURRENT.

1372 3309 136 16 CORRECTED
1524 3311 29 14 UP
1568 3311 29 15 TO
1611 3312 59 14 LAST
1686 3314 82 15 NIGHT.

1616 3332 18 17 £
1657 3337 16 12 b.
1698 3334 19 16 d.
1773 3335 16 17 £
1813 3340 15 12 s.
1854 3337 12 17 d

1273 3354 49 23 Ale
1331 3362 5 14 :
1352 3361 40 21 per
1401 3354 50 23 hhd
1622 3359 14 20 0
1665 3360 13 19 0
1706 3361 48 20 0..
1775 3363 15 20 0
1818 3364 13 20 0
1859 3355 14 32 6

1449 3390 42 20 per
1496 3384 103 21 barrel..
1618 3387 14 19 0
1663 3387 12 19 0
1704 3388 14 20 0
1736 3401 18 7 ..
1774 3391 14 19 0
1817 3391 13 20 0
1859 3394 14 19 0

1354 3436 20 8 xt
1396 3436 17 8 rr
1450 3417 15 19 P
1468 3410 75 22 erdoz
1622 3413 53 20 °1]
1707 3415 48 20 0..
1775 3417 55 21 013
1859 3420 13 20 0

1354 3438 29 20 N.
1395 3438 26 20 Z.
1434 3444 40 20 per
1484 3438 78 26 gallon
1582 3441 53 19 ..0
1663 3441 14 19 2
1705 3442 14 20 0
1738 3457 18 5 ..
1775 3445 14 19 0
1818 3445 13 21 0
1860 3448 12 19 0

1272 3464 100 22 Arrack
1382 3471 5 14 :
1403 3464 44 21 Per
1455 3465 47 25 gal.
1512 3465 25 21 in
1546 3465 62 22 bond
1623 3468 14 19 0
1667 3467 10 20 1
1707 3469 13 20 6
1738 3483 5 6 .
1750 3483 5 7 .
1775 3472 14 20 0
1817 3474 13 20 2
1859 3474 14 21 6

1272 3492 80 21 Bread
1361 3499 5 13 :
1383 3491 44 22 Per
1435 3490 46 24 21b.
1493 3492 52 22 loaf
1622 3495 15 20 O
1665 3495 14 21 4
1707 3497 82 22 0..0
1818 3502 12 19 0
1859 3502 14 20 0

1272 3519 74 21 Beef:
1362 3518 80 28 Fresh,
1461 3525 91 16 carcase
1569 3527 41 20 per

1387 3545 33 22 n>-
1509 3561 7 18 •.
1616 3550 14 20 o
1661 3550 12 19 o
1702 3552 13 20 8
1735 3566 17 6 ..
1773 3554 15 20 o
1816 3556 14 20 o
1846 3556 24 21 ii

1378 3572 56 28 Salt,
1445 3580 41 20 per
1500 3576 70 20 tierce
1583 3589 6 7 .
1596 3589 6 7 .
1622 3577 11 20 1
1651 3578 26 20 10
1705 3580 14 20 0
1736 3594 6 6 .
1749 3594 5 6 .
1773 3582 15 20 3
1816 3584 14 19 0
1858 3584 13 20 0

1272 3601 94 21 Butter
1372 3606 5 15 :
1396 3600 67 27 Irish,
1473 3608 42 20 per
1523 3601 31 23 lb.
1579 3616 6 6 .
1592 3616 6 6 .
1618 3605 15 20 0
1662 3606 13 20 0
1703 3607 14 20 9
1735 3621 5 6 .
1747 3621 6 7 .
1773 3610 14 19 o
1818 3610 9 21 1
1859 3612 14 20 0

1392 3627 127 22 Fresh....
1621 3632 14 20 0
1665 3633 10 20 1
1705 3634 13 20 6
1737 3648 18 7 ..
1775 3636 14 20 0
1817 3638 13 19 0
1859 3638 14 21 0

1271 3655 99 22 Brandy
1377 3661 6 15 :
1399 3655 61 21 First
1465 3655 96 28 quality,
1569 3664 40 20 per

1420 3681 79 28 gallon
1507 3683 26 21 in
1542 3683 63 23 bond
1618 3686 14 20 0
1662 3685 13 22 5
1704 3689 14 20 0
1736 3703 5 6 .
1749 3703 5 6 .
1774 3692 14 19 0
1818 3690 12 23 7
1859 3693 13 20 6

1270 3709 88 22 Brown
1378 3709 76 21 Stout
1461 3716 6 14 :
1492 3717 41 20 per
1545 3710 56 23 hhd.
1616 3713 13 20 5
1660 3715 14 20 0
1702 3717 13 20 0
1733 3730 5 7 .
1746 3731 6 6 .
1773 3719 56 21 610
1859 3721 13 19 0

1271 3737 101 22 Cigars:
1385 3735 108 28 Manilla,
1500 3744 41 20 per
1545 3739 64 26 1000,

1420 3763 26 21 in
1454 3763 63 22 bond
1619 3768 15 20 2
1663 3769 14 20 0
1705 3771 13 20 0
1736 3784 18 8 ..
1774 3773 14 21 3
1818 3774 13 20 0
1859 3775 13 19 0

1379 3791 176 27 Cmnsurahper
1561 3793 40 21 100
1623 3795 12 19 1
1666 3797 13 20 0
1707 3799 14 20 0
1738 3812 19 7 ..
1775 3801 15 20 0
1818 3802 14 20 0
1859 3802 14 20 0

1270 3817 89 23 Coffee
1368 3824 5 14 :
1384 3817 66 26 Java,
1460 3824 43 21 per
1510 3818 24 22 lb
1620 3823 14 20 0
1665 3825 12 18 0
1705 3826 14 19 6
1737 3839 6 6 .
1750 3839 5 7 .
1775 3828 14 20 0
1817 3829 14 19 0
1859 3830 14 19 6

1270 3845 92 22 Cheese
1369 3851 5 14 :
1391 3845 109 22 Cheshire
1621 3850 14 20 o
1665 3852 10 19 1
1704 3853 85 22 4..0
1819 3856 10 20 1
1860 3859 14 19 o

1388 3871 58 23 Pine
1456 3873 77 27 Apple
1554 3878 81 19 ....0
1665 3878 10 20 1
1704 3880 85 22 2..0
1818 3883 13 20 0
1859 3885 14 20 0

1388 3899 117 22 Dutch...
1620 3905 15 20 o
1664 3907 13 20 0
1705 3907 14 20 8
1736 3921 19 7 ..
1775 3909 15 20 0
1817 3910 13 20 0
1846 3910 27 22 10

1378 3926 30 22 N.
1421 3927 27 22 Z.
1459 3934 42 20 per
1511 3928 23 22 lb
1619 3933 14 19 0
1664 3934 10 19 1
1703 3935 14 19 G
1736 3948 6 6 .
1749 3949 5 5 .
1775 3937 14 19 0
1818 3937 13 20 0
1860 3940 13 20 0
