2529 4020
601 490 220 37 PUBLISHED
868 491 132 38 EVERY
1043 491 260 38 WEDNESDAY
1346 491 88 36 AND
1481 492 229 38 SATURDAY
1755 494 205 38 MORNING.

652 605 131 32 PORT
807 606 285 39 NICHOLSON^
1114 606 260 34 SATURDAY
1396 608 240 41 MORNING,
1658 612 122 32 JUNE
1804 616 50 33 25,
1880 617 87 28 1842.

86 612 63 30 No.
167 610 85 40 153.]

69 96 467 132 NEW
638 98 881 132 ZEALAND
1628 101 859 139 GAZETTE

1256 261 99 31 AND

67 292 1212 155 WELLINGTON
1400 292 1091 155 SPECTATOR

2276 619 100 40 [Vol.
2397 618 69 33 111.

2065 706 78 21 Land
2159 713 35 15 on
2208 709 44 20 the
2267 710 77 22 Hutt.

1913 737 66 48 TO
1995 737 38 23 BE
2048 739 87 28 SOLD,
2148 748 13 14 a
2169 740 59 23 lease
2239 742 24 22 of
2268 743 39 21 the
2318 744 86 23 Section
2416 745 44 22 No.
2468 748 27 20 24

1986 771 28 15 on
2023 765 37 21 the
2068 766 64 26 Hutt,
2142 767 53 22 with
2205 775 14 15 a
2227 769 72 28 newly
2307 772 87 21 erected
2401 773 93 22 wooden

1911 793 92 25 cottage,
2021 792 37 22 the
2077 796 88 24 potatoe
2183 802 50 21 crop
2251 803 28 14 on
2293 796 39 22 the
2345 799 94 26 ground,
2451 800 43 21 and

1910 817 62 22 other
1978 818 179 28 improvements.
2186 821 44 23 For
2237 825 68 20 terms
2312 824 25 21 of
2341 825 51 27 sale,
2400 826 66 27 apply
2472 830 22 18 to

2138 854 77 28 Hort,
2231 856 122 28 Mocatta,
2369 858 44 22 and
2429 859 37 22 Co.
2493 877 3 4 .

2056 898 39 22 To
2110 899 35 21 be
2159 900 66 21 Sold
2244 907 30 15 or
2287 903 57 20 Let.

1906 928 11 12 r
1923 927 76 39 pWO
2012 929 101 23 Wooden
2124 931 95 27 Houses,
2231 933 261 31 ontheTinakore-road,

1917 957 23 18 M.
1983 955 36 22 the
2038 957 84 22 second
2139 964 51 16 acre
2209 959 56 22 from
2286 960 92 28 Captain
2395 963 96 28 Smith's,

1951 983 129 28 containing
2092 983 51 23 four
2153 992 73 15 rooms
2235 986 46 21 and
2295 994 13 14 a
2322 995 97 21 passage,
2437 990 55 21 each

1906 1008 52 22 with
1977 1009 49 23 zinc
2045 1011 67 24 roofs,
2138 1012 46 21 and
2207 1013 22 20 in
2253 1020 68 20 every
2339 1020 87 22 respect
2444 1017 49 22 well

1906 1034 99 24 finished.
2034 1037 78 23 Terms
2116 1038 50 22 —If
2173 1039 55 27 sold,
2239 1039 59 23 £150
2310 1041 34 22 for
2350 1042 53 22 each
2410 1042 69 23 house
2487 1052 4 19 ;

1904 1063 20 20 if
1935 1063 37 26 let,
1983 1063 31 22 £l
2026 1071 40 20 per
2076 1065 62 21 week
2148 1065 35 22 for
2192 1066 54 22 each
2254 1066 79 23 house.
2360 1069 77 27 Apply
2448 1073 21 19 to

2294 1101 76 23 James
2385 1103 80 22 Watt.

1917 1122 141 30 Wellington,
2068 1125 59 22 Nov.
2136 1126 35 26 27,
2181 1128 59 21 1841.

1999 1170 92 20 Union
2104 1171 81 21 Bank
2199 1173 30 19 of
2245 1173 150 22 Australia.

1905 1202 94 21 London
2018 1203 91 27 Office,
2127 1204 43 21 No.
2185 1206 36 26 33,
2239 1206 50 21 Old
2305 1207 185 24 Broad-street.

1958 1235 92 28 Capital,
2061 1237 122 28 £800,000;
2204 1239 50 27 paid
2265 1247 36 20 up,
2317 1240 119 28 £500,000.

2137 1275 109 14 DIRECTORS
2251 1277 5 12 :

2007 1298 68 20 George
2084 1298 39 16 Fife
2130 1299 67 20 Angas,
2205 1300 48 20 Esq.,

2007 1318 68 16 ltobert
2083 1319 75 19 Brooks,
2167 1320 50 20 Esq.,

2007 1339 61 16 James
2075 1339 49 17 John
2132 1340 100 21 Cummins,
2240 1342 49 20 Esq.,

2007 1360 68 16 Eobert
2083 1361 96 20 Gardener,
2191 1362 48 21 Esq.,
2250 1363 123 21 Manchester,

2007 1381 48 16 John
2064 1381 44 16 Gore
2125 1382 49 20 Esq.,

2006 1402 48 16 John
2063 1402 79 17 William
2150 1403 74 20 Buckle,
2230 1404 47 21 Esq.,

2006 1422 96 20 Benjamin
2109 1423 22 16 E.
2137 1423 63 21 Lindo,
2209 1425 46 20 Esq.,

2007 1443 72 17 Charles
2089 1444 75 17 Edward
2171 1445 86 21 Mangles,
2266 1446 48 21 Esq.,

2006 1464 116 21 Christopher
2129 1465 83 21 Rawson,
2221 1467 47 20 Esq.,
2279 1467 82 21 Halifax,

2007 1486 78 15 Thomas
2092 1486 65 19 Sands,
2164 1486 48 21 Esq.,
2220 1487 99 21 Liverpool,

2005 1506 63 16 James
2075 1507 56 20 Bogle
2138 1507 64 20 Smith,
2208 1508 47 20 Esq.,

2006 1527 61 16 James
2075 1528 80 16 Ruddell
2161 1528 57 20 Todd,
2225 1529 42 20 Esq.

1901 1556 96 16 Trustees:
2012 1555 81 17 George
2105 1555 56 17 Carr
2172 1556 61 20 Glyk,
2244 1557 49 20 Esq.,
2304 1558 52 16 John
2368 1559 62 19 Gohe,
2440 1560 47 20 Esq.,

2047 1577 37 16 and
2091 1576 66 17 James
2164 1577 17 16 J.
2188 1578 100 19 Cummins,
2297 1579 44 20 Esq.

1931 1604 88 17 Bankers:
2032 1604 74 17 Messrs.
2113 1605 62 19 GtYN,
2186 1606 113 20 Hallifax,
2309 1607 70 20 Mills,
2387 1608 36 16 and
2431 1609 30 16 Co.

2021 1633 101 20 Secretary:
2134 1633 84 16 Samuel
2223 1634 94 21 Jackson,
2325 1635 42 20 Esq.

1992 1660 79 16 Colonial
2077 1661 104 20 Inspector:
2193 1661 18 16 J.
2219 1661 17 17 C.
2243 1661 103 21 M'Lakjek,
2354 1663 43 21 Esq.

2021 1708 69 20 New
2107 1708 124 21 Zealand
2248 1710 116 21 Branch.

1900 1742 53 17 Local
1960 1742 91 17 Directors
2056 1747 5 12 :
2076 1743 48 16 Geo.
2135 1743 18 16 S.
2164 1743 73 19 Evans,
2248 1744 48 20 Esq.,
2310 1745 68 19 D.C.L.,
2392 1747 36 15 and
2440 1747 46 17 Geo.

2120 1764 91 19 Hunter,
2223 1765 43 20 Esq.

1900 1791 95 20 Manager:
2007 1791 48 17 John
2063 1792 72 18 Smith,
2143 1792 49 20 Esq.,
2199 1792 36 17 late
2242 1792 21 17 of
2271 1793 30 16 the
2310 1794 117 17 Commercial
2434 1795 52 18 Bank

2066 1813 21 15 of
2095 1813 90 20 England,
2196 1813 121 18 Manchester.

2009 1839 113 23 Branches
2133 1843 24 19 at
2171 1841 96 28 Sydney,

2171 1868 88 22 Hobart
2267 1869 76 27 Town,

2171 1895 148 28 Launceston,
2332 1896 45 22 and

2171 1922 55 21 Port
2235 1922 79 28 Philip.

1899 1947 54 22 Port
1961 1947 130 28 Nicholson,
2103 1949 80 21 March
2193 1950 34 26 24,
2238 1950 61 21 1540.

1887 2001 103 22 -mHE
2006 2002 114 22 Directors
2135 2002 29 24 .of
2178 2002 40 22 ihe
2234 2003 56 22 New
2306 2004 99 25 Zealand
2421 2005 64 24 Land

1905 2025 31 24 JL
1972 2029 122 27 Company-
2101 2029 85 27 hereby
2202 2029 50 27 give
2430 2033 54 28 they

1897 2054 57 23 have
1960 2062 113 15 effected
2082 2063 30 14 an
2123 2063 171 16 arrangement
2302 2058 53 21 with
2362 2059 38 22 the
2407 2060 75 22 Union

1896 2081 66 22 Bank
1976 2082 26 21 of
2017 2082 120 27 Australia,
2155 2082 44 23 No.
2216 2085 31 26 38,
2264 2084 45 22 Old
2325 2085 157 29 Broad-street,

1898 2108 100 28 London,
2009 2109 35 22 for
2053 2109 38 22 the
2103 2110 169 22 establishment
2285 2112 26 21 of
2324 2119 14 14 a
2352 2113 132 23 BRANCH

1896 2135 89 22 BANK
2000 2136 33 21 IN
2048 2136 72 22 NEW
2134 2136 158 29 ZEALAND,
2306 2138 96 29 through
2411 2140 73 24 which

1896 2162 38 21 the
1943 2163 101 21 business
2056 2164 27 21 of
2095 2163 38 22 the
2150 2164 57 21 New
2223 2164 101 23 Zealand
2336 2166 65 23 Land
2417 2168 66 22 Com-

1895 2196 61 20 pany
1964 2189 45 22 will
2018 2190 27 21 be
2054 2190 136 23 transacted.
2218 2191 47 22 The
2280 2192 114 24 Directors
2409 2194 74 22 there-

1894 2216 49 21 fore
1951 2217 145 22 recommend
2104 2220 23 19 to
2145 2218 110 22 Colonists
2271 2218 37 23 the
2327 2220 75 23 Union
2418 2221 65 23 Bank

1896 2243 27 21 of
1941 2243 112 22 Australia
2070 2251 24 15 as
2112 2251 29 15 an
2168 2245 168 23 establishment
2356 2249 127 27 possessing

1894 2270 59 21 their
1969 2270 68 22 entire
2061 2270 137 29 confidence,
2219 2272 43 22 and
2281 2273 50 22 able
2350 2277 22 18 to
2390 2276 92 23 provide

1894 2298 127 27 effectually
2035 2298 35 21 for
2085 2298 39 22 the
2138 2298 104 23 financial
2257 2303 71 19 wants
2345 2301 26 22 of
2381 2301 37 23 the
2435 2302 48 22 first

1894 2324 133 23 settlement.

2061 2352 35 28 By
2106 2352 66 23 order
2181 2354 27 21 of
2218 2353 35 23 the
2263 2354 81 28 Board,

2139 2387 86 23 JOHN
2239 2388 102 28 WARD,
2357 2390 123 28 Secretary.

1896 2420 55 22 New
1960 2420 100 23 Zealand
2070 2421 65 22 Land
2143 2422 136 28 Company's
2288 2423 77 28 Office,

1924 2454 18 22 1,
1953 2452 159 27 Adam-street,
2124 2453 104 28 Adelphi,
2239 2455 52 21 27th
2300 2455 59 26 Aug.
2379 2457 60 21 1839.

1894 2498 184 50 WANTED,
2091 2507 12 14 a
2112 2502 77 24 strong
2198 2500 71 21 active
2279 2500 38 22 lad
2332 2500 34 23 for
2376 2501 37 22 the
2423 2509 56 15 boot

1978 2532 45 15 AND
2033 2533 162 15 SHOE-MAKING
2205 2535 113 14 BUSINESS.
2347 2528 76 28 Apply
2432 2532 24 18 to

2320 2561 28 23 R.
2359 2563 66 26 Seed,

2291 2588 189 30 Lambton-quay.

1895 2613 142 28 Wellington,
2050 2614 67 26 June,
2129 2615 20 26 3,
2159 2615 60 22 1842.

1897 2660 89 49 THE
2009 2662 80 19 Nelson
2110 2661 118 20 Examiner
2249 2662 43 21 and
2313 2663 52 20 New
2388 2664 92 20 Zealand

1971 2688 106 21 CJtronicle
2094 2688 125 27 (published
2230 2691 21 19 at
2259 2688 103 28 Nelson,)
2378 2690 19 22 is
2414 2697 66 21 regu-

1892 2715 59 27 larly
1969 2716 139 21 transmitted
2124 2718 23 18 to
2164 2715 142 28 Wellington,
2327 2716 44 22 and
2386 2724 53 20 may
2453 2718 26 20 be

1892 2742 45 21 had
1949 2745 22 19 at
1979 2742 38 22 the
2027 2742 64 22 office
2101 2741 25 22 of
2138 2741 43 22 this
2190 2750 73 20 paper.

1922 2769 47 22 The
1978 2770 78 20 Nelson
2064 2770 117 21 Examiner
2197 2770 43 22 will
2249 2770 28 21 be
2287 2770 69 22 found
2366 2778 29 14 an
2406 2771 73 21 excel-

1892 2796 50 22 lent
1949 2796 98 22 medium
2057 2797 35 21 for
2101 2796 139 22 advertisers.

1921 2824 76 22 Terms
2008 2824 33 21 for
2050 2824 38 21 the
2098 2831 74 20 paper,
2183 2827 38 18 ten
2230 2823 100 27 shillings
2343 2831 39 20 per
2390 2827 90 24 quarter

1892 2850 94 29 payable
1994 2851 24 21 in
2028 2850 109 22 advance.

1922 2878 80 22 Orders
2026 2878 33 21 for
2078 2878 39 20 the
2139 2885 68 20 paper
2230 2876 50 27 and,
2296 2876 183 23 advertisements

1892 2904 104 22 received
2007 2907 21 19 at
2037 2904 38 22 the
2087 2904 72 22 Office
2169 2904 26 21 of
2206 2904 43 22 this
2257 2911 76 19 paper.

1892 2951 67 20 Port
1972 2949 153 21 Nicholson
2145 2948 168 21 Mechanic's
2336 2949 141 26 Institute,

1969 2976 94 21 Public
2079 2975 109 25 School,
2196 2975 67 21 'and
2280 2975 122 27 Library.

1894 3010 92 50 THE
2007 3009 138 22 Mechanic's
2161 3009 102 22 Institute
2281 3008 98 23 Sabbath
2396 3010 81 22 School

1943 3045 4 6 '
1967 3036 45 22 will
2019 3036 30 22 be
2059 3035 87 29 opened
2156 3036 22 21 in
2189 3036 39 21 the
2237 3043 75 15 rooms
2322 3036 26 21 of
2358 3036 38 22 the
2407 3037 70 22 ahove

1892 3064 136 26 Institution,
2040 3071 29 14 on
2080 3062 91 32 Sunday
2186 3065 61 25 next,
2264 3062 37 22 the
2319 3062 52 23 19th
2385 3064 92 22 instant.

1892 3092 75 21 Hours
1978 3090 26 22 of
2012 3089 130 23 instruction
2155 3090 24 21 in
2194 3090 38 21 the
2244 3090 104 27 morning
2362 3090 59 22 from
2432 3091 49 22 half

1891 3121 50 24 past
1949 3118 52 21 nine
2010 3117 34 22 till
2060 3124 13 14 a
2087 3119 91 25 quarter
2192 3119 24 19 to
2233 3116 77 22 eleven
2317 3125 5 19 ;
2340 3117 44 22 and
2399 3118 23 21 in
2440 3118 37 22 the

1891 3145 117 22 afternoon
2015 3144 58 22 from
2082 3145 14 20 2
2105 3142 34 23 till
2147 3144 22 21 4.

2159 3176 22 23 J.
2196 3177 122 28 Knowles,
2330 3178 123 28 Secretary.

1892 3223 199 49 JSUTTON
2112 3222 20 22 is
2150 3230 51 15 now
2225 3223 107 27 prepared
2350 3227 22 18 to
2392 3224 85 28 supply,

1932 3262 11 10 •
1972 3250 124 27 wholesale,
2106 3249 38 22 the
2159 3250 120 27 profession
2291 3250 24 21 of
2322 3250 55 22 Port
2385 3250 93 22 Nichol-

1891 3285 48 18 son,
1950 3277 90 27 Nelson,
2058 3276 130 28 Auckland,
2204 3277 45 22 and
2267 3277 38 22 the
2324 3277 64 22 other
2403 3278 74 21 settle-

1891 3308 73 18 ments
1974 3304 26 21 of
2013 3304 55 22 New
2082 3303 107 28 Zealand,
2200 3304 52 22 with
2265 3303 74 28 drugs,
2352 3304 125 28 chemicals,

1891 3331 73 28 stop'd
1979 3330 86 28 bottles,
2082 3333 55 25 pots,
2155 3331 40 22 &c.
2211 3332 47 26 &c,
2274 3332 45 21 and
2337 3338 60 20 upon
2414 3337 62 16 more

1891 3359 163 25 advantageous
2063 3361 69 18 terms
2142 3358 54 21 than
2207 3358 36 21 the
2254 3358 91 27 Sydney
2353 3358 105 22 markets.

1918 3387 20 19 A
1948 3386 124 25 respectable
2078 3386 67 26 youth
2154 3386 83 20 wanted
2244 3392 24 14 as
2278 3392 27 14 an
2313 3385 134 26 Apprentice.

1889 3419 100 22 Medical
1998 3419 62 27 Hall,
2073 3419 141 27 Wellington,
2223 3419 59 22 June
2292 3420 34 25 10,
2337 3417 60 23 1842.

1891 3464 92 50 THE
2002 3464 157 22 PREMISES
2177 3464 69 27 lately
2260 3462 107 28 occupied
2385 3463 30 27 by
2433 3462 42 23 Dr.

1967 3490 93 28 Gilbert,
2072 3495 24 18 at
2104 3491 39 21 the
2154 3498 77 15 corner
2240 3490 25 22 of
2273 3490 149 21 Willis-street
2431 3490 45 22 and

1889 3518 39 22 the
1936 3518 78 27 beach,
2026 3518 45 22 will
2085 3518 29 22 he
2130 3517 86 29 shortly
2225 3516 84 29 opened
2324 3516 54 22 with
2378 3524 3 5 1
2386 3523 14 15 a
2412 3516 63 22 stock

1888 3545 26 21 of
1928 3545 93 27 genuine
2036 3545 67 27 drugs
2119 3544 46 22 and
2180 3543 106 23 chemical
2301 3543 58 22 from
2373 3543 102 27 Apothe-

1888 3573 71 21 caries
1968 3572 62 27 Hall,
2040 3572 105 22 London.

1915 3600 38 21 An
1972 3598 148 29 experienced
2136 3598 110 22 Assistant
2261 3595 95 29 wanted,
2373 3596 69 29 apply
2451 3600 23 19 to

1888 3626 22 22 J.
1924 3627 85 25 Sutton,
2022 3625 98 23 Medical
2130 3624 62 23 Hall.

1915 3653 61 23 June
1985 3655 33 25 10,
2030 3654 60 21 1842.

1889 3697 89 27 T?OR
1991 3697 85 28 SALE,
2086 3697 31 28 by
2127 3695 39 23 the
2175 3693 148 28 undersigned
2323 3705 30 5 —

1915 3751 104 28 Superior
2027 3753 50 25 port
2086 3749 46 23 and
2142 3749 77 26 sherry
2228 3748 23 22 in
2262 3755 74 21 cases,.

1915 3779 144 26 Champagne
2069 3777 23 22 in
2103 3774 66 29 ditto^

1915 3805 92 27 Brandy
2014 3805 24 21 in
2049 3807 90 24 quarter
2148 3801 71 28 casks,

1915 3832 47 22 Gin
1970 3831 25 22 in
2004 3831 64 22 hhds.

2211 3856 27 22 T.
2250 3856 34 22 M.
2299 3857 146 24 Partridge.

1887 3884 80 23 March
1978 3885 33 26 25,
2022 3885 61 21 1842.

1888 3929 72 50 ON
1974 3929 84 27 SALE,
2074 3932 24 18 at
2106 3928 45 21 this
2163 3927 70 28 office,
2244 3927 68 23 blank
2322 3928 57 23 Bill
2390 3929 85 22 Books.

1988 3956 92 22 Gazette
2117 3955 71 26 office,
2200 3954 55 23 Doc.
2265 3956 22 21 4.

102 705 53 20 For
169 703 106 21 Nelson
290 700 56 21 and
360 699 69 21 New
441 698 155 26 Plymouth.

59 739 29 20 To
98 739 23 20 le
130 737 125 27 despatched
264 735 42 26 for
316 735 34 19 the
360 734 61 19 above
430 734 64 24 ports
506 732 137 25 immediately

193 771 26 14 on
227 765 39 18 her
274 763 75 19 return
352 760 62 26 from
422 760 87 24 Nelson,

95 795 72 35 ■jKjjSjT
222 798 115 32 rpHAT
346 798 47 21 fine
398 797 43 22 fast
447 797 82 28 sailing
539 796 104 23 schooner

85 819 107 39 jSpty^.
228 819 31 30 X
295 826 119 26 Elizabeth,
426 826 27 20 60
468 826 57 25 tons,
538 823 22 23 J.
570 823 71 23 Smith

82 846 132 40 XTrMfsig'
234 856 90 24 master,
341 853 40 21 has
396 851 104 29 splendid
518 858 124 14 accommo-

59 874 156 38 J&EjES&Z.
236 880 75 22 dation
347 879 37 22 for
419 886 138 20 passengers.
598 877 45 22 For

59 901 160 33 SSSSS»
234 906 84 28 freight
328 914 25 14 or
361 913 99 21 passage,
472 905 66 28 apply
548 908 21 18 to

190 942 125 27 Wallace,
328 941 92 26 White,
433 939 44 22 and
491 939 122 21 Wallace.

81 970 59 22 June
153 971 33 25 11,
199 971 60 20 1842.

52 1022 55 20 For
118 1019 148 22 Auckland
281 1018 56 21 and
350 1018 46 19 the
407 1017 57 24 Bay
480 1015 30 20 of
522 1014 118 21 Islands.

213 1053 44 20 HP)
261 1050 52 26 HE,
334 1050 22 21 A
377 1051 19 22 1,
419 1048 111 22 schooner
554 1048 87 20 Thomas

219 1070 29 29 JL
284 1077 67 26 Crisp,
363 1076 39 22 175
412 1079 57 22 tons,
481 1075 46 21 will
535 1075 61 21 leave
607 1074 34 22 for

225 1105 38 21 the
283 1101 165 24 above-named
464 1101 75 26 places
558 1108 27 15 on
601 1101 37 21 the

53 1124 154 38 t3jß£Ba%*
224 1133 53 20 20tn
287 1131 90 21 instant.
407 1129 42 22 For
458 1128 83 27 freight
551 1136 22 14 or
589 1135 51 20 pas-

52 1152 154 33 JBBhBbP
224 1165 59 20 sage,
299 1157 68 27 apply
377 1160 21 18 to
413 1155 93 28 Captain
523 1154 79 27 Beard,
615 1162 25 14 or

225 1188 23 18 to
265 1184 95 27 Captain
378 1183 97 26 Salmon,
493 1185 23 19 at
534 1182 50 28 Hay
596 1182 43 21 and

227 1211 151 23 Machattie's.

281 1261 53 20 For
344 1260 70 25 Sale,

58 1291 164 110 aril
228 1293 47 21 HE
304 1291 50 23 well
384 1291 89 27 known,
500 1291 138 28 fast-sailing,

188 1314 24 26 L
247 1322 72 19 cutter
336 1320 69 25 Royal
424 1320 100 23 William,
544 1320 27 20 43
589 1322 51 18 tons

222 1347 99 26 register,
339 1346 54 21 with
409 1346 27 21 all
455 1345 42 22 her
512 1350 74 22 stores,
599 1345 39 22 &c.

193 1373 38 21 &c.
250 1374 39 20 &c.
319 1373 70 21 Stows
406 1380 13 14 a
431 1373 61 26 large
508 1380 71 19 cargo,
596 1373 45 21 aud

193 1399 76 22 makes
285 1406 31 20 up
330 1399 51 22 four
396 1399 75 22 berths
485 1399 23 21 in
521 1400 37 21 the
568 1399 71 22 cabin.

55 1426 44 22 She
114 1425 39 22 has
162 1426 84 27 proved
255 1426 87 22 herself
352 1434 13 13 a
376 1426 58 26 good
444 1433 39 14 sea
499 1427 57 26 boat,
568 1425 43 22 and
622 1426 17 21 is

53 1453 49 21 well
117 1453 95 26 adapted
227 1453 35 21 for
276 1453 89 27 trading
382 1454 99 20 between
499 1453 37 21 the
553 1453 86 21 various

54 1480 139 21 settlements
203 1487 28 14 on
243 1480 37 21 the
290 1484 63 17 coast
362 1480 25 21 of
399 1480 53 21 New
464 1480 107 21 Zealand.

80 1514 44 22 For
132 1514 87 22 further
227 1514 138 27 particulars,
377 1515 65 26 apply
454 1517 23 18 to

266 1548 21 23 J.
299 1548 33 22 M.
342 1549 100 26 Taylor,
455 1548 155 28 Ship-Broker,

379 1576 31 21 Te
422 1576 55 21 Aro.

189 1621 87 20 Town
292 1621 32 20 of
336 1621 167 21 Manewatu.

53 1653 92 49 THE
167 1653 216 23 PROPRIETORS
408 1654 25 22 of
457 1654 40 21 the
516 1655 59 21 three
589 1655 49 21 first

140 1680 89 22 choices
245 1684 22 18 at
276 1681 37 22 the
332 1681 43 22 last
390 1681 106 22 selection
506 1682 26 21 of
546 1684 90 24 country

50 1707 71 27 lands,
134 1707 84 28 having
237 1708 138 21 determined
389 1715 60 20 upon
466 1708 39 21 the
521 1708 40 21 site
575 1708 34 22 for
624 1715 12 14 a

64 1741 93 22 TOWN
173 1741 44 21 ON
231 1742 64 22 THE
311 1742 190 21 MANEWATU
514 1742 105 26 RIVER,

50 1768 57 22 after
111 1769 80 19 several
198 1769 59 20 visits
267 1772 21 18 to
298 1768 37 22 the
344 1768 188 27 neighbouroood,
543 1768 45 22 and
598 1769 37 21 the

50 1798 57 18 most
126 1795 84 21 careful
227 1795 45 21 and
290 1795 84 21 minute
395 1795 151 22 examination
561 1795 23 22 of
598 1795 37 22 the

50 1827 71 17 entire
137 1823 91 26 district,
245 1822 65 22 aided
327 1823 29 26 by
366 1822 37 22 the
419 1822 145 28 professional
575 1822 58 27 skill,

49 1848 137 28 knowledge,
206 1849 44 21 and
264 1849 132 27 experience
411 1849 25 21 of
447 1849 38 21 the
502 1853 59 18 mo3t
574 1857 61 14 com-

48 1879 76 23 petent
130 1875 89 28 judges,
236 1882 93 21 propose
345 1879 22 18 to
384 1876 53 21 offer
448 1875 34 21 for
500 1876 101 28 disposal,
612 1880 23 18 at

198 1903 36 21 the
248 1906 90 25 present
347 1903 60 26 time,
419 1902 68 22 about

47 1936 220 22 TWENTY-FIVE
301 1936 106 25 ACRES,
446 1936 37 21 IN
520 1936 115 23 ALLOT-

48 1963 112 26 MENTS,
177 1963 85 21 EACH
284 1962 39 21 OF
349 1963 63 21 ONE
433 1962 148 24 QUARTER
595 1964 38 21 OF

198 1997 7 18 i
262 1989 44 21 AN
323 1989 91 21 ACRE.

71 2016 48 20 The
128 2018 49 24 spot
187 2015 50 21 thus
247 2015 97 22 selected
354 2022 111 20 possesses
473 2015 39 21 the
521 2020 58 18 most
595 2023 39 14 ex-

45 2042 85 21 tensive
144 2041 101 27 frontage
260 2044 23 18 to
300 2041 56 28 deep
367 2045 67 18 water
450 2041 26 21 of
487 2048 45 21 any
548 2049 26 15 on
595 2042 38 22 the

46 2069 63 21 river.
139 2068 22 21 It
178 2068 20 21 is
217 2067 95 22 situated
328 2068 47 26 just
387 2070 24 19 at
426 2067 48 22 that
494 2069 63 26 point
574 2069 59 22 from

109 2094 72 23 which
192 2102 13 14 a
214 2095 54 21 road
280 2094 71 22 would
361 2095 84 21 branch
456 2095 34 21 off
497 2098 21 18 to
529 2095 38 22 the

47 2136 93 14 WOODED
164 2136 47 14 AND
232 2135 99 15 FERTILE
351 2135 117 15 DISTRICTS
489 2136 77 14 ALONG
588 2136 45 16 THE

217 2163 56 13 BASE
288 2163 26 13 OF
330 2163 45 13 THE
391 2163 73 19 HILLS,

47 2189 43 22 and
102 2190 71 21 above
183 2189 73 21 which
267 2189 36 21 the
318 2189 128 26 navigation
461 2189 36 21 for
505 2189 80 22 vessels
595 2190 39 21 be-

48 2224 73 15 comes
131 2216 86 25 tedious,
227 2216 25 26 if
256 2218 36 18 not
302 2216 96 26 difficult.
426 2216 22 21 It
455 2216 18 21 is
480 2216 107 23 therefore
595 2216 38 23 the

245 2243 62 27 point
316 2243 73 22 where
400 2243 36 21 the

48 2277 86 22 LAND
149 2277 69 21 AND
233 2277 114 21 WATER
361 2277 163 22 CARRIAGE
539 2277 92 28 MEET,

45 2312 44 21 and
99 2312 73 21 where
181 2319 14 14 a
205 2311 69 22 Town
290 2319 61 14 must
366 2319 28 14 be
409 2319 92 14 formed
517 2312 64 22 when
592 2312 39 22 the

47 2338 83 22 district
144 2338 19 21 is
173 2338 87 21 settled.
290 2338 21 21 It
320 2345 45 15 was
375 2338 96 22 selected
488 2338 30 28 by
529 2338 38 22 the
578 2340 53 21 Sur-

46 2366 79 26 veying
135 2365 59 22 Staff
205 2372 24 15 as
239 2365 37 22 the
285 2365 138 22 rendezvous
431 2365 37 21 for
483 2365 58 22 their
554 2366 60 26 body
623 2375 6 19 ;

47 2392 40 21 and
98 2392 40 21 has
146 2392 59 21 been
214 2399 51 14 now
278 2392 77 28 found,
366 2392 58 22 after
434 2392 86 21 several
537 2393 94 22 months'

45 2419 102 26 location,
160 2422 21 18 to
196 2419 27 21 be
233 2419 37 21 the
280 2422 58 18 most
352 2419 166 27 advantageous
527 2420 102 28 position,

45 2446 57 21 from
118 2447 28 20 its
160 2446 99 26 peculiar
278 2445 87 28 facility
379 2446 27 22 of
417 2446 111 28 approach
539 2447 51 22 both
600 2447 30 27 by

45 2472 52 23 land
107 2472 45 23 and
160 2476 75 18 water.

73 2500 27 21 In
111 2499 153 22 confirmation
274 2499 26 22 of
307 2499 37 22 the
354 2499 131 27 superiority
495 2500 26 21 of
530 2500 42 22 this
581 2504 49 23 spot

44 2534 53 15 over
106 2533 44 21 any
159 2526 64 22 other
231 2530 38 24 yet
278 2526 90 26 known,
380 2526 37 22 the
427 2527 91 22 Messrs.
527 2528 101 27 Kebbell,

46 2554 56 21 after
119 2553 38 22 the
177 2553 150 22 examination
344 2554 26 21 of
386 2554 36 21 the
441 2554 60 21 river
515 2554 58 22 from
591 2554 38 22 the

46 2580 88 23 Paneiri
144 2580 49 21 Pah
201 2584 23 17 to
233 2580 29 22 its
271 2580 85 27 mouth,
368 2580 139 23 determined
521 2589 28 14 on
561 2586 68 17 erect-

282 2606 38 27 ing
334 2607 58 22 their

45 2641 66 22 SAW
125 2640 81 23 MILL
226 2641 229 22 IMMEDIATELY
471 2641 157 24 OPPOSITE.

45 2674 46 23 The
109 2674 71 23 works
198 2674 25 21 of
238 2674 49 22 that
305 2675 168 22 establishment
492 2683 36 14 are
549 2680 23 18 at
586 2676 43 22 this

46 2705 98 18 moment
161 2702 24 21 in
200 2702 63 27 rapid
278 2709 107 19 progress,
403 2702 43 21 and
466 2702 38 22 the
521 2704 108 27 proposed

43 2728 70 22 Town
123 2728 44 22 will
176 2727 132 28 necessarily
313 2730 94 26 partake
413 2729 25 22 of
444 2729 43 21 this
497 2729 131 29 advantage.

71 2763 49 22 The
137 2763 93 21 nucleus
245 2763 26 21 of
287 2770 12 14 a
316 2764 71 21 Town
402 2764 25 26 is,
437 2764 24 21 in
475 2764 52 27 fact,
540 2766 89 27 already

45 2789 95 25 created,
149 2789 31 27 by
191 2789 36 22 the
237 2790 165 21 concentration
419 2791 24 21 of
457 2791 38 22 the
506 2792 123 28 Surveying

45 2817 58 22 Staff
109 2823 28 15 on
148 2815 48 22 that
205 2819 55 24 spot,
272 2824 23 14 as
304 2817 39 21 the
353 2820 74 19 centre
443 2817 26 21 of
479 2818 150 23 communica-

44 2844 46 21 tion
101 2846 24 19 to
134 2843 38 21 the
181 2843 149 26 surrounding
339 2843 96 28 district;
452 2844 38 21 the
501 2846 94 21 erection
607 2847 26 21 of

45 2871 90 22 Messrs.
146 2869 116 22 Kebbell's
277 2870 50 21 Saw
344 2870 63 21 Mills
422 2871 98 30 opposite
527 2879 6 19 ;
550 2872 28 27 by
591 2872 37 23 the

43 2899 165 25 arrangements
222 2897 35 21 for
271 2903 29 15 an
317 2897 113 21 extensive
441 2897 100 22 General
553 2899 59 22 Store
621 2907 5 20 ;

44 2925 45 21 and
98 2925 30 26 by
135 2923 38 22 the
182 2923 45 22 late
236 2923 134 31 application
375 2924 35 21 for
419 2931 12 14 a
438 2924 108 23 Licensed
554 2926 74 22 House

44 2959 27 14 on
80 2951 38 22 the
125 2953 52 29 part
186 2950 26 22 of
224 2957 28 15 an
262 2949 124 23 individual
399 2951 48 21 who
462 2951 47 27 has,
520 2952 60 22 since
590 2952 38 23 the

43 2978 117 21 formation
178 2977 27 21 of
218 2977 38 21 the
273 2976 91 28 Colony,
379 2977 96 27 pursued
492 2985 14 14 a
523 2979 106 23 lucrative

45 3005 61 22 trade
117 3004 53 22 with
179 3004 38 21 the
226 3003 93 27 natives,
332 3003 45 22 and
388 3004 71 22 whose
469 3005 129 29 knowledge
606 3007 26 22 of

43 3032 37 21 the
90 3032 136 26 advantages
236 3031 26 21 of
268 3030 38 22 the
315 3031 102 27 position,
424 3033 118 26 prompted
550 3033 45 22 him
605 3037 24 18 at

45 3065 54 16 once
109 3063 23 18 to
140 3058 74 28 prefer
223 3057 50 22 that
283 3057 143 28 application.

68 3092 48 22 The
127 3092 93 22 Natives
234 3092 31 27 by
274 3090 73 22 whom
363 3092 44 21 this
416 3092 54 22 land
480 3100 45 15 was
535 3093 93 24 claimed

45 3126 34 14 are
90 3120 59 27 quite
160 3118 109 28 prepared
278 3121 21 19 to
309 3118 51 27 give
367 3125 29 20 up
403 3120 130 27 possession,
542 3122 42 21 and
590 3129 38 15 are

45 3146 143 27 exceedingly
198 3146 94 21 anxious
304 3148 23 18 to
341 3145 59 22 have
410 3153 12 14 a
431 3145 120 29 European
560 3156 69 20 popu-

43 3171 66 24 lation
120 3180 81 20 among
211 3173 67 26 them,
290 3172 84 27 having
391 3172 56 22 been
455 3180 59 21 upon
527 3175 37 21 the
574 3179 55 18 most

43 3199 93 29 friendly
142 3200 87 27 footing
239 3199 53 22 with
301 3199 39 21 the
352 3199 124 28 Surveying
487 3201 59 21 Staff
550 3201 79 28 during

39 3226 35 22 the
83 3227 50 23 four
142 3234 25 15 or
176 3227 44 22 five
230 3226 88 22 months
327 3226 55 27 they
402 3226 57 22 have
474 3227 155 28 beenjocated

38 3253 68 23 there.

67 3281 32 21 As
109 3281 37 21 the
153 3280 139 27 Proprietors
300 3288 96 20 purpose
405 3283 22 19 to
438 3279 86 28 dispose
535 3282 26 21 of
566 3282 39 22 but
614 3290 14 14 a

41 3306 82 24 limited
135 3307 91 33 portion
243 3307 26 22 of
280 3307 37 22 the
333 3308 70 22 Town
419 3311 22 18 at
459 3312 97 23 present,
576 3309 52 27 they

40 3333 76 29 pledge
262 3332 5 8 l
266 3334 61 27 tbaV
334 3338 23 18 at
367 3341 29 15 no
415 3334 73 22 future
498 3335 63 28 sales,
574 3335 54 23 shall

42 3361 35 21 the
87 3361 128 23 allotments
222 3361 115 28 baputup
347 3364 24 19 at
381 3369 13 15 a
404 3359 44 25 Jess
458 3369 51 15 sum
517 3363 55 21 than
581 3370 48 15 now

43 3387 85 23 offered.
170 3389 24 12 •'-'
207 3394 13 18 ',
227 3413 7 3 _
258 3391 4 6 '
276 3386 21 15 "•'
300 3389 1 5 '

66 3422 22 21 A
106 3422 132 27 Prospectus
257 3421 45 23 and
320 3422 57 23 Plan
399 3423 25 22 of
438 3422 37 23 the
495 3423 70 22 Town
582 3424 46 22 will

42 3447 82 29 shortly
132 3448 29 22 be
168 3455 70 21 reaay
246 3448 169 28 for'inspection
430 3452 22 20 at
465 3450 39 22 the
514 3450 81 23 Offices
605 3452 26 21 of

43 3474 86 23 Messrs.
140 3475 70 22 Waitt
219 3476 45 21 and
273 3476 76 28 Tyser,
360 3477 31 22 Te
402 3478 53 21 Aro.

67 3506 143 27 Wellington,
222 3507 65 28 April
295 3509 35 25 22,
341 3509 61 21 1842.

238 3552 176 21 .Manewatu.

44 3584 84 49 FOR
142 3584 85 27 SALE,
246 3592 13 14 a
273 3585 102 22 valuable
392 3586 85 22 section
494 3587 26 22 of
533 3587 53 23 land
601 3591 24 19 at

112 3612 137 26 Manewatu,
266 3611 99 23 selected
374 3613 70 22 under
455 3614 44 22 No.
511 3615 26 22 of
549 3615 74 23 choice

41 3638 45 22 420.
124 3639 44 22 Mr.
189 3638 85 28 Kettle,
295 3639 119 28 Surveyor,
433 3640 46 22 will
502 3641 61 23 shew
584 3642 38 22 the

42 3666 91 24 ground.

65 3691 43 22 For
118 3695 75 24 terms,
204 3691 69 29 apply
283 3694 22 19 to
315 3692 39 22 the
363 3694 129 28 proprietor,

411 3726 29 22 A.
457 3727 34 22 W.
508 3728 84 22 Shand.

207 3770 77 21 Land
298 3769 30 21 in
342 3770 106 21 Karori.

39 3799 175 52 WANTED
245 3803 41 23 TO
314 3803 174 29 PURCHASE,
516 3805 56 23 land
596 3807 25 22 in

132 3829 81 23 Karori
222 3829 92 23 district.
344 3830 76 28 Apply
429 3834 21 18 to

62 3880 18 2 _
431 3857 64 24 John
511 3859 80 24 Wade.

38 3908 9 3 ,
62 3880 31 23 Te
102 3883 54 24 Aro,
168 3883 61 23 June
240 3885 19 26 1,
272 3885 61 21 1842.

36 3925 90 47 JUST
139 3928 134 28 OPENED,
280 3928 43 23 and
335 3936 29 15 on
375 3929 50 22 Sale
435 3932 23 19 at
468 3929 39 22 the
517 3930 70 23 Offic«
596 3931 33 22 of

97 3954 42 23 this
149 3955 78 28 Paper,
237 3956 40 22 ink
288 3956 77 22 ttanda
375 3956 26 22 of
408 3956 88 23 rtiri««t«
506 3957 63 22 sicec.

676 698 148 26 Township
841 698 31 21 of
887 699 36 20 Te
944 699 97 25 Maire,
1056 705 37 15 on
1108 699 45 21 the
1174 699 87 21 banks

704 724 30 21 of
757 725 45 20 the
827 726 169 25 Manawatu,
1018 727 54 19 two
1095 726 68 26 days
1186 726 75 20 walk

702 752 70 20 from
787 753 67 19 Port
868 752 160 21 Nicholson.

675 785 159 50 MESSRS.
854 786 92 26 HORT,
965 785 158 27 MOCATTA,
1143 786 42 22 and
1205 786 52 26 CO.,

750 812 58 22 have
817 812 103 23 received
935 812 142 22 instructions
1085 812 76 23 -from,.
1163 813 38 22 the
1210 821 51 19 pro-

672 839 92 27 prietors
781 840 104 21 Captain
902 839 26 22 E.
943 839 116 27 Daniell,
1076 839 26 22 F.
1118 840 30 21 A.
1167 840 90 22 Moles-

673 873 89 20 worth,
774 873 45 14 and
831 866 23 21 J.
864 866 79 26 Watt,
955 866 89 25 Esqrs.,
1056 866 47 21 and
1116 866 46 22 will
1177 866 82 28 shortly

771 893 55 22 offer
833 893 36 21 for
880 893 44 20 sale
934 888 31 31 by
974 893 75 27 public
1059 893 97 27 auction,

671 927 54 20 283
735 926 210 22 ALLOTMENTS
962 926 36 21 IN
1012 925 63 22 THE
1089 926 168 22 TOWNSHIP

855 952 39 22 OF
908 952 38 22 TE
962 952 111 22 MAIRE.

670 979 48 21 The
727 979 134 28 proprietors
876 979 117 27 intending
1008 982 21 18 to
1046 979 107 22 establish
1168 988 13 14 a
1189 983 68 19 town-

670 1006 50 26 ship
730 1008 23 18 at
767 1006 134 21 Manawatu
913 1006 57 21 have
989 1006 54 21 been
1059 1010 23 17 at
1091 1010 65 23 great
1164 1009 62 25 pains
1234 1007 30 21 in~

669 1032 126 27 personally
812 1032 129 27 examining
958 1032 49 22 that
1024 1032 91 28 district,
1138 1034 45 22 and
1200 1041 57 15 were

669 1059 113 21 fortunate
793 1060 90 26 enough
893 1062 22 18 at
924 1059 38 21 the
972 1060 45 21 late
1032 1059 105 23 selection
1149 1061 25 21 of
1186 1061 71 21 Coun-

669 1089 37 23 try
723 1085 71 28 Land,
813 1089 23 18 to
856 1086 74 22 obtain
948 1086 40 22 the
1005 1093 52 20 very
1074 1087 98 22 sections
1186 1087 71 22 which

669 1112 110 28 appeared
789 1116 23 18 to
821 1113 62 22 them
892 1113 38 21 the
945 1117 59 18 most
1019 1113 87 27 eligible
1116 1114 46 22 and
1175 1114 82 22 advan-

669 1143 93 24 tageous
776 1140 35 21 for
827 1140 37 22 the
880 1147 102 21 purpose.
1018 1140 62 27 They
1090 1141 113 22 entrusted
1219 1141 37 21 the

801 1167 141 27 preparation
953 1167 26 21 of
989 1167 38 22 the
1036 1167 54 27 plan
1101 1170 22 19 to

715 1200 123 23 ROBERT
854 1201 90 27 PARK,
962 1202 62 27 Esq.,
1040 1201 175 27 SURVEYOR,

669 1227 53 22 And
732 1227 49 22 that
796 1228 127 27 gentleman
941 1228 41 22 has
999 1228 109 28 surveyed
1123 1230 46 21 and
1176 1229 81 28 judici-

670 1254 63 28 ously
743 1254 45 22 laid
798 1258 39 19 out
854 1256 36 21 the
906 1255 94 22 sections
1010 1263 23 14 as
1048 1262 14 14 a
1076 1256 117 28 township,
1205 1256 51 23 with

852 1282 71 27 ample
932 1289 99 15 reserves
1040 1282 34 21 for

669 1315 143 27 WHARFS,
840 1315 111 26 QUAYS,
977 1316 185 27 EXCHANGE,
1191 1317 66 22 CUS-

728 1342 68 22 TOM
812 1342 110 26 HOUSE,
939 1342 135 23 MARKET
1089 1343 107 26 PLACE,

671 1369 139 25 CHURCH,
836 1369 155 27 CEMETRY,
1017 1369 102 23 COURT
1144 1371 110 26 HOUSE,

742 1395 68 22 AND
826 1396 183 22 BOTANICAL
1024 1397 157 28 GARDENS,

669 1423 46 21 and
731 1426 104 24 amongst
850 1423 62 22 other
931 1423 75 27 things
1026 1431 12 14 a
1056 1431 88 15 reserve
1165 1425 35 21 for
1219 1424 36 22 the

774 1458 194 23 MECHANIC'S
985 1458 166 23 INSTITUTE

668 1484 42 23 has
720 1488 40 19 not
772 1486 57 21 been
847 1486 141 21 overlooked.
1016 1485 47 22 The
1076 1486 110 28 township
1204 1493 52 14 con-

671 1512 49 21 sists
730 1513 25 20 of
765 1514 42 20 586
817 1513 131 26 allotments,
961 1513 26 21 of
998 1512 72 22 which
1078 1512 37 22 the
1125 1513 130 27 proprietors

668 1540 72 21 retain
756 1547 40 14 one
812 1540 52 21 half
874 1540 23 21 in
915 1540 56 21 their
987 1547 49 14 own
1052 1538 79 28 hands,
1144 1540 44 21 and
1202 1540 54 21 offer

741 1566 34 22 for
783 1566 46 22 sale
839 1567 37 21 the
885 1566 135 28 remainder,
1030 1566 121 28 consisting
1162 1568 24 20 of

721 1601 53 20 283
789 1600 181 22 HALF-ACRE
986 1600 217 23 ALLOTMENTS.

668 1626 48 22 The
732 1627 127 22 allotments
873 1628 34 21 for
923 1627 46 22 sale
986 1627 45 22 and
1045 1634 89 15 reserve
1150 1635 57 14 were
1218 1627 36 22 de-

668 1653 64 22 cided
746 1654 31 27 by
791 1655 40 26 lot,
843 1655 44 22 and
904 1654 65 21 while
984 1654 38 22 the
1037 1654 135 27 proprietors
1187 1654 67 22 selec-

668 1681 38 21 ted
720 1681 57 21 their
794 1689 57 19 own,
862 1681 50 22 Mr.
923 1681 67 22 Park
1000 1681 64 22 chose
1074 1681 63 22 those
1148 1681 106 22 intended

666 1707 36 22 for
711 1707 52 28 sale,
774 1708 75 22 which
862 1715 37 15 are
915 1708 116 28 decidedly
1039 1707 74 22 better
1122 1715 29 14 on
1165 1715 28 14 an
1203 1715 51 15 ave-

666 1741 54 20 rage
729 1734 53 22 than
795 1735 63 22 those
868 1735 71 24 which
948 1735 36 22 the
993 1735 130 27 proprietors
1129 1735 58 22 have
1197 1735 55 22 been

749 1762 94 21 enabled
854 1766 22 17 to
886 1769 86 14 reserve
983 1762 36 21 for
1029 1761 141 23 themselves.

666 1794 64 22 THE
745 1795 116 23 WHOLE
876 1795 39 22 OF
929 1795 65 21 THE
1009 1795 160 23 PROCEEDS
1180 1795 25 23 of
1216 1795 36 22 the

919 1822 79 22 SALE

811 1849 46 22 will
866 1849 28 21 be
905 1849 117 27 expended
1033 1856 28 14 on
1069 1848 39 22 the

717 1882 235 23 IMPROVEMENT
969 1882 39 23 OF
1023 1882 62 23 THE
1100 1882 100 27 TOWN,

909 1909 43 22 and
969 1910 38 21 the

666 1936 238 22 CONSTRUCTION
922 1936 39 21 OF
983 1936 139 28 WHARFS,
1139 1936 111 26 QUAYS,

935 1963 49 26 &c,

663 1989 54 21 And
727 1989 42 22 will
779 1989 29 21 be
818 1989 109 27 managed
939 1989 44 22 and
996 1989 117 27 regulated
1122 1990 31 26 by
1163 1997 14 14 a
1186 1989 66 22 Com-
1263 1995 2 10 v

857 2016 26 21 of
893 2022 67 14 soven
970 2016 122 25 consisting
1144 2027 9 3 -
1179 2013 3 9 '

664 2041 68 22 Capt.
754 2041 152 26 DANIELL,
939 2042 51 21 Mr.
1021 2042 228 28 MOLESWORTH,

802 2069 49 21 Mr.
861 2069 95 26 WATT,
973 2076 47 14 and
1031 2069 85 22 FOUR

664 2097 23 19 to
697 2094 29 22 be
736 2095 85 22 elected
836 2096 29 27 by
875 2095 37 22 the
927 2095 132 28 purchasers
1074 2096 56 21 from
1149 2100 101 23 amongst

888 2123 141 21 themselves.

663 2147 49 22 The
726 2149 133 27 proprietors
873 2156 37 15 are
929 2149 113 22 confident
1059 2149 49 21 that
1126 2150 58 21 their
1202 2157 48 14 own

663 2175 103 22 interests
783 2176 44 21 will
842 2176 28 21 be
885 2183 61 14 more
964 2176 29 21 eff
995 2184 12 13 e
1012 2176 77 27 itually
1106 2176 97 27 secured,
1220 2177 30 27 by

663 2203 125 26 sacrificing
808 2210 43 14 one
866 2203 50 21 half
934 2203 26 20 of
976 2203 58 22 their
1048 2203 96 22 sections
1164 2204 23 21 in
1207 2204 42 21 this

662 2229 74 27 mode,
748 2229 66 22 while
822 2230 39 21 the
870 2229 132 28 purchasers
1011 2229 42 22 will
1064 2229 57 22 have
1132 2230 38 22 the
1182 2230 67 22 whole

664 2255 26 22 of
701 2256 36 21 the
747 2256 108 27 purchase
866 2263 79 20 money
954 2256 107 22 returned
1071 2260 21 18 to
1103 2257 62 22 them
1176 2258 21 21 in
1207 2259 31 20 im

662 2284 95 25 proving
766 2283 45 22 and
821 2283 125 27 enhancing
962 2283 37 22 the
1015 2283 63 22 value
1095 2284 25 21 of
1131 2284 58 22 their
1200 2292 48 14 own

661 2312 111 24 property.

689 2336 48 23 The
748 2336 70 22 whole
835 2337 26 21 of
871 2337 37 22 the
923 2336 56 23 land
991 2337 20 22 is
1026 2337 105 27 perfectly
1147 2337 46 29 flat,
1205 2338 44 21 and

660 2363 40 22 the
715 2363 39 22 soil
772 2364 26 21 of
815 2364 38 21 the
868 2364 81 22 richest
965 2364 140 27 description,
1125 2364 64 23 while
1211 2365 37 22 the

661 2390 123 28 prevailing
798 2391 71 22 winds
887 2398 36 15 are
939 2398 70 15 never
1024 2399 23 14 so
1062 2391 85 22 violent
1163 2399 24 15 as
1196 2392 53 27 they

661 2424 38 15 are
709 2418 22 21 in
743 2417 37 22 the
790 2418 163 27 neighbouring
964 2418 102 22 districts.
1096 2418 91 23 Vessels
1198 2419 26 21 of
1235 2427 14 13 a

660 2444 62 27 large
737 2444 96 28 draught
848 2445 25 22 of
889 2449 67 18 water
972 2453 42 14 can
1029 2445 37 27 lay
1080 2445 114 27 alongside
1210 2446 38 21 the

660 2471 62 22 bank
730 2474 23 19 at
763 2472 29 21 all
802 2472 65 22 times
877 2472 25 21 of
913 2472 37 21 the
961 2472 52 27 tide,
1026 2479 22 15 as
1057 2472 63 22 there
1129 2473 20 22 is
1158 2480 14 15 a
1182 2473 66 27 depth

661 2498 26 21 of
698 2498 77 28 nearly
786 2499 50 22 four
845 2499 95 22 fathoms
950 2499 60 22 close
1019 2499 30 22 in.

659 2532 50 22 The
716 2533 148 22 Auctioneers
872 2533 74 21 would
956 2533 44 21 call
1008 2533 108 22 attention
1124 2535 24 20 to
1156 2533 37 23 the
1203 2533 46 22 fact

866 2559 25 23 of
897 2559 62 23 there
970 2560 66 27 being

661 2593 22 22 A
707 2594 107 22 LARGE
838 2594 67 22 SAW
924 2594 82 22 MILL
1028 2594 154 23 ALREADY
1202 2594 47 23 ES-

864 2621 179 22 TABLISHED

659 2655 14 14 a
683 2647 61 22 short
754 2647 100 22 distance
868 2648 56 21 from
942 2648 37 21 the
995 2647 104 23 intended
1113 2648 42 22 site
1172 2648 24 22 of
1210 2648 37 22 the

659 2675 80 27 Town;
761 2674 50 28 and,
833 2682 24 15 as
874 2675 37 22 the
929 2674 72 23 whole
1021 2675 24 22 of
1061 2675 38 21 the
1118 2675 130 22 allotments

729 2701 88 22 abound
826 2702 23 21 in
861 2709 76 20 groves
945 2702 27 21 of
978 2701 102 28 splendid
1090 2702 89 28 timber,

659 2735 66 23 THE
751 2735 166 23 PURCHASE
949 2735 115 23 MONEY
1092 2735 84 23 WILL
1207 2737 40 21 BE

733 2763 171 22 RETURNED
919 2763 88 22 WITH
1022 2763 155 22 INTEREST

659 2789 23 21 in
693 2796 14 14 a
715 2796 53 20 very
778 2789 63 22 short
849 2790 83 27 period,
945 2796 24 15 as
979 2798 58 13 sawn
1049 2790 81 21 timber
1137 2790 47 22 will
1188 2790 32 21 'be
1234 2798 13 13 a

659 2816 69 28 staple
743 2817 77 21 article
835 2817 27 21 of
874 2819 77 25 export
960 2817 59 21 from
1031 2817 132 22 Manawatu
1172 2820 23 19 to
1209 2817 37 21 the

659 2843 69 27 ready
736 2843 88 21 market
833 2843 97 22 afforded
945 2844 31 27 by
985 2844 38 21 the
1033 2843 162 29 neighbouring
1204 2848 43 18 set-

659 2869 109 26 tlements,
787 2873 22 18 to
828 2870 74 22 which
916 2871 130 21 abundance
1066 2871 26 21 of
1109 2871 65 22 small
1193 2871 55 22 craft

658 2897 46 21 will
715 2900 22 18 at
744 2896 29 22 all
780 2897 64 21 times
854 2897 69 21 afford
933 2897 37 21 the
978 2904 77 15 means
1066 2897 26 22 of
1098 2905 147 21 conveyance.

659 2923 22 21 A
695 2926 63 23 great
770 2924 89 27 portion
874 2923 25 22 of
913 2924 37 21 the
969 2924 55 21 land
1042 2925 149 27 surrounding
1209 2925 38 22 the

658 2950 70 22 Town
737 2950 68 27 being
812 2951 24 21 in
845 2950 38 22 the
892 2951 124 26 possession
1028 2951 23 22 of
1061 2951 39 21 the
1111 2951 136 27 Proprietors

659 2977 26 21 of
692 2977 37 21 the
738 2977 128 28 Township,
876 2977 44 22 will
932 2977 28 22 be
973 2977 33 22 let
1016 2980 37 19 out
1062 2977 24 22 in
1097 2978 66 23 small
1178 2980 69 21 farms

659 3003 26 22 of
696 3004 57 21 from
763 3003 43 22 five
816 3006 22 19 to
854 3007 37 19 ten
906 3011 67 20 acres,
986 3012 30 14 on
1031 3012 51 19 easy
1092 3005 78 22 leases.
1198 3006 48 22 The

659 3031 85 22 district
752 3031 18 21 is
781 3031 37 22 the
826 3031 51 22 best
887 3031 47 21 that
942 3031 41 21 has
991 3035 38 23 yet
1038 3032 55 21 been
1101 3032 66 27 given
1177 3036 39 19 out
1223 3033 24 22 in

849 3058 57 22 New
915 3058 101 22 Zealand
1024 3059 32 21 for

740 3091 248 23 AGRICULTURAL
1003 3092 163 29 PURPOSES,

872 3126 23 14 as
906 3119 48 21 well
965 3126 24 15 as
998 3119 36 22 for

661 3145 146 22 GRAZING
836 3145 68 23 AND
937 3146 167 22 BREEDING
1132 3147 112 27 STOCK;

798 3173 69 21 AND
882 3173 103 22 DAIRY
999 3173 105 23 FARMS

735 3199 73 27 might
820 3199 29 22 be
864 3199 84 23 carried
962 3208 29 14 on
1007 3201 52 21 with
1073 3208 96 16 success.

828 3233 73 22 SHIP
915 3233 160 23 BUILDING

659 3259 73 27 might
743 3259 46 22 also
800 3260 189 28 advantageously
999 3262 27 21 be
1037 3261 141 27 established,
1189 3262 56 22 from

660 3286 38 21 the
716 3286 103 22 facilities
837 3287 98 22 afforded
952 3287 31 27 by
1001 3288 43 22 this
1057 3288 72 27 really
1144 3288 102 28 splendid

659 3312 66 27 river,
733 3313 44 22 and
786 3313 38 22 the
834 3314 84 27 quality
928 3314 26 21 of
960 3314 39 22 the
1007 3314 80 23 timber
1093 3323 29 14 on
1129 3316 30 22 its
1169 3316 76 22 banks.

688 3340 23 21 It
718 3347 52 19 may
781 3340 27 21 be
819 3340 123 27 remarked,
957 3341 51 22 that
1018 3342 36 21 the
1064 3342 88 22 natives
1160 3343 86 22 neither

660 3366 86 28 dispute
756 3366 37 22 the
804 3367 60 22 titles
871 3371 22 18 to
907 3367 37 22 the
958 3367 62 28 land,
1036 3376 40 14 nor
1085 3368 30 23 do
1129 3370 55 26 they
1194 3370 53 21 offer

659 3400 44 20 any
713 3400 130 20 annoyance
854 3398 22 17 to
887 3394 92 22 settlers.

687 3420 50 22 Full
751 3420 131 27 particulars
896 3428 42 15 can
953 3421 29 22 be
992 3422 103 22 obtained
1110 3430 28 15 on
1149 3424 96 28 applica-

658 3447 48 22 tion
725 3451 23 18 to
760 3447 38 22 the
815 3448 155 27 Auctioneers,
988 3448 72 23 where
1076 3457 13 14 a
1098 3449 58 23 Plan
1171 3452 25 21 of
1209 3450 35 22 the

658 3474 117 27 Township
793 3474 26 21 of
829 3474 33 22 Te
878 3474 71 23 Marie
969 3483 42 14 can
1028 3476 25 21 be
1068 3483 60 16 seen.
1158 3477 51 28 Day
1223 3477 25 21 of

657 3500 46 23 sale
713 3501 43 22 will
772 3501 28 22 be
811 3501 104 28 specified
924 3502 23 21 in
958 3509 14 14 a
979 3502 75 22 future
1063 3503 180 23 advertisement.

684 3528 65 28 April
756 3529 34 26 22,
802 3530 62 21 1842.

799 3574 53 20 For
867 3573 68 26 Sale,
950 3575 29 19 at
994 3574 104 21 Karori.

655 3607 158 50 APIECE
823 3608 39 21 OF
872 3608 93 27 LAND,
978 3608 128 28 containing
1115 3610 12 20 5
1138 3617 69 20 acres,
1219 3610 23 21 in

735 3634 44 23 this
795 3634 96 28 district;
912 3638 48 25 part
976 3636 26 21 of
1013 3635 36 22 the
1066 3636 89 22 Section
1174 3636 68 28 lately

655 3662 45 22 Mr.
720 3662 83 23 Yule's.
838 3662 76 22 Terms
931 3662 86 22 liberal.
1050 3662 45 23 For
1113 3663 128 28 particulars

654 3690 66 27 apply
730 3692 22 19 to
762 3689 27 22 R.
800 3689 66 26 Park,
881 3689 59 27 Esq.,

803 3735 40 21 To
858 3735 34 21 be
906 3735 50 20 Let
971 3740 31 16 or
1018 3735 72 21 Sold.

653 3770 51 48 A
721 3768 105 23 SMALL
842 3768 90 22 FARM
946 3767 26 22 of
978 3768 27 22 25
1016 3775 60 15 acres
1085 3775 30 15 on
1125 3768 113 33 theJHutt,

733 3795 38 22 the
778 3795 71 22 whole
859 3794 94 27 cleared,
961 3794 109 28 stumped,
1076 3791 164 36 irtfclosed^and

651 3823 26 22 fit
687 3824 35 21 for
731 3822 37 23 the
782 3822 86 28 plough
875 3830 5 19 ;
894 3825 49 23 part
956 3821 73 22 under
1040 3827 60 20 crop*
1129 3820 111 28 Together

651 3850 53 22 with
724 3857 13 14 a
756 3849 131 22 substantial
904 3847 44 24 and
967 3847 156 22 comfortotbls.
1130 3847 108 22 -weather-

650 3876 99 23 boarded
764 3876 44 21 and
824 3874 71 23 slated
911 3874 76 27 house,
1000 3873 122 22 three-sfcaH
1130 3874 108 22 weather-

650 3903 100 22 boarded
759 3902 77 26 stable,
845 3902 44 21 and
896 3901 62 21 other
963 3900 168 23 conveniences.
1160 3901 78 22 Terms

650 3929 87 28 liberal,
748 3928 67 28 apply
824 3933 24 17 at
855 3928 44 22 this
909 3927 77 23 Office.

678 3957 57 27 May
743 3958 34 25 24,
789 3957 60 21 1842.

1259 705 2 14 ;
1348 698 59 21 Sale
1424 699 30 21 of
1466 700 100 20 Leases
1582 701 30 20 of
1626 701 86 20 Town
1725 701 100 21 Lands.

1294 732 162 49 MESSRS.
1471 733 94 27 HORT,
1581 734 159 26 MOCATTA,
1751 734 68 22 AND
1833 735 45 22 CO.

1383 759 58 22 have
1456 760 102 21 received
1574 760 142 22 instructions
1729 764 22 18 to
1767 764 39 25 put
1817 768 30 21 up
1856 764 22 19 to

1258 802 2 9 ,
1290 785 77 27 public
1377 786 97 26 auction,
1486 786 36 21 the
1537 786 112 28 following
1664 786 102 23 valuable
1777 788 70 22 leases
1856 788 26 22 of

1259 825 2 4 -
1290 812 69 22 Town
1374 812 85 27 Lands,
1469 813 23 21 in
1508 812 126 23 allotments
1649 817 23 18 to
1684 814 43 21 suit
1740 814 136 28 purchasers.

1258 852 2 6 ■
1278 844 3 3 '
1288 839 50 22 The
1348 839 44 21 sale
1403 840 45 21 will
1464 839 51 22 take
1530 840 63 27 place
1609 844 22 18 at
1645 840 37 21 the
1700 840 128 28 Exchange,
1846 842 31 21 Te

1258 873 2 9 '
1293 866 51 26 Aro,
1363 865 22 22 in
1405 866 37 21 the
1459 873 77 14 course
1554 866 26 22 of
1597 875 12 14 a
1624 868 42 21 few
1685 866 60 28 days,
1765 868 26 21 of
1806 868 71 22 which

1290 889 44 26 due
1344 893 73 21 notice
1428 893 45 22 will
1481 894 27 21 be
1517 893 75 27 given.
1623 894 20 21 A
1658 893 67 22 lunch
1736 894 44 22 will
1790 894 27 22 be
1828 902 49 20 pro-

1258 928 2 9 1
1548 920 73 22 vided.

1489 946 41 23 AT
1544 947 39 22 TE
1599 947 72 27 ARO,

1258 992 2 4 .
1288 973 54 22 Two
1357 973 157 22 Allotments
1533 981 27 14 on
1581 974 87 22 Section
1686 975 48 26 209,
1754 974 79 23 situate
1851 976 24 21 in

1259 1012 5 16 ;
1289 1000 116 22 Manners
1430 1001 96 25 Street,
1544 1000 101 28 frontage
1664 1004 23 18 to
1706 1002 55 21 each
1779 1004 26 19 33
1822 1002 51 28 feet,

1258 1042 2 7 ,
1289 1026 66 28 depth
1365 1028 26 21 80
1402 1026 50 26 feet,
1463 1027 115 28 adjoining
1588 1028 38 21 the
1635 1028 105 27 premises
1751 1029 26 21 of
1783 1029 90 22 Messrs.

1258 1073 2 4 .
1289 1053 130 27 Ridgways,
1437 1054 105 26 Guyton,
1558 1055 45 20 and
1619 1055 70 27 Earp,
1704 1055 45 22 and
1764 1056 83 26 having
1861 1064 12 14 a

1287 1080 60 28 right
1357 1080 25 21 of
1393 1087 49 21 way
1452 1084 23 18 to
1486 1080 36 22 the
1539 1081 77 22 beach.
1645 1081 72 22 These
1727 1082 45 22 will
1787 1083 28 21 be
1826 1083 47 22 sold

1258 1103 2 27 !
1289 1114 29 15 on
1332 1107 35 22 the
1385 1107 115 22 condition
1511 1107 25 21 of
1548 1108 62 21 brick
1622 1108 112 27 buildings
1748 1109 52 27 only
1808 1110 65 27 being

1288 1134 95 22 erected.
1421 1134 74 26 Term,
1511 1134 127 22 remainder
1658 1135 26 21 of
1700 1143 13 13 a
1727 1136 61 21 lease
1806 1136 25 21 of
1847 1138 26 21 14

1373 1168 72 20 years,
1456 1162 39 25 12$
1505 1168 64 20 years
1578 1162 66 26 being
1655 1162 130 27 unexpired.

1289 1188 40 22 Six
1350 1187 156 22 Allotments
1524 1195 28 14 on
1571 1188 88 21 Section
1680 1190 45 25 120,
1747 1189 126 23 Ingestre-

1288 1222 91 19 &treet,
1391 1217 57 19 term
1464 1216 28 21 14
1499 1221 70 20 years.
1609 1216 22 21 A
1639 1219 79 17 stream
1730 1216 25 21 of
1764 1216 109 23 excellent

1387 1244 66 19 water
1463 1249 51 14 runs
1523 1241 97 27 through
1631 1241 42 22 this
1682 1242 91 22 section.

1288 1268 75 22 Eight
1379 1268 156 22 Allotments
1551 1275 28 14 on
1595 1268 87 22 Section
1699 1270 45 26 164,
1757 1270 115 21 Dickson-

1288 1303 91 14 street.
1417 1295 75 27 Term,
1507 1295 126 22 remainder
1650 1295 27 21 of
1689 1303 14 13 a
1718 1296 59 22 lease
1797 1296 33 22 for
1847 1299 25 20 10

1416 1329 72 20 years,
1499 1324 25 23 8J
1536 1329 66 20 years
1611 1322 130 28 unexpired.

1389 1355 215 23 WELLINGTON
1618 1356 152 23 TERRACE.

1287 1383 77 21 Eight
1383 1383 157 21 Allotments
1561 1390 28 14 on
1610 1383 87 22 Section
1713 1384 47 22 187.
1798 1384 72 28 Term,

1431 1411 26 20 14
1465 1417 71 20 years,
1548 1411 36 24 12H
1597 1409 128 32 unexpired.

1287 1436 76 22 Eight
1380 1436 157 22 Allotments
1557 1444 28 14 on
1606 1437 88 22 Section
1711 1438 48 21 455.
1797 1438 71 27 Term,

1521 1463 37 21 the
1568 1471 69 14 same.

1287 1489 76 22 Eight
1384 1489 158 23 Allotments
1562 1498 29 14 on
1607 1491 89 21 Section
1711 1492 47 20 461.
1797 1492 73 27 Term,

1527 1519 25 19 14
1561 1524 72 20 yeai's.

1286 1543 48 22 The
1344 1547 41 17 two
1394 1543 43 21 last
1450 1543 56 22 have
1517 1551 27 15 an
1557 1544 111 22 excellent
1677 1547 81 19 stream
1769 1545 26 21 of
1805 1548 66 19 water

1433 1571 97 26 running
1544 1571 96 27 through
1653 1571 67 21 them.

1409 1604 201 22 HAWKSTONE
1626 1604 122 23 STREET.

1286 1630 76 23 Eight
1377 1631 157 22 Allotments
1555 1639 28 13 on
1604 1632 88 21 Section
1711 1632 46 26 557,
1776 1632 95 28 opposite

1348 1658 38 22 the
1395 1659 115 21 residence
1520 1658 26 21 of
1554 1658 80 28 Henry
1644 1658 31 22 St.
1687 1658 55 28 Hill,
1753 1659 53 27 Esq.

1287 1691 158 28 WALLACE,
1467 1691 138 28 WRIGHT,
1625 1700 45 14 and
1691 1693 179 22 HARGRAVE

1508 1719 138 28 STREETS,

1339 1746 88 21 Section
1440 1746 48 27 697,
1499 1746 97 27 fronting
1608 1746 206 23 Wright-street.

1340 1773 87 21 Section
1442 1775 47 25 698,
1499 1773 97 26 fronting
1608 1773 206 22 Wright-street.

1285 1799 89 23 Section
1393 1802 46 25 699,
1459 1799 53 23 with
1527 1800 112 27 frontages
1657 1803 23 19 to
1701 1800 28 22 all
1748 1801 37 21 the
1800 1801 69 22 above

1534 1829 85 19 streets.

1335 1853 87 22 Section
1433 1853 47 26 714,
1491 1853 96 27 fronting
1597 1854 221 22 Wallace-street.

1332 1881 86 21 Section
1430 1881 47 25 722,
1489 1880 97 27 fronting
1597 1881 121 21 Wallace-
1725 1889 91 14 street.

1282 1907 48 22 The
1342 1907 68 22 above
1421 1914 37 14 are
1468 1907 35 21 for
1517 1907 13 22 7
1544 1914 71 20 j'ears,
1627 1908 24 24 5|
1664 1907 26 21 of
1700 1907 71 22 which
1782 1915 36 14 are
1828 1915 40 14 un-

1283 1934 91 27 expired
1381 1942 5 18 ;
1402 1934 37 21 the
1449 1938 88 23 greater
1546 1936 50 24 part
1605 1935 56 20 have
1671 1934 56 21 been
1739 1935 126 27 cultivated,

1279 1961 49 23 'and
1338 1961 60 21 there
1414 1961 19 21 is
1449 1968 29 14 an
1489 1961 109 21 excellent
1608 1967 81 15 stream
1701 1961 23 21 of
1739 1966 67 17 water
1817 1969 51 14 run-

1264 1984 73 29 t^jiw
1346 1987 94 28 through
1451 1987 69 22 them.
1548 1987 48 22 The
1608 1988 71 21 leases
1689 1987 45 22 will
1744 1989 30 20 be
1784 1988 46 22 sold
1843 1989 23 21 in

1270 2009 172 27 •Vkit^acre'^dr
1454 2015 5 8 f
1457 2013 86 27 qnaTftm
1540 2015 13 10 v
1553 2015 64 20 '7(cYtf
1619 2017 6 6 l
1625 2011 184 30 Tvfiisti?ieats,*t'o
1825 2015 43 21 suit

1282 2041 135 26 purchasers,
1426 2040 44 21 and
1478 2043 91 24 present
1577 2047 29 15 an
1612 2039 109 23 excellent
1730 2042 137 27 opportunity

1282 2071 22 17 to
1322 2067 127 22 mechanics
1468 2067 44 21 and
1530 2067 112 21 labourers
1661 2067 25 21 of
1706 2069 85 26 getting
1811 2069 55 26 good

1521 2093 103 27 gardens.

1409 2126 161 22 ORIENTAL
1586 2126 152 23 TERRACE.

1282 2154 86 21 Section
1378 2155 41 20 406
1426 2161 6 19 ;
1450 2154 43 21 this
1502 2154 64 21 abuts
1581 2161 28 14 on
1626 2154 35 21 the
1681 2161 64 15 town
1765 2163 101 14 reserve

1280 2182 70 21 under
1366 2180 83 22 Mount
1464 2180 141 27 Wellington,
1617 2180 43 22 and
1670 2181 73 21 would,
1758 2182 65 21 make
1838 2190 28 14 an

1280 2208 110 21 excellent
1413 2215 97 14 station
1534 2215 42 14 for
1600 2215 71 14 sheep
1700 2215 45 14 and
1772 2216 92 15 cattle.

1479 2234 72 26 Term,
1564 2235 27 20 14
1604 2241 70 21 years.

1431 2269 167 21 ADELAIDE
1619 2269 95 22 ROAD.

1280 2296 87 22 Section
1376 2297 53 20 1023
1437 2304 5 19 ;
1459 2295 116 28 adjoining
1585 2296 37 21 the
1631 2296 113 23 residence
1755 2298 26 21 of
1790 2298 76 22 James

1280 2323 67 27 Watt,
1365 2323 60 27 Esq.,
1447 2322 123 27 admirably
1586 2323 96 27 adapted
1697 2324 34 21 for
1747 2332 13 14 a
1779 2332 85 15 cattle

1400 2357 104 14 station.
1543 2350 74 26 Term,
1630 2351 25 21 14
1670 2357 71 20 years.

1450 2376 120 22 WADE'S
1591 2377 101 22 TOWN.

1293 2404 50 21 One
1350 2403 51 22 half
1408 2411 57 19 acre,
1475 2404 79 21 situate
1563 2403 23 22 in
1598 2411 41 14 one
1647 2404 25 21 of
1678 2404 38 22 the
1725 2404 50 23 best
1783 2408 66 25 parts.

1468 2438 101 22 RIVER
1583 2438 92 23 HUTT.

1278 2465 57 22 Five
1348 2465 85 26 Acres,
1449 2472 55 15 near
1518 2465 37 21 the
1565 2465 108 22 Village
1687 2473 28 15 of
1728 2466 135 28 Richmond,

1276 2493 25 21 in
1317 2493 36 21 the
1368 2492 74 27 valley
1451 2492 27 22 of
1484 2492 36 22 the
1534 2492 77 27 Hutt,
1621 2492 53 22 with
1680 2496 70 19 water
1758 2493 105 28 frontage.

1305 2526 43 22 For
1362 2526 45 22 sale
1423 2526 31 28 by
1463 2526 85 28 private
1563 2530 100 19 contract
1676 2526 35 22 for
1724 2534 45 20 any
1786 2527 25 22 of
1827 2527 37 22 the

1341 2553 75 27 above,
1429 2553 67 28 apply
1506 2556 22 18 to
1538 2553 38 22 the
1586 2554 143 26 Auctioneer,
1742 2561 25 15 or
1775 2557 23 19 to

1347 2587 89 21 Messrs.
1451 2587 132 26 Ridgways,
1601 2587 105 27 Guyton,
1722 2588 21 21 &
1757 2588 71 27 Earp,
1840 2595 25 15 or

1347 2613 34 23 W.
1397 2613 28 22 V.
1441 2614 108 26 Brewer,
1564 2614 55 23 Esq.

1310 2659 199 20 Manewatu—
1511 2659 84 25 cheap
1610 2659 77 20 Land
1701 2658 43 21 for
1758 2659 68 21 Sale.

1278 2693 51 48 A
1346 2691 198 23 GENTLEMAN
1562 2692 85 27 having
1660 2691 98 23 selected
1778 2693 85 21 several

1357 2719 96 22 sections
1462 2719 23 22 in
1503 2726 41 14 one
1560 2719 66 21 block
1635 2721 23 19 in
1678 2719 38 22 the
1733 2720 129 22 Manewatu

1278 2745 97 29 district;
1398 2746 65 22 offers
1481 2749 22 18 to
1517 2745 47 22 real
1577 2746 134 27 cultivators,
1729 2754 90 19 persons
1841 2747 25 21 of

1277 2773 64 21 small
1357 2773 88 28 capital,
1456 2772 45 22 and
1518 2773 37 21 the
1572 2773 100 27 working
1687 2773 87 27 classes,
1787 2777 22 18 to
1819 2773 44 22 dis-

1276 2807 53 21 pose
1337 2800 25 22 of
1371 2800 38 22 the
1419 2807 67 20 same,
1499 2799 22 21 in
1531 2799 38 22 the
1578 2799 116 28 following
1703 2808 95 14 manner
1805 2808 6 14 :
1812 2811 28 4 —

1304 2827 24 21 It
1338 2827 19 21 is
1369 2827 111 28 proposed
1494 2829 22 19 to
1532 2827 140 28 appropriate
1687 2827 68 22 about
1769 2831 93 24 twenty-

1278 2853 43 22 five
1331 2861 60 15 acres
1401 2854 35 22 for
1445 2860 14 15 a
1470 2857 57 19 town
1539 2860 28 15 on
1577 2853 37 23 the
1630 2853 72 23 banks
1713 2855 25 21 of
1748 2854 38 22 the
1796 2855 63 27 river,

1277 2881 68 27 depth
1360 2881 24 21 of
1402 2881 38 21 the
1457 2884 68 18 water
1539 2881 63 21 three
1621 2881 45 22 and
1683 2888 13 14 a.
1713 2881 49 21 half
1773 2885 24 18 to
1812 2881 50 23 four

1276 2907 96 22 fathoms
1388 2907 58 23 close
1461 2911 24 19 to
1501 2907 37 22 the
1553 2907 72 28 shore,
1641 2908 25 22 of
1676 2907 73 23 which
1764 2908 62 22 there
1843 2909 18 21 is

1276 2934 125 27 something
1414 2934 44 22 less
1473 2935 54 21 than
1539 2942 13 14 a
1568 2935 53 21 mile
1631 2935 22 21 in
1668 2935 78 27 length
1753 2944 6 19 ;
1774 2935 38 22 the
1827 2942 34 15 re-

1277 2961 99 22 mainder
1386 2961 25 22 of
1422 2961 38 22 the
1475 2961 54 22 land
1545 2964 23 19 to
1584 2962 28 21 be
1631 2961 89 23 divided
1734 2963 48 21 into
1797 2962 64 22 small

1276 2989 75 26 farms,
1363 2989 25 21 of
1398 2989 44 21 five
1452 2996 25 14 or
1487 2992 38 18 ten
1541 2996 62 14 acres
1619 2989 62 26 each,
1692 2996 67 20 every
1769 2989 92 28 purcha-

1276 3022 35 15 ser
1322 3015 25 22 of
1357 3015 43 22 five
1410 3023 63 14 acres
1482 3019 22 18 to
1515 3015 27 21 be
1559 3016 91 22 entitled
1666 3019 23 18 to
1701 3023 41 14 one
1752 3016 109 22 sixteenth

1277 3042 25 22 of
1313 3050 14 14 a
1336 3045 58 19 town
1405 3050 50 14 acre
1466 3042 122 27 GRATIS,
1600 3043 46 21 and
1659 3050 25 14 so
1699 3050 29 14 on
1738 3043 24 21 in
1771 3050 90 20 propor-

1276 3069 54 22 tion.

1304 3097 80 26 Spaces
1398 3095 46 23 will
1459 3097 29 21 be
1503 3095 41 23 left
1558 3096 36 22 for
1611 3095 136 23 ornamental
1762 3103 97 20 squares,

1275 3123 87 21 market
1371 3123 81 28 places,
1464 3130 75 21 quays,
1550 3123 75 28 places
1634 3124 34 21 for
1675 3123 75 27 public
1760 3122 99 29 worship,

1276 3150 75 27 public
1362 3150 122 27 buildings,
1495 3151 40 21 &c.

1303 3177 48 21 The
1360 3177 54 21 land
1422 3177 20 22 is
1452 3177 26 22 of
1488 3177 38 21 the
1537 3184 54 24 very
1599 3176 48 22 first
1662 3175 92 28 quality,
1765 3176 96 22 watered

1275 3203 31 28 by
1315 3203 64 23 small
1388 3206 99 25 streams,
1498 3203 68 28 finely
1574 3203 110 22 timbered
1692 3203 25 21 in
1732 3203 75 27 places
1817 3203 44 22 and

1276 3234 60 23 parts
1346 3231 89 28 already
1445 3230 94 27 cleared,
1551 3229 46 23 and
1612 3230 20 22 is
1646 3229 152 28 immediately
1808 3237 52 15 con-

1276 3257 88 28 tiguous
1380 3262 22 17 to
1417 3258 39 21 the
1473 3258 56 21 lines
1544 3257 26 21 of
1588 3257 38 21 the
1643 3257 49 21 best
1705 3256 76 28 public
1795 3257 65 22 roads

1275 3284 91 27 leading
1375 3288 23 18 to
1407 3285 56 22 Port
1471 3284 133 23 Nicholson.

1304 3311 58 22 Cash
1372 3315 124 24 payments,
1506 3311 52 22 with
1567 3311 37 21 the
1615 3309 116 28 exception
1743 3311 25 21 of
1775 3318 13 14 a
1798 3310 63 22 small

1276 3338 93 27 deposit,
1379 3339 44 21 will
1432 3342 41 18 not
1483 3339 27 21 be
1523 3337 111 28 required,
1645 3338 40 21 but
1699 3337 112 28 approved
1824 3344 37 15 ac-

1276 3368 115 25 ceptances
1401 3365 95 28 payable
1505 3368 23 18 at
1537 3372 13 14 a
1560 3365 53 26 long
1623 3365 50 21 date
1690 3371 25 15 or
1724 3364 63 22 other
1796 3371 62 15 secu-

1275 3392 61 22 rities
1347 3399 24 14 or
1385 3392 130 22 LABOUR
1529 3391 43 22 will
1589 3391 27 22 be
1626 3391 68 22 taken
1709 3398 23 14 as
1746 3394 113 25 payment.

1275 3419 72 22 There
1357 3419 43 22 will
1412 3420 28 21 be
1450 3427 30 14 no
1496 3419 42 22 law
1553 3418 92 27 charges
1659 3417 35 22 for
1710 3418 39 21 the
1763 3425 96 19 convey-

1276 3453 67 15 ances
1360 3446 26 21 of
1402 3446 38 22 the
1459 3449 111 25 property,
1588 3445 130 22 immediate
1734 3444 125 28 possession

1276 3473 44 21 will
1330 3474 26 20 be
1365 3474 66 26 given
1447 3476 24 19 to
1485 3473 38 21 the
1536 3471 120 29 purchaser
1670 3471 47 22 and
1731 3478 82 20 money
1821 3471 39 21 ad-

1275 3500 85 22 vanced
1369 3500 21 21 if
1399 3499 111 28 required.

1301 3526 49 23 The
1360 3527 127 27 Proprietor
1494 3525 89 23 intends
1598 3528 23 19 to
1636 3524 72 23 reside
1723 3531 29 15 on
1762 3523 38 23 the
1809 3531 50 20 pro-

1273 3557 71 24 perty,
1355 3554 45 21 and
1409 3554 92 27 pledges
1507 3552 91 22 himself
1604 3556 23 18 to
1637 3551 94 28 employ,
1740 3551 119 21 wheaever

1272 3580 140 28 practicable,
1424 3580 52 28 only
1487 3579 61 23 those
1563 3579 50 22 who
1631 3585 36 15 are
1681 3577 90 22 located
1781 3585 29 15 on
1819 3577 38 23 the

1272 3608 60 22 land.

1299 3634 142 28 Application
1449 3634 46 22 will
1508 3633 29 22 be
1552 3631 67 22 made
1634 3634 22 19 to
1671 3630 38 22 the
1724 3631 134 28 Legislative

1274 3660 91 23 Council
1374 3661 34 22 for
1417 3668 30 15 an
1458 3662 45 21 Act
1511 3665 22 16 to
1543 3659 100 26 regulate
1652 3657 38 22 the
1699 3658 117 28 township.

1299 3688 35 26 By
1344 3687 37 22 the
1391 3688 72 21 above
1480 3688 156 24 arrangement
1644 3684 36 22 the
1691 3692 107 20 expenses
1808 3685 25 22 of
1844 3693 14 14 a

1270 3715 75 27 public
1354 3714 51 23 sale,
1409 3714 44 22 will
1463 3714 26 21 be
1500 3711 100 28 avoided,
1612 3711 44 22 and
1666 3711 38 22 the
1713 3711 56 23 land
1774 3712 46 22 will
1828 3712 29 22 be

1271 3740 105 23 obtained
1384 3744 25 18 at
1421 3747 15 15 a
1450 3740 68 21 lower
1532 3741 47 19 rate
1595 3739 55 21 than
1664 3738 39 22 the
1719 3739 89 28 usually
1821 3746 37 15 re-

1271 3767 80 23 served
1359 3767 59 27 price
1428 3770 24 18 at
1461 3774 28 14 an
1506 3766 96 21 auction.
1632 3765 156 28 Applications
1798 3770 22 18 to
1830 3767 27 21 be

1270 3794 66 23 made
1360 3798 23 18 to
1405 3794 45 21 Mr.
1477 3793 22 22 J.
1525 3792 33 22 M.
1583 3792 88 27 Taylor,
1696 3793 31 21 Te
1748 3793 54 27 Aro,
1827 3793 31 28 by

1270 3820 167 25 yhomtfurther
1445 3819 132 29 particulars
1586 3819 46 22 will
1642 3820 26 21 be
1678 3819 124 23 furnished.

1459 3865 92 21 House
1567 3865 29 20 to
1607 3864 57 21 Let.

1270 3901 51 48 A
1343 3898 85 23 GOOD
1448 3897 132 23 substantial
1597 3897 77 28 house,
1694 3897 54 22 with
1766 3897 90 23 kitchen

1348 3925 45 22 and
1403 3925 136 26 out-houses,
1551 3928 22 18 to
1583 3924 32 22 let
1623 3925 24 21 in
1656 3924 200 22 Manners-street.

1271 3951 44 25 For
1322 3952 139 29 particulars,
1473 3952 66 28 apply
1551 3954 23 20 to
1585 3951 45 23 Mr.
1642 3951 120 23 Brewer's
1773 3951 78 23 Office.
