2529 4020
661 1800 93 67 New
785 1800 218 67 Zealand
1034 1800 218 67 Gazette

709 1869 67 21 AND
790 1867 212 23 WELLINGTON
1017 1867 183 22 SPECTATOR.

801 1937 128 24 Saturday,
941 1935 62 22 June
1013 1935 32 21 25.
1053 1936 59 20 1542.

1310 138 91 22 Several
1413 138 26 22 of
1448 138 38 22 the
1498 138 66 22 small
1572 138 89 22 holders
1669 138 23 22 of
1702 134 66 26 stock
1779 138 79 22 should

1275 171 63 22 unite
1361 171 43 22 and
1430 171 93 30 appoint
1540 178 83 24 proper
1625 169 9 10 r
1634 168 104 34 ~persons
1758 174 24 19 to
1804 171 55 22 look

1276 204 57 22 after
1350 203 70 29 them,
1441 204 45 23 and
1503 208 23 18 to
1545 209 51 17 rent
1617 212 24 15 or
1663 204 110 31 purchase
1796 208 63 27 spots

1275 244 62 23 upon
1348 237 73 23 which
1432 241 23 19 to
1468 237 119 30 depasture
1600 237 68 23 them.
1709 237 66 29 They
1787 236 73 24 would

1277 270 54 23 then
1345 270 28 23 be
1391 277 30 16 on
1432 270 38 23 the
1483 277 61 16 same
1556 270 88 30 footing
1655 277 22 16 as
1689 270 65 23 those
1765 277 94 23 persons

1276 303 50 23 who
1348 302 57 31 keep
1426 303 114 23 sufficient
1563 303 67 23 cattle
1653 307 19 19 to
1695 310 45 24 pay
1763 303 35 23 for
1820 303 38 22 the

1276 343 99 23 expense
1394 336 24 22 of
1434 336 188 31 superintending
1637 336 67 28 them,
1752 336 47 23 But
1820 336 38 22 the

1276 369 67 22 small
1354 369 89 23 holders
1456 369 44 22 aim
1512 373 24 19 at
1553 369 71 31 being
1642 378 28 14 on
1687 369 75 23 better
1780 373 77 24 terms,

1276 401 55 31 they
1342 402 45 23 will
1399 401 88 24 ntither
1498 409 51 16 own
1560 409 42 16 nor
1614 407 50 18 rent
1681 402 54 23 land
1747 409 41 16 nor
1800 402 58 30 keep

1276 442 95 23 persons
1380 439 21 19 to
1413 434 55 24 look
1479 435 58 23 after
1549 435 59 23 their
1624 436 73 23 cattle.
1737 435 51 24 The
1804 442 55 16 con-

1267 475 2 25 j
1276 475 110 23 sequence
1397 468 21 22 is
1430 468 53 30 they
1495 468 89 30 subject
1597 468 134 24 themselves
1739 472 22 19 to
1773 469 85 22 actions

1276 505 24 19 at
1310 501 51 23 law.
1395 500 44 24 We
1452 500 88 24 confess
1552 501 49 23 that
1613 510 32 14 we
1658 502 25 23 do
1696 506 39 18 not
1747 501 66 23 think
1822 501 36 23 the

1276 534 43 23 law
1330 534 20 22 is
1361 533 134 31 sufficiently
1514 534 113 31 stringent
1634 543 6 20 ;
1659 535 33 23 for
1712 535 18 22 it
1749 535 52 23 does
1820 540 40 17 not

1276 571 88 27 protect
1374 567 38 23 the
1430 567 138 30 proprietors
1589 567 25 23 of
1636 567 144 32 depasturing
1796 568 62 23 land.

1277 599 26 24 If
1317 601 19 22 it
1346 600 27 23 be
1385 600 165 23 unreasonable
1563 604 22 19 to
1598 605 78 27 expect
1696 601 37 22 the
1751 601 109 31 gardener

1277 641 25 15 or
1315 633 178 30 agriculturalist
1502 637 22 18 to
1537 633 64 23 fence
1614 634 100 30 strongly
1730 634 50 23 how
1792 634 68 23 much

1276 674 62 15 more
1347 665 163 24 unreasonable
1529 666 20 22 is
1566 667 28 24 it.
1602 672 22 17 to
1643 667 87 31 require
1750 667 37 23 the
1806 675 54 23 pro-

1274 700 86 30 prietor
1370 700 23 22 of
1408 700 96 29 grazing
1514 698 53 24 land
1579 704 25 18 to
1621 700 61 22 fence
1702 704 23 18 at
1744 700 38 23 all.
1824 700 34 23 To

1275 733 64 22 fence
1364 732 56 23 such
1440 732 54 23 land
1518 733 74 22 would
1624 733 27 22 be
1671 737 24 18 to
1717 733 68 30 bring
1796 733 64 23 down

1276 766 85 22 certain
1370 766 52 22 ruin
1434 773 29 15 on
1481 766 34 22 his
1534 765 58 23 head
1601 774 7 20 ;
1626 766 41 22 but
1683 766 21 22 if
1727 766 29 22 he
1776 766 25 22 do
1820 770 40 18 not

1274 798 73 29 fence,
1361 806 22 15 or
1398 799 38 22 the
1455 799 43 23 law
1516 799 20 22 is
1548 803 40 18 not
1606 799 63 22 made
1680 803 24 18 to
1715 803 87 26 protect
1813 799 47 23 him

1276 832 89 29 against
1376 832 37 23 the
1425 832 103 23 invasion
1541 832 25 23 of
1582 832 66 23 cattle
1661 832 53 31 kept
1725 832 29 29 by
1766 840 94 23 persons

1277 865 152 30 unpossessed
1452 865 25 23 of
1495 865 61 29 land,
1582 865 36 23 his
1641 869 104 27 property
1763 873 51 23 may
1832 865 28 23 be

1276 906 106 15 over-run
1401 898 31 31 by
1450 898 73 29 stock,
1542 903 22 19 to
1580 898 38 24 the
1639 899 120 23 starvation,
1779 899 24 23 of
1824 899 35 23 his

1276 939 58 21 own,
1357 939 22 15 or
1398 931 29 23 he
1445 936 62 18 must
1525 931 29 24 be
1571 936 24 19 at
1613 940 11 15 a
1644 933 70 29 heavy
1727 940 98 22 expense
1837 933 21 22 in

1276 964 98 31 keeping
1385 972 52 15 men
1447 969 22 18 to
1483 964 61 23 drive
1556 965 38 23 the
1612 970 59 25 stray
1690 965 67 23 cattle
1777 964 30 24 off
1825 966 35 22 his

1276 997 88 31 ground
1382 1005 24 15 as
1417 998 45 22 fast
1473 1005 24 15 as
1509 998 54 30 they
1574 999 68 23 make
1651 999 57 22 their
1722 1006 138 24 appearance

1276 1030 72 23 there.
1396 1030 41 23 We
1462 1030 26 23 do
1509 1035 40 19 not
1571 1032 79 23 intend
1672 1032 63 23 these
1756 1032 104 23 remarks

1276 1063 86 31 merely
1378 1068 23 19 to
1422 1064 68 31 apply
1507 1068 22 19 to
1549 1072 14 15 a
1579 1065 42 23 few
1634 1065 96 23 sections
1743 1065 67 23 about
1822 1066 38 23 the

1276 1102 59 17 town
1345 1106 6 20 ;
1371 1097 40 23 but
1423 1097 94 31 looking
1537 1102 22 18 to
1578 1098 39 23 the
1632 1098 96 23 location
1747 1098 26 23 of
1795 1099 65 23 stock

1277 1135 23 18 at
1312 1129 96 25 Palliser
1421 1130 58 31 Bay,
1498 1130 44 23 and
1559 1131 30 23 all
1602 1131 37 23 the
1649 1139 46 22 way
1706 1139 31 20 up
1749 1131 38 23 the
1799 1136 61 19 coast

1277 1168 22 17 to
1310 1163 57 24 New
1377 1163 132 31 Plymouth,
1521 1171 40 15 our
1574 1164 74 31 object
1660 1169 59 18 must
1729 1164 27 23 be
1770 1165 90 23 deemed

1278 1196 102 24 Colonial
1392 1197 75 23 rather
1479 1197 53 23 than
1550 1197 67 23 local.
1665 1197 42 23 We
1725 1197 59 31 hope
1801 1199 24 21 in
1848 1206 13 15 a

1276 1229 44 23 few
1340 1237 64 23 years
1427 1234 23 20 to
1470 1238 37 15 see
1525 1230 88 23 several
1631 1230 99 23 hundred
1749 1231 112 23 thousand

1277 1262 69 31 sheep
1359 1263 21 23 in
1392 1263 45 23 this
1450 1268 102 26 country,
1565 1264 65 23 when
1642 1265 17 21 it
1669 1263 45 23 will
1732 1264 27 22 be
1779 1264 24 23 of
1822 1264 38 23 the

1267 1289 2 40 I
1276 1300 86 19 utmost
1373 1297 145 30 importance.
1565 1297 50 24 The
1634 1298 66 22 fleece
1719 1297 60 24 from
1797 1298 63 23 three

1277 1329 101 23 hundred
1392 1329 111 24 thousand
1515 1330 78 31 sheep^
1597 1330 78 23 should
1688 1336 93 18 amount
1792 1335 22 19 to
1824 1331 37 23 six

1277 1362 102 23 hundred
1392 1367 51 19 tons
1452 1364 22 22 in
1483 1364 89 30 weight,
1582 1364 43 23 and
1636 1364 64 23 about
1709 1363 77 32 eighty
1794 1365 65 22 thou-

1278 1396 57 22 sand
1342 1396 87 30 pounds
1437 1397 23 22 in
1470 1397 72 28 value,
1552 1397 45 23 and
1606 1405 25 15 as
1638 1397 17 23 it
1663 1398 16 22 is
1688 1404 50 16 now
1745 1397 114 31 generally

1279 1429 108 23 admitted
1414 1429 48 23 that
1483 1438 31 15 we
1533 1430 57 23 have
1611 1439 13 14 a
1645 1430 60 31 large
1734 1436 77 17 extent
1839 1431 24 23 of

1278 1467 93 25 country
1383 1470 28 15 on
1423 1462 55 24 both
1488 1463 59 23 sides
1560 1463 25 23 of
1595 1464 37 23 the
1644 1464 128 23 settlement
1783 1464 77 31 highly

1277 1495 95 31 adapted
1381 1496 36 23 for
1426 1496 69 31 sheep
1507 1496 43 23 and
1568 1497 73 28 cattle,
1655 1497 56 31 good
1730 1497 129 31 legislation

1279 1536 29 15 on
1320 1528 44 23 this
1377 1529 96 31 subject,
1486 1531 19 21 is
1517 1530 86 23 needed
1617 1535 20 18 to
1646 1538 123 22 encourage
1777 1531 81 30 parties

1279 1566 22 18 to
1314 1563 82 29 import
1407 1563 45 22 and
1470 1562 58 32 keep
1546 1563 63 31 large
1629 1563 65 24 herds
1715 1564 44 22 and
1778 1564 79 23 flocks.

1277 1595 44 23 We
1342 1596 44 22 will
1406 1596 113 23 therefore
1545 1597 108 23 conclude
1672 1597 32 30 by
1727 1598 133 30 suggesting

1278 1628 50 23 that
1355 1629 36 23 the
1416 1629 155 31 Impounding
1596 1631 52 27 Act,
1671 1638 25 15 or
1714 1637 63 16 some
1797 1630 63 23 other

1279 1662 90 30 equally
1390 1662 108 28 effective,
1523 1663 82 23 should
1635 1663 27 23 be
1684 1663 100 31 brought
1813 1665 47 21 into

1279 1696 114 29 operation
1419 1695 36 23 for
1478 1696 38 23 the
1538 1697 125 30 protection
1683 1697 25 22 of
1722 1697 138 31 proprietors

1278 1728 25 22 of
1319 1729 96 28 pastoral
1425 1728 61 24 land.

1312 1759 80 33 [Since
1406 1762 38 23 the
1463 1762 119 32 foregoing
1594 1771 45 15 was
1651 1763 86 23 written
1755 1771 31 15 we
1802 1764 58 22 have

1278 1796 100 22 received
1400 1801 66 25 great
1487 1796 134 30 complaints
1644 1797 88 30 against
1760 1804 14 15 a
1798 1797 62 30 large

1278 1828 95 23 number
1385 1829 25 22 of
1432 1829 66 22 cattle
1517 1829 85 23 known
1621 1837 23 15 as
1664 1830 36 22 the
1717 1834 59 18 town
1796 1830 62 23 herd.

1279 1861 23 23 It
1314 1862 19 22 is
1345 1862 130 30 impossible
1496 1867 22 18 to
1535 1862 59 31 keep
1610 1863 60 23 these
1689 1863 67 22 cattle
1778 1864 32 22 off
1824 1863 37 23 the

1278 1895 115 30 a-ljoining
1403 1900 95 26 country
1510 1897 106 27 sections,
1627 1896 70 23 where
1707 1896 52 30 they
1767 1897 94 30 proceed

1271 1928 52 22 'and
1333 1928 89 31 deprive
1439 1928 37 23 the
1494 1931 139 28 proprietors
1652 1929 22 23 of
1695 1929 52 23 food
1764 1930 99 29 actually

1374 1961 34 23 for
1427 1961 59 24 their
1502 1970 50 15 own
1572 1963 73 22 stock.
1692 1962 57 22 The.
1767 1962 95 23 Council

1270 1992 55 25 tfil
1341 1993 138 31 fortunately
1498 1996 122 28 provides-
1627 2003 12 13 a
1660 1995 91 28 remedy
1774 1996 88 28 against

1279 2026 63 23 stock
1356 2027 106 30 invading
1473 2027 98 22 sections
1581 2027 24 22 in
1618 2026 44 23 this
1667 2027 193 30 neighbourhood,

1277 2059 36 23 for
1326 2060 29 30 by
1365 2060 36 23 the
1413 2060 84 23 second
1506 2060 76 23 clause
1595 2060 24 23 of
1636 2060 33 23 the
1682 2060 54 28 Act,
1749 2060 19 22 it
1778 2060 19 22 is
1810 2060 52 30 only

1280 2100 119 23 necessary
1411 2098 23 18 to
1445 2093 60 23 drive
1519 2093 61 23 them
1590 2117 4 6 (
1599 2093 58 23 back
1672 2097 23 19 to
1714 2097 67 24 town,
1798 2093 65 23 when

1279 2126 69 30 being
1359 2126 70 23 found
1449 2126 130 31 wandering
1598 2131 23 18 at
1638 2126 60 31 large
1719 2126 87 23 therein
1824 2126 38 23 the

1280 2167 85 15 owners
1387 2167 36 15 are
1441 2159 116 32 subjected
1570 2165 22 18 to
1615 2160 66 30 being
1700 2159 56 23 sued
1767 2160 34 23 for
1818 2160 44 22 five

1279 2192 104 31 shillings
1394 2193 36 22 for
1443 2193 54 22 each
1507 2193 58 23 head
1585 2193 25 23 of
1630 2193 63 23 cattle
1712 2201 25 14 so
1759 2194 61 22 often
1839 2201 24 14 as

1279 2233 45 23 any
1334 2227 84 30 parties
1429 2234 52 22 may
1488 2227 81 22 choose
1578 2231 21 18 to
1609 2234 82 23 pursue
1700 2226 44 23 this
1749 2225 113 32 process.]

1314 2284 42 23 We
1375 2285 56 31 long
1451 2286 60 22 since
1531 2286 108 23 recorded
1657 2286 36 23 the
1712 2285 46 23 fact
1777 2285 24 23 of
1823 2294 41 15 our

1279 2317 84 31 having
1373 2326 14 15 a
1399 2319 78 23 Steam
1496 2319 52 23 Saw
1568 2319 45 23 and
1630 2319 68 23 Flour
1712 2318 54 24 Mill
1784 2320 22 22 in
1821 2319 43 23 full

1280 2352 114 30 operation
1411 2348 35 27 in^
1454 2352 150 30 Wellington.
1640 2352 41 23 We
1701 2360 37 15 are
1754 2352 75 32 happy
1841 2358 22 17 to

1279 2384 28 23 be
1321 2384 92 24 enabled
1425 2389 22 19 to
1469 2389 58 19 state
1548 2385 49 23 that
1615 2387 18 22 it
1650 2386 18 22 is
1688 2386 108 30 expected
1815 2387 49 22 that

1280 2417 98 24 Messrs.
1399 2418 111 23 Kebble's
1531 2419 79 23 Steam
1632 2419 49 23 Saw
1701 2419 53 23 Mill
1778 2427 28 15 on
1825 2419 38 23 the

1281 2451 139 29 Manawatu,
1428 2452 46 22 will
1479 2452 27 23 be
1514 2453 23 21 in
1544 2453 114 30 operation
1665 2453 22 22 in
1696 2452 59 23 afew
1764 2452 98 24 months.

1280 2484 44 23 We
1335 2485 43 22 had
1387 2485 75 31 hoped
1470 2485 56 31 long
1533 2493 37 15 ere
1581 2486 45 22 this
1636 2490 21 19 to
1665 2486 57 23 have
1733 2486 131 23 announced

1280 2517 50 23 that
1341 2518 36 23 the
1390 2518 80 24 Union
1490 2519 78 23 Steam
1589 2519 64 23 Mills
1669 2526 61 16 were
1748 2519 25 23 in
1785 2527 78 22 opera-

1281 2551 47 22 tion
1337 2560 6 19 ;
1362 2551 41 24 hut
1415 2551 38 23 the
1465 2552 102 31 struggle
1579 2552 42 23 has
1639 2552 57 24 been
1707 2553 157 22 unsuccessful

1316 2584 37 24 the
1364 2585 76 31 public
1453 2586 63 22 could
1530 2589 40 19 not
1582 2594 38 14 see
1633 2586 55 23 their
1700 2594 49 15 own
1762 2586 100 23 interest.

1283 2617 55 23 Had
1359 2619 37 22 the
1413 2618 74 31 paltry
1502 2624 94 17 amount
1613 2619 102 31 required
1734 2619 57 23 been
1810 2620 54 22 sub-

1282 2651 94 29 scribed,
1390 2652 24 22 in
1425 2652 32 22 all
1472 2652 137 31 probability
1622 2660 58 15 sawn
1700 2653 80 23 timber
1793 2653 71 23 would

1281 2684 32 30 by
1324 2684 44 23 this
1379 2686 56 21 time
1446 2685 58 22 have
1523 2685 58 23 been
1599 2686 96 23 reduced
1711 2686 59 23 from
1788 2693 41 16 one
1841 2694 24 15 or

1283 2721 43 19 two
1338 2718 44 23 and
1400 2723 84 26 twenty
1497 2718 114 32 shillings,
1624 2723 22 19 to
1664 2720 78 22 twelve
1761 2720 104 29 shillings

1283 2758 40 24 per
1334 2751 103 24 hundred
1455 2752 52 23 feet.
1544 2751 52 24 The
1615 2752 57 28 Mill,
1686 2753 34 29 by-
1729 2753 56 22 such
1804 2761 13 14 a
1829 2761 36 14 re-

1284 2780 102 33 dHiction,'
1394 2785 24 23 in
1431 2785 39 23 the
1488 2786 80 29 saving
1580 2786 18 22 it
1616 2786 72 23 would
1704 2786 57 22 have
1775 2786 91 23 effected

1279 2818 29 22 in
1314 2831 3 12 ;
1324 2817 39 23 the
1382 2822 49 19 cost
1450 2818 25 23 of
1498 2819 71 22 house
1589 2819 108 30 building,
1718 2819 74 23 would
1809 2819 57 23 have

1274 2855 2 11 :
1275 2867 1 6 ,
1284 2850 91 32 quickly
1483 2852 38 22 the
1540 2853 136 30 community
1689 2852 121 23 three-fold
1829 2852 37 23 the

1284 2890 91 17 amount
1388 2885 86 23 needed
1481 2890 22 17 to
1514 2889 35 19 set
1559 2886 19 22 it
1590 2887 23 21 in
1626 2887 121 30 operation.
1773 2886 93 23 Besides

1283 2917 81 29 which,
1386 2922 22 19 at
1428 2918 78 24 twelve
1528 2918 113 32 shillings'
1651 2927 39 23 per
1709 2918 109 29 hundred,
1834 2927 32 15 we

1284 2959 38 15 are
1334 2959 50 16 sure
1396 2953 19 21 it
1426 2952 73 23 would
1510 2952 28 23 be
1551 2953 116 30 profitable
1702 2952 20 23 if
1737 2960 24 14 as
1768 2952 49 23 well
1830 2957 36 18 cut

1275 3003 6 8 v
1284 2992 25 15 as
1327 2984 52 29 they
1392 2985 73 23 would
1483 2985 27 23 be
1521 2985 31 30 by
1565 2994 13 14 a
1590 2986 52 22 Saw
1660 2985 52 24 Mill
1747 2989 23 18 to
1788 2990 78 26 export

1284 3026 42 14 our
1337 3019 74 22 woods
1423 3019 24 22 in
1458 3019 63 29 large
1534 3019 121 29 quantities
1665 3022 23 19 to
1701 3017 99 31 Sydney.

1320 3076 46 23 Mr.
1378 3076 66 24 Watt
1455 3077 20 22 is
1494 3076 84 31 having
1597 3076 38 22 the
1647 3075 77 28 wheat,
1744 3076 83 31 reaped
1845 3081 21 18 at

1283 3109 37 23 his
1331 3109 63 29 farm,
1411 3109 89 32 ground
1510 3113 25 19 at
1610 3108 107 31 Boyton^s
1730 3108 61 25 Mill.
1827 3109 39 24 He

1284 3146 91 26 expects
1388 3147 22 18 to
1423 3143 56 22 have
1491 3143 53 22 nine
1557 3146 52 19 tons
1622 3142 24 22 of
1660 3142 44 23 fine
1714 3141 67 25 flour.
1809 3142 57 24 This

1284 3175 20 23 is
1317 3175 37 23 the
1364 3176 49 23 first
1425 3176 103 22 instance
1547 3174 24 23 of
1586 3175 58 23 flour
1661 3174 68 31 being
1744 3176 89 29 ground
1844 3177 22 22 in

1284 3208 45 23 this
1339 3214 50 24 part
1403 3208 26 23 of
1444 3208 37 23 the
1499 3207 86 24 islands
1621 3208 41 23 and
1679 3208 20 23 it
1717 3216 81 23 argues
1816 3210 50 23 well

1285 3241 48 23 thac
1345 3241 36 23 the
1391 3241 51 23 first
1459 3241 89 30 ground
1566 3240 82 24 should
1663 3241 55 23 have
1738 3241 57 25 been
1813 3250 53 24 pro-

1284 3274 72 23 duced
1366 3275 23 22 in
1401 3274 39 23 the
1451 3274 73 29 place.

1319 3331 66 24 Some
1397 3332 152 31 enterprising
1557 3334 129 29 gentlemen
1695 3342 38 15 are
1742 3342 50 17 now
1804 3344 63 16 erec-

1285 3365 48 30 ting
1345 3372 13 15 a
1368 3365 101 30 brewery
1480 3365 24 23 in
1515 3365 147 33 Wellington.
1699 3367 76 25 There
1787 3377 41 16 can
1839 3370 28 24 be

1285 3405 29 16 no
1326 3398 68 23 doubt
1406 3398 69 24 about
1486 3399 29 23 its
1534 3407 99 22 success,
1646 3401 84 30 though
1748 3402 20 22 it
1784 3403 45 23 will
1840 3403 27 23 be

1286 3438 118 24 necessary
1422 3431 35 24 for
1475 3440 62 15 some
1557 3434 55 23 time
1632 3439 21 18 to
1670 3435 85 30 import
1775 3436 37 23 the
1831 3437 36 22 in-

1285 3464 112 31 gredients
1411 3465 25 23 of
1452 3465 72 24 which
1545 3466 39 24 the
1604 3467 53 23 beer
1673 3468 21 22 is
1711 3468 74 24 made.
1820 3469 47 24 For

1286 3497 82 30 surely,
1380 3498 20 23 if
1410 3499 18 22 it
1439 3499 45 23 will
1496 3508 44 22 pay
1553 3504 22 19 to
1588 3501 80 29 import
1674 3501 54 23 beer
1738 3502 25 22 in
1773 3502 93 30 barrels,

1285 3532 18 22 it
1316 3536 59 18 must
1387 3532 27 23 be
1425 3533 118 30 profitable
1556 3537 22 19 to
1590 3534 81 29 import
1683 3534 38 23 the
1728 3534 43 23 few
1779 3535 88 32 pounds

1286 3563 26 24 of
1326 3565 112 23 materials
1451 3565 74 24 which
1537 3574 13 15 a
1564 3566 77 23 barrel
1652 3567 23 22 of
1690 3567 54 24 beer
1758 3569 109 28 contains,

1286 3597 44 23 and
1342 3598 78 31 saving
1432 3598 38 24 the
1483 3607 99 23 expense
1594 3600 26 22 of
1629 3600 102 31 carrying
1742 3601 36 23 the
1791 3605 75 25 water,

1288 3630 43 24 add
1342 3631 17 22 it
1371 3639 28 15 on
1412 3631 38 23 the
1462 3637 59 25 spot.
1750 3653 5 4 .
1778 3635 4 6 '

698 1994 52 24 The
768 1996 41 21 law
824 1994 130 30 respecting
966 1994 94 28 damage
1069 1993 62 22 'done'
1139 1992 30 30 by
1175 1985 76 31 'ca'tffP

663 2029 21 22 is
696 2032 40 18 not
748 2036 24 14 so
784 2027 114 31 generally
910 2026 83 23 known
1005 2034 24 14 as
1042 2027 18 21 it
1072 2025 80 23 should
1171 2025 26 23 be
1215 2026 35 22 for

664 2062 38 22 the
725 2061 109 30 guidance
855 2060 24 23 of
903 2059 62 23 those
993 2058 122 23 interested
1143 2059 23 23 in
1184 2058 66 24 stock

664 2094 45 23 and
731 2094 145 31 agriculture.
924 2092 117 28 Hitherto,
1067 2091 63 23 when
1150 2100 13 14 a
1183 2097 67 26 party

664 2128 46 23 had
731 2126 97 25 suffered
850 2126 59 23 from
936 2125 37 24 the
1004 2126 102 22 invasion
1124 2125 25 23 of
1175 2126 73 28 cattle,

665 2161 37 23 the
715 2161 50 23 first
776 2168 91 23 process
882 2167 46 15 was
945 2163 23 19 to
989 2158 109 31 impound
1117 2158 68 30 them,
1206 2159 44 23 and

665 2194 38 23 the
725 2199 54 18 next
797 2198 21 18 to
842 2201 41 14 sue
905 2192 34 23 for
961 2192 95 30 damage
1080 2191 64 24 done.
1188 2192 63 23 Both

665 2235 117 23 processes
799 2234 59 15 were
881 2225 105 23 attended
1006 2225 53 23 with
1078 2232 97 23 expense
1183 2234 6 20 ;
1209 2225 42 23 but

665 2260 100 30 recently
778 2260 36 23 the
827 2259 155 31 Impounding
994 2259 46 22 Act
1053 2258 40 23 has
1105 2258 57 23 been
1174 2258 77 24 allow-

666 2294 27 23 ed
714 2298 22 18 to
756 2293 85 31 expire,
869 2292 45 23 and
923 2292 49 24 Jias
990 2292 58 23 been
1067 2292 136 31 superseded
1220 2292 31 30 by

665 2327 102 28 another,
780 2326 73 23 which
865 2326 19 22 is
895 2326 30 30 by
936 2333 63 15 some
1010 2333 95 23 persons
1121 2325 129 23 considered

665 2365 37 19 too
716 2368 76 15 severe
802 2366 61 24 upon
875 2358 65 24 stock
951 2358 91 24 holders
1060 2359 24 22 in
1103 2359 28 22 its
1150 2359 101 30 require-

665 2398 83 19 ments.
801 2392 51 24 The
875 2399 49 16 new
946 2392 46 23 Act
1015 2392 45 22 will
1082 2391 27 23 be
1130 2391 71 24 found
1227 2393 24 22 in

666 2427 94 23 another
771 2431 51 25 part
834 2425 26 23 of
875 2425 97 30 to-days'
986 2433 79 23 paper.

700 2459 94 24 Several
804 2459 85 31 parties
909 2466 55 15 were
983 2459 102 29 recently
1104 2458 56 23 sued
1178 2459 74 23 under

666 2493 39 23 the
716 2500 47 16 new
776 2497 42 24 act,
830 2492 36 23 for
878 2492 93 29 damage
990 2492 57 22 done
1067 2497 22 17 to
1107 2492 96 31 gardens
1222 2492 31 31 by

666 2526 58 23 their
737 2526 74 23 cattle.
853 2525 71 24 Their
935 2525 52 30 plea
997 2526 25 21 in
1034 2525 91 23 defence
1137 2533 52 21 was,
1203 2525 50 24 that

666 2559 38 23 the
714 2559 95 30 gardens
822 2566 57 16 were
893 2563 38 19 not
943 2558 138 31 sufficiently
1092 2559 114 30 protected
1222 2559 31 30 by

665 2593 78 23 fences
760 2593 87 31 against
866 2592 37 23 the
928 2592 85 23 assault
1033 2591 24 23 of
1080 2591 74 24 cattle.
1201 2593 52 22 Tho

665 2626 45 23 law
722 2630 76 24 states,
811 2626 50 23 that
872 2625 66 23 cattle
950 2624 118 31 intruding
1078 2633 61 22 upon
1151 2626 102 23 inclosed

667 2667 25 16 or
712 2659 118 23 cultivated
848 2659 61 28 land,
922 2658 44 23 and
985 2658 69 30 doing
1075 2658 100 30 damage,
1196 2659 57 23 shall

668 2692 89 32 subject
769 2692 37 24 the
823 2693 127 30 proprietor
966 2697 23 18 to
1008 2692 38 22 the
1065 2692 46 22 loss
1129 2693 24 21 in
1175 2700 79 16 conse-

667 2733 86 24 quence
768 2726 94 23 thereof.
897 2725 50 24 The
955 2726 84 30 parties
1047 2725 63 28 sued,
1124 2725 18 22 it
1152 2725 21 24 is
1183 2726 70 30 plain,

668 2760 72 22 under
758 2759 44 23 this
825 2759 47 23 Act
902 2758 45 23 had
969 2766 30 16 no
1022 2766 87 23 escape,
1134 2759 44 23 and
1197 2759 58 23 have

668 2792 119 29 therefore,
811 2796 23 19 to
857 2800 44 22 pay
923 2791 37 24 the
982 2792 66 23 value
1072 2792 24 23 of
1121 2791 39 23 the
1178 2793 77 31 injury

668 2826 124 23 sustained.
834 2825 36 23 As
888 2833 32 15 we
938 2825 57 23 have
1014 2824 91 31 already
1124 2826 73 23 stated
1217 2826 38 23 the

668 2859 101 24 decision
791 2866 46 15 was
857 2858 132 23 considered
1008 2866 85 21 severe,
1117 2858 86 32 though
1222 2867 33 15 we

668 2892 87 24 believe
775 2892 88 30 strictly
881 2892 24 22 in
926 2892 134 29 conformity
1079 2891 54 23 with
1153 2893 37 22 the
1203 2893 50 23 lawl

668 2925 133 29 Doubtless,
826 2925 37 23 the
886 2925 137 30 proprietors
1046 2925 26 23 of
1098 2924 38 23 the
1159 2926 96 30 gardens

668 2959 140 23 entertained
820 2967 14 14 a
844 2958 105 23 different
957 2958 100 31 opinion.
1094 2957 24 24 It
1129 2959 20 22 is
1161 2960 95 23 difficult

669 2997 23 18 to
705 2993 64 22 avoid
782 2993 69 29 being
865 2991 127 23 influenced
1009 2991 30 30 by
1052 2991 39 23 the
1106 2992 106 30 position^
1232 2993 24 23 in

670 3025 73 23 which
765 3026 34 22 for
817 3025 40 23 the
884 3029 107 24 moment,
1015 3032 33 15 we
1071 3024 47 24 find
1142 3026 113 23 ourselves

668 3058 88 32 placed,
785 3058 121 31 especially
933 3057 20 23 if
978 3059 20 22 it
1026 3058 65 23 effect
1113 3059 38 23 the
1173 3059 83 32 pocket

669 3093 104 22 interest.
805 3092 36 24 As
859 3091 120 31 gardeners
1001 3091 43 24 and
1068 3093 136 30 proprietors
1235 3093 24 23 of

669 3125 74 29 stock,
768 3133 32 15 we
823 3125 72 31 ought
911 3129 22 18 to
952 3125 28 22 be
993 3125 132 24 considered
1147 3126 109 30 tolerabl/

668 3159 122 30 impartial,
809 3158 42 23 but
865 3159 28 22 be
909 3158 48 23 that
975 3165 26 16 as
1020 3160 18 21 it
1056 3166 52 23 may
1121 3167 31 15 we
1164 3168 92 23 sympa-

670 3191 76 24 thised
752 3192 54 23 with
815 3191 39 24 the
862 3191 88 32 injured
957 3191 131 31 gardeners.
1107 3191 50 24 The
1165 3194 91 30 opinion

671 3225 25 23 of
705 3225 38 23 the
755 3225 67 23 cattle
830 3233 87 15 owners
926 3226 19 21 is
954 3228 22 20 to
986 3225 37 23 the
1030 3224 65 24 effect
1102 3225 48 23 that
1159 3226 36 23 the
1202 3234 54 23 gar-

671 3259 81 22 deners
765 3258 80 23 should
857 3258 56 23 have
930 3257 77 24 fences
1020 3258 113 23 sufficient
1150 3263 23 19 to
1188 3261 69 22 resist

671 3292 39 22 the
722 3296 60 19 most
793 3292 84 22 voilent
889 3291 75 23 efforts
977 3292 26 22 of
1017 3291 38 23 the
1067 3291 88 23 wildest
1173 3293 84 23 animal

671 3325 50 23 that
733 3325 64 23 could
808 3325 29 23 be
848 3324 99 31 brought
954 3324 59 24 from
1020 3325 58 23 New
1087 3325 73 23 South
1168 3325 87 24 Wales.

671 3357 44 24 We
728 3358 66 23 think
806 3358 50 23 that
867 3358 17 23 it
896 3357 73 24 would
980 3358 29 23 be
1027 3358 50 31 just
1089 3365 23 16 as
1125 3359 131 23 reasonable

672 3395 23 19 to
708 3398 40 23 say
761 3391 47 23 that
818 3391 21 23 if
848 3398 62 16 some
923 3390 42 24 odd
973 3391 117 23 character
1102 3398 57 16 were
1166 3392 91 31 pleased

671 3428 24 19 to
714 3424 116 23 introduce
849 3431 42 15 one
902 3423 102 24 hundred
1022 3424 60 23 lions
1100 3424 28 23 he
1145 3426 71 30 ought
1235 3431 21 17 to

671 3457 29 23 be
714 3456 92 24 entitled
817 3461 24 18 to
851 3455 34 24 let
896 3455 60 23 them
969 3464 28 23 go
1011 3462 23 18 at
1053 3457 70 30 large,
1143 3457 116 33 declaring

672 3490 49 23 that
732 3490 25 23 if-
766 3489 61 24 folks
840 3488 37 23 did
889 3494 40 18 not
939 3488 47 25 like
1004 3494 22 19 to
1045 3494 60 19 meet
1126 3490 59 25 them
1204 3492 54 31 they

672 3523 67 23 could
750 3528 49 26 stop
812 3527 23 19 at
847 3522 74 23 home.
967 3522 24 24 It
1011 3530 95 23 appears
1124 3528 22 18 to
1163 3532 26 16 us
1209 3525 49 23 that

671 3558 19 21 it
702 3558 20 21 is
733 3556 73 23 better
823 3556 43 23 law
887 3555 43 24 and
945 3554 84 32 justice
1041 3555 50 24 that
1100 3556 37 23 the
1149 3565 74 16 owner
1236 3558 24 24 of

673 3598 44 23 any
728 3589 66 32 thing
804 3589 74 23 which
890 3596 52 23 may
961 3588 28 24 be
1009 3589 151 23 mischievous
1180 3595 21 19 to
1222 3591 35 24 his

673 3622 136 32 neighbours
822 3622 81 23 should
914 3622 28 23 be
961 3621 117 33 subjected
1093 3626 22 19 to
1129 3622 37 25 the
1178 3632 80 16 conse-

674 3663 97 24 quences
783 3655 82 24 should
876 3656 19 22 it
902 3655 91 23 become
1006 3663 33 15 so.
1082 3654 24 24 It
1117 3655 20 23 is
1149 3656 47 24 also
1208 3658 50 23 well

674 3689 83 22 known
769 3694 23 18 to
802 3689 58 23 have
880 3693 21 19 to
916 3689 64 22 fence
1002 3689 89 31 against
1109 3689 51 23 wild
1183 3691 74 29 cattle,

675 3729 25 15 or
715 3723 130 28 systematic
863 3722 65 23 fence
945 3722 117 28 breakers,
1080 3722 74 23 would
1173 3724 23 23 in
1213 3724 45 24 this

675 3759 95 26 country
780 3755 27 22 be
818 3755 94 23 ruinous
922 3759 21 18 to
951 3755 38 23 the
997 3755 196 31 agriculturalists.
1230 3758 28 23 In

674 3788 109 30 England
804 3788 110 23 immense
935 3788 148 30 agricultural
1104 3789 99 30 districts
1222 3798 37 16 are

675 3821 94 23 without
780 3829 13 14 a
802 3821 73 28 fence,
888 3821 43 22 and
943 3822 50 30 why
1005 3822 24 22 in
1037 3822 45 22 this
1091 3822 85 31 colony,
1184 3824 76 23 where

674 3854 80 23 labour
765 3856 20 21 is
797 3862 25 15 so
833 3855 128 30 expensive,
974 3854 82 24 should
1069 3861 31 17 we
1113 3856 27 22 be
1156 3857 104 30 required

675 3892 22 19 to
722 3887 52 24 take
793 3888 143 30 precautions
955 3887 35 24 for
1008 3888 39 23 the
1066 3887 91 24 defence
1173 3890 26 22 of
1220 3898 40 15 our

674 3921 97 30 gardens
783 3920 44 23 and
837 3920 66 23 fields
915 3925 39 18 not
964 3920 105 31 required
1082 3920 23 23 in
1118 3920 38 23 the
1173 3923 87 23 mother

674 3953 111 29 country?

136 1328 289 22 METEOROLOGICAL
438 1327 108 21 TABLE.

66 1364 41 19 For
117 1363 33 19 the
159 1363 55 20 week
225 1363 73 24 ending
310 1363 115 24 Thursday,
435 1361 59 20 June
512 1362 35 22 23,
560 1361 60 20 1842.

115 2909 169 24 SHIPPING
301 2910 275 23 INTELLIGENCE.

275 2967 143 22 ARRIVED.

311 3001 70 22 None.

292 3048 113 21 SAILED.

85 3080 56 20 June
155 3083 34 21 24,
200 3083 69 19 cutter
284 3083 115 24 Pickwick,
410 3085 25 19 38
453 3086 56 24 tons,
522 3084 75 26 Styles,
608 3085 34 21 for

59 3107 96 21 Hawke's
166 3109 52 26 Bay.

86 3135 59 19 Same
161 3136 47 25 day,
226 3137 102 20 schooner
348 3139 66 24 Ariel,
432 3139 40 20 104
491 3141 56 22 tons,
565 3139 77 21 Cruik-

59 3162 73 24 shank,
143 3162 33 21 for
187 3163 81 26 Cloudy
277 3165 52 25 Bay.

87 3189 59 20 Same
160 3191 47 25 day,
224 3191 116 26 brigantine
360 3193 118 27 Vanguard,
497 3194 33 24 61,
547 3193 94 28 Murray,

59 3217 33 20 for
101 3217 51 20 New
165 3217 118 26 Plymouth.

281 3262 34 21 IN
331 3263 83 23 PORT.

86 3297 82 25 Barque
186 3296 111 25 Clydeside,
308 3299 40 19 256
364 3301 55 22 tons,
439 3297 130 28 MatKieson,
584 3302 59 19 refit-

59 3325 53 26 ting.
139 3323 68 21 Waitt
216 3324 42 20 and
265 3324 72 26 Tyser,
345 3325 85 27 Agents.

87 3352 51 25 Ship
147 3351 94 26 London,
254 3352 38 20 700
304 3356 55 21 tons,
371 3355 94 24 Atwood,
475 3355 35 20 for
521 3355 121 27 Sincapore.

59 3380 66 20 Waitt
131 3379 42 20 and
182 3379 74 26 Tyser,
267 3379 87 26 Agents.

87 3407 63 25 Sloop
159 3407 69 24 Royal
246 3407 98 24 William,
359 3408 36 25 43,
409 3408 83 21 Lovett.
529 3410 79 26 Agent,
620 3410 22 21 J.

59 3435 35 20 M.
103 3434 85 26 Taylor.

88 3462 107 20 Schooner
204 3461 115 24 Catherine,
329 3462 25 19 25
362 3462 73 20 Smith.
451 3463 75 27 Agent,
534 3464 21 23 J,
566 3466 76 20 Wade.

89 3489 106 20 Schooner
204 3488 76 23 Fidele,
293 3488 95 21 Cemino.
416 3490 76 25 Agent,
502 3492 21 21 J.
534 3492 74 21 Wade.

89 3516 106 20 Schooner
211 3516 126 26 Harlequin,
349 3516 25 21 64
388 3518 54 23 tons,
454 3517 83 25 Phelps.
566 3520 76 22 Aeent,

59 3544 21 21 J.
91 3544 72 19 Wade.

87 3571 82 25 Barque
175 3572 80 24 Bright
261 3571 82 25 Planet,
354 3572 47 24 187,
412 3572 113 21 Morrison.
554 3574 89 26 Agents,

59 3598 96 21 Bethune
163 3599 41 19 and
213 3599 90 20 Hunter.

89 3626 108 19 Schooner
216 3626 87 20 Thomas
320 3626 65 27 Crisp,
403 3626 47 24 175,
462 3626 75 21 Beard.
566 3628 78 26 Agent,

60 3652 50 26 Hay
119 3652 40 21 and
169 3652 124 21 Machattie.

90 3680 105 21 Schooner
209 3681 64 24 Kate,
294 3681 33 25 70,
345 3680 61 21 Reid.
441 3680 76 27 Agent,
535 3682 36 20 W.
588 3683 58 20 Fitz-

60 3707 91 21 herbert.

89 3734 106 21 Schooner
206 3736 109 19 Susannah
324 3736 56 25 Ann,
395 3736 26 20 79
438 3738 56 23 tons,
512 3736 132 28 Dougherty.

61 3762 77 26 Agent,
148 3762 22 20 J.
180 3762 74 20 Wade.

91 3788 106 22 Schooner
209 3789 107 27 Industry,
331 3790 27 21 24
371 3792 54 24 tons,
441 3790 97 26 Bradley.
568 3792 76 24 Agent,

61 3816 22 21 J.
94 3816 72 20 Wade.

91 3843 105 21 Schooner
216 3844 76 21 Nelson
310 3845 87 26 Packet,
420 3846 26 20 20
467 3848 55 23 tons,
543 3846 102 22 Jackson.

59 3870 89 26 Agents,
158 3871 94 20 Wallace
261 3872 40 20 and
312 3872 39 20 Co.

91 3897 49 26 Brig
148 3899 60 19 Lord
216 3899 91 20 Hobart.
335 3899 86 26 Agents,
432 3900 85 21 Rhodes
526 3903 43 19 and
578 3900 40 23 Co.

89 3924 150 27 Brigleanor,
250 3927 39 20 253
306 3928 57 24 tons,
374 3928 89 20 Barlow.
491 3929 87 25 Agents,
598 3929 47 26 Hay

60 3952 43 18 and
115 3952 38 18 Co.

1920 408 45 24 We
1979 410 52 29 give
2050 409 38 23 the
2109 410 119 30 subjoined
2243 410 109 32 despatch
2370 410 30 31 by
2412 411 63 24 Lord

1889 442 102 30 Stanley,
2005 442 72 23 which
2090 450 33 15 we
2131 442 56 25 have
2199 444 107 23 obtained
2314 444 56 23 from
2379 452 14 15 a
2398 449 77 18 recent

1888 473 90 32 Sydney
1992 472 108 31 Herald;
2120 484 25 14 as
2156 477 19 21 it
2192 477 20 22 is
2231 477 38 23 the
2283 477 50 23 first
2346 484 32 16 we
2389 477 86 23 believe

1888 508 72 23 which
1978 508 42 23 has
2039 509 111 30 appeared
2168 509 58 23 from
2246 510 37 22 his
2303 517 44 23 pen
2366 511 61 22 since
2439 510 35 23 his

1887 542 141 30 resumption
2041 542 24 22 of
2075 542 72 28 office,
2161 550 30 15 on
2201 542 38 23 the
2252 543 124 30 important
2387 543 88 31 subject

1888 574 24 23 of
1929 574 103 23 Colonial
2043 574 68 23 Land
2124 575 72 29 Sales,
2208 583 33 15 we
2255 575 71 23 doubt
2337 580 40 19 not
2393 577 19 22 it
2429 576 46 23 will

1888 607 29 23 be
1927 607 53 23 read
1992 607 54 23 with
2058 609 102 28 interest,
2175 608 31 31 by
2218 609 65 22 those
2295 609 49 22 who
2363 617 37 16 are
2417 609 58 24 alive

1889 644 22 19 to
1921 641 38 22 the
1971 642 123 30 important
2106 641 90 31 subject
2207 642 25 23 of
2243 642 119 30 disposing
2374 642 24 23 of
2407 647 68 18 waste

1888 674 64 22 lands
1966 674 24 22 in
1999 675 37 21 the
2050 674 108 22 colonies.
2427 680 15 16 s
2465 679 2 5 '

1915 719 56 14 COPY
1982 721 28 12 OF
2020 721 14 13 A
2045 720 115 14 DESPATCH
2172 721 60 13 FROM
2243 721 46 13 THE
2306 721 71 13 lIIGHT
2388 721 88 14 HONOR-

1889 746 56 13 ABLE
1957 747 59 14 LORD
2029 747 110 19 STANLEY,
2150 747 27 14 TO
2194 747 122 15 GOVERNOR
2333 747 37 14 SIR
2387 748 89 14 GEORGE

1889 772 72 14 GIPPS.

1917 791 53 25 (No.
1982 792 26 22 17
2008 808 5 10 3
2018 792 7 26 )
2037 792 195 28 Downing-street,
2245 794 97 22 October,
2356 794 33 27 18,
2399 795 62 20 1841.

1916 823 47 26 Sir,
1995 823 126 28 Adverting
2140 828 21 18 to
2180 832 38 20 my
2238 825 161 28 predecessor's
2419 825 58 22 Des-

1888 849 66 27 patch
1973 851 26 20 of
2018 850 37 22 the
2071 852 40 25 Ist,
2130 852 26 20 of
2175 853 93 26 August,
2288 852 43 21 No.
2346 853 47 25 322,
2403 852 73 22 which

1890 877 116 26 conveyed
2017 881 22 17 to
2049 884 44 20 you
2110 877 123 23 additional
2248 879 143 21 instructions
2406 879 72 21 under

1889 903 39 21 her
1940 903 118 28 Majesty's
2069 904 54 27 Sign
2134 905 101 26 Manual,
2253 905 55 21 with
2322 905 115 21 reference
2455 909 22 17 to

1890 929 35 21 the
1936 931 45 21 sale
1993 931 25 21 of
2029 931 65 21 lands
2104 931 25 21 in
2141 931 54 21 New
2206 931 71 22 South
2294 931 83 27 Wales,
2396 932 11 21 I
2426 939 50 15 now

1888 956 54 22 send
1965 964 52 20 you,
2033 957 36 22 for
2086 957 87 22 further
2192 958 148 26 information,
2362 965 13 14 a
2393 959 84 27 Report

1888 983 56 22 from
1956 985 36 21 the
2003 984 65 22 Land
2078 985 46 21 and
2133 985 140 26 Emigration
2285 985 189 27 Commissioners,

1890 1011 129 27 containing
2037 1011 88 21 various
2142 1011 216 22 recommendations
2373 1012 105 27 explana-

1890 1040 47 23 tory
1961 1038 29 25 of,
2021 1046 24 14 or
2069 1038 180 28 supplementary
2282 1042 30 23 to,
2326 1053 4 3 -
2338 1039 37 21 the
2404 1039 73 26 -K-oyal

1888 1064 150 27 instructions,
2060 1072 59 20 upon
2138 1065 72 22 which
2231 1067 10 20 I
2260 1065 97 28 proceed
2373 1068 21 19 to
2414 1067 60 25 offer,

1889 1091 32 21 for
1934 1098 57 19 your
2008 1092 117 27 guidance,
2142 1093 53 21 such
2213 1093 153 21 observations
2381 1100 22 14 as
2420 1093 56 21 have

1889 1118 105 22 occurred
2014 1122 22 17 to
2053 1126 35 14 me
2104 1126 61 19 upon
2180 1126 29 14 an
2224 1119 151 21 examination
2397 1119 25 21 of
2438 1119 37 22 the

1889 1144 91 27 Report.
2019 1145 47 21 The
2076 1146 216 21 recommendations
2302 1152 37 14 are
2356 1146 121 22 numbered

1888 1171 35 21 for
1931 1171 38 21 the
1981 1172 152 22 convenience
2145 1173 24 19 of
2180 1173 122 21 reference.

1917 1199 18 19 1.
1952 1198 78 26 Much,
2043 1198 20 21 if
2075 1202 40 17 not
2126 1198 36 22 the
2173 1199 72 21 whole
2255 1199 26 21 of
2299 1199 37 21 the
2354 1206 85 14 success

1890 1224 36 22 the
1937 1225 52 26 plan
2001 1226 24 21 of
2039 1225 44 21 sale
2093 1225 32 26 by
2133 1226 95 26 auction,
2239 1229 61 18 must
2316 1225 85 26 depend
2419 1234 58 19 upon

1890 1251 36 21 the
1933 1252 120 27 judgment
2069 1253 26 20 of
2107 1252 37 21 the
2161 1252 117 22 Governor
2294 1253 25 21 of
2331 1251 37 22 the
2384 1253 90 26 Colony,

1888 1286 59 19 upon
1963 1281 75 19 whom
2056 1279 44 21 will
2116 1279 92 22 devolve
2225 1280 37 21 the
2279 1279 160 27 responsibility
2455 1280 23 21 of

1888 1305 104 28 bringing
2008 1314 12 14 a
2030 1306 62 22 stock
2109 1307 26 20 of
2146 1306 52 22 land
2214 1307 48 21 into
2279 1307 38 21 the
2333 1306 92 22 market.
2455 1307 22 21 It

1888 1332 42 22 will
1943 1333 25 21 be
1980 1340 115 19 necessary
2104 1333 37 21 for
2151 1333 45 21 him
2207 1333 108 28 carefully
2324 1337 22 17 to
2358 1333 70 21 watch
2438 1333 37 21 the

1890 1360 118 27 capability
2018 1361 25 20 of
2055 1360 109 22 Colonists
2174 1364 20 18 to
2210 1361 108 27 purchase
2329 1361 43 21 and
2383 1367 90 20 occupy,

1889 1385 49 26 and,
1951 1393 28 15 on
1990 1387 35 21 the
2038 1394 41 14 one
2090 1387 67 26 hand,
2168 1388 86 21 neither
2264 1395 23 14 so
2299 1387 33 21 far
2342 1390 22 18 to
2375 1387 53 21 stint
2438 1387 36 21 the

1889 1413 78 27 supply
1978 1421 23 14 as
2013 1414 144 26 unnaturally
2168 1415 42 21 and
2225 1414 152 26 exorbitantly
2387 1418 21 17 to
2419 1414 55 21 raise

1890 1439 36 21 the
1940 1440 68 27 price,
2019 1441 44 21 and
2079 1441 70 21 afford
2166 1442 86 25 ground
2267 1442 35 20 for
2318 1441 158 21 well-founded

1889 1467 130 26 complaints
2030 1475 28 13 on
2074 1467 38 21 the
2126 1471 49 23 part
2191 1469 25 20 of
2226 1476 49 13 new
2290 1467 92 27 settlers,
2399 1468 27 20 of
2436 1467 38 21 the

1888 1493 155 28 impossibility
2065 1494 25 22 of
2111 1496 119 25 procuring
2247 1495 59 26 land,
2324 1502 46 19 nor,
2389 1502 28 14 on
2436 1494 37 22 the

1889 1520 69 26 other,
1971 1525 21 17 to
2003 1528 80 20 expose
2093 1526 22 16 to
2132 1521 45 21 sale
2193 1524 22 19 at
2231 1529 43 14 one
2290 1522 52 21 time
2358 1521 52 22 such
2426 1524 48 19 vast

1889 1550 67 18 tracts
1966 1549 26 19 of
2003 1548 51 22 land
2064 1555 23 14 .as
2098 1552 22 17 to
2135 1548 82 22 render
2232 1549 143 26 competition
2392 1549 82 27 merely

1888 1573 106 28 nominal,
2008 1575 42 21 and
2064 1579 20 17 to
2093 1575 58 21 lead'
2157 1579 21 17 to
2188 1583 12 14 a
2217 1575 110 22 scattered
2343 1576 131 26 occupation

1890 1601 24 20 of
1926 1600 36 21 the
1979 1607 59 15 most
2052 1602 128 21 favourable
2197 1606 58 23 spots
2271 1606 22 17 at
2308 1602 36 21 the
2358 1603 116 20 minimum

1889 1630 65 24 upset
1962 1629 67 25 price.
2060 1629 33 21 Of
2105 1629 61 21 these
2184 1632 41 18 two
2237 1632 117 23 extremes,
2365 1628 109 27 however,

1889 1653 37 22 the
1936 1654 65 22 latter
2011 1656 17 20 is
2045 1655 83 27 clearly
2139 1655 48 22 that
2201 1656 72 21 which
2290 1657 19 20 is
2325 1663 57 20 open
2398 1660 23 17 to
2439 1656 36 21 the

1890 1680 55 22 least
1956 1681 116 28 objection,
2080 1682 95 21 because
2185 1683 18 21 it
2212 1683 44 21 will
2266 1683 27 21 be
2306 1682 113 27 desirable,
2429 1683 49 20 that

1890 1707 55 21 after
1963 1716 66 19 every
2045 1709 121 26 periodical
2181 1710 51 26 sale,
2245 1710 84 21 certain
2346 1710 99 26 portions
2455 1710 24 21 of

1890 1734 141 22 landshould
2039 1737 87 20 remain
2137 1737 135 27 undisposed
2281 1737 26 20 of
2317 1737 35 20 for
2363 1736 35 21 the
2409 1737 67 20 bene-

1889 1761 25 21 fit
1924 1761 25 21 of
1961 1769 49 14 new
2021 1770 92 19 coiners,
2126 1763 47 21 who
2188 1771 51 19 may
2250 1763 52 21 thus
2312 1764 25 20 be
2349 1763 97 21 enabled
2455 1767 22 17 at

1890 1795 55 14 once
1963 1792 21 18 to
2000 1789 74 21 obtain
2092 1790 128 27 possession,
2238 1794 23 17 at
2272 1797 13 14 a
2302 1789 59 22 fixed
2378 1790 65 27 price,
2455 1789 24 22 of

1890 1816 116 26 surveyed,
2018 1816 107 27 although
2140 1817 106 26 probably
2259 1817 96 25 inferior,
2368 1817 40 21 lots
2416 1825 5 19 ;
2439 1818 38 19 but

1891 1841 58 21 what
1959 1841 11 22 I
1982 1843 128 26 apprehend
2121 1846 21 18 to
2154 1843 54 22 have
2219 1844 57 21 been
2288 1844 35 20 the
2334 1844 110 21 intention
2456 1843 24 21 of

1892 1867 34 22 the
1939 1869 130 22 Committee
2081 1871 25 20 of
2119 1870 35 21 the
2168 1871 75 21 House
2257 1872 26 19 of
2295 1872 117 20 Commons
2424 1870 53 27 (and

1890 1895 17 20 it
1917 1895 17 21 is
1945 1902 43 15 one
2002 1897 22 20 in
2038 1897 71 21 which
2129 1897 10 21 f
2155 1898 94 26 entirely
2265 1899 90 24 concur)
2370 1905 47 19 \vas,
2429 1897 49 21 that

1890 1929 41 19 you
1942 1922 78 22 should
2032 1924 26 20 bo
2069 1923 99 22 directed
2179 1928 20 17 to
2212 1932 62 19 cany
2283 1931 28 14 on
2321 1931 56 20 your
2386 1931 91 20 surveys

1891 1949 159 26 continuously,
2066 1950 99 27 keeping
2173 1951 44 22 ,the
2234 1958 80 20 survey
2332 1951 81 26 always
2430 1951 48 21 well

1890 1974 71 21 ahead
1979 1976 26 20 of
2017 1976 36 21 the
2071 1977 97 21 demand
2184 1978 35 21 for
2234 1978 52 20 laud
2295 1985 6 18 ;
2384 1978 47 20 that
2447 1978 30 21 al-

1891 2000 84 25 though
1987 2001 37 21 the
2041 2009 91 20 surveys
2143 2010 49 18 may
2208 2004 26 19 be
2250 2004 68 25 going
2334 2010 29 13 on
2378 2003 100 21 simulta-

1890 2027 94 26 neously
1999 2028 21 20 in
2042 2028 102 21 different
2163 2029 103 26 districts,
2281 2034 38 21 yet
2336 2028 48 21 that
2403 2029 75 21 within

1892 2053 53 21 each
1963 2054 25 20 of
2006 2054 61 21 those
2087 2055 95 22 districts
2201 2056 52 21 such
2274 2055 98 28 portions
2391 2063 22 14 as
2434 2063 44 19 you

1891 2079 79 21 should
1987 2081 27 21 be
2031 2081 108 27 prepared
2157 2086 21 17 to
2194 2083 65 26 bring
2275 2086 46 17 into
2339 2082 37 21 the
2394 2083 84 21 market

1891 2106 77 22 should
1978 2107 29 22 be
2018 2108 96 26 brought
2123 2109 23 21 in
2164 2117 42 14 one
2222 2109 167 26 uninterrupted
2405 2109 78 27 block,,

1892 2133 97 26 divided,
2002 2135 25 21 of
2038 2142 85 20 course,
2135 2136 33 21 for
2179 2137 36 20 the
2228 2144 92 19 purpose
2332 2136 25 20 of
2369 2135 50 28 sale,
2431 2137 47 20 into

1891 2160 54 22 such
1956 2161 132 27 allotments,
2097 2163 88 26 subject
2192 2167 21 17 to
2224 2170 56 19 your
2288 2162 92 27 general
2386 2163 92 21 instiuc-

1891 2187 63 27 tions,
1966 2194 24 15 as
1999 2196 44 19 you
2057 2196 52 20 may
2119 2189 64 22 think
2197 2197 117 19 necessary
2325 2197 24 13 or
2359 2190 119 21 advisable.

1891 2213 47 22 The
1955 2215 52 21 land
2025 2216 81 21 unsold
2124 2216 29 27 by
2173 2217 87 21 auction
2282 2216 42 22 will
2344 2217 83 21 remain
2446 2217 33 21 for

1893 2241 44 21 sale
1947 2242 59 21 until
2016 2243 65 26 again
2098 2247 41 24 put
2152 2251 37 19 up,
2203 2244 96 26 (subject
2312 2246 22 18 to
2352 2243 36 21 the
2398 2250 79 21 excep-

1893 2268 57 21 tions
1969 2268 111 23 hereafter
2096 2271 98 26 noticed)
2216 2274 22 18 at
2257 2270 38 21 the
2315 2270 117 22 minimum
2455 2278 23 13 or

1893 2298 64 23 upset
1965 2296 74 27 price;
2055 2297 22 21 in
2088 2297 37 21 the
2137 2305 62 13 mean
2214 2297 55 21 time
2286 2297 36 21 the
2339 2304 83 19 survey,
2435 2297 43 21 and

1893 2321 35 21 the
1940 2322 54 22 oflbr
2006 2327 19 17 to
2037 2323 94 26 auction,
2144 2324 24 21 of
2180 2325 37 20 the
2233 2324 86 21 district
2332 2323 44 21 will
2384 2323 94 28 proceed

1892 2349 113 27 regularly
2012 2351 43 21 and
2066 2351 155 27 continuously
2227 2351 58 21 until
2294 2351 37 21 the
2342 2350 70 22 whole
2423 2351 56 21 shall

1891 2375 57 22 have
1958 2376 58 22 been
2026 2377 97 27 brought
2132 2379 47 20 into
2189 2379 37 20 the
2236 2377 94 22 market.

1919 2402 47 22 The
1984 2404 43 21 2nd
2046 2404 45 21 and
2107 2405 40 20 3rd
2165 2404 217 22 recommendations
2398 2405 26 20 of
2441 2404 35 21 the

1893 2429 180 23 Commissioners
2084 2438 37 14 are
2138 2432 117 21 embodied
2271 2432 23 20 in
2312 2431 36 21 the
2365 2431 71 26 Royal
2446 2431 32 21 in-

1893 2457 125 27 structions,
2031 2458 138 21 transmitted
2185 2462 21 17 to
2224 2465 45 20 you
2278 2459 29 26 by
2316 2465 38 20 my
2364 2459 114 26 predeces-

1893 2490 43 14 sor.

1918 2511 20 19 4.
1956 2510 22 22 It
1993 2511 44 21 will
2052 2512 108 27 probably
2174 2512 93 22 become
2284 2519 37 20 my
2331 2512 59 27 duty,
2401 2511 24 22 in
2442 2511 36 22 the

1893 2543 76 15 course
1985 2538 26 20 of
2029 2538 36 21 the
2083 2543 56 16 next
2152 2540 82 21 session
2251 2540 27 21 of
2297 2539 141 26 Parliament,
2458 2542 20 17 to

1893 2563 82 21 submit
1985 2572 13 13 a
2008 2572 101 14 measure
2119 2566 34 21 for
2164 2566 36 21 the
2214 2566 125 26 regulation
2349 2566 26 21 of
2386 2565 37 22 the
2434 2566 44 20 sale

1893 2589 25 21 of
1929 2590 53 22 land
1992 2591 21 21 in
2033 2592 36 21 the
2086 2593 129 21 Australian
2232 2593 105 21 Colonies
2352 2592 126 27 generally;

1893 2616 44 22 and
1946 2617 24 21 in
1978 2617 49 22 that
2042 2626 103 14 measure
2162 2619 34 22 the
2211 2620 101 26 question
2326 2619 26 21 of
2362 2619 36 21 the
2417 2619 63 21 mini-

1893 2650 59 14 mum
1963 2645 60 26 price
2035 2645 25 21 of
2071 2645 54 21 land
2139 2645 22 21 in
2172 2646 88 21 various
2276 2645 115 28 localities,
2403 2646 45 21 will
2458 2645 24 21 of

1894 2677 74 15 course
1978 2671 27 21 be
2016 2672 117 27 anxiously
2142 2672 141 27 considered;
2295 2673 18 20 it
2320 2672 45 21 will
2375 2672 105 27 probably

1894 2697 27 21 be
1932 2697 94 22 deemed
2036 2699 59 26 right
2111 2706 28 14 on
2156 2699 42 21 this
2212 2699 60 21 head
2288 2702 23 18 to
2324 2699 63 21 leave
2403 2706 13 14 a
2429 2706 52 14 con-

1894 2723 108 23 siderable
2019 2725 158 27 discretionary
2187 2733 73 20 power
2276 2726 50 21 with
2345 2725 35 22 the
2397 2726 84 21 Gover-

1893 2758 47 19 nor,
1954 2751 122 22 controlled
2085 2753 31 26 by
2126 2752 37 21 the
2174 2753 98 27 superior
2286 2752 108 28 authority
2406 2753 25 20 of
2443 2753 37 20 her

1895 2777 97 28 Majesty
2003 2779 22 21 in
2038 2779 90 21 Council
2138 2787 4 18 ;
2154 2779 18 21 it
2180 2780 51 26 will,
2239 2780 23 21 in
2274 2779 30 22 all
2312 2779 133 27 probability
2455 2780 25 20 be

1895 2805 69 21 found
1974 2805 118 28 expedient
2102 2806 54 27 that,
2165 2806 22 22 in
2199 2806 104 21 different
2311 2806 93 21 districts
2413 2807 26 20 of
2446 2806 35 21 the

1896 2838 59 15 same
1965 2833 87 26 colony,
2063 2833 23 20 in
2097 2833 114 22 reference
2221 2836 22 18 to
2258 2840 92 20 average
2360 2833 92 27 fertility
2460 2833 22 20 of

1896 2859 39 21 soil
1946 2859 44 21 and
2000 2859 55 21 local
2067 2859 141 28 advantages,
2222 2860 103 21 different
2339 2862 64 25 upset
2412 2861 69 26 prices

1897 2885 78 21 should
1986 2886 93 27 prevail;
2092 2887 46 20 and
2145 2887 33 21 for
2187 2887 38 22 the
2234 2890 89 24 present
2331 2887 11 21 I
2350 2893 35 14 am
2393 2889 89 18 content

1896 2915 22 18 to
1928 2913 62 21 leave
2001 2913 23 21 in
2033 2920 55 20 your
2098 2913 72 22 hands
2180 2914 37 21 the
2232 2914 120 21 discretion
2365 2914 24 21 of
2399 2913 82 27 assign-

1895 2939 38 27 ing
1943 2943 22 17 to
1975 2940 56 21 each
2041 2940 93 27 district,
2145 2947 24 15 as
2178 2948 45 20 you
2230 2948 53 20 may
2292 2940 62 21 deem
2364 2940 18 21 it
2391 2940 60 27 right
2460 2943 21 18 to

1895 2966 65 27 bring
1968 2966 19 21 it
1995 2967 47 21 into
2053 2968 37 21 the
2100 2967 93 28 market,
2205 2968 54 21 such
2274 2975 12 14 a
2296 2967 117 22 minimum
2422 2967 58 27 price

1896 3000 29 19 as,
1937 3000 59 20 upon
2006 2994 37 21 the
2053 2998 75 24 report
2135 2994 26 21 of
2168 2991 129 31 competent
2306 3001 121 19 surveyors,
2438 3000 43 20 you

1895 3026 50 21 may
1958 3020 70 28 judge
2048 3021 37 22 the
2100 3028 94 20 average
2213 3021 55 22 land
2286 3020 77 22 within
2378 3020 17 22 it
2413 3024 23 17 to
2455 3020 25 21 be

1895 3046 66 27 fairfy
1975 3048 77 27 worth,
2068 3052 47 23 not,
2131 3048 108 26 however,
2257 3048 23 21 in
2295 3054 43 20 any
2352 3054 49 14 case
2415 3047 66 21 lower

1896 3073 53 21 than
1959 3073 37 22 the
2008 3078 92 19 amount
2116 3076 25 21 of
2153 3076 43 21 12s.
2208 3083 38 19 per
2261 3081 51 15 acre
2318 3082 6 19 ;
2340 3073 45 22 and
2394 3081 87 14 accom-

1896 3101 98 27 panying
2004 3102 46 21 that
2056 3102 132 27 permission
2195 3102 52 21 with
2255 3109 14 13 a
2274 3104 77 23 strong
2358 3100 123 28 expression

1896 3127 25 21 of
1932 3135 38 19 my
1982 3128 97 27 opinion,
2091 3129 49 21 that
2147 3128 23 22 in
2187 3136 14 14 a
2215 3128 104 27 majority
2329 3127 27 21 of
2366 3134 61 15 cases
2437 3128 42 20 20s,

1895 3161 52 20 may
1956 3153 66 34 fairly
2032 3156 44 21 and
2085 3156 71 27 safely
2164 3156 27 21 be
2201 3154 110 27 assigned.
2340 3154 28 21 In
2382 3154 37 21 the
2429 3153 50 22 Port

1897 3181 81 27 Phillip
1989 3182 97 27 District,
2098 3190 46 18 you
2159 3182 44 21 will
2219 3185 40 18 not
2276 3180 101 22 consider
2386 3180 96 28 yourself

1896 3208 127 23 authorised
2034 3213 21 18 to
2065 3210 82 21 reduce
2158 3208 35 22 the
2205 3211 62 24 upset
2273 3207 60 27 price
2344 3207 69 22 below
2423 3209 55 24 205.;

1897 3235 49 27 and,
1957 3235 24 22 in
1992 3236 107 28 speaking
2113 3236 26 21 of
2149 3236 47 21 that
2212 3234 92 27 district,
2320 3241 45 20 you
2382 3234 44 21 will
2441 3241 39 14 un-

1897 3262 106 22 derstand
2014 3271 36 14 me
2065 3267 22 18 to
2102 3262 88 22 include
2207 3261 36 21 the
2257 3261 72 21 whole
2346 3261 26 21 of
2382 3261 37 21 the
2428 3260 52 22 land

1896 3288 107 23 bounded
2017 3290 29 27 by
2062 3297 12 14 a
2088 3290 54 26 line,
2159 3288 72 22 drawn
2247 3287 60 22 from
2323 3287 60 27 Gape
2402 3288 77 25 Howe,

1896 3316 67 26 along
1973 3316 38 22 the
2020 3316 131 22 south-west
2161 3314 152 27 boundary,*o
2376 3314 103 23 Maneroo

1897 3342 91 23 District
1997 3346 21 18 to
2029 3343 36 21 the
2075 3342 60 22 head
2147 3342 25 21 of
2184 3337 204 36 the'Murrayj.and
2404 3341 75 21 thence

1896 3369 67 27 along
1984 3370 36 21 the
2039 3370 94 26 Murray
2152 3372 22 17 to
2194 3368 38 22 the
2244 3384 4 3 -
2255 3368 96 22 frontier
2368 3368 25 21 of
2414 3367 65 22 South

1897 3396 120 21 Australia.
2083 3396 66 28 '\si'
2149 3408 2 7 1
2225 3396 47 28 )^
2291 3407 28 11 >->~
2335 3400 17 21 \->

1923 3423 19 20 5.
1959 3422 52 22 You
2020 3422 44 21 will
2078 3418 44 25 noV
2135 3421 38 22 fail
2189 3425 21 19 to
2227 3422 99 26 observe,
2329 3422 3 6 1
2343 3421 48 22 that
2408 3421 71 22 where

1898 3448 35 21 the
1944 3449 66 22 value
2020 3449 26 21 of
2057 3448 54 22 land
2126 3448 39 22 has
2181 3449 65 26 been,
2265 3456 23 15 as
2302 3448 18 22 it
2335 3448 63 27 we're,
2415 3447 64 22 artifi-

1897 3475 66 27 cially
1970 3475 73 22 raised
2058 3476 28 26 by
2101 3476 38 21 the
2153 3475 125 28 imposition
2295 3476 24 21 of
2338 3483 13 14 a
2366 3475 113 22 minimum

1896 3502 67 28 price,
1984 3506 63 23 great
2064 3502 104 28 injustice
2188 3503 75 22 would
2276 3502 30 22 be
2321 3502 59 22 done
2394 3505 23 18 to
2434 3508 46 20 pur-

1897 3528 88 22 chasers
1995 3536 55 14 were
2061 3529 49 22 that
2127 3529 123 27 minimum,
2269 3530 64 21 when
2351 3535 54 15 once
2414 3526 64 27 fixed,

1897 3559 22 18 to
1928 3555 28 22 be
1968 3556 128 21 afterwards
2107 3556 125 28 arbitrarily
2241 3556 97 23 lowered
2348 3555 52 22 with
2415 3555 64 21 refer-

1897 3589 53 14 ence
1961 3585 23 18 to
1994 3582 51 22 land
2057 3583 24 21 of
2093 3583 67 27 equal
2169 3584 91 28 quality,
2278 3582 43 23 and
2337 3582 24 22 in
2376 3582 36 21 the
2422 3587 56 16 same

1898 3616 23 13 or
1931 3616 28 13 an
1977 3609 112 27 adjoining
2103 3610 100 28 locality.
2241 3611 52 21 You
2312 3609 44 22 will
2375 3608 104 22 therefore

1892 3635 31 21 'be
1933 3636 143 28 particularly
2086 3637 100 22 cautious
2195 3640 39 19 not
2248 3640 24 18 to
2287 3637 69 21 lower
2370 3636 36 21 the
2421 3636 58 26 upset

1897 3662 59 27 price
1966 3662 26 21 of
2003 3663 58 26 land,
2076 3671 56 14 once
2141 3664 67 27 fixed,
2225 3664 77 21 unless
2313 3669 59 21 upon
2382 3662 36 21 the
2427 3662 53 20 most

1898 3689 91 21 obvious
1998 3690 116 28 necessity.
2144 3690 22 22 It
2175 3691 18 22 is
2203 3690 96 28 possible
2308 3690 49 21 that
2364 3695 60 15 cases
2434 3692 46 21 may

1898 3716 56 21 arise
1969 3716 23 21 in
2012 3716 71 23 which
2099 3718 38 21 the
2152 3718 74 22 refuse
2243 3717 65 22 lands
2327 3716 26 22 of
2370 3722 14 15 a
2403 3713 78 23 district

1898 3749 52 20 may
1968 3743 53 27 only
2039 3744 28 21 be
2085 3744 96 23 saleable
2200 3748 23 18 at
2240 3751 15 15 a
2272 3742 117 23 reduction
2406 3742 26 21 of
2448 3740 31 21 the

1899 3769 93 26 original
2010 3771 72 27 price;
2104 3772 41 21 but
2160 3779 55 14 even
2234 3771 23 22 in
2277 3770 44 21 this
2338 3777 55 19 case,
2411 3767 69 22 unless

1898 3796 73 21 under
1985 3804 54 20 very
2053 3798 101 27 peculiar
2168 3799 178 24 circumstances,
2361 3796 18 21 it
2394 3794 45 23 will
2457 3793 22 21 bo

1899 3823 72 22 better
1982 3827 22 18 to
2014 3824 64 22 allow
2089 3824 62 22 them
2161 3828 21 18 to
2192 3825 86 21 remain
2285 3821 137 29 unoccupied
2430 3819 49 23 until

1900 3850 37 21 the
1948 3850 128 23 cultivation
2089 3852 26 21 of
2123 3852 36 21 the
2170 3851 162 27 neighbouring
2340 3849 63 22 lands
2412 3847 67 24 brings

1899 3884 29 20 up
1939 3877 58 22 their
2005 3878 71 27 value,
2088 3878 54 22 than
2153 3882 22 17 to
2190 3878 69 21 break
2275 3876 97 27 through
2387 3875 36 22 the
2437 3872 42 23 rule

1902 3904 25 32 by
1949 3904 106 28 lowering
2072 3904 39 22 the
2130 3908 64 24 upset
2212 3905 61 27 price
2281 3912 6 18 ;
2307 3904 44 21 and
2370 3902 69 22 under
2456 3904 23 16 no

1900 3935 171 18 circumstances
2081 3931 44 22 will
2135 3939 46 20 you
2189 3932 29 21 be
2229 3930 102 29 justified
2345 3930 23 21 in
2384 3929 97 22 lowering

1900 3958 18 21 it
1926 3958 72 22 below
2008 3958 37 23 the
2056 3963 94 18 amount
2155 3958 60 23 fixed
2220 3958 33 27 by
2261 3958 46 21 Act
2314 3956 25 23 of
2346 3955 133 23 Parliament,

1320 3689 43 22 We
1380 3689 57 23 have
1455 3690 99 23 hitherto
1573 3691 115 31 neglected
1707 3696 23 19 to
1750 3692 51 30 give
1818 3692 49 24 Mr.

1287 3722 130 24 Mathieson
1430 3723 77 29 credit,
1518 3723 34 23 for
1564 3723 85 32 having
1659 3725 44 23 laid
1713 3725 66 23 down
1790 3734 13 14 a
1815 3725 52 31 slip,

1286 3763 62 23 upon
1360 3753 72 28 whicli
1444 3761 23 18 to
1479 3756 52 24 haul
1545 3765 29 24 up
1587 3758 82 22 vessels
1678 3758 117 30 requiring
1808 3763 21 18 to
1843 3759 26 22 be

1287 3789 108 31 repaired.
1419 3789 36 23 At
1466 3795 91 25 present
1570 3791 35 23 his
1618 3791 71 23 vessel
1697 3791 37 22 the
1745 3789 123 32 Clydeside,

1288 3822 26 23 of
1328 3828 40 17 two
1380 3822 104 24 hundred
1502 3823 45 23 and
1563 3824 99 30 fifty-six
1679 3828 60 24 tons,
1752 3824 20 23 is
1789 3833 28 14 on
1834 3825 37 22 the

1288 3855 52 31 slip*
1437 3856 132 24 Mathieson
1577 3857 20 23 is
1611 3857 79 23 known
1703 3862 21 18 to
1735 3857 28 23 be
1775 3866 12 14 a
1796 3859 74 22 scieu-

1288 3889 47 22 tific
1348 3889 41 22 atid
1399 3882 109 46 practical
1528 3890 50 31 ship
1591 3890 93 29 builder,
1698 3890 44 23 and
1761 3899 31 15 we
1805 3892 66 23 think

1290 3920 37 23 the
1338 3921 128 23 merchants
1484 3922 72 30 ought
1568 3927 22 19 to
1602 3924 60 22 unite
1682 3924 43 23 and
1737 3925 51 30 give
1800 3924 47 24 him
1859 3933 12 15 a

1286 3952 40 31 job
1345 3957 21 18 to
1385 3947 64 37 bijild
1465 3962 15 14 a
1497 3954 74 23 vessel
1590 3960 23 18 to
1632 3956 63 23 trade
1714 3956 100 25 between
1827 3958 44 23 this

555 52 100 45 S*f>c
676 48 121 46 Istix>
821 51 211 42 Zeafcmtr
1055 48 190 49 <m&tU
1271 50 92 39 att&
1384 49 301 47 mitlUnQtou
1709 46 254 50 Spectator-

1887 136 44 24 and
1942 136 116 31 England,
2072 145 25 15 or
2108 137 47 23 this
2173 138 44 23 and
2234 138 76 29 India,
2323 146 25 15 or
2359 142 23 19 to
2394 133 79 29 be/en-

1886 170 73 30 gaged
1975 171 24 22 in
2020 169 99 31 whaling
2142 175 40 18 out
2201 171 26 23 of
2239 190 4 3 ,
2251 171 48 23 this
2304 174 4 11 1
2316 176 64 26 -port.
2427 172 46 23 She

1887 202 73 31 might
1971 204 168 30 appropriately
2149 204 29 22 be
2197 204 71 23 called
2286 204 39 23 the
2335 203 138 25 Earl-^Bur-

1887 235 62 23 ham.

1922 284 49 24 The
1981 286 76 28 Bank,
2070 286 187 29 Custom-house,
2272 287 53 28 &c,
2334 294 59 16 were
2401 287 74 23 closed

1888 317 42 23 the-
1943 317 75 24 whole
2040 319 24 22 of
2080 319 107 31 Tuesday
2205 320 52 23 last.
2300 320 51 23 The
2373 320 102 23 occasion

1888 358 51 21 was,
1952 351 39 23 the
2003 352 162 29 proclamation
2177 353 24 23 of
2218 353 83 25 Queen
2312 353 111 23 Victoria.

832 1051 121 17 LATEST
969 1050 108 18 DATES.

673 1084 79 18 London
837 1084 42 16 Jan.
912 1084 27 15 15.
951 1083 4 19 |
967 1083 72 16 Nelson
1145 1083 50 15 June
1210 1083 29 15 11.

673 1105 75 22 Sydney
837 1104 45 21 May
909 1104 27 16 26.
964 1103 41 21 Bay
1013 1103 21 17 of
1044 1102 91 17 Islands..
1142 1102 42 16 Feb.
1218 1104 19 15 4.

672 1127 42 16 Van
738 1126 97 17 Dieman's
964 1123 100 19 Auckland
1140 1122 47 18 Mar.
1209 1124 29 16 30.

694 1147 53 17 Land
837 1145 55 23 April
919 1146 17 16 6.
966 1146 45 16 Port
1020 1144 68 21 Phillip
1102 1155 36 6 ....
1142 1143 54 21 April
1209 1145 28 16 20.

673 1169 47 16 New
726 1168 101 21 Plymouth
964 1166 91 18 Adelaide
1142 1164 48 18 Mar.
1220 1166 17 16 2.

755 1215 122 20 AGENTS
890 1215 56 19 FOR
961 1213 71 21 THIS
1046 1212 108 20 PAPER.

684 1249 38 17 Mr.
952 1246 73 17 Petoni.

684 1270 38 17 Mr.
735 1270 18 16 F.
766 1269 22 18 G.
801 1269 87 17 MOORE
952 1267 71 17 Nelson
1032 1267 75 17 Haven.

684 1291 38 17 Mr.
733 1291 24 16 It.
768 1289 114 18 BARRISTP
957 1288 45 17 New
1011 1288 106 21 Plymouth,
1125 1286 102 18 Taranaki.

684 1312 38 17 Mr.
733 1312 25 16 11.
770 1310 121 19 CHUR'I'ON
955 1309 114 22 Wanganui.

684 1333 37 17 Mr.
733 1332 29 17 W.
775 1331 97 18 WILSON
954 1331 39 21 Uay
1001 1331 21 16 of
1031 1329 83 18 Islands.

682 1378 41 18 The
730 1378 95 21 following
832 1382 32 12 are
871 1377 33 17 tho
911 1377 78 21 quarter
999 1376 47 21 days
1053 1376 23 16 of
1084 1375 40 17 this
1133 1379 56 17 paper
1196 1380 29 11 :

769 1406 66 17 March
1094 1404 47 16 31st.

769 1427 49 17 June
1095 1424 50 17 30th.

769 1448 110 21 September
1096 1445 49 17 30th.

769 1469 105 17 December
1095 1467 48 16 31st.

685 1496 82 18 Persons
774 1495 108 22 previously
889 1496 20 16 to
922 1493 147 23 discontinuing
1079 1493 50 17 tneir
1136 1497 68 17 papers
1212 1491 35 18 and

664 1517 164 21 advertisements,
837 1517 53 16 must
898 1516 55 17 settle
961 1516 33 17 the
1005 1516 91 16 accounts
1105 1514 37 17 due
1148 1518 26 17 up
1185 1516 20 15 to
1216 1514 31 16 the

664 1538 53 18 date.

70 1450 48 15 1842.

154 1428 52 16 Time
213 1428 21 16 of

150 1449 89 16 Observa-

171 1470 44 16 tion.

267 1437 55 16 Baro-

263 1460 61 14 meter.

342 1437 80 17 Thermo'

352 1461 63 14 meter.

456 1414 34 12 >>C
499 1419 11 7 in

451 1427 59 35 151

452 1486 17 15 Of

552 1446 60 17 Wind.

57 1528 76 20 ?riday,..

57 1590 24 16 lat

57 1652 76 20 iunday..

57 1714 76 20 Monday.

173 1528 10 15 8

171 1548 54 21 Ip.m.

173 1590 10 16 8

172 1611 53 20 Ip.m.

173 1632 9 15 5

173 1653 10 15 8

173 1674 54 19 Ip.m.

173 1695 9 14 5

173 1715 10 16 8

174 1736 53 19 Ip.m.

173 1757 9 14 5

173 1778 10 15 8

172 1799 54 19 Ip.m.

173 1820 9 14 5

173 1841 10 14 8

173 1861 54 20 lpm.

173 1882 10 14 5

173 1903 10 15 8

173 1924 53 19 Ip.m.

173 1945 9 14 5

266 1527 57 16 29.910

267 1548 57 16 29.870

266 1569 58 16 29.330

267 1590 57 15 29.000

267 1611 57 15 29.(i10

267 1632 57 15 29.550

267 1715 57 16 29.930

267 1735 57 16 29.980

267 1757 57 15 29.980

267 1777 58 16 29.820

267 1797 58 17 29.700

267 1818 57 16 29.020

267 1839 57 16 29.520

267 1860 57 16 29.510

267 1881 58 16 29.441*

266 1901 59 16 29.420

266 1922 58 16 29.420

265 1943 59 16 29.423

366 1527 26 16 53.

366 1548 26 16 sa.

366 1569 26 16 55.

366 1590 27 16 51.

367 1612 25 15 53.

366 1633 27 14 55.

367 1716 26 16 51.

366 1738 27 15 59.

367 1758 36 16 5C.5

367 1779 27 15 56.

366 1799 27 16 57.

367 1820 36 16 57.5

367 1841 37 16 52.8

368 1863 26 14 55.

367 1883 36 15 52.5

366 1904 28 15 50.

366 1924 27 16 J>7.

366 1945 26 16 55.

451 1549 58 17 None.

462 1612 37 16 0.10

452 1674 58 16 None.

452 1736 57 16 None.

531 1527 52 18 N.W.

531 1548 51 16 N.W.

531 1569 51 17 N.W.

531 1589 52 18 N.W.

531 1610 54 17 N.W-

530 1632 52 16 N.W.

531 1653 40 16 S.E.

531 1674 42 16 S.E.

531 1694 42 16 S.E.

531 1715 51 16 N.W.

531 1735 51 17 N.W.

531 1756 52 17 N.W.

530 1777 53 17 N.W.

530 1798 52 16 N.W.

530 1819 17 16 N
556 1819 27 16 W.

530 1839 53 17 N.W.

531 1861 51 16 N.W.

531 1882 52 16 N.W.

531 1902 51 17 N.W.

531 1923 51 17 N.W.

530 1944 52 17 N.W.

57 1776 76 21 [Tuesday

452 1799 57 15 None.

57 1838 39 16 SVed

452 1861 57 16 None.

57 1901 80 16 Churs...,

456 1923 57 17 None.

55 2007 79 20 Friday...

173 2007 10 16 8

380 1995 18 9 XV
400 1995 13 9 l^
416 1995 14 8 I*l
470 1995 34 9 A.O.

254 2007 91 17 Moderate
352 2008 62 17 breeze
421 2008 36 16 and
463 2008 42 16 fine.

172 2050 54 19 Ip.m.

294 2049 33 17 Do.
370 2050 32 16 Do.
446 2046 39 20 Do.'

173 2091 10 15 i

295 2091 34 16 Do.
370 2091 32 17 Do.
447 2091 72 20 cloudy.

59 2131 24 17 iat

173 2133 9 15 8

254 2133 51 20 Light
312 2133 62 16 breeze
381 2133 37 17 and
427 2134 87 16 overcast.

173 2174 53 20 Ip.m.

295 2174 32 16 Do.
371 2174 35 18 Do.
448 2174 34 17 Do.

173 2216 10 16 5

254 2216 49 16 Calm
310 2216 37 16 and
354 2217 85 16 overcast.

60 2252 78 24 iunday..!

174 2258 9 15 8

254 2258 63 19 Strong
324 2258 61 16 breeze
394 2258 34 16 and
435 2258 44 16 fine.

174 2300 54 19 Ip.m.

295 2299 33 16 Do.
371 2300 33 15 Do.
448 2300 33 15 Do.

173 2341 10 14 6

253 2340 52 21 light
368 2341 34 17 Do.
444 2341 35 16 Do.

68 2381 66 20 :onday.

173 2382 10 15 8

294 2382 35 17 Do.
372 2383 33 16 Do.
448 2383 34 16 Do.

174 2424 53 20 Ip.m.

295 2423 34 17 Do.
371 2425 33 15 Do.
447 2424 34 16 Do.

174 2467 9 13 5

296 2465 34 16 Do.
372 2466 36 16 Do.
449 2467 88 15 overcast.

66 2501 74 25 'uesdayl

173 2507 11 15 3

255 2507 64 20 Strong
326 2507 61 17 breeze
395 2507 35 17 and
438 2507 43 16 fine.

174 2549 54 19 Ip.m.

296 2548 35 17 Do.
373 2549 34 17 Do.
449 2549 35 17 Do.

175 2590 9 16 5

296 2590 34 16 Do.
371 2591 34 16 Do.
446 2590 47 17 rain.

72 2630 3 9 r
76 2630 23 17 ed

176 2632 10 15 8

256 2632 52 21 Light
314 2632 62 17 breeze
383 2633 37 16 and
426 2634 41 15 fine.

176 2674 54 19 Ip.m.

257 2674 63 20 Strong
326 2674 62 17 breeze
396 2675 34 16 and
439 2675 59 21 gusty.

177 2715 10 15 5

252 2709 4 22 I
298 2715 33 16 Do.
375 2716 33 16 Do.
451 2717 87 16 overcast.

67 2755 40 17 'hur
120 2766 17 7 ...

177 2757 10 15 8

258 2757 63 19 Strong
327 2757 62 17 breeze
397 2757 35 17 and
439 2757 42 17 fine.

177 2798 54 20 Ip.m.

298 2798 34 17 Do.
374 2799 32 16 Do.
449 2799 34 17 Do.

177 2840 10 15 S

299 2839 34 17 Do.
375 2841 33 15 Do.
451 2841 34 16 Do.

52 143 67 20 Port
138 139 151 23 Nicholson
311 139 166 23 Mechanic's
494 139 140 25 Institute,

133 167 97 21 Public
246 167 107 26 School,
366 168 54 20 and
432 166 120 26 Library.
561 179 4 7 -.

53 192 83 58 ON'
148 200 145 23 TUESDAY
317 199 145 23 EVENING
483 198 94 27 NEXT,
596 199 39 21 the

130 227 51 22 28th
197 227 90 27 instant,
305 227 86 27 George
411 225 81 27 White,
511 225 60 27 Esq.,
589 225 45 21 will

52 254 84 22 deliver
152 254 35 21 his
202 254 61 21 third
275 254 84 21 lecture
373 261 28 14 on
576 252 59 21 Eco-

157 281 132 27 comprising
505 285 61 15 more
584 285 51 21 par-

52 307 100 27 ticularly
159 315 23 14 as
188 308 18 21 it
212 308 89 26 regards
307 306 43 21 this
361 306 92 26 Colony.
477 305 95 22 Lecture
588 304 44 22 will

52 341 128 14 commence
191 338 23 17 at
223 334 49 21 half
279 336 48 24 past
337 340 67 14 seven
414 331 86 22 o'clock
508 331 116 28 precisely.

352 366 62 22 John
430 366 122 25 Knowles,

484 392 122 26 Secretary.

80 421 58 21 June
150 422 35 25 23,
197 421 61 21 1842.

53 473 85 20 Town
162 472 54 21 and
240 472 121 24 Country
381 470 75 21 Land
477 471 30 19 to
528 470 50 20 Let
598 475 36 14 on

241 499 78 25 Long
339 498 104 20 Leases.

52 532 96 49 NOS.
166 532 26 21 of
207 531 38 21 the
265 534 57 18 town
341 538 61 14 acres
421 537 28 14 on
466 529 39 22 the
524 530 110 26 Surveyor

250 556 114 23 General's
375 557 60 27 Plan,

159 586 41 20 224
324 584 41 22 510
486 585 40 19 263

52 611 44 22 For
104 611 136 27 particulars,
253 610 64 28 apply
327 614 22 17 to

214 645 123 26 Wallace,
347 644 91 27 White,
451 643 45 22 and
509 642 123 22 Wallace.

79 671 55 27 May
143 673 33 25 31,
189 672 61 21 1842.

275 724 53 19 For
343 722 67 24 Sale,

52 755 136 23 HHEGG'S
204 756 100 22 SHEET
318 754 195 23 ALMANACKS
529 754 33 21 for
573 754 59 26 1842,

58 777 31 26 JL
126 783 80 26 Tegg's
216 782 106 26 Washing
334 782 70 25 Book,

77 809 80 26 Tegg's
167 809 146 21 Commercial
324 809 83 21 Pocket
417 808 93 22 Diaries.

53 843 85 20 Gazette
148 843 78 25 Office,
238 842 58 21 June
305 842 35 26 25,
352 843 59 21 1842.

278 895 41 19 On
340 894 67 24 Sale,

52 928 91 34 rpHE
157 928 77 22 BEST
248 927 74 21 CASE
339 927 63 27 GIN,
418 927 23 21 in
452 933 60 14 cases
526 926 46 21 and
587 925 52 22 half

58 950 31 26 JL
127 962 67 14 cases.

364 980 82 22 Waitt
464 980 46 21 and
522 980 85 21 Tyser.

80 1008 58 21 June
149 1009 33 25 24,
195 1009 61 20 1842.

254 1053 52 19 For
319 1052 113 23 Nelson,

68 1088 59 19 With
136 1087 118 20 immediate
263 1086 103 25 despatch,
379 1086 41 19 and
430 1086 20 19 to
460 1086 74 18 return
545 1084 73 24 direct,

112 1126 53 26 **jS'
225 1119 90 33 npHE
331 1118 42 22 fine
383 1119 43 21 fast
439 1117 80 27 sailing
528 1117 107 21 schooner

84 1139 106 38 jjSEtf^
232 1139 30 29 JL
298 1146 61 25 Kale,
376 1145 28 21 G.
416 1145 25 21 E.
458 1145 63 21 Read
538 1147 82 18 master
628 1152 5 18 ;

81 1166 133 39 PfsSs^*'
237 1173 40 21 has
286 1172 76 27 nearly
370 1172 29 21 all
409 1172 38 20 her
454 1178 65 19 cargo
526 1170 108 27 engaged.

74 1194 141 39 JgjOQt.
239 1199 42 22 For
291 1199 80 26 freight
381 1206 24 14 or
421 1205 98 20 passage,
531 1198 66 26 apply
613 1201 22 17 to

280 1236 75 26 Hort,
371 1236 121 26 Mocatta,
509 1235 45 21 and
568 1236 39 21 Co.

79 1272 59 20 June
151 1273 34 24 24,
198 1272 61 21 1842.

835 138 122 21 CUSTOM
973 137 111 21 HOUSE.

848 203 3 6 ,
903 192 110 15 IMPORTS.
1051 188 3 5 '
1064 194 5 5 '
1210 190 2 4 '
1223 194 4 5 '

690 221 30 20 Ix
734 225 48 14 the
823 220 66 19 Lord
1050 223 64 14 from
1130 217 119 20 Twofold

662 249 90 20 Bay.
752 248 84 25 Agents,
854 246 81 20 Rhodes
951 247 42 19 and
1011 246 16 20 C
1027 246 48 20 0.
1076 246 26 19 39
1118 244 69 24 cattle,
1207 245 41 20 200

661 277 72 24 sheep,
745 275 25 19 10
784 275 51 25 kegs
844 274 77 24 butter,
938 273 39 20 110
987 273 42 20 lbs.
1043 272 95 23 lobacco,
1149 272 14 19 4
1179 272 71 20 chests

661 306 41 20 tea,
714 303 26 19 20
755 302 50 25 bags
820 307 69 19 sugar,
904 301 13 19 4
934 303 46 18 cwt.
996 300 70 26 bread,
1079 300 10 19 1
1106 299 34 20 do.
1155 299 72 25 f10ur,.
1235 300 13 18 5

661 330 62 21 casks
732 330 55 20 beef.
987 350 3 4 ,
1157 345 5 5 >
1168 351 5 6 v

690 357 86 20 In'the
787 355 162 23 "Eleanor,''
961 360 66 15 from
1038 353 97 21 Sydney
1144 353 33 20 via
1185 353 65 20 Nel-

662 390 81 17 son.-t-
745 385 84 24 Agents,
845 383 51 25 Hay
910 382 40 20 and
969 383 34 19 Co.
1033 382 25 20 17
1077 381 68 19 chests
1165 383 41 22 tea,
1222 381 27 19 88

660 411 80 21 barrels
757 412 60 22 flour,
835 411 40 20 278
890 411 50 24 bags
955 409 62 24 flour,
1033 409 26 20 83
1079 409 50 24 bags
1142 407 69 26 flour,,
1221 408 29 20 47

661 440 52 25 bags
722 439 62 24 flour,
792 439 39 19 150
843 439 49 24 bags
899 443 67 19 sugar,
978 437 26 19 50
1012 439 48 17 tons
1070 435 64 23 coals,
1143 435 26 20 29
1178 435 71 24 cattle,

661 468 13 19 4
682 467 86 22 horses,
780 467 12 19 3
807 465 58 21 bales
874 465 102 23 blankets,
994 464 73 20 Order.
1098 462 123 26 Passengers

661 494 43 20 Mr.
731 493 121 24 Machattie,
882 495 93 22 steerage
993 491 36 19 W.
1049 490 30 20 H.
1100 489 89 25 Wilson,
1215 489 34 20 M.

661 520 122 25 Archibald,
792 520 35 20 W.
839 520 23 20 J.
873 519 109 27 Spearlies,
993 518 22 20 J.
1026 518 74 23 Lewis,
1112 517 28 19 R.
1152 517 97 20 Watson.

818 580 132 15 INWARDS
953 578 133 15 COASTWISE.

689 609 30 20 In
726 614 47 14 the
789 607 121 24 "Ariel,'!
924 612 65 14 from
999 606 106 19 Nelson.
1133 604 77 25 Agent,
1225 604 24 20 J.

665 636 70 20 Wade.
766 635 26 20 la
910 634 124 24 Passengers
1062 632 45 20 The
1114 632 53 19 Rev.
1177 632 73 19 Whit-

661 665 42 24 ley,
716 663 43 19 Mr.
777 662 97 24 Mansell,
886 661 43 20 Mr.
940 661 128 22 Wilkinsonj
1085 659 43 20 Mr.
1145 658 104 25 Plaistow,

661 693 94 22 steerage
783 689 87 21 Messrs.
888 689 22 20 J.
928 688 101 26 Norman,
1048 687 22 20 J.
1088 686 52 24 Hill,
1156 686 40 20 and
1213 686 35 20 W.

661 719 77 19 Jolter.

691 745 28 20 In
729 750 47 14 the
966 748 66 14 from
1039 741 104 21 Nelson.
1171 741 77 25 Agent,

660 774 22 20 J.
696 772 73 20 Wade.
799 771 26 20 In
842 771 82 19 ballast.
954 769 125 26 Passengers
1107 768 43 20 Mr.
1161 768 87 25 Arthur,

662 801 63 25 Capt.
736 799 58 24 Cole,
806 799 40 19 and
856 798 44 20 Mr.
909 797 41 19 and
959 797 55 19 Mrs.
1027 797 97 19 Skinner.

689 828 30 19 In
737 832 47 14 the
804 824 170 24 "Industry,''
990 830 65 14 from
1073 823 147 20 Wanganui.

661 855 76 25 Agent,
745 855 21 19 J.
778 854 70 20 Wade.
879 853 106 19 Potatoes.
1007 852 152 23 Passengers
1159 850 91 20 Messrs.,

661 882 23 21 J.
695 882 116 23 Robinsou,
822 881 26 20 A.
859 881 97 22 Duncan,
966 880 78 23 Bevan,
1057 879 53 23 Bell,
1121 877 61 20 Reid.

691 909 29 20 In
729 915 46 14 the
809 908 97 20 Ni?lson
1043 912 64 14 from
1117 905 102 20 Nelson.

660 938 88 24 Agents,
762 936 90 20 Wallace
863 935 16 26 8f
892 935 32 20 Co.
931 935 35 19 4
977 940 57 14 cases
1044 933 91 26 apparel,
1149 933 99 24 Cording.

691 965 11 18 1
721 964 48 19 cask
786 962 102 24 sundries,
905 962 72 20 Baird.
1008 961 123 25 Passengers
1160 959 88 21 Messrs.

662 992 78 17 Brown
751 991 41 18 and
801 990 101 19 Jackson.

773 1596 2 3 '
788 1594 98 20 Notice
902 1594 27 19 to
946 1592 178 21 Subscribers.

668 1632 77 26 Papers
759 1632 45 19 will
815 1632 37 19 not
867 1631 23 19 be
903 1630 45 20 sent
964 1631 21 19 to
997 1635 88 20 persons
1098 1629 64 24 living
1176 1630 35 18 out
1228 1627 24 25 of

691 1668 55 19 Port
755 1667 119 23 Nicholson,
891 1665 66 20 unless
972 1665 154 25 arrangements
1140 1670 36 13 are
1190 1664 61 19 made

688 1701 38 24 for
735 1701 35 19 the
774 1701 100 25 payment
882 1700 28 24 of
914 1699 36 20 the
957 1705 62 19 same,
1031 1698 91 25 through
1132 1703 27 14 an
1172 1698 77 25 Agent,

691 1737 24 18 at
727 1735 133 22 Wellington.
