2529 4020
647 144 10 21 r-
660 137 478 38 tf^(3^Kjuy'CT^bi^Jr^A^/cl^jqnfe.tiqn
1158 149 5 5 -
1170 146 79 15 means

647 166 158 40 liitexslXjiljii
811 170 114 35 "untprv'pf
941 163 318 46 ja'eetip^-ttfgVtlieE^lpr^

647 224 2 3 .
657 200 141 29 ill-assorfed
809 204 114 30 marriage'
933 205 22 21 is
964 201 210 37 a.coMic^al^njun
1173 205 4 10 I
1177 195 82 47 p|ii^i'.

647 258 2 4 .
763 233 158 36 conjunctions
930 230 328 43 are^se'd^c^ne^c^^gli

647 271 55 26 --and
704 263 136 38 Sentence's,
862 267 117 33 and;'have
985 291 3 4 .
997 277 15 21 p
1016 261 243 42 otKi'tigvto^4#^|s|

659 303 149 32 the-'joiuihg-
815 304 34 23 -of-
861 302 82 23 hands.
988 302 51 23 The

647 361 2 3 .
657 328 104 32 formedV
764 335 137 31 V/singulaf
905 346 5 10 .•
922 335 166 30 conjunctioni:.
1099 354 5 4 .
1112 332 139 39 Aj^txh^jToJfc

659 369 103 24 fastened'
771 373 23 20 to
799 370 3 14 !
806 377 14 15 a
825 388 4 6 f
831 362 177 41 3ogVtajl^a
1020 367 168 33 Aisagreeable'
1194 367 63 36 c^nr-^

654 403 110 31 junction^
772 401 52 30 to/t)
824 410 7 14 I
827 394 288 43 '?'-^'.^!^'^^^™^^
1179 396 80 42 l^;??^

647 436 128 31 •pair::-Hiay
783 434 40 25 lac*
834 426 345 45 tcgatue'djlo^^aii^ip^nan
1193 431 68 33 c,oh^

654 469 122 30 junction..
792 467 267 32 Cohjuncbions'dcmnect
1066 459 193 40 similkrmqqils?.

647 518 4 3 .
658 501 170 29 and/seu,scsrdf-
845 500 65 23 verbs!
918 500 54 23 '-and
991 507 64 16 cases
1067 500 29 23 of'
1102 502 88 21 'nouns-
1204 501 52 23 arfd'

870 537 10 11 y
873 532 25 28 A
910 537 50 19 coat
972 532 24 23 of
1006 539 59 17 arms
1073 534 134 30 .suspended
1220 542 29 16 on

658 575 13 16 a
677 567 82 26 w'alllis
770 567 86 23 like-an
867 566 109 26 executed,
987 566 79 23 traitor
1073 575 5 20 ;
1084 579 3 3 •
1093 567 19 23 it
1123 567 20 23 is
1153 566 100 31 hanged'

654 597 142 32 'drMon^dfiS
1027 607 45 22 you
1081 600 107 22 continue
1197 600 52 22 thus
1256 608 4 18 ;

694 633 68 24 drink
766 633 93 31 -brandy
868 631 43 24 and
920 636 69 19 water
997 632 45 23 end
1048 635 22 20 to
1078 633 77 22 smoke
1166 631 92 33 cigar's^'

659 674 44 22 you
715 663 54 27 Will'
773 666 27 24 be
811 666 51 23 -like
875 664 84 24 Boreas
972 666 3 4 '
979 665 40 23 the
1025 667 73 21 -north
1102 666 75 28 -wind,
1192 666 57 23 -who
1252 680 7 15 :

659 699 65 24 takes
732 704 4 3 '
744 697 8 14 i
760 699 51 24 cold
820 698 95 24 without
924 699 4 9 '
950 698 123 31 wherever;
1082 699 106 30 he:,gqes,
1205 699 53 31 and;

659 732 84 31 always
760 732 68 24 blows
845 740 13 15 a
871 730 70 28 clo.ud;
955 731 65 24 when
1037 731 19 24 it
1068 735 84 23 .'comes
1170 732 25 23 in
1205 730 52 25 'liis-

748 777 5 2 -
852 772 44 23 you
914 765 65 23 think
999 764 62 24 there
1073 765 28 23 is
1106 782 10 14 r
1120 772 45 23 any
1184 765 67 30 thing

659 799 101 23 between
779 798 46 24 him
841 797 46 24 and
1010 819 4 5 ,
1033 798 69 28 ;Yes,
1112 793 31 27 %c
1154 799 45 21 and
1207 795 43 25 she

649 833 4 13 '■
715 832 101 31 engaged
821 838 4 7 '
913 843 26 4 —
939 829 86 25 rComic
1036 829 109 32 'English
1163 829 95 25 Gramm-

658 873 60 16 ar*
741 892 4 5 r
795 870 5 3 '
856 869 3 5 '
906 883 15 9 
1026 867 50 27 ,T.
1177 872 18 13 •.

648 896 243 33 ,O{WheniEcliihes
902 894 131 33 applauded'
1040 896 128 30 Phillip/as;
1172 903 14 15 a
1197 903 62 19 man?

648 931 141 29 %whb;jcoxild
805 929 69 25 drink
889 929 80 30 freely,
981 929 178 28 Demosthenes-
1164 929 96 31 replied--'

650 979 1 5 ■
660 964 48 23 that
719 964 71 25 it'was
803 972 13 15 a
828 962 59 33 good
899 962 84 31 qualify
994 962 50 22 in'-a
1055 970 95 23 sponge,
1207 966 45 20 iiot

649 993 137 29 ;m;a''km''g.
804 999 40 21 •-.'
890 998 5 4 *
925 1014 6 2 -
931 1000 3 5 l
1020 992 36 30 .-'I
1149 995 106 27 "s'+£>'

746 1049 171 27 DISTRESS
927 1039 41 44 IN
968 1039 104 44 ENGLAND
1072 1051 85 24 .

668 1108 3 3 '
693 1108 34 22 At
738 1103 283 34 a-puolic:mec,tingrheld
1032 1106 186 28 a'Southvrark,-
1226 1105 35 27 to',

661 1140 92 23 address
764 1138 154 34 hcVjMajesty
927 1139 84 24 .on/the
1023 1137 238 34 birthrota-Tiince*^

661 1174 37 22 the
717 1170 68 35 Hig)x
802 1168 82 29 Bailiff
898 1173 24 23 in
935 1172 38 23 the
985 1167 277 35 chairpit;w^Vmqx6'dv

661 1207 43 23 and
717 1206 148 24 carried-'that
875 1205 36 24 the
920 1203 247 33 foilowingtshould.be
1178 1205 83 29 addjed,;

661 1245 22 18 to
697 1240 38 23 the
747 1240 93 23 address
851 1242 71 25 '-~^'-
937 1252 2 4 ■
958 1259 5 5 ,
1045 1242 14 21 '\
1072 1242 18 17 *■'"
1105 1243 15 20 -'
1134 1243 70 27 _>■',-.'.
1221 1238 40 26 ~'-'\

752 1271 46 23 the.
804 1277 60 15 same
873 1272 62 22 time,
952 1277 32 14 we
995 1272 90 20 cannot'
1089 1270 49 21 but-
1145 1270 113 27 acquaint'

661 1305 55 20 your
733 1295 103 30 Majesty!
847 1297 48 20 that
909 1296 121 23 thousands
1047 1297 26 21 of
1087 1297 102 21 virtuous
1207 1297 47 21 and

662 1325 87 21 modest
765 1331 94 18 women,
880 1330 55 20 your
943 1333 10 14 \
960 1323 98 27 Majesty
1060 1323 23 22 V
1084 1338 7 10 r
1092 1323 98 27 subJL.ects
1193 1337 21 18 r;
1214 1331 38 18 ar,e

661 1351 90 28 passing
762 1351 36 21 the
814 1350 45 22 Like
870 1350 87 21 natural
972 1350 134 22 extremities
1118 1351 69 27 'upon
1196 1351 56 21 beds

663 1378 24 21 of
694 1383 71 21 straw,
781 1378 94 21 without
958 1383 13 14 a
979 1376 74 28 pillow
1061 1377 106 22 whereon
1181 1380 22 18 to
1214 1373 47 31 lay/

663 1405 57 21 their
731 1405 80 29 heads;
823 1405 49 21 that
882 1403 123 27 starvation,
1012 1400 134 30 andmisery
1157 1410 36 14 are
1202 1411 50 20 per-

662 1431 81 27 vading
762 1432 37 21 the
814 1429 81 24 whole'
906 1430 78 26 length
1004 1430 43 21 and
1061 1430 104 22 breadth?
1176 1430 26 24 of,
1214 1431 37 21 the

664 1458 37 21 the
711 1457 53 22 land
770 1466 5 13 :
787 1459 46 20 and
841 1464 30 15 we
882 1457 103 21 attribute
993 1456 43 22 this
1044 1456 175 28 state'of-things
1230 1461 22 17 to

664 1485 205 26 class-legislation:
887 1483 44 22 and
946 1484 108 21 therefore
1127 1491 58 19 your
1201 1484 51 22 Ma-

659 1512 58 27 jesty
731 1515 20 17 to
768 1513 95 20 instruct
877 1517 55 19 your
945 1510 121 22 Ministers'
1076 1513 24 18 to
1114 1517 50 20 pass
1178 1518 14 13 a
1199 1510 52 27 law,

663 1539 48 21 that
727 1546 64 19 every
804 1539 58 21 male
877 1539 137 25 twenty-onu
1030 1544 9 20 j
1038 1544 7 9 r
1046 1543 48 15 ears
1106 1537 87 27 of/age,
1209 1544 43 14 un-

664 1565 84 21 tainted
758 1565 53 21 with
817 1565 76 25 crime,
904 1571 52 19 may
965 1564 57 21 have
1033 1571 13 13 a
1053 1568 50 17 vote
1113 1564 70 24 iiCfhe
1188 1564 65 25 flec-

664 1592 45 21 tion
720 1592 25 20 of
760 1590 183 29 representatives
988 1590 37 22 the
1036 1590 128 22 Common's
1174 1590 78 22 House
1256 1590 3 12 1

664 1619 25 21 of
1167 1622 3 4 '
1189 1616 25 21 *'='
1235 1617 24 29 ;i*

696 1647 35 23 At
741 1656 13 14 a
765 1652 78 18 recent
854 1647 107 30 meeting,
967 1650 23 18 at
998 1646 96 29 JBolton,
1113 1645 138 24 the'follow-

663 1681 40 30 ing
714 1680 124 24 resolution
851 1687 45 14 was
908 1679 158 30 unanimously
1081 1679 87 23 carried
1178 1687 18 14 i-
1196 1684 2 11 1
1198 1691 21 4 —

670 1727 6 5 .
716 1711 58 22 That
784 1711 37 22 the
833 1710 87 23 distress
935 1711 24 21 in
970 1711 37 21 the
1018 1714 93 24 country
1120 1711 18 21 is
1148 1710 104 27 unparel-

663 1738 59 22 leled
732 1739 21 21 in
764 1739 96 25 severity
870 1738 43 20 and
929 1738 111 20 duration.
1070 1738 182 21 Manufacturers

664 1772 37 14 are
711 1770 40 16 not
760 1765 112 26 receiving
880 1764 76 27 profits
1015 1764 55 21 their
1081 1764 76 26 outlay
1165 1772 5 18 ;
1188 1765 64 26 shop-

663 1792 92 27 keepers
766 1793 43 21 and
820 1798 51 15 men
887 1791 21 21 in
919 1791 100 21 business
1030 1798 36 14 are
1076 1791 45 21 fast
1132 1790 120 28 hastening

663 1821 22 19 to
706 1819 136 28 bankruptcy
851 1823 5 13 :
882 1818 134 26 mechanics,
1037 1818 98 26 artisans,
1157 1818 43 20 and
1219 1818 33 20 la-

664 1846 89 21 bourers
764 1846 26 20 of
801 1852 67 19 every
878 1844 140 27 description,
1037 1852 36 14 are
1091 1845 52 21 but'
1149 1845 103 27 partially

664 1872 115 27 employed
788 1880 5 14 :
814 1873 79 21 labour
906 1872 19 20 is
939 1875 39 17 not
997 1872 114 26 receiving
1127 1878 14 14 a
1156 1872 47 25 just
1218 1878 34 14 re-

664 1899 149 26 muneration;
831 1898 45 22 and
886 1898 36 21 the
934 1898 69 21 whole
1015 1901 93 23 country
1119 1898 17 20 is
1146 1898 106 26 suffering

665 1925 93 27 through
774 1926 37 21 the
821 1925 83 21 vicious
921 1924 44 21 and
982 1925 75 26 unjust
1069 1924 124 27 legislation
1204 1925 25 20 of
1240 1931 13 14 a

664 1956 89 23 corrupt
775 1953 74 20 House
866 1952 25 20 of
908 1951 126 25 Commons,
1052 1958 30 14 an
1096 1951 156 25 irresponsible

664 1979 77 21 House
753 1979 24 21 of
791 1978 78 26 Lords,
885 1978 46 21 and
946 1985 28 14 an
991 1981 146 23 extravagant
1153 1977 100 22 Govern-

854 2017 2 4 ■
879 2017 5 4 '

698 2034 24 22 A
732 2032 174 32 correspendent
913 2033 25 22 of
948 2032 37 23 the
997 2031 70 23 Globe
1078 2032 51 22 thus
1139 2031 114 23 describes

666 2066 36 23 the
715 2071 57 18 state
786 2068 25 21 of
819 2066 150 30 Nottingham
981 2073 5 15 :—:
989 2078 32 3 —

717 2098 123 21 Hundreds
849 2104 35 14 are
896 2097 98 25 starving
1004 2103 28 14 on
1042 2099 63 18 straw
1115 2096 63 25 beds,
1191 2096 62 21 with-

666 2129 37 16 out
713 2124 58 26 food,
783 2125 47 26 fire,
843 2131 24 13 or
877 2124 104 26 covering
988 2131 5 19 ;
1006 2122 43 22 and
1055 2123 62 21 these
1127 2130 38 13 are
1174 2123 78 27 people

666 2151 48 21 who
725 2151 72 21 would
807 2150 61 22 work
879 2150 19 21 if
906 2150 49 26 they
966 2150 65 21 could
1041 2152 37 24 get
1088 2150 24 20 it.
1137 2149 61 22 Each
1210 2148 43 28 d-iy

666 2178 80 26 parties
758 2178 26 21 of
795 2186 59 17 men,
871 2177 53 21 with
939 2176 122 22 starvation
1077 2176 24 21 in
1117 2176 58 21 their
1192 2176 61 21 looks

665 2205 45 20 and
721 2204 88 22 dressed
819 2206 24 20 in
853 2204 98 21 absolute
965 2211 56 19 rags,
1035 2203 55 22 have
1104 2203 57 21 been
1172 2204 82 26 parad-

665 2232 38 26 ing
713 2232 37 21 the
768 2236 57 17 town
835 2232 23 21 in
871 2230 136 28 processions
1018 2230 26 21 of
1056 2233 50 22 two,
1120 2230 70 26 three,
1208 2230 45 21 and

664 2258 51 21 four
722 2258 109 26 hnndred,
844 2264 62 20 carry
915 2257 95 25 aboard,
1023 2264 27 14 on
1057 2256 71 22 which
1138 2257 17 20 is
1164 2256 90 27 printed

664 2284 23 22 in
702 2285 60 27 large
774 2286 75 20 letters
851 2295 26 3 —
879 2284 137 21 'Distressed
1033 2284 43 21 and
1091 2288 42 18 out.
1139 2284 26 20 of
1177 2284 75 21 work.'

666 2312 70 21 Other
745 2313 88 25 parties,
848 2315 22 17 to
880 2310 36 23 the
927 2311 95 21 number
1032 2311 25 21 of
1071 2310 68 26 thirty
1152 2317 24 14 or
1186 2310 66 27 forty,

666 2338 54 27 drag
731 2343 55 17 carts
795 2338 82 22 loaded
887 2338 52 21 with
951 2337 56 22 sand
1017 2337 96 27 through
1121 2337 37 20 the
1169 2341 83 23 streets,

665 2366 43 20 and
720 2366 42 26 beg
771 2366 56 20 from
847 2365 54 21 door
915 2369 22 17 to
948 2365 59 21 door.
1037 2364 47 22 The
1101 2363 67 22 relief
1179 2364 38 21 list
1231 2368 24 17 at

665 2392 37 21 the
712 2393 69 21 union
792 2392 130 22 workhouse
938 2390 100 23 contains
1049 2392 63 25 3,600
1127 2390 125 28 recipients.

664 2419 49 21 The
734 2419 68 21 house
819 2418 64 22 itself
903 2418 39 22 has
962 2420 40 19 900
1025 2417 95 22 inmates
1140 2418 115 21 crammed

664 2446 76 21 within
752 2447 27 20 its
788 2446 70 22 walls.
913 2445 12 13 *
983 2445 13 12 *
1052 2445 14 12 *
1125 2446 13 13 *
1193 2447 14 13 ♦

666 2472 90 22 Besides
765 2473 63 21 those
838 2472 113 26 receiving
960 2471 75 28 parish
1042 2472 71 24 relief,
1123 2471 104 27 upwards
1233 2472 25 21 of

665 2501 64 25 2,000
738 2507 36 14 are
786 2500 105 25 starving.
919 2499 99 21 Distress
1035 2498 43 21 and
1088 2503 70 22 gaunt
1174 2498 81 27 misery

665 2526 71 21 haunt
751 2527 37 21 the
806 2526 70 22 whole
892 2528 63 19 town.
985 2525 71 22 Trade
1071 2526 20 21 is
1105 2525 69 27 dead;
1192 2528 40 19 not
1242 2533 14 14 a

665 2553 71 26 single
746 2556 82 19 master
838 2552 100 27 employs
950 2552 38 21 full

699 2582 52 23 The
770 2587 58 18 state
841 2580 23 24 of
883 2581 36 23 the
938 2581 62 23 Poor
1019 2585 23 19 at
1059 2580 136 24 Blackburn
1214 2588 38 24 ap-

665 2623 67 23 pears
744 2620 21 19 to
785 2616 27 23 be
826 2620 61 19 most
897 2614 121 24 wretched.
1054 2614 44 23 We
1117 2618 88 19 extract
1217 2614 38 23 the

664 2648 117 31 following
792 2649 59 23 from
866 2647 36 23 the
913 2647 132 23 Blackburn
1060 2647 96 23 Gazette
1164 2656 5 14 :
1171 2660 35 4 —

720 2680 47 22 The
777 2679 107 22 situation
891 2679 25 21 of
927 2679 38 21 the
973 2686 55 20 poor
1038 2679 23 21 in
1071 2679 129 21 Blackburn
1211 2679 45 21 and

665 2707 29 20 its
703 2706 185 27 neighbourhood
895 2706 19 21 is
924 2708 116 25 atpvesent
1049 2706 58 26 truly
1119 2705 135 27 deplorable.

666 2733 65 22 Even
747 2734 64 22 wheu
826 2734 24 21 in
864 2732 40 22 full
921 2732 60 22 work
999 2732 38 22 the
1051 2732 115 22 condition
1178 2733 24 21 of
1219 2733 37 21 the

665 2759 132 23 hand-loom
807 2766 87 16 weaver
902 2760 18 21 is
932 2759 55 22 such
997 2766 23 14 as
1034 2762 22 18 to
1067 2759 77 22 excite'
1152 2759 105 22 commis-

668 2787 83 21 eration
757 2795 5 19 ;
774 2788 45 25 but,
828 2790 23 19 at
859 2787 36 20 the
902 2789 90 25 present
998 2789 106 24 moment,
1114 2786 65 21 when
1186 2794 71 19 wages

667 2820 37 14 are
714 2814 121 27 unusually
838 2813 49 26 low,
897 2813 76 21 lahour
980 2820 74 14 scarce
1063 2820 26 14 or
1094 2813 161 26 unattainable,

668 2840 91 21 and'the
770 2847 79 15 season
860 2840 37 20 the
906 2842 59 19 most
973 2839 128 28 inclement,
1114 2839 57 22 their
1181 2841 76 20 suffer-

666 2865 52 28 ings
734 2874 81 20 appear
825 2870 22 18 to
866 2866 58 22 have
939 2866 97 22 reached
1049 2867 38 21 the
1099 2866 47 21 last
1158 2869 61 25 stage
1235 2867 25 21 of

668 2892 84 22 human
760 2894 135 21 endurance.
918 2893 42 21 We
967 2900 37 14 are
1010 2893 51 26 glad
1071 2896 23 18 to
1101 2893 71 27 learn,
1185 2893 72 22 there-

668 2920 55 25 fore,
739 2919 49 22 that
802 2924 58 23 steps
874 2926 36 15 are
927 2919 68 22 about
1010 2923 21 17 to
1046 2920 28 21 be
1091 2919 67 22 taken
1165 2921 63 21 -with
1245 2928 13 13 a

668 2945 57 22 view
735 2950 22 18 to
767 2947 70 21 afford
848 2945 60 22 them
922 2953 61 15 some
998 2949 127 24 temporary
1135 2946 70 23 relief.
1236 2948 21 20 A

668 2973 98 28 meeting
779 2973 26 22 of
817 2980 41 15 our
872 2975 58 19 most
945 2973 91 21 affluent
1050 2973 207 22 fellow-townsmen

667 2999 19 21 is
697 2999 67 22 about
777 3004 23 17 to
814 3001 28 21 be
858 2999 58 27 held,
929 3002 22 18 to
965 3006 58 20 open
1039 3007 13 14 a
1066 2999 149 28 subscription
1227 3004 31 18 -to

668 3026 103 22 alleviate
782 3027 58 21 their

703 3055 30 23 In
745 3056 38 23 the
795 3055 72 24 whole
880 3055 24 22 of
913 3055 38 23 the
958 3055 189 31 manufacturing
1157 3055 100 24 districts

669 3088 87 23 similar
768 3089 95 23 distress
882 3088 107 31 prevails.
1025 3088 34 24 At
1080 3088 149 24 Manchester
1240 3090 18 22 it

668 3121 42 23 has
722 3121 57 24 been
791 3121 139 24 determined
942 3122 56 28 that,
1016 3122 91 23 instead
1118 3122 26 23 of
1157 3122 99 32 expend-

668 3155 42 30 ing
732 3162 44 24 any
793 3162 84 23 money
896 3155 24 23 in
944 3155 77 30 public
1040 3155 112 32 rejoicing
1172 3164 29 15 on
1219 3156 39 23 the

670 3187 62 23 birth
744 3188 22 23 of
778 3197 13 14 a
804 3188 90 28 Prince,
914 3196 13 15 a
937 3188 58 23 fund
1007 3188 82 23 should
1099 3188 29 23 be
1148 3189 76 23 raised
1235 3194 23 18 to

670 3221 102 30 mitigate
784 3222 39 22 the
842 3222 97 30 severity
951 3222 25 22 of
985 3222 39 22 the
1044 3222 95 23 distress
1158 3222 100 23 endured

669 3253 32 30 by
720 3254 124 24 thousands
865 3254 25 23 of
906 3254 98 24 families
1025 3255 24 23 in
1067 3255 50 23 that
1136 3260 59 19 town
1214 3255 44 24 and

671 3287 195 30 neighbourhood.

704 3320 34 23 At
750 3321 132 31 Stockport,
901 3320 38 23 the
951 3320 94 24 distress
1058 3321 26 24 of
1099 3321 39 24 the
1154 3321 105 31 working

672 3352 92 30 classes,
782 3352 90 24 instead
885 3354 24 22 of
924 3353 155 32 dimiuishing,
1098 3356 20 21 is
1132 3362 28 16 on
1172 3354 39 24 the
1222 3356 36 21 in-

787 3386 35 23 Of
832 3387 74 27 8,000
913 3394 96 23 persons
1019 3387 48 23 who
1078 3396 58 15 were
1145 3387 111 29 assessed,

672 3420 74 27 2,000
769 3419 57 23 have
847 3419 57 23 been
918 3420 140 23 'summoned
1082 3429 25 14 as
1114 3421 142 23 'defaulters.

672 3452 81 24 Scores
764 3453 26 23 of
799 3451 97 25 families
908 3460 38 16 are
957 3452 98 32 literally
1067 3455 111 29 starving.
1209 3449 51 28 The'

672 3489 82 20 streets
774 3493 37 16 are
828 3485 101 24 crowded
948 3486 55 23 with
1021 3493 61 22 men,
1099 3495 96 21 women,
1216 3486 44 24 and

673 3518 108 29 children,
795 3518 96 31 seeking
902 3518 76 24 relief.-

704 3552 34 23 At
751 3552 108 28 Oldham,
873 3552 37 23 the
922 3552 112 30 difficulty
1046 3553 25 23 of
1087 3552 124 32 collecting
1222 3553 37 23 the

671 3590 117 26 poor-rate
811 3592 94 24 appears
928 3590 23 19 to
971 3586 29 23 be
1023 3594 54 22 very
1096 3590 73 26 great.
1211 3588 48 22 300

671 3626 95 24 persons
776 3627 58 15 were
844 3618 120 24 summond
973 3619 35 23 for
1020 3627 88 15 arrears
1118 3623 24 19 at
1151 3619 38 24 the
1197 3623 64 27 petty

673 3652 107 24 sessions.
817 3651 51 24 The
880 3652 127 31 operatives
1018 3653 24 22 in
1054 3653 52 23 that
1117 3657 60 19 town
1189 3660 37 16 are
1237 3653 24 21 in

672 3685 38 24 the
721 3690 58 18 most
791 3684 113 24 wretched
915 3685 123 23 condition.

706 3717 226 31 Nothwithstanding
944 3717 37 24 the
991 3717 121 25 increased
1122 3719 63 30 price
1197 3717 26 24 of
1232 3717 29 23 all

673 3751 37 24 the
724 3752 139 23 necessaries
875 3750 25 23 of
912 3750 48 30 life,
980 3759 13 15 a
1005 3751 117 24 reduction
1136 3751 25 23 of
1179 3752 31 23 10
1221 3758 40 24 per

672 3789 59 19 cent,
746 3792 28 16 on
792 3785 39 23 the
844 3791 74 23 wages
931 3784 25 23 of
974 3784 38 23 the
1024 3784 124 29 workmen,
1160 3783 102 31 engaged

672 3819 24 22 in
708 3817 38 24 the
764 3817 141 24 iron-works
924 3818 24 22 in
960 3817 75 22 South
1045 3817 80 23 Wales
1136 3823 47 16 was
1193 3817 71 31 about;

672 3856 24 18 to
708 3851 28 23 be
746 3851 76 23 made.
1117 3857 3 5 '
1263 3853 1 15 :

706 3883 30 24 In
754 3884 37 23 the
803 3883 131 30 metropolis
947 3882 88 23 similar
1046 3882 97 23 distress
1154 3882 107 31 prevails.

671 3917 35 23 At
717 3924 14 16 a
744 3916 138 31 meetingin
892 3915 39 24 the
943 3915 78 32 parish
1034 3916 25 23 of
1075 3915 158 31 Maryle'oon<\
1247 3916 16 22 it

672 3957 46 16 was
731 3950 73 24 stated
817 3950 50 23 that
877 3957 7 15 :
885 3962 33 4 —

41 156 25 15 or
75 149 30 25 by
114 144 53 24 such
177 143 66 22 order
251 142 24 20 in
285 135 353 39 Councilasheja|^aj'e|iLy:^n^r.-

41 176 28 22 be
80 170 89 25 advised
177 170 58 21 from
246 168 53 21 time
309 170 30 25 toy
342 168 53 21 time
400 165 165 33 JLos§&s\gteJ
569 168 64 24 :.*.J

44 207 3 12 :
69 203 20 19 6.
105 199 34 20 On
149 196 43 21 this
202 193 57 23 liead
266 194 17 21 I
298 191 337 35 am^sp^ed-pn^^opi^'^

42 224 135 28 suggestions
187 222 25 21 of
224 221 38 20 the
273 220 70 21 Land'
353 219 281 28 andl'Emlgratib'n-Gqni-'

41 251 131 23 missioners,
193 247 54 22 with
265 243 374 31 the'exceptioTtjbffthe-latiier-

41 281 49 25 part
99 277 26 21 of
139 274 58 22 their
213 274 146 26 suggestions,
374 271 254 24 wKichVcp'uTd.not.-be

42 302 83 25 carried
135 302 44 21 into
198 300 65 21 effect
277 299 140 28 consistently
419 298 120 30 -'"^%'^the
557 299 73 27 Royal

41 328 145 25 Instructions
196 327 53 21 with
253 326 77 27 ,wliich
332 325 7 11 f
341 330 47 23 you'
391 323 127 25 TiaVe^bee'n
529 325 99 27 recently

41 354 119 25 furnished.
195 353 28 22 In
241 360 49 14 case
306 352 216 27 ybu'shonlj&^des.ife
533 355 21 18 to
559 348 70 30 Tiring

41 385 46 21 into
110 381 37 21 the
170 379 88 22 market
267 379 84 24 .lands
366 377 263 29 .unaGl'^depasturing

42 410 98 23 licenses,
160 414 46 19 you
221 408 61 20 must
293 405 32 22 do'
330 413 24 15 so
365 403 70 25 either
441 403 156 30 ibj^fle'cluurig
605 408 23 18 to

42 441 71 17 renew
123 434 37 21 the
176 433 91 26 license,
287 440 24 14 or
327 433 30 26 by
375 433 88 26 putting
478 430 159 32 'taiem'riuj?*,to"

43 461 94 26 auction,
148 459 54 22 with
213 459 44 22 due
267 459 72 22 notice
351 458 21 30 fb
388 459 40 21 th&
435 458 98 25 Jiol'ders
549 457 80 23 oiV'the

41 490 80 21 license
131 489 23 19 at
164 486 38 22 the
213 486 123 27 expiration
343 487 25 21 of
374 483 130 29 eachvyear;
517 484 111 22 bufclantla

43 523 22 14 so
82 513 54 22 held
149 513 80 21 should
247 512 109 22 continue'
360 511 102 28 ;salfe&bje
530 511 96 27 auction,

43 541 43 23 and
95 541 30 25 by
136 541 88 20 auction
242 539 59 27 only.
337 559 4 2 .
358 546 16 12 w
435 552 8 5 -
466 538 21 27 *'{
567 539 24 26 \
614 553 26 10 ...

69 569 20 21 7.
102 566 48 22 The
162 573 49 15 case
222 565 119 28 suggested
350 565 36 28 by'
394 564 51 28 the,
447 564 181 24 Commissioners

43 596 19 21 is
60 595 4 9 1
71 601 39 14 one
121 593 49 21 that
178 600 60 19 may,
257 593 40 21 but
305 592 94 27 perhaps
407 591 21 22 is
439 595 44 17 not'
487 590 141 29 veryylikely,

44 625 20 18 to
83 617 78 25 occur.'
200 616 83 25 Still'it
300 615 97 35 may£be
416 617 103 28 right:to
537 617 101 28 provide'

43 647 86 27 against
135 647 29 26 it;
181 646 45 21 and
240 646 11 21 I
321 647 25 20 of
348 643 103 26 ..opinion
469 644 57 21 that,
535 644 23 21 in
570 643 69 23 .SucK

43 681 59 15 cases
111 673 38 21 the
158 673 61 21 fixed
228 673 59 26 price
297 673 26 20 of
326 672 42 21 -the
368 680 2 12 ;
379 669 257 27 land^shouldbCtaien,

43 704 21 19 to
73 701 28 21 be
111 698 88 23 9-10ths
245 699 37 21 the
476 698 63 24 other
549 696 79 27 words,

44 728 34 21 the
89 733 49 15 sum
148 725 38 22 bid
201 726 74 21 minus
288 725 37 21 the
458 723 87 28 deposit
565 723 25 22 of
603 725 31 20 10'

43 761 39 20 per
101 750 76 29 cent.';'
188 753 40 21 but
243 751 47 21 that
306 751 42 21 this
360 751 64 28 price
441 749 80 23 should
536 751 51 28 only
601 751 39 21 be-

42 779 81 23 affixed
132 779 57 21 until
198 779 38 21 the
250 781 54 18 next
318 778 95 26 auction,
427 774 71 25 Vhen
516 777 19 22 it
550 777 88 23 should,

42 807 64 27 again
116 806 27 21 be
152 805 98 27 brought
258 805 48 21 into
372 802 87 24 market
468 809 36 22 ,at-
513 804 44 27 the;
565 802 75 25 usual^

42 836 62 25 upset
111 833 68 26 price.
331 852 22 8 .t
374 851 7 8 ,_
402 831 56 29 *'(-"
478 847 14 7 --
508 831 5 12 ''
562 846 11 10 .-

68 862 19 20 8.
103 863 24 17 it
140 859 20 21 is
175 865 151 20 unnecessary
336 866 6 19 ;
353 859 33 21 for
402 859 43 21 me'
459 861 24 19 at
494 861 99 24 'present,
607 861 23 19 to

43 890 60 18 enter
112 893 59 20 upon
182 885 38 22 the
228 885 122 22 discussion
359 885 25 21 of
390 885 38 22 the
434 884 114 27 last'poiut
558 885 73 22 raised

42 914 28 26 by
85 913 38 21 the
139 913 190 26 Commissioners,
350 912 67 27 since,
438 911 30 22 in-
484 912 37 21 the
534 912 105 22 interval-*

41 941 97 21 between
149 939 37 21 the
197 943 90 23 present
296 939 76 28 period
384 938 46 22 'and
446 937 39 23 the
502 938 58 22 time'
565 936 76 28 when?

42 967 11 21 I
63 974 52 19 may
129 964 35 24 be'
173 965 98 23 enabled
289 969 23 17 to
326 965 65 27 bring
398 965 42 21 •the
457 965 87 26 subject
559 964 83 30 under^

41 993 36 21 the
89 993 162 21 consideration
263 992 25 21 of
307 992 141 25 Parliament,
466 991 18 21 it
501 992 17 20 is
535 994 40 18 not
591 998 44 21 my;

42 1020 107 21 intention
166 1023 23 17 to
207 1020 49 25 give
270 1026 45 19 you
332 1026 42 19 any
389 1020 137 18 instructions
542 1017 99 26 to.raise,'

42 1047 36 21 the
87 1046 61 27 price
158 1045 26 22 of
195 1045 54 21 land
258 1049 24 17 at
292 1049 87 22 present
395 1045 136 22 established
550 1045 33 21 for
593 1044 37 22 the

42 1073 97 26 Colony-
144 1072 26 21 of
190 1072 55 21 Isew
262 1071 69 22 South
348 1071 89 22 Wales.'
468 1072 33 21 At
515 1071 36 21 the
569 1078 71 14 same

43 1101 51 20 time
102 1106 46 19 you
158 1099 51 26 will,
219 1098 59 22 from
289 1097 59 22 what
357 1097 11 22 I
457 1098 77 22 before
550 1097 78 27 stated,

43 1125 98 23 consider
159 1125 101 26 yourself
274 1125 123 26 authorised,
420 1125 22 21 in
463 1125 105 26 bringing
586 1132 44 20 any

41 1160 49 19 jievv
101 1152 95 22 districts
207 1153 44 20 into
262 1151 37 22 the
309 1152 93 27 market,
419 1155 21 17 to
455 1152 58 21 raise
523 1151 38 21 the
569 1151 62 28 price

43 1183 22 18 to
75 1179 55 21 such
140 1186 29 14 an
184 1181 94 19 amount
292 1186 24 14 as
331 1186 43 19 you
391 1186 52 19 may
459 1178 67 22 think
539 1178 19 21 it
576 1185 55 20 may

43 1206 63 27 fairly
118 1206 64 27 bear;
196 1205 44 22 and
251 1205 98 28 judging
362 1206 57 21 from
436 1205 60 21 what
510 1205 40 21 has
563 1204 67 22 taken

43 1233 61 48 ?lace
114 1233 22 20 in
151 1233 72 21 Sonth
238 1232 119 27 Australia,
374 1233 54 21 Port
445 1232 88 27 Phillip,
551 1231 43 21 and
609 1232 21 21 in

57 1259 42 22 Jew
109 1259 108 26 Zealand,
231 1259 11 21 I
261 1259 57 21 have
333 1259 55 21 little
406 1259 69 21 doubt
492 1259 47 21 that
555 1259 23 20 in
594 1257 37 23 the

43 1289 38 24 yet
90 1285 79 22 unsold
177 1285 97 23 districts
283 1285 26 21 of
327 1286 36 21 the
379 1286 93 26 Colony,
492 1285 37 21 the
543 1285 90 26 imposi-

43 1313 47 21 tion
101 1313 26 20 of
137 1320 13 13 a
160 1312 153 27 considerably
325 1312 79 27 higher
414 1313 66 26 price,
494 1316 22 17 at
530 1312 57 21 least
602 1319 30 20 up

43 1343 23 17 to
75 1341 45 19 20s.
132 1346 27 14 an
169 1346 58 19 acre,
240 1338 73 22 would
327 1342 39 18 not
383 1339 70 21 check
471 1339 38 21 the
525 1338 106 26 purchase

43 1367 25 20 of
86 1365 63 26 land;
170 1366 52 26 and,
242 1366 21 20 if
278 1369 45 22 not,
342 1365 72 22 would
433 1365 56 21 tend
508 1365 24 21 of
553 1372 78 14 course

45 1392 122 27 materially
176 1397 23 17 to
209 1393 98 21 increase
325 1392 35 22 the
376 1395 94 19 amount
487 1392 95 22 realized
598 1391 35 23 for

44 1419 37 21 the
94 1419 62 21 Land
167 1419 81 26 Funds,
261 1426 28 14 on
299 1418 38 22 the
348 1419 113 21 extention
475 1419 45 21 and
536 1419 97 27 applica-

46 1446 46 21 tion
102 1446 26 20 of
132 1445 85 26 -which,
238 1449 23 17 at
270 1445 43 21 this
325 1446 108 27 junsture,
445 1453 24 13 so
481 1445 67 21 much
558 1445 26 21 of
595 1445 37 22 the

45 1473 122 26 prosperity
176 1473 27 21 of
212 1473 57 21 New
284 1473 69 21 South
370 1472 74 22 Wales
459 1479 54 20 may
526 1473 107 26 probably

46 1499 91 28 depend.

238 1525 12 22 I
261 1533 42 20 am,
314 1526 46 26 &c,

318 1553 99 23 (Signed)
493 1553 112 21 Stanley.

52 1611 130 25 CATTLE
211 1612 173 25 TRESPASS
414 1612 217 25 ORDINANCE.

47 1672 38 24 An
99 1671 129 25 Ordinance
247 1676 24 19 to
287 1673 96 30 provide
394 1674 47 30 for
455 1674 39 23 the
513 1673 119 31 Summary

80 1705 118 31 Recovery
223 1706 29 30 of
272 1705 169 32 Compensation
461 1708 49 30 fir
530 1706 105 31 Damage

81 1739 56 22 done
148 1738 26 31 by
189 1739 75 23 Cattle
276 1739 155 32 Trespassing.

82 1778 111 24 Whereas
212 1780 87 22 serious
312 1780 74 31 injury
395 1780 22 22 -is
431 1780 82 23 caused
525 1780 30 30 by
567 1781 66 21 cattle

49 1812 129 30 wandering
191 1820 52 15 over
256 1820 24 15 or
290 1812 112 32 breaking
413 1814 48 21 into
475 1813 121 23 cultivated
609 1821 25 15 or

48 1844 100 24 inclosed
160 1845 108 30 grounds,
281 1845 44 24 and
344 1847 16 21 it
378 1847 20 22 is
410 1847 122 30 expedient
545 1851 22 18 to
580 1854 53 23 pro-

49 1878 50 23 vide
111 1885 28 16 an
152 1886 53 23 easy
217 1879 44 22 and
274 1879 81 31 speedy
363 1879 91 30 remedy
466 1880 37 23 for
514 1880 37 23 the
564 1887 69 20 same,

50 1911 34 23 Be
96 1911 18 23 it
125 1912 92 23 enacted
237 1912 31 31 by
280 1913 37 21 the
337 1913 118 23 Governor
470 1914 24 22 of
507 1913 56 23 New
576 1913 58 23 Zea-

47 1943 62 29 land,
133 1945 54 22 with
210 1946 38 21 the
273 1945 75 24 advice
371 1946 45 22 and
436 1950 94 19 cousent
551 1946 25 23 of
597 1945 37 24 the

49 1976 139 31 Legislative
202 1979 95 22 Council
309 1978 92 28 thereof,
416 1986 24 15 as
452 1979 87 23 follows
550 1987 4 15 :—:
557 1991 34 3 —

83 2018 23 21 1.
125 2016 129 24 Whenever
266 2025 43 22 any
318 2018 66 22 cattle
391 2018 59 22 shall
461 2023 99 25 trespass
572 2026 62 23 upon

48 2048 37 24 the
108 2049 52 23 land
184 2050 25 23 of
229 2058 45 22 any
292 2058 89 22 person,
402 2051 45 22 and
467 2051 60 23 shall
544 2052 28 22 do
590 2059 45 23 any

49 2082 93 30 damage
164 2082 101 30 thereon,
282 2084 18 22 it
321 2084 58 22 shall
397 2084 27 22 be
445 2084 78 23 lawful
540 2084 35 23 for
596 2084 38 23 the

49 2115 78 23 Police
148 2115 136 31 Magistrate
301 2117 25 22 of
343 2117 36 23 the
391 2117 99 29 district,
504 2126 25 14 or
540 2118 34 22 for
591 2126 44 22 any

49 2152 43 19 two
108 2148 99 24 Justices
221 2150 24 22 of
259 2150 37 22 the
309 2150 72 23 Peace
395 2150 87 31 having
490 2151 145 31 jurisdiction

49 2181 71 30 there,
132 2190 61 22 upon
205 2183 39 23 the
257 2183 134 31 application
404 2184 26 22 of
440 2184 38 23 the
490 2192 83 23 person
585 2185 49 22 suf-

49 2214 75 32 fering
140 2216 57 23 such
217 2216 102 30 damage,
334 2222 21 17 to
372 2217 56 23 hear
445 2218 46 22 and
511 2217 124 23 determine

49 2247 39 23 the
106 2256 51 15 case
178 2250 25 22 in
224 2258 12 14 a
254 2257 114 23 summary
384 2258 56 22 way,
454 2251 46 22 and
518 2258 30 15 on
567 2251 68 30 being

51 2282 100 23 satisfied
162 2282 30 30 by
210 2283 38 22 the
261 2283 52 22 oath
329 2283 24 23 of
367 2291 13 15 a
391 2284 100 22 credible
507 2284 91 22 witness
610 2291 25 15 as

50 2318 22 19 to
86 2314 38 24 the
141 2320 94 18 amount
247 2316 24 23 of
288 2316 56 23 sucli
362 2317 101 30 damage,
484 2321 22 18 to
527 2317 73 22 award
612 2322 23 18 to

50 2346 39 24 the
104 2353 66 25 party
187 2350 128 30 sustaining
332 2350 37 23 the
390 2358 62 15 same
473 2358 44 22 any
529 2358 51 15 sum
596 2355 41 18 not

50 2381 122 31 exceeding
189 2383 61 28 £20,
264 2383 30 30 by
311 2391 48 22 way
371 2383 25 23 of
411 2385 172 29 compensation
600 2383 35 24 for

52 2413 37 23 the
101 2422 69 16 same.
177 2437 4 4 .

84 2456 23 22 2.
127 2454 26 24 If
162 2463 44 23 any
218 2456 67 23 cattle
298 2456 57 23 shall
373 2457 28 23 be
419 2457 70 23 found
507 2457 130 31 wandering

52 2491 23 19 at
85 2487 63 32 large
166 2489 25 23 in
207 2497 43 23 any
263 2494 69 18 street
344 2498 23 15 or
385 2491 78 29 public
480 2491 64 30 place
558 2490 79 23 within

50 2520 39 23 the
99 2521 71 24 limits
183 2522 26 23 of
222 2531 44 21 any
282 2527 58 20 town
356 2531 25 16 or
400 2524 92 31 village,
506 2524 37 23 the
562 2532 74 15 owner

52 2553 89 25 thereof
151 2555 59 23 shall
220 2556 77 23 forfeit
309 2557 43 23 and
362 2565 45 22 pay
418 2557 34 22 for
466 2565 68 22 every
545 2557 57 23 head
614 2558 26 22 of

52 2587 67 24 cattle
137 2596 25 15 so
181 2589 132 31 wandering
332 2598 43 23 any
392 2597 51 16 sum
456 2595 41 18 not
513 2590 125 31 exceeding

52 2620 43 23 five
107 2621 112 32 shillings,
233 2627 22 19 to
275 2623 26 23 be
312 2623 119 24 recovered
449 2625 24 22 in
492 2632 14 15 a
522 2632 116 23 summary

52 2660 56 24 way.

85 2696 25 22 3.
129 2695 45 24 For
186 2696 38 23 the
236 2704 98 23 purpose
346 2698 24 23 of
386 2698 46 23 this
447 2698 138 28 Ordinance,
598 2698 39 23 the

52 2728 62 23 word
156 2729 75 23 Cattle
276 2730 59 24 shall
356 2731 28 23 be
408 2731 68 23 taken
502 2737 21 17 to
548 2731 90 23 include

52 2760 85 24 horned
149 2769 25 15 or
193 2766 52 19 neat
264 2763 75 29 cattle,
356 2764 87 28 horses,
468 2764 77 31 sheep,
564 2769 73 25 goats,

52 2794 45 22 and
109 2795 79 23 swine.

85 2835 25 23 4.
130 2834 58 24 This
202 2835 129 24 Ordinance
343 2836 58 23 shall
413 2844 64 16 come
492 2837 46 23 into
557 2844 80 23 opera-

51 2868 49 23 tion
112 2875 29 16 on
152 2867 39 24 the
203 2868 60 24 25th
275 2868 43 31 day
330 2869 25 23 of
363 2869 78 31 April,-
454 2872 73 21 1842.

87 2911 87 23 Passed
191 2912 38 22 the
248 2912 139 31 Legislative
407 2912 96 24 Council
523 2913 45 23 this
582 2914 59 23 14th

120 2945 44 30 day
176 2945 26 23 of
210 2945 91 29 March,
318 2946 25 22 in
358 2945 38 23 the
407 2954 55 22 year
479 2946 25 23 of
518 2954 40 15 our
575 2946 65 23 Lord

121 2985 42 16 one
181 2978 113 23 thousand
313 2978 62 31 eight
391 2978 106 24 hundred
510 2980 45 22 and
565 2979 75 32 forty-

100 3020 2 4 '
121 3015 61 20 two..

80 3066 63 22 Port
159 3067 107 22 Phillip.
268 3077 27 5 —
295 3067 48 21 The
353 3067 114 26 following
477 3067 85 22 modest
571 3067 38 22 list
618 3067 27 22 of

53 3096 73 24 wants,
137 3096 23 19 to
167 3096 83 19 attract
259 3093 37 22 the
307 3094 70 21 notice
388 3094 26 21 of
421 3093 38 22 the
470 3094 120 27 Governor,
602 3102 38 20 ap-

54 3127 64 20 pears
127 3121 23 21 in
165 3121 38 22 the
216 3122 53 19 Port
278 3121 80 26 Phillip
367 3121 84 21 Herald
461 3122 27 20 of
496 3122 96 21 October
602 3122 39 21 the

54 3147 53 22 26th
116 3147 44 22 and
168 3148 96 22 29th:—

69 3183 40 21 Ist.
130 3182 41 22 We
178 3187 62 18 want
250 3190 14 14 a
273 3183 74 22 Police
358 3183 77 22 Force.

68 3209 52 22 2nd.
132 3209 38 21 We
182 3213 60 19 want
252 3218 14 14 a
275 3209 88 28 Bridge.

68 3235 48 22 3rd.
129 3236 41 22 We
182 3240 60 18 want
250 3244 15 14 a
272 3237 64 21 Road
343 3240 22 18 to
376 3237 37 21 the
423 3236 92 27 Bridge.

68 3262 47 22 4th.
129 3263 40 21 We
181 3268 60 17 want
250 3272 14 13 a
274 3264 140 22 Breakwater
424 3263 72 22 above
505 3263 38 21 the
550 3262 76 22 Basin.

69 3289 46 22 sth.
130 3289 40 21 We
181 3294 61 18 want
251 3291 83 21 Streets
344 3291 15 26 (!
370 3291 16 21 !!
395 3291 26 26 !).

69 3315 46 23 6th.
129 3315 42 22 We
181 3321 61 19 want
251 3325 14 14 a
273 3318 68 22 Town
351 3319 118 25 Surveyor.

69 3342 45 22 7th.
129 3343 40 24 We
176 3347 62 19 -want
247 3352 14 14 a
271 3345 82 21 Health
365 3343 89 23 Officer.

71 3369 44 22 Bth.
130 3369 40 22 We
180 3375 61 18 want
250 3379 13 14 a
275 3371 66 22 Court
351 3371 85 22 House.

70 3396 45 21 9th.
130 3396 40 22 We
183 3402 58 18 want
250 3398 94 22 aPolice
356 3397 78 23 Office.

57 3422 57 22 10th.
129 3423 41 21 We
182 3429 58 17 want
249 3432 29 14 an
285 3425 110 28 Hospital.

57 3449 58 22 11th.
129 3449 41 22 We
181 3455 61 18 want
249 3459 14 14 a
270 3452 66 22 Road
341 3452 66 22 made
414 3451 119 27 navigable
543 3451 41 26 (we
591 3458 53 20 sup-

135 3483 53 20 pose
198 3478 30 27 by
238 3486 60 14 some
311 3484 70 17 steam
396 3479 111 27 drudging
516 3477 126 27 machines)

137 3510 23 14 as
169 3504 107 27 formerly
283 3505 94 28 buoyed.

58 3527 61 24 12th.'
129 3529 41 22 We
182 3535 60 17 want
251 3535 37 18 the
299 3531 145 23 Jurisdiction
454 3533 28 21 of
494 3531 36 23 the
543 3532 67 21 Court
621 3531 27 22 of

136 3556 111 29 Requests
257 3559 112 21 extended
377 3563 23 18 to
411 3559 55 23 £30.

57 3582 57 22 13th.
129 3582 42 22 We
182 3588 58 18 want
250 3584 37 22 the
298 3585 90 26 Sittings
400 3586 25 21 of
431 3585 39 23 the
489 3586 68 22 Court
566 3585 25 22 of
598 3585 46 22 Re-

137 3614 75 24 quests
220 3613 22 19 to
251 3611 27 21 be
287 3612 98 27 monthly
391 3613 91 22 instead
492 3613 25 21 of
523 3613 120 26 quarterly.

59 3636 57 22 14th.
128 3634 44 26 We
184 3641 58 18 want
252 3645 61 15 some
323 3639 82 22 Sewers
415 3640 15 24 (!
439 3640 6 21 !
454 3640 5 21 !
466 3640 26 25 !).

59 3662 56 22 15th.
130 3663 42 22 We
183 3668 60 18 want
252 3672 14 14 a
276 3665 100 22 Sheriff's
386 3666 79 22 Office.

59 3689 57 22 16th.
130 3690 42 22 We
182 3695 61 18 want
252 3698 14 14 a
276 3691 121 28 Surveyors
407 3693 80 21 Office.

58 3715 58 23 17th.
130 3716 41 22 We
183 3721 59 19 want
251 3717 100 28 Military
360 3719 118 22 Barracks.
508 3719 69 28 (Oh!)

59 3742 57 22 18th.
130 3743 41 22 We
183 3748 60 18 want
252 3752 14 14 a
275 3745 61 21 Code
345 3745 25 21 of
377 3746 97 27 Signals.
589 3756 2 4 •
616 3749 3 3 '

43 3784 4 5 .
59 3769 57 22 19th.
130 3770 41 21 We
182 3775 61 18 want
251 3778 62 14 more
319 3771 117 23 Extended
443 3773 89 21 Powers
538 3773 78 22 vested
621 3773 24 22 in

137 3796 38 23 the
186 3798 188 28 Superintendent
383 3799 26 21 of
416 3799 38 21 the
466 3800 114 22 Province.

57 3822 58 22 20th.
130 3823 41 23 We
182 3828 58 18 want
250 3825 33 21 his
294 3825 136 28 Excellency
439 3829 22 18 to
470 3834 43 19 pay
523 3834 25 14 us
558 3834 28 14 an
593 3827 55 21 An-

136 3851 53 21 nual
196 3851 67 22 Visit.

57 3876 54 21 21st.
130 3877 41 22 We
178 3878 29 22 do
217 3881 41 19 not
266 3881 58 19 want
332 3878 108 27 modesty,
449 3879 88 22 neither
546 3879 57 22 shall
611 3888 33 14 we

126 3920 3 6 ,
137 3910 54 16 ever
202 3905 30 21 be
241 3905 93 22 without
346 3905 37 22 the
398 3905 62 28 good
473 3906 77 27 things
562 3907 26 21 of
599 3907 45 21 this

41 3944 4 8 •
118 3945 3 7 .
136 3929 52 30 life,,
193 3931 30 28 by
233 3932 67 27 being
308 3932 87 22 bashful
408 3932 23 21 in
440 3932 82 27 asking
530 3933 33 21 for
573 3933 69 23 them.

58 3955 62 23 22nd.
130 3956 42 24 We
181 3962 59 18 want
250 3959 92 24 Money,

1919 231 22 22 It
1949 232 18 21 is
1981 232 100 22 needless
2093 236 21 18 to
2129 240 28 19 go
2168 233 59 21 back
2237 233 87 26 beyond
2333 233 38 22 the
2385 237 88 24 present

1891 258 64 22 times
1966 259 34 21 for
2009 266 61 14 cases
2081 262 21 18 to
2117 259 108 22 illustrate
2241 266 38 19 my
2294 259 65 21 views
2368 267 5 20 ;
2395 261 13 20 I
2425 261 49 26 will,

1890 285 116 24 therefore,
2023 285 51 21 take
2093 285 36 22 the
2147 289 91 24 present
2256 288 55 18 state
2328 285 24 21 of
2367 294 41 13 our
2421 294 53 17 ,own

1892 312 132 21 settlement.
2057 312 46 22 Our
2121 313 130 27 population
2269 319 52 20 may
2338 312 28 21 be
2387 313 48 21 said
2453 316 21 18 to

1891 338 81 21 consist
1986 338 25 21 of
2019 340 55 19 4000
2085 341 64 23 souls,
2161 339 49 21 that
2219 340 24 23 is,
2254 345 59 19 men,
2328 345 91 20 women,
2431 339 43 21 and

1891 363 99 23 children
1992 375 26 4 —
2020 366 24 20 of
2057 365 61 21 these
2135 366 9 20 I
2162 365 44 21 will
2218 372 91 20 suppose
2326 372 39 14 one
2381 365 54 26 half,
2452 373 23 13 or

1891 392 60 25 2000,
1977 395 22 17 to
2026 392 28 20 he
2081 392 71 21 under
2178 393 27 20 20
2233 398 62 19 years
2326 391 25 21 of
2382 398 48 20 age,
2465 392 10 21 I

1891 417 44 21 will
1954 418 51 21 take
2023 418 38 21 the
2081 419 123 25 remaining
2223 417 49 22 half
2288 421 22 17 to
2331 417 30 22 be
2387 418 87 27 equally

1892 443 89 22 divided
1999 445 99 21 between
2119 452 52 14 men
2190 445 47 21 and
2255 450 97 20 women;
2369 444 44 22 this
2424 445 51 21 -will

1891 469 50 27 give
1959 472 53 20 1000
2028 471 50 22 able
2093 471 82 21 bodied
2190 471 120 22 labourers.
2341 471 10 21 I
2362 471 44 21 will
2423 475 54 17 neXt

1891 496 50 22 take
1952 497 36 21 the
1999 504 94 21 average
2101 501 47 18 rate
2159 498 24 21 of
2190 504 73 19 wages
2273 501 22 17 at
2303 499 44 19 30s.
2357 504 40 20 per
2408 498 66 25 week,

1891 525 23 18 to
1926 523 60 21 these
1999 523 10 21 I
2020 524 43 20 will
2075 524 42 21 add
2128 527 39 19 200
2178 524 99 22 children
2287 528 23 16 at
2321 525 41 19 10s.
2370 531 39 20 per
2416 524 61 22 week

1891 556 84 20 wages;
1992 550 38 21 the
2039 557 86 15 women
2139 551 46 21 and
2200 550 124 26 remaining
2341 550 100 22 children
2456 555 19 17 to

1891 575 28 21 be
1938 576 126 27 dependent
2079 584 55 20 upon
2151 577 37 21 the
2199 584 71 19 wages
2286 577 54 21 fund
2362 577 36 21 for
2421 577 56 21 their

1892 607 96 22 support.
2019 603 63 25 Now,
2092 605 51 19 1000
2152 603 119 26 labourer!',
2280 607 21 17 at
2310 605 43 20 30s.
2361 611 40 20 per
2409 603 65 26 week,

1891 629 19 20 is
1926 630 80 25 £1500,
2018 629 43 21 and
2078 632 39 19 200
2134 630 60 27 boys,
2207 635 23 17 at
2248 631 48 24 10s.,
2306 629 19 21 is
2339 629 89 23 £100—
2429 630 47 21 that

1891 656 26 25 is,
1938 657 73 22 £1600
2035 655 46 23 will
2098 657 27 21 be
2143 655 104 28 required
2265 660 22 17 to
2305 660 114 23 represent
2439 657 35 21 the

1892 683 85 26 weekly
1985 686 108 23 payment
2101 683 25 21 of
2133 690 83 19 wages;
2233 687 37 16 out
2282 683 24 19 of
2315 683 41 21 this
2366 683 61 21 there
2439 690 35 14 are

1891 708 38 22 the
1940 709 97 21 retailers
2049 709 42 21 and
2101 709 117 21 wholesale
2230 708 91 27 dealers,
2338 708 49 22 who
2404 718 35 13 are
2455 715 20 16 to

1893 735 28 21 be
1931 735 136 22 maintained
2075 737 26 26 by
2112 737 113 26 receiving
2233 735 53 21 such
2301 742 12 14 a
2322 737 126 26 proportion
2456 736 25 22 of

1891 762 38 21 the
1940 763 69 21 whole
2019 763 105 26 proceeds
2141 763 26 21 of
2182 762 36 22 the
2227 762 131 22 necessaries
2369 763 26 20 of
2406 763 38 21 life
2454 770 22 14 as

1891 788 38 21 the
1938 789 119 27 producers
2068 789 44 21 and
2120 795 125 16 consumers
2254 795 35 14 tire
2298 791 90 19 content
2396 792 21 18 to
2427 789 48 26 give

1892 815 60 21 them
1969 816 35 20 for
2020 815 140 28 distributing
2176 815 45 22 and
2239 815 118 26 managing
2372 815 58 21 their
2444 822 33 14 re-

1893 842 96 26 spective
2006 842 95 27 produce
2117 847 101 22 amongst
2233 842 36 20 the
2284 848 135 21 consumers,
2432 842 42 21 and

1893 868 118 27 collecting
2027 869 36 21 the
2078 873 117 23 payments
2212 869 34 21 for
2256 868 67 26 them,
2333 869 46 21 and
2394 869 22 21 in
2425 876 52 20 pay-

1893 894 39 27 ing
1941 895 37 21 the
1985 902 60 14 same
2057 903 51 13 over
2117 901 23 15 to
2148 896 67 20 them.
2246 894 62 26 Now,
2317 895 35 20 the
2360 899 116 23 payments

1893 924 22 17 to
1935 921 110 22 labourers
2065 922 50 21 here
2132 922 51 21 take
2202 923 69 26 place,
2288 928 23 14 as
2325 922 22 20 in
2364 922 111 26 England,

1893 954 48 14 once
1957 956 12 13 a
1983 949 61 21 week
2053 956 5 19 ;
2077 949 35 21 the
2129 952 117 24 payments
2261 948 100 21 between
2380 949 98 21 retailers

1894 975 44 21 and
1947 975 116 21 wholesale
2075 976 85 20 dealers
2171 983 54 14 once
2235 975 23 21 in
2265 976 57 19 three
2329 975 97 27 months,
2435 975 52 21 and*

1892 1002 100 21 between
2011 1002 125 21 merchants
2153 1002 44 21 and
2214 1001 115 23 wholesale
2348 1001 87 22 dealers
2449 1002 33 26 by'
2491 1014 6 5 •«

1893 1029 63 25 ready
1974 1035 79 20 money
2069 1033 114 23 payments
2204 1036 26 14 or
2249 1028 49 21 bills
2314 1028 24 21 of
2355 1028 120 27 exchange,

1893 1056 89 20 thelirst
1991 1061 107 21 payment
2105 1063 60 13 some
2173 1056 65 20 times
2246 1056 70 20 minus
2322 1054 37 21 the
2366 1055 120 26 discount,,

1894 1082 25 21 of
1926 1083 36 20 the
1973 1082 96 21 shortest
2078 1083 51 20 time
2141 1082 25 21 of
2174 1082 77 24 credit,
2261 1089 39 17 say
2311 1082 57 20 three
2383 1082 92 21 months.

1919 1109 64 26 Now,
1999 1109 10 21 I
2026 1108 56 22 have
2096 1109 45 21 said
2159 1109 49 21 that
2222 1110 19 20 it
2256 1109 96 26 requires
2367 1109 75 23 £1600
2457 1113 20 16 to

1893 1139 113 23 represent
2021 1136 37 20 the
2076 1136 84 26 weekly
2174 1143 73 19 wages
2267 1139 21 17 to
2305 1135 38 21 the
2361 1134 117 27 labouring

1894 1162 90 27 classes;
2001 1162 44 26 but,
2058 1169 24 14 as
2098 1163 35 21 the
2150 1162 66 22 retail
2232 1162 124 21 tradesman
2372 1162 52 21 does
2439 1167 39 15 not

1894 1190 63 20 make
1968 1189 34 21 his
2010 1193 116 23 payments
2134 1189 42 21 but
2185 1195 56 15 once
2253 1188 23 21 in
2286 1190 57 19 three
2354 1188 95 26 months,
2461 1189 16 20 it

1893 1216 71 21 would
1983 1217 87 25 require
2086 1216 46 21 that
2147 1216 62 21 there
2227 1214 77 23 should
2322 1216 24 21 be
2367 1214 110 22 sufficient

1894 1242 131 27 circulating
2042 1243 66 20 credit
2128 1250 24 13 or
2169 1248 101 19 currency
2285 1242 65 21 afloat
2370 1245 23 18 to
2413 1241 64 21 make

1895 1270 25 20 12
1940 1269 84 27 weekly
2041 1273 123 28 payments.
2204 1269 45 21 But
2270 1269 58 26 here,
2354 1275 24 14 as
2401 1268 24 21 in
2450 1268 28 21 all

1894 1296 91 21 modern
2005 1296 107 26 societies,
2132 1303 33 14 we
2185 1296 57 21 have
2260 1295 59 21 what
2336 1294 19 21 is
2376 1294 72 22 called
2465 1301 13 14 a

1896 1322 68 27 Bank,
1976 1325 23 18 to
2018 1322 71 22 which
2108 1322 37 27 all,
2165 1329 24 14 or
2208 1322 75 27 nearly
2300 1321 35 26 all,
2354 1321 123 22 tradesmen

1894 1349 51 21 take
1961 1349 58 21 their
2035 1357 80 19 money
2126 1350 33 20 for
2176 1349 37 21 the
2232 1348 52 21 sake
2301 1348 25 21 of
2338 1348 101 26 security,
2456 1355 22 14 as

1895 1376 48 21 well
1962 1383 23 14 as
2003 1379 22 18 to
2044 1376 104 21 establish
2167 1383 29 14 an
2216 1377 93 20 account
2324 1374 78 22 credit.
2430 1374 46 21 The

1895 1403 107 26 necessity
2013 1402 34 21 for
2056 1410 23 14 so
2089 1403 60 27 large
2166 1409 14 14 a
2195 1409 48 15 sum
2253 1409 22 14 as
2285 1400 71 23 would
2367 1404 112 24 represent

1897 1430 24 20 12
1932 1430 71 20 weeks
2014 1437 72 19 wages
2095 1430 17 20 is
2122 1429 112 25 obviated,
2249 1428 41 21 and
2308 1435 30 14 we
2354 1435 52 19 may
2415 1427 64 27 fairly

1895 1455 107 22 calculate
2018 1456 50 21 that
2077 1456 49 21 half
2135 1456 50 21 that
2202 1456 52 21 time
2263 1454 72 22 would
2348 1454 29 22 be
2388 1455 37 20 the
2441 1462 37 13 ex-

1895 1485 47 18 tent
1950 1483 111 27 requisite,
2080 1483 166 27 consequently,
2257 1489 31 14 we
2298 1481 80 22 should
2389 1482 86 26 require

1895 1509 66 22 about
1976 1510 75 21 jC9OOO
2061 1517 23 14 as
2099 1517 13 14 a
2122 1510 131 24 circulating
2268 1515 114 19 currency,
2399 1511 21 18 at
2431 1508 44 21 and

1895 1536 67 21 about
1972 1536 29 22 £]
2016 1538 54 20 each
2087 1537 25 21 of
2123 1536 53 26 gold
2190 1543 25 14 or
2230 1542 73 20 paper,
2315 1534 44 22 and
2369 1534 67 22 silver
2444 1534 34 21 for

1896 1569 12 14 a
1919 1562 40 22 less
1966 1563 163 21 denomination
2136 1563 53 21 than
2197 1562 40 25 £l,
2246 1565 21 17 to
2276 1562 62 21 effect
2345 1565 23 17 at
2378 1561 28 21 all
2414 1562 63 20 times

1896 1589 37 22 the
1951 1590 46 21 free
2015 1590 140 21 distribution
2174 1588 46 22 and
2237 1588 111 26 exchange
2360 1588 27 21 of
2401 1588 28 21 all
2444 1588 35 21 the

1896 1616 134 21 necessaries
2050 1618 25 19 of
2090 1617 37 21 life
2145 1618 103 25 amongst
2261 1615 37 20 the
2314 1614 98 27 settlers;
2430 1614 46 26 this,

1895 1650 45 18 you
1952 1643 42 21 will
2004 1644 74 26 please
2086 1647 21 17 to
2118 1644 52 20 bear
2179 1643 22 20 in
2211 1642 68 26 mind,
2289 1641 44 21 will
2343 1642 26 21 be
2378 1641 101 27 required

1894 1671 63 24 solely
1965 1673 22 18 to
1999 1673 113 24 represent
2122 1670 35 21 the
2168 1675 67 20 wages
2245 1669 25 25 of
2277 1669 77 19 labour.

1922 1698 47 20 The
1985 1701 54 17 next
2054 1697 162 21 consideration
2234 1696 24 26 is,
2270 1696 58 21 what
2340 1695 20 22 is
2375 1698 22 18 to
2407 1702 72 19 repre-

1896 1729 47 16 sent
1953 1724 37 21 the
2001 1724 80 26 capital
2092 1724 25 21 of
2123 1724 36 21 the
2171 1723 120 25 merchant,
2305 1722 36 21 the
2358 1722 121 26 proprietor

1896 1750 25 21 of
1933 1751 60 25 land,
2006 1750 42 21 and
2065 1751 36 21 the
2119 1750 116 22 wholesale
2251 1750 44 20 and
2308 1749 65 21 retail
2388 1748 90 26 dealers,

1896 1777 79 27 during
1988 1777 38 21 the
2041 1777 78 21 transit
2138 1778 25 20 of
2177 1777 37 21 the
2235 1776 85 21 various
2334 1776 70 26 goods
2422 1776 57 21 from

1895 1804 37 21 the
1942 1805 46 20 first
2002 1804 120 27 producers
2132 1807 22 18 to
2171 1804 37 21 the
2223 1802 99 22 ultimate
2341 1809 135 19 consumers,

1896 1831 56 21 until
1962 1831 58 21 their
2030 1831 64 21 value
2108 1831 18 20 is
2143 1831 65 26 again
2227 1829 102 22 returned
2344 1833 22 17 to
2382 1828 36 22 the
2434 1828 45 21 first

1896 1858 131 26 producers;
2042 1857 44 21 this
2097 1865 30 13 we
2140 1858 29 20 all
2185 1858 64 21 know
2263 1856 19 21 is
2297 1855 140 28 represented
2451 1856 29 25 by

1896 1884 56 22 what
1963 1891 37 14 are
2010 1884 71 21 called
2092 1885 46 20 bills
2147 1884 28 25 of
2180 1885 102 23 exchange
2295 1882 43 22 and
2350 1883 129 25 promissory

1895 1914 62 23 notes,
1977 1911 45 21 and
2036 1911 62 21 these
2114 1912 119 21 constitute
2244 1910 57 21 what
2309 1910 17 21 is
2337 1910 73 21 called
2426 1916 52 13 com-

1894 1941 86 18 mercial
1989 1939 72 25 credit,
2074 1938 45 21 and
2127 1938 68 27 what,
2208 1939 22 21 in
2241 1938 96 25 political
2349 1943 102 19 economy,
2462 1937 18 21 is

1896 1966 70 21 called
1980 1966 85 24 trading
2079 1972 106 20 currency,
2197 1965 23 21 in
2239 1964 203 21 contradistinction
2458 1968 19 17 to

1896 1995 125 18 consumer's
2029 1999 111 19 currency.

1922 2021 32 21 To
1964 2020 62 21 those
2037 2019 48 21 who
2094 2020 57 20 have
2160 2018 53 28 paid
2223 2025 28 15 no
2261 2016 107 23 attention
2385 2020 23 18 to
2418 2017 60 22 these

1896 2051 98 21 matters,
2004 2046 18 21 it
2032 2053 52 20 may
2098 2052 82 21 appear
2195 2044 132 23 immaterial
2338 2044 25 21 of
2374 2044 59 21 what
2443 2044 37 22 de-

1897 2073 138 21 nomination
2053 2073 38 21 the
2109 2073 71 21 whole
2197 2073 24 20 of
2237 2072 37 20 the
2293 2078 108 20 currency
2416 2071 65 21 afloat

1896 2100 56 22 shall
1971 2100 82 22 consist
2073 2099 96 22 whether
2185 2099 26 21 of
2231 2099 18 25 1,
2265 2105 24 14 or
2303 2099 19 25 2,
2335 2104 24 14 or
2368 2098 21 26 5,
2402 2105 23 14 or
2435 2098 46 23 £10

1896 2132 62 16 notes
1966 2135 5 19 ;
1990 2127 38 21 but
2037 2134 14 13 a
2061 2126 54 22 little
2134 2124 161 23 consideration
2307 2124 41 22 will
2366 2124 59 21 shew
2435 2124 47 22 that

1897 2161 55 15 even
1964 2153 42 22 this
2018 2157 155 23 arrangement
2190 2152 45 22 will
2252 2155 39 17 not
2306 2151 70 21 admit
2388 2152 25 20 of
2427 2152 55 20 arbi-

1896 2183 59 24 trary
1965 2181 65 26 rules,
2047 2180 39 21 bxit
2101 2180 18 21 is
2137 2178 116 28 governed
2272 2181 27 23 by
2317 2177 164 28 self-adjusting

1896 2207 124 28 principles,
2031 2206 73 22 which
2122 2206 52 27 defy
2182 2206 38 21 the
2236 2204 112 27 ingenuity
2359 2205 26 21 of
2397 2212 51 14 man
2458 2207 22 19 to

1896 2235 69 21 evade
1985 2241 24 14 or
2027 2233 126 28 supercede.
2182 2232 45 22 For
2241 2232 17 21 it
2275 2232 18 21 is
2305 2232 92 26 capable
2406 2232 27 21 of
2443 2232 37 21 de-

1897 2261 149 26 monstration,
2069 2260 46 22 that
2136 2259 38 21 the
2193 2261 91 19 amount
2307 2258 24 21 of
2349 2258 31 21 all
2402 2258 79 27 higher

1897 2288 175 21 denominations
2087 2288 25 20 of
2127 2293 101 19 currency
2244 2285 70 21 above
2329 2284 37 22 the
2381 2285 65 21 value
2460 2285 24 21 of

1897 2315 39 26 £1,
1947 2314 94 28 payable
2051 2319 23 15 at
2085 2314 64 27 sight,
2160 2319 60 16 must
2230 2311 86 27 depend
2332 2312 36 21 the
2387 2313 94 25 quantity

1898 2342 26 22 of
1931 2349 35 13 one
1975 2342 73 26 pound
2055 2341 55 26 gold,
2122 2348 25 13 or
2152 2347 68 20 paper
2232 2341 55 18 notes
2296 2338 23 21 in
2337 2338 128 22 circulation
2473 2348 6 18 ;

1898 2370 43 21 and
1951 2369 18 21 it
1977 2376 51 20 may
2038 2369 28 21 be
2084 2369 64 21 taken
2159 2375 24 14 as
2197 2375 28 14 an
2239 2364 104 23 admitted
2359 2366 55 26 fact,
2425 2366 53 26 that,

1896 2396 35 22 for
1940 2403 71 19 every
2016 2395 31 24 £1
2058 2398 47 18 note
2114 2402 24 14 or
2153 2395 103 24 sovereign
2272 2392 71 25 afloat,
2358 2392 62 22 there
2430 2400 51 20 may

1897 2423 28 21 be
1941 2423 32 23 £5
1993 2423 84 26 trading
2094 2429 100 19 currency
2205 2429 24 15 or
2244 2421 45 19 bills
2305 2419 25 25 of
2341 2420 105 25 exchange
2460 2420 21 20 in

1898 2450 139 26 circulation;
2059 2451 44 21 and
2112 2450 49 21 that
2169 2450 35 20 for
2219 2454 65 19 every
2294 2447 56 19 three
2364 2446 41 27 £1,
2420 2447 61 20 there

1896 2484 52 20 may
1962 2477 29 21 be
2001 2479 40 18 two
2051 2477 33 24 £5
2099 2482 63 16 notes
2173 2477 22 21 in
2208 2473 133 26 circulation,
2354 2473 46 21 and
2408 2480 24 14 so
2446 2480 35 19 on,

1897 2503 41 23 but
1957 2504 88 26 beyond
2065 2504 46 21 that
2129 2503 126 28 proportion
2277 2500 35 21 the
2327 2500 65 21 trade
2409 2500 25 21 in
2453 2507 28 13 no

1898 2534 92 24 country
1999 2531 45 21 will
2053 2531 52 26 long
2122 2537 103 20 preserve
2235 2527 46 22 that
2296 2526 99 27 equality
2404 2527 27 21 of
2445 2533 37 15 ex-

1898 2557 135 27 changeable
2053 2558 64 21 value
2134 2557 101 21 between
2253 2554 37 21 the
2312 2553 132 21 necessaries
2461 2553 26 21 of

1897 2583 38 23 life
1945 2583 45 22 and
2004 2584 38 22 the
2058 2583 182 29 representatives
2249 2581 26 21 of
2281 2580 63 22 value
2354 2580 74 22 which
2437 2580 46 21 that

1898 2615 92 23 country
1999 2611 38 21 has
2049 2610 101 28 adopted.
2180 2610 46 22 For
2235 2608 19 21 if
2260 2608 28 26 by
2295 2607 83 21 chance
2387 2607 69 21 either
2462 2607 32 20 of.

1898 2637 61 22 these
1976 2638 84 21 exceed
2075 2638 56 21 their
2141 2637 42 21 due
2195 2634 134 30 proportion,
2340 2634 55 27 they
2403 2633 43 21 will
2457 2634 25 20 be

1898 2665 127 26 constantly
2043 2664 116 28 presented
2171 2667 23 18 at
2211 2663 37 21 the
2257 2660 59 22 bank
2326 2660 58 22 from
2395 2660 87 22 whence

1900 2691 50 28 they
1957 2698 59 15 were
2030 2691 83 26 issued,
2124 2691 33 21 for
2168 2691 86 24 change
2263 2689 35 20 for
2314 2688 89 20 smaller
2412 2689 56 18 notes
2475 2695 5 19 ;

1900 2718 50 27 and,
1962 2725 23 14 as
1995 2719 90 26 regards
2095 2719 36 20 the
2142 2721 93 17 amount
2248 2715 24 21 of
2284 2715 47 19 hills
2340 2715 28 24 of
2374 2715 108 25 exchange,

1899 2744 20 21 if
1925 2745 37 21 the
1969 2745 96 21 number
2072 2745 23 21 of
2101 2744 60 22 bank
2168 2748 64 18 notes
2240 2741 77 23 should
2326 2741 28 21 be
2361 2741 121 26 increased,

1900 2771 36 22 the
1960 2771 94 22 number
2076 2772 21 21 of
2120 2771 114 21 labourers
2257 2768 45 22 and
2326 2767 38 23 the
2388 2772 47 18 rate
2463 2768 25 20 of

1899 2805 72 20 wages
1979 2799 126 26 remaining
2115 2799 37 20 the
2162 2805 69 17 same,
2242 2795 36 22 the
2288 2795 85 25 trading
2386 2802 98 19 currency

1900 2825 26 21 of
1939 2825 36 22 the
1994 2828 92 24 country
2095 2824 74 23 would
2183 2825 28 21 be
2230 2822 140 26 diminished,
2384 2822 43 22 and
2441 2823 43 19 vice

1899 2858 63 16 versa.
1997 2852 126 27 Therefore,
2130 2852 20 21 it
2155 2852 19 20 is
2183 2851 26 21 of
2217 2850 35 22 the
2260 2853 80 17 utmost
2346 2848 138 27 importance

1900 2882 22 18 to
1936 2888 13 13 a
1968 2879 137 27 community
2114 2879 49 21 that
2176 2885 31 14 no
2225 2875 122 22 individual
2361 2875 80 22 should
2457 2876 27 21 be

1901 2906 93 22 allowed
2012 2910 21 17 to
2047 2905 58 23 issue
2121 2912 67 20 paper
2204 2909 104 20 currency
2321 2905 23 17 at
2364 2902 58 21 their
2436 2909 47 15 own

1901 2933 42 21 will
1954 2933 45 21 and
2007 2933 107 26 pleasure,
2122 2932 45 21 and
2173 2931 54 26 that,
2239 2929 97 21 whoever
2342 2928 19 22 is
2371 2929 113 21 entrusted

1900 2959 52 22 with
1966 2960 50 21 that
2027 2966 81 20 power,
2121 2957 80 23 should
2216 2956 50 27 give
2282 2954 56 27 good
2354 2955 98 27 security
2460 2959 22 18 to

1901 2986 35 22 the
1948 2986 153 22 Government
2110 2985 26 21 of
2142 2985 50 21 that
2201 2985 93 23 country
2299 2981 34 21 for
2342 2981 141 29 then-ability

1900 3016 22 18 to
1931 3013 91 21 redeem
2032 3012 57 22 their
2097 3011 119 26 liabilities,
2228 3008 63 22 when
2301 3008 73 22 called
2382 3016 66 19 upon,
2460 3009 24 22 in

1898 3041 49 24 gold
1956 3046 24 14 or
1988 3040 68 20 silver.
2086 3039 66 21 From
2162 3037 61 21 what
2232 3035 12 21 I
2253 3035 57 21 have
2320 3035 78 27 stated,
2408 3036 18 21 it
2434 3035 48 28 will,

1900 3067 12 21 I
1932 3067 63 27 hope,
2014 3067 28 21 be
2057 3065 58 22 clear
2131 3068 23 17 to
2175 3070 67 19 every
2258 3069 47 19 one,
2317 3061 49 23 that
2380 3069 29 15 no
2424 3070 61 14 more

1901 3093 52 22 than
1971 3100 16 14 a
1999 3093 68 26 given
2082 3091 101 28 quantity
2199 3090 26 22 of
2237 3088 129 28 circulating
2382 3096 106 21 currency

1900 3127 40 15 can
1955 3120 58 21 exist
2025 3119 24 21 in
2061 3125 42 20 any
2114 3122 95 22 country
2220 3119 22 19 at
2257 3122 44 19 any
2312 3122 41 14 one
2364 3115 53 22 time
2432 3116 52 22 than

1900 3147 17 21 is
1927 3153 116 20 necessary
2049 3148 22 18 to
2080 3148 114 24 represent
2204 3144 37 21 the
2248 3142 165 27 exchangeable
2422 3143 62 21 value

1901 3174 25 21 of
1933 3173 29 22 all
1971 3173 38 21 the
2017 3172 97 28 produce
2124 3171 25 21 of
2156 3171 38 21 the
2204 3171 47 21 first
2261 3169 134 22 necessaries
2408 3169 26 21 of
2439 3169 43 22 life.

1900 3199 42 23 For
1951 3200 107 25 instance,
2074 3199 22 21 in
2107 3198 38 22 the
2161 3204 51 15 case
2222 3197 24 21 of
2258 3203 14 15 a
2281 3195 74 23 mixed
2369 3196 85 28 species
2464 3196 25 21 of

1901 3234 107 19 currency
2016 3226 26 21 of
2046 3226 50 25 gold
2103 3225 46 21 and
2158 3225 31 21 £1
2202 3226 63 23 notes,
2277 3230 38 20 say
2321 3223 51 21 half
2377 3222 45 22 and
2432 3222 52 26 half,

1900 3253 80 22 should
1990 3253 61 21 there
2062 3253 27 21 be
2100 3259 28 14 an
2138 3251 99 22 increase
2247 3251 26 21 of
2284 3250 37 21 the
2332 3253 64 18 notes
2411 3252 23 18 at
2443 3256 43 21 any

1901 3287 41 14 one
1951 3279 60 26 time,
2019 3287 23 14 so
2054 3279 48 22 that
2112 3279 61 21 there
2181 3277 81 23 should
2272 3277 26 21 be
2303 3283 70 21 paper
2378 3275 106 23 sufficient

1900 3309 23 19 to
1937 3307 65 21 effect
2015 3306 38 22 the
2070 3305 69 23 whole
2154 3305 101 23 business
2270 3303 25 22 of
2311 3303 122 26 exchange,
2448 3302 36 22 the

1901 3340 117 20 necessary
2028 3339 153 20 consequence
2193 3331 72 23 would
2279 3331 34 25 be,
2324 3329 49 22 that
2380 3329 40 21 the
2434 3329 51 26 gold

1901 3360 71 22 would
1987 3361 27 21 be
2029 3359 152 26 immediately
2201 3356 144 29 transported,
2360 3356 25 22 in
2401 3356 45 21 lieu
2463 3356 26 21 of

1901 3387 49 21 bills
1960 3387 27 21 of
1993 3387 122 27 exchange,
2127 3394 24 13 as
2162 3386 37 21 the
2209 3385 61 23 bank
2281 3387 70 21 notes,
2361 3382 69 26 being
2441 3382 24 21 of
2471 3389 14 14 a

1901 3414 53 20 local
1961 3418 86 22 nature,
2058 3413 71 23 would
2139 3413 47 21 lose
2196 3411 57 23 their
2262 3410 64 22 value
2335 3409 20 21 if
2366 3411 119 25 transport-

1901 3441 28 21 ed
1947 3441 90 21 abroad.
2067 3441 38 26 As,
2122 3440 35 21 for
2174 3439 109 24 instance,
2303 3436 64 22 when
2386 3442 32 14 we
2437 3435 47 21 first

1901 3474 63 15 came
1982 3467 60 27 here,
2064 3475 38 14 our
2119 3466 54 27 only
2189 3470 107 21 currency
2315 3469 43 15 was
2373 3462 52 24 gold
2445 3463 42 19 and

1901 3495 178 26 si'toer,.>whereas
2087 3500 57 19 now,
2154 3493 50 26 gold
2218 3493 62 20 bears
2291 3497 13 14 a
2313 3489 117 27 premium,
2441 3489 44 21 and

1902 3529 32 14 we
1952 3522 58 21 have
2030 3521 78 27 barely
2124 3521 64 20 silver
2208 3516 86 27 enough
2312 3518 23 18 to
2361 3515 64 22 effect
2432 3523 55 14 -our

1903 3549 89 21 smaller
2002 3547 99 28 dealings
2110 3547 71 22 below
2192 3546 37 22 the
2239 3544 62 22 value
2312 3542 25 21 of
2343 3542 42 23 £I.

1929 3575 127 26 Therefore,
2065 3576 62 21 when
2132 3573 79 28 people
2217 3578 35 16 are
2260 3569 135 26 exclaiming
2401 3572 86 24 against

1903 3602 37 21 the
1957 3604 61 20 want
2033 3602 27 21 of
2072 3608 76 19 money,
2168 3600 53 31 they
2235 3604 35 15 are
2286 3595 50 26 only
2352 3595 136 27 exclaiming

1904 3629 87 27 against
1999 3629 134 22 themselves
2143 3634 25 14 or
2176 3626 58 22 their
2242 3630 47 14 own
2298 3623 103 25 idleness,
2410 3623 46 26 but,
2464 3629 23 14 m

1903 3656 54 21 both
1966 3663 61 14 cases
2038 3663 37 14 are
2082 3653 124 26 exhibiting
2214 3650 56 24 their
2274 3650 127 26 ignorance.
2416 3648 72 22 Those

1905 3683 47 22 who
1962 3690 37 14 are
2011 3682 89 27 waiting
2113 3681 35 22 for
2164 3679 38 22 the
2216 3677 58 23 skies
2288 3679 22 17 to
2322 3676 56 26 fall,,
2385 3682 24 14 m
2426 3676 62 21 order

1905 3709 47 22 that
1966 3710 53 26 they
2028 3716 52 20 may
2095 3707 65 23 catch
2173 3705 67 24 larks,
2256 3702 45 22 had
2314 3701 73 23 better
2400 3709 29 19 go
2443 3702 45 22 and

1905 3739 34 25 try
1948 3740 23 17 to
1982 3735 65 22 catch
2058 3735 50 22 wild
2117 3733 49 28 pigs
2178 3739 26 15 or
2213 3729 52 24 wild
2279 3728 75 27 ducks,
2366 3728 13 22 I
2389 3735 38 15 am
2439 3735 49 15 sure

1905 3763 57 22 their
1976 3763 86 21 chance
2072 3761 25 22 of
2108 3766 94 19 success,
2213 3756 43 24 bad
2270 3763 23 14 as
2302 3759 18 18 it
2334 3762 54 21 may
2397 3756 35 26 be,
2442 3756 44 21 will

1906 3790 26 21 be
1951 3789 61 27 quite
2027 3788 65 27 equal
2106 3790 22 18 to
2143 3786 37 22 the
2199 3785 59 25 first;
2274 3784 45 24 but,
2335 3789 25 15 in
2378 3782 31 22 all
2427 3782 62 22 sober

1896 3817 144 21 .seriousness
2049 3815 14 21 I
2079 3813 73 23 would
2161 3819 46 20 say,
2219 3813 32 19 set
2259 3812 34 26 ,to.
2302 3808 72 24 work,
2383 3808 70 22 either
2465 3813 23 17 to

1895 3843 105 27 .produce
2017 3848 60 16 more
2091 3839 60 25 food,
2168 3839 46 21 and
2230 3835 91 27 thereby
2326 3843 78 17 .morej
2410 3836 79 27 capital

1898 3869 41 22 .for
1948 3868 134 28 yourselves,
2093 3874 24 14 or
2132 3865 53 26 else,
2201 3865 20 21 if
2347 3862 46 22 live
2401 3869 40 17 ion-
2453 3862 35 22 the

1907 3896 54 21 little
1971 3894 82 29 capital
2063 3901 44 21 yon
2122 3893 64 25 have,
2199 3889 77 25 curtail
2284 3897 54 13 some
2354 3890 29 26 of
2394 3895 98 21 yo.«r,«r-

1903 3929 82 19 peaces,
1997 3921 44 23 and
2051 3921 66 22 make
2126 3919 71 23 it>last
2206 3917 45 23 the,
2251 3917 89 27 longer..
2362 3935 2 5 ,
2394 3925 33 22 y.■
2441 3924 10 16 r

2093 3947 41 26 (To
2146 3947 23 20 be
2178 3945 128 26 continued.]
2352 3945 6 7 x
2358 3949 8 3 -

1277 138 19 26 '^r
1306 133 200 34 '•^TJigy.vKacfrripw
1516 137 101 27 upwards
1628 137 26 21 of
1666 139 62 24 1,800
1737 144 92 19 persons
1839 137 24 21 in

1270 158 273 38 sb§;J^lfin^^K6use,
1556 163 43 21 and
1609 163 97 21 sickness
1714 167 102 23 amongst
1827 163 36 21 the

1268 185 272 36 '^ooi^iactniqrea^e'd'fo'
1550 189 52 21 such
1613 196 27 14 an
1652 194 75 17 extent
1737 189 50 21 that
1802 189 61 22 there

1587 216 75 21 orders
1673 216 74 21 issued
1757 216 58 21 from
1827 217 36 20 the

1270 238 198 35 'b^fwjijiiiiirmafy
1475 242 52 21 than
1535 246 24 18 at
1564 242 35 21 the
1607 242 173 27 corresponding
1788 243 76 26 period

1266 264 301 38 HfKi^elir-^^E^ofi^wtio
1575 268 44 22 had
1628 269 105 26 formerly
1743 269 57 23 been
1807 273 58 17 most

1263 290 282 37 rrispe^talile^atepayers
1552 302 56 14 were
1616 302 50 14 now
1674 294 98 23 reduced
1783 299 21 17 to
1812 296 53 21 seek

1266 317 108 35 ,^elijfcjf-'ft|
1506 321 133 21 'workhouse
1642 339 5 4 .
1652 322 4 8 '
1660 321 3 9 '

1263 349 99 33 <^&&
1364 352 6 16 i
1362 352 137 31 JjEsamirier
1510 357 106 24 observes
1627 365 6 14 :—:
1634 369 34 4 —

1266 404 26 16 ,r
1298 393 159 29 ''^Th'^pr-JKpf
1463 394 96 22 'distress
1574 397 70 19 meets
1653 401 26 15 us
1688 395 23 20 in
1722 401 68 21 every
1799 403 65 19 quar-

1341 417 160 28 '3Ch'e"*diffe.vent
1508 421 98 28 parishes
1613 421 24 22 in
1648 421 37 22 the
1693 422 127 26 metropolis
1828 429 36 14 are

1272 443 214 37 twergh^diaj^Vn-.Hy
1492 447 38 22 the
1539 448 94 21 number
1639 448 26 21 of
1670 455 64 20 poor;
1748 448 46 21 and
1802 448 62 21 those

1278 473 143 22 associations
1428 473 73 22 wKich
1508 473 60 22 have
1578 475 33 20 for
1618 474 57 21 their
1685 475 73 26 object
1766 478 22 18 to
1796 475 69 21 afford

1268 499 75 23 -relief
1349 500 84 22 tothdse
1440 501 49 23 who
1496 501 57 21 have
1560 508 28 13 no
1595 501 58 26 legal
1661 501 98 21 claimon
1765 502 98 26 parishes

1270 523 208 31 'feertheipyessure
1485 527 45 22 still
1541 535 59 14 more
1608 528 107 26 severely.
1740 528 37 21 An
1785 528 78 27 appeal

1268 551 67 35 'frjm
1348 551 174 37 $K,e^[endicity
1536 555 87 25 Society
1635 558 20 17 to
1665 554 38 21 the
1713 555 75 26 public
1798 558 66 17 states

1279 576 59 33 tfiatj,
1344 575 91 29 at.-'^his
1445 581 129 21 immediate
1579 581 82 26 period,
1675 581 37 21 the
1720 581 144 26 applications

1326 613 188 21 yery^numerous,
1530 607 68 27 being
1607 615 89 14 treble
1707 608 21 20 in
1740 611 92 18 amount
1843 608 24 20 of

1270 629 102 32 JthVse'-at
1376 633 50 31 Jiny>
1434 634 85 21 siruilur
1527 641 79 14 season
1617 635 23 20 in
1651 635 37 20 the
1698 634 83 21 former
1792 642 69 19 years,

1268 659 78 31 '■wfyjle'
1348 660 44 28 Jthe
1397 661 101 29 prcispect
1503 661 26 21 of
1536 661 153 21 accumulated
1696 668 61 14 cases
1766 661 25 21 of
1799 661 65 21 desti-

1270 683 304 35 .tuliq^dulnng'tHe^virinter
1583 687 39 21 has
1633 687 87 22 excited
1730 695 12 13 a
1754 687 79 28 degree
1842 688 25 21 of

1273 710 202 25 <solicinid^-'jn>the
1481 720 3 5 jconiniittc-ej
1486 714 128 23 coniniittc-e
1625 714 118 27 regarding
1755 714 37 21 the
1811 715 53 20 adc-

1268 735 341 32 'quacy^iT^lieu-A-esouYces.'"

1269 770 30 32 i';~
1310 770 188 36 InS|)italfields,
1516 776 25 22 in
1554 778 31 22 SO
1597 781 90 24 streets,
1701 777 108 30 carefully
1823 785 40 15 ex-

1267 807 115 29 faroinedi;
1388 810 71 28 1,025
1473 809 72 23 looms
1553 817 61 14 .were
1628 810 68 22 found
1710 814 21 18 at
1743 810 63 23 work
1821 810 41 23 and

1272 841 5 6 4
1277 842 49 23 6£S
1340 841 155 30 out;'o£w,ork,
1507 842 44 23 and
1566 842 62 22 those
1641 847 22 18 at
1673 842 60 22 work
1743 850 57 15 were
1811 843 53 30 only

1277 873 50 24 half
1343 874 134 31 employed;..
1509 875 54 22 The
1583 876 95 21 number
1699 875 25 22 of
1741 876 79 22 tailors
1841 876 24 22 in

1270 905 210 35 .Lcndon^ainoiuit
1493 912 22 18 to
1529 910 99 26 15,000,
1642 908 49 22 half
1701 908 25 22 of
1740 908 73 23 whom
1827 916 38 15 are

1271 940 173 33 .unetnjjloyeil,',,
1452 941 52 22 and,
1510 941 37 22 the
1560 941 63 22 other
1635 941 50 22 half
1694 941 52 30 only
1758 941 105 31 partially

1279 967 125 40 employe^.
1412 976 22 26 /,
1455 991 3 4 .
1481 981 5 3 '
1517 970 17 35 \-
1545 977 31 28 -\
1590 991 3 4 ■

1269 1012 27 24 :j,
1312 1005 179 29 Frprjo.\t]iev'l?«
1493 1006 45 25 blih
1543 1017 4 2 ■
1559 1007 104 22 monitor
1684 1015 30 15 we
1734 1007 64 23 learn
1817 1008 48 23 that

1506 1040 95 31 escypeld
1618 1040 37 23 the
1675 1041 125 30 prevailing
1818 1041 47 23 dis-

1270 1118 8 23 I
1331 1111 71 23 There
1407 1111 22 23 is
1459 1111 57 28 Very
1525 1111 90 28 general
1635 1111 50 26 and,
1703 1118 31 16 we
1752 1112 54 27 fear,
1823 1120 42 14 un-

1440 1145 18 14 a>
1467 1141 38 21 .too
1522 1138 160 21 well-founded
1697 1139 166 26 apprehension,

1279 1165 48 21 that
1336 1166 21 20 in
1447 1166 59 26 parts
1516 1165 25 23 of
1551 1165 39 21 ihe
1603 1169 93 22 country
1707 1173 12 13 a
1729 1165 82 22 famine
1822 1166 43 21 will

1272 1191 73 26 'exist,,
1361 1192 71 27 owing
1449 1195 27 17 to'
1482 1192 35 20 the
1529 1192 95 21 Uteness
1635 1192 24 20 of
1674 1193 36 20 the
1721 1192 88 21 harvest
1821 1193 44 21 and

1272 1218 44 24 Jflje
1327 1224 123 20 premature
1461 1219 82 26 setting
1553 1219 21 20 in
1585 1218 24 21 of
1623 1219 36 20 the
1671 1226 75 13 severe
1761 1219 102 21 weathei\

1270 1245 30 21 -A
1310 1245 127 26 gentleman
1449 1244 49 22 who
1513 1245 89 21 arrived
1616 1245 23 21 in
1654 1245 84 21 Dublin
1755 1245 38 22 the
1803 1246 63 21 other

1273 1272 49 27 ,day
1333 1271 88 23 assured
1438 1279 25 14 us
1475 1273 46 21 that
1538 1275 38 18 not
1592 1271 134 22 one-lialfof
1740 1272 37 21 the
1790 1277 75 22 potato

1279 1306 58 19 crop,
1354 1306 28 14 on
1395 1298 181 28 whicirths'poor
1590 1299 80 27 people
1680 1299 85 26 mainly
1775 1299 47 26 rely
1832 1299 34 21 for

1279 1325 140 26 subsistence,
1430 1325 45 23 will
1484 1325 22 21 in
1517 1332 61 14 some
1585 1328 60 25 parts
1656 1327 26 19 be
1690 1326 67 20 saved
1765 1333 5 18 ;
1782 1326 22 20 in
1813 1326 52 25 fact,

1277 1353 26 20 in'
1311 1359 13 13 a
1338 1356 63 23 great
1416 1359 64 20 many
1492 1351 93 24 dwtricts
1596 1353 37 19 the
1648 1356 75 23 potato
1733 1360 54 19 crop
1796 1353 69 21 saved

1272 1379 53 23 .will
1336 1382 38 18 not
1385 1379 41 21 last
1436 1386 52 14 over

1314 1414 50 23 The
1384 1414 152 30 linep-tratjfi--
1543 1415 25 22 of
1588 1414 89 23 Belfast
1697 1415 20 22 is
1736 1415 69 22 much
1827 1415 39 22 de-

1278 1444 101 34 pressed,
1399 1447 47 24 cincf'
1543 1449 110 29 meetings
1672 1448 56 22 have
1743 1450 55 21 been
1815 1448 51 23 held

1280 1486 22 17 to
1314 1480 156 24 memorialize,
1484 1482 37 22 the
1535 1482 155 22 Government
1708 1489 26 14 on
1754 1481 39 23 the
1811 1482 55 22 sut-

1276 1514 68 34 ject.'^
1391 1523 44 14 ---x
1444 1513 22 31 ,_[
1475 1510 9 21 '-

1314 1547 107 23 Scotland
1432 1549 20 20 is
1465 1547 47 23 also
1525 1547 108 29 suffering
1646 1551 60 19 most
1717 1548 108 28 severely.

1379 1579 105 30 Glasgow
1498 1580 118 23 Chrjnicle
1628 1589 51 20 says
1687 1590 5 14 :
1695 1593 32 4 —

1316 2643 33 24 At
1362 2644 99 30 Paisley,
1482 2644 38 23 the
1534 2644 96 23 number
1643 2644 25 23 of
1684 2652 96 23 persons
1797 2644 72 31 living

1283 2684 30 15 on.
1335 2676 86 31 charity
1440 2685 46 15 was
1508 2677 89 31 weekly
1620 2678 136 29 increasing.
1803 2678 66 30 They

1284 2710 119 23 amounted
1415 2715 22 18 to
1451 2712 101 27 14,000,
1571 2710 43 23 and
1625 2715 19 18 it
1654 2719 47 14 was
1715 2711 93 23 obvious
1821 2711 48 23 that

1283 2742 67 24 funds
1371 2744 65 23 could
1456 2748 40 19 not
1513 2744 30 23 be
1559 2744 67 23 much
1646 2744 78 30 longer
1743 2745 76 22 raised
1835 2744 34 23 for

1284 2776 59 23 their
1355 2781 101 26 support.

1333 1618 46 22 The
1390 1618 141 21 ironmasters
1541 1618 25 21 of
1581 1619 104 21 Scotland
1699 1619 57 21 have
1767 1619 100 21 resolved

1280 1649 30 17 to-
1320 1644 58 22 blow
1388 1649 38 17 out
1435 1645 35 21 for
1479 1646 34 20 six
1523 1645 90 21 months
1629 1645 128 22 one-fourth
1773 1646 25 21 of
1811 1646 57 20 their

1279 1672 109 22 furnaces.
1416 1672 54 22 This
1480 1672 19 20 is
1510 1679 12 13 a
1531 1672 120 21 resolution
1661 1673 25 20 of
1702 1673 46 21 dire
1757 1673 110 26 necessity

1280 1706 28 14 on
1320 1698 37 22 the
1366 1702 49 23 part
1425 1698 24 21 of
1456 1699 38 20 the
1505 1703 97 22 masters,
1615 1699 43 21 and
1669 1699 42 21 will
1722 1699 26 21 of
1752 1706 76 14 course
1840 1700 26 20 be

1279 1725 41 21 felt
1331 1725 52 22 with
1397 1729 62 22 great
1474 1729 95 22 seventy
1578 1725 30 27 by
1619 1725 36 22 the
1672 1733 121 14 numerous
1808 1726 59 27 body

1280 1752 26 21 «f
1313 1753 122 25 operatives
1444 1752 24 20 in
1484 1753 127 20 connection
1624 1753 51 20 with
1691 1752 42 22 this
1750 1753 86 21 branch
1846 1753 25 21 of

1280 1778 99 27 industry
1395 1779 22 21 in
1433 1779 37 20 the
1488 1784 54 16 west
1553 1780 24 19 of
1590 1779 110 21 Scotland.
1729 1779 83 26 Again,
1830 1780 37 20 the

1280 1805 61 26 eai'ly
1350 1805 94 27 severity
1456 1806 24 20 of
1494 1806 35 20 the
1546 1807 76 19 winter
1639 1806 80 21 throws
1735 1806 132 28 completely

1278 1832 53 27 idle,
1348 1832 152 27 considerably
1510 1833 75 21 before
1597 1833 36 21 the
1649 1833 59 21 usual
1719 1833 83 27 period,
1821 1833 47 21 that

1279 1859 134 21 indmtrious
1428 1859 57 26 body
1507 1859 38 21 the
1564 1866 92 20 masons,
1679 1860 43 20 and
1738 1859 62 22 other
1819 1863 48 18 out-

1280 1885 56 21 door
1351 1886 93 20 workers
1461 1886 23 20 in
1499 1886 131 21 connection
1649 1887 51 20 with
1717 1887 68 21 them.
1820 1887 47 21 The

1280 1913 46 26 cil.y
1343 1912 154 26 missionaries,
1517 1913 128 21 secretaries
1665 1914 25 20 of
1709 1913 38 21 the
1767 1913 101 21 different

1280 1939 86 27 charity
1383 1939 107 26 societies,
1512 1939 44 21 and
1575 1939 127 27 clergymen
1719 1940 24 21 in
1760 1940 107 27 populous

1280 1965 97 22 districts
1387 1966 25 20 of
1419 1966 37 20 the
1470 1966 99 26 subnrbs,
1586 1973 38 14 arc
1635 1967 28 20 all
1673 1967 112 26 soliciting
1799 1967 36 21 aid
1846 1967 25 21 of

1281 1993 67 28 •jJ'Wy
1364 1992 135 27 discvipti'm,
1520 1997 23 16 to
1562 1993 81 21 relieve
1658 1993 37 21 the
1712 1993 87 21 distress
1815 1993 52 27 they

1282 2018 59 26 daily
1349 2026 62 14 come
1418 2018 23 21 in
1451 2023 90 16 contact
1552 2019 57 21 with.
1633 2019 48 21 The
1688 2019 180 28 calico-printing

1282 2045 99 21 business
1390 2046 18 20 is
1424 2045 23 21 in
1460 2045 38 21 the
1512 2048 59 18 most
1586 2045 100 27 hopeless
1696 2050 55 17 state
1759 2054 5 18 ;
1782 2047 45 21 and
1837 2054 30 14 we

1281 2079 38 13 are
1334 2072 81 21 certain
1425 2079 32 13 we
1466 2072 28 21 do
1509 2076 41 17 not
1567 2076 129 23 exaggerate
1708 2073 62 21 when
1789 2080 31 14 we
1830 2081 38 19 say

1281 2098 48 21 that
1347 2099 23 21 in
1390 2099 36 20 the
1443 2102 53 18 west
1510 2099 25 21 of
1552 2099 106 21 Scotland
1674 2099 104 21 one-half
1790 2099 25 21 of
1830 2100 37 22 the

1282 2125 95 21 workers
1388 2132 35 14 are
1433 2125 53 26 idle,
1504 2126 45 20 and
1561 2126 46 20 that
1618 2126 36 21 the
1666 2134 59 13 same
1740 2127 96 21 number
1846 2127 25 21 of

1282 2154 90 19 masters
1383 2152 71 21 would
1464 2152 27 22 be
1499 2153 111 25 bankrupt
1622 2152 45 22 had
1675 2153 52 26 they
1739 2157 41 17 not
1789 2153 79 27 capital

1282 2183 21 16 to
1309 2178 38 22 fall
1357 2178 57 22 back
1420 2186 67 20 upon.
1513 2180 33 20 As
1553 2183 20 17 to
1580 2179 36 21 the
1623 2180 101 26 weaving
1732 2181 135 26 population,

1282 2205 52 27 they
1342 2206 58 21 have
1409 2206 34 20 for
1452 2212 24 14 so
1487 2206 54 27 long
1550 2207 56 21 been
1616 2206 98 22 reduced
1725 2211 21 16 to
1757 2214 13 13 a
1780 2211 56 17 state
1847 2207 24 21 of

1280 2232 87 27 misery,
1380 2232 45 21 and
1435 2240 31 14 we
1475 2232 56 22 have
1543 2240 23 14 so
1577 2233 126 27 frequently
1713 2233 44 21 had
1767 2234 101 21 occasion

1282 2263 21 17 to
1313 2262 54 18 state
1378 2259 36 21 the
1425 2259 93 27 helpless
1529 2263 55 18 state
1593 2259 54 28 they
1658 2267 36 14 are
1705 2267 62 14 come
1776 2263 28 23 to,
1821 2261 48 21 that

1282 2293 31 13 we
1325 2285 27 22 do
1364 2290 38 17 not
1410 2286 44 21 feel
1464 2286 100 22 inclined
1574 2290 21 17 to
1606 2293 36 21 say
1651 2294 61 14 more
1722 2287 69 21 about
1799 2287 68 22 them.

1281 2312 48 22 The
1339 2313 86 21 distress
1435 2313 19 21 is
1470 2320 47 14 now
1529 2313 74 26 taking
1614 2320 14 14 a
1643 2314 89 26 general
1748 2313 119 28 direction,

1282 2339 46 21 and
1337 2340 16 21 it
1363 2340 18 21 is
1392 2344 20 16 to
1423 2339 44 21 this
1477 2339 45 22 fact
1533 2340 47 21 that
1589 2347 32 14 we
1630 2340 54 22 wish
1695 2341 142 27 particularly
1846 2344 22 18 to

1282 2366 69 22 direct
1361 2367 114 21 attention.
1505 2367 48 21 The
1563 2367 62 21 small
1636 2367 85 21 dealers
1730 2367 24 21 in
1769 2375 68 20 many
1847 2368 24 21 of

1282 2393 37 21 the
1330 2393 177 27 manufacturing
1514 2394 95 21 districts
1616 2401 49 14 now
1672 2394 47 21 find
1724 2394 58 22 their
1790 2395 79 26 capital

1280 2420 139 26 represented
1436 2420 29 26 by
1476 2420 63 22 debts
1553 2421 71 26 owing
1637 2421 31 26 by
1677 2421 45 21 idle
1739 2422 128 26 operatives,

1282 2446 49 21 who
1346 2454 36 14 are
1393 2447 80 26 utterly
1480 2447 83 22 unable
1572 2450 21 18 to
1605 2454 48 21 pay,
1666 2447 46 21 and
1720 2448 24 21 in
1755 2447 61 23 these
1827 2449 41 21 cir-

1283 2477 134 18 cumstances
1428 2477 21 17 to
1461 2474 83 22 realize
1554 2481 79 19 money
1644 2482 24 14 or
1682 2474 51 22 shut
1746 2482 37 18 up'
1788 2475 54 27 shop
1852 2475 17 21 is

1282 2500 23 21 in
1317 2501 68 21 either
1395 2508 49 14 case
1453 2500 114 28 hopeless;
1579 2501 53 27 they
1637 2505 58 17 must
1707 2501 5 11 '
1720 2501 55 22 hold,
1785 2509 28 14 on
1821 2502 4 8 '
1837 2502 32 21 till

1282 2527 52 21 both
1345 2534 78 20 money
1431 2527 44 21 and
1487 2528 70 21 credit
1568 2535 36 14 are
1614 2535 65 20 gone,
1692 2528 45 21 and
1748 2528 53 22 then
1814 2528 55 22 their

1282 2557 54 17 next
1353 2558 47 23 step
1418 2554 18 21 is
1437 2566 28 3 —
1466 2555 58 21 rain.
1564 2555 56 21 How
1640 2555 52 26 long
1709 2555 44 21 this
1773 2559 56 18 state
1847 2555 24 21 of

1282 2584 90 18 matters
1383 2581 42 21 will
1438 2582 112 27 continue,
1560 2581 18 22 is
1585 2588 50 15 now
1641 2581 37 22 the
1689 2581 101 28 question
1800 2582 68 22 asked

1282 2607 30 26 by
1324 2614 66 19 every

1317 2948 33 23 At
1362 2948 104 29 Dundee,
1488 2949 38 23 the
1538 2953 100 27 greatest
1656 2948 96 23 distress
1773 2948 98 32 prevails

1285 2988 83 25 among
1375 2982 31 23 all
1414 2982 92 29 classes,
1520 2982 46 23 and
1571 2982 162 31 bankruptcies
1745 2989 38 16 are
1791 2982 80 23 almost

1287 3014 25 23 of
1326 3014 59 32 daily
1398 3023 141 16 occurrence.
1574 3015 46 23 We
1632 3020 87 18 extract
1733 3015 40 22 the
1785 3015 85 22 follow-

1285 3048 41 30 ing
1336 3049 157 30 Agricultural
1501 3049 88 31 Report
1597 3048 58 24 form
1665 3048 72 23 Tail's
1747 3047 124 31 Magazine

1285 3081 36 22 for
1332 3081 100 31 January
1443 3090 7 15 :—:
1453 3095 33 3 —

1317 2809 144 25 Dumbarton
1486 2810 44 24 and
1555 2810 122 24 Greenock
1700 2818 36 16 are
1761 2811 110 30 suffering

1284 2843 101 31 severely
1398 2844 56 23 from
1466 2845 39 22 the
1517 2844 123 23 distressed
1651 2848 59 19 state
1722 2844 25 23 of
1757 2846 37 21 the
1807 2844 63 31 ship-

1284 2876 55 31 ping
1350 2877 70 24 trade.
1457 2877 30 23 In
1508 2877 38 23 the
1557 2877 85 23 former
1658 2882 60 18 town
1733 2877 104 31 upwards
1849 2877 24 24 of

1285 2911 49 21 200
1347 2915 128 25 carpenters
1489 2918 37 16 are
1539 2915 39 18 out
1589 2910 26 23 of
1624 2911 163 29 employment.

1338 3125 22 22 It
1368 3125 18 21 is
1402 3133 47 14 now
1460 3124 139 23 ascertained
1615 3124 89 27 beyond
1713 3124 101 27 question
1823 3123 49 22 that

1281 3150 42 23 -the
1333 3151 45 22 late
1388 3152 89 22 harvest
1486 3154 18 20 is
1515 3152 96 21 deficent
1620 3151 55 22 both
1683 3151 23 21 in
1715 3150 105 32 quantity
1828 3150 44 21 and

1285 3178 91 28 quality,
1394 3179 107 27 although
1510 3179 38 21 the
1558 3185 103 20 averages
1672 3178 29 21 do
1711 3180 39 18 not
1766 3180 40 24 yet
1814 3176 58 22 indi-

1286 3208 48 18 cate
1343 3205 37 22 the
1390 3206 45 21 real
1445 3208 55 19 state
1511 3206 27 21 of
1549 3205 36 21 the
1594 3208 88 18 matter.
1712 3203 80 27 Owing
1802 3207 22 18 to
1835 3203 36 22 the

1284 3235 62 23 great
1356 3233 102 27 quantity
1468 3233 26 21 of
1499 3232 58 27 light
1566 3230 45 23 and
1621 3230 91 23 inferior
1717 3230 71 27 grain,
1799 3230 72 21 which

1286 3258 38 21 the
1336 3259 95 22 farmers
1437 3266 3 6 •
1447 3266 37 15 are
1499 3259 94 21 anxious
1604 3262 22 17 to
1642 3258 35 21 rid
1693 3257 135 22 themselves
1838 3257 29 26 of,

1284 3284 78 28 prices,
1374 3293 24 14 as
1406 3286 116 21 estimated
1532 3286 30 26 by
1568 3284 38 22 the
1613 3284 91 26 general
1712 3289 95 21 returns,
1819 3291 53 14 con-

1286 3311 60 22 tinue
1357 3312 164 28 comparitively
1531 3312 43 21 low
1583 3319 5 19 ;
1607 3312 73 21 wheat
1693 3310 69 27 being
1773 3312 43 20 645.
1828 3310 42 26 9d.,

1285 3338 77 28 barley
1371 3341 43 20 325.
1424 3339 44 26 4d.,
1485 3338 46 22 and
1543 3340 45 20 oats
1606 3339 44 20 225.
1666 3336 37 23 4d.
1717 3345 42 20 per
1773 3336 99 28 imperial

1285 3369 95 23 quarter.
1389 3379 4 4 ■
1409 3366 50 26 But,
1471 3366 20 21 if
1496 3373 34 14 we
1541 3368 49 19 turn
1601 3368 22 17 to
1635 3364 37 22 the
1680 3364 122 28 provincial
1815 3371 58 14 mar-

1285 3392 56 27 kets,
1357 3400 33 14 we
1406 3392 48 22 find
1470 3399 13 14 a
1498 3392 101 22 different
1614 3394 124 19 statement.
1767 3391 68 25 Thus,
1851 3393 22 18 at

1286 3418 137 28 Edinburgh,
1445 3426 28 15 on
1492 3419 38 22 the
1550 3418 50 22 15th
1620 3418 133 26 December,
1773 3418 36 21 the
1825 3413 48 25 best

1287 3444 72 23 wheat
1373 3446 97 27 actually
1479 3445 96 27 brought
1591 3446 44 21 80s.
1646 3452 14 14 a
1675 3448 96 24 quarter,
1787 3443 85 27 though

1286 3471 39 22 the
1341 3473 77 27 supply
1427 3480 45 14 was
1487 3472 62 27 large
1559 3471 44 22 and
1620 3472 36 21 the
1667 3471 55 22 sales
1732 3470 74 27 heavy
1812 3478 4 19 ;
1832 3470 41 21 but

1276 3505 5 7 -
1288 3503 55 17 even
1353 3499 53 22 here
1415 3499 38 22 the
1461 3506 94 20 average
1562 3505 42 15 was
1611 3497 104 27 reduced,
1726 3497 30 26 by
1762 3496 112 22 consider-

1288 3524 48 23 able
1346 3526 118 27 quantities
1475 3526 25 21 of
1506 3527 73 20 wheat
1590 3524 66 26 being
1665 3523 125 28 presented,
1800 3523 72 22 which

1287 3551 40 22 did
1335 3557 39 17 not
1379 3553 82 22 realize
1468 3559 62 15 more
1539 3552 53 21 than
1599 3551 35 24 £2
1639 3552 30 19 ss.
1677 3557 13 14 a
1698 3553 95 23 quarter.
1814 3549 60 22 Such

1287 3578 128 28 low-priced
1425 3579 72 21 wheat
1506 3579 19 21 is
1534 3578 57 22 unfit
1595 3578 36 21 for
1643 3576 92 27 making
1741 3576 77 27 bread,
1831 3576 43 22 and

1287 3605 19 21 is
1315 3606 123 26 purchased
1447 3606 34 21 for
1494 3602 92 28 making
1595 3603 80 26 starch,
1690 3603 46 21 and
1747 3603 55 22 such
1813 3603 62 22 other

1287 3639 112 21 purposes.
1426 3632 48 22 The
1484 3634 76 26 potato
1569 3637 52 20 crop
1630 3630 23 21 in
1665 3629 105 22 Scotland
1783 3637 92 19 appears

1289 3659 112 27 generally
1409 3662 24 18 to
1443 3659 58 21 have
1510 3656 82 23 turned
1602 3660 38 18 out
1649 3656 56 27 well,
1715 3656 42 21 but
1765 3656 25 22 in
1804 3656 70 22 Wales

1289 3685 43 22 and
1341 3685 92 22 Ireland
1442 3686 19 20 it
1470 3683 177 27 isundoubtedly
1655 3683 112 22 deficient.
1780 3695 3 3 •
1797 3684 78 27 Owing

1289 3715 22 18 to
1320 3712 36 21 the
1373 3713 51 26 long
1433 3711 146 22 continuance
1590 3710 26 21 of
1629 3712 43 19 wet
1682 3710 103 28 weather,
1803 3711 18 21 it
1832 3718 42 14 was

1288 3738 124 28 impossible
1427 3741 23 18 to
1465 3738 52 21 take
1532 3744 30 20 up
1578 3737 37 20 the
1630 3743 62 21 crops
1708 3740 23 18 at
1741 3737 40 22 the
1796 3745 80 20 proper

1288 3765 83 27 period.
1401 3765 69 21 Great
1484 3763 118 28 quantities
1616 3763 58 22 have
1693 3764 58 21 been
1766 3764 73 22 found
1853 3768 22 17 to

1290 3792 55 22 have
1355 3791 73 22 rotted
1433 3790 24 21 in
1467 3790 37 21 the
1513 3790 100 27 ground;
1624 3790 46 21 and
1679 3790 24 22 in
1713 3797 61 16 some
1783 3795 61 23 parts
1854 3790 24 23 of

1291 3818 87 23 Ireland
1389 3822 39 17 not
1435 3817 106 21 one-half
1548 3817 23 21 of
1579 3817 38 21 the
1625 3820 77 24 potato
1710 3825 51 19 crop
1772 3819 39 20 has
1818 3817 57 22 been

1289 3845 74 22 saved!
1394 3844 25 21 In
1433 3843 106 28 England
1553 3843 46 22 and
1614 3843 97 27 Ireland,
1727 3851 25 14 as
1761 3844 50 22 well
1821 3851 23 14 as
1854 3844 25 21 in'

1276 3879 1 19 I
1291 3872 90 26 France,
1393 3870 62 23 there
1461 3870 57 23 have
1527 3870 58 22 been
1593 3872 84 20 serious
1684 3870 78 26 floods,
1770 3871 29 31 by
1806 3870 71 23 which

1291 3902 7 17 f
1302 3905 26 14 tie
1339 3897 71 22 wlteat
1419 3897 91 27 already
1519 3905 60 14 sown
1588 3897 42 22 has
1639 3898 57 21 been
1783 3898 96 26 injured,;

1276 3919 2 34 J
1291 3925 41 21 Aw)
1344 3932 11 14 ft
1366 3928 62 22 <ireat
1444 3928 77 18 extent
1531 3924 25 22 of
1567 3924 91 28 ground,
1669 3924 109 22 intended
1787 3924 33 21 for
1830 3924 49 21 that

1276 3954 2 17 :
1292 3957 6 14 r
1306 3959 37 20 Top
1355 3952 39 21 has
1403 3950 115 24 remained
1527 3947 131 26 unsown."'

816 50 214 45 ot^autr
1278 49 92 40 antr
1393 49 305 47 WBtUinqton
1723 45 253 52 Spectator.

615 102 4 4 •
631 99 6 4 •*
642 102 5 8 »
652 96 4 3 '
661 92 76 19 y'£."i""
731 106 5 5 :
764 92 85 19 't?I:-l."-^
849 97 9 9 w
861 97 12 14 '^
878 91 91 20 j£g£lsi!i
976 91 66 20 '^yfar
1065 97 41 10 —->
1113 92 5 10 '•
1146 101 4 4 •
1181 95 4 4 *
1191 92 12 14 .^
1214 99 4 5 '
1261 97 3 10 i
1277 104 3 7 ,

1891 136 108 22 Lecture
2019 144 127 16 delivered
2162 144 27 15 at
2204 144 46 16 the
2272 137 146 23 Mechanic's
2435 139 37 21 In-

1918 170 102 19 stitute,
2037 171 28 13 by
2085 164 97 22 George
2198 163 91 24 White,
2306 163 48 22 J.P.
2371 172 31 14 on
2426 172 46 15 the

1919 191 55 19 14rn
1989 189 69 26 June,
2075 191 58 21 1842.
2164 190 128 27 [Continued
2293 191 61 24 from
2364 198 42 14 our
2413 193 47 21 last.
2463 192 9 25 ]
