3320 4340
1098 1588 123 19 VISITORS'
1235 1589 62 17 LIST.

1119 1648 73 17 Grand
1202 1648 75 17 Hotel.

1004 1676 80 24 Captain
1101 1676 86 23 Meryon,
1206 1676 71 19 H.M.s.
1296 1677 117 21 Katoomba;

981 1701 29 16 Sir
1019 1700 75 17 Patrick
1104 1699 37 18 and
1151 1699 15 18 L
1173 1700 31 22 t<ly
1217 1700 89 22 Buckley,
1323 1700 81 24 Welling-

981 1725 44 20 ton;
1040 1723 70 18 Messrs
1118 1723 76 21 Govett,
1204 1723 39 17 and
1251 1723 56 21 Roth,
1322 1723 82 24 Welling-

981 1748 42 20 ton;
1039 1747 55 19 How,
1105 1746 86 24 Sydney;
1206 1747 22 16 E.
1242 1747 22 16 L.
1282 1746 66 22 Smith,
1364 1747 39 23 Opo-

982 1769 43 21 tiki;
1041 1770 29 16 Mr
1078 1769 37 18 and
1125 1770 40 16 Mrs
1176 1769 80 21 Benson,
1274 1770 90 21 London;
1385 1771 31 16 Air

981 1794 37 16 and
1024 1794 40 16 Mrs
1070 1792 81 23 McKay,
1157 1792 84 23 Sydney;
1251 1792 46 19 Miss
1304 1793 110 23 Callaghan,

981 1816 101 21 Okoroi.ro;
1098 1816 31 16 Mr
1143 1816 38 17 and
1197 1816 40 18 Mrs
1251 1816 65 18 Alfred
1333 1816 81 21 Nathan,

982 1839 65 19 Misses
1058 1839 73 23 Wuugh
1141 1839 38 17 and
1183 1839 99 21 Farmiloe,
1292 1839 122 24 DrL2vigno,

982 1863 68 17 Messrs
1060 1863 21 16 E.
1095 1862 64 21 Davis,
1176 1862 105 22 Studholm,
1296 1863 37 16 and
1351 1863 52 18 Mont-

982 1891 83 18 gomery,
1076 1885 105 18 Auckland,

1006 1937 81 18 Geyser
1096 1937 77 20 Hotel,
1184 1937 207 19 Whaxarewarewa.

1005 1966 69 17 Messrs
1083 1965 108 21 Chadwick,
1201 1966 65 20 Elliot,
1279 1966 68 21 Smith,
1357 1967 58 23 Page,

983 1989 108 21 Buchanan,
1103 1989 52 21 Ross,
1167 1989 60 20 Hunt,
1239 1990 62 16 Misses
1311 1989 55 25 Lang
1383 1990 32 23 (2-),

985 2015 27 15 Air
1020 2012 38 17 and
1067 2013 40 16 Mrs
1115 2013 22 16 O.
1148 2012 73 23 Guady,
1232 2013 90 22 England
1330 2012 3 23 ;
1350 2017 65 13 Messrs

983 2034 110 19 Donaldson
1101 2036 38 17 and
1150 2036 94 20 i-T.uddai.-t,
1256 2036 101 20 Miss.Kiss,
1368 2037 36 22 Syd-

983 2064 36 17 ney
1025 2065 5 14 ;
1052 2059 70 17 Messrs
1138 2058 21 18 B.
1176 2058 122 22 Richardson,
1317 2058 98 23 Swansea;

983 2081 97 24 Kennedy,
1092 2082 47 16 New-
1148 2081 62 26 York;
1225 2082 86 25 Hughes,
1320 2083 95 19 Brisbane;

985 2106 60 18 Kahn,
1057 2105 91 23 Bombay,
1156 2105 66 23 India;
1237 2105 70 22 White,
1314 2106 101 22 Taranaki;

985 2128 16 18 S.
1013 2128 59 23 Percy
1080 2128 68 21 Smith,
1154 2128 126 23 Wellington;
1294 2129 91 23 Dolancy,
1392 2130 24 17 A.

984 2152 63 20 Davis,
1063 2152 28 16 Mr
1107 2152 37 16 and
1157 2152 40 17 Mrs
1214 2151 105 22 McManus,
1339 2152 28 18 Mr
1380 2153 38 17 and

984 2175 39 17 Mrs
1032 2175 23 17 G.
1069 2175 58 19 Read,
1145 2175 38 17 Mrs
1197 2175 111 22 Benjamin,,
1319 2174 37 18 and
1372 2177 46 15 Miss

985 2199 78 18 Burton,
1078 2194 109 25 Auckland;
1202 2198 84 19 Mr-and.
1298 2199 38 16 Mrs
1354 2199 62 21 Kohn,

985 2220 139 22 Qhristchurch.

1051 2267 87 18 Brent's
1150 2268 112 16 Bathgate
1275 2269 76 17 House.

1009 2299 30 18 Mr
1047 2300 38 16 and
1099 2300 41 16 Mrs
1148 2300 102 23 McOurdy,
1263 2300 27 18 Dr
1300 2301 79 20 Russell,
1392 2300 28 19 Mr

985 2323 26 17 H.
1029 2323 20 17 C.
1067 2323 68 19 White,
1154 2323 85 22 Sydney;
1261 2324 40 17 Mrs
1318 2324 37 17 and
1373 2323 46 19 Miss

986 2346 70 20 Danks,
1079 2346 29 17 Mr
1128 2346 67 20 Steele,
1220 2347 125 21 Wellington;
1374 2346 46 19 Miss

987 2369 73 18 Garden
1082 2368 32 24 (2),
1136 2370 113 21 Yorkshire;
1277 2370 28 17 Mr
1322 2371 37 16 and

987 2392 110 24 Wolfgram,
1112 2392 67 18 Samoa
1187 2392 3 24 ;
1205 2393 45 17 Rev.
1267 2394 69 17 Father
1352 2394 54 22 Doug-

987 2416 59 23 herty,
1057 2415 29 17 Mr
1093 2415 26 18 N.
1128 2416 22 18 E.
1166 2415 64 22 Gibbs,
1248 2416 119 23 Melbourne.;
1383 2418 37 18 Mrs

987 2439 37 17 and
1040 2438 45 17 Miss
1102 2439 86 20 Roberts,
1206 2439 29 17 Mr
1251 2438 22 19 G.
1288 2439 28 18 W/.
1334 2441 84 21 Atmoro,

988 2462 115 26 Wanganui;
1127 2462 37 17 Mrs
1180 2462 19 17 J.
1220 2463 99 20 Renshaw,
1337 2464 37 17 and
1392 2465 29 16 Mr

988 2486 92 16 Renshaw
1088 2486 31 21 jr.,
1129 2485 91 22 Thame.-,;
1236 2486 37 17 Mrs
1286 2486 37 17 and
1337 2487 44 17 Miss
1397 2488 22 17 G.

987 2509 22 17 B.
1034 2509 67 20 Smith,
1123 2509 100 21 Dunedin;
1246 2509 66 18 Messrs
1330 2510 89 23 Cropper,

988 2531 97 19 Goulburn
1093 2531 3 24 ;
1111 2532 87 19 Melville,
1209 2533 25 16 To
1243 2532 100 19 Awamtitu
1352 2539 7 16 ;-
1370 2534 38 17 Con-

988 2556 57 21 nolly,
1053 2555 61 22 Hyde;
1129 2556 82 21 Reaney,
1220 2556 98 21 Pahiatua;
1333 2557 86 20 Parsons,

988 2579 63 20 Stone,
1074 2578 73 23 La-wry,
1166 2578 22 19 J..
1207 2579 19 17 C.
1248 2579 79 20 Abbott,
1345 2580 74 21 Nichol,

988 2602 66 16 Misses
1063 2602 40 16 Hill
1114 2601 32 24 (2),
1156 2602 29 16 Mr
1192 2602 37 16 and
1237 2603 36 17 Mrs
1281 2603 19 17 C.
1307 2603 113 21 Alexander,

988 2625 31 17 Mr
1027 2625 37 16 and
1074 2625 40 17 Mrs
1122 2625 26 18 Hi
1158 2625 29 18 W.
1197 2625 77 21 Abbott,
1286 2626 28 17 Mr
1331 2627 37 16 and
1380 2627 41 17 Mrs

988 2650 100 17 Thomson,
1100 2648 37 17 Mrs
1146 2648 89 23 Lindsay,
1254 2649 37 16 Mrs
1306 2650 114 20 McDonald,

988 2671 99 18 Auckland
1094 2671 4 23 ;
1114 2672 36 16 Mrs
1159 2672 75 22 Bright,
1244 2671 93 19 Waikato.

1120 2718 45 17 The
1177 2718 110 18 Laxgham.

1010 2745 64 21 Judge
1082 2745 78 20 Wilson,
1167 2745 98 17 Auckland
1272 2745 4 21 ;
1286 2746 69 17 Messrs
1362 2747 50 16 T.'ira-

988 2768 58 21 whiti,
1056 2765 75 25 Huntly
1139 2765 3 27 ;
1157 2768 102 23 McGlynn,
1272 2765 86 27 Taupiri;
1373 2770 36 17 Pat-

987 2793 69 19 terson,
1067 2791 102 24 Remuera;
1180 2791 106 22 Sherridan,
1293 2792 125 23 Wellington;

987 2814 72 22 Skeats,
1070 2815 110 21 Hamilton;
1195 2815 90 21 Nicholls,
1296 2816 123 17 Devonshire.

1120 2862 85 16 Mokoia
1218 2862 62 17 View.

1010 2892 67 18 Messrs
1086 2893 22 17 O.
1118 2893 70 22 Bryan,
1197 2893 29 17 W.
1234 2893 52 21 Pair,
1296 2893 124 23 Canterbury;

987 2916 81 23 Goggin,
1079 2916 125 21 Queensland;
1216 2916 112 22 Matherson,
1334 2918 86 18 Thames;

986 2939 87 20 Hennen,
1080 2939 113 21 Melbourne;
1205 2939 93 22 Marshall;
1304 2940 116 21 Hammond,

986 2963 64 21 Perry,
1060 2968 23 11 an
1093 2961 5 16 I
1112 2963 39 16 Miss
1162 2963 74 19 Martin,
1244 2962 106 18 Auckland.

986 3018 56 23 THE
1065 3018 54 24 HOT
1137 3019 98 22 LAKES
1254 3018 168 24 CHRONICLE

1174 3055 57 12 AND

1089 3083 107 22 Tourists'
1221 3083 201 22 Journal.

986 3137 169 20 WEDNESDAY,
1164 3137 142 17 DECEMBER
1322 3138 26 20 11,
1369 3126 50 30 1895.

1011 3194 65 18 There
1095 3194 37 19 has
1150 3194 54 19 been
1217 3201 13 12 a
1248 3197 67 21 pretty
1337 3196 85 23 genera}-

986 3222 75 23 protest
1071 3218 86 21 enterecC
1166 3220 50 19 from
1233 3220 27 19 all
1270 3223 55 22 parts
1344 3221 21 18 of
1384 3222 36 18 the

986 3249 84 21 country
1083 3246 20 19 in
1114 3246 74 26 regard
1193 3250 20 15 to
1223 3247 33 18 the
1265 3246 76 19 revival
1353 3247 21 18 of
1385 3248 35 18 the

986 3272 86 25 practice
1083 3272 20 19 in
1114 3272 53 19 force
1182 3279 26 18 up
1219 3274 19 17 to
1249 3272 113 20 December
1369 3272 50 20 1885

987 3300 83 23 respecti
1096 3305 5 4 -
1129 3298 34 19 the
1183 3298 89 25 delivery
1296 3299 22 18 of
1336 3298 83 25 delayed

987 3323 113 26 telegrams.
1138 3324 43 18 The
1200 3324 148 25 departmental
1358 3324 58 20 order

986 3350 16 18 is
1010 3352 20 16 to
1041 3350 34 18 the
1087 3350 58 19 effect
1157 3350 45 18 that
1212 3354 21 15 at
1251 3354 84 21 country
1353 3352 67 18 offices

986 3375 77 26 closing
1072 3379 21 15 at
1102 3379 10 15 .3
1120 3382 47 19 p.m.
1177 3376 84 25 delayed
1272 3377 107 25 telegrams
1386 3383 22 13 re-

985 3401 68 20 ceived
1064 3402 75 24 during
1149 3402 34 18 the
1193 3402 39 24 day
1242 3405 53 15 must
1304 3406 35 15 not
1349 3403 25 18 be
1384 3403 35 19 de=

986 3427 75 19 livered
1073 3429 50 18 until
1145 3428 33 18 the
1196 3429 105 23 following
1318 3429 99 25 indrning:

986 3453 48 19 This
1045 3455 85 23 practice
1148 3460 45 17 may
1205 3454 25 18 be
1249 3453 27 20 all
1287 3460 47 18 very
1344 3454 43 19 well
1398 3455 20 19 in

986 3482 63 16 towns
1060 3480 66 18 where
1136 3480 68 18 letters
1216 3479 40 20 and
1267 3479 84 25 delayed
1362 3481 57 18 wires

986 3512 33 11 are
1038 3505 102 19 delivered
1160 3505 25 25 by
1205 3505 33 19 the
1257 3506 160 20 letter-carriers,

986 3531 37 18 but
1032 3531 16 19 it
1058 3532 17 18 is
1085 3535 52 16 most
1153 3531 66 19 unfair
1230 3534 24 17 to.
1267 3532 65 24 places
1353 3533 65 18 where

985 3564 25 11 no
1021 3558 49 18 such
1083 3560 75 22 system
1178 3564 17 11 is
1214 3557 19 19 in
1255 3564 70 17 vogue.
1356 3557 60 25 Here,

985 3583 98 20 residents
1094 3590 25 17 go
1132 3587 21 16 to
1161 3584 34 18 the
1214 3584 101 24 postoffi.ee
1324 3584 30 18 for
1366 3584 53 19 their

985 3608 69 19 letters
1074 3611 53 17 after
1155 3610 34 18 tho
1207 3610 48 18 mail
1274 3610 82 22 arrives,
1377 3610 41 18 and

986 3634 77 25 though
1075 3636 56 18 there
1139 3642 45 17 may
1200 3635 23 18 he
1233 3635 84 25 delayed
1328 3635 56 20 wires
1396 3642 19 14 wi

985 3660 34 18 the
1030 3662 55 17 office
1109 3662 16 17 it
1135 3662 16 17 is
1174 3661 117 25 impossible
1311 3665 20 14 to
1348 3662 69 17 obtain

985 3686 55 18 them
1057 3687 53 18 until
1129 3687 34 18 tho
1183 3691 48 14 next
1250 3687 47 18 visit
1315 3687 17 18 is
1351 3687 65 18 made.

984 3712 56 18 Take
1050 3712 34 19 tho
1095 3719 44 12 case
1157 3712 20 19 of
1187 3719 12 12 a
1216 3712 82 24 delayed
1320 3712 98 24 telegram

985 3738 90 23 arriving
1085 3738 47 18 here
1143 3745 26 11 on
1176 3738 99 24 Tuesday.
1304 3738 18 18 A
1332 3738 84 18 window

985 3763 88 24 delivery
1087 3763 58 19 takes
1156 3764 55 24 place
1220 3770 25 12 on
1257 3764 92 23 Tuesday
1358 3764 60 23 night

985 3789 36 18 but
1032 3789 33 19 the
1077 3795 90 20 message
1175 3790 16 18 is
1201 3791 34 17 not
1245 3789 122 20 obtainable.
1386 3790 31 18 On

986 3814 128 23 Wednesday
1125 3815 33 19 tho
1174 3815 52 19 train
1245 3815 75 19 arrives
1334 3818 20 15 at
1364 3817 51 21 8.30,

985 3841 36 19 but
1033 3841 55 19 there
1099 3841 16 19 is
1125 3848 26 12 no
1165 3841 89 24 delivery
1266 3842 44 17 that
1320 3841 64 23 night,
1395 3848 22 11 so

984 3867 67 18 unless
1061 3867 26 24 by
1094 3874 56 12 some
1158 3867 108 19 fortuitous
1270 3867 144 19 circumstance

984 3893 34 18 tho
1029 3892 105 20 addressee
1146 3893 89 25 happens
1245 3898 21 13 to
1283 3893 94 18 meander
1387 3893 20 18 in-

984 3921 19 16 to
1023 3919 35 18 the
1077 3919 101 25 postoffice
1198 3926 25 11 on
1244 3918 127 26 Wednesday
1382 3919 34 18 the

985 3945 95 24 telegram
1092 3944 16 20 is
1120 3948 35 15 not
1168 3945 116 18 obtainable
1299 3945 31 18 till
1340 3945 64 19 Thurs-

984 3970 39 26 day
1033 3971 99 25 morning.
1162 3970 31 20 On
1202 3970 35 19 the
1253 3977 55 13 same
1317 3970 97 26 principle

984 4003 12 12 a
1022 3996 98 25 tolograin
1146 3997 90 24 arriving
1262 4003 25 12 on
1315 3997 99 23 Saturday

984 4023 64 18 would
1058 4025 36 16 not
1112 4023 24 18 be
1155 4022 90 19 received
1265 4022 30 19 till
1312 4022 99 24 Tuesday.

984 4048 25 19 So
1019 4050 32 17 far
1061 4055 22 12 as
1093 4051 84 21 country
1188 4051 63 16 towns
1263 4051 34 16 not
1308 4048 104 24 possessed

983 4075 21 18 of
1014 4081 11 12 a
1035 4074 55 25 daily
1098 4074 48 19 mail
1156 4081 34 12 are
1199 4074 116 24 concerned,
1327 4074 84 23 delayed

985 4100 43 19 wiiv.
1033 4107 8 11 s
1051 4100 64 23 ought
1131 4100 67 24 surely
1214 4102 19 16 to
1250 4100 25 18 bo
1292 4099 78 19 treated
1389 4105 22 13 as

984 4125 94 26 ordinary
1085 4125 70 20 letters
1163 4125 32 20 for
1204 4125 89 26 delivery
1313 4125 51 19 from
1381 4125 35 18 the

984 4151 100 27 postoffice
1093 4155 20 15 at
1133 4152 65 18 which
1217 4151 47 25 they
1285 4158 33 12 are
1337 4151 77 24 posted.

1438 136 65 19 There
1514 137 17 18 is
1540 143 26 12 no
1576 136 65 19 doubt
1653 137 45 19 that
1709 137 40 18 this

1439 162 21 19 of
1469 163 34 18 the
1514 169 109 12 numerous
1630 165 55 22 petty
1695 169 90 12 revenue
1794 162 79 26 raising

1438 188 79 19 devicbS
1528 188 65 19 which
1600 188 37 19 fall
1648 188 80 25 heavily
1743 195 26 12 on
1779 188 36 20 the
1821 188 53 20 class

1439 215 21 18 of
1470 214 71 25 people
1559 214 51 19 least
1625 214 46 19 able
1681 218 21 15 to
1721 214 66 19 afford
1797 216 23 17 it.
1848 215 26 18 In

1439 240 40 19 this
1495 247 50 16 ease,
1563 240 97 22 however,
1679 241 16 18 it
1712 241 17 18 is
1749 247 55 12 more
1824 241 50 18 than

1439 266 98 25 probable
1545 266 45 20 that
1599 266 17 19 it
1622 266 41 20 will
1679 268 35 17 not
1731 267 52 19 have
1793 266 35 19 the
1840 266 24 19 do
1869 266 2 25 >

1439 292 52 19 sired
1502 293 64 18 effect.
1596 292 25 19 In
1639 293 57 24 place
1716 293 21 18 of
1756 293 94 24 securing
1863 298 12 12 a

1439 322 80 21 greater
1527 318 86 18 number
1623 319 21 18 of
1658 319 96 24 ordinary
1763 319 110 24 telegrams

1439 345 16 17 it
1466 344 40 20 will
1517 346 51 16 most
1579 344 62 25 likely
1651 351 59 12 cause
1727 345 36 17 the
1772 345 71 24 public
1854 346 20 16 to

1439 374 64 14 resort
1514 374 21 15 to
1550 371 34 18 the
1604 376 35 12 use
1659 371 21 18 of
1698 370 117 26 post-cards
1834 370 40 18 and

1440 396 76 19 letters.

1439 446 103 25 LOCAL
1555 446 96 24 NEWS
1675 446 70 23 AND
1759 447 105 23 NOTES.

1462 504 38 16 Tho
1509 505 47 15 next
1562 504 82 22 meeting
1653 504 20 17 of
1687 504 32 16 the
1736 504 58 16 Town
1812 504 62 16 Board

1441 527 34 16 will
1486 527 44 18 take
1536 527 54 23 place
1599 532 26 12 on
1629 526 99 24 Thursday
1737 527 103 18 Dacsmbar
1851 527 20 18 19

1439 550 19 17 in
1467 550 52 22 place
1528 550 20 18 of
1556 550 33 17 the
1597 551 10 15 2
1609 550 39 17 oih.

1462 580 17 16 A
1488 579 83 23 mooting
1585 580 20 15 of
1618 579 32 18 the
1664 579 80 23 Library
1762 579 113 19 Committee

1439 602 52 17 takes
1507 602 54 23 place
1576 602 21 18 in
1609 602 32 17 the
1656 602 91 18 Institute
1761 608 25 12 oa
1804 602 70 21 Friday

1439 626 61 21 night.

1462 655 38 17 Tho
1509 654 103 18 Christmas
1621 654 88 18 numbers
1721 654 21 17 of
1750 654 33 17 the
1799 654 75 18 various

1439 677 79 24 English
1529 677 124 23 publications
1669 684 30 10 arc
1708 683 43 11 now
1759 677 86 23 arriving
1854 678 20 17 at

1439 700 32 18 the
1479 700 118 19 Cjxboxicee
1610 700 74 17 Office.*

1462 729 38 18 The
1509 728 109 20 Mackenzie
1627 729 80 18 Conceit
1721 729 99 23 Company
1829 730 46 17 with

1439 758 57 17 many
1503 758 44 12 new
1556 752 39 17 and
1609 753 100 16 attractive
1722 753 84 17 features
1813 752 62 18 added

1439 778 19 15 to
1467 776 24 16 its
1501 776 103 21 repertoire-
1610 776 38 16 will
1658 781 37 17 ply
1705 775 84 19 Rotorua
1795 776 80 18 another

1439 799 43 18 visit
1491 799 51 22 early
1551 798 19 18 in
1584 798 102 23 February.

1462 827 31 16 Mr
1502 827 22 16 It.
1540 825 76 24 Badgor
1628 827 20 15 of
1661 826 105 23 Tauranga,
1782 827 43 15 who
1841 827 33 16 has

1438 849 47 18 been
1494 856 24 11 on
1527 856 11 10 a
1547 849 46 18 visit
1599 851 19 14 to
1627 849 32 17 the
1668 849 31 18 old
1709 849 85 22 country,
1803 849 33 17 has
1846 855 19 11 re-

1439 873 68 16 turned
1520 873 20 17 to
1555 872 116 22 Wellington
1686 872 24 22 by
1727 872 32 17 the
1778 871 96 19 Kaikouni

1438 896 37 17 and
1484 896 15 17 is
1508 894 91 24 expectsd
1608 895 19 17 in
1636 895 100 23 Tauranga
1745 895 38 18 this
1793 896 57 17 week.

1462 924 76 19 Certain
1544 924 79 17 sections
1629 924 19 16 in
1654 924 32 17 the
1692 924 182 18 Mir.iero.i-Oturoa

1438 948 59 17 Block
1507 948 38 16 will
1553 947 23 18 bo
1585 947 68 18 offered
1663 948 28 16 for
1709 947 17 17 le
1733 954 25 10 ise
1772 948 25 21 by
1811 947 63 23 public

1438 971 76 19 auction
1534 973 20 15 at
1571 971 98 16 Auckland
1686 976 24 11 on
1726 970 86 25 January
1831 971 43 18 lath

1438 996 51 15 111'X.t.

1462 1024 16 16 A
1488 1023 63 18 Dance
1560 1023 15 16 is
1583 1021 111 19 announced
1706 1023 20 18 to
1735 1023 43 16 take
1787 1023 54 21 place
1850 1029 22 10 on

1439 1047 75 21 Boxing
1524 1046 60 23 Night
1594 1046 19 17 in
1622 1046 31 17 tho
1663 1046 86 17 Pakeroa
1763 1046 47 17 Hall
1819 1046 54 18 when

1438 1070 32 17 the
1479 1069 59 18 music
1549 1069 35 17 will
1594 1068 22 18 bo
1625 1068 90 23 provided
1724 1069 25 22 by
1764 1069 32 18 the
1813 1070 48 17 Roto-

1438 1099 34 11 rua
1481 1093 91 17 Amateur
1580 1093 56 16 Brass
1648 1092 59 17 Band.

1461 1121 107 17 Numerous
1576 1119 112 24 complaints
1696 1120 47 16 have
1758 1120 48 16 been
1819 1120 55 17 made

1438 1145 22 16 to.
1475 1150 21 11 us
1512 1144 20 16 iii
1549 1145 72 20 respect
1635 1143 20 18 to
1667 1143 33 18 the
1709 1143 50 19 utter
1776 1143 97 23 disregard

1438 1168 61 16 which
1508 1167 15 17 is
1532 1166 44 23 paid
1585 1167 19 16 to
1614 1166 31 17 the
1654 1166 40 17 rule
1703 1167 76 21 against
1786 1166 88 24 smoking

1438 1192 20 15 at
1467 1190 31 18 the
1507 1190 74 17 various
1592 1189 131 18 bath-houses.

1461 1218 20 17 Tt
1489 1218 15 17 is
1513 1216 78 19 underst
1597 1216 36 21 )od,
1643 1217 26 22 by
1685 1217 53 17 those
1753 1217 43 17 who
1813 1218 61 19 ought

1438 1241 84 21 toknow,
1531 1241 42 17 that
1580 1240 31 18 the
1617 1241 159 17 commencement
1782 1241 19 16 of
1807 1246 58 17 opera-

1438 1264 49 18 tions
1495 1264 20 17 in
1524 1264 110 17 connection
1652 1263 44 17 with
1713 1263 32 18 the
1760 1263 62 18 wharf
1836 1264 37 17 and

1438 1288 44 17 boat
1491 1288 70 16 shelter
1577 1287 38 16 will
1630 1286 44 18 take
1687 1286 53 23 pla-30
1757 1287 68 16 within
1841 1288 32 15 the

1438 1313 46 15 next
1493 1310 50 17 week
1552 1316 21 11 or
1583 1316 26 11 so.

1462 1339 18 16 It
1489 1339 14 16 is
1519 1338 77 17 notified
1611 1338 19 16 in
1644 1338 33 16 the
1691 1338 77 17 Gazette
1782 1338 41 17 that
1842 1338 31 17 the

1438 1362 104 17 Christmas
1558 1361 86 21 holidays
1660 1361 19 17 in
1696 1361 33 17 the
1745 1361 129 18 Gfovernment

1438 1385 61 17 offices
1509 1385 38 16 will
1556 1383 68 20 extend
1634 1385 48 16 from
1691 1384 105 18 December
1801 1385 43 17 2otti
1853 1386 19 16 to

1438 1408 103 17 December
1549 1407 50 21 28th,
1610 1408 36 16 and
1657 1408 47 17 from
1713 1408 86 22 January
1811 1409 27 16 Ist
1853 1409 20 16 to

1438 1432 84 21 January
1532 1430 43 21 2nd,
1588 1431 48 20 1896,
1646 1430 26 18 all
1681 1430 52 18 dates
1743 1431 96 17 inclusive.

1460 1464 39 17 The
1509 1468 115 18 appearance
1634 1462 20 18 of
1662 1463 31 16 the
1703 1463 67 18 Corom
1778 1469 18 12 in
1803 1462 23 19 10l
1834 1464 38 16 Sun

1438 1488 33 16 has
1480 1487 36 17 had
1526 1493 11 10 a
1547 1486 103 17 wonderful
1660 1486 53 17 effect
1728 1491 24 12 on
1767 1486 33 17 the
1815 1487 46 17 Coro-

1438 1510 74 18 nuindel
1522 1510 61 16 News.
1608 1509 47 20 Two,
1662 1509 60 19 whole
1731 1515 49 17 pig)
1785 1510 31 17 -of
1824 1510 36 16 min-

1438 1534 34 21 ing
1488 1533 71 17 notices
1575 1533 47 16 have
1639 1532 123 23 disappeared
1782 1533 38 17 and
1841 1533 31 17 tho

1438 1557 82 16 familiar
1766 1556 54 17 takes
1825 1556 49 17 their

1438 1580 58 23 place.

1461 1609 39 16 The
1509 1608 79 23 hearing
1596 1608 20 17 of
1625 1608 35 17 the-
1668 1608 125 22 applications
1806 1608 25 22 by
1841 1608 31 17 the

1440 1632 84 17 Minister
1532 1631 20 18 of
1558 1630 64 18 Lands
1630 1632 20 16 to
1656 1631 91 17 ascertain
1757 1631 33 18 the
1796 1631 78 18 interest

1438 1655 20 17 of
1474 1656 33 16 the
1524 1655 66 17 Crown
1607 1654 19 17 in
1647 1654 32 17 the
1701 1654 173 18 Whakarowarcwa

1438 1678 55 18 block
1502 1679 15 16 is
1526 1677 57 23 being
1592 1677 101 22 proceeded
1709 1677 46 17 with
1770 1679 8 15 t
1786 1677 53 23 >-day
1855 1677 18 18 in

1439 1702 31 17 the
1486 1702 68 17 Native
1571 1700 55 17 Land
1648 1701 59 18 Court
1726 1701 64 16 before
1810 1701 64 22 Judge

1439 1725 77 18 Wilson.

1462 1754 59 17 Those
1531 1754 42 16 who
1582 1753 47 17 have
1636 1754 33 16 not
1677 1754 33 21 yet
1726 1752 75 23 bought
1808 1753 66 17 tickets

1439 1778 30 16 for
1477 1778 32 16 the
1518 1777 74 17 concert
1601 1782 23 11 on
1634 1776 64 19 behalf
1711 1777 20 16 of
1740 1776 32 17 the
1790 1777 88 17 Catholic.

1439 1801 75 17 Church
1522 1806 32 11 are
1562 1798 141 19 recommended
1716 1801 19 15 to
1752 1801 33 21 get
1795 1800 51 17 them
1855 1801 19 16 at

1439 1830 45 11 once
1493 1829 20 12 as
1521 1823 16 17 it
1549 1823 33 16 has
1597 1823 46 17 been
1660 1822 77 17 decided
1754 1823 35 17 not
1796 1823 21 17 to
1825 1823 49 18 issue

1439 1848 67 16 tickets
1516 1848 19 15 to
1545 1851 49 12 more
1604 1845 65 24 people
1678 1846 46 16 than
1739 1846 32 17 the
1789 1846 38 17 hall
1837 1846 37 17 will

1439 1871 50 17 hold.
1524 1870 40 16 The
1580 1874 119 18 programme
1716 1869 37 17 will
1771 1875 70 16 appear
1855 1869 19 17 in

1439 1895 46 16 next
1493 1893 49 17 issue
1551 1893 20 16 of
1580 1892 33 18 the
1622 1892 133 18 CHKOXICLE.*

1463 1922 18 16 It
1491 1921 14 17 is
1516 1919 64 19 notifie
1587 1919 5 18 1
1609 1919 19 18 in
1646 1920 79 17 another
1740 1919 75 18 column
1832 1920 43 17 that

1439 1945 32 18 the
1480 1944 75 18 Church
1565 1944 19 16 of
1602 1943 90 22 England
1708 1949 106 17 parsonage
1831 1944 15 16 is
1855 1945 19 16 to

1439 1968 25 17 let
1474 1966 103 18 furnished.
1602 1966 39 17 Tlic
1650 1966 57 17 house
1717 1966 33 17 has
1759 1966 59 23 lately
1827 1967 45 17 been

1439 1990 77 23 painted
1523 1990 38 17 and
1568 1989 100 17 renovated
1674 1989 19 17 in
1700 1996 56 15 every
1763 1996 12 15 p
1782 1990 88 17 irticular.

1439 2015 43 17 Two
1492 2014 89 17 five-acre
1597 2012 101 23 paddocks,
1709 2012 125 20 well-fcocad.
1838 2013 37 18 arid

1439 2037 89 23 partially
1537 2036 20 17 in
1566 2042 57 16 grass,
1634 2036 38 16 will
1681 2036 40 16 also
1730 2036 22 17 be
1760 2036 67 21 leased,
1839 2036 36 17 and

1440 2068 10 9 a
1459 2061 66 22 spring
1536 2062 40 14 cart
1592 2059 38 17 and
1644 2059 82 20 harness,
1747 2059 127 21 chaff-cutter,

1440 2084 38 20 &C,
1489 2090 31 10 are
1529 2083 30 17 for
1573 2082 43 18 sale.

1463 2111 30 18 Sir
1502 2111 75 17 Patrick
1586 2110 37 16 and
1637 2109 54 22 Lady
1706 2110 85 22 Buckley
1803 2111 73 16 arrived

1439 2135 26 23 by
1474 2135 37 17 last
1519 2133 71 23 night':;
1601 2133 50 17 train
1660 2133 48 17 from
1719 2134 24 16 Te
1758 2134 69 18 Aroha,
1838 2133 38 18 and

1440 2158 16 17 it
1467 2157 74 21 is,their
1548 2156 96 18 intention
1651 2157 19 17 to
1686 2157 71 16 remain
1774 2157 48 17 here,
1827 2157 29 17 for
1865 2163 11 10 a

1441 2181 34 18 few
1486 2181 52 21 days.
1563 2179 39 18 The
1611 2179 14 17 B
1632 2180 38 16 iths
1686 2179 43 17 here
1747 2179 48 18 have
1804 2180 70 22 always

1441 2204 37 17 had
1486 2210 11 10 a
1507 2204 49 16 most
1562 2203 96 16 beneficial
1667 2203 54 17 effect
1729 2208 24 12 on
1765 2202 29 18 Sir
1802 2203 74 17 Patrick

1441 2227 36 17 and
1484 2227 16 17 it
1512 2227 15 17 is
1536 2228 20 15 to
1564 2226 23 17 be
1596 2225 61 23 hoped
1667 2226 42 17 that
1718 2225 28 18 his
1761 2228 76 20 present
1846 2232 20 11 so-

1440 2251 56 22 journ
1505 2250 20 17 in
1535 2250 83 17 Rotorua
1627 2248 39 18 will
1671 2250 72 19 restore
1747 2249 45 20 him.
1795 2250 20 17 to
1825 2255 38 12 com-

1441 2274 50 23 plete
1499 2272 72 18 health.

1465 2301 30 18 Mr
1521 2300 121 22 Humphries,
1669 2300 49 17 chief
1743 2306 90 17 surveyor
1858 2302 20 16 of

1441 2325 83 17 IJawke.s
1533 2325 40 20 Bay
1582 2323 33 17 has
1624 2323 46 17 been
1680 2323 128 24 endeavoring
1818 2325 19 15 to
1843 2325 23 16 ob-

1441 2349 40 17 tain
1496 2347 103 21 soundings
1613 2347 19 17 of
1649 2346 51 17 Lake
1716 2346 160 22 Waikareinoana,

1441 2371 39 18 and
1486 2371 21 18 in
1516 2377 12 11 a
1535 2370 67 23 length
1611 2370 19 17 of
1632 2370 60 17 'three
1703 2370 54 17 milbs
1773 2371 56 16 could
1844 2371 34 17 riot

1442 2396 32 21 get
1482 2394 75 18 bottom
1566 2393 45 17 with
1620 2399 11 11 a
1638 2393 30 17 700
1668 2393 21 17 ft
1696 2393 44 18 line.
1766 2394 44 16 This
1816 2394 61 17 shows

1442 2418 43 18 that
1492 2417 34 18 tho
1532 2417 43 17 lake
1583 2416 16 18 is
1614 2422 44 16 very
1676 2417 54 17 much
1749 2416 67 22 deeper
1831 2417 47 17 than

1442 2442 65 22 Taupo
1516 2440 60 17 which
1586 2440 16 16 is
1610 2439 59 17 about
1680 2439 28 18 600
1708 2439 29 18 ft.
1769 2440 31 17 Mr
1815 2441 47 16 Hum-

1442 2465 68 21 phries'
1529 2463 73 18 further
1616 2464 63 15 efforts
1696 2463 20 16 in
1732 2463 38 17 this
1788 2463 92 18 direction

1442 2488 39 17 will
1489 2487 23 18 be
1522 2486 84 17 watched
1616 2486 46 16 with
1670 2486 84 17 interest.

1467 2516 93 21 Murray's
1583 2515 88 17 Almanac
1688 2515 36 17 and
1742 2515 59 22 Diary
1818 2516 63 19 which,

1442 2540 70 21 during
1521 2539 32 17 the
1562 2539 35 17 fi.ve
1606 2544 52 16 years
1668 2538 15 18 it
1691 2539 33 16 has
1736 2538 50 18 been
1791 2539 19 17 in
1820 2539 48 19 exist-

1442 2568 44 12 ence
1495 2563 34 16 has
1542 2561 112 20 established
1667 2561 51 18 itself
1731 2568 20 10 as
1765 2567 10 12 a
1792 2562 89 18 valuable

1443 2585 100 18 handbook
1553 2585 18 17 in
1581 2584 31 18 th.9
1622 2584 92 24 counting
1722 2585 58 16 house
1789 2585 37 18 and
1840 2585 29 22 pri-

1442 2611 43 15 vate
1495 2608 90 20 domicile,
1596 2608 15 17 is
1623 2608 57 21 again
1695 2608 68 17 issued.
1804 2608 75 17 Besides

1443 2632 111 22 containing
1573 2637 11 11 a
1604 2637 49 11 mass
1674 2631 19 17 of
1714 2631 121 17 information
1858 2632 19 18 of

1443 2656 76 22 general
1528 2655 76 17 interest
1615 2654 31 18 the
1655 2655 85 16 almanac
1749 2655 130 17 is.illnstrati.-l

1444 2679 45 17 with
1499 2678 84 18 sketches
1592 2678 19 17 of
1620 2678 48 16 New
1678 2678 86 17 Zealand-
1770 2678 109 22 scenery-by

1443 2702 31 17 Mr
1483 2702 26 17 H.
1519 2702 107 16 Boscawen.

1466 2731 39 16 The
1514 2731 124 21 Department
1647 2730 20 16 of
1676 2730 121 21 Agriculture
1806 2730 73 18 sends;a

1443 2760 48 16 copy
1502 2754 19 16 of
1530 2754 31 16 the
1592 2752 71 22 Report
1672 2758 24 11 on
1705 2752 142 23 the-Prospects
1860 2754 19 16 of

1443 2777 113 17 Viticulture
1573 2776 20 17 in
1609 2776 47 17 New
1803 2776 25 23 by
1848 2777 31 17 Mr

1443 2801 90 21 Bragato,
1543 2799 116 17 viticultural
1667 2801 66 20 expert
1751 2799 30 18 for
1794 2799 32 17 the
1841 2799 25 18 Go-

1444 2824 98 17 vernment
1562 2823 20 16 of
1601 2822 90 17 Victoria.
1726 2822 38 17 The
1782 2823 97 23 pamphlet

1438 2846 91 18 .contains
1549 2846 121 16 instructions
1691 2846 30 16 for
1736 2845 91 24 planting
1841 2846 37 16 and

1444 2870 83 22 pruning
1535 2869 38 16 and
1581 2869 15 16 is
1604 2869 33 16 the
1646 2869 58 16 result
1713 2869 20 16 of
1747 2874 11 11 a
1775 2869 43 17 visit
1834 2869 45 23 paid

1443 2893 25 21 by
1479 2893 30 16 Mr
1521 2892 83 23 Bragato
1618 2893 19 16 to
1652 2892 46 16 New
1714 2892 87 17 Zealand:
1813 2892 23 17 in
1848 2892 25 18 the-

1444 2916 52 22 early
1504 2917 43 21 part
1556 2916 20 16 of
1584 2915 32 17 the
1624 2916 76 21 present
1710 2921 51 16 year.

1469 2945 78 18 Various
1566 2944 79 17 sections
1662 2944 67 17 within
1747 2944 37 16 the-
1796 2944 83 18 Rotorua

1443 2968 38 16 and
1490 2966 150 19 Otanewainuku
1649 2973 67 16 survey
1726 2966 82 18 districts
1817 2967 19 17 in
1843 2968 36 16 this

1444 2992 70 21 counjty
1521 2991 35 16 will
1566 2990 23 18 be
1598 2990 73 16 thrown
1679 2996 49 16 open
1737 2991 30 15 for
1776 2990 37 17 sale
1820 2996 20 11 or
1848 2996 25 12 ser-

1442 3014 70 17 lection
1521 3013 19 18 in
1549 3015 56 16 terms
1618 3013 20 17 of
1646 3013 32 17 the
1691 3013 55 18 Lund
1755 3014 37 16 Act
1800 3013 20 18 of
1836 3015 42 15 1892

1443 3038 60 16 either
1511 3037 30 18 for
1549 3037 49 18 cash,
1615 3036 111 22 occupation
1743 3036 46 17 with
1799 3037 51 20 right
1860 3037 20 17 of

1442 3060 98 23 purchase-
1549 3066 25 10 or-
1586 3060 29 16 for
1631 3060 48 16 lease
1691 3059 19 17 in
1727 3060 116 21 perpetuity,
1855 3066 23 10 on

1444 3083 117 22 Wednesday
1569 3084 51 16 next.
1645 3083 39 16 Tho
1693 3083 45 18 land
1755 3083 16 16 is
1787 3083 58 17 about
1856 3083 20 17 18

1442 3107 54 18 miles
1505 3106 48 18 from
1562 3106 129 22 Ngongotaha
1709 3106 76 19 station,
1796 3106 37 17 and
1843 3106 34 17 full

1442 3130 112 22 particulars
1563 3135 36 11 are-
1610 3129 56 21 given
1681 3129 23 16 in,
1717 3135 11 10 a
1745 3130 64 20 poster
1818 3130 19 16 to
1853 3129 24 17 be

1442 3158 43 12 seen
1494 3153 20 17 at
1523 3158 37 16 any
1570 3153 20 17 of
1607 3153 32 15 the
1659 3153 43 21 post
1723 3149 62 21 offices
1805 3152 20 17 in
1846 3153 31 16 the

1442 3176 80 17 district.

1466 3205 62 21 Every
1545 3204 119 22 preparation
1689 3203 16 17 is
1721 3203 59 23 being
1796 3204 54 16 made
1859 3208 20 13 to

1442 3227 187 18 ensure-t-he-suiccess
1639 3227 19 16 of
1666 3227 32 16 the
1714 3227 105 16 Children's
1829 3227 36 18 Con-

1442 3251 39 17 cert
1488 3250 38 17 and
1532 3250 67 17 School
1605 3250 63 17 Picnic
1674 3250 60 17 which
1742 3250 38 17 will
1787 3250 92 17 celebrate

1442 3274 33 16 tho
1492 3274 70 17 advent
1578 3273 19 17 of
1613 3273 36 17 the
1663 3273 104 18 Christmas
1784 3273 91 22 holidays.

1442 3297 39 17 Tho
1490 3298 74 16 concert
1573 3296 38 17 will
1619 3296 23 17 be
1658 3296 45 17 held
1719 3296 18 17 in
1755 3296 33 17 the
1804 3296 66 17 school-

1442 3326 53 11 room
1504 3325 23 12 on
1536 3320 85 21 Tuesday
1630 3320 51 19 next,
1692 3319 37 16 and
1738 3325 12 11 a
1758 3325 120 16 programme

1443 3343 20 17 of
1472 3342 117 23 exceptional
1598 3342 78 17 interest
1687 3342 15 17 is
1710 3342 59 23 being
1777 3342 96 23 prepared.

1442 3367 38 16 The
1489 3366 61 22 picnic
1559 3366 14 16 is
1582 3371 80 15 arrange
1669 3365 6 17 I
1689 3365 30 17 for
1732 3365 32 17 the
1781 3365 97 21 following

1442 3389 98 22 Thursday
1550 3388 53 18 when
1612 3388 32 17 the
1661 3389 113 21 youngsters
1784 3388 36 17 will
1831 3388 46 17 have

1442 3418 23 11 an
1475 3411 124 24 opportunity
1616 3412 20 16 of
1652 3412 100 21 exploring
1770 3411 31 17 the
1818 3411 59 22 bosky

1442 3436 67 16 shades
1518 3434 20 18 of
1548 3434 117 23 Tarukonga.

1466 3462 50 19 With
1526 3462 38 18 this
1572 3462 48 16 issue
1629 3461 15 18 is
1660 3461 81 17 inserted
1757 3461 33 17 the
1804 3461 63 22 profes-

1442 3485 60 18 sional
1517 3485 149 17 announcement
1688 3484 19 18 of
1728 3484 31 17 Mr
1780 3485 96 16 Hermann

1442 3508 56 21 Rotb,
1509 3514 17 11 m
1534 3513 63 12 isseur.
1623 3504 75 20 Besides
1707 3506 94 24 affording
1815 3507 50 22 parti-

1442 3531 60 18 culars
1511 3532 20 16 of
1540 3530 28 18 his
1580 3531 57 16 hours
1651 3530 19 16 of
1685 3530 112 17 attendance
1811 3531 20 16 at
1844 3530 33 18 the

1442 3555 58 18 Baths
1510 3554 37 16 and
1555 3554 60 16 where
1623 3553 28 16 his
1661 3553 49 16 book
1719 3558 24 11 on
1771 3553 86 22 Massage

1441 3582 35 13 can
1483 3577 24 18 bo
1516 3575 89 19 obtained
1613 3575 33 18 the
1650 3575 50 18 iusot
1707 3577 86 20 presents
1806 3582 11 11 a
1832 3582 44 16 very

1441 3600 77 17 faithful
1526 3599 105 23 engraving
1639 3598 20 17 of
1670 3598 27 17 Mr
1706 3598 57 21 Roth,
1773 3599 75 22 printed
1856 3601 21 16 at

1441 3623 32 17 the
1488 3621 188 20 Chronicle*Offiso.
1702 3621 33 18 We
1743 3623 77 21 present
1827 3622 16 18 it
1856 3624 20 16 to

1441 3652 34 10 our
1484 3645 73 17 readers
1566 3645 19 16 in
1594 3645 37 16 lieu
1640 3645 20 16 of
1668 3644 31 18 the
1709 3645 52 16 usual
1773 3645 82 17 Christm
1862 3652 14 10 is

1441 3668 119 23 supplement
1576 3668 37 16 and
1631 3668 62 16 would
1709 3668 88 22 strongly
1813 3668 63 18 advise

1441 3692 52 17 them
1509 3693 19 15 to
1543 3691 47 17 have
1606 3690 16 18 it
1638 3690 72 18 framed
1726 3691 39 17 and
1785 3692 91 22 carefully

1440 3714 105 22 preserved.

1463 3741 39 17 The
1511 3741 89 16 stewards
1609 3741 20 16 of
1643 3741 31 17 the
1687 3741 72 22 Jockey
1775 3742 53 19 Club,
1844 3742 32 19 Mr

1441 3763 91 18 Williams
1540 3763 102 23 presiding,
1652 3765 38 17 mat
1705 3766 20 15 at
1742 3764 51 17 Like
1810 3765 64 17 House

1440 3793 23 10 on
1475 3786 69 23 Friday
1553 3787 61 21 night.
1639 3787 39 16 The
1686 3789 94 20 secretary
1788 3788 86 22 reported

1440 3810 42 17 that
1491 3810 23 17 he
1522 3810 37 16 had
1569 3810 74 16 written
1653 3811 19 16 to
1681 3811 32 16 the
1725 3811 99 17 Auckland
1838 3812 24 16 As-

1439 3833 90 17 sociation
1539 3833 96 22 enclosing
1654 3839 48 16 copy
1719 3834 19 16 of
1754 3840 120 15 programme

1439 3855 37 18 and
1486 3856 68 21 asking
1562 3855 49 18 thorn
1622 3857 19 15 to
1652 3862 41 16 pass
1707 3857 31 16 the
1753 3862 57 11 same.
1843 3857 31 17 Mr

1441 3879 81 16 Fortune
1532 3884 46 17 gave
1587 3879 61 16 notice
1657 3879 41 18 tha*
1707 3879 99 18 he-would
1820 3886 53 11 move

1439 3903 20 16 at,
1468 3902 31 16 the
1509 3904 45 14 next
1564 3902 81 22 meeting
1654 3902 41 17 thai
1705 3903 31 16 the
1743 3903 41 21 Cup
1790 3902 82 18 distance

1440 3925 20 17 ba
1470 3925 79 17 reduced
1560 3925 18 17 to
1587 3932 10 9 a
1607 3925 42 17 mile
1659 3925 37 17 and
1705 3932 11 10 a.
1730 3925 46 17 half.
1803 3926 69 16 Messrs

1441 3948 86 21 Fortune,
1546 3948 81 17 Graham
1643 3948 35 18 and
1697 3949 62 16 Huett
1776 3954 47 11 were
1837 3954 23 16 ap-

1438 3971 77 22 pointed
1524 3977 19 10 as
1552 3977 11 10 a
1580 3971 152 17 sub-committee
1746 3972 20 16 to
1781 3971 44 17 visit
1840 3969 32 19 the

1438 4000 64 11 course
1520 3993 37 17 and
1578 3996 78 20 suggest
1672 4000 37 16 any
1726 3994 146 23 improvements

1438 4017 43 17 that
1489 4017 55 17 could
1552 4017 23 16 be
1584 4014 53 20 made
1646 4018 20 16 at
1675 4024 11 11 a
1695 4017 54 18 small
1759 4019 45 17 cost;
1813 4019 20 14 to
1843 4022 19 13 re-

1438 4040 43 22 port
1495 4041 21 16 at
1526 4041 46 15 next
1588 4039 89 24 meeting.
1703 4041 20 16 It
1740 4046 37 11 was
1794 4040 76 17 decided

1438 4063 43 17 that
1489 4069 72 11 owners
1569 4063 67 17 should
1646 4064 23 16 be
1678 4063 80 18 allowed
1767 4063 30 17 the
1808 4069 31 10 use
1852 4064 20 15 of

1438 4085 32 18 the
1479 4092 63 11 course
1559 4086 27 16 for
1599 4087 84 21 (raining
1696 4092 90 16 purposes
1803 4087 20 16 at
1839 4085 32 18 the

1438 4108 99 18 discretion
1556 4109 19 16 of
1592 4109 31 16 the
1640 4109 98 23 secretary.
1772 4109 39 16 The
1825 4109 46 16 next

1438 4132 83 21 meeting
1530 4132 19 16 of
1557 4132 89 17 stewards
1656 4132 51 17 takes
1721 4132 53 22 place
1790 4137 24 11 on
1829 4131 31 17 Fri-

1438 4154 36 22 day
1482 4155 60 21 night.

1920 136 39 18 Our
1968 137 146 23 correspondent
2122 139 20 16 at
2151 136 24 19 Te
2181 137 70 18 Whaiti
2258 139 72 21 reports

1897 160 41 17 that
1945 160 33 18 the
1985 167 44 11 men
2037 167 32 11 are
2076 162 77 22 getting
2160 167 25 11 on
2195 161 41 17 well
2246 161 45 17 with
2299 162 34 16 the

1896 183 75 17 various
1978 184 46 17 road
2034 185 101 16 contracts.
2159 184 60 17 Much
2232 185 40 16 rain
2286 184 44 21 had,

1897 206 90 21 however,
1997 207 58 16 fallen
2065 212 25 18 up
2099 207 20 18 to
2128 206 32 18 tlie
2169 207 45 18 time
2223 208 20 17 of
2255 207 77 23 writing

1897 229 59 17 which
1965 230 71 22 proved
2044 232 50 15 most
2103 230 132 17 inconvenient
2244 232 21 15 to
2278 231 53 17 those

1896 253 86 22 engaged
1988 254 106 21 conveying
2102 254 59 16 stores
2175 255 20 16 to
2208 254 33 17 the
2257 254 74 17 various

1897 280 68 17 camps.
1990 276 40 17 The
2038 277 48 21 pack
2092 277 64 16 horses
2165 277 48 17 have
2222 278 20 16 to
2250 277 47 22 keep
2306 283 25 16 up

1896 298 32 17 the
1937 298 36 18 bed
1982 299 19 16 of
2010 299 32 16 the
2055 299 69 17 O-kahu
2137 300 60 17 Creek
2211 300 30 17 for
2255 306 11 10 o
2283 306 21 11 or
2321 302 11 15 0

1897 321 52 17 miles
1957 322 37 16 and
2003 322 33 17 the
2044 322 59 17 storm
2112 324 68 15 waters
2189 322 90 17 rendered
2293 323 38 16 this

1896 344 114 22 impossible.

1919 376 38 16 The
1966 382 120 16 programme
2095 377 20 16 of
2124 378 61 21 sports
2194 378 20 16 to
2222 377 24 17 V:
2254 377 43 18 held
2307 384 23 11 on

1896 398 47 17 New
1951 399 60 17 Years
2019 399 43 22 Day
2070 400 21 16 in
2099 399 31 17 aid
2138 400 21 16 of
2173 400 32 16 the
2222 400 54 18 Band
2285 401 46 17 fund

1897 421 38 17 wdll
1943 421 23 18 be
1978 422 60 17 found
2054 423 20 16 in
2091 423 80 16 another
2187 423 81 18 column.
2293 425 38 16 Tho

1897 446 63 15 events
1969 451 32 10 are
2009 446 43 16 four
2060 446 19 16 in
2084 446 81 16 number
2173 452 24 11 an
2204 446 7 17 1
2220 453 9 10 c
2234 447 76 22 jmpriso
2318 454 10 10 a

1897 467 66 17 hurdle
1972 474 41 11 race
2022 468 20 17 of
2054 470 31 15 120
2095 468 34 22 yds
2145 475 45 11 over
2206 470 52 17 three
2267 470 64 22 flights

1897 491 19 16 o-f
1933 491 75 17 hurdles
2021 498 11 10 a
2048 491 94 22 handicap
2156 492 20 16 in
2185 493 52 16 three
2250 493 53 17 heats
2312 494 20 16 of

1899 515 38 19 100,
1947 515 40 19 220,
2002 514 37 17 and
2056 515 34 21 440
2090 515 47 21 yds;
2151 522 12 9 a
2178 515 44 18 mile
2238 516 93 23 handicap

1897 536 37 17 and
1949 543 11 10 a
1976 537 96 17 half-mile
2088 543 48 12 race.
2162 538 75 18 Entries
2254 540 30 17 for
2298 540 33 16 the

1898 559 101 24 handicaps
2008 560 38 17 will
2055 560 23 17 be
2095 561 83 19 received
2194 562 26 21 by
2231 562 33 18 the
2272 568 50 12 secre-

1897 584 48 20 tary,
1956 583 31 17 Mr
1996 583 85 21 Webber,
2091 590 26 16 up
2126 585 20 16 to
2158 585 79 22 Monday
2245 586 33 16 the
2286 586 45 17 30th

1897 606 38 17 hist
1943 608 21 15 at
1972 608 10 14 8
1992 607 77 19 o'clock,
2079 607 38 16 and
2130 607 15 16 it
2154 607 15 16 is
2184 609 88 21 specially
2281 609 40 16 noti-

1897 629 36 17 fied
1943 630 44 16 that
2002 630 32 17 tho
2051 630 108 17 e.r.uaiitteo
2175 632 39 15 will
2231 631 100 23 disqualify

1897 658 73 16 anyone
1978 653 68 22 giving
2057 653 46 17 false
2117 654 82 21 perform
2206 660 55 12 uicos.

1920 680 38 18 Tho
1968 680 56 18 death
2034 682 16 16 is
2062 687 99 12 announce
2167 682 6 17 1
2189 682 19 18 in
2224 683 80 17 London
2312 684 20 17 of

1897 704 31 17 Mr
1937 704 21 17 G.
1969 705 21 17 A
2001 705 50 17 S.ila,
2059 705 32 16 the
2103 705 74 18 famous
2185 706 101 21 journalist
2294 707 37 17 and

1897 727 111 17 litterateur.
2035 727 19 17 It
2073 728 15 17 is
2104 734 44 11 now
2156 735 12 10 a
2184 729 49 18 little
2250 736 43 11 over
2311 731 20 16 10

1897 755 52 17 years
1970 751 50 16 since
2040 751 32 16 Mr
2093 752 12 16 S
2111 751 25 18 ila
2153 752 54 17 visite
2213 752 7 17 1
2237 753 37 17 this
2293 753 28 17 dis-

1897 774 49 20 trict,
1956 774 38 16 and
2003 774 53 16 those
2066 774 41 18 who
2123 781 18 11 ;n
2148 774 29 18 ido
2191 776 27 16 his
2234 776 89 23 acquaint-

1897 801 48 13 ance
1947 796 53 22 thed,
2011 797 56 17 while
2074 798 99 22 testifying
2182 800 19 15 to
2207 799 29 17 his
2241 799 90 22 geniality

1897 820 40 17 and.
1943 820 100 17 bonhomie
2050 820 37 22 (for
2093 821 23 16 G.
2126 821 25 16 A.
2159 821 18 17 S'.
2187 827 38 11 was
2231 823 31 16 the
2269 823 63 22 prince

1897 843 19 17 of
1924 843 51 22 good
1983 842 80 24 fellows)
2076 844 38 17 will
2120 850 19 11 re
2145 844 19 17 id
2170 845 31 16 the
2210 846 70 21 tidings
2287 846 44 16 with

1897 867 67 26 regret.
1990 866 37 18 His
2035 868 42 21 stay
2086 867 49 20 here,
2147 867 20 18 th
2175 868 45 23 >ugh
2229 868 49 17 brief
2294 874 36 12 was

1897 889 34 18 full
1940 890 20 16 of
1966 889 108 23 advantage
2083 892 19 15 to
2112 891 32 16 tin-
2157 891 58 22 placa,
2234 893 30 15 for
2278 892 53 17 those

1896 913 84 21 portions
1989 913 21 16 of
2017 913 29 17 his
2055 914 80 19 articles,
2147 915 11 8 '
2165 914 38 18 The
2212 915 53 16 Land
2272 915 19 16 of
2300 915 31 17 tho

1897 934 72 19 Golden
2070 937 93 20 referring
2176 940 20 14 t.i
2205 938 37 17 this
2256 938 73 17 district

1897 959 46 17 have
1951 959 48 17 been
2008 959 72 22 largely
2091 960 80 23 quoted.

1919 991 39 17 The
1966 990 78 18 lookout
2053 992 91 21 platform
2154 997 24 11 on
2188 992 31 17 the
2228 993 77 17 summit
2312 993 19 16 of

1896 1013 129 23 Ngongotaha
2034 1015 34 16 has
2079 1016 21 15 at
2114 1015 66 22 length
2194 1015 47 17 been
2258 1015 73 19 erected

1896 1037 37 17 and
1942 1037 48 17 from
2001 1037 36 17 this
2047 1037 54 23 point
2110 1039 20 16 of
2138 1039 82 22 vantage
2229 1045 10 10 a
2257 1039 61 23 magni-

1897 1060 55 18 ficent
1960 1060 47 17 view
2016 1061 20 16 of
2044 1061 33 16 the
2086 1061 128 23 surrounding
2222 1063 80 21 country
2315 1063 14 16 is

1896 1084 112 16 obtainable.
2024 1084 66 17 Messrs
2100 1085 73 16 Pureed
2181 1085 37 16 and
2225 1085 105 23 Fitzgerald

1896 1107 104 22 completed
2010 1107 31 17 the
2051 1107 51 17 work
2112 1114 25 10 on
2145 1108 98 22 Thursday
2250 1108 34 18 last
2293 1108 38 18 and

1896 1130 31 17 the
1937 1129 95 24 dragging
2041 1136 25 16 up
2076 1131 19 16 of
2104 1130 33 18 the
2146 1131 69 17 timber
2229 1132 35 16 has'
2278 1131 53 18 made

1896 1153 31 17 tlijc
1937 1154 51 16 short
1998 1154 53 17 track
2061 1155 8 15 t
2075 1161 6 9 >
2098 1154 35 18 the,
2142 1155 33 21 top
2191 1161 50 10 mare
2257 1155 63 23 negoti-

1895 1176 47 18 able.
1968 1176 99 23 Although
2083 1177 32 18 the
2129 1178 83 21 carriage
2229 1178 52 17 drive
2297 1178 33 17 has

1895 1199 47 17 been
1950 1205 78 17 surveye
2035 1200 6 16 1
2051 1206 23 12 an
2081 1201 7 16 I
2097 1201 73 16 cleared
2180 1201 15 17 it
2204 1201 15 17 is
2234 1202 96 16 uncertain

1897 1222 94 19 when.the
1999 1223 107 19 formation,
2111 1223 20 19 of
2146 1224 32 17 the
2192 1224 44 17 road
2253 1225 37 16 will
2309 1225 21 16 be

1895 1246 102 23 proceeded
2007 1246 51 19 with.
2085 1247 48 18 This,
2142 1248 15 16 is
2171 1248 80 16 another
2266 1249 19 16 of
2299 1248 31 18 the

1897 1275 54 16 many
1962 1270 77 17 matters
2050 1270 60 17 which
2129 1270 28 16 Mr
2174 1270 100 19 McKbazio
2290 1271 38 17 will

1897 1292 46 17 have
1953 1295 19 14 to
1982 1293 66 16 attend
2057 1295 26 15 to.

1919 1322 24 16 At
1954 1322 31 16 the
1994 1322 37 16 last
2040 1321 83 24 meeting
2132 1322 20 17 of
2161 1322 31 17 tho
2202 1322 57 17 Town
2269 1322 61 18 Board

1895 1345 31 16 Mr
1946 1345 17 17 L
1969 1345 39 17 ikin
2029 1342 87 24 resigned
2132 1345 32 17 the
2182 1346 109 23 rangorship
2311 1347 19 16 of

1896 1368 91 17 Pukeroa.
2012 1368 39 17 The
2064 1368 132 23 appointment
2211 1375 38 11 was
2262 1375 35 11 one
2311 1369 20 18 of

1895 1392 45 16 such
1950 1392 46 21 long
2004 1393 18 15 st
2028 1391 67 22 Hiding
2104 1392 43 16 that
2161 1392 15 17 it
2189 1392 37 17 hid
2241 1392 46 17 been
2302 1393 18 16 al-

1896 1416 47 16 most
1953 1415 74 22 forgott
2034 1420 22 12 m.
2076 1415 18 16 It
2102 1421 37 11 was
2148 1415 61 22 origin
2216 1416 25 17 ito
2248 1416 6 16 1
2263 1416 29 16 for
2300 1416 30 17 the

1895 1443 81 17 purpose
1985 1437 20 18 of
2013 1437 113 24 permitting
2132 1438 32 18 the
2182 1439 115 17 destruction
2311 1439 20 17 of

1895 1463 55 20 goats
1959 1467 23 11 an
1990 1461 6 16 1
2005 1461 43 22 pigs
2058 1462 59 16 which
2128 1467 47 11 were
2185 1462 18 16 in
2212 1462 32 17 the
2252 1462 51 17 habit
2311 1463 20 16 of

1895 1484 110 23 destroying
2014 1484 32 17 the
2055 1490 66 17 young
2137 1486 55 21 voget
2199 1485 53 18 itiou.
2283 1486 19 16 It
2316 1486 14 16 is

1895 1508 49 16 close
1953 1514 24 10 on
1985 1514 12 10 a
2005 1513 45 16 year
2067 1514 38 16 ago
2118 1508 50 17 since
2183 1514 37 16 any
2234 1509 97 22 slaughter

1896 1531 43 16 took
1949 1531 52 22 place
2010 1531 35 16 but
2054 1532 20 15 at
2083 1536 35 13 one
2125 1531 45 17 time
2179 1538 20 11 as
2208 1538 45 11 soon
2267 1538 19 11 as
2300 1532 31 17 Mr

1898 1554 75 17 Likin's
1980 1554 64 22 trusty
2052 1554 41 17 rifle
2100 1559 51 17 rang
2158 1556 34 15 out
2200 1555 53 18 thoro
2267 1561 37 12 was
2320 1561 11 11 a

1896 1577 77 23 general
1980 1576 97 23 stampede
2086 1577 21 17 of
2114 1578 73 17 natives
2201 1578 47 18 from
2263 1579 31 16 the
2307 1584 24 17 pi

1923 1601 66 17 scabies
2010 1602 107 16 cx.trem.uin
2131 1601 135 22 occupbt-the
2282 1602 49 16 devil

1896 1624 42 17 take
1949 1624 31 17 the
1989 1623 158 18 hindmostand
2157 1625 31 16 the
2201 1625 40 16 first
2250 1625 31 17 the
2290 1631 30 11 car-

1896 1653 47 10 case.

1919 1676 38 17 The
1975 1676 154 22 N'gafiranganui
2144 1677 54 16 Band
2214 1683 81 16 purpose
2311 1678 20 16 to

1896 1704 37 17 pay
1941 1705 16 12 a.
1963 1699 43 17 visit
2015 1700 24 16 to.
2044 1699 86 18 Rotorua
2139 1703 24 14 On
2178 1699 94 24 Saturday
2286 1702 45 15 next

1897 1723 54 16 when
1968 1723 44 20 they
2026 1723 37 16 will
2079 1723 44 16 hold
2140 1730 12 9 a
2169 1725 75 15 concert
2263 1724 18 16 in
2300 1724 31 16 the

1897 1745 85 18 Pukeroa
1992 1745 44 17 Hall
2046 1746 32 16 the
2088 1746 88 22 proceeds
2184 1747 20 16 of
2220 1747 59 17 which
2294 1747 37 17 will

1897 1768 22 17 be
1928 1768 79 17 devoted
2017 1770 19 15 to
2043 1769 32 16 the
2081 1770 92 21 purchase
2182 1770 19 17 of
2210 1770 122 17 instruments

1897 1792 36 16 and
1949 1792 63 17 music.
2038 1792 39 17 The
2097 1792 13 16 b
2116 1792 33 18 injl
2164 1793 16 17 is
2197 1793 100 23 composed
2313 1794 20 17 of

1897 1815 71 17 natives
1977 1815 19 17 in
2011 1815 32 17 the
2058 1816 100 22 Tauranga
2175 1816 74 18 district
2265 1817 39 17 and
2317 1817 15 17 is

1897 1837 59 20 under
1964 1838 33 17 the
2004 1837 107 25 leadership
2119 1839 21 18 of
2157 1839 30 19 Mr
2204 1840 70 20 Lovell,
2291 1840 44 18 who.

1897 1862 33 16 has
1938 1861 127 22 gratuitously
2075 1862 56 22 given
2140 1863 28 16 his
2178 1863 78 17 services
2265 1863 18 16 in
2302 1863 31 17 the

1898 1886 68 16 matter
1974 1885 20 17 of
2002 1884 89 24 teaching
2100 1886 40 16 and-
2149 1888 138 19 arrangement.
2314 1887 17 16 It

1897 1908 15 16 is
1921 1909 19 16 to
1949 1908 23 16 be
1981 1908 62 22 hoped
2051 1909 43 16 that
2103 1915 10 10 a
2122 1909 67 22 hearty
2199 1910 86 16 welcome
2295 1910 37 16 will

1897 1931 22 17 be
1928 1931 94 17 bestowed
2032 1937 51 17 upon
2091 1938 35 11 our
2135 1932 80 21 visitors,
2230 1933 42 17 who
2286 1933 47 17 have

1898 1960 55 17 many
1964 1954 68 18 friends
2042 1955 20 16 in
2071 1955 32 16 the
2116 1954 171 23 neighbourhood,'
2295 1962 23 11 ii
2326 1956 7 17 1

1897 1977 43 18 that
1947 1977 33 18 the
1989 1978 62 22 object
2061 1978 20 17 of
2095 1978 50 17 their
2158 1979 43 17 visit
2215 1980 38 16 will
2266 1980 23 16 be
2302 1982 20 14 at-

1898 2003 7 14 t
1911 2000 59 20 lined..

1920 2030 39 16 The
1968 2030 22 16 W
1996 2030 26 16 uk
2029 2031 14 15 it
2051 2030 4 23 >
2065 2031 96 17 Advocate
2170 2033 73 20 reports
2250 2032 20 17 th.
2277 2034 14 15 it
2302 2032 31 17 the

1897 2058 66 17 young
1972 2059 17 11 m
1996 2059 24 13 in,
2030 2053 97 18 Ebenezer
2135 2055 97 19 Goodwin,
2248 2056 47 18 who,
2312 2062 21 10 as

1898 2076 85 22 reported
2006 2077 18 15 in
2042 2076 37 18 last
2095 2077 55 20 issue,
2169 2084 37 11 was
2222 2078 75 23 injured
2314 2081 20 15 at

1898 2099 68 17 Messrs
1976 2100 30 16 Ku
2012 2100 210 21 sabs'mill,-Mamaku,
2239 2108 24 11 on
2277 2102 42 17 Mon-

1898 2122 35 22 day
1943 2123 42 19 last,
1996 2123 15 16 is
2020 2123 18 16 in
2048 2123 33 18 the
2090 2124 86 17 Waikato
2185 2124 88 23 Hospital
2287 2125 18 17 in
2323 2132 11 10 a

1898 2145 105 25 precarious
2025 2146 103 18 condition.
2161 2147 60 19 When
2235 2149 98 17 examined

1898 2167 167 24 he-re-his.injuries
2074 2170 75 22 though
2166 2171 70 17 serious
2253 2171 32 17 did
2300 2173 34 16 not

1898 2192 72 16 exhibit
1983 2198 38 15 any
2036 2192 106 24 dangerous
2155 2195 110 22 symptoms.
2295 2196 39 15 The

1898 2220 65 17 young
1980 2221 49 13 man,
2046 2216 64 17 Flank
2124 2217 99 20 McSheen,
2240 2218 42 17 who
2297 2224 37 10 was

1898 2238 75 22 injured
1982 2240 18 15 at
2011 2239 90 17 Mamaku
2107 2246 10 10 a
2127 2240 51 17 week
2187 2246 21 11 or
2217 2242 38 16 two
2264 2247 36 17 ago
2309 2241 25 23 by

1898 2267 11 11 a
1926 2262 38 17 tree
1978 2262 68 22 falling
2062 2269 23 10 on
2100 2262 44 21 him-,
2160 2264 39 17 still
2215 2264 33 17 lies
2265 2266 21 15 at
2302 2264 33 18 the

1900 2285 85 17 Waikato
2002 2285 95 22 Hospital,
2113 2286 37 18 the-
2162 2286 78 23 injuries
2256 2288 23 17 ho
2293 2293 31 12 sus-

1899 2308 64 17 tained
1971 2308 58 23 being
2038 2309 55 17 much
2107 2316 50 10 more
2171 2311 70 16 serious
2254 2311 47 17 than
2314 2312 21 16 at

1899 2330 41 20 first
1955 2332 93 21 reported.
2079 2333 38 16 The
2136 2333 89 17 shoulder
2244 2334 56 17 blade
2319 2335 16 16 is

1900 2354 70 17 broken
1979 2355 18 16 in
2007 2355 53 17 three
2069 2356 61 21 places
2139 2356 37 17 and
2184 2357 31 16 the
2229 2358 106 16 collarbone

1900 2378 103 17 disiocated

1924 2407 31 18 Mi:
1963 2408 19 17 T.
1993 2408 54 20 Rose,
2061 2408 95 23 inspector
2171 2410 20 17 of
2203 2410 46 16 Post
2262 2410 72 20 Offices,

1900 2431 73 16 arrived
1989 2431 43 16 here
2048 2431 49 17 from
2114 2432 68 22 Taupo.
2196 2439 23 10 on
2237 2432 96 24 Thursday

1900 2453 37 19 last
1946 2454 37 17 and
1992 2453 84 23 dropped
2085 2455 20 16 in
2118 2457 20 14 at.
2152 2455 35 18 the-
2197 2455 49 18 local
2264 2456 71 17 bureau

1900 2477 31 16 the
1941 2482 50 12 same
2000 2478 81 22 evening
2090 2478 54 17 when
2153 2478 32 17 the
2201 2479 61 17 whole
2275 2479 50 18 avail-

1900 2499 42 18 able
1950 2500 47 18 staff
2003 2506 47 11 were
2060 2502 97 21 wrestling
2167 2502 45 17 with
2221 2509 24 10 an
2251 2509 55 15 array
2315 2504 20 15 of

1889 2521 70 24 'bulky
1973 2524 52 21 bags,
2037 2523 55 19 while
2109 2525 32 17 the
2157 2525 47 17 floor
2221 2526 37 16 and
2275 2526 60 17 tables

1901 2552 47 11 were
1957 2547 69 17 strown
2044 2547 45 17 with
2104 2547 65 18 letters
2183 2548 37 18 and
2234 2554 66 17 papers
2315 2556 20 10 as

1921 2570 52 17 thick
1981 2575 20 12 as
2010 2570 61 18 leaves
2086 2571 19 16 in
2305 2572 30 17 Mr

1889 2587 1 30 I
1901 2592 48 18 Rose
1959 2593 86 22 signified
2058 2594 41 17 that
2115 2594 23 18 ho
2155 2594 37 18 had
2209 2595 91 22 expected
2316 2596 19 17 to

1890 2617 1 23 I
1901 2622 95 16 see-many
2005 2617 81 22 changes
2101 2617 70 22 during
2184 2617 28 19 his
2227 2619 35 16 five
2276 2619 59 21 years'

1889 2634 2 30 J
1901 2639 78 18 absence
1989 2639 35 17 but
2032 2639 23 18 he
2071 2640 37 17 had
2122 2641 81 22 scarcely
2220 2642 115 22 anticipated

1889 2662 2 25 j
1901 2663 45 16 such
1955 2669 9 10 e
1975 2662 125 23 phenomenal
2108 2664 83 17 increase
2199 2665 19 16 in
2229 2665 31 16 the
2274 2666 61 21 postal

1890 2683 1 28 i
1901 2685 125 23 departmont.
2055 2687 17 16 It
2081 2693 42 11 was.
2133 2687 86 17 however
2236 2688 98 23 explained

1890 2709 1 24 j
1901 2709 20 17 to
1930 2709 38 17 him
1978 2709 42 17 that
2029 2710 52 17 these
2091 2711 125 22 were.merely
2225 2711 32 17 tho
2265 2712 70 16 coastal

1901 2732 54 19 mails
1964 2734 42 15 sent
2015 2739 24 15 up
2050 2734 19 15 to
2083 2733 23 17 be
2123 2733 89 23 properly
2225 2734 63 18 sorted
2302 2735 22 16 be-

1902 2756 39 16 fore
1950 2756 129 19 transmission
2088 2758 19 15 to
2117 2757 49 16 their
2173 2758 73 17 various
2253 2758 72 17 destina-

1901 2779 55 17 tions.
1982 2779 43 17 And
2034 2779 23 17 he
2065 2780 101 18 marvelled
2175 2781 82 22 muchly.

1924 2807 24 17 In
1964 2813 25 11 an
2006 2808 37 18 idle
2061 2810 89 19 moment,
2174 2809 56 18 while
2246 2810 90 22 glancing

1902 2830 82 23 through
1994 2831 32 17 the
2034 2838 59 16 pages
2102 2833 21 16 of
2130 2833 43 18 that
2180 2833 63 17 rather
2251 2833 85 17 abstruse

1901 2853 116 25 publication
2039 2855 61 17 which
2123 2857 95 16 emanates
2241 2857 49 16 from
2304 2857 32 16 the

1902 2877 64 16 Postal
1983 2878 125 22 Department
2124 2879 39 18 and
2171 2879 16 17 is
2204 2879 52 17 mislo
2262 2879 74 23 idingly

1901 2900 77 21 termed,
1982 2906 11 12 a
2121 2907 26 11 we
2165 2902 64 17 struck
2237 2909 11 10 a
2257 2902 50 23 piece
2316 2904 20 16 of

1901 2921 193 21 information-which
2105 2925 73 17 seemed
2193 2926 51 21 good
2260 2926 75 21 enough

1902 2947 19 16 to
1930 2949 34 19 put
1973 2949 20 15 to
2003 2948 89 21 practical
2101 2954 38 11 use.
2165 2949 54 16 After
2228 2951 96 15 enumerat-

1901 2969 34 24 ing
1943 2970 74 17 various
2027 2970 134 19 functionaries
2170 2973 19 15 to
2204 2972 61 17 whom
2276 2979 48 10 news-

1901 2998 67 17 papers
1977 3000 43 15 may
2029 2994 23 16 be
2060 2994 101 17 addressed
2174 2995 38 17 free
2227 2996 20 16 of
2260 2996 75 22 charge,

1901 3016 68 22 special
1978 3017 94 17 reference
2086 3017 16 17 is
2119 3017 54 17 made
2190 3019 19 16 to
2227 3019 31 16 the
2276 3019 60 22 Royal

1901 3040 85 17 Colonial
1996 3040 95 19 Institute,
2102 3041 85 19 London,
2203 3048 19 10 as
2231 3041 105 24 being-also

1901 3064 81 21 exempt.
1996 3063 79 22 Having
2083 3064 47 16 been
2139 3064 88 17 troubled
2236 3065 45 16 with
2291 3066 33 15 mis-

1901 3086 75 21 givings
1993 3087 30 16 for
2039 3092 51 12 some
2110 3087 45 17 time
2171 3088 44 21 past
2231 3094 20 11 as
2267 3089 20 16 to
2304 3088 32 17 the

1900 3111 80 16 amount
1992 3109 20 17 of
2029 3109 50 23 good
2095 3110 61 17 which
2173 3111 38 17 this
2228 3111 107 18 institution

1900 3138 38 11 was
1953 3132 58 22 doing
2027 3133 20 16 in
2064 3133 126 23 maintaining
2204 3140 11 11 a
2231 3135 69 21 feeling
2317 3135 19 16 Of

1900 3155 80 17 concord
2004 3151 86 22 between
2105 3156 33 18 the
2156 3157 80 17 colonies
2250 3158 37 16 and
2304 3158 32 17 tin;

1901 3179 170 22 mother-country,
2081 3185 28 11 we
2124 3180 84 22 thought
2222 3182 19 16 to
2250 3180 43 18 lend
2302 3187 34 11 our

1900 3201 32 18 aid
1935 3201 22 18 in
2130 3202 99 20 thosilken
2311 3204 25 23 by

1900 3224 80 22 sending
1989 3231 24 10 on
2019 3232 10 9 a
2039 3230 47 18 copy
2096 3226 20 16 of
2124 3226 131 17 ourvaluable
2271 3233 64 16 paper.

1900 3248 39 17 But
1945 3248 18 17 it
1971 3254 37 11 was
2016 3249 35 17 not
2067 3250 21 16 to
2096 3249 23 17 be
2126 3248 4 21 ;
2145 3255 33 12 our
2196 3250 70 17 mode,!
2284 3250 51 18 shout

1900 3271 19 16 in
1927 3271 25 17 its
1961 3271 123 23 unassuming
2098 3277 86 18 wrapper
2200 3279 37 11 was
2247 3274 88 16 returned

1900 3294 24 21 by
1933 3299 51 12 some
1993 3294 81 18 ruthless
2091 3295 67 18 official
2175 3296 90 17 endorsed
2275 3297 19 16 in
2302 3297 34 21 big

1900 3316 64 17 letters
1996 3316 107 19 DetAIXED
2123 3323 35 12 I-'oit
2178 3319 26 16 Id.

1900 3340 38 16 The
1947 3339 85 19 habitues
2042 3342 20 16 of
2070 3342 129 17 the-Institute
2206 3346 31 14 are
2249 3343 44 18 thus
2302 3343 21 17 de-

1885 3362 1 25 .
1900 3362 66 17 barred
1976 3363 47 17 from
2041 3364 90 23 porusihg
2147 3371 35 10 our
2200 3366 72 16 erudite
2281 3366 43 18 lucu-

1900 3385 89 22 brations,
2001 3387 28 16 for
2039 3393 26 11 we
2074 3393 42 12 care
2124 3389 35 16 not
2166 3390 20 15 to
2203 3388 88 22 dissipate
2300 3396 35 11 our

1900 3408 125 18 hard-earned
2034 3410 55 21 gains
2097 3417 24 11 on
2131 3411 32 17 the-
2177 3412 110 22 prompting
2295 3413 20 16 of
2323 3419 11 10 a

1900 3438 49 10 mere
1958 3433 120 17 sentimental
2088 3434 85 21 impulse.

1923 3461 30 19 Mr
1962 3461 95 24 E'fieberg,
2069 3462 31 17 the
2110 3462 41 18 well
2161 3462 68 18 known
2238 3465 65 20 expert
2314 3464 19 17 in

1900 3483 82 21 timbers,
1999 3485 42 16 who
2056 3485 14 17 is
2086 3485 83 22 making-
2180 3492 11 10 a
2206 3488 43 16 tour
2265 3487 20 17 of
2301 3487 32 17 the

1900 3507 71 22 Colony
1980 3508 59 17 under
2053 3508 118 20 commission
2186 3509 49 17 from
2249 3509 31 18 the
2295 3510 25 17 Go-

1898 3532 99 16 vernment
2006 3531 45 17 with
2061 3532 32 16 the
2102 3532 63 21 object
2175 3532 19 16 of
2207 3532 126 24 ascertaining

1898 3553 37 17 and
1945 3554 98 23 reporting
2053 3560 49 16 upon
2112 3555 45 17 New
2170 3555 81 17 Zealand
2265 3556 68 18 timber

1898 3576 37 17 and
1945 3577 49 16 their
2002 3577 126 23 adaptability
2135 3580 21 15 to
2163 3579 73 16 various
2244 3584 88 19 purposes

1899 3600 87 17 returned
2007 3601 48 16 from
2076 3601 101 21 Tauranga
2197 3608 24 11 on
2239 3602 93 23 Saturday

1898 3622 61 23 night.
1987 3623 28 17 Mr
2024 3623 112 24 Friobcrg-is
2145 3624 37 17 due
2190 3625 20 16 iu
2217 3625 114 22 Wellington

1898 3645 25 23 by
1939 3652 11 10 a
1964 3646 70 16 certain
2051 3647 43 16 date
2111 3647 36 17 mid
2166 3654 37 10 was
2220 3648 75 22 obliged
2313 3650 18 16 to

1897 3669 52 16 leave
1957 3669 25 19 by
1992 3669 37 16 this
2039 3670 103 22 morning's
2152 3671 55 16 coach
2221 3671 29 16 via
2267 3671 64 23 Taupo

1897 3692 37 16 and
1955 3691 75 24 Napier,
2049 3693 100 17 otherwise
2164 3694 23 16 he
2204 3694 63 17 would
2284 3695 47 17 have

1897 3715 67 17 visited
1980 3715 37 17 and
2034 3715 87 23 reported
2138 3722 23 10 on
2177 3717 31 16 the
2224 3717 106 17 Maraeroa-

1897 3737 72 18 Oturoa
1977 3738 55 17 block
2043 3739 30 16 the
2083 3740 74 20 greater
2163 3740 73 21 portion
2244 3741 19 15 of
2272 3741 58 17 which

1897 3761 14 16 is
1920 3761 78 16 covered
2007 3762 45 15 with
2066 3762 50 21 light
2130 3763 35 16 and
2182 3763 60 22 heavy
2255 3763 74 18 timber.

1896 3784 75 21 During
1980 3784 28 16 his
2018 3784 52 18 short
2079 3786 42 21 stay
2130 3785 44 17 here
2181 3786 23 16 he
2217 3786 66 17 visited
2297 3787 33 16 the

1896 3807 74 17 various
1978 3807 63 22 points
2050 3808 20 16 of
2077 3808 102 17 attraction
2187 3815 45 10 near
2241 3809 31 17 the
2279 3810 51 16 town

1895 3829 37 18 and
1942 3836 37 11 was
1989 3830 54 17 much
2053 3831 95 21 surprised
2157 3833 19 15 to
2192 3832 40 17 find
2246 3832 42 17 that
2305 3838 17 11 in-

1895 3854 50 21 steps
1954 3853 38 16 had
2000 3853 46 16 been
2057 3854 56 16 taken
2122 3854 25 22 by
2156 3854 31 17 the
2202 3854 126 20 Government

1895 3876 82 16 towards
1985 3876 33 16 the
2026 3876 143 18 establishment
2178 3878 20 16 of
2203 3884 12 10 a
2222 3878 96 17 seismonie-

1895 3898 35 18 tric
1939 3899 127 22 observatory.
2091 3900 101 22 European
2206 3903 64 15 savant
2277 3908 11 12 s,
2305 3902 23 16 he

1895 3922 99 19 considers,
2004 3923 51 16 must
2062 3922 24 17 be
2098 3923 89 20 ignorant
2196 3924 21 16 of
2225 3924 30 16 (he
2265 3925 52 21 splen-

1895 3944 31 17 did
1935 3945 123 22 opportunity
2067 3945 84 18 afforded
2164 3946 18 17 in
2197 3946 37 18 this
2251 3947 77 23 locality

1894 3968 20 16 of
1923 3968 100 22 collecting
2030 3968 87 17 valuable
2131 3969 45 17 data
2189 3970 20 16 in
2224 3970 67 22 regard
2308 3972 20 16 to

1894 3991 53 16 earth
1956 3992 78 16 tremors
2043 3991 96 23 generally
2152 3992 37 17 and
2203 3993 32 16 the
2249 3993 78 17 chances

1893 4014 69 16 offered
1971 4015 20 14 of
1999 4014 117 22 elucidating
2124 4021 57 16 many
2189 4016 63 21 points
2267 4016 59 17 which

1894 4036 62 17 would
1965 4043 24 14 go
1999 4037 29 16 far
2041 4037 82 19 towards
2185 4038 141 19 establishment

1893 4059 19 16 of
1921 4066 11 9 a.
1940 4059 40 17 well
1990 4059 72 18 defined
2075 4061 114 22 earthquake
2199 4061 72 22 theory;
2297 4063 29 16 He

1894 4082 62 16 thinks
1966 4083 42 16 that
2017 4083 14 16 if
2043 4083 32 16 flic
2090 4085 69 16 matter
2176 4090 47 11 were
2241 4086 85 21 properly

1893 4104 117 23 represented
2020 4107 19 14 to
2050 4105 97 23 European
2161 4107 89 17 scientific
2263 4108 63 17 circles

1892 4127 50 22 stops
1951 4128 63 16 would
2023 4129 82 22 speedily
2116 4129 21 17 be
2147 4127 4 24 f
2161 4129 40 18 ikon
2214 4132 17 15 to
2244 4132 49 15 erect
2302 4137 22 11 an

1892 4150 126 18 observatory.

2378 138 30 18 0.1
2417 138 71 24 Friday
2496 138 80 25 evening
2585 140 37 17 last
2630 146 12 11 a
2649 141 57 22 party
2714 141 21 16 of
2743 144 36 20 gen-

2355 158 69 21 tlemen
2434 162 57 17 dined
2499 164 21 15 at
2528 164 32 15 the
2573 163 65 17 Grand
2652 163 59 18 Hotel
2724 167 21 14 at
2758 164 33 17 tho

2354 185 101 17 invitation
2464 186 21 17 of
2493 186 31 16 Mr
2537 186 66 17 Alfred
2615 183 78 21 Nathan
2707 187 39 17 and
2760 186 31 18 Mr

2354 208 52 18 Moss
2422 209 66 17 Davis.
2524 209 39 17 Tho
2580 214 91 18 company
2686 210 105 23 comprised

2354 231 31 17 Mr
2401 231 19 18 S.
2435 231 61 23 Percy
2512 232 67 20 Smith,
2598 232 191 23 Surveyor-General,

2354 254 31 17 Mr
2394 255 21 17 C.
2432 254 89 23 Malfroy,
2537 255 28 17 Dr
2578 255 85 22 Ginders,
2679 256 32 17 Mr
2728 257 22 17 li.
2766 257 24 16 D.

2354 278 82 22 Dausey,
2453 277 33 17 Mr
2499 278 22 16 E.
2537 278 21 17 L.
2574 279 67 19 Smith,
2660 278 84 24 Opotiki,
2760 280 31 16 Mr

2354 300 123 22 Richardson,
2496 301 31 17 Mr
2543 301 69 17 Ernest
2628 302 59 17 Davis
2705 302 38 18 and
2759 303 32 17 Mr

2354 323 99 23 Adolphus
2462 324 64 17 Davis.
2550 325 40 16 Tlk;
2598 325 67 17 dinner
2674 325 66 18 served
2752 331 38 12 was

2354 348 93 21 exquisite!
2454 348 21 16 in
2484 353 56 16 every
2548 348 107 22 particular,
2666 349 32 16 the
2707 348 83 23 delicacy

2354 371 20 15 of
2381 371 32 16 the
2422 371 71 16 cuisine
2506 371 37 17 and
2557 371 31 17 the
2602 372 107 17 choieeness
2724 372 20 18 of
2757 372 34 17 the

2355 393 56 17 wines
2421 394 100 22 testifying
2535 395 22 16 to.
2569 394 32 17 the
2616 395 140 22 thoroughness
2770 396 20 16 of

2354 416 32 17 five
2399 422 95 12 resources
2510 417 21 16 of
2545 417 32 17 tho
2590 418 144 17 establishment
2747 425 32 15 pre-

2354 439 52 17 sided
2415 445 44 11 over
2467 440 26 21 by
2501 440 32 17 Mr
2541 440 89 18 Boulton.
2655 442 57 16 After
2724 441 67 18 dinner

2354 462 31 16 Mr
2394 463 66 16 Alfred
2469 463 77 17 Nathan
2555 464 18 16 in
2583 464 120 21 apologising
2712 465 30 17 for
2757 465 33 16 the

2354 485 78 18 absence
2441 487 20 16 of
2470 486 30 17 Mr
2508 486 51 17 11ms
2568 487 58 16 Davis
2635 487 42 17 who
2693 487 36 17 had
2742 487 47 18 been

2355 509 137 23 unexpectedly
2500 509 87 18 detained
2597 510 18 16 in
2622 510 99 17 Auckland
2728 511 61 16 stated

2354 531 43 17 that
2404 532 17 16 it
2428 538 49 16 gave
2486 533 40 17 him
2534 534 54 16 much
2597 533 86 22 pleasure
2692 535 20 16 to
2722 535 48 15 meet
2778 540 12 10 a

2354 554 36 17 few
2399 555 20 16 of
2427 555 33 17 the
2470 555 90 19 residents
2569 557 19 16 of
2597 557 35 15 the
2639 558 50 15 town
2699 557 20 16 in
2728 557 61 17 which

2354 577 29 18 his
2391 578 38 17 and
2437 578 32 17 Mr
2476 578 65 19 Davis'
2549 578 52 19 firm]
2615 585 48 11 were
2678 586 20 11 so
2717 579 72 24 largely

2354 601 107 18 interested.
2484 602 30 17 He
2522 602 39 17 also
2570 602 45 17 took
2624 603 32 16 the
2665 604 124 21 opportunity

2354 624 20 16 of
2383 624 21 16 th
2411 625 67 21 inking
2491 625 31 17 the
2538 626 73 18 various
2625 626 77 17 officials
2719 626 21 18 of
2757 626 32 17 the

2354 646 129 19 Govorament
2499 649 30 16 for
2545 648 109 24 smoothing
2671 655 44 11 over
2732 655 57 16 mm/

2354 670 49 17 little
2412 670 105 19 difficulties
2527 672 60 17 which
2596 672 38 17 had
2647 673 61 16 arisen
2721 673 19 16 in
2757 673 33 16 the

2354 698 66 12 course
2440 694 20 16 of
2480 694 32 17 the
2533 695 127 17 construction
2686 696 21 16 of
2750 696 39 17 The

2354 715 66 18 Grand
2491 717 34 18 the
2533 718 54 18 other
2594 718 74 18 Hotels.
2697 718 27 18 Mr
2739 719 39 17 Mil-

2354 739 48 23 froy,
2411 739 22 18 in
2441 739 158 25 acknowledging
2606 741 32 18 Mr
2652 742 93 16 Nathan's
2761 748 18 10 re-

2355 763 68 18 marks,
2434 763 81 18 referred
2532 764 19 17 in
2566 764 121 23 compliment
2693 771 28 16 try
2732 765 57 17 tsruu

2354 786 20 16 to
2383 786 33 16 the
2425 786 78 17 benefits
2513 787 60 17 which
2582 788 63 16 would
2653 794 67 11 accrue
2728 789 20 17 to
2757 788 33 16 the

2354 808 74 18 district
2437 809 82 22 through
2531 811 31 16 the
2571 810 101 23 enterprise
2681 811 66 17 shown
2764 811 25 22 by

2355 832 69 17 Messrs
2433 832 66 17 Alfred
2508 833 75 18 Nathan
2592 834 38 17 and
2639 834 51 17 Moss
2703 835 58 16 Davis
2770 830 19 21 iii

2354 860 20 12 so
2389 855 105 23 extending
2510 856 31 17 the
2558 857 51 17 hotel
2625 857 110 18 accommod
2740 857 47 18 ition

2354 878 38 16 and
2401 879 79 21 thereby
2489 879 99 23 rendering
2597 880 32 17 the
2635 880 53 22 place
2693 880 86 17 addition-

2354 901 39 22 ally
2413 902 101 17 attractive
2531 905 18 14 to
2567 903 77 17 tourists
2661 903 39 17 and
2715 903 74 17 visitors

2354 924 103 22 generally.
2484 925 17 16 It
2515 931 38 11 was
2566 926 75 22 beyond
2655 927 76 21 dispute
2747 927 43 16 that

2354 953 55 16 every
2418 948 83 18 resident
2509 948 19 17 in
2538 949 34 17 the
2578 945 72 22 district
2660 950 63 17 would
2732 950 45 17 bene-

2354 969 22 18 fit
2383 970 27 23 by
2418 970 33 18 the
2460 971 88 23 vigorous
2556 973 65 17 action
2627 973 20 17 of
2662 973 52 17 these
2730 973 57 17 firms.

2354 993 30 17 He
2404 999 39 12 was
2460 994 51 23 quite
2528 1001 41 11 sure
2585 995 43 18 that
2648 996 75 23 though
2743 996 46 22 they

2354 1017 62 21 might
2425 1019 34 15 not
2469 1019 21 15 be
2498 1018 64 22 repaid
2567 1019 20 17 at
2592 1024 46 13 onco
2647 1019 29 16 for
2682 1019 49 16 their
2736 1019 53 22 large

2354 1040 65 22 outlay
2428 1046 58 16 many
2494 1046 54 17 years
2557 1042 62 17 would
2627 1044 33 15 not
2670 1049 43 15 pass
2724 1042 64 18 before

2353 1060 46 26 they
2408 1069 48 11 were
2465 1064 97 22 recouped,
2573 1065 29 17 for
2610 1065 19 17 in
2638 1065 26 17 all
2673 1066 29 16 his
2719 1066 70 16 travels

2353 1086 24 17 he
2394 1086 38 17 had
2448 1088 34 15 not
2499 1093 42 11 soon
2558 1094 37 16 any
2616 1089 80 16 thermal
2712 1089 75 23 springs

2353 1109 108 24 possessing
2469 1111 101 16 one-tenth
2582 1112 20 16 of
2615 1112 32 16 the
2662 1118 93 11 resources
2769 1112 20 17 of

2354 1133 90 17 Rotoru.i.
2469 1133 43 17 The
2516 1134 56 21 place
2578 1140 38 12 was
2623 1135 75 22 greatly
2711 1134 76 19 favored

2353 1162 20 10 as
2382 1156 14 17 it
2406 1156 110 18 ottered.the
2531 1157 65 23 people
2611 1159 19 15 of
2644 1159 117 16 Australasia
2778 1165 11 10 a

2353 1179 106 16 salubrious
2465 1182 57 14 resort
2532 1180 69 24 during
2610 1181 31 18 the
2650 1181 45 17 heat
2703 1182 20 17 of
2736 1187 39 11 sum-

2353 1207 45 13 mer.
2432 1202 30 18 No
2476 1202 68 19 formal
2558 1206 59 15 toasts
2632 1210 47 11 were
2696 1204 93 23 proposed

2353 1225 34 17 but
2395 1226 32 16 the
2435 1225 73 18 healths
2515 1227 20 16 of
2541 1227 32 17 tho
2580 1227 50 17 hosts
2637 1227 39 17 and
2682 1227 107 23 prosperity

2353 1249 20 16 t>
2390 1248 85 19 Rotorua
2496 1255 46 11 were
2562 1250 98 18 honoured
2680 1251 109 17 cnhusias<-

2353 1271 70 23 tically.

2478 1296 60 16 FIVE
2548 1296 122 19 DECADES.

2353 1332 55 18 Hive
2416 1332 68 23 passed
2491 1338 54 17 away
2551 1334 48 16 since
2608 1334 75 17 Wolfe's
2691 1334 98 23 Schnapps

2353 1361 37 11 was
2399 1355 42 18 first
2449 1355 116 22 introduced,
2575 1357 38 16 and
2621 1357 69 22 to-day
2700 1358 14 16 it
2723 1358 15 16 is
2747 1358 39 18 still

2353 1379 105 17 unrivalled
2467 1385 20 10 us
2496 1385 11 11 a
2516 1379 103 19 medicated
2627 1381 94 22 beverage

2412 1428 142 19 LICENSING
2571 1430 158 18 COMMITTEE.

2376 1475 38 19 The
2424 1476 97 22 quarterly
2534 1477 82 22 mooting
2630 1478 20 16 of
2665 1478 32 17 the
2712 1479 41 21 Bay
2769 1479 21 17 of

2353 1499 69 21 Plenty
2432 1499 101 23 Licensing
2541 1500 111 18 Committee
2662 1506 38 12 was
2709 1501 43 18 held
2768 1501 23 18 in.

2353 1522 32 17 the
2394 1522 124 21 Courthouse,
2526 1523 104 23 Tauranga,
2639 1529 24 12 on
2671 1524 118 23 Wednesday

2353 1545 42 21 last,
2407 1545 53 17 when
2471 1545 52 18 there
2532 1552 46 11 wen;
2588 1548 80 21 present,
2681 1543 110 23 Lieut-CoL

2354 1568 85 21 Roberts,
2451 1568 53 22 S.M.,
2515 1568 117 25 (chairman),
2642 1571 70 17 Messrs
2726 1571 17 17 !.
2758 1571 29 17 W.

2354 1591 51 23 Gray
2413 1592 40 17 and
2461 1592 27 17 W.
2505 1592 63 22 Elliot,
2586 1593 115 23 Tauranga;-
2719 1594 72 18 Edwin,

2354 1614 15 18 E
2378 1614 68 19 Iwards
2454 1616 37 16 and
2501 1615 23 18 N.
2534 1616 77 22 Dickey,
2624 1616 71 18 Paeroa
2702 1614 3 24 ;
2718 1618 37 16 and
2768 1617 19 18 J.

2354 1638 20 17 C.
2390 1638 106 21 Galbraith,
2510 1639 25 17 To
2552 1639 58 17 Pake.
2636 1640 31 16 Mr
2683 1640 104 23 Chapman,

2354 1660 83 24 Opotiki,
2449 1664 40 15 sent
2498 1668 24 11 an
2531 1662 81 24 apology
2621 1663 29 17 for
2660 1663 27 18 his
2703 1663 84 19 absoncs.

2378 1684 38 18 The
2427 1685 81 17 business
2519 1686 90 23 affecting,
2620 1686 36 17 this
2670 1686 106 24 neighbour-

2354 1707 50 19 hood
2414 1713 37 11 was
2460 1714 20 11 as
2489 1708 73 18 follows
2569 1714 28 12 :

2378 1731 97 17 Transfers
2484 1732 19 16 of
2518 1731 75 19 licenses
2609 1738 46 12 were
2670 1738 49 17 gran
2721 1733 31 17 toil
2769 1733 20 17 of

2354 1754 33 17 the
2395 1754 66 17 Grand
2472 1755 56 17 Hotel
2538 1755 47 18 from
2594 1756 21 17 F.
2626 1755 88 19 Cheshire
2724 1758 19 15 to
2759 1757 29 16 W.

2355 1778 21 16 A.
2392 1777 82 18 Boulton
2490 1778 37 17 and
2544 1779 20 16 of
2580 1779 31 16 the
2629 1779 84 18 Rotorua
2729 1779 61 18 Hjtel

2355 1802 48 16 from
2412 1800 52 18 John
2474 1800 89 20 Palloona
2572 1804 19 14 to
2601 1802 38 16 Mis
2649 1802 99 18 Morrison.

2378 1824 30 18 An
2417 1824 114 22 application
2541 1831 36 11 was
2587 1825 68 23 lodged
2668 1826 30 16 for
2711 1826 32 16 the
2760 1831 20 12 re-

2355 1847 61 18 moval
2427 1848 19 17 of
2456 1847 32 17 the
2497 1848 66 17 license
2573 1849 19 16 of
2606 1849 31 16 the
2651 1849 66 17 CKaiio
2731 1849 59 18 Hotel

2355 1873 19 14 to
2385 1870 99 23 Waiotapu
2494 1871 66 22 valley.
2573 1872 218 18 The-Chairmanstated

2355 1894 43 16 that
2408 1894 22 16 he
2439 1894 36 16 had
2485 1894 83 18 reeoived
2577 1901 11 10 a
2597 1894 91 24 telegram
2698 1896 50 16 from.
2760 1896 31 16 Mr

2356 1917 27 16 W.
2395 1917 96 17 Henshaw
2500 1918 72 22 stiting
2587 1919 43 16 that
2642 1925 12 10 a
2667 1919 90 22 majority
2771 1919 20 16 of

2355 1940 32 16 tin.'
2397 1940 91 18 residents
2495 1940 114 24 objected.to
2617 1941 32 17 the
2656 1942 83 16 removal
2746 1941 43 20 aii.d,

2355 1963 16 17 if
2387 1964 87 21 granted,
2496 1970 11 10 a
2528 1964 118 19 disturbance
2668 1965 65 17 would
2748 1965 43 17 take

2356 1986 58 23 plico.
2441 1987 31 16 M.-
2481 1987 48 17 Fi,ie
2536 1990 12 14 >t
2558 1988 56 16 Davis
2623 1989 19 15 of
2655 1988 55 18 Hanc
2716 1988 75 18 >okanJ

2357 2010 31 17 Co.
2398 2010 95 22 appearol
2500 2010 20 17 in
2532 2012 78 21 support
2625 2011 20 17 of
2662 2011 31 17 the
2707 2011 73 23 applica-

2357 2033 38 17 tion
2408 2039 24 10 an
2440 2033 5 16 1
2459 2034 62 16 stito.l
2535 2034 41 17 that
2590 2034 95 23 although
2702 2040 77 17 arrango-

2357 2057 94 17 mjntshi.
2459 2056 5 17 I
2481 2057 45 17 boon
2541 2057 53 17 mile
2609 2058 45 16 with
2671 2058 32 16 the
2720 2058 71 17 natives

2357 2081 28 15 for
2395 2079 5 17 1
2407 2080 33 16 uid
2449 2086 26 11 on.
2490 2081 60 16 which
2565 2081 32 16 the
2611 2080 59 18 Hotel
2685 2086 38 12 was
2736 2082 19 16 to
2769 2081 22 16 hi'

2357 2103 47 17 built
2414 2103 52 16 there
2475 2103 37 17 had
2521 2103 45 18 boon
2575 2110 12 10 a
2595 2103 75 23 dispute
2679 2104 38 17 and
2731 2105 12 16 it
2755 2110 36 11 was

2356 2131 43 12 now
2408 2126 99 17 unoortaitt
2515 2127 84 16 whether
2615 2129 32 16 tjie
2663 2128 80 21 original
2757 2128 34 16 site

2357 2149 63 17 would
2430 2149 21 17 bo
2460 2151 40 20 got.
2526 2150 19 18 If
2552 2151 35 15 not
2596 2150 44 23 iihny
2656 2150 63 16 would
2735 2150 56 23 apply

2357 2173 19 15 to
2394 2172 127 18 Government
2538 2174 28 16 for
2585 2180 11 10 a
2613 2174 70 16 section
2700 2174 64 16 within
2782 2181 9 9 a

2357 2197 77 21 quarter
2442 2195 20 17 of
2471 2202 11 10 a
2495 2195 44 18 mile
2554 2197 19 16 of
2589 2196 32 18 the
2638 2197 61 17 other.
2726 2197 21 16 In
2762 2202 19 11 ro-

2357 2218 47 23 gard
2413 2220 20 15 to
2443 2219 30 16 Mr
2482 2219 111 17 Honshaw's
2602 2220 93 22 tologram
2700 2220 30 17 Mr
2735 2220 56 17 Davis

2357 2244 17 14 st
2380 2242 39 16 itod
2428 2242 43 16 that
2479 2242 15 17 it
2503 2248 38 11 was
2554 2243 63 16 rather
2632 2243 146 23 inoomprehen>i-

2357 2265 30 17 ble
2396 2271 20 11 as
2426 2265 30 18 Mr
2465 2265 96 18 Henshaw
2569 2266 39 16 had
2622 2266 83 23 actually
2721 2266 44 23 spok
2773 2272 16 11 in

2357 2289 20 16 to
2386 2288 41 18 him
2441 2288 59 17 about
2514 2289 66 22 soiling
2594 2289 29 17 his
2635 2289 80 18 interest
2728 2290 19 16 in
2761 2291 30 15 tin;

2357 2311 56 17 block
2421 2312 21 16 of
2450 2312 45 16 land
2504 2312 19 17 in
2532 2312 74 20 dispute
2615 2313 47 16 with
2672 2312 32 18 the
2715 2319 10 10 n
2733 2313 57 17 itives.

2397 2335 31 15 ask
2449 2335 4 23 1
2464 2335 31 17 the
2505 2335 111 18 Committee
2630 2337 20 16 to
2663 2342 82 16 approve
2761 2336 29 16 the

2358 2358 53 22 plans
2421 2357 94 23 produced
2524 2359 37 16 and
2568 2361 19 15 to
2595 2361 49 15 state
2650 2359 15 17 if
2672 2360 33 16 the
2712 2365 36 11 rem
2754 2359 37 17 >v.il

2359 2381 62 17 would
2431 2382 21 15 bo
2461 2381 80 23 granted
2551 2382 15 17 if
2583 2382 75 22 applied
2672 2383 29 16 for
2715 2385 19 14 at
2747 2384 44 15 next

2359 2404 88 23 meeting.
2473 2404 39 19 The
2520 2405 102 18 Chftirmia
2630 2405 40 18 said
2688 2406 30 17 the
2735 2411 42 11 mem-

2359 2428 41 16 bers
2408 2430 77 19 present
2494 2434 51 12 were,
2560 2429 108 16 favourable
2682 2430 20 16 to
2717 2429 30 16 the
2762 2435 19 10 re-

2359 2452 62 17 moval
2434 2451 34 18 but
2482 2451 46 24 they
2545 2451 62 18 would
2624 2453 43 21 give
2684 2458 24 11 no
2725 2451 65 23 pledge

2359 2474 47 16 until
2416 2474 32 17 the
2462 2474 55 18 views
2531 2476 24 15 of
2565 2474 68 19 Mossrs
2648 2475 93 23 Simpkins
2754 2475 37 16 anil

2358 2497 100 22 Cnapruan
2465 2497 38 18 had
2516 2498 45 17 boon
2575 2498 121 21 ascertained,
2713 2503 23 13 as,
2747 2498 44 23 they

2357 2521 55 17 alone
2421 2521 56 16 could
2493 2527 33 16 say
2539 2521 15 17 if
2571 2521 31 17 the
2617 2522 57 17 hou.se
2691 2524 19 14 at
2726 2521 64 19 Qinaio

2358 2543 55 18 could
2423 2544 22 16 be
2454 2543 79 23 dispells!
2541 2545 11 16 d
2562 2545 51 16 with.
2632 2545 31 17 Mr
2672 2544 53 18 Davis
2735 2544 55 17 asked

2358 2568 43 15 that
2409 2567 33 16 the
2451 2573 18 10 m
2475 2569 49 15 ittor-
2533 2568 22 16 be
2568 2575 10 9 a
2586 2567 87 23 ljourncd
2687 2568 46 17 until
2746 2569 45 16 next

2358 2596 26 17 qu
2390 2590 66 23 irterly
2465 2591 89 22 mooting,
2564 2591 61 17 which
2634 2597 38 11 was
2682 2590 83 24 granted.

2381 2613 32 17 Mr
2421 2613 51 17 John
2482 2613 96 22 Falloona,
2586 2614 88 21 Rotorua,
2681 2614 72 22 applied
2762 2614 29 16 for

2358 2642 11 11 a
2378 2636 100 19 wholesale
2486 2637 73 18 license.
2585 2637 31 19 He
2625 2637 61 18 stated
2702 2638 21 16 ho
2738 2637 52 16 mule

2359 2660 31 16 the
2399 2660 116 22 application
2523 2662 20 15 at
2553 2660 31 17 the
2594 2664 73 19 request
2680 2661 19 15 of
2709 2667 8 9 a
2736 2665 40 12 num-

2359 2683 33 17 ber
2399 2684 21 16 of
2427 2683 67 22 people
2507 2684 22 17 iui
2543 2684 84 18 Rotorua
2642 2683 40 18 who
2697 2683 92 23 presently

2359 2708 34 20 got
2402 2706 49 18 their
2460 2707 61 21 liquor
2529 2707 53 18 from.
2592 2706 103 19 Auckland.
2725 2707 30 16 Mi'
2769 2707 20 16 0.

2359 2733 21 13 A.
2392 2729 73 21 Clarke,
2473 2728 89 23 R'otoruu,
2570 2730 86 22 objected
2663 2732 19 15 to
2689 2729 101 18 bhc-licensc

2359 2752 57 23 being
2425 2753 81 22 granted
2514 2759 21 11 as
2543 2759 44 16 very
2599 2754 49 16 little
2662 2752 52 18 trade
2730 2752 60 17 would

2359 2776 22 16 bo
2390 2776 49 16 done
2448 2778 66 20 except
2524 2777 44 16 with
2578 2777 77 16 natives.
2680 2776 110 17 Tncrewere

2359 2799 76 22 already
2445 2799 36 17 five
2489 2800 61 16 hotels
2558 2800 19 16 in
2587 2800 31 16 the
2632 2799 71 17 district
2717 2799 36 17 and
2768 2799 22 16 ho

2359 2822 105 18 contended
2473 2823 41 16 that
2528 2823 31 16 the
2575 2823 83 16 facilities
2674 2823 28 16 for
2715 2822 64 16 obtain-

2359 2846 33 21 ing
2402 2845 61 23 liquor
2473 2851 46 12 were
2529 2846 67 22 ample.
2621 2846 30 17 Mr
2660 2845 61 20 Davis,
2731 2851 19 10 as
2765 2851 24 11 an

2359 2874 63 12 owner
2430 2869 21 17 of
2458 2870 91 22 property
2556 2870 19 16 in
2594 2869 87 20 Rotorua,
2699 2868 37 16 also
2754 2868 23 16 ob-

2358 2891 68 23 jected.
2460 2892 30 17 Ho
2508 2892 60 17 stated
2586 2893 41 16 that
2644 2891 27 18 his
2689 2891 40 17 firm
2743 2891 47 17 with

2359 2916 80 15 another
2446 2915 39 18 hud
2493 2917 55 20 spent
2557 2915 78 21 20,01)0
2645 2914 17 17 in
2681 2914 50 17 hotel
2744 2919 34 17 pro-

2359 2938 54 23 perty
2422 2939 20 17 at
2460 2938 83 19 Rotorua
2557 2938 38 18 and
2609 2938 28 17 he-
2646 2937 42 17 held
2702 2937 41 17 that
2757 2937 33 17 the

2359 2961 63 17 Bench
2442 2961 69 17 should
2528 2963 72 20 protect
2616 2962 56 16 them.
2702 2960 22 17 In
2741 2959 49 19 their

2359 2984 66 17 houses
2435 2984 52 19 there
2496 2985 107 23 was.ample
2612 2984 91 22 provision
2711 2984 28 16 for
2744 2989 34 16 sup-

2359 3007 68 23 plying
2447 3008 32 16 the
2505 3008 98 22 European
2628 3006 88 18 residents
2743 3007 46 17 with

2359 3031 61 22 liquor
2428 3032 21 16 at
2458 3030 97 20 wholesale
2564 3033 49 15 rates
2621 3036 23 12 an
2652 3030 5 16 I
2663 3030 31 16 the
2700 3029 90 23 granting

2359 3056 19 14 of
2387 3054 32 17 the
2428 3055 75 22 present
2512 3055 66 17 license
2588 3053 60 17 would
2656 3053 44 21 only
2709 3051 45 19 tend
2769 3055 20 14 to

2358 3083 105 17 encourage
2472 3084 11 10 a
2492 3077 98 18 wholesale
2599 3076 51 18 trade
2660 3076 45 17 with
2713 3076 32 17 the
2754 3081 24 12 na-

2358 3100 48 17 tives
2415 3100 61 17 which
2485 3106 37 11 was
2531 3102 33 15 not
2573 3100 94 17 desirable.
2681 3099 37 16 The
2728 3099 60 17 hotels

2359 3129 47 11 wore
2415 3123 60 17 under
2483 3124 46 17 such
2539 3123 113 22 supervision
2665 3121 38 17 and
2715 3123 74 16 control

2359 3153 19 10 as
2389 3147 62 16 would
2460 3148 33 16 not
2507 3147 21 17 bo
2543 3146 78 23 possible
2636 3145 18 17 in
2669 3145 31 17 the
2714 3151 41 10 ease
2769 3146 20 16 of

2359 3170 31 16 tin;
2399 3170 66 16 holder
2474 3170 19 17 of
2501 3176 11 12 a
2522 3170 96 17 wholesale'
2627 3168 71 21 license,
2706 3168 36 16 and
2756 3168 33 17 the

2358 3194 92 21 granting
2458 3194 21 16 of
2486 3194 16 16 it
2511 3193 61 17 would
2581 3192 42 21 only
2634 3191 40 18 lead
2683 3192 19 15 to
2710 3191 79 18 reckless

2359 3215 90 24 drinking
2457 3219 88 18 amongst
2554 3217 30 15 the
2594 3214 74 18 natives.
2694 3214 38 16 Too
2739 3214 36 22 pub-

2360 3239 23 16 lic
2391 3239 57 18 could
2455 3240 35 17 not
2498 3239 23 18 bo
2535 3239 60 17 better
2608 3237 62 18 served
2684 3237 45 16 than
2743 3237 46 22 they

2359 3267 47 12 were
2415 3264 20 15 at
2444 3266 80 18 present.
2550 3264 37 15 Tin'
2600 3261 25 18 C!i
2634 3265 63 13 hiiiimi
2707 3260 40 16 said
2757 3260 31 18 the

2359 3284 111 19 Committee
2480 3286 37 16 had
2525 3284 75 18 decided
2609 3285 18 17 to
2637 3284 59 16 rofme
2708 3283 30 16 the
2753 3290 23 17 ap-

2357 3308 91 22 plication
2457 3314 20 11 as
2486 3309 43 22 they
2539 3308 30 17 did
2579 3311 29 13 not
2625 3306 52 18 think
2695 3312 10 11 a
2719 3306 68 17 license

2357 3332 20 16 of
2387 3331 36 18 this
2433 3331 111 23 description
2554 3337 36 11 was
2599 3329 83 22 require!
2692 3330 18 16 at
2728 3329 48 18 Roto-

2358 3360 38 11 rua.
2427 3356 39 15 The
2486 3355 63 17 Bench
2569 3352 93 23 regretted
2680 3352 69 21 having
2768 3354 19 16 to

2357 3384 52 10 coma
2417 3378 20 17 to
2446 3378 45 17 such
2501 3384 10 11 a
2519 3378 78 16 decision
2606 3382 19 11 as
2635 3376 43 21 they
2689 3375 34 17 had
2731 3380 54 18 evory

2357 3402 73 21 respect
2439 3401 28 16 for
2476 3401 31 17 Mr
2516 3401 87 17 Falloona
2614 3399 35 16 and
2665 3399 28 18 he,
2709 3403 66 17 person-

2356 3424 45 22 ally,
2423 3424 54 17 eould
2499 3424 63 22 testify
2583 3424 18 15 to
2618 3422 31 17 the
2674 3422 113 21 respectable

2357 3453 78 11 manner
2443 3447 19 17 in
2472 3447 59 17 which
2541 3449 30 14 tlie
2583 3446 80 17 Rotorua
2680 3445 14 15 II
2706 3445 27 15 eel
2750 3445 37 16 hail

2357 3470 45 17 boon
2412 3469 91 19 conducte
2510 3470 6 17 I
2525 3469 53 17 while
2587 3468 57 17 under
2652 3467 32 18 tho
2690 3467 69 23 charge
2767 3469 20 16 of

2356 3493 31 17 Mr
2400 3493 98 19 Palloona.

2380 3532 24 16 At
2418 3532 33 16 tho
2466 3529 37 20 last
2519 3530 80 21 meeting
2616 3530 20 15 of
2651 3529 32 17 tho
2700 3528 84 18 Waikato

2356 3554 100 22 Licensing
2465 3553 109 19 Committee
2584 3551 41 17 held
2640 3553 19 15 at
2673 3551 111 24 Cambridge

2356 3582 27 13 on.
2396 3577 99 23 Thursday
2510 3577 41 18 last,
2569 3575 31 17 tho
2616 3575 81 16 transfer
2719 3575 19 17 of
2754 3575 30 18 tho

2355 3600 67 19 license
2436 3601 20 16 of
2472 3595 32 22 tiic
2521 3599 39 18 Hot
2576 3598 77 23 Springs
2670 3598 58 17 Hjtol
2747 3603 37 12 was

2355 3623 81 22 granted
2444 3624 48 16 from
2502 3622 29 18 Mr
2540 3622 19 16 T.
2573 3620 20 19 C.
2610 3620 96 23 UVquhart
2720 3622 19 16 to
2754 3620 30 18 Mr

2355 3647 100 17 Liwreuoo
2467 3645 108 20 Callaghan,

2354 3693 52 17 THE
2413 3689 289 21 SURVEYOR-GENERALS
2709 3689 64 20 VISIT.

2376 3739 57 18 MrS.
2444 3740 58 20 Percy
2511 3737 65 19 Smith,
2592 3736 190 22 Surveyor-General,

2352 3761 35 18 loft
2396 3762 30 18 for
2436 3761 123 23 Wellington,,
2563 3758 87 19 overland
2658 3758 125 19 viaTokaanu

2353 3791 23 11 on
2386 3784 100 24 Saturday.
2511 3784 72 19 During
2592 3782 30 17 Mr
2632 3782 75 16 Smith's
2717 3784 41 20 slay
2765 3783 18 17 in

2353 3808 32 17 the
2394 3803 136 22 district'inuoh
2544 3805 19 18 of
2580 3805 28 17 his
2625 3805 45 17 time
2688 3805 32 16 has
2737 3805 46 18 been

2352 3831 89 23 ocjupiod
2450 3831 19 17 in
2477 3829 103 20 discussing
2587 3828 46 17 road
2646 3828 77 17 mutters
2738 3829 45 16 with

2352 3854 31 17 Mr
2391 3855 81 22 Iteanoy,
2483 3852 43 18 road
2533 3852 86 21 engineer
2628 3851 19 17 in
2657 3851 61 17 whose
2731 3857 51 14 corn?

2351 3883 51 17 pany
2416 3878 23 17 he
2455 3874 98 25 proceeded
2570 3874 20 17 to
2607 3873 13 19 Q
2630 3872 56 19 ilatba
2702 3873 35 19 and
2757 3874 26 18 To

2353 3901 68 16 Whaiti
2431 3901 18 17 to
2459 3900 70 21 inspect,
2538 3898 30 17 the
2583 3897 54 18 roads
2653 3897 56 17 there.
2743 3897 39 20 The

2352 3922 39 19 idea
2410 3923 41 18 that
2465 3922 31 18 the
2512 3921 125 16 Oovernine.it
2654 3920 89 17 intended
2762 3921 19 18 to

2350 3949 50 14 erect
2416 3952 11 12 a
2441 3944 91 22 township
2549 3943 52 18 there
2615 3942 61 19 under
2692 3943 31 18 tho
2740 3949 41 12 new

2350 3969 68 17 Native
2435 3966 107 23 Townships
2563 3967 35 15 Act
2618 3971 78 18 appears
2719 3967 18 16 to
2759 3967 23 18 ba

2350 3998 105 12 erroneous.
2479 3990 57 21 There
2545 3989 15 16 is
2568 3994 24 13 no
2603 3989 118 18 inducement
2730 3990 19 17 to
2757 3990 25 18 do

2350 4021 19 11 so
2378 4015 20 18 in
2407 4015 42 18 that
2458 4012 73 22 locality
2540 4014 19 15 at
2572 4012 80 22 present.
2684 4012 96 22 Tokaanu,

2349 4038 91 21 howevor,
2452 4036 36 18 will
2497 4036 45 16 have
2554 4035 94 17 attention
2661 4034 20 18 in
2695 4035 42 18 that
2751 4042 20 10 re-

2349 4063 52 20 spect
2409 4068 20 10 as
2438 4061 13 15 it
2462 4060 13 16 is
2484 4057 105 17 e.msiilerel
2599 4057 95 18 advisable
2703 4059 20 17 to
2733 4059 47 18 hive

2350 4085 31 17 the
2390 4085 73 22 springs
2472 4082 51 17 there
2531 4080 106 17 conserved.
2663 4081 25 16 At
2698 4081 69 19 Whaka-

2349 4111 98 14 rowarowa
2456 4104 30 19 Mr
2500 4103 2 23 .
2514 4103 44 18 mith
2575 4108 36 13 was
2628 4104 46 22 busy
2690 4104 45 18 with
2749 4106 33 17 Mi-

2349 4130 43 21 Gill,
2411 4128 43 19 land
2471 4127 88 23 purchase
2575 4127 62 22 ngont,
2655 4127 77 24 making
2749 4134 20 12 ar-

2349 4151 118 22 rangements
2488 4150 28 17 for
2533 4149 30 18 the
2581 4149 112 23 completion
2711 4152 19 15 of
2749 4152 31 18 the

2802 134 4 38 j
2815 143 85 17 Crown's
2916 142 42 18 fciflo
2975 144 20 18 to
3010 144 34 17 the
3059 143 32 19 lira
3098 144 7 17 I
3121 143 59 20 there.
3213 145 31 17 Tin

2815 167 69 17 matter
2888 165 40 19 will
2932 166 24 18 bo
3034 167 75 22 settled,
3113 168 18 17 it
3133 168 115 19 issunnised.

2802 188 2 24 I
2813 189 26 23 by
2856 188 65 24 Judge
2937 188 71 19 Wilson
3024 191 22 17 at
3062 190 33 18 fho
3111 190 69 19 Native
3197 191 51 18 Land

2802 207 1 31 j
2813 212 59 18 Court
2882 212 74 23 to-day,
2967 213 37 18 and
3014 213 33 18 the
3063 214 86 18 Crown's
3163 207 85 31 interest:

2813 235 122 18 ascertained.
2972 237 39 16 Tin;
3027 237 148 22 improvem*jnfcs
3189 238 57 20 there,

2802 256 1 29 j
2814 259 61 18 which
2882 259 42 18 will
2930 259 20 17 in
2958 265 13 12 a
2978 261 52 21 groat
3048 266 85 12 measure
3146 261 70 17 consist
3229 261 20 18 of

2802 282 1 24 i
2813 282 85 23 forming
2905 282 97 22 footpaths
3012 284 20 17 to
3041 283 32 18 the
3083 284 73 18 various
3173 289 75 17 geysers

2813 305 38 17 and
2859 305 57 18 other
2921 306 65 22 points
2993 306 22 18 of
3020 306 86 21 intereit,
3121 307 38 17 will
3163 306 47 19 then
3225 307 25 19 be

2811 328 105 23 proceeded
2924 329 52 20 with,
2992 335 11 11 a
3017 335 43 11 sum
3073 330 20 17 of
3109 335 67 18 money
3190 331 58 20 being

2813 351 91 18 available
2915 352 29 17 for
2956 351 34 18 the
3002 358 87 17 purpose.
3120 353 32 18 Mr
3164 353 83 23 Malfroy

2813 374 38 21 has,
2863 380 26 12 we
2899 375 121 21 understand,
3036 376 47 17 been
3098 377 117 22 empowered
3229 378 20 17 to

2812 403 32 12 see
2852 398 29 16 wli
2887 401 15 14 it
2911 404 35 11 cm
2954 398 12 16 1>
2985 398 48 18 done
3041 399 20 17 in
3070 399 33 18 the
3110 404 42 18 way
3157 400 23 17 of
3182 405 55 13 arous-

2812 421 34 23 ing
2856 420 81 18 Waikite
2947 422 19 16 to
2974 427 11 11 a
2997 427 70 18 proper
3075 428 53 11 sense
3135 423 22 17 of
3164 423 25 18 its
3201 423 48 23 duty

2811 449 22 12 as
2840 450 25 11 an
2874 444 78 18 efficient
2964 450 72 17 geyser,
3047 445 25 16 its
3084 446 86 24 energies
3177 446 73 24 having

2813 467 94 18 remained
2917 468 19 17 in
2945 473 10 12 a
2968 469 48 16 state
3025 468 20 18 of
3053 468 110 23 quiescence
3172 469 30 18 far
3216 471 31 16 toe

2813 489 51 24 long.

2837 513 21 17 In
2874 513 68 23 regard
2958 514 20 17 to
2992 513 46 19 bath
3053 515 146 22 improvements
3215 515 31 18 Mr

2802 535 1 26 ;
2812 535 84 24 Malfroy
2905 538 33 17 has
2947 536 46 19 been
3001 537 106 19 instructed
3117 541 21 14 to
3146 538 68 23 proced
3227 541 19 16 at

2812 565 46 12 once
2867 560 45 18 with
2922 560 31 18 the
2962 560 81 18 erection
3052 561 20 18 of
3081 567 12 11 a
3101 561 58 18 shade
3167 562 82 18 overthe

2811 582 47 18 Now
2875 583 84 23 Sulphur
2973 584 59 17 Biths
3047 585 16 16 it
3077 584 58 23 being
3148 585 53 22 quite
3213 590 22 18 ap-

2811 607 69 21 parent
2887 606 42 18 that
2943 607 14 16 it
2975 612 38 13 was
3027 607 101 23 positively
3142 608 106 24 dangerous

2811 630 21 16 to
2840 628 76 24 subjosfc
2923 628 79 19 invalids
3012 632 21 15 to
3041 630 33 18 the
3083 636 43 17 rays
3134 631 22 17 of
3163 637 12 10 a
3181 632 66 23 strong

2811 658 36 10 sua
2856 658 23 12 aa
2888 652 5 17 1
2902 652 32 18 tho
2948 652 67 24 highly
3032 653 84 24 charged
3133 654 113 23 sulphurous

2810 680 83 18 vapours
2901 677 21 16 at
2929 676 34 17 tho
2971 682 52 12 same
3036 677 52 17 time.
3120 676 32 18 Mr
3165 677 83 24 Malfroy

2813 698 36 17 will
2859 699 39 17 also
2908 705 77 17 prepare
2994 699 54 23 plans
3058 701 30 16 for
3097 700 32 18 the
3138 701 80 18 erection
3229 702 19 17 of

2811 721 93 18 aLidios'
2919 722 112 24 Swimming
3045 723 51 18 Bath
3109 729 25 12 on
3149 724 33 17 tlie
3198 725 55 17 same'

2811 745 49 23 style
2876 750 20 12 as
2914 745 32 17 the
2962 745 47 18 Bluo
3028 746 55 18 Bath,
3116 746 22 18 In
3157 746 39 18 this
3215 748 33 17 the

2813 766 68 19 Richel
2891 767 37 19 and
2938 767 31 19 the
2979 769 46 17 Blue
3035 770 49 16 Bath
3095 771 67 17 waters
3172 770 38 18 will
3226 771 15 15 1
3243 766 4 22 ;

2811 790 82 22 utilised;
2907 792 33 16 tho
2956 792 43 17 flow
3016 792 60 24 baing
3090 793 64 23 ample
3170 793 29 18 for
3217 794 31 18 the

2814 819 87 18 purpose.

2835 837 38 17 Tae
2883 844 17 10 in
2908 839 44 15 itter
2961 838 19 16 of
2989 839 31 16 the
3029 839 57 17 Town
3103 840 59 16 water
3180 839 67 24 supply

2811 859 40 18 also
2860 861 83 18 roabived
2952 862 101 17 attention;
3078 863 39 16 The
3126 863 50 17 2OO
3192 864 56 16 voted

2812 884 84 22 recently
2905 884 38 17 will
2952 884 22 17 be
2983 882 80 21 devoted
3073 886 20 17 to
3105 886 32 17 the
3150 887 86 17 construc-

2812 906 40 18 tion
2861 907 20 17 of
2889 913 11 11 a
2909 907 62 23 larger
2982 908 92 18 reservoir
3086 910 21 16 at
3121 909 33 17 the
3168 909 47 18 head
3229 911 19 16 of

2812 929 32 17 the
2853 929 43 23 pipe
2905 931 37 16 line
2950 931 37 16 and
2996 931 19 17 in
3028 932 110 23 protecting
3149 932 34 18 tho
3195 933 53 22 pipes

2811 952 77 24 already
2897 953 39 18 laid
2945 953 49 18 from
3006 954 96 19 corrosion
3119 955 24 22 by
3159 955 33 18 the
3208 956 29 17 sul-

2811 976 51 22 phur
2878 977 65 17 fumes.
2978 977 18 18 It
3013 978 16 16 is
3046 978 90 22 expected
3157 978 42 18 that
3216 979 32 18 the

2812 999 51 17 Hon.
2879 1000 21 17 J.
2917 999 108 22 MeKoittie,
3044 1001 87 17 Minister
3145 1002 20 17 of
3178 1002 68 21 Lands,

2813 1023 36 16 will
2860 1028 36 18 pay
2905 1029 11 11 a
2925 1023 43 18 visit
2977 1024 19 16 to
3006 1019 85 23 Rotoru'a
3105 1031 52 11 some
3170 1025 45 19 time
3227 1026 19 16 in

2811 1044 86 24 January
2905 1047 38 16 and
2954 1046 30 18 Mr
2992 1047 61 23 Percy
3062 1047 62 18 Smith
3138 1048 38 18 will
3189 1049 19 16 in
3221 1049 26 17 nil

2811 1068 115 23 probability
2941 1075 115 18 accompany
3070 1071 46 17 him.
3146 1072 102 22 ToWnship

2811 1093 78 17 matters
2898 1093 96 22 generally
3004 1094 39 16 will
3054 1094 46 17 then
3114 1094 23 17 be
3154 1094 92 18 discussed

2811 1115 38 17 and
2858 1117 80 21 systems
2947 1116 20 17 of
2982 1116 96 23 drainage,
3095 1117 102 17 sanitation
3211 1119 35 17 and

2813 1139 57 16 water
2890 1138 99 18 extension
3006 1140 120 20 formulated,
3145 1140 37 19 anil
3196 1146 51 17 ways

2811 1161 38 17 and
2858 1167 63 13 means
2936 1162 29 17 for
2973 1163 130 22 carrying-out
3113 1164 32 17 the
3154 1164 52 17 work
3215 1170 22 12 ex-

2811 1184 115 23 peditiously
2936 1185 114 19 considered.

2835 1222 23 16 In
2868 1222 67 24 regard
2943 1225 20 15 to
2973 1224 31 16 the
3013 1223 75 19 scheme
3096 1225 21 16 of
3125 1225 125 23 establishing

2811 1246 186 23 a-native'township
3010 1248 20 15 at
3045 1247 91 18 Tokaanu
3150 1248 33 17 the
3197 1248 37 19 Wel-

2811 1268 79 23 lington;
2907 1269 146 24 correspondent
3074 1271 20 16 of
3117 1272 33 16 the
3176 1272 71 17 Herald

2811 1293 58 16 states
2877 1293 43 17 that
2929 1293 31 17 Mr
2976 1293 86 18 Cadman
3077 1294 38 16 will
3129 1295 74 22 shortly
3219 1301 30 11 see
3292 1291 8 19 f

2811 1314 33 17 the
2852 1315 72 18 natives
2933 1316 52 17 there
2994 1322 20 12 as
3023 1317 32 17 the
3065 1317 45 17 land
3118 1317 16 17 is
3142 1318 39 16 still
3190 1318 59 17 under

2811 1338 63 18 native
2891 1339 41 18 title
2949 1340 36 16 and
3007 1340 32 17 the
3062 1340 88 18 interests
3175 1341 19 17 of
3215 1341 33 18 the

2812 1366 71 14 owners
2902 1362 47 18 have
2964 1364 35 16 not
3020 1363 47 17 been
3084 1363 75 18 denned
3174 1364 25 23 by
3216 1364 32 18 the

2812 1383 63 19 Court.
2902 1386 43 16 The-
2957 1385 128 19 Government
3098 1387 70 17 intend'
3181 1390 20 14 to
3218 1388 29 21 lay

2811 1408 33 17 out
2853 1414 11 11 a
2872 1409 106 23 township,,
2983 1409 38 18 and
3030 1410 39 17 will
3077 1410 49 17 lease
3136 1411 32 16 the
3173 1411 45 17 land
3225 1416 25 12 on

2812 1430 63 19 behalf
2884 1432 20 17 of
2911 1432 39 17 the-
2956 1432 79 19 natives!
3062 1434 52 21 They
3129 1434 39 17 will
3185 1435 51 16 estab-

2811 1454 38 17 lish'
2867 1461 10 11 a
2898 1456 122 21 sanatorium;
3039 1456 38 17 and
3093 1456 24 17 do
3135 1458 112 23 everything

2811 1477 80 22 possible
2900 1480 20 16 to
2930 1479 53 17 make
2992 1479 16 17 it
3016 1479 101 18 attractive
3129 1480 30 17 for
3172 1481 75 17 visitors

2802 1501 1 17 !
2811 1501 38 16 and
2860 1502 82 16 tourists.

2836 1557 50 17 THE
2900 1557 139 19 WAIOTAPU
3057 1559 45 17 OIL
3121 1559 94 18 LEASES.

2834 1603 33 17 We
2876 1603 117 18 understand
3003 1604 41 18 that
3053 1606 16 17 it
3077 1606 15 17 Is
3105 1606 32 18 the
3154 1606 90 19 intention

2811 1627 20 16 of
2840 1627 69 17 Messrs
2920 1627 105 22 Patterson,
3036 1628 88 20 Flowers,
3210 1631 34 17 and

2811 1649 71 18 Vcrcoe
2891 1649 31 18 the
2935 1650 66 18 lessees
3018 1652 21 17 of
3055 1651 33 19 the
3104 1653 101 23 Waiotapu
3222 1654 22 17 oil

2811 1678 44 12 oroa
2862 1673 21 17 to
2891 1673 67 18 raise-a
2973 1675 122 24 prospecting
3112 1676 96 23 syndicate
3225 1682 20 12 so.

2811 1701 21 11 as
2841 1696 19 17 to
2869 1697 38 16 tost
2916 1696 31 18 the
2956 1698 74 22 ground
3039 1698 20 17 in
3067 1705 11 11 a
3088 1705 50 11 more
3151 1700 93 22 thorough

2813 1724 77 12 manner
2899 1719 45 17 than
2954 1722 32 16 has
2996 1723 32 20 yet
3036 1722 48 17 boon
3093 1722 33 18 the
3135 1729 45 11 o;iso.
3211 1724 22 16 Al-

2812 1741 57 23 ready
2878 1748 11 11 a
2902 1743 49 23 good
2965 1744 43 17 dual
3022 1745 21 16 of
3056 1745 122 24 preliminary
3195 1747 49 17 work

2812 1765 34 17 lias
2855 1766 45 16 boon
2909 1766 48 18 done
2967 1767 59 18 under
3034 1768 33 18 the
3081 1769 83 22 auspices
3180 1770 19 17 of
3215 1769 30 18 Mr

2812 1788 18 17 J.
2841 1788 104 21 Patterson,
2956 1790 93 24 engineer,
3064 1792 20 17 of
3096 1792 100 18 Auckland
3210 1793 35 17 and

2813 1811 30 17 Mr
2856 1812 23 16 A.
2895 1813 98 22 McGrlynu,
3004 1815 21 16 of
3040 1814 88 24 Huntley
3141 1816 42 17 who
3200 1816 44 17 with

2813 1834 30 17 Mr
2853 1835 80 18 Flowers
2942 1842 31 12 are
2982 1837 20 17 at
3011 1840 76 20 present
3095 1845 24 11 on
3128 1839 31 17 the
3166 1839 79 23 ground.

2813 1858 26 17 At
2846 1860 76 21 present
2929 1860 85 18 artesian
3026 1861 54 18 bores
3094 1868 31 11 are
3139 1862 58 21 being
3213 1866 30 19 pui

2813 1881 54 17 down
2877 1882 45 18 with
2931 1888 11 12 a
2951 1884 46 16 view
3006 1886 20 15 to
3036 1889 57 18 prove
3103 1884 31 19 the
3143 1886 75 22 solidity
3227 1887 18 17 of

2813 1905 31 16 the
2854 1907 77 20 country
2941 1907 15 15 it
2965 1906 57 24 being
3032 1908 31 16 the
3081 1908 77 23 general
3171 1909 74 22 opinion

2814 1927 41 18 that
2863 1928 32 17 the
2904 1929 59 18 strata
2972 1929 34 19 has
3014 1930 47 18 boon
3071 1932 55 16 much
3143 1931 101 19 influenced

2813 1950 25 23 by
2851 1952 101 22 eruptions.
2978 1953 39 18 The
3030 1954 26 17 oil
3073 1955 61 18 which
3151 1955 34 18 has
3201 1955 44 17 boL'ii

2813 1974 74 18 obtaine
2895 1975 5 16 1
2917 1975 49 18 from
2982 1976 54 18 these
3056 1977 54 18 bores
3129 1978 15 17 is
3164 1979 21 16 of
3201 1978 44 23 high

2813 1997 71 23 quality
2893 1999 38 16 and
2945 1999 16 17 it
2974 1999 15 17 is
3002 1999 79 19 doomed
3097 2001 90 23 probable
3204 2002 41 17 that

2813 2023 31 15 tne
2861 2021 121 25 prospocting
2998 2023 109 23 oporaiions
3128 2024 38 18 will
3186 2025 50 17 deter-

2813 2044 48 17 mine
2879 2044 31 18 the
2927 2051 87 16 presence
3031 2048 20 16 of
3068 2048 55 17 other
3143 2048 102 22 petroleum

2815 2067 50 17 shale
2874 2067 88 22 deposits.

2816 2125 424 46 CABLEGRAMS

2835 2206 86 19 London,
2943 2207 103 19 December
3069 2209 91 18 10.The
3177 2210 68 18 British

2812 2230 79 17 steamer
2905 2230 95 23 Principia
3014 2231 34 18 has
3062 2232 46 18 boon
3123 2233 83 18 wrecked
3224 2240 21 11 on

2813 2253 31 16 the
2850 2253 57 17 Faroe
2914 2253 74 19 Islands
2996 2255 38 17 and
3041 2256 22 16 29
3069 2261 77 17 persons
3151 2256 94 18 drowned.

2836 2275 131 24 Washington,
2971 2277 105 19 December
3084 2280 25 16 10.
3126 2280 119 18 -ThoSonatn

2812 2298 33 19 has
2855 2298 103 19 instructed
2968 2301 31 17 the
3009 2301 81 24 Foreign
3102 2302 111 19 Committee
3227 2306 18 14 t->

2812 2322 76 22 enquire
2897 2322 40 18 into
2946 2323 32 18 the
2987 2324 82 23 liability
3079 2327 19 16 to
3107 2326 56 18 Great
3174 2326 70 18 Britain

2812 2346 29 16 for
2850 2345 79 19 seizures
2938 2346 18 17 in
2966 2346 85 25 Behring
3060 2355 37 11 sea.

2836 2368 161 24 Constantinople,
3022 2371 103 19 Dorembor
3152 2373 93 18 10.Said

2812 2392 62 16 Pasha
2883 2392 33 17 lias
2926 2393 88 18 returned
3024 2396 19 15 to
3053 2395 28 17 las
3090 2401 43 12 own
3146 2396 99 18 residences.

2836 2414 64 21 Rome,
2919 2416 103 18 December
3040 2419 26 16 10,
3069 2419 80 17 Xows
3163 2420 82 17 receive:!'

2812 2438 48 16 from
2877 2437 101 24 Abyssinia
2992 2442 60 16 states
3069 2442 43 17 that
3129 2448 25 12 on
3170 2442 75 20 Sunday

2812 2461 37 16 last
2865 2462 65 20 20,001)
2948 2463 59 17 Slioas
3024 2465 95 22 surprised
3140 2465 35 18 five
3196 2471 36 13 com-

2812 2484 64 22 panies
2897 2486 20 16 of
2933 2486 70 17 Italian
3020 2489 65 21 troops
3106 2488 59 18 under
3185 2489 60 23 Major

2812 2507 69 17 Tozolli
2890 2510 20 15 at
2919 2509 101 22 Ambajali.
3046 2510 38 19 The
3093 2511 58 18 latter
3159 2512 68 18 offered
3236 2520 8 8 <

2812 2529 97 24 desperate
2924 2532 100 19 resistance
3041 2534 38 17 and
3097 2534 42 18 hold
3156 2536 31 16 the
3196 2536 39 21 posi-

2812 2554 45 17 tion.
2884 2554 63 23 Major
2956 2555 85 19 Tozelli's
3051 2557 36 17 loss
3096 2558 15 16 is
3120 2558 97 18 estimated
3227 2561 15 15 al

2812 2577 34 17 000
2856 2578 58 16 killed
2930 2578 67 24 chiefly
3011 2580 72 18 natives
3100 2581 76 23 serving
3190 2581 55 18 under

2812 2600 71 17 Italian
2900 2601 77 19 offlcrs.
3011 2603 39 18 The
3071 2606 125 21 engagement
3217 2611 19 11 ex-

2812 2623 69 18 tended
2890 2630 44 11 over
2942 2625 53 22 eight
3004 2627 63 17 hours.

2813 2681 211 35 AUSTRALIAN
3037 2684 200 35 TELEGRAMS

2836 2748 81 23 Sydney,
2933 2749 103 20 December
3052 2752 75 19 10.In
3145 2754 32 18 the
3194 2755 50 18 Dean

2811 2776 41 12 case
2862 2771 53 19 MrG
2923 2773 84 24 >odohap,
3015 2774 82 23 M.L.C.,
3104 2783 48 16 gave
3161 2778 75 18 evidonc

2811 2794 44 17 that
2863 2794 30 18 Sir
2900 2795 19 18 J.
2927 2795 99 21 Sxlomons
3034 2804 12 11 a
3058 2799 38 22 day
3112 2806 21 10 or
3147 2802 38 16 two
3199 2802 46 17 after

2811 2816 24 17 he
2853 2817 38 18 had
2909 2818 53 19 made
2979 2821 29 16 his
3096 2824 66 21 speech
3179 2824 22 17 in-
3215 2825 30 17 the

2811 2841 79 17 Council
2907 2842 39 18 told
2962 2844 39 17 him
3018 2845 42 17 that
3077 2846 16 16 if
3108 2846 23 17 he
3149 2847 36 18 had
3199 2848 44 17 been

2811 2863 185 24 Attorney-General
3017 2868 23 18 he
3057 2869 63 17 would
3137 2870 47 18 have
3201 2877 32 11 con-

2811 2887 63 16 ceived
2883 2888 15 16 it
2907 2888 28 18 his
2944 2889 48 23 duty
3002 2892 19 16 to
3030 2891 69 17 release
3109 2893 53 17 Dean
3171 2895 19 15 in
3203 2900 32 12 oon-

2811 2912 120 19 sequenee-of
2939 2912 32 17 the
2980 2914 96 22 improper
3084 2915 127 20 observations
3227 2918 18 17 of

2810 2932 64 23 Judge
2890 2934 105 24 Wlndeyer.
3029 2938 70 17 Dean's
3116 2940 75 17 counsel
3210 2947 35 11 was

2811 2955 99 25 objecting
2925 2960 20 15 to
2962 2960 32 17 the
3011 2960 102 19 admission
3135 2964 18 16 of
3176 2965 68 16 certain

2811 2978 120 20 evidenea'on
2946 2982 33 17 the
2992 2985 76 19 ground
3084 2985 42 17 that
3140 2987 31 15 tin'
3187 2987 56 22 Royal

2811 3002 72 21 pardon
2893 3004 53 18 made
2956 3006 14 16 it
2980 3006 129 20 inadmissible
3125 3009 53 17 when
3193 3010 51 17 Dean

2810 3025 121 24 impatiently
2938 3028 120 24 interrupted
3067 3025 4 30 :
3133 3032 15 17 is
3161 3039 11 10 a
3181 3034 41 21 pity
3238 3035 5 15 1

2811 3049 67 17 wasn't
2888 3049 61 25 hange
2956 3051 7 17 1
2972 3053 29 16 for
3010 3053 15 16 it
3033 3055 21 15 at
3063 3055 32 15 the

2837 3071 88 25 Meagher
2933 3074 100 19 intimated
3041 3076 30 19 his
3087 3077 37 18 lino
3139 3079 20 17 of
3171 3079 74 18 defence

2810 3095 63 17 would
2883 3096 22 16 be
2919 3097 42 17 that
2975 3098 74 18 instead
3065 3100 20 17 of
3227 3107 17 12 t..

2810 3117 64 18 dofeat
2881 3119 33 17 the
2922 3120 46 18 ends
2977 3122 20 17 of
3004 3122 69 22 justice
3086 3124 28 18 his
3130 3125 38 17 real
3184 3126 57 22 objec!

2810 3146 38 11 was
2867 3143 20 16 to
2904 3148 52 13 serve
2971 3145 69 21 justice
3058 3147 25 18 by
3104 3149 98 22 upsetting
3222 3155 21 11 an

2811 3164 62 18 unfair
2882 3166 49 17 trial.
2963 3168 30 17 Ho
3007 3173 25 18 qu
3042 3170 35 17 .ted
3095 3171 103 18 Salomons'
3212 3172 22 17 ad-

2811 3192 76 13 mission
2895 3189 20 17 to
2933 3189 103 25 Goodchap
3050 3193 19 16 in
3086 3196 78 20 support
3181 3196 20 15 of
3217 3195 26 19 his

2810 3211 115 18 contention.
2967 3214 81 18 Counsel
3072 3216 28 16 for
3121 3218 32 16 the
3178 3218 65 17 Crown

2810 3233 111 22 depreeatod
2929 3236 133 19 hisaUaekson
3070 3239 63 21 Judge
3140 3241 101 18 Wmdevor.

2835 3256 109 20 Melbourne

2810 3278 33 24 ing
2851 3281 20 15 of
2880 3281 130 19 shareholders
3018 3285 21 17 of
3048 3285 32 17 the
3097 3286 78 23 Chaffoy
3191 3288 52 17 Bros.

2811 3303 101 23 Irrigation
2930 3305 97 24 Company
3045 3308 14 16 it
3077 3314 38 12 was
3132 3310 76 18 decided
3225 3314 7 14 t
3240 3303 3 26 >

2811 3326 49 16 wind
2869 3332 25 17 up
2904 3328 31 16 the
2944 3329 62 18 affairs
3020 3331 60 16 under
3089 3332 32 17 the
3130 3334 113 21 supervision

2810 3350 17 14 ot
2838 3349 32 17 the
2879 3350 89 22 Supreme
2981 3353 69 17 Court..

2902 3406 236 36 TELEGRAPHIC.

2832 3465 123 25 Wellington,
2964 3469 45 18 This
3024 3471 108 22 day.The
3149 3473 93 23 Opouriko

2811 3490 70 19 Estate,
2891 3495 46 13 near
2945 3491 126 23 Whakatano,
3090 3496 36 17 will
3144 3497 23 17 bo
3175 3499 31 19 put
3226 3499 15 16 in

2809 3512 31 16 tin;
2849 3513 75 18 market
2928 3513 59 20 about
2997 3516 32 18 the
3039 3518 70 18 middle
3114 3520 21 17 of
3139 3520 95 22 February

2811 3535 13 16 It
2834 3540 100 18 comprises
2944 3539 27 16 Vti!
2973 3540 19 16 1.1.
2998 3546 52 11 acres
3058 3541 38 17 and
3111 3542 14 18 is
3135 3544 94 17 consider
3237 3535 4 26 i

2838 3558 21 17 be
2869 3560 31 15 iln.
2911 3559 53 20 finest
2973 3563 92 21 purchase
3081 3565 61 22 which
3152 3566 31 18 the
3192 3566 36 19 Gov-

2808 3584 84 16 ernment
2904 3583 33 17 has
2946 3585 59 18 matte.
3041 3586 91 20 Selectors
3149 3590 37 16 will
3196 3590 46 18 have

2808 3606 35 15 tho.
2848 3607 124 24 opportunity
2982 3609 19 17 of
3018 3610 93 24 applying
3119 3612 29 17 for
3157 3613 31 16 the
3198 3613 42 18 land

2807 3629 60 16 either
2876 3629 19 17 at
2906 3629 121 24 Whakatano,
3043 3633 100 24 Tauranga
3152 3641 21 12 or
3178 3636 51 18 Auck-

2808 3652 49 16 land.
2872 3652 16 16 A
2897 3653 99 23 pamphlet
3004 3656 15 16 is
3029 3656 17 17 in
3062 3662 9 12 c
3079 3659 77 17 mrseof
3164 3662 65 19 prepar-

2806 3674 52 17 ation
2868 3674 67 25 giving
2944 3678 111 22 particulars
3068 3686 23 12 as-
3105 3681 19 18 to
3141 3682 72 23 quality
3224 3683 18 17 of

2806 3700 57 19 every
2870 3699 77 22 section,
2957 3707 49 13 urea,
3017 3703 67 18 rental,
3095 3705 31 16 &o.

2829 3719 25 19 It.
2857 3720 16 18 is
2881 3727 44 12 now
2932 3724 92 22 regarded
3041 3731 27 12 aa.
3074 3727 71 17 certain
3161 3728 42 18 that
3210 3729 31 17 Mr

2808 3744 68 17 Keoves
2886 3746 35 16 will
2932 3746 22 17 lie
2964 3747 32 18 tho
3002 3753 95 14 successor
3103 3750 20 17 of
3128 3750 30 18 Sir
3165 3751 74 22 Westby

2808 3765 87 20 Percival.
2922 3769 37 17 The
2980 3770 51 17 Hon.
3049 3772 79 18 Downie
3144 3774 95 19 Stewart's

2804 3793 56 14 name
2869 3790 15 18 is
2894 3793 105 18 mentioned
3010 3793 18 19 in
3039 3796 108 18 connection
3158 3797 82 18 wituthe

2805 3812 234 28 Attorncy-Gonoralship.
3066 3818 29 18 Ho
3105 3818 14 18 is
3130 3819 74 19 deemed
3217 3821 17 17 b\

2806 3835 77 24 lawyers
2893 3838 19 17 to
2921 3843 53 17 posse
2985 3845 7 12 s
3007 3840 32 17 the
3057 3841 85 23 requisite
3152 3840 89 21 standing

2834 3859 31 17 tho
2877 3860 40 21 Bar,
2930 3862 36 17 and
2976 3862 18 18 in
3012 3863 83 18 addition
3114 3865 33 18 has
3164 3867 31 16 the
3205 3867 22 18 ad-

2804 3881 82 25 vantage
2895 3884 20 17 of
2924 3884 45 24 long
2978 3887 132 21 oxporioncoan
3119 3888 118 20 Parliament,

2833 3906 3 27 >
2844 3906 4 27 l
2851 3912 15 9 '
2895 3906 84 19 Midland
3013 3909 82 24 Railway
3123 3912 114 19 Arbitration

2804 3928 4 28 <
2821 3929 41 17 ourt
2872 3930 28 17 sat
2909 3931 55 22 again
2975 3932 104 24 yo.iterday.
3112 3934 38 18 Tho
3159 3941 41 12 caso
3211 3936 27 17 for

2805 3949 30 18 the
2844 3951 97 25 Company
2951 3954 14 18 is
2975 3954 28 18 clo
3015 3956 27 17 el.
3068 3956 32 18 Mr
3116 3958 47 17 Blak
3192 3959 42 18 then

2803 3974 43 22 Vatl
2853 3981 11 11 a
2870 3981 95 19 summary
2970 3978 21 17 of
2996 3978 33 18 tho
3033 3979 204 24 Gompany'sposition.

2803 3996 29 18 few
2843 3998 19 17 U.
2874 3996 55 21 Stout
2942 4000 55 18 aske.l
3018 4001 23 18 foi
3063 4008 21 11 an
3104 4003 128 23 adjournment

2803 4021 27 15 till
2839 4024 45 14 iu>xt
2902 4022 36 23 day
2955 4023 19 17 in
2991 4024 55 17 order
3063 4025 41 18 that
3121 4027 31 18 tho
3170 4028 64 17 Crown

2803 4043 61 23 might
2874 4045 83 18 consid&r
2968 4043 24 26 it;
3010 4048 87 21 position.
3124 4050 37 16 The
3179 4051 53 18 Court

2803 4068 79 20 granted
2893 4068 32 18 tho
2935 4069 120 21 application.

1208 73 59 21 THE
1294 74 57 20 HOT
1378 73 92 20 LAKES
1499 72 171 25 CHRONICLE,
1699 72 190 25 WEDNESDAY,
1917 73 155 21 DECEMBER
2102 77 29 21 11,
2150 75 50 19 189.5

97 243 76 17 TNION
187 242 138 17 STEAMSHIP
341 242 116 16 COMPANY
477 241 29 15 OF

89 258 15 23 J
156 264 58 16 NEW
225 264 115 16 ZEALAND
349 263 81 16 Limited.

137 300 123 15 I'KOPOsED
272 299 166 16 DEPABLUKES.

208 330 48 17 tOtt
268 330 100 16 SYDNEY.

136 548 80 15 Reduced
226 548 14 14 fn

73 569 90 17 AuuUund
171 567 66 17 Branch

289 567 105 16 Palmerxton
408 565 55 16 Buildi

78 701 155 25 fTIIDDAKT,
259 703 32 17 PA
303 702 66 18 UvER,
391 700 54 17 AND
466 699 38 17 CO.

148 772 59 19 NEW
221 772 84 18 STEAM
325 770 101 18 SERVICE

71 805 129 30 Bringing
210 805 61 23 Low
279 804 45 23 Fai
335 810 22 16 ?s
367 803 56 23 into
435 803 69 25 force

94 854 96 24 Splendid,
200 853 137 24 Well-appoint
350 852 11 18 d
366 852 94 18 Steamers
464 851 41 17 will

70 878 22 19 be
101 877 114 24 despatched
224 878 48 16 from
282 878 62 16 Arcic.
357 880 42 15 vxi>,
410 881 20 11 as
445 874 60 18 under

70 901 90 24 (weather
176 901 38 17 and
233 901 53 17 other
303 899 48 19 circu
366 899 79 18 istances
461 903 33 17 per-

72 923 119 23 mitting):

73 948 37 17 Fon
117 947 137 21 GISBORNE,
261 945 102 21 NAPIER,
376 944 112 18 WELLING-

91 971 57 20 TON,
160 970 157 18 LYTTELTON.
329 969 14 17 &
352 969 17 17 D
383 968 101 20 'NEDIN,

70 995 99 20 Anglian,
179 995 119 18 Tiiuusd.vy,
310 993 44 17 Due.
367 993 12 15 1!
401 986 102 28 midnigi*.

70 1018 107 18 Tasmania
226 1017 101 19 Tuesday,
334 1016 44 17 D?c.
403 1016 77 20 L.noon.

198 1063 51 18 FOR
264 1061 110 19 SYDNEY,

116 1087 115 24 (Returning
244 1087 19 17 to
272 1084 97 19 Auckland
379 1084 78 22 Dii-ct.)

70 1110 93 24 Carrying
184 1110 112 22 Passengers
317 1108 29 17 for
368 1107 134 21 Helbouhne,

83 1133 53 20 other
141 1134 131 17 Austkalian
280 1132 70 17 Pouts,
357 1130 37 18 and
400 1131 91 20 Hobakt,

70 1163 126 17 Tasmania..
205 1161 117 19 ..Monday,
338 1160 45 16 Deo.
396 1159 26 20 16,
432 1159 10 16 4
456 1164 46 17 p.m.

71 1187 101 16 Axcr.iAX.
181 1185 108 19 .Tuesday,
301 1183 79 21 Dec.3l,
391 1183 9 15 ;i
411 1187 45 17 p.m.

92 1212 79 23 Freight
180 1211 37 18 and
226 1212 91 21 Passages
330 1211 20 17 at
363 1213 79 14 LOWEST
455 1212 36 14 OUK-

72 1241 50 12 KKXT
136 1239 69 13 KATES.

92 1260 72 17 Return
174 1258 74 19 Tickets
254 1256 92 19 available
350 1256 31 18 for
386 1255 26 18 six
421 1255 82 17 months.

170 1289 22 15 L.
207 1288 23 16 D.
239 1286 108 18 NATHAN
360 1285 14 18 &
388 1285 45 18 CO.,

400 1308 80 23 Agents.

209 1350 94 21 rpnos.
326 1348 67 18 COOK
415 1348 15 20 $
455 1347 48 19 SON

246 1400 51 14 BOOK
311 1399 95 13 I'ASS.YOKS
419 1398 42 13 AXD

273 1423 75 14 SECURE
360 1421 78 14 BERTHS

233 1444 31 16 AT
277 1442 102 18 LOWEST
393 1440 80 18 RATES

161 1473 17 12 O.
190 1473 34 16 CO.j
235 1470 74 14 OMENT
318 1470 35 15 CO.,
362 1468 74 14 DIRECT
445 1467 48 14 LINE

163 1494 89 17 OCEANIC,
268 1492 141 16 MESSAGERIES,

170 1520 69 16 Orimv
249 1518 36 17 line
295 1524 19 10 ns
324 1517 76 16 desire;!.

92 1565 86 24 Enquiry
186 1564 77 19 invited.
279 1563 125 18 Information
413 1562 65 23 gratis.

82 1612 82 21 uteudiug
171 1615 100 18 passen/ers
285 1609 60 17 should
360 1609 52 20 apply
428 1609 26 15 fir
473 1613 30 10 n\ir

90 1634 35 15 free
134 1633 28 16 list
172 1633 17 16 of
198 1634 72 15 steamer
284 1631 70 20 sailings
365 1630 34 15 and
409 1630 45 16 fares
464 1633 18 12 at

115 1659 90 18 COOK'S
217 1658 124 18 SHIPPING
353 1656 100 21 OFFICE,

144 1690 22 16 70
176 1692 40 13 and
226 1689 22 16 78
261 1687 163 19 Queen-street.

91 1716 131 16 N.B.Drafts
230 1716 33 15 and
272 1715 76 17 Circular
357 1714 54 16 Notes
419 1713 57 16 i-sued
489 1719 11 11 a

73 1781 291 47 EhrenMed
381 1781 121 45 Bros

216 1837 142 23 BREWERS,

151 1870 108 20 ALBERT
276 1869 147 24 BrfEWERY,

94 1903 38 21 QU
138 1901 172 25 KEN-STKEET,
325 1901 159 20 AUCKLAND

92 1955 67 17 WIME
173 1955 48 16 AND
234 1954 79 17 SPIRIT
325 1953 157 20 MERCHANTS,

114 1983 123 16 BOTTLERS
249 1982 50 16 AND
316 1980 143 20 IMPORTERS,

157 2006 27 18 l3,
200 2008 131 13 QOKBN-STBEBT
347 2007 68 11 WIIAIU'.

164 2056 51 12 FBIZB
226 2056 59 12 MEDAL
296 2056 35 10 AND
342 2055 70 11 AWAIID3

72 2079 24 15 At
104 2079 29 15 the
147 2077 90 21 following
254 2077 110 16 Exhibitions
380 2076 26 16 for
416 2082 31 10 our
456 2076 38 16 well-

167 2100 61 15 known
242 2099 45 15 Bulk
296 2098 33 15 and
338 2098 67 15 Bottled

185 2120 47 16 ALE
245 2120 50 16 AND
306 2119 85 17 STOUT:

72 2148 69 21 Sydney
150 2147 124 16 International
284 2147 106 17 Exhibition,
402 2147 48 15 1879.

72 2169 101 16 Melbourne
181 2169 127 16 International
315 2167 111 18 Exhibition,.
434 2167 69 15 1880-81

72 2191 42 15 New
122 2190 73 16 Zealand
204 2188 205 20 Ind'ustriulExhibitiou,
416 2187 77 22 Welling-

115 2214 35 16 ton,
162 2212 46 15 1880.

72 2234 43 15 New
134 2232 75 16 Zealand
223 2232 33 15 and
270 2232 54 15 South
337 2232 41 15 Seas
394 2231 110 16 Exhibition.

114 2254 87 16 Dunedin.
213 2254 78 15 18811-90.

75 2277 17 15 In
102 2275 77 16 addition
188 2277 17 14 to
214 2275 53 15 above
276 2275 42 15 hiivo
336 2275 42 14 been
393 2274 80 15 awarded
487 2275 18 14 at

114 2296 103 17 Tasmania!]
251 2296 107 19 Exhibition,
386 2295 119 20 Liunceston,

117 2319 80 15 1891-92.

158 2343 58 17 FIVE
227 2343 70 16 FIRST
314 2343 106 16 AWARDS

273 2369 33 12 FOB

82 2387 67 16 BULK
160 2386 110 16 BOTTLED
285 2386 56 16 ALES
358 2386 53 15 AND
431 2385 77 17 STOUT

162 2430 262 34 CHAMPIONSHIP.

102 2467 65 23 Gold
180 2467 85 22 Medal
276 2467 27 22 of
315 2465 167 28 Australasia

181 2501 71 13 AOATNBT
264 2501 96 12 ALLCOMERS
372 2501 31 13 FOE

77 2526 87 23 BULK
178 2525 69 23 AND
266 2524 144 23 BOTTLED
425 2524 65 23 ALE

278 2581 45 15 MTge
331 2576 50 15 Stock
390 2576 18 16 of

187 2603 48 16 ALE
246 2602 50 16 AND
308 2602 82 19 STOUT,

78 2630 65 17 Bottled
152 2630 16 15 in
177 2632 51 18 quart
237 2630 33 14 and
286 2629 37 20 pint
336 2628 67 20 bottles,
420 2628 83 21 specially

73 2651 67 17 brewed
148 2651 27 16 for
184 2651 28 16 the
220 2655 74 12 summer
302 2651 53 16 trade,
365 2649 55 16 which
428 2655 28 10 are
464 2655 39 10 now

73 2672 104 21 thoroughly
188 2672 82 18 matured,
283 2677 30 11 can
327 2671 42 15 with
383 2676 50 15 every
447 2672 45 14 confi-

74 2695 51 15 dence
137 2693 106 16 recommend
259 2698 44 11 same
319 2695 17 13 to
350 2697 118 11 connoisseurs
485 2698 20 10 as

75 2715 60 16 s.cond
144 2717 18 13 to
169 2719 45 12 none
223 2715 17 14 in
250 2714 28 16 the
287 2714 71 20 Colony.

165 2762 247 45 NOTICE.

78 2889 195 32 FRANKTON
299 2889 207 30 JUNCTION

242 2922 112 32 HOTEL.

77 2980 205 21 'rjASSENGEES
296 2980 27 21 by
338 2980 53 19 train
407 2982 20 16 to
442 2980 65 19 Auck-

75 3103 73 20 Trains
170 3104 44 24 stop
235 3104 75 22 twenty
328 3102 87 18 minutes
435 3104 20 17 at
475 3102 34 18 the

122 3128 106 20 Frankton
238 3128 94 19 Junction
343 3128 31 18 for
385 3128 78 18 dinner.

102 3155 43 18 The
168 3153 136 26 uildersigHed
332 3154 37 18 has
400 3153 109 20 first-class

77 3181 66 18 Weals
155 3180 61 24 ready
228 3180 38 19 and
278 3179 69 20 served
357 3186 25 12 on
397 3180 74 19 arrival
489 3180 20 19 of

78 3207 26 18 ;til
116 3207 70 18 trains.

81 3256 214 44 William
308 3254 198 55 Geatch,

131 3323 320 23 PROPRIETOR.

80 3383 145 23 Hancock's
233 3383 96 23 XXXX
336 3383 63 22 Ales
409 3383 100 29 always

210 3417 33 15 on
253 3409 125 28 Draught.

82 3453 117 32 UNITED
219 3451 186 33 INSURANCE
424 3451 83 38 COY.,

228 3491 126 19 LIMITED.

141 3542 149 29 CAPITAL,
306 3542 142 31 500,000.

97 3594 75 21 TIIBE
180 3596 51 18 risks
239 3594 20 21 of
268 3594 26 20 all
303 3595 73 19 classes
382 3594 127 19 undertaken

97 3629 9 12 l
150 3624 20 15 at
180 3621 68 19 lowest
257 3624 79 15 current
346 3624 59 15 rates.

78 3655 77 21 Claims
164 3655 71 19 settled
244 3655 99 25 promptly
355 3655 40 19 and
409 3654 99 26 liberally.

89 3705 48 16 New
147 3704 81 17 Zealand
238 3704 54 17 Head
301 3703 62 22 Office,
374 3704 123 22 Wellington.

113 3731 91 17 Resident
212 3730 46 21 Sec,
268 3731 64 16 James
342 3731 18 17 S.
373 3731 100 17 Jamesox.

205 3759 97 17 Auckland
311 3759 73 21 Agent:

139 3787 23 17 A.
176 3786 106 20 Heatheu,
293 3786 74 17 Custom
377 3787 67 17 Street.

212 3817 83 17 Rotorua
303 3817 73 22 Agent:

124 3847 22 17 F.
159 3846 22 18 .
191 3846 72 19 Watt,-
273 3844 113 19 Chronicle
398 3846 63 18 Office.

135 3888 116 47 FOR
286 3887 161 46 SALE.

77 4020 232 24 mOTARAHOTJSE
316 4021 111 19 BLOCKS.
433 4022 76 19 Stiain-

90 4042 9 25 I
143 4057 32 12 or.s
194 4048 40 20 and
245 4048 134 19 Government
390 4047 40 18 hizo
443 4047 64 24 Posts,

77 4078 19 19 in
108 4084 40 17 any
159 4075 102 27 quantity,
273 4072 101 20 delivered
384 4075 20 17 to
414 4079 40 18 any
464 4077 45 21 part

75 4103 65 20 oftba
155 4100 80 22 listrict.
237 4098 94 27 Apply
345 4101 20 17 at
376 4099 34 19 the
423 4098 86 20 Auction

78 4129 59 20 Mail.

260 4152 18 18 .1.
299 4151 24 18 11.
337 4150 118 20 TAYLOR.

530 391 415 47 HANCOCKS

651 463 183 23 CELEBRATED

707 516 86 34 xxxx

640 574 202 44 /VLES.

658 641 57 12 MADE
724 639 55 14 FROM
788 639 41 13 THE

529 673 114 32 FINEST
669 672 88 31 MALT
779 671 63 32 AND
860 670 98 38 HOPS,

566 756 52 13 I'KEE
632 755 53 13 ]'ROM
698 755 39 13 ALT.
750 754 129 14 ANTISEPTICS
893 755 24 12 OK

529 849 137 32 CAPTAIN
689 849 84 32 COOK
792 849 167 37 BREWERY,

620 941 245 23 MASSAGE.

539 993 8 10 1
634 991 104 20 FRASER,
755 989 89 24 qualified
860 989 100 18 American

602 1015 101 19 Masseuse,
713 1013 83 23 recantly
810 1014 49 16 from
872 1013 86 20 London,

527 1039 14 17 is
555 1037 91 24 prepared
659 1038 20 17 to
691 1036 67 19 attend
774 1036 82 23 patients
874 1042 24 11 on
915 1042 45 16 very

527 1061 94 18 moderate
630 1062 62 16 torcns.

550 1085 36 16 She
595 1084 33 18 has
637 1083 36 18 had
684 1088 55 17 many
748 1083 59 22 years'
818 1082 109 23 experience
940 1082 19 16 in

526 1108 32 17 the
574 1107 107 21 treatment,
700 1107 35 17 and
757 1107 16 16 is
790 1105 116 24 thoroughly
928 1110 21 13 ac-

526 1130 90 24 quainted
625 1130 45 17 with
680 1130 31 17 the
720 1130 73 21 System
804 1130 19 16 of
833 1130 28 15 Dr
876 1129 18 16 S.
910 1128 50 19 Weir

526 1154 92 17 Mitchell,
628 1154 19 16 of
656 1152 137 23 Philadelphia,
804 1152 28 18 for
842 1151 32 19 the
884 1157 42 11 cure
940 1152 20 16 of

526 1177 79 17 General
615 1176 90 22 Debility,
712 1176 133 20 Nervousness,
855 1175 102 21 Insomnia,

526 1199 111 24 Dyspepsia,
647 1199 38 21 &c,
696 1201 31 16 &c.

550 1227 87 20 Address,
647 1227 34 17 Co

620 1250 93 23 Bathgate
727 1250 70 20 House,

619 1274 97 17 Tarawera
729 1273 71 20 House,

580 1303 21 11 or
614 1297 44 17 Hot
667 1297 68 16 Lakes
745 1296 117 18 Ciiroxicjye
872 1295 63 17 Office.

527 1337 194 23 Strawberries!
745 1337 183 22 Strawberries
938 1336 21 23 !!

529 1400 218 44 HIIEERDEGE
753 1401 21 23 M,
781 1400 78 20 Fenton
867 1401 90 21 Avenue,

620 1427 16 18 is
655 1427 99 24 prepared
773 1429 19 17 to
811 1426 82 25 provide
909 1426 40 18 resi-

527 1455 58 18 dents
603 1453 40 19 and
656 1453 83 18 tourists
753 1453 49 19 with

579 1484 68 20 Fresh
658 1483 159 21 Strawberries
828 1483 76 21 Dail.y.

599 1537 32 19 No
642 1537 49 19 stale
702 1542 48 12 ones
760 1534 124 21 obtainable.

526 1585 45 40 TO
587 1585 24 40 &
626 1585 93 43 FROM
740 1584 69 40 THE
836 1584 121 43 BATHS.

528 1708 149 48 CBIRSS
693 1715 48 12 runs
760 1716 11 11 a
790 1710 113 23 wagonette
924 1708 24 20 be-

571 1750 9 8 #
611 1738 63 16 tween
688 1735 35 19 tho
740 1735 38 19 Old
794 1735 109 24 Township
920 1735 39 18 mid

527 1763 33 18 the
571 1761 63 21 Baths
645 1761 124 24 throughout
780 1761 33 18 tho
823 1761 47 24 day.

527 1824 47 19 Also
596 1823 197 23 Whakarewarewa,
819 1822 74 19 Sodom
919 1822 40 19 and

562 1851 80 18 Gomor.
647 1850 26 19 ah
684 1850 38 18 and
733 1850 59 17 other
801 1848 66 25 sights
878 1855 48 12 near

689 1876 35 18 tile
734 1879 61 14 town.

626 1942 78 23 Fares
719 1942 139 23 Moderate.

529 1998 73 22 Sixth
616 1997 73 22 Year.
738 1996 73 23 Price
821 1996 136 29 Sixpence.

780 2024 87 19 Postage
877 2022 31 19 '2d.

573 2176 344 34 ILLUSTRATED

528 2235 163 41 ALMANAC
717 2236 70 39 AND
819 2235 140 44 DIARY,

668 2307 64 23 FOR
748 2307 68 23 1898.

531 2343 9 13 r
541 2342 76 21 TUILB
633 2342 65 19 useful
710 2342 82 19 Annual
802 2342 37 19 has
854 2349 45 11 now
920 2348 44 18 per-

538 2364 22 21 JL
596 2368 102 25 mauontly
716 2369 62 18 taken
794 2369 26 18 its
839 2368 57 25 place
912 2374 22 13 as
952 2375 12 12 a

530 2394 116 21 Handbook
658 2395 21 18 of
695 2394 55 25 daily
767 2395 102 18 reference
889 2395 21 18 in
929 2394 35 19 4he

530 2421 102 24 Counting
643 2420 69 20 House
722 2423 40 16 and
775 2421 72 18 Homo.
877 2420 19 19 It
905 2420 17 19 in
931 2420 33 19 tho

530 2446 95 21 standard
637 2446 52 19 book
703 2446 20 19 of
733 2447 102 18 reference
850 2446 32 19 for
903 2446 49 19 Busi-

530 2480 45 13 ness
586 2473 55 22 Men,
653 2472 99 23 Farmers,
766 2473 105 21 Mariners,
882 2473 81 18 House*

531 2500 88 25 keepers,
630 2499 40 19 and
682 2499 34 18 the
727 2499 87 18 General
825 2499 78 18 Public.

556 2527 28 18 To
595 2526 25 18 be
630 2525 40 19 had
688 2525 21 18 of
726 2525 28 18 all
773 2525 130 19 Booksellers
924 2524 39 19 and

531 2552 148 24 Storekeepers.

599 2685 67 20 Lands
677 2687 39 17 and
727 2687 77 23 Survey
814 2686 67 22 OULe,

583 2711 112 24 Auckland,
710 2711 110 21 December
831 2713 41 22 sth,
885 2713 53 17 1895.

545 2746 168 21 ATTENTION
732 2747 16 18 is
766 2747 69 18 drawn
853 2749 21 16 to
894 2746 70 19 Poster

531 2766 42 21 -*-
600 2774 38 17 JN'o.
651 2774 43 22 2-10,
709 2773 65 19 which
783 2774 16 17 is
811 2775 21 16 to
849 2773 26 18 be
886 2779 47 12 seen
945 2774 19 19 at

531 2800 34 17 the
583 2798 50 19 Post
651 2799 61 18 Office
733 2800 90 17 Rotorua
842 2798 41 19 and
907 2798 57 19 other

532 2825 48 19 Post
590 2825 70 18 Offices
670 2825 21 18 in
706 2825 34 18 tho
752 2825 87 23 District,
851 2828 19 15 to
879 2824 85 19 sections

532 2851 72 18 within
623 2851 35 18 the
680 2851 91 18 Rotorua
790 2851 41 18 and
851 2850 98 20 Otanewai-

531 2876 57 20 uuku
598 2876 76 25 Survey
686 2877 99 22 Districts,
799 2878 87 18 Kotorua
895 2876 54 19 Coun-

531 2905 28 22 ty,
570 2906 20 15 to
600 2902 25 19 be
635 2902 78 19 thrown
723 2909 51 18 open
782 2904 31 17 for
820 2903 42 18 sale
871 2909 22 12 or
901 2902 51 19 selec-

532 2929 47 23 tion,
591 2929 20 18 in
622 2931 61 16 terms
694 2929 21 18 of
726 2930 79 18 Section
818 2931 34 17 136
865 2929 21 19 of
923 2928 41 19 The

531 2954 58 20 Land
607 2954 44 22 Act,
679 2956 34 17 180
774 2955 64 19 either
858 2955 31 19 for
908 2954 54 23 cash,

531 2981 117 24 occupation
660 2981 48 18 with
719 2981 56 25 right
785 2981 20 19 of
816 2981 104 24 purchase,
943 2987 21 12 or

531 3007 31 18 for
573 3007 53 18 lease
635 3007 19 18 in
661 3008 122 23 perpetuity,
793 3014 25 12 on
829 3007 133 24 Wednesday,

534 3032 45 20 18th
593 3033 113 23 December,
724 3035 56 16 1895.

557 3059 43 18 Tho
618 3058 48 19 land
681 3059 17 18 is
714 3059 64 19 about
795 3061 20 16 18
835 3059 59 19 miles
913 3059 51 18 from

532 3084 136 26 Ngongotaha
678 3083 91 26 Railway
781 3085 86 19 Station.

583 3110 137 19 GERHARD
740 3111 142 21 MUELLER,

611 3137 155 19 Commissioner
776 3137 71 19 Crown
863 3136 73 19 Lands.

533 3193 64 23 FOR
621 3194 80 23 SALE
725 3195 44 22 AT
796 3195 68 21 THE
886 3194 57 22 PAR-

680 3220 134 23 SONAGE.

534 3271 124 20 OPEIXG
670 3271 24 20 C
829 3271 135 20 7

670 3272 71 19 CART
752 3273 40 18 and
802 3272 89 19 Harness

533 3325 135 23 One-quarter
678 3331 44 12 acre
733 3325 65 19 Green
810 3325 50 18 Oats

533 3349 133 20 Chaff-cutter

533 3376 62 19 Hand
604 3376 45 19 Mill
660 3377 30 18 for
700 3376 63 19 bones
781 3383 21 12 or
819 3379 68 23 oyster
902 3377 60 18 shells

625 3402 125 24 (invaluable
760 3403 32 18 for
801 3403 74 25 fowls.)

537 3494 185 22 T)AIWONAGE
755 3494 66 21 House
851 3496 111 19 furnished.

534 3516 23 23 -I-
599 3521 47 18 Two
655 3521 95 18 five-acre
760 3522 107 24 paddocks,
877 3522 83 21 drained

533 3547 141 23 swamplands,
686 3547 123 19 well.fenced
818 3548 143 26 and'partially

533 3574 19 16 in
563 3579 62 18 grass.

543 3623 8 28 |
579 3621 101 21 OST.A
689 3622 85 23 padlock
785 3621 39 24 key
837 3623 94 18 attached
943 3626 19 16 to

571 3647 4 24 I
606 3653 11 12 a
627 3647 54 24 pieco
691 3647 21 18 of
724 3647 55 19 wood
792 3648 85 18 marked
911 3647 41 21 M-al-

564 3679 12 18 j
616 3679 24 12 on
660 3679 37 11 one
715 3673 44 18 side
778 3673 39 19 and
836 3673 39 19 No.
896 3675 24 17 27
938 3680 24 13 on

532 3699 63 17 other.
635 3699 91 18 Reward
741 3705 26 12 on
789 3701 70 17 return
889 3702 19 16 to
929 3699 33 19 the

558 3770 169 18 CHILDREN'S
740 3770 127 19 CONCERT
877 3770 59 19 AND

637 3795 106 20 SCHOOL
759 3796 102 20 PICNIC.

536 3875 19 17 L
557 3877 23 15 JL
609 3873 34 18 the
653 3873 69 24 public
732 3874 72 22 school,
819 3874 86 18 assisted
915 3874 26 24 by
951 3880 11 12 a

532 3900 37 18 few
580 3899 49 19 local
640 3899 72 23 artists,
724 3899 40 19 will
774 3899 47 20 take
827 3899 58 26 place
896 3900 20 18 in
927 3900 35 18 tho

532 3925 134 19 Sehoolhouso
686 3931 26 12 on
731 3925 99 25 Tuesday,
851 3925 111 20 Dooembor

534 3952 28 22 17,
574 3953 20 17 at
605 3952 49 17 7..'50.

574 3977 120 23 Admission,
708 3979 33 21 Is;
756 3976 97 21 Children
863 3978 50 18 free.

533 4017 41 42 A
584 4017 98 17 SCHOOL
695 4017 88 18 PIONIO
795 4017 42 18 -will
849 4017 45 19 take
910 4018 52 22 place

599 4045 22 12 on
631 4039 102 23 Thursday,
747 4040 41 17 10th
797 4040 43 22 inst,
851 4041 25 22 by
885 4042 49 15 train
944 4043 18 16 to

531 4062 116 23 Tarukenga,
656 4063 76 23 leaving
741 4063 83 18 Rotorua
833 4065 20 15 at
863 4065 40 16 7.-10
911 4070 50 15 a.m.,

532 4085 96 23 returning
637 4087 19 15 at
665 4087 10 15 !
684 4091 44 17 p.m.

553 4108 85 16 Tickets
648 4108 3 23 :
675 4109 94 20 Children,
791 4110 61 17 under
879 4110 26 21 15,
931 4110 30 18 Gd.

531 4129 82 19 botween
629 4132 19 14 15
663 4131 37 17 and
717 4133 28 19 25,
759 4132 98 23 including
871 4134 89 18 teachers,

531 4153 28 18 9d.
585 4153 73 19 Adidts,
676 4154 22 16 Is.

1021 282 132 20 EOTORUA
1169 280 109 20 JOCKEY
1294 280 82 20 CLUB.

997 335 16 18 A
1039 334 130 19 MEETING
1180 334 20 18 of
1209 332 35 20 the
1254 332 120 19 Committee
1396 332 20 18 of

983 352 44 27 J\-
1054 364 34 15 tho
1101 360 92 19 Itotorua
1209 359 78 24 Jockey
1305 358 51 19 Cluh
1375 358 40 20 will

983 388 25 19 be
1018 387 47 19 held
1084 389 21 16 at
1123 386 56 19 Lake
1196 385 76 22 House,
1296 391 25 11 on
1341 384 74 25 Friday

982 416 54 21 next,
1045 412 112 20 December
1171 413 28 20 1:3,
1210 413 20 17 at
1241 412 10 16 8
1263 416 46 19 p.m.

1009 440 18 18 A
1040 439 40 19 full
1096 437 120 21 attendance
1235 437 16 18 is
1268 435 108 26 requested
1394 442 22 12 as

983 466 92 19 business
1091 465 21 19 of
1127 464 124 25 importance
1268 461 41 21 will
1331 462 24 19 be
1376 462 30 18 dis-

983 491 75 19 cussed.

1094 517 23 18 T.
1133 516 21 18 C.
1169 514 167 24 URQUHA.RT,

1282 541 48 19 Hon
1348 539 41 21 See.

1043 590 220 17 NGATIRANUANUI
1275 589 77 19 BAND.

996 637 17 23 \
1039 637 80 17 Concert
1128 637 38 16 will
1174 636 24 18 bo
1207 637 56 21 given
1272 635 25 21 by
1310 634 31 18 the
1357 640 44 11 mcm-

1017 668 11 12 l.
1051 660 42 17 bers
1109 660 20 17 of
1141 659 32 18 tho
1190 658 154 24 Ngatiranganui
1359 657 56 22 (Tau-

1017 683 32 23 ga)
1070 683 54 17 Band
1141 683 20 17 in
1177 682 32 18 the
1226 682 86 17 Pukeroa
1329 679 46 19 Hall
1392 685 24 13 on

983 706 93 22 Saturday
1085 706 81 22 evening
1176 706 51 18 next,
1244 705 29 17 for
1289 704 33 17 the
1335 708 81 18 purpose

1044 729 92 23 jmenting
1145 731 32 15 the
1187 728 47 18 fund
1242 729 29 16 for
1280 727 32 17 the
1326 727 90 21 purchase

983 754 19 17 of
1010 754 123 16 instruments
1141 752 37 17 and
1188 752 63 17 music.

1199 774 28 18 M.
1237 773 108 20 L.OVELL,

1261 796 130 17 Bandmaster.

1028 841 59 17 NEW
1100 840 91 18 YEAR'S
1204 839 54 17 DAY
1267 839 99 17 SPOUTS.

1006 884 3 20 <
1016 887 79 17 POUTS
1104 886 39 18 will
1154 886 22 17 be
1190 885 44 18 held
1249 891 24 11 on
1286 884 47 17 New
1350 884 66 17 Year's

1039 911 42 21 Day
1089 910 19 16 in
1118 909 30 17 aid
1158 909 19 18 of
1184 908 32 18 the
1225 909 84 17 Itotorua
1322 908 37 16 Am
1364 909 49 15 iteur

981 934 56 17 Brass
1046 933 60 17 Band.

1006 957 73 16 Entries
1089 956 47 18 with
1151 955 138 23 performances
1303 954 38 17 and
1354 954 49 16 nomi-

982 980 64 17 nation
1061 980 28 15 fee
1103 980 30 15 for
1149 979 32 16 the
1198 978 100 21 following
1313 976 102 23 handicaps

982 1003 38 17 will
1035 1002 23 17 be
1070 1002 84 17 received
1170 1007 25 17 up
1213 1002 20 16 to
1249 1000 85 22 Monday
1352 1000 61 23 niglit,

982 1025 102 18 December
1093 1025 50 17 30th.
1154 1026 20 15 at
1183 1027 9 13 .S
1202 1024 77 18 o'clock.

1006 1049 14 17 1.
1034 1049 89 16 Huhule
1136 1048 60 21 RACE,
1209 1048 32 17 120
1250 1047 61 23 yards,
1322 1048 9 15 :i
1343 1047 73 21 (lights..

983 1073 32 19 Ist,
1027 1071 23 18 1
1061 1072 30 21 ss;
1106 1071 43 22 2nd,
1157 1072 26 17 ss.
1208 1070 124 18 Nomination
1343 1071 24 16 Is.
1377 1070 25 16 Ac-

981 1097 88 20 ceptance
1080 1096 24 16 Is.

1004 1120 16 15 2.
1034 1119 97 15 Eotokua
1141 1118 42 17 Cur
1191 1117 109 18 Handicap
1308 1117 20 16 in
1338 1117 10 16 3
1361 1116 54 17 heats

981 1141 20 17 of
1011 1143 38 18 100,
1060 1142 34 15 220
1103 1141 38 17 and
1149 1141 79 18 -MUyds..
1241 1141 33 20 Ist,
1282 1139 25 19 3
1319 1141 40 19 10s;
1370 1139 43 19 2nd,

981 1164 35 19 1;
1036 1164 39 21 3rd,
1096 1166 36 15 10s.
1164 1165 33 20 Ist,
1207 1163 44 22 2nd,
1269 1163 38 17 and
1324 1162 34 18 3rd
1376 1162 38 17 will

981 1189 56 15 count
1047 1189 15 17 (i,
1080 1190 17 18 4,
1116 1188 38 16 anil
1171 1189 9 15 2
1194 1187 123 22 respectively
1333 1187 19 15 in
1369 1185 44 17 each

981 1211 50 17 heat.
1056 1211 123 17 Nomination
1189 1212 25 15 3s.
1229 1211 116 21 Acceptance
1354 1210 25 17 2s.

1004 1235 16 16 3.
1034 1234 55 17 Mile
1098 1234 115 17 Haxdicav.
1234 1234 32 20 Ist,
1277 1234 25 16 2
1315 1234 44 19 10.s;.
1370 1232 43 19 2nd,

983 1258 35 16 10s.
1044 1258 123 16 Nomination
1177 1258 25 16 2s.
1232 1258 116 21 Acceptance
1359 1256 24 16 Is.

1004 1282 16 16 l.
1034 1281 59 17 Half
1106 1281 56 16 Mile
1174 1281 60 16 K.vce.
1263 1281 32 16 Ist.
1311 1279 23 17 1
1345 1278 3 21 ;
1371 1278 42 20 2nd,

981 1310 25 11 os.
1032 1304 96 17 Entrance
1138 1304 26 17 Is.

1004 1328 50 16 Pour
1063 1329 19 14 to
1091 1328 49 15 .start
1148 1326 19 18 in
1177 1326 32 18 the
1218 1327 58 16 above
1290 1331 20 11 or
1326 1331 24 11 no
1366 1330 47 11 race.

1004 1350 111 18 Committee
1125 1350 37 17 will
1177 1350 102 22 disqualify
1296 1354 73 17 anyone
1387 1348 29 18 for

980 1373 66 22 giving
1055 1373 46 18 false
1111 1374 144 21 performances.

1004 1397 80 16 Tenders
1093 1397 29 17 for
1131 1397 62 17 Booth
1202 1399 21 14 at
1231 1397 32 16 the
1272 1396 58 17 above
1340 1396 65 16 return-

980 1420 42 16 able
1030 1420 20 17 at
1058 1425 51 11 same
1121 1420 52 17 time.

1103 1460 20 17 in
1131 1460 32 16 the
1173 1459 86 19 Pukeroa
1268 1458 46 19 H.ill
1322 1464 25 11 on
1362 1458 51 19 Box.-

981 1477 42 26 \J
1048 1484 34 21 ing
1094 1483 68 22 Night.
1194 1482 61 17 Music
1272 1482 25 22 by
1314 1482 31 16 tho
1361 1481 54 17 Band

980 1508 38 16 and
1028 1507 77 17 friends.

1087 1530 18 17 J.
1119 1529 29 18 W.
1162 1529 115 18 WEBBER,
1289 1528 51 17 Hon.
1352 1528 39 17 Sec.

982 4244 103 39 Ask
1113 4245 73 38 for
1213 4244 267 38 Hancock's
1508 4244 276 38 Celebrated
1838 4240 187 40 XXXX
2051 4240 111 40 Ales
2190 4244 93 36 and
2308 4242 147 39 Stout.

2827 4114 12 14 A
2849 4113 63 19 choice
2917 4116 78 17 as3ortm
3005 4116 22 18 ml
3039 4116 20 18 of
3069 4116 103 21 Christmas
3178 4120 47 18 Card

2803 4135 43 18 with
2857 4137 43 21 phol
2912 4137 82 23 (graphic
3005 4139 55 17 viows
3069 4140 19 17 of
3099 4141 45 18 New
3153 4142 67 19 Zonlon

2802 4162 99 18 S.v.eTy.lt
2914 4161 30 16 the
2954 4161 27 17 Oil
2986 4166 38 13 lt'l.V
3028 4167 30 12 11.1.
3059 4168 11 11 !,
3076 4164 63 16 Otli.v.
3146 4168 6 11 .'
