3320 4340
72 165 34 39 IN
116 157 146 45 ANCIENT
275 157 108 41 MAORI
396 156 99 42 LAND.

76 279 59 17 Votes
156 276 110 15 collected
285 275 53 13 from
356 275 42 12 the
415 274 73 13 descen-

97 302 59 15 dants
165 300 22 13 OF
196 299 40 13 THE
251 298 126 14 ARORIOINAL
387 296 75 15 PEOPLE
477 297 24 12 OF

100 316 2 23 i
109 326 23 12 in:
140 320 123 17 Raxgitaiki
266 318 83 16 Valley
354 321 42 13 and
402 316 98 17 tiieUke-

95 348 54 14 WERA
271 345 41 12 AXD
322 344 53 13 FROM
382 343 42 14 THE
430 339 57 16 MATA-

97 371 49 14 atva
154 366 77 16 Tribes.

182 399 31 15 By
222 397 103 17 ELSDON
337 396 70 20 BEST,

250 439 2 3 .

96 472 55 16 Given
159 468 25 22 by
193 466 91 18 members
293 466 20 16 of
321 466 33 16 the
360 465 129 21 Ngati-Hana-

78 501 28 14 wn,
127 490 141 23 Xgati-Whare,
288 489 70 20 Tuhoe,
382 483 118 27 JTgati-Apa,

77 515 113 21 V«-atirAwa,
213 512 148 22 Ngati-Hamua
384 511 38 17 aiid
442 511 48 16 Patu-

77 540 66 20 neuhcu
151 537 69 17 Tribes.

85 599 1 24 •
95 606 116 17 KOHIKOHIA
223 605 41 13 xga
277 604 116 13 maramara
405 604 12 14 p
431 599 70 17 Mata-

142 670 118 19 CHAPTER
266 670 23 16 V.
304 668 128 26 (Continued.)

80 709 37 16 The
126 705 124 16 Aboriginal
259 701 79 17 People
347 705 24 12 of
379 700 109 17 tiießamh-

207 729 57 12 taiki
276 724 90 18 Valley,

81 762 41 18 How
130 757 129 21 Tangihururu
268 755 38 17 and
313 754 141 22 Wharc-pnkau
460 754 31 17 des-

100 780 61 24 troyed
173 781 25 16 Te
210 779 101 17 Tini-o-Tc
319 778 159 22 Marangamnga.

102 811 151 25 Whare-pnkau
269 809 95 21 attacked
374 809 34 19 the
419 809 69 23 aborig-

79 845 37 17 ines
128 842 20 16 at
164 838 27 18 To
211 835 202 20 Whaiti-nui-a-Toi.
441 835 61 18 Their

78 868 46 20 uljiof
133 870 40 14 was
182 863 27 19 Te
226 861 113 20 Eae-kahu
360 861 41 18 and
420 860 34 19 the
471 867 20 12 re-

78 894 57 20 mains
149 891 20 18 of
189 889 32 19 his
237 888 90 19 fortress,
346 887 28 19 Te
385 886 116 19 Pa-o-Eae-

79 920 53 21 Italuii
145 922 44 18 may
200 914 41 19 still
251 914 26 19 be
293 919 47 13 seen
356 915 21 16 at
384 912 45 19 that
438 912 62 25 place.

77 947 36 19 The
124 944 163 22 Marangaranga
306 939 64 18 under
391 938 42 19 Bae
445 938 54 19 kahu

79 968 98 24 succeeded
193 967 20 18 in
231 965 106 25 rcpulsiug
356 964 34 19 the
408 965 53 18 f-rce
480 964 22 18 of

78 994 135 26 Wharepakau
224 992 40 18 and
273 992 49 22 tliey
344 990 46 23 fled,
402 990 36 18 but
448 990 53 18 their

77 1034 5 11 t
83 1023 41 21 ,]iief
132 1020 55 19 stood
198 1018 30 19 his
244 1016 79 26 ground
342 1016 39 19 and
401 1016 62 18 culled
475 1022 25 12 on

78 1051 26 20 his
109 1053 42 15 men
158 1048 19 18 to
186 1048 45 15 turn
241 1044 40 18 and
289 1044 79 19 reform,
379 1041 64 20 which
451 1042 48 24 they

78 1077 28 20 did
123 1072 37 21 and
170 1071 48 19 then
234 1068 148 25 AVhnrepakau
398 1068 59 25 again
469 1072 20 14 at-

77 1100 63 23 tacked
147 1098 33 19 the
188 1103 45 12 men
242 1096 21 18 of
269 1095 35 19 the
314 1094 47 18 land
368 1094 40 18 and
415 1093 84 19 assisted

77 1131 22 21 by
107 1127 29 20 his
147 1127 37 16 two
194 1126 53 18 otua,
261 1121 56 19 heko
336 1120 39 18 and
396 1119 59 19 Kuka
464 1120 35 20 (he

78 1151 42 24 riiru
130 1149 66 23 tetehi,
207 1148 120 24 hongarara
335 1145 84 24 tetehi*)
429 1145 25 19 ho
464 1145 24 20 de-

79 1178 57 23 feated
147 1176 53 19 them
211 1173 39 19 and
261 1172 62 19 killed
339 1173 35 17 the
384 1171 54 19 chief
450 1172 39 18 l<ae-

78 1208 47 19 kaliu
135 1202 65 20 whose
210 1199 54 25 body
281 1204 39 13 was
342 1197 98 25 prepared
459 1198 40 18 and

78 1236 50 16 eaten
138 1232 20 16 at
168 1234 11 12 a
197 1228 73 18 stream
288 1225 53 17 since
358 1223 72 19 known
441 1230 21 12 aB
471 1223 28 19 Te

77 1251 177 27 Awa-kai-kinuki-
262 1252 115 23 tangata-a-
385 1249 100 25 Wharepa-

78 1286 40 20 kau,
128 1286 47 16 even
186 1285 22 12 as
219 1284 12 12 a
240 1277 71 26 spring
323 1279 21 15 at
360 1275 27 19 To
400 1275 74 19 Whaiti
483 1276 17 18 is

79 1312 65 18 known
152 1312 21 13 as
193 1305 27 18 Te
236 1303 80 25 l'aepae
326 1302 173 24 kinaki-tangatn.

79 1331 168 25 a-Wliarepakau.
259 1328 39 19 and
311 1335 11 12 a
339 1331 42 15 tree
404 1328 95 24 standing

77 1366 16 16 at
106 1362 41 18 that
163 1358 55 25 place
236 1355 17 18 is
273 1354 63 19 called
355 1354 28 18 Te
401 1353 93 19 Euku-o-

80 1383 151 27 Whare-pakau.

102 1408 151 26 Wliare-pakau
271 1408 49 17 then
339 1408 54 16 lived
413 1408 20 16 at
450 1408 20 15 K
484 1413 9 12 i-

79 1447 44 13 tane,
135 1439 64 19 where
210 1434 31 19 bis
250 1439 36 12 son
304 1432 27 19 Te
351 1432 89 18 Manako
459 1432 41 19 and

78 1468 27 18 his
123 1462 103 22 trrandson,
247 1458 104 19 Taketake
371 1464 50 12 were
441 1458 56 19 born.

80 1492 60 19 While
151 1491 23 18 he
184 1486 52 19 lived
252 1486 57 18 there
330 1484 33 18 the
381 1484 54 18 chief
452 1484 37 19 Ihu-

80 1518 56 20 rakau
147 1521 53 14 came
210 1512 52 19 from
273 1510 34 21 the
318 1514 42 14 east
371 1510 48 18 with
429 1517 11 11 a
451 1517 38 12 war-

80 1546 50 21 party
142 1545 20 17 to
180 1538 68 23 attack
268 1536 41 20 him
329 1539 21 15 at
368 1536 28 18 Te
415 1536 85 19 Whaiti.

80 1570 36 19 The
127 1566 90 27 strength
238 1564 21 18 of
277 1562 34 20 the
332 1564 110 23 war-party
461 1569 40 13 was

80 1599 31 16 .Mil
121 1602 49 13 men.
198 1591 26 18 At
235 1590 34 18 the
278 1589 47 18 time
339 1589 43 17 that
392 1589 40 17 this
441 1591 58 22 party

81 1629 48 12 inrae
139 1620 53 20 toTe
202 1615 86 24 Whaiii,
307 1614 147 25 Wharepakau
462 1622 40 12 was

80 1655 50 16 away
156 1641 150 25 bird-catching
333 1641 20 17 in
372 1640 34 18 the
430 1642 68 22 forest,

81 1674 85 24 catching
175 1673 35 18 the
220 1669 48 22 tike,
279 1667 34 18 the
324 1667 55 18 tieko
395 1667 39 19 and
445 1667 57 19 other

81 1700 53 19 birds.
162 1699 42 20 The
217 1702 26 21 pa
253 1701 13 11 w
270 1699 24 12 fts
309 1693 94 18 attacked
416 1694 25 23 by
452 1693 38 19 Ihu-

81 1726 54 19 rakau
154 1725 40 18 and
201 1725 28 18 Te
239 1721 16 19 M
261 1719 72 21 anoko,
342 1725 35 12 son
387 1719 22 18 of
417 1716 70 22 Whnre-

81 1752 59 23 pakau
159 1758 39 13 was
208 1747 57 24 slain,
276 1745 37 18 but
322 1745 36 19 lho
373 1751 27 19 pa
408 1752 40 12 was
467 1749 35 17 not

82 1780 58 18 taken.
170 1771 146 27 Wharepakau
330 1778 40 12 was
388 1771 114 21 discovered

82 1806 17 19 in
109 1805 31 18 the
151 1804 61 19 forest
221 1803 26 24 by
257 1806 12 12 a
280 1800 57 22 party
350 1798 20 19 of
384 1797 119 25 Ngati-Ka-

81 1825 93 31 Jiungunii
182 1824 142 24 whotookhmi
333 1830 91 18 prisoner
429 1831 74 19 among

81 1858 26 19 his
116 1855 138 23 bird-snaring
270 1853 115 21 apparatus,
405 1852 40 18 and
455 1853 47 22 they

82 1884 36 18 said
128 1886 20 16 to
332 1876 43 18 Ibis
387 1877 18 18 is
415 1878 73 21 Whare-

82 1909 66 26 pakau.
170 1908 37 18 Let
226 1914 23 12 us
267 1903 39 20 kill
414 1905 40 19 But
469 1905 34 21 the

82 1936 71 21 captive
233 1933 11 19 I
252 1937 32 14 am
293 1933 35 16 not

81 1963 34 18 hut
125 1961 33 19 the
168 1966 46 13 sons
224 1960 21 18 c-f
262 1957 130 23 Kahunguru
407 1961 95 23 persisted

82 1989 39 18 that
130 1987 47 24 they
196 1985 66 19 would
281 1984 37 19 kill
337 1985 48 19 him.
413 1986 55 19 Then
479 1987 25 19 he

83 2015 48 17 slid:
168 2012 31 18 Do
209 2015 36 16 not
261 2010 38 20 kill
318 2017 31 12 me
370 2013 52 18 until
433 2013 10 18 I
453 2013 51 19 have

82 2039 67 26 guided
158 2045 40 19 you
208 2044 20 13 to
247 2037 34 19 the
296 2037 38 18 hill
353 2038 63 19 which
436 2039 68 19 stands

83 2067 61 17 before
154 2072 23 12 us
185 2064 39 19 and
233 2064 52 19 from
294 2064 81 18 whence
383 2064 10 18 I
402 2065 38 19 will
448 2066 56 23 point

81 2095 30 16 out
121 2095 18 15 to
150 2098 40 18 you
206 2090 35 19 the
257 2097 27 18 pa
303 2090 21 18 of
339 2090 144 27 Wharepakau

83 2119 36 18 The
128 2123 68 13 reason
207 2116 45 19 that
264 2116 24 19 he
306 2116 58 18 made
375 2117 40 18 tins
425 2117 79 19 remark

83 2151 35 11 was
134 2144 44 18 that
195 2143 31 18 bis
240 2142 175 21 ninn-destnru'ntT
431 2144 72 18 hoeroa

83 2177 35 11 was
128 2168 103 19 concealed
242 2169 18 17 in
272 2168 47 19 that-
327 2167 37 20 hill
381 2169 18 18 in
412 2177 9 11 a
440 2167 3 22 '
451 2170 53 19 jmch

83 2196 16 19 of
116 2195 92 22 tunringi.
241 2194 41 18 His
300 2194 68 24 captor
379 2194 12 24 6
402 2194 101 24 consented

83 2222 33 18 and
127 2227 49 13 were
193 2220 60 19 taken
273 2221 27 23 by
320 2220 145 26 Wbarepnknu
484 2225 21 16 to

83 2249 29 18 the
122 2248 35 19 hill
167 2248 65 17 where
242 2246 31 19 his
285 2253 81 18 weapon
376 2254 40 13 was
425 2248 78 19 hidden.

83 2274 25 19 On
118 2274 87 23 arriving
217 2272 57 19 there
292 2273 24 18 he
332 2272 63 20 called
413 2274 53 19 them
485 2279 20 14 to

83 2306 47 13 come
156 2299 98 25 together,
285 2298 65 20 which
382 2300 47 24 they
463 2301 41 20 did,

84 2325 100 26 enquiring
192 2325 42 26 :—r
377 2326 16 19 is
415 2326 34 19 the
480 2334 26 17 pa

85 2354 16 16 of
114 2352 154 25 Wharo-pakau
276 2351 9 19 ?
424 2353 39 18 this
480 2353 26 18 he

85 2378 57 20 lluust
166 2378 32 18 his
224 2378 55 18 hand
310 2378 43 18 into
378 2379 34 19 the
440 2379 66 25 clump

85 2405 17 18 of
123 2404 85 25 tumingi
234 2404 39 18 and
295 2405 86 24 grasped
405 2405 32 19 his
457 2405 37 19 hoe-

85 2438 34 11 roa.
146 2431 92 24 Turning
255 2436 54 19 upon
329 2431 32 18 his
379 2432 85 18 enemies
481 2432 25 18 he

85 2457 84 18 attacked
193 2457 54 17 them
271 2457 49 18 with
336 2457 48 18 such
403 2457 104 21 desperate

85 2483 63 19 valour
158 2483 43 18 that
211 2483 48 23 they
269 2483 37 18 fled
316 2483 20 18 in
347 2483 78 24 dismay
435 2484 50 18 from
494 2491 12 11 a

86 2509 58 25 single
149 2514 58 18 man-;
219 2509 29 21 (at
257 2509 51 18 least
316 2515 21 12 so
347 2516 36 17 sny
391 2509 104 24 thoTCgati-

87 2535 64 18 uijare.
161 2535 35 18 the
207 2535 132 19 descendants
356 2536 21 18 of
393 2536 101 25 Whnrcpn-

86 2561 51 24 kau,)
150 2561 38 18 and
199 2567 22 12 as
230 2561 26 18 he
266 2561 66 18 raised
342 2561 32 19 bis
392 2568 81 16 weapon
487 2565 20 15 to

86 2587 60 19 attack
156 2587 33 18 the
200 2587 33 18 foe
248 2586 26 20 ho
289 2587 53 19 cried
351 2586 4 27 :
393 2587 67 21 Kaore
470 2595 37 18 ]ien

85 2613 69 19 koutou
164 2619 11 12 e
189 2613 123 19 moliio—ka
328 2614 43 19 tini.
382 2614 26 18 ka
417 2620 59 12 mano
487 2615 20 18 ki

85 2641 37 17 ruto
132 2639 5 18 i
148 2645 11 13 a
168 2639 77 19 Whare
337 2640 65 19 which
422 2641 87 18 remains

86 2672 18 12 as
113 2672 10 12 a
133 2665 77 25 pepeha
224 2672 50 13 even
291 2667 49 17 unto
358 2666 42 19 this
409 2667 44 24 day.
483 2667 26 18 So

86 2692 21 18 he
116 2692 91 18 returned
217 2693 20 17 to
247 2692 32 18 his
297 2699 27 17 pa
340 2692 41 19 and
399 2693 62 18 found
472 2693 34 19 the

86 2722 42 14 taua
136 2718 39 18 still
194 2718 84 24 camped
296 2718 57 19 there
372 2718 39 19 and
432 2719 31 18 his
474 2726 34 11 son

87 2744 49 22 dead,
147 2744 39 18 and
196 2744 25 18 he
234 2744 63 18 asked
306 2739 3 27 :
346 2744 77 19 Where
433 2745 16 18 is
459 2745 50 18 Tbu-
515 2739 1 27 I

201 2770 40 18 His
256 2770 53 19 tribe
324 2770 89 25 'replied:

88 2798 18 15 at
221 2796 37 18 'Te
267 2796 94 24 Whaiti).
370 2796 45 19 And
424 2797 71 18 Whare-

88 2822 61 23 pakau
159 2822 78 18 uttered
248 2822 40 18 this
299 2823 82 23 saying:
396 2822 56 19 Mine
468 2830 42 12 wna

88 2847 30 19 the
128 2847 82 25 evening
220 2848 48 18 tide.
283 2848 39 18 For
332 2855 38 17 you
381 2849 52 18 shall
443 2849 24 18 be
476 2850 34 17 the

87 2873 86 26 morning
187 2874 40 19 tide
236 2873 4 26 ;
254 2874 10 18 I
275 2874 52 19 Rhall
337 2875 24 18 bo
374 2875 48 18 with
438 2881 39 18 you
487 2876 21 18 in

88 2899 29 19 the
266 2900 43 19 The
327 2900 33 19 old
379 2901 83 19 warrior
476 2901 22 18 de-

89 2925 90 19 termined
189 2928 19 17 to
219 2926 67 19 attack
299 2927 33 18 bis
347 2933 78 18 enemy,
436 2928 38 18 and
485 2928 26 18 he

90 2951 54 19 asked
154 2951 32 19 his
194 2952 73 25 people
275 2951 4 26 :
384 2954 17 18 is
410 2953 33 19 the
450 2954 60 18 token

88 2977 18 18 of
112 2978 112 19 lhu*rakau
266 2979 44 19 And
318 2979 48 24 they
374 2979 42 19 said
424 2977 4 26 :
459 2980 39 18 Ihu-

88 3003 57 19 rakau
153 3006 74 17 oarnot
237 3005 25 19 be
281 3005 100 19 mistaken
390 3003 4 25 ;
408 3006 25 18 he
452 3005 59 19 bears

88 3029 49 20 three
146 3031 78 23 plumes
233 3038 54 17 upon
297 3031 33 18 his
345 3031 60 23 head,
424 3032 30 18 his
463 3038 35 17 gar-

88 3059 48 15 ment
146 3056 15 18 is
172 3062 11 12 a
193 3056 78 25 mahiti,
280 3057 32 19 his
330 3064 83 18 weapon
425 3059 16 17 is
451 3064 12 12 a
473 3059 29 17 tai-

169 3083 47 18 And
231 3083 147 25 Wharepakau
387 3086 53 16 went
457 3084 54 18 forth

89 3107 16 18 in
117 3108 65 20 search
193 3109 20 18 of
223 3109 31 18 his
266 3116 71 17 enemy
352 3110 65 18 whom
434 3110 27 18 he
481 3112 21 16 at-

89 3133 64 20 tacked
162 3135 39 18 and
212 3135 99 19 defeated.
340 3135 112 19 Ihu-rakau
472 3136 39 18 fled

89 3160 34 18 ami
132 3167 38 12 was
180 3161 87 25 pursued
279 3161 27 25 by
313 3161 145 25 Wharepakau
467 3162 45 18 who

90 3184 33 20 lost
140 3187 54 25 sight
213 3187 21 19 of
260 3187 49 23 him,
340 3187 38 19 hut
396 3187 115 20 Ihu-rnknu

89 3214 24 16 tin
120 3213 34 18 ried
163 3213 40 19 and
213 3213 60 19 made
281 3220 14 12 a
313 3213 76 19 sudden
408 3214 67 19 attack
487 3220 24 13 on

242 3240 45 18 who
294 3240 77 23 caught
379 3240 41 19 him
429 3240 38 18 and
478 3240 23 19 de-

90 3264 73 25 stroyed
179 3266 31 18 bis
228 3266 78 24 people,
335 3266 25 17 So
379 3266 33 19 the
432 3266 82 17 warrior

91 3289 136 27 Wharepakau
247 3292 95 18 returned
365 3294 19 16 to
402 3292 32 18 his
452 3299 26 17 pa
492 3293 21 18 in

91 3316 88 26 triumph,
191 3318 76 24 having
278 3318 93 19 defeated
381 3318 32 18 his
419 3318 94 19 enemies.

113 3340 41 22 And
165 3344 20 19 in
196 3344 52 18 after
258 3350 58 18 years
328 3344 14 18 it
353 3344 104 24 happened
469 3346 45 17 that

92 3374 18 11 »?
119 3369 23 18 lie
153 3370 31 22 lay
193 3370 69 24 asleep
272 3376 37 12 one
319 3370 39 24 day
368 3376 25 12 on
404 3370 34 18 the
448 3372 34 22 top
493 3370 22 19 of

91 3393 29 21 the
138 3395 47 24 cliff,
205 3403 13 11 a
236 3396 60 18 hawk
315 3395 65 24 flying:
403 3402 47 12 over
472 3396 41 19 him

91 3422 65 18 caused
167 3422 40 19 him
226 3424 21 17 to
264 3422 57 19 wake
340 3422 105 24 suddenly,
466 3423 47 19 and,

92 3447 102 26 mistaking
205 3448 35 19 the
249 3455 34 18 cry
294 3448 20 19 of
324 3448 34 18 the
374 3448 55 18 kahu
439 3447 31 20 for
480 3448 34 19 the

92 3473 58 20 voices
160 3474 20 18 of
201 3481 52 16 men,
272 3474 27 19 he
317 3474 45 22 fled,
383 3474 39 18 and
441 3474 74 21 falling

90 3504 41 13 over
140 3501 33 18 the
182 3501 42 18 cliff
234 3501 26 17 he
271 3506 40 13 was
327 3502 50 16 most
396 3501 115 22 grievously

92 3523 45 21 hurt.
165 3526 47 22 And
222 3532 48 12 even
281 3528 49 16 unto
340 3527 42 17 this
395 3527 38 22 day
445 3526 14 18 is
471 3527 43 17 that

91 3549 36 21 'lift
136 3552 71 20 known
217 3559 23 12 as
255 3553 28 18 Te
301 3552 95 25 Eerenga
407 3553 94 17 o-Wharo-

92 3577 67 23 pakau.

114 3604 43 19 And
166 3605 20 18 in
204 3605 54 18 after
276 3610 59 18 years
356 3604 110 20 Taketake,
480 3604 34 18 the

92 3628 113 22 descendant
215 3631 20 18 of
255 3630 148 25 Wharepakau
422 3630 60 18 dwelt
492 3633 22 16 at

92 3654 22 19 Te
122 3656 190 20 Whaiti-nui-a-Toi
329 3656 39 19 and
381 3656 34 19 the
425 3662 58 13 nar/io
494 3656 21 18 of

92 3680 27 19 his
128 3688 25 18 pa
165 3689 41 13 was
221 3683 30 18 Te
270 3682 170 19 Pa'o-Taketakc.
467 3681 46 19 And

92 3705 13 19 it
121 3708 103 25 happened
243 3709 45 18 that
307 3708 180 22 Ngai-Tnngnroa.
503 3715 12 12 a

93 3732 47 26 hapu
151 3735 20 18 of
180 3735 35 18 the
232 3734 211 24 Ngati-Kahnngunu
455 3734 58 22 tribe,

93 3758 54 20 heard
156 3761 44 18 (bat
209 3761 35 18 the
253 3760 133 19 descendants
397 3760 22 18 of
428 3760 73 18 Wharo-

92 3785 201 26 pakau-kai-tangata
303 3793 51 12 were
366 3786 41 18 still
416 3786 64 23 living
490 3788 20 16 at

92 3809 23 20 To
124 3812 82 20 Whaiti.
234 3813 27 19 So
272 3819 12 12 a
297 3816 58 20 great
377 3814 108 21 war-party
495 3812 21 18 of

264 3845 56 12 came
330 3837 38 20 and
378 3838 61 18 found
448 3836 52 21 Take-

93 3862 40 20 take
139 3864 38 19 and
191 3866 33 17 his
241 3864 72 26 people
329 3864 98 25 dwelling
436 3864 21 19 in
462 3863 54 20 their

93 3894 27 18 pa.
146 3890 41 19 The
207 3894 111 22 war-party
337 3890 124 19 surrounded
481 3889 35 19 the

93 3920 27 17 pa,
130 3916 37 19 and
177 3917 21 18 in
215 3917 34 18 (he
269 3917 58 24 night
346 3915 105 20 Taketake
457 3921 58 13 came

93 3940 46 20 forth
151 3943 38 19 and
202 3943 97 24 standing
310 3949 26 12 on
355 3942 34 19 (lie
408 3941 75 20 maioro
492 3941 22 18 of

93 3965 25 19 his
130 3975 23 17 pa
174 3975 53 20 hung
245 3969 35 19 the
299 3969 106 24 following
425 3967 88 19 Whaka<

93 3997 61 15 araara
165 4002 15 11 :-
189 4007 8 2 -

195 4028 45 12 moo
250 4022 20 18 te
284 4022 56 18 ma(a
349 4021 21 18 hi
381 4021 54 22 tuna,

139 4046 32 19 Ka
180 4054 34 12 ara
226 4050 19 16 to
255 4050 54 16 innta
321 4047 21 18 hi
353 4049 48 15 taua

100 4069 37 20 The
151 4080 44 17 eyes
204 4073 22 19 of
234 4073 36 19 <ho
279 4073 108 19 fishermen
398 4078 33 12 are
441 4071 74 19 closed.

93 4094 123 29 I'Uttheeyee
224 4099 23 19 of
253 4099 36 19 the
305 4099 76 24 fighter
395 4104 34 12 are
447 4097 69 24 open.)

111 4141 43 20 The
162 4149 34 11 one
205 4149 38 11 was
250 4148 24 12 mi
285 4142 36 18 owl
331 4141 32 17 the
373 4140 54 18 other
433 4146 9 11 a
449 4139 65 18 lizard.

523 154 46 19 And
579 154 21 18 in
607 154 34 18 the
653 153 93 24 morning
755 152 105 19 Taketake
869 152 89 20 adorned

523 179 88 23 himself,
623 179 39 18 and
670 185 23 12 us
701 179 26 18 he
738 179 34 18 did
784 185 21 12 Su
815 178 26 19 he
852 178 64 19 heard
924 178 34 19 the

523 206 71 25 people
603 205 30 18 cal
643 206 35 24 ing
687 211 5 12 :
730 205 17 18 O
757 204 56 19 Take
821 204 3 27 !
833 204 43 19 The
887 211 71 17 enemy

523 238 35 13 are
567 231 127 24 advancing;
709 230 47 24 they
777 237 34 12 are
823 236 26 12 on
860 230 34 19 the
904 230 44 18 taki-

523 258 44 17 tahi
587 258 21 17 of
617 256 35 20 the
746 256 105 19 Taketake
866 256 77 24 replied
951 263 5 10 :

546 282 38 19 Let
594 282 55 19 them
659 288 55 13 come
923 281 35 18 the

524 315 72 18 enemy
607 308 78 19 arrived
693 310 20 16 at
721 308 34 19 the
765 308 134 24 kiri'tangata
907 307 49 19 then

523 334 105 18 Tnketako
637 340 56 12 came
702 334 55 19 forth
768 333 40 19 and
819 333 57 19 stood
886 339 27 13 oa
922 333 34 19 the

524 360 76 18 niaioro
610 360 21 18 of
652 359 31 19 his
704 366 33 18 pa.
764 359 91 25 Behold!
870 359 26 18 So
912 359 46 18 well

524 385 41 21 Jiad
575 386 27 18 he
613 385 130 19 ornamented
758 384 89 23 himself,
863 391 22 12 so
895 385 39 18 fine
944 392 12 11 a

524 418 46 12 man
582 411 33 19 did
627 411 25 19 he
662 411 54 19 look,
727 411 45 18 that
790 411 34 18 the
843 410 115 25 advancing

525 444 70 17 enemy
608 437 69 18 halted
696 440 20 15 to
735 436 77 19 admire
830 436 50 18 him.
907 436 50 18 This

523 469 53 18 gave
587 463 35 19 the
631 469 45 12 men
688 463 20 17 of
718 462 34 18 the
771 468 26 18 pa
815 462 49 18 time
882 465 20 15 to
922 466 35 20 get

525 489 78 19 outside
615 489 40 19 and
664 488 101 19 surround
775 488 34 18 the
826 494 78 18 enemy.
916 488 40 22 Ah,

524 513 39 20 ha!
577 515 58 18 Then
660 520 40 13 was
718 513 63 19 heard
799 513 35 19 the
854 513 64 19 sound
936 514 22 18 of

524 540 94 25 clashing
629 546 99 19 weapons,
740 540 40 18 and
791 540 69 20 hlows,
873 540 38 18 and
922 540 34 21 the

524 566 62 19 death
596 567 51 18 cries
657 567 20 18 of
697 565 61 19 brave
776 572 53 12 men.
859 565 43 18 The
911 571 46 13 sons

525 592 20 18 of
556 592 107 24 Tangaroa
679 598 51 12 were
749 591 94 19 defeated
862 591 40 18 and
922 592 34 18 the

525 621 104 16 remnants
637 618 22 18 of
669 618 34 18 the
719 616 95 20 tauafled
824 620 21 15 to
855 617 34 18 the
899 620 58 21 great

525 644 61 18 forest
596 644 21 19 of
628 644 54 18 Tane
693 643 65 18 which
766 643 84 18 extends
859 644 31 18 far
900 649 56 19 away

525 672 19 15 to
555 669 34 18 the
600 669 57 19 Land
669 670 21 18 of
699 669 35 18 the
745 668 36 19 Eis
790 675 28 16 ng
828 668 50 21 Sun.

551 695 8 19 ]
571 695 41 19 will
623 701 45 13 now
678 694 45 26 give
733 701 40 18 you
789 695 34 18 the
843 694 113 25 genealogy

523 721 22 18 of
553 720 146 26 Wharepakau
718 720 39 19 and
775 720 32 19 his
824 720 133 20 descendants

525 747 44 18 who
581 747 50 19 have
640 747 47 19 held
698 747 34 18 the
742 746 58 19 lands
810 747 21 17 of
842 747 27 18 To
878 747 78 18 Whaiti

524 773 32 18 for
565 779 22 12 so
596 779 62 18 many
673 779 58 18 years
741 773 3 24 :

553 798 151 25 Wharepakau,
721 799 28 17 Te
771 798 97 24 Manako,
890 799 52 18 Take-

524 825 53 22 take,
584 825 28 18 Te
621 821 67 28 Enngi
701 824 90 20 tuahiwi,
802 824 153 25 flika-paratai,

523 851 28 18 Te
570 851 135 24 Eingaringa,
722 850 29 18 Te
777 850 40 23 Au,
838 851 117 22 Turere-au,

524 876 128 25 Eangiamio,
665 876 56 18 Eewi
732 876 129 25 Eangiamio,
880 876 75 22 Huare,

523 902 28 19 Te
561 901 75 27 Haupa
645 902 71 24 (about
726 904 20 16 14
755 908 60 18 years
822 902 33 19 old
862 903 21 18 in
892 903 64 23 1895.)

549 928 144 24 Tangihnruru
703 928 87 19 married
803 929 105 18 Kura-nui
916 924 40 23 and

524 954 40 18 had
573 954 272 24 descendants—Mahanga,
856 954 28 19 Te
893 954 52 19 Aroa-

523 980 60 24 kapa,
594 980 28 18 To
633 980 125 24 Ukuhanga,
770 980 28 19 Te
809 980 134 24 Kiri-kainga-

523 1004 47 25 hau,
588 1006 27 18 Te
634 1006 163 24 Eangihi-rawa,
815 1006 84 21 Whata,
921 1006 34 18 Te-

523 1030 51 24 Uru,
586 1031 123 25 Eangiamio
720 1032 35 24 (an
766 1032 33 19 old
809 1039 48 12 man
868 1032 20 18 in
902 1034 54 16 1895.

522 1057 50 18 Aiso
582 1063 33 12 see
631 1058 110 24 preceding
748 1058 130 25 genealogy.)

548 1083 88 25 Enough
645 1083 4 25 !
665 1083 49 19 This
722 1084 17 18 is
746 1084 26 18 all
782 1084 35 19 the
825 1084 131 19 information

522 1108 12 20 I
544 1109 50 19 have
606 1110 30 18 for
645 1116 33 17 my
698 1110 80 24 pakeha
793 1110 84 19 friends.

642 1141 33 21 [To
687 1145 22 11 HE
721 1146 104 11 COXTIWUFD.
829 1141 7 21 ]

1198 90 59 19 THE
1285 90 56 19 HOT
1368 90 91 19 LAKES
1488 90 170 23 CHRONICLE,
1687 88 188 26 WEDNESDAY,
1904 89 154 20 DECEMBER
2086 91 29 22 11,
2134 91 48 18 1895

616 1192 156 17 FLETCHER'S
786 1192 74 17 PILLS

648 1226 57 11 never
714 1221 33 16 fail
761 1222 20 16 to
790 1226 43 12 cure

525 1246 176 22 INDIGESTION,

546 1270 178 19 COSTIYENESS,

570 1294 67 17 SOUR
649 1293 110 22 BREATH,

593 1317 166 19 HEARTBURN,

617 1340 79 17 LIVER
709 1340 116 20 DISEASE,
835 1341 38 17 and

641 1362 104 21 KIDNEY
758 1364 170 17 COMPLAINTS.

543 1392 156 17 FLETCHER'S
703 1392 74 17 PILLS
781 1392 37 17 and
823 1393 136 16 CLEMENTS

524 1416 77 16 TONIC
618 1421 31 11 are
670 1414 32 18 the
722 1415 109 22 recognised
855 1415 104 18 household

524 1437 89 19 remedies
623 1439 19 17 of
651 1438 31 17 the
696 1439 108 16 Australian
818 1439 86 19 colonies,
922 1439 38 17 and

524 1467 54 17 every
588 1461 101 23 designing
698 1461 60 23 quack
773 1462 45 17 tries
832 1463 20 16 to
865 1462 53 17 trade
935 1468 24 12 on

524 1485 48 16 their
581 1484 107 23 reputation
698 1485 36 16 and
744 1491 81 10 renown.
851 1486 44 16 This
903 1486 15 16 is
927 1486 33 16 the

524 1509 82 21 greatest
615 1508 55 21 proof
678 1508 21 16 of
705 1507 49 19 their
760 1508 61 19 merit,
830 1508 36 17 and
875 1508 84 18 sufferers

524 1533 52 14 want
584 1532 20 16 to
613 1531 22 17 bo
645 1531 102 22 particular
755 1533 20 15 to
785 1533 33 20 get
832 1531 32 17 the
879 1532 81 21 genuine

524 1553 74 19 articles
607 1560 19 11 as
635 1554 63 22 regret
706 1554 37 17 and
754 1553 162 24 disappointment
929 1560 31 12 are

524 1583 42 10 sure
575 1578 20 16 to
605 1577 62 16 follow
677 1577 32 17 the
726 1583 32 11 use
772 1578 21 16 of
809 1577 33 18 the
856 1578 103 17 thousands

524 1600 20 17 of
574 1600 110 22 All-failing
712 1600 90 17 remedies
819 1606 20 11 so
854 1600 58 23 freely
925 1600 23 18 ad-

524 1624 87 16 vertised.
624 1623 39 17 The
671 1623 108 23 reputation
788 1623 37 17 and
835 1623 125 23 wide-spread

524 1653 33 10 use
578 1647 19 16 of
618 1647 94 16 Clements
729 1647 57 16 Tonic
803 1647 37 16 and
858 1647 102 17 Fletcher's

525 1670 46 16 Pills
580 1675 31 11 are
620 1670 32 16 the
661 1670 82 23 greatest
751 1670 65 23 proofs
830 1670 21 17 of
863 1670 50 17 their
925 1676 23 17 ap-

524 1693 104 22 preciation
637 1693 24 21 by
671 1693 32 17 the
720 1693 69 22 public.
820 1693 18 17 If
853 1693 45 22 they
912 1698 48 12 Were

525 1717 34 16 not
579 1722 20 10 as
620 1716 119 18 represented
760 1716 45 18 thev
828 1713 63 20 would
913 1716 47 17 have

524 1717 35 16 not
579 1722 20 11 as
620 1716 119 22 represented
760 1716 45 22 they
828 1714 63 19 would
912 1716 48 17 have

525 1738 66 24 passed
601 1740 32 16 out
643 1740 20 15 of
671 1744 83 18 memory
764 1740 46 21 long
819 1745 31 11 ere
859 1738 47 24 this;
925 1740 36 17 but

525 1762 73 18 instead
607 1762 50 18 their
665 1762 38 17 sale
711 1762 15 17 is
736 1763 74 22 greater
819 1762 38 17 and
872 1762 44 23 they
929 1769 32 11 are

526 1792 51 10 more
586 1785 92 17 esteemed
688 1785 36 22 day
733 1786 25 21 by
767 1785 37 22 day
813 1786 38 16 and
860 1786 56 18 week,
924 1786 37 16 and

524 1809 39 16 this
572 1809 134 21 emphatically
715 1814 65 16 proves
790 1809 48 16 their
847 1808 114 24 undisputed

525 1837 117 17 Supremacy.
668 1832 64 17 Listen
741 1833 19 15 to
769 1837 25 11 no
802 1834 102 20 argument
912 1832 49 17 from

525 1855 102 17 interested
638 1855 69 22 parties
715 1854 3 23 ;
738 1854 81 18 demand
834 1855 31 17 the
881 1856 80 20 genuine

525 1878 75 16 articles
609 1879 36 15 and
653 1879 68 15 TAKE
731 1878 34 16 NO
775 1879 161 15 SUBSTITUTE.

719 1937 52 17 THE

542 1960 140 30 Equitable
696 1960 124 29 Building
837 1961 110 29 Society-

569 2010 134 17 CEItTIFICATE
716 2014 24 12 OF
752 2010 169 17 IXCOItrOHATIOX.

740 2038 10 12 0

550 2056 45 17 This
608 2056 15 17 in
636 2057 20 16 to
671 2056 67 22 certify
754 2056 44 17 that
812 2056 33 17 the
861 2056 102 22 Equitable

528 2079 92 22 Building
628 2079 74 22 Society
711 2084 38 12 was
757 2085 25 11 on
795 2079 33 18 the
837 2080 41 16 31st
891 2079 37 22 day
943 2080 20 16 of

528 2102 107 19 December,
648 2104 5 15 1
658 2103 40 17 892,
707 2102 46 22 duly
761 2102 132 22 incorporated
903 2102 61 17 under

528 2126 31 16 the
568 2126 104 21 provisions
681 2126 20 17 of
729 2125 39 17 The
776 2125 92 23 Building
875 2125 88 18 Societies

528 2149 36 17 Act
573 2149 21 16 of
604 2149 50 16 1880.

551 2171 63 18 Dated
623 2171 37 18 t!po
719 2171 36 23 day
765 2171 20 16 of
793 2171 107 16 Deeemlioiv
910 2172 51 15 1892.

629 2195 30 16 Wl
663 2199 30 12 I.LI
696 2199 28 12 AM
737 2195 20 16 T.
772 2195 119 20 BI.AKENKV,

609 2218 98 23 Registrar
716 2218 20 16 of
745 2218 91 23 Building
844 2218 94 18 Societies.

693 2247 27 11 —.
721 2247 30 11 —o

628 2264 134 17 PROPOSED
775 2264 81 20 ISSUE,

576 2288 113 26 150,000
710 2288 93 22 Shares
829 2289 27 21 at
876 2287 31 26 £1

601 2336 16 16 G
625 2341 28 11 JIM
661 2341 42 11 TTVE
715 2336 4 16 i
726 2341 10 11 F
749 2337 127 15 Manaokmrnt
882 2336 4 16 :

529 2358 46 16 llon.
586 2358 14 15 B
616 2358 15 15 15
648 2358 55 15 Mont.
716 2364 8 9 ii
742 2358 2 20 |
754 2358 48 15 Hon.
806 2358 47 15 John
861 2358 100 15 Donaldson

604 2379 77 16 Aclie.-ou
690 2379 83 19 Ovorend,
783 2378 16 16 E
808 2384 24 15 q.,
848 2379 13 15 C
870 2379 20 15 E.

589 2408 71 14 SVDSKY
679 2408 59 15 BoA2D
749 2411 21 11 OF
784 2406 116 16 ReFKIUNCK'

530 2429 53 15 Bruce
593 2428 59 17 Smith,
663 2427 47 20 E-q„
743 2427 3 21 |
766 2427 19 16 J.
794 2427 19 16 F.
822 2427 61 19 Buri.s,
893 2427 14 16 E
917 2432 24 16 q.,

660 2449 26 16 \V.
699 2449 11 15 J
726 2448 63 20 Gioen,
801 2448 4 21 t
815 2453 26 16 pq.

531 2477 82 16 Bakkktis
621 2476 4 20 :
639 2476 37 16 Tlie
684 2476 112 16 Commercial
806 2476 82 20 Bunking
900 2476 30 16 Co.
947 2476 19 16 of

680 2497 74 20 Sidney.
771 2497 41 15 Ltd.

553 2521 81 21 Anyone
642 2525 34 12 can
686 2519 64 17 obtain
759 2525 35 10 one
802 2519 60 17 Share
870 2525 51 16 upon
933 2519 33 17 the

530 2544 93 22 payment
632 2543 20 17 of
661 2542 32 17 £l.
718 2542 31 17 No
757 2542 126 17 Shareholder
895 2547 34 12 can
942 2542 24 17 be

530 2566 55 19 made
588 2566 58 17 liable
649 2565 242 22 fovanypaymentbeyond
895 2566 32 16 the
933 2565 32 17 £l.

555 2589 33 18 See
604 2589 146 17 advertisement
766 2589 19 16 in
801 2588 104 18 Victorian,
919 2589 47 16 New

532 2613 59 17 South
602 2613 62 16 Wales
672 2612 38 17 and
723 2611 121 19 Queensland
857 2617 73 17 papers,
946 2617 21 11 as

531 2638 19 16 to
560 2635 128 18 Distribution
694 2635 20 17 of
719 2634 76 23 Sydney
801 2634 44 22 City
851 2634 37 17 and
894 2634 60 18 Subur-

531 2660 37 16 ban
578 2659 107 22 Properties
695 2658 59 17 which
764 2658 38 16 will
815 2658 45 16 take
874 2658 52 21 place
942 2664 25 10 on

532 2683 45 16 20th
586 2681 109 20 December,
705 2683 49 15 189.3.

555 2706 38 17 For
602 2705 36 17 full
646 2704 113 23 particulars
768 2704 37 17 and
814 2704 112 22 Prospectus
933 2710 26 16 sip-

532 2729 32 22 ply
573 2730 20 16 to
603 2728 104 22 Secretary,
717 2728 40 20 212,
768 2728 64 18 Queen
841 2727 67 18 Street,
915 2727 42 17 Bris-

532 2753 54 19 bane,
596 2758 22 10 or
627 2752 22 16 G.
660 2751 20 17 C.
691 2751 103 20 Chalmers,
801 2751 29 19 72,
845 2751 41 16 Pitt
900 2750 66 20 Street,

533 2775 82 23 Sydney,
627 2775 41 16 who
684 2774 38 17 will
736 2775 31 16 act
779 2780 20 11 as
814 2774 65 22 Agent
892 2773 30 18 for
935 2773 33 17 the

533 2798 74 22 Society
616 2798 18 17 in
645 2798 47 17 New
701 2797 60 18 South
769 2796 68 18 Wales.

556 2822 53 16 State
626 2822 79 16 amount
722 2819 107 19 forwarded
841 2819 39 17 and
895 2819 73 17 enclose

532 2846 38 16 two
579 2843 86 23 stamped
679 2843 101 18 addressed
794 2843 105 23 envelopes.
931 2843 25 16 Re-

533 2868 59 20 gister
601 2867 61 18 letter.

628 2963 169 21 FOLLOWING
806 2963 73 22 Goods,
890 2961 80 27 freight

602 2991 48 24 paid
660 2995 20 14 to
696 2991 88 19 Kotorua
793 2997 33 11 :

535 3023 80 20 Double
625 3022 93 20 Wooden
728 3021 108 23 Bedstead,
855 3022 34 17 22s

574 3065 12 8 ~
624 3049 48 18 Iron
772 3062 11 9 ~
855 3048 35 16 40s

574 3085 13 15 j,
594 3074 170 21 Brass-mounted
771 3088 12 9 „
800 3075 42 20 48s,
855 3074 40 21 68s,
908 3072 35 18 80s

535 3102 48 19 Best
594 3101 75 19 double
680 3100 46 19 wire
736 3100 124 21 Mattresses,
874 3099 35 17 2.'5s

674 3126 40 19 flax
780 3140 12 8 „
876 3125 34 18 24s

598 3168 12 9 ~
675 3152 74 26 Kapot
761 3151 43 19 Led
815 3152 36 18 40s

641 3178 56 20 Cash
716 3184 54 13 with
785 3177 80 20 Okdeh.

562 3205 177 26 Paperhangings,
751 3211 11 11 a
773 3204 56 23 large
841 3202 62 20 stock,
923 3208 48 18 very

535 3232 71 25 cheap,
635 3231 54 20 Send
700 3231 31 19 for
740 3232 97 23 patterns.

550 3267 35 27 T
620 3265 47 29 W
700 3262 240 32 MAUNDKB

648 3307 21 19 II
679 3307 19 19 A
707 3305 22 20 M
740 3306 10 19 I
761 3305 17 19 L
788 3305 15 18 T
813 3306 16 17 O
839 3304 27 19 N.

539 3354 230 44 HINEMOA
799 3353 172 41 STORE.

726 3422 108 21 ROGERS
851 3422 73 19 directs
941 3423 22 17 at-

554 3456 9 12 i
573 3453 9 14 T
616 3451 77 20 tention
704 3453 20 16 to
732 3450 34 19 the
776 3449 107 24 following
889 3448 51 18 lines
952 3447 21 19 of

539 3481 169 44 eiRISf
709 3480 94 43 KiS
818 3479 154 42 €##»S

541 3537 98 25 Bycvoft's
649 3535 111 21 Snowdrift
770 3535 52 19 N.Z-
831 3534 63 19 Flour

539 3563 101 24 Sultanas,
652 3561 100 20 Muscatel
761 3561 39 19 and
809 3560 98 19 Valencia
923 3559 38 19 Rai-

592 3589 46 19 sins,
651 3589 40 18 and
700 3588 97 19 Currants

540 3615 49 25 Figs
597 3615 38 18 nnd
647 3613 110 21 Preserved
768 3613 83 24 Ginger,
863 3611 70 25 Spices

540 3641 74 19 Lemon
625 3641 39 18 and
675 3640 81 24 Orange
769 3639 47 18 Peel

595 3667 68 18 White
803 3663 116 26 Speciality.

540 3693 50 20 Now
602 3692 90 20 Zealand
700 3692 62 24 Dairy
770 3689 144 20 Association's
923 3688 38 18 But-

643 3722 37 15 ter.

564 3745 61 19 TEA.
684 3742 113 21 COFFEE.
853 3740 93 20 COCOA.

539 3794 88 19 General
639 3794 127 18 Assortment
784 3792 20 18 of
823 3789 151 25 Storekeeper's

717 3818 75 20 Goods.

599 3871 158 42 HINEMOA
788 3867 123 44 STORE,

567 3939 166 26 FIREWOOD!
782 3939 165 22 FIREWOOD!

637 3995 77 21 RATA
725 4000 43 16 and
781 3992 93 22 TAWA.

541 4028 108 20 Delivered
669 4027 27 25 by
715 4026 84 21 Kusabs
820 4024 59 20 Bros,
895 4024 21 18 to
935 4028 39 19 any

542 4057 46 23 part
599 4055 22 18 of
632 4054 35 19 the
678 4052 98 26 township
787 4054 20 16 at

615 4080 85 19 Lowest
712 4078 99 21 Cdbrent
823 4076 77 20 Rates.

568 4106 74 21 Orders
653 4105 92 20 received
756 4108 21 16 at
787 4104 34 19 tho
831 4102 67 26 yards,
908 4101 66 19 Iline-

1088 153 156 53 THE
1294 152 152 54 HOT
1500 152 257 54 LAKES
1811 152 390 54 DISTRICT

1216 235 92 19 Tourists
1317 234 40 20 and
1369 235 93 19 Invalids
1470 235 87 25 visiting
1566 234 35 19 the
1609 233 141 21 Wonderland
1759 235 22 19 of
1790 234 50 20 New
1851 233 91 20 Zealand
1952 233 40 19 will
1999 233 43 19 find
2051 233 35 19 the

1167 275 438 79 GRAID
1698 274 437 89 HOTEL,

1458 366 400 64 ROTORUA,

981 432 10 14 r
994 432 66 28 pHE
1074 434 52 17 most
1136 432 88 25 elegant,
1235 431 133 20 comfortable
1376 431 40 19 and
1428 431 44 19 best
1482 430 110 26 appointed
1602 428 155 21 establishment
1766 430 21 18 in
1808 430 50 19 New
1874 429 97 23 Zealand,
1990 429 17 18 it
2025 429 63 25 being
2103 429 77 25 replete
2197 428 126 25 throughout

987 450 23 25 X
1449 457 49 19 with
1510 457 34 18 the
1554 458 53 17 most
1620 455 83 19 modern
1718 456 149 19 conveniences.

1006 483 57 19 THE
1077 484 92 19 HOTEL
1187 484 17 18 is
1223 484 21 18 in
1264 483 35 19 the
1317 482 116 19 immediate
1448 481 170 26 neighbourhood
1636 481 22 19 of
1675 481 35 19 the
1728 480 74 24 Priest,
1821 480 85 25 Rachel,
1926 480 125 20 Postmaster
2073 480 41 19 and
2130 480 58 20 other
2203 479 67 23 baths,
2288 479 35 19 the

980 510 89 17 curative
1079 510 111 24 properties
1200 510 22 18 of
1233 509 65 19 which
1314 515 34 12 are
1363 508 149 19 \vorld~famed.
1541 507 54 19 Bath
1606 506 66 20 chairs
1683 506 39 20 and
1733 503 119 23 attendants
1862 513 34 13 are
1905 506 98 25 provided
2015 509 20 15 to
2046 512 77 19 convey
2138 505 88 19 invalids
2243 507 20 17 to
2282 505 41 18 and

980 535 52 18 from
1042 535 35 18 the
1087 535 80 19 various
1180 535 143 18 bath-houses.
1350 534 43 18 The
1404 534 107 19 bedrooms
1520 534 41 18 and
1581 533 86 24 retiring
1686 539 67 13 rooms
1772 540 34 12 aro
1825 532 58 20 fitted
1902 532 48 20 with
1977 531 76 25 special
2065 531 76 26 regard
2154 534 21 16 to
2190 531 35 19 the
2239 531 82 24 require

980 564 66 16 ments
1056 561 21 19 of
1086 564 69 22 guests
1166 561 20 19 in
1197 561 70 19 search
1277 561 21 18 of
1307 560 91 19 renewed
1409 560 99 24 strength.

1007 587 42 18 The
1061 587 64 19 Baths
1136 589 21 16 at
1169 587 34 18 the
1211 586 129 20 Sanatorium
1352 585 52 19 have
1416 585 98 19 attracted
1523 591 61 18 many
1594 584 81 19 visitors
1695 585 22 18 of
1735 584 40 19 late
1794 591 71 18 years;
1891 585 96 23 amongst
2002 583 58 19 those
2073 583 44 19 who
2126 583 52 19 have
2190 581 63 20 found
2263 581 58 19 relief

981 612 33 20 bei
1023 612 35 19 the
1067 612 146 24 convalescent,
1225 618 92 17 nervous,
1328 611 118 22 rheumatic,
1458 611 40 19 and
1509 610 100 25 sleepless.

1008 638 92 19 Rotorua
1109 638 17 18 is
1136 638 35 19 the
1189 641 75 17 centre.
1267 639 60 21 Jrom
1345 637 64 19 which
1429 637 28 19 nil
1477 637 69 24 points
1556 637 21 17 of
1586 637 84 17 interest
1681 636 20 18 in
1719 635 34 19 the
1763 635 96 19 Thermal
1869 635 87 25 Springs
1971 635 85 19 District
2073 640 46 19 may
2134 633 26 20 bo
2175 633 91 23 reached,
2284 632 41 22 and

981 664 74 25 special
1065 664 95 18 facilities
1171 670 33 13 are
1214 663 97 26 provided
1321 663 31 19 for
1360 663 57 21 those
1425 663 20 18 in
1456 662 69 20 search
1536 663 21 17 of
1564 662 35 18 the
1609 661 101 19 beautiful
1721 661 41 19 and
1775 661 128 19 marvellous.

1074 695 182 18 MAGNIFICENT
1269 694 176 18 APARTMENTS.
1575 693 84 17 LOFTY
1672 693 145 17 BEDROOMS.
1936 693 116 17 PERFECT
2069 690 161 20 SANITATION,

1126 719 24 18 In
1162 719 56 18 short
1228 724 13 13 a
1251 724 123 13 fikst-class
1388 717 173 19 Establishment
1570 716 88 24 offering
1666 715 60 25 equal
1736 716 94 18 comforts
1840 718 21 16 to
1871 715 34 19 the
1916 715 45 19 best
1975 715 64 19 hotels
2050 715 20 18 in
2080 715 87 23 Europe.

1222 769 86 24 Suites
1326 769 28 23 of
1364 769 171 29 Apartments
1543 767 68 23 with
1621 767 98 30 special
1732 767 157 24 attendance
1903 767 40 23 for
1958 767 123 23 Families

984 804 98 26 Spacious
1092 804 127 19 Promenade
1229 804 111 23 Balconies,
1351 803 57 25 Snug
1421 802 91 23 Alcoves,
1523 802 40 19 and
1722 802 110 25 appointed
1842 801 104 25 Drawing,
1966 801 71 22 Music,
2055 799 151 23 Conversation,
2223 799 100 24 Reading,

1434 828 101 26 Smoking
1543 828 40 19 and
1594 827 86 19 Billiard
1690 827 81 19 Rooms.
1800 827 71 19 Baths.

1219 867 36 20 03-
1270 863 116 19 SPECIAL
1400 862 159 20 ATTENTION
1575 862 69 19 PAID
1656 862 35 19 TO
1705 861 118 20 COSINE
1839 861 59 19 AND
1912 860 126 21 SERVICE.
2053 863 35 21 4$

1009 897 33 18 All
1052 896 178 20 communications
1243 896 27 24 by
1279 894 61 20 letter
1349 901 22 13 or
1382 894 98 24 telegram
1491 894 40 19 will
1542 894 77 19 receive
1628 895 81 23 prompt
1719 893 106 19 retention.

1039 947 76 45 W.
1143 948 57 42 A.
1228 946 312 51 BOULTON,

1453 1004 60 24 (Late
1522 1005 22 18 of
1553 1003 113 19 Grosvenor
1676 1002 69 23 i?otel,
1756 1001 81 26 Sydney
1846 1002 7 24 )

2014 945 250 54 Manager.

1895 1068 163 42 ROTORUA
2080 1068 93 42 BOOT
2193 1069 25 41 &
2236 1069 90 41 SHOE

2044 1128 127 40 DEPOT,

1180 1098 486 63 STREWS
2046 1167 111 20 „__

987 1210 161 56 HOT
1194 1209 339 57 SPRINGS
1581 1206 283 61 HOTEL,
1950 1197 45 52 J.
2019 1197 248 52 LARKIN.

1086 1449 19 19 A
1125 1449 117 19 First-class
1258 1449 38 18 and
1314 1449 45 19 well
1369 1448 111 26 appointed
1488 1448 71 19 House
1571 1446 120 21 convenient
1700 1448 21 17 to
1731 1445 35 20 the

984 1502 95 32 HOT
1094 1501 203 33 SPRINGS
1321 1501 33 32 &
1371 1500 236 33 NAYUBAL
1623 1496 247 36 WOHDKHS,

1009 1560 56 19 HOT
1090 1559 91 20 BATHS
1204 1566 26 12 on
1246 1559 35 19 the
1301 1561 103 24 premises.
1441 1560 42 18 The
1494 1559 96 26 stopping
1599 1558 72 19 House
1681 1557 32 19 for

1093 1590 67 23 THE
1184 1590 63 23 SPA
1270 1590 107 23 HOTEL
1402 1589 171 25 COACHING
1594 1587 165 25 COMPANY.

1011 1643 88 20 Conches
1114 1643 64 18 arrive
1189 1643 52 19 from
1251 1643 71 25 Taupo
1333 1643 117 25 Thursdays
1460 1642 39 19 and
1517 1641 99 25 Sundays,
1628 1641 40 19 and
1682 1640 58 19 leave
1754 1639 33 19 for
1800 1639 70 25 Taupo

984 1670 86 24 Fridays
1080 1669 40 19 and
1129 1669 107 26 Mondays.

1229 1721 196 19 MODERATE
1447 1720 107 20 OHA„.
1555 1733 11 7 v

1893 1458 19 19 A
1932 1458 67 26 Largo
2019 1460 61 19 Stock
2100 1462 21 18 of
2138 1462 94 22 German,
2250 1460 78 19 French

1963 1486 41 19 and
2014 1486 89 20 Colonial
2115 1488 63 19 Boots
2187 1488 76 24 always

2058 1514 21 18 in
2096 1514 67 19 Stock.

1895 1548 68 20 BEST
1970 1549 153 20 MATERIAL.
2159 1550 17 19 B
2181 1550 46 19 EST
2236 1550 92 19 WORK.

1973 1586 158 20 AUCKLAND
2142 1587 106 19 PRICES.

1896 1634 163 24 Hand-sewn
2069 1636 80 23 Boots
2157 1644 16 16 a
2188 1637 139 29 Specialty.

1923 1698 114 23 Visitors
2046 1699 27 22 to
2087 1698 46 23 the
2148 1698 53 24 Hot
2210 1699 90 24 Lakes.

1241 1818 109 19 BEFORE
1364 1818 148 19 ORDERING
1524 1818 63 19 ELSE-

1204 1877 108 20 WHERE
1324 1878 57 19 THE
1401 1877 103 20 PUBLIC
1519 1877 56 20 ARE
1593 1877 28 19 IN-

1243 1937 86 19 VITED
1345 1937 33 19 to
1391 1937 71 19 call
1475 1937 60 19 and
1547 1937 50 20 see

1284 1996 67 20 NEW
1365 1996 147 21 MATERIAL
1529 1996 32 19 IN

1286 2105 35 16 n.t\
1328 2105 13 16 a
1347 2105 99 16 TTisras

1351 2154 170 25 VESTINGS.

1404 2263 237 27 TROUSERINGS,

1925 1776 175 47 Palace
2135 1777 161 55 Hotel,

1896 1832 93 21 Situatd
2013 1834 20 19 in
2058 1834 34 20 the
2115 1834 51 20 New
2190 1836 138 19 Government

1895 1859 107 24 Township
2018 1860 20 19 in
2055 1867 53 13 cose
2127 1862 108 24 proximity
2254 1864 21 17 to
2294 1861 36 20 the

1754 1890 5 13 r
1896 1885 37 20 Bat
1937 1885 29 25 ho,
1984 1885 135 25 Sanatorium,
2140 1888 49 19 Post
2211 1888 60 19 Office
2290 1888 39 19 and

1697 1911 81 26 JVA.
1896 1911 91 26 Railway
1995 1913 86 19 Station.

1150 1937 15 10 ;\.
1242 1937 87 10 TrTTTTi
1345 1937 33 10 wr\
1391 1937 65 10 n»TT
1479 1937 56 10 a-vtt->
1547 1937 50 10 t?i?u
1683 1931 45 16 «*Sv
1736 1931 76 16 aSs^TSav

1808 1971 16 11 *»
1922 1964 41 20 The
1974 1964 62 20 Hotel
2048 1965 15 20 is
2081 1966 126 26 luxuriously
2223 1966 106 19 furnished

1896 1991 39 19 and
1947 1990 77 22 replete
2034 1992 47 19 with
2089 1999 59 18 every
2156 1993 134 19 convenience
2298 1993 33 18 for

1816 2026 17 13 *u
1896 2017 85 19 tourists
1992 2018 38 19 and
2039 2018 77 19 others.
2147 2019 20 18 It
2188 2025 15 14 ci
2212 2019 92 20 mmands
2319 2025 11 12 a

1823 2051 9 14 I
1896 2043 91 26 splendid
1999 2044 48 19 view
2058 2046 21 17 of
2090 2044 34 20 the
2133 2044 56 21 Lake
2199 2046 38 20 a»d
2248 2046 15 18 is
2272 2045 47 20 with-

1825 2073 7 15 i
1896 2070 20 18 in
1927 2076 45 19 easy
1984 2076 67 14 access
2063 2070 22 20 of
2102 2071 34 19 the
2153 2072 77 25 Geyper
2246 2072 84 25 Springs

1896 2096 21 18 of
1929 2096 66 19 Whak
2003 2104 113 13 irewarewa
2126 2098 40 19 and
2177 2098 25 19 all
2217 2098 32 19 the
2267 2098 63 25 eights

1816 2121 2 30 I
1897 2121 20 21 i'f
1929 2122 34 20 the
1973 2123 85 19 district.

1790 2153 28 17 W
1884 2149 2 27 I
1910 2149 34 19 All
1954 2149 33 19 teh
1994 2156 66 18 grams
2072 2150 103 26 promptly
2185 2151 96 19 attended
2290 2152 27 18 to.

1735 2194 95 50 'piX
1883 2194 3 50 I
1965 2201 85 32 JOHN
2079 2203 184 37 JOHNSTON,

1755 2235 13 38 |i
1771 2234 2 39 ;
1775 2234 29 39 .:;|
1827 2234 14 25 \
2033 2241 169 17 PROPRIETOR.

1929 2291 183 46 Robert
2146 2290 156 47 Wake

1901 2370 97 47 JEGS
2008 2373 19 16 to
2037 2371 92 19 intimate
2137 2371 45 19 that
2193 2371 25 18 ho
2236 2371 36 19 hrs
2288 2378 45 12 now

1973 2396 110 20 concluded
2094 2398 34 17 the
2142 2397 118 19 alterations
2272 2401 19 15 to
2303 2398 31 18 his

1900 2424 96 25 premises
2013 2424 19 17 in
2051 2422 41 21 Feu
2095 2425 34 18 ton
2147 2423 71 22 Street,
2234 2424 100 24 (opposite

1084 2484 12 14 d
1102 2483 12 15 4
1131 2483 45 15 f?**.
1195 2484 52 14 i-sv
1274 2483 18 15 A\
1328 2481 29 17 y%
1476 2479 28 19 It
1576 2479 58 19 frl~\
1648 2479 8 19 I
1660 2487 22 2 —
1682 2478 16 20 \
1705 2478 30 20 ~Tf
1901 2476 43 19 well
1955 2476 91 18 assorted
2056 2476 55 18 stock
2123 2476 21 18 of
2157 2476 35 19 the
2213 2476 108 19 undermen-

1130 2486 171 46 QUA
1444 2486 53 39 LJ
1511 2494 19 39 {
1550 2494 19 50 J
1600 2494 13 29 1
1633 2495 51 33 'Hi
1714 2486 13 37 I!
1901 2500 67 21 Homed
1978 2500 70 26 good.,

1130 2525 100 35 ar
1248 2525 44 33 r
1293 2525 3 60 '
1531 2537 31 13 ■-'
1599 2545 5 2 -
1647 2537 135 27 —'—*
1902 2545 66 40 FOR
1991 2545 86 40 CASH
2093 2545 25 40 &
2131 2544 87 41 CASH
2232 2545 102 40 ONLY.

1405 2602 1 35 :
1439 2602 123 35 |t?fl
1928 2605 48 19 This
1987 2605 54 19 Rule
2052 2605 41 18 will
2109 2605 24 19 be
2151 2605 77 23 strictly
2247 2605 88 20 adhered

1312 2635 10 12 ■
1348 2637 13 10 m
1380 2625 14 22 V
1463 2625 9 21 I
1512 2625 49 23 \J
1573 2638 10 19 y
1901 2633 20 17 to
1932 2638 22 12 so
1966 2638 26 12 no
2002 2638 39 12 one
2050 2631 52 19 need
2112 2631 6 19 I
2126 2637 10 12 0
2147 2631 94 19 offended
2248 2631 16 18 if
2273 2631 64 18 credit

1014 2675 40 18 One
1061 2675 39 18 and
1108 2681 12 12 a
1126 2674 43 18 half
1176 2674 54 18 miles
1238 2673 50 18 from
1295 2672 34 18 the
1336 2672 47 18 Post
1391 2671 64 19 Office.
1480 2671 32 17 All
1519 2672 82 17 Coaches
1608 2671 47 17 from
1662 2670 96 22 Tokaanu,
1764 2670 72 23 Napier
1841 2670 37 17 and

990 2699 85 18 Rotorua
1083 2704 31 12 arc
1124 2699 38 16 mot
1170 2697 25 23 by
1204 2697 33 17 the
1330 2695 87 21 Coaches,
1427 2695 38 17 and
1473 2694 75 18 visitors
1557 2694 95 23 conveyed
1664 2696 20 15 to
1698 2694 32 17 the
1768 2693 35 23 Spa
1840 2693 38 18 free
1903 2692 83 22 Men's
1997 2692 127 29 Mercery,
2133 2690 76 29 Hats,
2222 2692 42 22 &C,

1380 2718 19 18 of
1408 2718 44 17 cl,,u,
1453 2725 18 15 *r
1472 2718 4 33 j
1479 2718 3 33 -
1905 2722 84 23 Men's
2004 2722 52 23 and
2070 2722 78 29 Boys'
2164 2722 122 29 Clothing

1016 2751 44 18 The
1199 2749 17 19 is
1228 2749 35 18 the
1273 2748 66 18 nome
1350 2747 20 18 of
1381 2747 34 19 the
1425 2747 88 18 Famous
1528 2746 94 24 Crow's
1635 2746 67 23 Nest
1718 2746 107 29 Geyser,
1843 2746 36 20 the
2134 2754 79 23 Boots
2225 2754 21 23 &
2257 2754 80 23 Shoes

992 2777 81 18 Witches
1083 2775 100 21 Cauldron,
1198 2775 122 22 Champagne
1334 2773 74 23 Geyser,
1427 2773 61 21 Milky
1501 2772 76 23 Geyser,
1595 2772 107 23 Flesh-pot,
1719 2772 90 23 Porridge
1826 2773 51 20 Pots,
1903 2784 13 14 x
1917 2784 16 16 M
1937 2791 31 3 __
1971 2784 7 16 l
1979 2791 10 3 _
1991 2791 13 9 a
2006 2771 17 22 i'
2054 2784 19 16 tj
2077 2791 32 9 110
2109 2771 3 29 .
2114 2792 12 8 c
2148 2784 74 16 p,,:„+
2225 2792 11 8 0
2260 2785 29 15 i?i
2293 2792 12 8 0
2309 2792 15 8 „

992 2799 122 21 Blow-holes,
1122 2798 85 19 Hannah
1216 2788 79 32 Goyiei°
1301 2796 33 18 the
1341 2796 67 18 Lesser
1421 2796 70 17 Crow's
1504 2796 53 19 Nest,
1571 2796 64 16 Venus
1651 2795 56 20 Bath,
1722 2794 74 19 Satan's
1813 2796 64 23 Glory,
1903 2788 137 24 .Blankets,
2054 2788 81 25 KllgS,
2148 2788 96 25 .Prints,
2260 2788 15 19 ±
2282 2788 55 20 lan-

992 2824 40 17 Salt
1042 2820 75 26 Spring!
1127 2820 148 21 Paddle-wheel,
1286 2820 36 17 and
1331 2819 70 19 several
1410 2819 53 17 other
1472 2819 61 22 sights
1540 2819 20 17 of
1568 2819 83 17 interest.
1677 2819 76 17 Guide's
1762 2819 28 17 fee
1799 2820 19 16 2a
1836 2820 45 17 each
1891 2816 3 30 I
1957 2816 122 27 nelettes,
2091 2818 47 21 etc.

1235 2381 31 41 H.
1300 2380 41 42 W,
1376 2377 240 43 NEIGHBOUR'S.

1293 2594 290 63 TAUPO,

1014 2676 39 16 One
1062 2675 38 18 and
1108 2681 11 12 ft
1127 2674 41 18 half
1177 2674 53 17 miles
1239 2674 49 16 from
1296 2672 32 18 the
1337 2672 46 17 Post
1391 2672 64 17 Office.
1480 2671 31 17 All
1519 2672 82 17 Coaches
1608 2671 47 17 from
1662 2670 96 22 Tokaanu,
1765 2670 71 23 Napier
1840 2676 9 12 a

990 2699 85 18 Rotoma
1083 2704 31 12 are
1124 2699 38 16 met
1170 2697 25 23 by
1204 2697 33 17 the
1330 2695 87 20 Coaches,
1427 2695 38 17 and
1474 2695 74 17 visitors
1557 2694 95 23 conveyed
1664 2695 20 17 to
1698 2694 32 17 the
1768 2693 35 23 Spa
1840 2694 8 17 f

1380 2718 19 18 of
1408 2718 74 20 charge.

1015 2869 38 18 The
1063 2869 75 17 HI'KA
1151 2867 86 18 FALLS.
1263 2866 79 19 Visitors
1350 2867 20 16 to
1380 2866 31 17 the
1502 2866 95 22 conveyed
1606 2866 38 16 free
1653 2866 20 16 of
1681 2864 64 24 charge

1906 2848 114 28 Saddles,
2032 2848 109 28 Bridles,
2157 2850 47 21 etc.

1016 2917 38 16 The
1061 2917 162 16 accommodation
1230 2917 22 14 at
1384 2918 17 12 is
1406 2917 27 12 ail
1441 2917 41 12 mat
1498 2918 35 11 can
1548 2912 24 16 be
1588 2911 79 17 desired.
1700 2911 62 22 Every
1778 2912 103 18 Bed-room
2018 2919 103 22 Complete
2131 2919 61 20 Stock
2203 2919 21 20 of

993 2939 107 17 over-looks
1109 2938 32 16 the
1150 2937 91 18 Gardens.
1267 2936 75 17 Private
1351 2935 61 18 Suites
1421 2935 20 17 of
1449 2935 129 23 Apartments.
1608 2935 62 21 Large
1684 2934 155 24 Drawing-room
1854 2936 28 17 for
1906 2950 20 3 _
2014 2949 16 9 «,
2067 2931 14 25 K
2120 2949 25 9 «,
2169 2949 17 7 ~
2330 2951 7 7 1

993 2962 73 17 Ladies.
1093 2961 127 17 Comfortable
1228 2959 160 21 Smoking-room.
1907 2953 90 26 Fancy
2011 2951 91 25 Goods,
2121 2951 150 29 Stationery
2288 2951 51 22 and

1017 2985 52 17 THE
1082 2984 84 18 MAORI
1180 2982 102 19 CARVEL
1296 2982 95 18 DJNIXG
1404 2982 71 16 HALL
1484 2982 49 16 seats
1545 2987 35 11 one
1592 2980 87 18 hundred
1693 2987 77 16 persons
1785 2982 37 17 and
1837 2987 44 12 con-
1957 2982 86 23 Books

994 3008 50 18 tains
1051 3007 28 18 all
1087 3008 84 22 separate
1180 3005 61 19 tables
1248 3006 31 18 for
1286 3005 73 23 private
1367 3004 71 23 parties
1446 3010 21 12 or
1479 3005 75 16 friends.
1907 3013 193 18 Tohnrnanist's
2116 3013 84 18 fi-nndss
2221 3015 41 16 p+p

1018 3031 52 17 THE
1079 3031 85 16 LARGE
1174 3030 58 17 HOT,
1243 3029 67 17 COLO
1319 3028 15 18 &
1343 3027 78 19 TEPID
1427 3027 140 19 SWIMMING
1571 3027 70 18 BATH
1650 3027 74 23 adjoins
1732 3027 32 18 the
1773 3028 108 17 Bedrooms.
1909 3022 169 15 AODaoconißl
2088 3022 12 14 S
2115 3022 94 19 UrOOOS,
2221 3022 46 15 etc-

1017 3055 39 17 The
1067 3053 121 18 SULPHUR
1197 3052 69 18 BATH
1274 3052 16 17 is
1299 3050 75 24 equally
1383 3050 103 19 efficacious
1495 3057 20 10 as
1521 3051 33 16 the
1561 3051 73 16 famous
1640 3051 61 17 Priest
1706 3051 49 16 Bath
1763 3051 20 18 of
1791 3052 90 16 Rotoma.
1907 3045 113 24 Musical
2034 3045 179 23 Instruments

1018 3078 38 17 The
1065 3077 77 17 TEPID
1155 3076 70 17 BLUE
1238 3074 69 20 BATH
1315 3076 16 15 is
1339 3080 44 17 very
1392 3074 111 22 refreshing.
1905 3076 123 23 Window
2035 3075 70 28 glass
2113 3076 22 22 &
2143 3075 79 28 Lamp
2230 3076 108 27 glasses.

1204 3098 51 18 ALL
1262 3097 84 19 BATHS
1354 3097 39 18 free
1401 3098 21 17 to
1429 3097 82 18 Visitors
1518 3098 22 16 to
1547 3097 33 17 the
2035 3092 13 12 &
2206 3092 39 14 *°

1047 3123 43 19 lhe
1100 3122 94 20 Grounds
1203 3128 36 13 are
1249 3121 44 19 l«d
1301 3123 36 17 out
1352 3121 21 18 in
1390 3120 67 19 choice
1478 3120 120 24 Rose-beds,
1620 3120 140 21 Shrubberies,
1777 3120 104 19 Beautiful
1905 3128 94 19 LARGE
2015 3127 59 20 AND
2105 3127 235 21 WELL-ASSORTED

994 3151 94 21 Flowers,
1101 3148 49 20 Pino
1162 3147 134 24 Plantations,
1308 3147 49 18 Turf
1367 3147 75 18 Tennis
1461 3147 68 23 Lawn,
1546 3146 126 20 Promenade
1693 3146 40 19 and
1751 3146 132 20 Ornamental
2052 3159 86 16 STOPT
2155 3159 34 16 OF

993 3179 80 16 Lawns.
1312 3198 94 13 d*„vi:__
1423 3198 67 13 tt«,.,.„
1500 3198 54 13 t,v,,i
1576 3201 11 10 c.
1907 3192 202 15 TCTTCfWYwrf
2135 3192 33 15 lYf
2178 3192 16 15 X
2203 3191 81 16 ATyT
2298 3193 32 14 nrr

1047 3202 56 18 Good
1116 3202 62 18 Grass
1188 3202 110 20 Paddocks,
1311 3202 100 22 btabimg,
1424 3202 66 15 Horse
1501 3202 60 20 reed,
1572 3202 32 16 &e.

1438 3231 10 10 o

1126 3249 135 29 conveyed
1270 3248 54 23 free
1335 3248 26 23 of
1370 3248 95 28 charge
1475 3250 26 21 to
1511 3255 11 16 a
1541 3252 40 19 oct
1591 3248 36 23 all
1642 3248 109 23 coaches
1764 3248 105 29 proceed-

1278 3275 29 22 i.n
1310 3280 15 17 &?
1339 3275 26 22 10
1381 3274 13 23 d
1398 3274 7 23 i
1408 3274 53 23 fife?*
1461 3281 7 9 l
1471 3281 15 9 Ts
1489 3278 6 10 *
1526 3281 22 15 }n
1550 3282 9 9 T
1576 3281 11 15 s

1128 3324 125 23 TARIFF
1265 3323 4 24 :
1289 3325 33 18 10s
1336 3323 54 19 PER
1406 3323 65 19 DAY.
1500 3323 28 19 £2
1546 3325 34 18 10s
1589 3323 56 19 PER
1657 3323 93 19 WEEK.

1021 3375 80 25 Special
1109 3374 125 19 concessions
1241 3375 20 17 to
1269 3373 94 19 Families
1370 3372 39 19 and
1418 3372 56 26 large
1482 3374 75 24 parties
1564 3373 85 25 making
1656 3379 11 12 a
1675 3372 124 24 lengthened
1806 3375 50 22 stay.

997 3424 87 20 Visitors
1095 3430 46 18 may
1152 3422 122 25 confidently
1286 3424 60 17 count
1355 3428 53 19 upon
1419 3428 59 19 every
1488 3429 45 12 care
1544 3422 39 19 and
1592 3422 101 19 attention
1702 3424 21 16 to
1732 3422 54 19 their
1791 3422 91 23 comfort,

1297 3448 39 19 and
1346 3448 76 25 civility
1431 3450 51 17 from
1492 3448 34 19 the
1537 3448 54 19 staff.

1100 3475 116 19 First-class
1225 3474 70 20 Table.
1430 3474 126 19 Abundance
1566 3474 21 20 of
1595 3474 59 19 Fruit
1664 3474 20 19 in
1696 3474 80 19 Season.

995 3502 42 19 Tea
1047 3502 40 18 and
1097 3502 22 18 CV
1126 3502 39 18 flee
1176 3501 71 19 served
1260 3501 19 18 in
1296 3501 35 19 the
1347 3500 78 25 Dining
1442 3501 49 18 Hall
1511 3501 104 25 mornings
1634 3501 40 18 and
1691 3501 122 18 afternoons.
1850 3500 34 18 No

1365 3530 58 15 extra
1433 3527 82 24 charge.

1129 3579 104 33 THE
1423 3579 242 33 COACHING
1688 3578 63 33 CO,

1176 3621 42 16 Kim
1228 3621 82 17 Coaches
1319 3622 19 15 to
1348 3621 32 15 the
1388 3620 98 22 following
1494 3621 62 20 places
1566 3620 19 16 of
1593 3620 88 16 interest:
1682 3629 24 2 —

997 3653 134 25 TokaailU,
1142 3651 116 26 Thursdays
1269 3659 19 11 ai
1296 3652 12 18 d
1323 3652 99 24 Sundays.
1451 3651 51 19 Fare
1513 3653 28 17 ss.

1000 3675 136 26 Wairakei
1150 3677 120 30 Geysers,
1282 3678 60 23 daily,
1354 3677 94 25 Sundays
1457 3677 100 19 included.
1586 3676 51 19 Fare
1648 3678 21 17 2s
1680 3676 32 19 Gd.

996 3710 152 18 ARATEATEA
1156 3709 100 21 RAPIDS,
1267 3709 57 22 daily.
1349 3709 47 17 Faro
1408 3710 19 15 3s
1436 3709 30 17 Od.

996 3733 145 18 ROTOKAWA
1154 3732 122 18 SULPHUR
1289 3732 75 17 LAKE.
1389 3732 48 17 Fare
1446 3732 19 18 7s
1474 3732 29 20 Od,
1514 3737 36 16 any
1560 3732 51 16 time.

1022 3815 146 42 JECKLIN
1202 3815 25 40 &
1260 3815 146 47 COTTER,

1072 3892 115 20 FAMILY
1202 3892 156 24 BTJICHERS,

1051 3948 81 19 Ahawa
1155 3948 92 23 Street,
1270 3948 106 19 Rotouua.

1027 3997 58 20 Have
1096 3998 20 17 to
1127 3996 44 19 thai
1180 3996 12 19 k
1203 3996 36 19 the
1247 3995 75 20 Public
1338 3996 20 18 of
1368 3996 50 19 Eoto-

999 4031 36 13 rua
1051 4023 33 19 for
1093 4029 6 18 ]
1107 4026 31 15 ast
1148 4022 41 19 i'avc
1197 4029 35 12 urs
1242 4022 37 19 and
1294 4022 36 23 beg
1341 4025 20 16 to
1378 4025 52 17 state

999 4051 48 24 they
1061 4048 39 19 will
1118 4050 96 18 continue
1234 4051 21 16 to
1271 4049 60 18 merit
1347 4050 85 23 support

999 4078 26 24 by
1038 4074 107 27 providing
1155 4075 34 19 the
1201 4075 43 18 best
1252 4075 78 25 quality
1341 4074 21 20 of
1380 4079 50 15 meat

1071 4124 36 20 AT
1122 4123 118 20 LOWEST
1253 4123 106 20 PRICES.

1497 3802 31 41 i.
1553 3801 38 42 v.
1624 3801 217 52 runoff,

1582 3869 172 21 FRUITERER.

1477 3911 59 19 Next
1545 3909 100 20 Saddler's
1660 3909 55 25 shop,
1726 3910 133 20 Obinemu'u.

1455 3943 43 19 Has
1510 3942 75 22 always
1600 3948 11 12 a
1626 3941 51 25 gecd
1692 3942 72 25 supply
1781 3943 21 18 of
1822 3942 63 20 Fresh

1528 3968 66 23 Fruit,
1605 3967 48 19 both
1667 3967 51 19 loc;d
1727 3969 38 19 and
1777 3969 23 19 im-

1580 3993 71 26 ported
1662 4000 25 12 on
1699 3993 58 20 hand.

1623 4018 89 25 Also,

1578 4045 18 19 A
1616 4045 43 19 well
1671 4048 90 17 assorted

1507 4071 57 20 stock
1575 4071 21 19 of
1608 4070 85 25 Biscuit,
1705 4072 118 20 Confection-

1454 4105 35 18 ery
1500 4098 40 19 and
1549 4099 92 18 Summer
1655 4097 76 20 Drinks
1743 4101 21 17 at
1781 4099 105 20 Moderate

1631 4123 76 20 Priceß.

1907 3192 205 33 FISHING
2135 3191 205 34 TACKLE,

1946 3250 67 19 Maori
2026 3250 72 19 Curios
2109 3250 21 19 in
2141 3251 62 19 Great
2212 3250 92 26 Variety.

1971 3303 119 19 First-class
2107 3302 88 20 Billiard
2204 3302 70 20 Tablo.

1908 3355 115 26 Prescript!)
2032 3362 24 13 ne
2066 3356 109 25 dispensed
2184 3356 27 25 by
2220 3363 11 12 a
2241 3356 100 20 Qualified

2065 3382 91 19 Chemist
2166 3385 20 16 at

1987 3414 126 32 ROBERT
2131 3414 135 32 WAKE'S.

2044 3467 160 24 ROTORUA

2095 3525 59 14 XHJJi

1909 3546 428 87 Langham.

1931 3642 47 22 (One
1986 3642 88 19 minute's
2083 3644 49 17 walk
2142 3644 48 17 from
2199 3644 30 17 the
2236 3643 72 19 Govern-

2059 3667 52 17 ment
2119 3666 77 21 Baths.)

2027 3723 191 23 TGRMS:

1935 3758 45 23 35s
1988 3765 46 22 per
2052 3760 88 27 week;
2160 3760 29 22 6s
2204 3767 46 22 per
2258 3760 57 29 day.

1936 3788 61 23 Two
2007 3789 90 23 weeks
2107 3796 28 16 or
2145 3789 99 29 longer,
2262 3790 53 23 30s.

1943 3838 29 30 C.
2004 3826 305 50 HAWKER~WILSON,

2034 3881 187 20 PROPRIETOR.

1936 3939 175 23 WYNYARD
2126 3940 190 29 &PURCHAS,

1971 3973 129 19 Baiuustehs
2107 3980 43 13 and
2160 3974 123 25 Solicitors,

1909 4012 79 18 B.N.Z.
1996 4012 78 19 Chamb
2091 4019 24 16 is,
2123 4012 105 25 QueenSt,
2236 4014 108 19 Auckland

2004 4073 52 19 have
2066 4080 72 19 money
2149 4076 19 17 to
2180 4075 45 19 lend
2238 4082 24 12 on
2279 4076 51 18 Mort-

1929 4102 6 13 '
1946 4106 6 9 »
2000 4106 53 18 gago
2063 4100 21 18 of
2099 4100 98 19 Freehold
2215 4102 40 18 and
2270 4101 60 19 Lease-

1910 4125 48 19 hold
1969 4129 94 21 property
2074 4128 21 16 at
2105 4130 81 16 current
2195 4131 59 15 rates.

966 4218 102 41 Afsk
1097 4217 72 38 for
1193 4217 262 41 Hancock's
1482 4217 274 41 Celebrated
1810 4217 188 43 XXXX
2024 4219 113 39 Ales
2163 4222 94 37 and
2283 4220 148 40 Stout

2497 228 187 42 PUKUATUA
2717 228 146 45 STREET,
2902 230 169 43 ROTORUA,

2350 294 404 57 ROBINSON
2786 297 436 68 BROTHERS,

2624 374 325 56 Proprietors.

2476 474 129 23 SADDLE
2621 474 22 22 &
2666 474 113 24 BUGGY
2803 475 125 25 HORSES
2948 478 43 23 ON
3004 479 91 27 HIRE,

2346 534 135 46 MESSES
2494 535 142 20 ROBINSON
2651 535 75 30 BROS]
2736 536 88 20 Coaches
2835 544 39 14 run
2887 541 20 17 to
2922 539 27 19 all
2959 539 34 20 the
3008 541 66 25 sights
3090 543 21 19 in
3128 544 35 19 the
3182 543 47 23 Pis*

2702 562 52 23 triot,
2764 562 105 27 including
2877 562 4 27 :

2424 586 148 30 Waiotapu,
2584 586 124 28 Tikitere,
2720 587 100 28 Rotoiti
2834 590 51 22 and
2897 590 252 28 Whakarewarewa.

2372 618 90 20 Coaches
2472 619 47 19 wait
2530 618 34 20 the
2573 618 75 20 arrival
2664 618 21 20 of
2699 625 61 18 every
2775 620 54 19 train
2845 621 40 19 and
2902 628 34 14 are
2956 623 41 20 also
3017 631 38 13 run
3071 626 21 19 in
3111 627 117 19 connection

2743 645 49 18 with
2806 645 34 20 the

2396 677 89 33 SPA
2506 676 162 36 HOTEL
2688 676 239 38 COACHING
2951 680 234 43 COMPANY,

2705 716 173 27 THUPQ.

2426 811 116 26 Telegrams
2551 812 101 25 promptly
2661 812 96 21 attended
2768 814 26 19 to..

2351 878 242 46 KUSABS
2626 878 154 47 BROS
2864 878 40 44 W.
2932 879 30 40 A.
2993 879 181 45 WILLIAMS'

2458 944 217 32 MAMAKU
2809 950 219 28 PIOMEER
3070 954 165 28 STORE,

2349 982 73 40 SAW
2438 982 25 41 &
2490 982 152 41 PLANING
2664 982 116 40 MILLS,
3001 989 72 23 **-
3090 991 67 24 ™*

2847 1072 137 19 oilmen's
2998 1072 113 24 storis,

2510 1096 41 13 the
2563 1096 54 13 only
2888 1102 217 25 ironmongery;

2351 1129 135 19 genuine
2500 1129 59 19 dry
2575 1129 78 19 land
2672 1129 111 19 timber
2939 1133 251 25 crockeryware,

2455 1164 30 17 IX
2497 1163 52 17 THE
2563 1164 114 17 MARKET.
2991 1168 143 25 DRAPERY,
3151 1171 42 22 Ac,
3203 1171 34 20 &c,

2351 1209 128 43 MESSRS
2499 1209 99 18 KUSABS
2615 1209 70 17 BROS.
2699 1209 38 22 bog
2754 1214 30 13 re-
2835 1201 15 15 A
2869 1197 147 22 «il!-aasorted
3033 1199 56 20 stock
3107 1200 21 20 in
3145 1201 27 19 all
3188 1200 51 21 lines

2427 1233 101 22 spcctfully
2535 1234 19 16 to
2563 1232 68 19 inform
2641 1232 32 18 the
2685 1233 67 17 Public
2765 1233 20 17 of
2807 1226 21 16 oi
2838 1226 35 17 the
2881 1226 62 18 above
2954 1227 20 17 at
2984 1226 70 19 lowest
3064 1233 71 16 prices.

2352 1256 79 16 Rotorua
2439 1256 33 15 and
2483 1256 73 20 vicinity
2565 1256 38 15 that
2612 1256 40 20 they
2667 1255 42 16 Lave
2725 1258 57 13 estab-
2808 1259 49 19 New
2869 1259 87 19 Zealand
2964 1260 63 23 Dairy
3036 1260 146 20 Aseociation's
3190 1262 37 20 Fao-

2352 1278 54 15 lished
2415 1283 11 10 a
2435 1278 43 18 yaid
2487 1282 17 10 in
2518 1278 112 15 tlnitiiioa-st
2640 1278 3 18 ,
2653 1279 32 14 and
2700 1282 31 10 can
2746 1282 38 10 now
2843 1287 46 9 +„_„
2900 1284 50 12 ii„i.»
2967 1292 7 4 _
2984 1286 9 10 c
3006 1292 9 4 „
3028 1286 10 10 i.
3050 1288 7 8 a
3078 1278 4 18 •
3158 1287 6 9 i
3173 1287 5 9 1

2351 1300 63 15 rudplv
2424 1296 28 18 ifie
2462 1298 50 16 finest
2519 1297 44 17 olasfl
2577 1298 18 16 of
2609 1298 27 16 Bu
2643 1297 49 18 Minir
2704 1298 80 15 Material
2843 1287 33 17 tor
2877 1305 7 4 -
2879 1292 10 12 v
2900 1286 74 19 Butter
2984 1286 55 19 freßh
3050 1288 57 18 tvTlce
3117 1287 83 26 weekly.

2829 1465 39 16 Sum
2882 1466 70 16 Assured

2829 1494 63 16 Annual
2907 1495 63 17 Income

3022 1473 39 11 over
3074 1469 148 24 £9,000,000

3046 1501 39 13 ever
3097 1498 124 25 £360,000

2962 1537 13 14 J.
2988 1538 19 13 11.
3019 1538 135 18 RICHARDSON,

2351 1300 63 19 supply
2424 1298 28 15 the
2462 1298 50 15 finest
2519 1297 44 17 class
2577 1298 18 15 of
2609 1298 25 16 Bu
2644 1297 48 22 Iding
2704 1298 80 15 Material
2794 1296 3 23 |
2845 1296 7 8 *
2853 1296 20 7 ul
2877 1305 7 4 -
2881 1296 7 8 v

2352 1319 16 15 in
2378 1320 28 15 the
2416 1319 75 16 Matkct.
2507 1320 15 14 It
2533 1319 14 15 is
2554 1319 86 21 uorquulli
2646 1319 9 15 d
2665 1320 15 14 in
2690 1319 94 20 durability
2794 1317 3 27 I
2883 1320 50 20 New
2944 1320 49 19 Laid
3004 1320 53 24 Epgp
3075 1322 34 19 &c.
3129 1323 34 18 &C.

2352 1341 34 15 and
2395 1341 105 21 impervious
2509 1342 17 15 to
2537 1341 28 15 the
2573 1341 68 15 attacks
2655 1340 19 15 of
2687 1341 49 15 borer
2751 1340 34 16 and
2808 1337 1 25 ,
3114 1337 4 25 [

2352 1362 31 20 dry
2396 1364 32 14 rot.
2452 1362 53 15 Their
2514 1361 82 17 sawmills
2605 1366 27 12 aie
2641 1362 49 15 fitted
2699 1361 42 16 with
2756 1362 29 14 the
2795 1357 3 26 |
2831 1372 13 4 _
2975 1374 6 9 ,

2352 1386 46 13 most
2406 1383 70 16 modern
2486 1383 98 20 appliances
2594 1383 33 15 and
2637 1383 29 15 the
2674 1383 37 16 firm
2724 1383 15 15 is
2749 1382 38 16 able
2831 1377 126 23 liOYerilliieill
2974 1377 102 26 JllSUranCe
3092 1377 128 32 DepaFtUieDt.

2352 1407 17 13 to
2386 1404 63 21 mpply
2466 1409 34 15 any
2516 1405 80 20 quantity
2613 1404 18 16 of
2647 1404 36 21 Dry
2702 1404 85 19 Building

2351 1425 83 16 Material
2443 1431 22 10 on
2474 1426 29 15 the
2512 1427 74 13 shortest
2594 1430 16 11 n<
2617 1425 38 17 tice.
2897 1427 66 20 Funds,
2975 1432 42 12 oveii
3029 1430 21 20 '2J
3061 1430 92 17 Millions.

2354 1468 141 29 Skirtings,
2503 1468 181 28 Architraves,
2690 1468 99 23 Mould-
2829 1465 39 17 Sum
2882 1465 70 18 Assured
2993 1477 7 3 -
3022 1473 39 11 over
3074 1468 148 25 £9,000,000

2389 1499 68 28 ings,
2469 1499 51 23 and
2530 1498 112 23 Dressed
2651 1498 102 23 Timber
2829 1494 63 17 Annual
2907 1495 63 17 lncome
2993 1505 7 3 -
3046 1501 9 12 c
3057 1502 28 12 ™>'
3097 1498 124 25 £360,000

2419 1529 28 23 of
2455 1536 81 23 every
2551 1529 165 30 description,
2963 1537 12 14 j.
2989 1538 18 13 h.
3019 1538 130 17 Richardson

2444 1560 110 30 Always
2565 1567 33 16 on
2606 1559 84 24 Hand.
2808 1552 43 31 JL
3090 1555 22 14 Ou
3149 1557 67 14 iiisioper
3217 1552 4 38 -

2380 1594 120 23 HENAU
2511 1594 107 24 HOUSE
2627 1594 128 23 BLOCKS.

2372 1641 50 18 Price
2431 1642 48 16 Lists
2487 1647 21 10 on
2518 1642 103 20 application
2631 1642 18 15 to
2810 1631 68 32 JLIX)
2887 1630 139 34 tOfUct
3045 1622 193 44 BaXGI^V

2351 1672 226 33 KUSABS
2613 1672 171 36 BROS,,

2426 1714 118 17 MAMAKU
2557 1719 25 12 ok
2595 1714 112 17 OHAUPO.

2480 1743 27 17 Or
2514 1743 21 18 at
2543 1743 32 19 the
2587 1742 68 22 Yards,
2810 1749 39 12 mmm
2893 1750 29 24 £
2965 1750 231 24 CAIICAI

2376 1771 121 17 HINEMOA
2513 1771 100 19 STREET,
2635 1769 125 18 ROTORUA.

2354 1834 33 20 to
2400 1834 61 20 the
2474 1834 106 20 public
2595 1834 34 19 of
2646 1833 138 20 kotorua.
2826 1818 104 32 BAKER
2941 1820 26 30 &
2976 1819 252 36 CONFECTIONER,

2355 1887 24 42 I
2392 1886 56 19 BEG
2460 1889 20 16 to
2490 1887 65 19 thank
2565 1887 34 18 the
2612 1886 72 19 Public
2695 1886 21 18 of
2723 1885 51 19 Roto-

2407 1919 41 16 ru.a
2467 1913 32 19 for
2513 1913 53 18 their
2572 1913 82 18 favours
2666 1912 74 24 during
2752 1911 34 19 the
2865 1906 85 23 Bread
2961 1907 133 24 delivered
3111 1908 77 29 daily,

2352 1941 46 23 past
2409 1939 70 19 fifteen
2490 1945 63 19 years,
2566 1938 40 19 and
2620 1941 21 16 to
2657 1938 65 24 notify
2742 1938 45 18 that

2353 1966 32 17 for
2395 1965 34 20 the
2441 1965 133 19 convenience
2585 1964 21 19 of
2615 1964 98 19 residents
2723 1964 21 18 in
2753 1963 34 19 the
2864 1977 157 17 OROC'FRTFS

2355 1992 50 17 New
2416 1991 116 25 Township,
2545 1990 40 21 and
2595 1997 31 18 niy
2640 1990 57 19 trade
2715 1996 71 19 gener-
3022 1994 5 8 '

2354 2017 47 25 ally,
2412 2017 12 18 I
2434 2017 53 19 have
2497 2017 52 18 built
3006 2009 145 24 DRAPERY,

2381 2051 52 19 New
2442 2051 104 23 Premises
2554 2058 22 12 in
2584 2051 83 26 Fen/ton
2675 2051 84 23 Street,
3001 2053 45 14 and

2354 2088 65 19 which
2430 2095 35 12 aie
2474 2094 45 16 now
2531 2094 51 19 open
2591 2088 31 19 for
2633 2087 98 23 business,
2747 2085 41 22 and
2811 2082 124 18 GENERAL
2941 2082 206 20 STOREKEEPER'S
3153 2084 90 19 GOODS.

2810 1643 141 21 jlvulua
2968 1644 58 20 uci
3045 1646 151 20 ju>ajvc/i
3208 1647 23 30 j

2810 1749 56 52 T.
2890 1749 48 52 S.
2963 1750 277 64 SAMSON,

2825 1818 105 31 BAKER
2940 1819 27 30 &
2976 1818 253 37 CONFECTIONER,

2865 1906 85 23 Bread
2961 1907 133 24 delivered
3111 1908 77 29 daily,

2862 1977 165 25 GROCERIES,

3006 2009 145 24 DRAPERY,

2495 2149 71 19 Prime
2586 2148 62 18 Meat

2354 2185 21 20 in
2387 2186 51 19 both
2448 2186 51 19 Mew
2511 2185 40 19 and
2562 2185 37 19 Old
2607 2184 114 22 T.ownshipi

2862 2135 133 41 HORACE
3017 2135 179 45 STEWART,

2562 2230 3 22 ■
2980 2230 100 22 MAKER,

2387 2253 44 22 An
2444 2252 152 30 Inspection
2610 2252 23 22 is
2648 2251 107 23 invited.
2812 2263 73 18 Wishcs
2893 2263 20 18 to
2925 2263 62 23 notify
3000 2264 32 17 ttlo
3045 2263 67 19 PuWic
3128 2265 21 17 of
3161 2266 86 17 Eotonm

2566 2292 101 18 HENRY
2681 2291 81 19 KIRK.
2871 2286 127 24 surrounding
3018 2287 73 18 district
3109 2288 44 17 that
3169 2288 24 18 he
3212 2289 34 17 has

2813 2309 119 19 eommenced
2942 2310 84 17 business
3038 2310 20 17 in
3073 2311 32 17 the
3114 2311 58 17 above
3181 2312 38 17 line
3227 2313 12 16 it

2801 2333 3 23 I
2814 2333 32 17 the
2855 2333 87 22 promises
2950 2333 104 23 belonging
3062 2335 20 16 to
3094 2335 22 17 B.
3131 2335 18 20 S,
3167 2335 78 19 Corlett,

2403 2356 29 40 A,
2462 2355 71 41 AND
2558 2355 31 41 G.
2617 2354 125 45 BROOK,

2403 2378 29 18 ft,
2462 2378 69 18 tii\U
2559 2378 29 17 U.
2617 2378 113 16 IMIV/Vm
2736 2385 6 14 }
2815 2379 32 20 the
2855 2378 62 23 Grand
2917 2378 76 23 Hotel,
3002 2379 39 18 and
3046 2380 73 19 solicits
3127 2387 12 11 a
3147 2381 99 18 fail-share

2358 2408 82 22 BOOT
2454 2406 70 24 AND
2540 2406 82 23 SHOE
2644 2404 146 28 MAKERS,
2815 2403 19 17 of
2841 2403 112 22 patronage.

2416 2440 88 18 Fkk-,o*
2519 2439 87 22 SIRKET,
2633 2432 3 35 I
2649 2443 87 14 OTOBVA.
2813 2455 18 12 IU
3019 2432 83 13 ""'"

2358 2472 44 19 And
2426 2473 22 18 at
2478 2470 81 21 Parnell
2582 2470 40 19 aid
2652 2468 137 22 Newmaiket.
2837 2472 125 23 Lengthened
2970 2472 108 23 expeiicnce
3085 2472 21 18 in
3114 2473 27 18 all
3149 2474 68 17 classes
3228 2474 19 17 of

2814 2495 94 17 Saddler's
2917 2495 57 17 work.
2999 2495 31 18 All
3040 2496 63 17 orders
3111 2496 97 24 promptly
3217 2499 26 16 at

2460 2524 39 18 and
2511 2523 66 19 vaiied
2594 2523 61 19 Stock
2667 2522 21 18 of
2698 2521 91 25 English,
2813 2518 70 17 tended
2894 2520 27 15 to.

2359 2551 86 24 Foreign
2457 2550 39 19 and
2509 2549 90 20 Colonial
2610 2549 61 19 Boots
2681 2548 109 20 andSho6s

2420 2578 21 18 to
2453 2576 71 19 choose
2537 2576 48 20 From
2598 2578 21 16 at
2631 2575 33 19 the
2675 2576 51 18 most

2395 2608 214 33 REASONABLE
2631 2606 125 33 PRICES.

2426 2650 95 20 GREAT
2535 2649 190 20 INDUCTIONS.

2386 2681 94 24 Cleanup;
2500 2684 34 16 out
2556 2681 59 18 Stoik
2637 2680 31 19 for
2691 2679 74 25 Spting

2514 2707 121 24 Shipments.

2361 2740 33 19 All
2410 2740 69 19 orders
2497 2739 38 19 and
2553 2746 26 18 re]
2588 2738 39 19 airs
2644 2736 147 26 expeditiously

2523 2765 103 20 executed.

3034 2609 32 39 M,
3104 2609 118 47 SIMON,

3011 2660 60 24 (Late
3078 2660 22 20 of
3109 2661 136 24 Melbourne.)

2468 2813 215 61 BELL,

2361 2890 432 35 CAB.PKNTER,

2467 2942 103 18 FENTON
2587 2942 101 19 STREET,

2455 2970 99 18 Opposite
2603 2969 78 18 Grato.

2386 3000 66 17 Sashes
2462 2999 54 18 made
2525 3001 19 15 to
2553 2999 60 17 order.

2363 3051 203 43 AUCKLAND
2579 3049 216 18 ADVERTISING

2519 3074 111 19 AGENCY,

2385 3098 99 17 Victoria
2497 3098 88 16 Arcade.
2600 3097 72 18 Queen
2688 3095 84 17 Street.

2417 3120 123 23 Advertising
2545 3120 20 17 in
2574 3120 25 17 all
2612 3120 24 16 its
2644 3119 96 16 branches.

2362 3144 53 21 New,
2430 3144 76 22 Unique
2523 3143 38 18 and
2573 3142 85 18 Tasteful
2675 3142 122 21 Advertising

2536 3166 90 18 Medium.

2387 3191 68 16 Orders
2466 3191 47 16 from
2522 3189 25 18 all
2556 3192 52 19 parts
2618 3188 89 18 attended
2716 3189 19 16 to
2750 3187 47 17 with

2363 3218 42 13 care
2415 3213 37 17 and
2462 3213 113 22 expedition.

3010 2782 105 24 Clothes
3128 2784 75 22 made
3222 2784 25 22 to

3036 2810 75 21 order
3128 2817 33 15 on
3177 2809 45 26 the

3063 2835 135 23 shortest

3082 2862 93 22 notice.

3022 2957 56 25 Styie
3087 2957 41 19 and
3139 2957 35 19 Fit
3184 2959 36 17 not
3231 2959 19 17 to

3012 2985 22 17 be
3045 2984 94 24 equalled
3156 2985 19 17 in
3194 2985 54 17 town

2932 3017 59 30 jjSfS
3011 3020 111 19 Address:
3140 3020 110 19 ArawaSt.

3083 3045 100 23 Rototua.

2819 3137 137 23 BARBER
2970 3137 22 23 &
3007 3137 237 24 HAIRDRESSER

2464 3402 116 22 <3utl)ori<sco
2591 3403 110 22 £uroriior,

2512 3455 142 25 ROTORUA.

2461 3509 29 42 I
2534 3509 170 46 COODSON,

2511 3566 149 32 ROTORUA

2366 3612 85 31 COAL
2469 3612 26 30 &
2515 3610 166 32 FIREWOOD
2702 3610 96 36 YARD,

2453 3657 143 17 PUKUATUA
2609 3656 99 18 STREET.

2390 3738 63 17 Goods
2463 3737 92 19 delivered
2565 3737 48 17 after
2626 3736 68 18 arrival
2708 3737 20 16 of
2742 3737 58 17 trains

2366 3763 20 15 to
2395 3761 25 18 all
2429 3763 53 20 parts
2492 3761 19 17 of
2519 3761 32 16 the
2561 3761 49 16 town
2620 3760 45 16 with
2674 3760 124 22 promptness.

2366 3793 62 22 Largo
2437 3793 58 17 Stock
2507 3793 21 16 of
2544 3793 45 17 Coal
2606 3792 35 17 and
2660 3791 97 18 Pirowood
2772 3791 19 17 al-

2436 3822 52 16 ways
2498 3822 23 11 on
2530 3815 50 17 hand
2591 3815 36 17 and
2637 3815 93 18 delivered

2506 3840 20 15 at
2535 3839 32 16 the
2579 3839 81 16 shortest

2476 3961 24 19 a
2519 3960 134 45 M°A
2666 3961 108 22 '""■

2366 4031 124 23 Plumber
2506 4031 22 23 &
2539 4031 111 23 General
2661 4031 137 23 Mechanic

2459 4080 130 19 Tutankkai
2608 4080 91 24 Street,

2848 3323 56 19 HAS
2919 3323 112 19 OPENED
3050 3323 48 19 HIS
3113 3323 113 21 SALOON,

2822 3385 77 20 NEXT
2916 3384 75 20 DOOR
3005 3384 34 19 TO
3053 3385 39 18 MR
3110 3385 135 22 SAMSON'S

2942 3495 11 14 G
2967 3488 80 20 Razors
3060 3495 12 13 a
3087 3490 121 19 Specialty.

2825 3542 52 44 B.
2919 3541 43 43 S.
3009 3541 36 43 C

2930 3598 15 19 A
2956 3597 19 18 R
2984 3597 136 20 CHITEC
3131 3598 19 22 I\

2904 3632 96 25 Building
3015 3633 108 25 Surveyor,
3141 3634 34 18 &o.

2824 3670 70 24 Anient
2916 3669 32 19 for
2967 3669 34 19 the
3025 3670 96 19 National
3148 3671 44 18 Fire
3215 3668 36 20 and

2916 3695 80 21 Marine
3003 3695 82 21 Inaurai
3095 3703 21 13 cp
3128 3697 34 19 Co.

2822 3745 52 44 M
2889 3746 146 20 OKOIA
3116 3758 25 33 v
3168 3758 9 7 *

2977 3798 123 20 PRIVATE

2823 3829 424 33 BOABXOTGHOUSK

2824 3889 110 27 Opcosite
2950 3890 39 19 the
3005 3891 52 18 Post
3068 3890 46 19 and
3125 3888 122 27 Telegraph

2998 3916 78 19 Office.

2823 3947 44 20 And
2889 3954 49 12 near
2958 3947 33 20 the
3011 3946 117 21 Celebrated
3153 3944 94 21 PRIEST

2862 3973 117 20 RACHEL
2995 3974 38 19 and
3047 3973 56 20 ether
3112 3970 95 24 BATHS,

2965 3998 141 21 ROTORUA.

2854 4050 114 40 MRS
3010 4048 200 47 YOUNG,

2953 4099 167 20 Pbopdietsess.

2899 4130 92 21 TERMS
3007 4129 151 22 MODERATE
