3279 4231
2794 115 78 21 WILL
2901 115 107 22 EDISON
3028 116 108 20 REVOLU-

2830 143 88 18 TIONE
2932 143 50 18 THE
2998 143 132 18 BICYCLE?

2792 195 33 19 Mr
2836 195 77 19 E'lison
2925 195 34 19 has
2970 196 49 19 been
3026 195 127 20 interviewed
3163 195 27 24 by

2765 228 12 12 a
2785 221 47 19 New
2845 221 54 19 Voik
2910 221 111 26 journalist
3031 229 24 11 on
3069 221 35 20 the
3111 221 80 25 subject

2766 247 21 19 of
2798 254 53 12 some
2860 249 138 24 experiments
3008 249 23 19 he
3039 249 34 18 has
3081 248 49 19 been
3140 247 40 19 mak-

2766 273 33 24 ing
2808 273 19 20 in
2836 273 92 26 bicycles.
2940 275 20 19 It
2970 282 63 12 seems
3049 274 43 18 that
3102 275 33 17 the
3146 274 38 19 fam-

2766 306 37 13 ous
2810 300 94 20 inventor
2916 301 35 19 has
2958 301 88 19 directed
3057 300 29 19 his
3095 300 101 19 attention

2767 329 39 16 not
2812 329 20 16 to
2839 326 34 20 the
2880 330 139 16 construction
3027 327 21 19 of
3063 334 11 11 a
3089 333 42 13 new
3151 330 45 22 tyre

2768 358 23 13 or
2799 353 68 23 wheel,
2875 353 37 19 but
2921 356 20 16 to
2949 360 53 13 some
3010 355 42 17 sort
3059 353 20 18 of
3087 360 12 12 a
3106 353 78 19 mechan-

2769 378 37 20 ical
2815 379 130 19 contrivance
2956 380 31 18 for
2996 379 70 24 saving
3076 379 75 19 labour.
3161 379 36 18 His

2768 405 44 19 idea
2822 405 17 18 is
2848 407 21 17 to
2880 405 57 19 make
2947 412 11 12 a
2969 405 89 20 machine
3074 405 82 24 capable
3178 404 22 20 of

2769 431 78 25 storing
2857 438 27 18 up
2895 431 35 19 the
2940 438 75 19 energy
3026 431 107 25 generated
3144 431 26 26 by
3187 438 11 12 a

2770 457 76 25 bicycle
2856 458 61 25 going
2925 458 57 19 down
2991 457 35 19 hill
3036 464 21 12 ho
3066 464 20 12 as
3102 459 21 18 to
3140 457 58 19 make

2770 484 16 18 it
2792 483 98 20 available
2900 487 21 16 to
2930 485 61 19 assist
2998 484 34 19 the
3039 483 53 20 ride-
3100 483 19 19 in
3131 483 57 20 climb-

2771 510 34 24 ing
2815 516 27 18 up
2852 516 40 20 any
2897 512 57 24 steep
2968 512 76 18 ascent.
3065 510 33 19 Mr
3109 509 89 20 Edisons'

2772 536 60 19 house
2848 536 18 19 in
2883 536 109 20 Llewellyn
3010 536 68 23 Parck,
3098 543 16 12 19
3137 536 63 19 about

2771 562 100 21 one-sixth
2879 563 21 18 of
2911 570 10 13 a
2931 563 45 19 mile
2984 563 52 19 from
3045 562 29 19 his
3083 562 116 25 laboratory

2772 589 37 18 and
2820 589 17 18 it
2846 590 17 17 is
2873 589 52 20 80ft.
2936 589 71 25 higher
3018 589 68 25 up.the
3095 588 104 20 mountain

2772 614 48 20 side.
2839 615 117 22 Therefore,
2963 616 20 18 in
2994 616 58 18 order
3062 617 21 17 to
3095 621 45 12 save
3149 615 37 18 him-

2772 641 38 19 self
2821 648 10 11 a
2842 641 63 25 heavy
2916 642 43 22 pull
2970 642 56 18 when
3038 648 59 17 going
3108 641 56 18 home
3179 641 20 18 in

2772 667 33 20 the
2817 668 73 19 middle
2899 668 22 19 of
2932 668 33 19 thr
2975 668 44 24 day,
3028 668 24 18 he
3060 669 35 17 has
3104 667 94 25 designtd

2771 701 11 12 a
2792 694 63 24 heavy
2865 695 71 24 spring
2952 694 43 25 just
3012 694 54 23 large
3076 693 78 24 enough
3167 694 31 18 for

2773 720 32 19 the
2815 727 93 18 purpose,
2920 720 62 19 which
2995 720 16 19 is
3020 724 19 15 to
3048 720 24 19 bo
3083 720 70 18 wound
3172 726 26 17 up

2772 746 51 19 from
2839 746 34 19 the
2889 747 114 24 laboratory
3017 747 78 23 engine,
3113 746 37 19 and
3166 748 24 17 at-

2773 772 69 19 tached
2855 776 19 15 to
2885 773 34 18 the
2934 773 76 24 bicycle
3020 772 70 19 before
3100 772 24 19 he
3139 774 62 17 starts

2773 798 70 25 uphill.
2872 799 28 19 Of
2909 805 78 19 course,
2999 806 11 11 a
3019 798 88 19 machine
3118 798 82 26 capable

2772 826 22 18 of
2807 825 79 25 storing
2896 825 27 19 its
2937 832 43 12 own
3005 831 74 18 energy
3103 825 64 19 would
3178 824 24 20 be

2773 851 117 26 essentially
2905 851 95 19 different
3025 852 49 18 from
3100 850 49 20 this.
3177 851 25 19 In

2775 877 39 20 Mr.
2825 878 93 19 Edison's
2930 878 80 24 opinion
3020 878 80 19 electric
3111 877 90 25 tricycles

2773 911 33 13 are
2817 904 55 25 quite
2885 904 101 25 practical'
2998 904 36 18 but
3045 906 36 17 not
3092 910 20 12 so
3122 903 80 20 electric

2773 931 93 24 bicycles.
2895 931 40 19 Eor
2950 930 35 20 tlic
2999 930 61 20 latter
3071 930 35 19 the
3120 929 83 24 lightest

2775 957 52 19 form
2837 957 23 19 of
2873 957 84 19 electric
2980 961 63 15 motor
3059 956 63 19 would
3133 957 23 18 be
3171 958 33 18 too

2773 983 71 26 heavy.

1165 54 58 24 The
1236 56 59 22 hot
1311 56 93 22 lakes
1419 55 173 24 chronicle,
1609 55 192 24 Wednesday,
1824 56 153 22 December
1994 61 32 18 n,
2040 57 48 22 lt-ds

2771 4052 72 17 Printed
2856 4055 34 16 and
2902 4055 92 21 published
3013 4056 27 15 for
3057 4056 28 16 tlic
3101 4057 102 20 proprietor,

2792 4076 19 14 lit,
2827 4074 28 16 his
2875 4076 96 20 registered
2977 4077 79 20 printing
3062 4078 47 15 oflice
3123 4078 79 16 Rotorua

2794 4095 23 21 by
2824 4096 60 17 Fkkcy
2896 4097 58 17 Ja-\iks
2966 4098 44 16 Haiu.
3015 4103 50 15 cond,
3078 4099 17 15 of
3104 4099 78 17 llotoruu

2791 4120 165 24 WEDNESDAY,
2966 4123 134 18 DECEMBER
3109 4125 85 23 11,1805J

184 136 242 69 LAKE
484 131 345 80 HOUSE,
950 131 2 80 '

159 235 306 48 Hydropathic
484 231 144 42 Hotel,
642 233 208 34 Eotorua.

348 287 220 29 Established
588 287 85 26 1881.

68 329 70 23 Under
151 332 35 20 the
203 334 110 21 patronage
330 329 21 19 of
370 327 74 21 SirW.
461 326 85 24 Jervois,
562 325 49 19 Earl
626 326 40 19 and
682 325 99 19 Countess
796 324 21 19 of
826 322 120 26 Hopetown,

235 357 34 19 the
280 357 53 17 Hon.
348 353 91 21 Premier
448 352 40 19 and
502 350 101 21 Members
618 352 21 19 of
649 351 129 20 Parliament.

119 409 41 20 The
171 409 61 19 Hotel
242 408 17 19 is
269 406 86 20 situated
365 412 26 13 on
401 412 25 13 an
437 405 90 19 elevated
536 404 87 26 position
632 411 26 12 on
667 404 35 19 the
711 402 69 20 shores
790 402 21 19 of
825 401 55 19 Lake
887 400 49 19 Koto-

66 442 42 17 ma,
120 435 117 19 convenient
251 435 20 17 to
282 433 26 19 all
318 433 35 18 the
363 432 64 25 sights
438 432 19 17 in
468 431 35 19 the
512 430 83 19 district.

141 467 132 23 SULPHUR
284 468 15 19 &
310 466 131 21 MINERAL
451 465 90 20 BATHS
551 465 21 20 in
581 465 35 19 the
625 465 93 19 Grounds
729 464 21 19 of
759 463 34 19 the
804 461 68 20 Hotel.

117 521 27 20 To
154 523 51 17 meet
215 520 35 19 the
259 520 81 19 duluess
350 519 21 19 of
380 519 35 19 the
422 519 58 19 times
490 524 11 13 a
511 518 74 25 charge
595 518 21 18 of
626 517 28 19 2
665 518 22 17 2s
696 522 37 19 per
742 515 56 20 week
806 514 41 20 will
856 514 26 18 ho
892 513 57 19 made

64 548 32 19 for
105 554 10 13 a
127 546 121 25 lengthened
258 548 50 23 stay.
339 545 69 19 Under
417 551 38 13 one
466 544 54 19 week
531 546 20 16 8s
561 550 36 19 per
610 543 39 25 day

115 604 123 19 N.RMrs
249 603 88 19 Graham
346 602 41 20 will
396 602 41 19 also
447 602 94 19 continue
551 603 19 17 to
580 600 102 25 supervise
692 599 35 19 the

82 636 170 27 GEYSER
270 634 143 27 HOUSE
433 630 315 29 HYDROPATHIC
769 628 154 31 HOTEL,

374 672 32 23 \Y
420 672 23 23 A
459 672 7 22 I
482 670 21 24 R
517 670 21 24 A
555 668 92 28 KEI,

66 706 66 20 which
150 707 36 19 has
200 705 82 21 become
301 712 10 12 a
321 705 86 25 popular
426 704 38 19 and
482 703 98 19 favourite
599 703 64 17 resort
678 702 94 24 amongst
789 699 105 20 travellers
910 699 39 19 and

463 729 91 19 invalids.

207 763 19 18 A
235 762 103 19 reduction
348 761 17 18 is
374 760 59 19 made
442 762 20 16 to
477 759 76 24 weekly
563 765 22 12 or
599 757 92 25 monthly
701 757 103 19 hoarders.

78 794 65 19 Guide
153 794 67 19 Books
230 793 40 19 and
280 793 129 18 information
426 790 63 25 gratis
500 792 20 17 at
530 790 54 19 Cook
600 789 39 19 and
649 788 57 20 Sons'
718 788 50 25 (solo
778 787 82 26 agents)
871 787 65 19 offices

371 817 126 22 throughout
506 816 35 19 the
557 814 83 25 Colony.

66 873 102 38 MRS
199 872 39 37 R.
259 870 207 45 GRAHAM,

698 868 248 45 Proprietress.

67 954 458 75 ATIAMURI
595 952 348 80 HOTEL,

300 1054 32 19 On
343 1053 34 19 the
386 1051 66 20 hanks
463 1051 20 18 of
493 1050 34 19 the
537 1049 96 21 Waikato
644 1049 68 20 River.

91 1102 119 20 Patronised
228 1101 28 25 by
270 1101 34 19 the
318 1100 48 19 Earl
384 1100 39 18 and
434 1099 97 19 Countess
550 1098 21 19 of
581 1097 85 22 Onslow,
683 1096 98 19 Countess
795 1095 21 19 of
827 1094 93 24 Glasgow

248 1127 39 20 and
302 1127 62 18 Suite.
393 1126 31 19 Sir
434 1126 87 18 Thomas
536 1124 40 19 and
585 1124 57 23 Lady
657 1122 133 19 Mcllwraith.

99 1215 108 24 Situated
222 1213 101 32 halfway
331 1213 109 24 between
453 1211 114 27 Rotorua,
581 1209 86 32 Taupo
680 1207 45 24 and
741 1206 124 24 Lichfield.
895 1205 53 23 The

65 1249 102 32 starting
191 1247 66 33 place
276 1247 37 24 for
332 1247 39 23 the
382 1243 178 27 Aniwhaniwha
584 1242 74 28 Falls,
677 1241 40 23 the
743 1238 205 27 Orakei-Korako

64 1282 43 23 red
120 1282 47 23 and
180 1281 71 24 white
264 1281 125 26 Terraces,
404 1278 113 31 Geysers,
538 1276 72 23 Alum
634 1275 88 27 Caves,
742 1273 53 38 &c.j
811 1277 23 19 to
847 1272 75 24 which
935 1281 13 14 a

64 1323 52 15 new
136 1315 45 23 and
202 1322 56 23 easy
282 1313 66 23 track
362 1312 19 24 is
401 1320 52 14 now
477 1310 145 30 completed.
659 1307 117 24 Distance
795 1306 55 23 nine
872 1305 76 28 miles,

64 1348 53 24 four
127 1348 24 24 of
163 1347 75 24 which
257 1354 43 15 can
319 1346 31 23 be
370 1345 85 23 driven
477 1352 59 15 over
557 1343 17 23 if
592 1341 104 25 desired.
739 1340 53 24 Hot
812 1339 69 24 baths
901 1338 46 24 and

64 1381 53 24 falls
135 1380 79 25 within
233 1388 26 15 io
272 1380 103 23 minutes
388 1378 76 23 drive.

130 1466 71 25 Good
216 1470 64 19 trout
292 1463 87 34 fishing
392 1462 47 26 and
458 1461 112 32 shooting
583 1460 22 24 in
619 1460 40 24 the
671 1457 207 34 neighbourhood.

65 1540 74 21 Guides
148 1539 38 21 and
194 1538 73 21 Saddle
275 1537 76 20 Horses
358 1535 99 27 supplied.
472 1535 49 19 Post
529 1533 40 20 and
577 1531 115 27 Telegraph
699 1531 59 20 Office
765 1537 27 13 on
797 1529 35 21 the
842 1528 102 29 premises.

496 1568 10 12 o

154 1587 39 26 i?ov
202 1591 80 21 further
291 1585 130 26 information
436 1587 60 28 apply
510 1587 74 19 Messrs
595 1584 55 22 Cook
660 1583 41 22 and
711 1583 46 25 Son,
768 1582 84 28 Agents.

273 1656 53 47 C.
363 1653 369 50 GROWTHER,

359 1709 286 34 PROPRIETOR.

141 1809 143 58 Pure
337 1804 256 61 iterated
630 1802 240 65 Waters.

209 1938 43 19 Ono
266 1938 22 18 of
302 1936 35 20 the
346 1936 115 20 necessities
477 1935 21 19 of
506 1935 35 19 the
551 1935 79 24 coming
640 1933 76 19 Season
726 1930 41 21 will
777 1929 25 20 bo

64 1992 30 24 A
118 1987 127 29 COOL
269 1987 106 26 AND
400 1982 350 31 REFRESHING
780 1977 170 29 DRINK

90 2030 138 21 ITntiuctured
239 2030 25 25 hy
275 2034 38 21 any
329 2027 127 22 Deleterious
468 2025 99 22 Chemical
578 2025 126 25 Compound.
744 2023 19 19 A
773 2022 60 20 drink
844 2023 21 18 at
873 2027 49 13 once

221 2062 244 32 Exhilarating
485 2061 68 27 and
571 2058 217 32 Refreshing,

66 2108 40 20 and
117 2107 64 20 which
190 2105 41 21 will
241 2112 60 19 prove
311 2111 11 13 a
333 2104 116 27 preventive
459 2103 21 21 of
494 2102 113 26 Dyspepsia
626 2101 41 19 and
684 2100 27 20 all
729 2098 92 21 Internal
838 2096 112 21 Disorders.

92 2159 86 20 Aerated
188 2158 82 20 Waters
280 2157 38 20 and
329 2157 96 23 Cordials,
437 2156 122 26 comprising
569 2155 33 20 the
612 2154 73 20 Purest
702 2152 121 23 Lemonade,
844 2150 34 21 the
898 2150 54 19 Most

67 2186 101 21 Delicious
178 2185 76 24 Ginger
266 2185 42 23 Ale,
320 2182 164 27 Higly-charged
494 2182 52 19 Soda
558 2182 77 22 Water,

349 2217 258 40 '/IWKMfI

66 2280 11 12 a
87 2280 43 11 new
146 2270 159 27 Invigorvating,
317 2269 147 21 non-alcoholic
479 2268 107 25 Beverage;
601 2267 56 19 Lime
664 2265 58 19 Juice
732 2264 87 22 Cordial,
830 2262 121 26 Raspborry,

65 2298 135 27 Peppermint,
212 2297 75 23 Cloves,
299 2293 51 23 Piuo
360 2295 72 26 Apple,
445 2295 39 19 and
495 2294 74 20 Lemon
583 2294 77 24 Syrups
677 2291 40 20 and
731 2289 134 27 Sarsaparilla
882 2295 33 13 are
926 2289 26 18 all

326 2320 154 22 manufactured
496 2328 25 12 on
536 2321 33 18 the
584 2320 103 25 promises.

257 2375 115 19 Lemonade
383 2374 40 20 and
433 2373 77 26 Ginger
519 2373 43 24 Ale,
574 2373 70 24 quarts
654 2371 40 20 and
700 2370 62 27 pints.

139 2453 63 73 c.
256 2451 61 74 a.
373 2449 46 66 n

90 2556 175 78 SSSS
297 2571 145 63 SEBS

184 2653 137 25 Overlooking
330 2653 35 19 the
379 2653 35 24 Pa,
426 2652 82 26 Boiling
518 2651 84 27 Springs
617 2650 40 20 and
671 2650 91 20 Rotorua
772 2648 63 20 Lake.

147 2745 142 29 TERMS
305 2745 107 28 :3os
424 2752 61 26 per
498 2744 105 32 week,
619 2750 39 20 or
678 2743 36 27 5s
727 2748 63 27 per
804 2740 74 33 day.

71 2801 132 35 Special
225 2800 270 33 Arrangements
519 2798 53 27 for
594 2806 20 19 a
635 2796 209 34 lengthened
871 2796 62 27 resi-

329 2835 105 26 dence
454 2833 68 26 and
541 2831 152 27 iamilies.

332 2900 169 23 CUISINE.A
519 2898 171 23 SPECIALITY.

122 2952 121 20 References
259 2951 127 25 throughout
404 2950 51 19 New
469 2949 89 19 Zealand
569 2949 38 19 and
624 2948 35 19 the
673 2947 118 20 Australian
809 2945 91 21 Colonies

383 2977 52 19 from
445 2976 93 25 previous
551 2974 86 22 Visitors

70 3025 32 20 No
112 3027 53 19 touts
180 3025 104 27 employed
295 3028 20 17 at
330 3024 107 21 Auckland
452 3030 22 12 or
496 3023 90 19 Rotorua
600 3022 92 26 Railway
707 3021 88 21 Stations
809 3027 23 13 or
845 3020 100 21 Steamers

303 3073 33 19 No
350 3075 34 17 ten
400 3078 37 19 per
451 3074 43 17 cent
508 3071 94 26 Coupons
616 3069 100 27 accepted.

101 3133 213 26 NOTE.Ask
329 3132 35 25 for
376 3131 172 30 Seddon'S,
563 3130 46 24 and
623 3138 42 15 see
675 3138 46 23 you
734 3138 40 14 are
788 3127 42 26 left
842 3128 75 24 there.

301 3278 411 62 Proprietress.

91 3394 267 66 WHERE
406 3395 85 65 TO
552 3391 376 68 PURCHASE

451 3489 116 27 FROM

416 3539 131 66 MM:
637 3539 183 66 iUiM

66 3657 162 43 Lamps
515 3657 157 35 Cruets

299 3704 207 41 Brushes;
777 3701 168 35 Knives

67 3749 177 37 Trunks
505 3746 2 57 j
517 3750 167 44 Spoons

357 3796 139 35 Lochs
805 3793 140 36 Forhs

67 3844 161 35 Razors
517 3843 140 44 Trays

310 3888 185 45 Teapots
771 3886 174 36 Churns

168 3940 74 32 LAWN
265 3940 123 35 MOWERS,
412 3940 76 34 HOES,
505 3940 90 35 RAKES,
618 3939 112 35 SPADES,
753 3939 91 35 FORKS,

113 3985 59 34 At
232 3982 183 43 Greatly
475 3982 32 33 E
515 3982 163 35 educed
741 3981 157 35 Prices.

120 4125 87 27 (Feurtii
217 4125 51 26 shop
277 4125 52 19 from
337 4121 191 28 Wellesley-Street.
591 4128 50 21 304
658 4125 15 19 &
689 4123 48 27 306
747 4123 90 27 QUEEN
848 4123 41 23 ST.

968 306 57 26 HIGH
1044 306 34 26 ST.
1099 306 37 26 and
1156 306 109 26 VICTORIA
1287 307 35 27 ST.
1345 306 64 30 EAST,

993 414 44 20 The
1053 414 64 20 above
1135 415 109 20 Favourite
1256 415 38 19 and
1307 414 90 21 Commod-

968 440 45 19 ious
1045 440 63 19 Hotoi
1140 442 74 19 ailorls
1246 441 166 20 EXCELLENT

968 466 242 21 ACCOMMODATION
1223 468 31 19 for
1270 466 141 25 TOURISTS,

968 492 183 21 TRAVELLERS
1180 494 15 19 &
1223 492 128 22 VISITORS
1368 495 45 16 who

968 518 41 20 will
1020 518 76 20 receive
1106 525 60 21 every
1182 520 90 19 Comfort
1287 520 40 19 and
1341 519 59 19 Atten-

968 544 48 19 tion.

994 643 106 20 Excellent
1122 645 88 19 Cuisine.
1252 644 96 26 Spacious
1373 643 40 19 and

971 677 181 20 Well-Ventilated
1169 679 117 18 Bedrooms.

968 711 65 19 Room
1044 713 48 19 with
1103 716 38 16 two
1153 712 103 20 first-class
1270 713 71 19 tables.
1369 711 45 19 Hot

969 811 15 17 &
995 810 51 19 (.'old
1060 811 80 24 Plunge
1151 811 13 19 &
1177 810 81 21 Shower
1268 810 71 19 Baths.

968 836 76 25 Wines,
1074 837 73 25 Spirits
1162 837 39 18 and
1218 837 48 18 Ales
1284 837 22 19 of
1324 837 35 19 tho
1368 836 45 20 Lest

1118 862 80 20 Brands
1206 863 52 25 only.

1809 267 13 16 e

1761 298 33 14 O^.

1684 316 37 18 3fS

2134 358 29 14 XK,

2016 478 46 41 fIR

2128 500 52 21 S3B*

2153 516 25 16 s>

2136 527 39 34 W,

2178 543 48 45 m

1610 627 67 19 ?*--r-
1707 630 40 15 32s*

1476 630 125 31 '^esmiM

1632 668 56 16 fi&jfc'i'j
1696 667 57 15 -ibwiTi

2194 657 34 30 m

1788 707 14 11 '"
1802 707 7 8 u

1580 805 32 24 &

2438 426 56 19 loom,
2517 425 35 19 for
2563 420 188 23 COMMERCIAL

2300 461 183 22 TRAVELLERS
2498 462 105 21 available
2622 463 22 17 at
2654 460 29 20 all
2693 460 40 20 tim
2740 465 11 13 e

2327 563 90 26 Charges
2465 565 112 23 Moderate.
2637 563 116 21 SPECIAL

2302 601 90 21 RATES
2408 603 33 19 TO
2465 604 178 20 PERMANENT
2668 602 68 21 BOAR-

2302 638 81 20 DERS.

2427 741 38 37 C.
2503 740 223 45 CAULTON,

2429 861 207 47 Proprietor.

1101 956 635 61 WAIWERA
1846 955 753 72 SANATORIUM

1806 1021 122 35 AND
2606 1015 14 25 y

1446 1068 168 75 HOT
1639 1066 352 77 SPRINGS
2072 1070 278 79 HOTEL

968 1170 88 33 Only
1084 1171 42 25 30
1158 1171 100 27 miles
1292 1170 112 28 North
1435 1170 36 27 of
1496 1170 193 31 Auckland,
1721 1169 87 27 with
1835 1169 97 34 daily
1963 1172 295 30 communication
2288 1178 87 27 with
2403 1179 112 28 Coach
2545 1188 39 20 or
2605 1181 133 27 steame

1296 1212 54 21 See
1365 1212 166 21 advertised
1541 1212 85 21 Time
1642 1211 77 21 table
1731 1210 31 21 of
1770 1217 45 14 s.s.
1830 1210 78 22 Rose
1919 1212 98 28 Casey
2028 1214 58 19 and
2103 1213 128 24 Butler's
2243 1218 31 20 R.
2288 1219 38 21 M.
2344 1220 97 22 Coach

969 1247 102 24 WHE
1097 1247 117 25 ABOVE
1228 1247 299 26 ESTABLISHMENT
1536 1247 139 25 STANDS
1691 1247 231 24 UNRIVALLED
1935 1257 26 15 as
1980 1257 13 15 a
2006 1248 90 25 Health
2105 1258 27 16 or
2145 1251 110 31 pleasure
2269 1254 98 29 Resort,
2380 1256 47 23 and
2441 1257 41 23 has
2495 1257 89 30 special
2606 1257 151 32 advantages

981 1277 22 30 'ft
1054 1280 37 24 for
1104 1282 77 23 either
1205 1282 112 23 Tourists
1333 1289 26 17 or
1374 1282 115 24 Invalids,

1331 1381 174 28 Beautiful
1524 1380 158 34 Scenery,
1703 1381 240 34 Sea-Bathing,
1962 1382 158 34 Boating,
2140 1384 144 36 Fishing
2307 1387 46 27 &c

1520 1415 125 27 Cusine
1659 1414 69 28 and
1741 1414 208 29 attendance
1968 1416 37 27 of
2025 1416 59 28 the
2106 1418 84 31 best.
2286 1411 5 13 '

968 1454 93 26 Famed
1071 1454 37 26 for
1122 1456 30 24 its
1166 1456 109 25 curative
1287 1456 95 25 natural
1396 1456 105 26 medical
1515 1456 53 25 Hot
1580 1457 102 33 Springs
1695 1458 49 24 and
1758 1458 80 24 Baths,
1876 1458 35 22 As
1924 1458 40 24 the
1980 1458 101 33 Springs
2093 1460 47 24 and
2154 1460 75 25 Baths
2241 1470 41 16 are
2293 1461 40 25 the
2347 1468 112 27 property
2472 1463 25 25 of
2509 1464 40 25 the
2563 1465 85 29 Hotel,
2662 1465 85 24 visitor
2749 1463 10 16 s

999 1497 41 16 are
1051 1489 111 33 supplied
1171 1490 57 25 with
1238 1490 105 29 Towels,
1357 1491 49 24 and
1419 1499 44 16 can
1472 1491 56 24 take
1537 1499 31 16 an
1580 1491 128 25 unlimited
1721 1491 102 25 number
1835 1491 26 24 of
1874 1491 73 24 Baths
1960 1496 25 20 at
1997 1500 46 24 any
2056 1493 58 25 time
2127 1494 25 24 of
2162 1494 40 25 the
2215 1495 47 32 day
2277 1495 77 28 FREE
2367 1496 62 25 from
2443 1505 44 25 any
2496 1498 86 32 charge
2595 1498 131 26 whatever,

1153 1532 224 41 TARIFF
1395 1533 120 40 PER
1529 1533 141 48 DAY,
1691 1533 54 41 7s
1763 1534 66 47 8s;
1877 1533 121 41 PER
2012 1534 192 51 WEEK,
2226 1537 64 41 1
2339 1538 77 42 15s
2434 1540 48 40 to
2509 1540 69 42 2
2597 1541 67 41 2s.

1375 1588 158 35 Cottages
1546 1588 35 28 to
1595 1588 47 29 let
1655 1589 47 34 by
1715 1588 59 30 the
1792 1588 105 33 week,
1910 1589 131 35 month,
2056 1597 39 22 or
2114 1590 57 30 the
2190 1599 133 23 season.

967 1637 47 27 For
1032 1646 46 26 any
1091 1638 155 27 information
1259 1639 113 34 required
1386 1639 81 33 please
1479 1638 71 35 apply
1563 1645 25 20 to
1602 1639 146 34 Proprietor.
1816 1654 33 5 -

1522 1682 59 45 A.
1610 1682 53 40 A.
1691 1682 204 49 SMITH,
2016 1684 279 48 Proprietor.

992 1861 71 21 Under
1079 1861 34 20 the
1131 1860 151 28 distinguished
1298 1861 116 27 Patronage
1432 1863 21 19 of
1467 1862 32 20 his
1508 1861 122 27 Excellency
1641 1863 34 19 the
1686 1862 107 21 Governor
1805 1861 36 20 the
1890 1860 8 26 )
1901 1858 16 30 f

1320 1889 52 19 Earl
1387 1889 21 19 of
1418 1889 87 19 Onslow.
1895 1882 19 26 /'

1030 1950 139 65 HOT
1202 1949 301 67 SPRINGS
1552 1949 247 74 HOTEL,
1889 1907 35 134 [

1206 2046 92 28 TO
1354 2046 276 29 KROHT*.
1890 2024 12 58 |i
1911 2027 46 45 N

1039 2105 52 24 The
1105 2105 57 24 best
1187 2105 130 29 Situated,
1340 2105 46 24 the
1399 2107 68 22 most
1481 2105 185 30 Comfortable,
1681 2105 45 24 the
1740 2104 57 25 best
1889 2103 43 33 (\'

1204 2138 141 32 appointed
1359 2138 80 25 Hotel
1448 2138 28 24 in
1489 2139 33 23 Te
1540 2140 97 23 Aroba.
1922 2145 20 21 \

1006 2176 109 32 Adjoins
1141 2176 73 32 (with
1239 2176 104 25 Private
1369 2176 141 32 Entrance)
1536 2177 46 25 the
1613 2176 124 25 Thermal
1759 2175 106 33 Springs

973 2210 120 31 Domain,
1105 2210 95 24 Tennis
1214 2209 82 25 Court
1306 2210 28 24 in
1347 2210 119 24 Domain.

2622 1939 96 44 AS/f;

975 2288 47 38 W.
1051 2286 40 40 fl.
1121 2286 160 48 KJIOCK,,

1639 2286 224 43 Proprietor.

999 2373 41 19 The
1058 2372 61 20 batlis
1138 2372 39 20 and
1197 2371 97 23 drinking
1314 2373 64 17 water
1397 2377 34 13 are
1447 2370 109 26 especially
1575 2371 115 21 cillcacious
1710 2371 20 19 in
1754 2371 57 19 Gout
1827 2371 36 19 and

973 2398 122 22 Rheumatic
1106 2398 115 22 affections,
1232 2397 89 21 Chronic
1331 2395 120 28 Dyspepsia,
1463 2397 108 20 Disorders
1590 2399 21 19 of
1621 2399 35 19 the
1667 2398 90 25 TJrincry
1779 2398 86 25 Organs.

973 2427 115 19 Cutaneous
1100 2425 98 25 Diseases,
1214 2425 80 25 Splenic
1305 2424 40 20 and
1362 2424 86 26 Ilepalic
1463 2424 115 24 Disordors,
1596 2425 93 20 Diseases
1704 2425 38 19 duo
1751 2427 20 16 to
1780 2424 86 20 Exeesat

976 2453 87 25 Acidity,
1073 2452 118 25 Neuralgia,
1202 2451 96 20 Sciatica.

1051 2601 51 19 New
1113 2599 87 21 Billiard
1210 2599 65 19 Room
1286 2598 48 20 with
1350 2604 37 13 one
1401 2597 20 20 of
1431 2597 104 20 Bennett's
1545 2598 28 20 N(

976 2758 456 61 GEYSER
1453 2757 402 62 HOUSE,

1020 2834 328 47 Hydropathic
1380 2832 152 41 Hotel,
1551 2832 257 40 Wairakei.

1169 2881 35 19 Six
1214 2880 58 19 miles
1282 2881 53 18 from
1345 2879 56 19 Lake
1411 2879 70 25 Taupo
1492 2878 100 26 (Rotorua
1602 2879 59 25 side).

1098 2912 218 33 SUPERIOR
1348 2911 385 31 ACCOMMODATION

1165 2952 55 19 ALL
1229 2951 58 20 THE
1296 2949 145 22 COMFORTS
1452 2949 34 21 OP
1497 2950 15 19 A
1523 2949 82 20 HOME
1615 2950 54 20 FOR

1204 3010 155 28 Tourists
1379 3009 68 27 and
1476 3008 165 29 Invalids.

972 3097 70 28 Hot
1063 3096 204 32 Swimming
1280 3095 120 31 Baths,
1415 3093 196 28 Kiri-o-Eai
1625 3100 39 20 or
1678 3093 83 26 New
1776 3091 82 28 Skin

1025 3130 101 32 Bath,
1145 3130 72 27 Hot
1235 3129 139 27 Douche
1397 3127 117 33 BathSj
1529 3127 119 27 Grand
1662 3125 151 31 Climate.

1073 3167 313 32 Elevationl,3so
1396 3166 68 28 feet
1477 3166 109 27 above
1599 3173 59 21 sea
1670 3165 97 27 level.

1403 3212 24 13 :o:

971 3246 256 30 COMPETENT
1244 3245 161 27 GUIDES
1416 3253 155 24 accompany
1583 3244 107 25 tourists
1700 3245 26 22 to
1736 3243 44 24 the
1792 3243 52 24 vari-

1069 3290 46 15 ous
1128 3282 84 30 places
1225 3281 26 23 of
1263 3280 117 30 interest,
1394 3279 86 25 which
1489 3278 74 25 bailie
1577 3278 44 25 the
1634 3278 66 24 most
1711 3277 77 24 facile
1797 3285 59 24 pen,

1068 3315 51 24 and
1131 3323 47 16 can
1190 3314 60 32 only
1263 3314 31 23 be
1307 3312 110 25 realized
1428 3312 77 25 when
1522 3319 68 17 seen.

2020 2653 81 30 'D.C.L'.
2106 2660 74 23 BRAND

2371 2506 72 40 QLb.
2463 2521 70 27 and
2557 2514 159 33 MELLOW

2178 2723 19 55 j
2232 2724 205 47 Proprietors:-

2122 2778 117 56 m*
2262 2775 278 68 DISTILLERS
2579 2781 25 61 G
2607 2791 17 28 9
2654 2780 51 68 W

1878 2917 271 33 WHOLESALE
2168 2918 182 41 AGENTS,

2169 2960 51 41 L.
2249 2961 53 41 D.
2331 2961 261 43 NATHAN
2617 2966 114 41 &Co.

1907 3054 46 36 :s
1992 3053 158 49 mp,

971 3414 193 25 GEYSER
1178 3413 193 25 VALLEY
1383 3413 92 21 contains
1483 3412 35 20 the
1526 3412 109 25 following
1642 3408 122 27 unequalled
1774 3408 82 20 Natura

1049 3441 92 20 wonders
1150 3441 156 23 :Tuhuatahi,
1327 3448 22 12 or
1369 3441 66 19 Great
1454 3440 132 23 Champagne
1606 3437 104 21 Cauldron
1720 3436 4 28 ;
1739 3436 34 19 the
1791 3436 65 19 Groat

1047 3467 104 20 Wairakei
1160 3467 92 25 Geyser;
1261 3467 35 19 the
1307 3467 88 25 Donkey
1405 3467 79 23 Engine
1493 3461 3 31 ;
1509 3465 34 19 the
1555 3463 84 22 Fairies'
1648 3462 52 21 Bath
1710 3471 5 16 ;
1726 3462 35 19 the
1771 3461 72 25 Lightn-

1049 3494 37 25 ing
1098 3488 60 31 Pool;
1170 3493 36 19 the
1215 3493 50 19 Case
1280 3493 25 19 de
1315 3493 85 26 Geyser,
1415 3499 22 13 or
1448 3491 102 25 Dragon's
1562 3491 69 19 mouth
1643 3488 3 31 ;
1657 3490 36 19 the
1701 3488 59 20 black
1771 3488 85 25 Geyser;

1048 3521 34 19 the
1091 3521 49 19 Mud
1153 3521 91 23 Geyser;
1262 3520 35 19 the
1308 3518 51 22 Blue
1371 3519 54 20 Lake
1435 3514 4 31 j
1449 3519 34 19 the
1503 3517 34 21 Oil
1547 3516 54 21 Bath
1610 3514 4 31 ;
1634 3516 34 19 the
1691 3514 78 26 Eagle's
1790 3514 66 25 Nestj

1049 3547 35 19 the
1095 3546 77 20 Devil's
1183 3546 70 20 J'unch
1265 3546 55 19 Bowl
1331 3540 3 30 ;
1345 3546 35 19 the
1392 3546 71 19 Prince
1477 3544 22 19 of
1509 3544 77 19 "Wales'
1597 3543 99 20 Feathers
1704 3540 4 30 ;
1717 3544 33 17 the
1766 3540 89 30 Mirror;

1049 3573 33 20 the
1091 3573 55 20 Twin
1156 3573 78 25 Geyser
1244 3567 4 31 ;
1260 3573 35 19 the
1305 3573 59 19 Coral
1376 3573 78 24 Geyser
1465 3567 3 31 ;
1481 3570 33 19 the
1525 3570 67 19 Green
1609 3570 47 19 Pool
1667 3567 3 31 ;
1689 3567 133 26 Terekerebe,
1834 3576 21 12 or

1047 3599 49 21 Hell
1108 3601 77 22 Geyser
1194 3594 4 30 ;
1209 3599 35 19 the
1254 3599 69 20 S.eam
1335 3599 102 20 Hammer.
1466 3596 85 21 Guide's
1562 3598 32 18 fee
1605 3598 21 18 to
1638 3596 79 26 Geyser
1736 3594 79 25 Valley,
1826 3597 29 23 ss;

1048 3627 92 18 distance
1150 3626 52 19 from
1213 3626 33 19 the
1258 3626 61 23 hotel,
1329 3633 38 11 ouo
1378 3625 45 19 mile

1455 3683 21 12 or
1489 3676 79 19 Ladder
1579 3675 83 27 Rapids.
1691 3675 42 20 The
1750 3676 105 20 Grandest

1047 3707 78 23 Rapids
1137 3706 20 18 iu
1167 3706 35 17 the
1213 3703 102 20 Southern
1327 3702 136 26 Hemisphere
1472 3702 4 28 ;
1486 3702 74 25 falling
1571 3703 20 19 in
1611 3702 30 20 six
1659 3702 86 19 distinct
1762 3703 91 20 cascades

1047 3734 94 24 amongst
1158 3730 60 21 weird
1230 3730 40 19 and
1281 3730 75 24 rugged
1372 3736 89 18 scenery.
1489 3728 98 21 Distance
1598 3729 51 20 from
1661 3728 35 19 the
1715 3728 63 25 hotel,
1798 3729 55 20 three

1047 3759 64 19 miJta.
1140 3756 75 21 Saddle
1224 3757 70 19 horbes
1309 3758 22 17 to
1341 3756 47 19 visit
1399 3756 33 19 the
1440 3756 82 25 Rapids,
1534 3754 22 21 7s
1568 3756 24 19 (id
1602 3756 55 20 eacb.

1310 3793 5 3 .
1399 3786 21 12 :o:

1007 3807 25 24 E
1040 3806 91 24 RAP
1139 3805 39 24 IT
1185 3803 3 28 I
1218 3811 22 13 or
1251 3804 34 20 the
1296 3804 76 20 Devil's
1383 3804 97 25 Trumpet
1489 3803 17 19 is
1523 3803 43 20 said
1586 3806 20 18 to
1628 3804 51 20 emit
1698 3811 11 12 a
1731 3810 91 18 pressure
1831 3804 22 20 of

1046 3832 71 20 ISOIbH
1127 3831 21 20 of
1163 3834 64 16 steam
1238 3833 20 17 to
1270 3830 34 20 the
1311 3830 53 23 inch,
1379 3831 52 18 from
1442 3836 25 13 an
1482 3832 97 23 aperture
1588 3831 22 19 of
1630 3831 63 19 about
1712 3831 25 18 12
1754 3830 68 20 inches
1831 3831 20 19 in

1046 3859 103 19 diameter.
1177 3858 98 19 Distance
1288 3857 52 19 from
1352 3857 54 19 hotel
1414 3857 56 19 three
1482 3859 37 17 and
1533 3864 11 12 a
1555 3856 42 20 half
1608 3857 55 19 miles
1671 3856 4 25 ;
1696 3857 70 20 saddle
1783 3857 68 20 horses

1046 3887 20 17 to
1079 3885 46 19 visit
1135 3884 34 20 the
1180 3884 67 23 above,
1260 3884 55 19 2s(id
1326 3883 55 20 each.

1378 3916 52 13 ALSO

970 3939 94 25 THE
1085 3937 131 26 HUKA
1235 3937 170 30 FALLS,
1423 3935 35 21 the
1588 3936 58 21 Falls
1655 3938 21 19 in
1697 3936 33 20 the
1751 3935 98 22 Southern

1045 3969 139 25 Hemisphere.
1213 3968 41 20 The
1267 3967 53 20 Falls
1331 3974 45 19 may
1391 3968 23 18 be
1425 3967 70 19 visited
1503 3974 26 12 on
1539 3967 35 19 the
1583 3975 54 12 same
1644 3967 115 26 expedition
1773 3975 21 12 as
1816 3968 34 20 the

1045 3996 77 19 Devil's
1129 3996 103 24 Trumpet.
1261 3994 98 20 Distance
1369 3994 51 18 from
1432 3993 52 19 hotel
1495 3993 59 20 three
1562 3994 38 19 and
1613 4001 11 13 a
1635 3994 43 20 half
1688 3994 62 19 miles.
1776 3995 74 19 Saddle

1046 4022 59 20 horse
1122 4029 21 12 or
1153 4022 68 25 buggy
1236 4020 48 21 2>-9d
1296 4020 54 20 each.

1099 4062 86 27 MRS
1200 4061 37 27 Re
1256 4059 194 33 GRAHAM,
1470 4059 242 33 Proprietress.

1878 3198 878 74 COACHINGLINE

2062 3339 531 49 BETWEEN

1989 3452 267 53 Rotorua
2293 3455 116 51 and
2442 3455 209 65 Taupo.

2144 3702 346 28 TKURHNGK

1874 3737 80 40 Smith
1984 3737 48 40 and
2050 3735 114 51 Carriage
2186 3737 105 45 Works,
2321 3736 79 41 Coach
2426 3736 48 39 and
2503 3735 54 40 Wai

2077 3799 214 21 ESTABLISHED
2307 3798 80 21 OVER
2403 3798 26 21 10
2443 3797 105 21 YEARS.

2573 3740 40 46 Son
2649 3735 104 52 Factory

1957 3846 95 20 idersigned
2061 3852 28 10 arc
2098 3846 138 17 manufacturers
2244 3847 18 15 of
2270 3852 22 11 ail
2302 3852 61 11 masses
2370 3852 18 10 oi
2400 3852 75 11 veaicieu
2483 3852 14 8 >\:
2505 3852 100 13 Agnciiiim
2611 3852 16 10 i
2635 3852 13 9 j:

1924 3866 2 22 .
1939 3880 10 4 ..
1953 3867 95 18 jit-known
2055 3867 99 21 reputation
2163 3873 19 11 as
2188 3867 86 18 Practical
2289 3867 100 18 Meohanioa
2404 3867 33 15 and
2452 3866 57 17 W.P's
2521 3867 19 16 'll
2556 3872 50 15 years
2618 3872 58 11 exr

1870 3888 29 18 the
1903 3889 119 17 Australasian
2030 3889 85 19 Colonies,
2124 3889 64 21 justify
2196 3895 20 9 u*
2225 3890 17 15 in
2259 3889 83 21 claiming
2353 3890 39 16 that
2406 3892 24 12 we
2447 3892 31 11 can
2493 3887 68 17 furnish
2577 3893 10 11 a
2603 3888 56 16 better
2673 3888 44 16 class
2736 3889 18 16 of

1870 3911 74 16 vehicles
1953 3911 94 15 consistent
2056 3910 41 17 with
2105 3911 63 16 honest
2176 3911 47 16 work
2232 3911 19 16 at
2258 3916 11 11 a
2277 3911 73 20 cheaper
2363 3912 34 14 rate
2406 3909 40 16 than
2456 3913 34 15 any
2498 3909 19 16 of
2525 3914 31 11 our
2564 3909 117 21 competitors.

1890 3932 37 15 The
1935 3931 60 17 Public
2004 3931 34 17 will
2050 3932 35 15 lind
2095 3932 13 16 it
2120 3933 16 14 lo
2151 3932 45 15 their
2211 3932 98 21 advantage
2325 3932 18 15 to
2359 3926 146 22 ENCOTJRA&E
2524 3930 79 16 LOCAL
2623 3930 129 21 INDUSTkY,

1869 3953 55 16 whore
1933 3953 40 21 they
1991 3958 31 10 can
2030 3953 44 15 have
2080 3953 29 16 the
2116 3954 78 20 pleasure
2201 3954 18 14 cf
2227 3954 59 20 seeing
2301 3953 89 15 first-elass
2406 3951 77 16 material
2496 3951 34 16 and
2545 3951 129 21 workmanship
2689 3954 32 19 put
2736 3953 16 15 in

1938 3975 49 14 made
1995 3975 18 14 to
2022 3974 43 15 their
2071 3974 62 16 valued
2141 3975 63 16 orders.

1889 3995 46 18 N,B.
1937 3995 100 16 Vehicles
2045 3995 18 16 of
2069 3995 23 16 ull
2100 3996 113 20 descriptions
2223 3996 84 21 repaired,
2318 3994 76 22 painted,
2404 3994 93 16 renovated
2507 3994 32 16 and
2549 4000 6 10 r

1868 4018 18 15 to
1893 4022 45 11 now.
2758 4018 1 23 j

1867 4064 202 28 WILLIAM
2295 4063 254 31 Coachbuilder.

2220 4102 139 26 JAMES
2378 4101 131 32 HAUA,
2530 4101 220 29 Blacksmith

2138 4135 148 19 DEVONJL'ORT
2296 4134 72 18 ROAD,
2383 4134 128 20 TAUIUGA,
2757 4130 2 24 I

2801 1046 5 9 '
2814 1045 52 19 That
2885 1044 88 19 remains
2987 1045 20 17 to
3017 1043 25 18 lie
3062 1042 92 22 seen,'as
3171 1041 35 21 tho

2773 1071 40 24 boy
2823 1071 44 19 said
2876 1071 59 19 when
2946 1070 25 18 lie
2981 1069 48 26 spilt
3037 1069 35 19 tho
3086 1068 36 20 ink
3136 1075 27 13 on
3171 1068 35 21 the

2773 1096 125 21 table-cloth.

2801 1131 69 19 When
2880 1137 12 13 a
2902 1137 47 13 man
2959 1130 17 19 is
2985 1132 74 22 crusty,
3070 1129 17 18 is
3096 1129 16 19 it
3122 1130 55 24 right
3187 1131 19 18 to

2774 1158 90 19 describe
2874 1156 31 21 his
2916 1159 78 23 temper
3002 1163 22 12 as
3034 1157 40 18 tart
3082 1155 8 19 ?

2802 1200 91 25 Visiting
2903 1199 63 20 Cards
2976 1198 61 26 equal
3046 1200 20 18 to
3081 1198 125 26 copperplate

2776 1226 52 19 done
2835 1227 21 19 at
2867 1226 34 19 the
2911 1226 55 19 office
2976 1226 22 18 of
3009 1225 40 18 this
3061 1230 68 20 paper.

2825 1291 157 51 Steele
3023 1291 137 50 Bros.

2780 1377 193 41 MARAEROA
3032 1377 176 43 SAWMILL.

2783 1437 130 48 DESIRE
2923 1438 21 19 to
2954 1436 63 21 thank
3037 1436 35 20 the
3091 1436 67 27 public
3177 1437 33 20 for

2858 1466 46 24 past
2912 1463 68 20 favors
2989 1463 38 20 aud
3036 1464 36 24 bog
3080 1465 19 18 to
3106 1469 105 15 announce

2779 1491 44 20 that
2840 1490 74 26 having
2935 1497 10 13 a
2968 1490 56 26 large
3043 1490 57 19 strck
3119 1490 22 20 of
3159 1490 42 20 well-

2778 1517 96 20 seasoned
2895 1516 106 21 first-class
3020 1515 73 21 timber
3112 1522 25 15 on
3156 1516 54 21 band

2779 1544 48 27 they
2837 1551 33 13 ore
2881 1544 97 26 prepared
2999 1549 19 14 to
3036 1542 53 21 fulfil
3106 1544 69 20 orders
3187 1546 21 18 at

2780 1570 85 22 reduced
2876 1574 61 18 rates,

2780 1632 47 48 T.
2858 1632 56 47 M
2957 1632 48 46 H

3009 1630 133 27 ARRISON,
3154 1631 57 26 8.A.,

2794 1691 162 21 BARRISTER
2971 1691 61 20 AND
3043 1690 156 26 SOLICITOR,

2793 1725 44 23 118,
2848 1724 111 20 Victoria.
2970 1725 92 22 AucadEj
3074 1724 125 20 Auckland.

2968 1759 59 20 Also

2781 1789 101 21 Barrister
2893 1791 40 18 and
2943 1789 93 21 Solicitor
3046 1789 23 19 of
3075 1792 33 17 the
3116 1790 95 25 Supremo

2858 1816 71 25 Court,
2940 1817 92 23 Ontario,
3044 1817 87 19 Canada.

2783 1887 274 46 PHOENIX
3080 1888 131 45 FIRE

2882 1943 222 44 OFFICE.

2778 2046 81 22 Losses
2884 2048 64 19 Paid.

3037 2048 175 24 ...20,000,000

2777 2098 170 23 FibePremium
2956 2099 101 21 Exceeds
3100 2101 72 24 1,5>Ml
3186 2101 26 19 00

2775 2152 164 21 Accumulated

2775 2179 89 20 Exceed
3099 2180 112 20 IOOOOOO

2775 2231 24 21 W.
2817 2231 59 22 WARD
2886 2231 66 22 BAKER
2997 2233 40 20 iW.
3055 2233 17 20 A.
3086 2232 101 24 WILLIAMS

2811 2257 72 21 District
2899 2257 66 25 Manger
3048 2257 50 22 Local
3111 2258 51 25 flgent

2862 2281 106 23 Aucklaand.
2999 2278 3 30 I
3094 2283 77 25 Rotorua,

2779 2340 166 42 ROTORUA
2964 2340 167 41 OTMILL
3156 2342 54 40 CO,

2927 2420 62 21 AND
2999 2420 58 20 RED
3066 2420 68 20 TINE
3144 2421 22 19 of
3178 2420 33 20 the

2792 2453 12 16 T
2815 2454 10 15 I
2881 2448 61 19 finest
2961 2448 78 25 quality
3058 2447 40 19 and
3114 2446 98 25 carefully

2777 2532 90 23 Matai,
2897 2532 128 26 Pukatea,
3058 2532 50 21 and
3133 2532 77 21 Tawa

2804 2558 134 26 Shingles,
2951 2559 118 25 Palings,
3085 2559 97 21 Blocks

2917 2586 51 21 and
2992 2586 82 21 Posts-

2801 2627 19 20 A
2834 2628 54 26 good
2898 2629 40 18 and
2949 2628 89 20 assorted
3053 2629 73 25 supply
3136 2628 75 26 always

2775 2660 26 13 on
2811 2655 56 19 hand
2877 2659 22 15 at
2910 2655 35 19 the
2955 2654 82 20 Timber
3046 2654 63 24 Yard,

2921 2686 139 21 EOTOEUA.

2775 2735 45 19 N.B
2829 2736 108 26 -Special
2947 2743 45 12 care
3002 2736 62 19 taken
3079 2737 22 18 in
3117 2736 34 19 the
3168 2742 42 13 sea-

2788 2810 100 21 ERICES
2903 2811 35 19 AT
2953 2810 133 20 CURRENT
3100 2810 96 19 RATES.

2826 2870 32 20 W.
2874 2869 154 25 HENSHAW,
3051 2869 112 20 Manager.

2825 2921 167 37 Rotorua
3007 2921 159 43 Library.

2777 2988 114 47 OPEN
2907 2989 53 19 from
2971 2990 25 18 10
3008 2996 45 12 a.m.
3062 2990 21 18 to
3093 2989 12 19 5
3112 2995 46 19 p.m.
3170 2987 39 21 and

2837 3016 11 18 6
2857 3017 26 18 30
2892 3017 20 18 to
2923 3016 24 19 10
2956 3022 15 19 p.
2978 3022 23 13 ui.
3014 3015 93 25 Sundays
3116 3015 31 19 till
3154 3016 55 24 9p.m

2776 3047 195 22 Subscription:
2980 3047 52 17 30s
3046 3051 48 18 per
3107 3050 99 14 annum

2800 3077 89 20 Visitors
2909 3085 43 17 may
2972 3085 86 19 procure
3073 3078 67 19 Books
3156 3077 52 20 from

2775 3104 34 19 the
2826 3104 86 26 Library
2931 3111 25 12 on
2973 3104 82 26 making
3073 3112 11 12 a
3098 3104 80 24 deposit
3187 3104 22 19 of

2775 3132 36 18 not
2827 3130 39 20 less
2886 3130 49 19 than
2953 3137 28 16 os,
2999 3131 41 19 and
3056 3130 121 26 purchasing
3186 3132 22 18 Is

2774 3163 80 18 coupon
2865 3157 32 20 for
2907 3163 61 19 every
2978 3158 57 19 Four
3045 3157 69 20 books.

2799 3182 43 21 The
2861 3184 88 26 Library
2968 3184 17 19 is
3008 3191 52 19 open
3083 3184 72 25 during
3175 3182 33 21 the

2774 3210 91 25 evening.

2796 3262 68 40 M*
2888 3262 52 37 W
2972 3262 41 38 J.
3039 3262 38 37 N
3081 3262 71 16 APIER

2824 3308 152 19 BARRISTER
2988 3309 16 18 &
3013 3309 141 19 SOLICITOR.

2774 3338 147 18 Commissioner
2930 3339 19 17 of
2958 3339 31 17 the
3006 3338 90 24 Supreme
3112 3340 59 17 Court,
3184 3338 21 18 of

2774 3385 88 17 Solicitor
2874 3386 19 17 to
2903 3386 31 17 the
2943 3386 24 16 X.
2977 3386 20 17 Z.
3008 3386 127 18 Government
3149 3384 59 19 under

2881 3409 97 17 Advances
2986 3411 20 15 to
3015 3409 76 18 Settlers

2773 3443 98 19 Victoria
2881 3445 89 23 Arcade,
2979 3445 114 21 Ql-kex-st.,
3103 3445 103 17 Auckland.

2796 3480 70 23 Money
2876 3482 19 15 to
2905 3480 7 17 I
2921 3480 35 17 end
2966 3485 24 13 on
2999 3481 83 18 freehold
3095 3480 80 24 security
3189 3483 18 14 at

2773 3503 37 17 low
2819 3504 49 16 rates
2874 3504 21 17 of
2898 3504 83 18 interest.
3007 3505 71 22 Money
3088 3505 83 17 invested
3178 3504 30 17 for

2773 3526 69 18 clients
2852 3527 39 17 free
2900 3527 20 17 of
2930 3527 74 22 charge.

2832 3603 73 21 Wh.cn
2919 3604 23 20 in
2955 3603 125 21 Auckland
3090 3605 58 20 Visit

2848 3636 33 27 E.
2902 3636 229 28 SPENCERS

2816 3674 142 25 CURIO
2982 3675 182 32 DEPOT,

2862 3704 33 21 (On
2909 3705 58 18 Queen
2977 3706 55 16 Street
3042 3706 76 21 Wharf.)

2815 3747 40 19 For
2865 3748 28 19 all
2902 3748 61 19 kinds
2973 3748 21 20 of
3010 3749 51 19 New
3074 3750 90 18 Zealand

2823 3852 29 26 J.
2869 3852 51 33 W,
2934 3854 217 32 WRIGLEY,

2775 3892 124 21 ARC
2935 3894 20 20 H
2990 3896 11 19 I
3034 3896 16 17 T
3085 3895 16 19 E
3135 3896 16 19 C
3184 3896 23 24 T,

2915 3925 145 20 ROTORUA.

2797 3955 68 25 Agent
2874 3957 33 19 for
2918 3957 34 20 the
2963 3958 62 19 South
3041 3958 77 19 British
3130 3958 46 20 Fire
3188 3960 18 18 &

2771 3981 83 21 Marine
2865 3983 113 20 Insurance
2989 3985 109 26 Company.
