3431 4399
367 417 3025 60 THE

367 477 1210 6 OXFORD
1779 477 1613 6 OBSERVER

367 483 378 5 AND
871 483 1261 5 CANTERBURY
2258 483 1134 5 DEMOCRAT.

1244 527 524 34 CIRCULATING
1838 529 516 39 THROTTGhIIOXJT
3270 545 18 30 \

1968 699 91 31 1889.
2621 717 6 5 •
2881 712 3 3 .
2967 708 19 8 ■..
3012 714 1 2 .
3096 702 43 13 >v

41 842 137 31 Volumn
201 840 137 33 VIII—
338 840 61 32 No.
441 835 101 34 NEW
559 810 186 59 SERIEsSt
749 860 3 6 :
763 825 12 17 r

1290 835 106 32 EAST
1416 819 185 72 oXF<|i|§
1607 820 257 67 /kftURDAT,
1905 842 170 33 AUGUST
2115 847 174 35 22,-1896.

2961 834 389 58 PRiCE^OlkE'PEibfY.

2930 1608 3 2 .
2953 1590 76 21 *-'■.;:'.
3043 1594 3 12 ;
3055 1596 4 13 :
3069 1600 21 6 •■■
3107 1591 7 20 '\
3151 1601 14 14 .;
3174 1588 45 23 •■;*'-;
3229 1601 2 2 ■
3239 1598 20 14 ;.v
3268 1590 14 21 1-.
3291 1596 20 15 it;
3320 1586 24 25 \'J*
3354 1595 2 1 '

2850 1719 316 47 WERTHEIH

3109 2216 43 21 AT

2916 2287 43 27 T3
2983 2288 29 24 A
3038 2288 46 26 TJ
3104 2286 226 28 TfltT'ft

2914 2304 44 24 JT
2970 2299 54 30 JX
3038 2299 54 29 Jcv
3104 2300 29 29 JL
3149 2305 38 25 O
3201 2304 54 24 JOm
3292 2299 38 28 iH
3365 2317 3 2 ■
3383 2318 1 2 '

2855 2370 185 34 EAST
3090 2371 292 33 OXFORD

2874 2537 3 1 .
2883 2524 13 14 .■'
3008 2537 2 2 .
3043 2534 3 3 -
3093 2528 11 4 '■
3109 2537 1 1 -
3233 2524 8 14 {'•
3259 2528 9 10 ■'.
3276 2526 67 12 ■:'.'*■

2902 3029 5 7 .
2993 2991 377 72 NOTIQE.'--;;';
3393 2994 6 23 ;
3396 3017 17 16 .-

2847 3099 98 45 Job
2963 3099 233 60 Printing
3208 3100 10 44 !

3020 3168 101 45 Job
3142 3169 241 56 Printing

2890 3231 173 32 OXFORD
3103 3250 5 19 ,
3119 3227 223 36 OBSERVEE
3391 3261 5 5 ,

2929 3284 162 39 Machine
3120 3284 180 50 Printing-

3027 3342 167 42 WORKS

2850 3400 2 3 ■
2883 3393 96 26 :mxm
3015 3393 143 29 street,
3194 3391 147 27 oxford.

3092 3469 216 40 XJRINTING

2923 3548 35 31 In
2972 3549 74 38 Any
3059 3546 127 40 Variety
3200 3555 36 20 or
3252 3544 95 38 Style'

2852 3597 307 46 MEMORIAL
3206 3592 181 44 CARDS

2880 3653 53 41 (m
2948 3663 69 20 new
3031 3650 61 31 and
3107 3649 105 31 chaste
3226 3645 137 42 designs)

3034 3695 45 42 5/-
3090 3707 57 30 per
3169 3696 67 30 doz.

2939 3764 174 30 Statement
3130 3760 115 35 Heads,

2940 3803 70 31 Ball
3024 3803 223 38 Programmes.

2943 3845 133 35 Posters,
3091 3838 178 40 Handbills,

2942 3886 169 36 Billheads,
3133 3884 141 39 Cheques

2948 3930 104 30 Letter
3066 3927 59 31 and
3135 3925 80 31 Note
3228 3925 107 31 Heads

2942 3970 171 35 Circulars,
3135 3967 120 34 Menus,

2947 4012 193 40 Catalogues,
3156 4012 55 28 &c.
3222 4009 77 39 ,&c,
3322 4006 58 35 &c.

2866 4072 89 39 Hew
2970 4070 120 50 Styles
3104 4069 39 39 m
3156 4066 247 53 Tisitiiig^aiii

2985 4134 167 40 Business
3166 4131 116 42 Cards.
3299 4169 5 3 .

2874 4196 35 28 R.
2931 4195 43 30 H.
2995 4194 120 34 Parish,
3173 4182 186 54 ProprfetQ^

2842 4233 20 59 t.
2958 4257 66 30 The
3042 4254 181 31 NEWEST
3248 4250 162 33 STYLES

2874 4319 23 20 n
2909 4307 135 32 TYPES
3060 4308 62 30 and
3133 4289 270 49 ORSTAMfiiTa

2380 989 365 50 IMPOETAOSITP

2301 1096 83 30 ALL
2415 1098 119 32 WOOL
2557 1100 169 33 EOSLYN
2746 1104 85 31 AND

2337 1172 294 37 WELLINGTON
2653 1178 150 33 TWEED

2448 1244 253 44 SUITS

2344 1310 66 40 35/-
2429 1312 85 32 Suits
2529 1313 145 33 Reduced
2682 1319 34 27 to
2738 1317 67 40 25/-

2344 1372 67 41 --4-
2454 1398 20 14 „
2559 1399 19 14 „
2662 1401 19 13 „
2747 1378 67 40 35/-

2345 1420 147 35 Trousers
2507 1425 61 29 and
2678 1441 3 13 ;
2713 1425 82 42 (13/6

2538 1484 68 22 AT.

2331 1533 195 35 PARISH'S
2552 1537 90 32 East
2664 1538 136 33 Oxford
2801 1543 23 28 J

2307 1739 172 32 OXFORD
2523 1741 187 32 LIBRARY
2751 1743 86 35 AND

2397 1791 197 32 READING
2614 1780 133 45 ROOM!

2304 1900 54 24 The
2387 1900 92 25 Oxford
2506 1901 105 32 Library
2638 1902 22 25 is
2686 1910 62 23 open
2770 1912 69 24 every

2305 1942 113 32 Tuesday
2429 1943 50 25 and
2501 1943 121 33 Saturday
2651 1945 95 31 nights,
2775 1946 64 25 from

2306 1986 58 24 630
2376 1993 68 24 p.m.,
2467 1989 25 22 to
2513 1988 15 23 8
2539 1995 71 23 p.m.,
2634 1988 50 25 and
2714 1996 33 17 on
2770 1997 69 25 every

2305 2028 119 27 alternate
2436 2030 131 33 Thursday
2591 2031 137 31 afternoon,
2760 2032 79 34 (Sale-

2305 2073 70 32 days)
2398 2074 64 24 from
2474 2076 61 23 280
2545 2083 65 23 p.m..
2627 2077 26 24 to
2665 2078 14 23 5
2691 2084 59 24 p.m.
2789 2077 51 26 The

2307 2123 3 3 •
2341 2123 27 6 --
2378 2122 5 2 -
2496 2113 25 21 L.
2538 2113 125 31 REEVES,

2586 2152 67 25 Hon.
2665 2152 141 26 Librarian.
2822 2173 2 6 ,

2357 2198 176 25 Subscription
2545 2200 38 32 2/-
2596 2208 49 16 pbr
2664 2201 127 29 Quarter.
2822 2217 6 7 *

2368 2363 211 43 HOLLAND
2614 2366 154 43 FINISH

2485 2425 153 43 CALICO

2418 2488 63 36 3d.
2517 2498 70 30 per
2608 2493 113 37 yard.

2559 2567 33 27 at

2419 2614 36 31 R.
2474 2614 40 31 H.
2536 2614 194 34 PARISH'S

2328 2843 78 45 W.
2436 2845 65 43 H.
2535 2846 273 46 ALFOKD

2300 2931 242 40 WATCHMAKER.
2577 2933 173 39 JEWELLER
2776 2935 56 32 &c

2377 3004 87 25 MAIN
2478 3005 134 25 STREET
2631 3006 137 25 OXPOED

2493 3069 61 16 near
2565 3061 82 25 Bank.

2302 3202 223 25 PREVENTION
2542 3203 33 24 IS
2592 3204 138 23 BETTER
2742 3204 92 24 THAN

2534 3243 103 25 CURE.

2304 3316 92 24 YTOW
2415 3318 54 23 that
2481 3317 43 24 the
2535 3317 131 25 Influenza
2677 3318 128 31 Epidemic
2813 3318 24 24 is

2304 3342 31 31 l\
2376 3349 76 25 about
2472 3351 41 23 the
2531 3351 181 31 neighbouring
2729 3351 109 24 districts

2304 3390 31 17 no
2347 3382 75 25 home
2434 3382 87 26 should
2533 3382 30 26 be
2574 3383 104 26 without
2689 3383 44 25 the
2745 3383 91 33 Platy-

2305 3423 46 23 pus
2355 3415 86 25 Brand
2451 3417 27 23 of
2489 3416 154 32 Eucalyptus
2652 3417 123 24 Globulus
2780 3417 56 24 'Ex-

2305 3450 63 23 tract
2380 3451 26 22 to
2418 3448 30 26 be
2460 3449 75 25 taken
2547 3457 67 23 upon
2631 3458 81 23 f-ugar,
2733 3458 28 16 or
2777 3450 26 24 m
2822 3458 16 16 a

2305 3481 64 26 little
2380 3481 71 26 milk.
2487 3481 51 26 The
2549 3486 67 21 most
2629 3483 148 26 convenient
2788 3483 50 25 and

2307 3523 111 30 pleasant
2429 3531 54 23 way
2494 3527 27 21 to
2532 3524 57 24 take
2612 3523 155 32 Eucalyptus
2778 3524 22 25 is
2812 3524 27 24 m

2306 3556 32 24 he
2349 3555 119 32 Platypus
2480 3556 92 26 Brand;
2586 3556 27 25 of
2631 3557 144 33 Euacyptus
2794 3557 44 25 Ju-

2304 3587 81 32 jubes,
2396 3589 59 31 they
2467 3597 42 17 are
2516 3590 26 24 m
2552 3589 61 25 such
2623 3598 16 16 a
2645 3588 124 33 palatable
2776 3590 63 25 form

2306 3622 112 31 pleasant
2460 3624 26 23 to
2520 3624 71 28 taste,
2631 3622 131 32 antiseptic
2791 3622 50 25 and

2307 3654 139 25 3timulant.
2491 3655 126 32 Sprinkle'
2629 3664 63 24 your
2718 3656 122 25 handker-

2307 3687 68 25 chief
2383 3688 49 23 and
2451 3696 84 17 rooms
2547 3689 59 24 with
2625 3691 43 23 the
2681 3689 47 25 .oil.

2309 3739 26 26 BE
2345 3739 59 32 SUP.p
2411 3740 43 25 YOU
2465 3741 117 26 PURCHASE
2591 3742 46 27 THE
2647 3742 116 25 PLATYPUS
2772 3742 72 25 BRAND

2387 3785 31 24 R.
2431 3785 92 25 Parish
2534 3786 83 31 Agent
2627 3786 39 25 for
2678 3786 101 25 Oxford.

2310 3828 76 24 Office
2394 3828 38 24 No
2443 3830 13 20 9
2469 3828 135 27 Cathedral
2620 3837 36 24 sq.
2669 3829 175 25 Christchurch

2433 4132 310 47 WAFTED.

2322 4231 53 56 TO
2392 4233 122 29 purchase
2532 4241 15 15 a
2571 4231 64 26 farm
2661 4233 27 24 m
2705 4233 44 24 the
2766 4233 78 25 Oxfon

2371 4264 114 25 District.
2520 4264 114 25 Forward
2651 4264 67 32 price
2738 4265 50 24 and
2805 4273 39 24 par

2326 4301 101 26 ticulars
2444 4304 27 23 to
2499 4301 44 26 the

2337 4342 160 33 OFFICE
2514 4342 52 32 OF
2580 4342 102 34 THIS
2697 4344 145 32 PAPER

1769 981 249 39 OXFORD
2067 984 198 39 BACON

1870 1071 294 40 FACTORY.

1858 1143 2 2 •
1884 1136 41 18 +—.
1990 1135 47 19 -♦>
2084 1144 62 6 --—
2152 1126 5 16 '■
2191 1141 3 6 -
2202 1126 3 15 ;
2228 1136 14 26 ';
2263 1143 2 3 •

1750 1202 127 58 BACON
1905 1204 50 24 and
1988 1204 80 31 hams,
2103 1206 52 26 this
2175 1211 109 22 season's

1810 1244 67 21 cure,
1911 1237 60 30 lard,
1995 1238 54 25 axle
2067 1247 85 24 grease
2164 1248 16 17 a
2196 1242 92 31 special

1750 1270 148 31 compound.

1808 1331 41 45 J.
1917 1332 165 47 PAEL
2084 1336 141 45 ANE

1929 1411 102 31 East
2074 1411 167 34 Oxford.

1750 1584 171 51 WATCH
2148 1583 145 49 CLOCK

1875 1742 303 36 FITTED

2016 1802 30 16 AT

1773 1840 183 37 Parish's
1985 1842 103 36 East
2110 1844 161 43 Oxford.

1758 1941 55 44 P.
1828 1941 50 45 0.
1894 1941 399 48 JOHA3STNSEN

1863 2016 332 32 BASKETMAKEE.

1755 2097 98 31 Chairs,
1876 2098 121 31 Baskets,,
2018 2100 50 25 and
2090 2100 201 27 Perambulators

1887 2147 74 26 Made
1984 2147 51 25 and
2046 2148 129 32 Repaired.

1788 2196 120 30 UQEEN
1923 2197 142 31 STREET,
2084 2198 64 25 East
2160 2198 98 25 Oxford.

1757 2344 223 60 ROBERT
2046 2345 243 73 JISHER,

1791 2422 176 27 GENERAL
1994 2422 264 28 STOREKEEPER

1755 2471 96 46 Teas,
1893 2469 132 47 Coffees,
2063 2470 129 46 Cocoas,
2223 2470 70 40 and

1860 2519 142 40 General
2025 2518 183 39 Groceries-

1806 2571 148 32 WEST
2016 2570 223 32 OXFORD.

1989 3001 60 21 FOR

1754 3041 178 31 ASTHMA
1953 3043 27 31 &
2012 3044 272 32 BRONCHITIS.

1989 3100 60 22 USE

1818 3145 164 41 PLATYPUS
2015 3148 211 41 EUCALYPTUS

1903 3218 4 7 ,
1921 3200 37 23 Is.
1976 3207 44 24 per
2037 3199 88 26 bottle.

1892 3445 265 47 NOTICE.

2003 3522 65 27 TO

1774 3563 362 43 WAIMAKARIRI-ASHLEY
2166 3567 113 39 WATER

1836 3625 126 39 SUPPLY
1985 3625 238 41 CONTRACTORS

1785 3694 55 21 Just
1848 3695 104 21 received
1961 3702 15 14 a
1981 3696 158 26 consignment
2147 3696 24 20 of
2188 3697 81 28 strong

1760 3763 256 43 MOLESKIN
2044 3765 251 43 TRODSERS

1995 3835 46 15 AND

1780 3871 241 41 COTTON
2052 3868 225 46 SHIRTS

1760 3960 52 40 for
1828 3961 94 50 price
1938 3960 69 41 and
2023 3961 143 51 quality
2180 3963 63 39 not
2257 3963 38 40 to

1928 4031 41 38 be
1991 4031 128 38 beaten

1809 4091 34 39 A
1874 4090 133 52 Special
2030 4091 112 52 Cheap
2164 4091 84 41 Line

1757 4160 231 48 WELSH
2011 4161 262 46 FLASHE

1853 4240 38 24 for
1924 4248 26 17 m
1958 4241 54 23 en's
2029 4241 149 24 undershirt
2199 4244 47 22 etc.

1809 4283 32 30 B,
1868 4283 42 33 H.
1943 4284 171 39 PARISH,
2141 4285 138 33 .Draper

1973 4341 5 10 r
1974 4341 11 22 j
2008 4334 137 31 Oxford

1204 973 176 46 JOHN
1453 946 282 77 INGhRiM

1306 1051 5 5 •
1349 1065 3 3 .
1382 1062 2 3 .
1455 1065 2 1 .
1519 1049 12 14 y
1543 1064 3 4 ,
1565 1051 4 5 -
1593 1064 9 2 ..
1616 1062 5 5 ,
1664 1046 47 26 ._>%■

1229 1082 56 21 \£\.
1302 1080 35 23 LJ
1350 1080 77 23 v_>JL
1438 1080 69 23 XvJ
1515 1080 200 24 JN'JQiJtitJZC

1207 1267 105 38 LICENCED
1331 1267 57 26 LAND
1398 1267 94 31 BROKER,
1506 1267 124 31 VALUATOR,
1645 1268 94 30 ESTATE,

1220 1310 131 29 INSURANCE,
1361 1310 15 24 &
1386 1310 99 26 GENERAL
1496 1310 138 26 COMMISSION
1645 1310 79 26 AGENT.

1204 1356 67 24 Agent
1276 1356 37 25 for
1322 1357 39 23 the,
1365 1357 103 19 National
1476 1357 113 21 Insurance
1600 1357 103 26 Company
1717 1362 22 19 of

1379 1398 50 20 New
1443 1399 103 20 Zealand.
1556 1399 4 6 '

1226 1463 170 31 OXFORD
1419 1465 28 28 &
1472 1463 250 31 SHEFFIELD.

1321 1681 2 3 •
1371 1682 23 10 ■—
1394 1688 52 5 —
1446 1681 39 17 ■<•>

1203 1740 148 27 Fortnightly
1361 1740 97 21 Auction
1469 1740 63 21 Sales
1542 1740 55 21 held
1605 1740 70 21 inthe
1682 1740 57 21 Mar-

1203 1775 41 20 ket
1252 1775 75 20 Yards
1336 1775 129 24 OXFORD,
1475 1781 68 20 every
1553 1775 81 22 second
1652 1775 85 20 Thurs-

1205 1807 49 27 day.
1269 1808 107 26 Monthly
1386 1808 63 20 Sales
1458 1808 55 20 held
1523 1808 25 21 at
1556 1808 90 21 Market
1655 1808 86 22 Yards,

1206 1839 178 23 SHEFFIELD.
1447 1840 92 22 Private
1558 1841 99 21 Auction
1677 1841 63 21 Sales

1205 1873 142 20 undertaken
1356 1879 46 21 any
1410 1874 54 26 part
1473 1873 24 21 of
1506 1874 40 21 the
1557 1874 102 26 country.
1686 1873 54 22 Pro-

1205 1905 71 25 perty,
1281 1905 100 26 Bought,
1391 1905 59 23 Sold,
1460 1911 25 15 or
1494 1905 47 21 Let.
1554 1905 46 21 and
1605 1905 136 21 Valuations

1207 1938 108 27 carefully
1325 1939 72 21 made.
1428 1939 65 20 Land
1502 1939 104 27 Brought
1615 1939 72 22 under
1700 1940 41 21 the

1208 1973 105 20 Transfer
1321 1973 51 24 Act,
1402 1973 125 26 Transfers,
1542 1973 88 26 Leases,
1643 1973 19 20 &
1668 1973 73 21 Deeds

1207 2004 22 21 of
1238 2004 134 27 Mortgages
1386 2004 76 22 dra^n
1471 2011 38 21 up.
1520 2022 3 2 .
1546 2005 83 27 Money
1638 2005 104 22 invested

1208 2037 45 21 and
1262 2037 108 21 obtained
1379 2037 35 21 for
1422 2037 86 22 Clients
1518 2044 29 14 on
1556 2037 128 28 Mortgage.
1704 2037 38 22 In-

1241 2076 95 15 surance
1354 2070 97 21 effected
1467 2077 28 14 on
1505 2070 123 27 Buildings
1638 2070 23 21 of
1669 2077 46 21 any

1283 2102 143 27 description,
1436 2103 47 21 and
1490 2102 63 22 their
1562 2103 128 21 contents.--
1708 2116 5 3 -

1208 2159 59 22 HAS
1281 2159 57 21 FOR
1352 2159 71 22 SALE
1440 2160 38 21 BY
1494 2160 124 22 PjUVaTE
1631 2160 110 22 TREAT?

1347 2353 39 21 TO
1400 2352 57 21 LET
1472 2352 38 21 OR
1525 2352 81 21 SELL.

1243 2393 49 20 The
1301 2392 86 21 Oxford
1396 2393 70 20 Flour
1474 2392 53 20 Mill
1535 2392 46 20 and
1581 2384 3 16 !
1590 2393 116 25 Property.

1236 2473 35 20 On
1285 2474 95 21 account
1393 2474 55 21 Rev.
1457 2473 22 21 J.
1489 2474 15 20 J
1518 2474 110 28 Pendray.
1636 2474 4 5 '
1647 2474 57 21 Half
1713 2481 30 14 an

1209 2513 51 15 acre
1274 2507 55 21 land
1347 2508 56 21 with
1419 2509 96 25 Cottage
1533 2508 95 22 thereon
1642 2509 100 21 situated

1208 2540 25 19 m
1242 2540 92 21 Church
1343 2540 81 25 Street,
1434 2540 57 21 East
1500 2541 92 20 Oxford.

1234 2612 36 20 On
1279 2613 95 21 account
1393 2613 24 21 of
1426 2613 36 21 Mr
1481 2613 29 21 H.
1527 2613 22 21 J.
1568 2613 103 22 Hawker.
1699 2614 43 22 His

1210 2646 148 28 delightfully
1368 2647 100 22 situated
1474 2649 114 25 property,
1605 2649 138 27 comprising

1210 2681 24 21 10
1244 2688 62 14 acres
1315 2682 24 20 of
1347 2683 49 20 rich
1405 2683 54 20 land
1467 2683 57 20 with
1539 2683 26 21 10
1573 2683 91 21 roomed
1677 2683 65 21 dwel-

1208 2714 50 26 ling
1271 2714 76 24 house,
1363 2714 92 24 stables,
1470 2714 73 24 sheds,
1561 2715 46 20 and
1625 2721 117 21 necessary

1208 2745 155 26 outbuildings
1372 2746 101 24 thereon,
1487 2747 69 19 water
1574 2747 47 19 laid
1629 2752 37 19 on,
1685 2748 56 25 good

1208 2777 94 20 orchard
1312 2777 91 26 garden.
1433 2778 106 21 Situated
1547 2778 25 21 at
1591 2778 57 21 East
1657 2779 85 22 Oxford

1208 2810 157 26 commanding
1384 2817 14 14 a
1407 2810 57 21 view
1482 2810 24 21 of
1515 2811 79 27 nearly
1612 2811 40 21 the
1671 2811 71 22 whole

1208 2842 96 21 district.

1314 2896 33 20 To
1365 2897 28 20 be
1412 2897 50 21 sold
1483 2903 56 20 very
1556 2897 77 27 cheap.

1303 3022 34 21 On
1347 3024 91 20 account
1447 3023 23 20 of
1480 3022 35 21 Mr
1530 3023 124 21 Allpress.

1234 3067 42 19 His
1285 3072 50 21 very
1344 3067 50 20 nice
1404 3067 113 20 residence
1527 3067 98 26 opposite
1634 3067 39 20 the
1686 3067 56 20 Par-

1207 3104 81 20 sonage
1295 3098 58 21 East
1356 3099 85 20 Oxford
1447 3098 36 21 for
1488 3099 47 20 sale
1544 3105 56 21 very
1605 3099 78 26 cheap,
1692 3099 50 21 half

1207 3138 50 14 acre
1267 3130 23 22 of
1299 3131 62 25 land,
1371 3131 56 26 good
1437 3131 92 27 garden.

1237 3377 35 21 On
1281 3377 96 21 account
1386 3377 25 20 of
1420 3377 37 20 Mr
1466 3375 100 23 Herbert
1701 3377 43 21 His

1210 3409 59 21 farm
1285 3409 103 20 situated
1398 3411 23 18 at
1431 3408 66 21 West
1506 3409 93 25 Oxford,
1614 3410 131 26 containing

1210 3441 40 21 133
1264 3447 62 15 acres
1336 3441 24 20 of
1379 3441 62 26 good
1454 3439 55 21 land
1523 3440 56 21 with
1597 3441 60 26 good
1666 3441 79 21 build-

1210 3476 51 26 ings
1276 3476 45 21 and
1331 3476 83 21 stables
1427 3476 103 20 thereon.

1292 3714 35 20 On
1351 3715 96 20 account
1471 3714 25 21 of
1535 3714 38 21 Mr
1601 3714 65 27 King

1239 3749 77 20 House
1335 3749 45 21 aud
1394 3749 13 20 6
1421 3755 62 15 acres
1503 3749 24 21 of
1550 3749 60 21 land.
1639 3749 109 26 Opposite

1212 3782 37 19 Mr
1259 3781 86 26 Joseph
1356 3781 102 25 Pavilke,
1489 3782 57 21 East
1560 3780 91 23 Oxford.

1320 3850 35 21 On
1365 3850 96 21 account
1471 3850 25 21 of
1514 3850 38 21 Mr
1565 3850 75 21 Eisele

1239 3885 78 21 House
1335 3884 47 22 and
1400 3885 14 20 3
1431 3891 63 15 acres
1513 3885 25 21 of
1554 3885 62 24 land,
1644 3885 104 28 splendid

1212 3919 102 25 orchard,
1327 3926 79 14 corner
1417 3920 24 20 of
1462 3920 56 27 Bay'
1530 3919 64 22 Road
1603 3920 46 22 and
1658 3920 90 22 Chuich

1212 3953 83 21 Street.

1238 4143 45 20 For
1295 4142 137 27 particulars
1447 4141 70 27 apply
1530 4143 25 19 to

1205 4207 193 34 JOHN
1430 4206 307 35 INGRAM

1321 4282 287 47 OXFOKD.

373 992 161 45 JOHN
566 992 44 45 S.
645 989 213 55 COOKE,

202 1184 105 33 ITS
351 1180 227 36 Cashel
622 1176 226 42 Street,
894 1173 130 35 180,

475 1244 123 32 {Opposite
638 1241 36 24 the
702 1240 61 32 AI,)

475 1312 279 28 CHRISTCHUECH.
916 1338 4 6 .
954 1317 5 28 \
1017 1308 47 40 *>\\
1071 1327 8 23 :

48 1377 136 33 Allow
220 1380 68 25 me
323 1373 44 30 to
398 1367 159 35 submit
579 1369 44 30 to
652 1373 107 34 your
791 1352 309 47 consideration
1121 1358 73 32 the

46 1425 213 39 following
305 1420 272 41 Specialities,
624 1418 55 32 all
723 1416 43 33 of
795 1414 148 37 which,

44 1482 99 26 own
158 1470 320 41 compounding,
502 1468 17 32 I
540 1475 79 25 can
643 1463 257 40 confidently
915 1457 276 36 recommend,

48 1524 156 42 having
232 1520 276 40 successfully
529 1518 103 34 used
655 1517 118 32 them
794 1514 63 33 for
880 1519 114 26 some
1015 1517 177 44 years;—

178 1594 14 20 I
209 1599 37 15 am
255 1588 146 30 exceedingly
414 1588 123 23 successful
545 1588 25 21 m
580 1594 37 20 my
625 1586 110 22 remedies
753 1584 37 21 for
798 1583 66 21 these
873 1581 144 28 complaints,
1105 1586 15 14 a
1127 1579 65 27 large

208 1640 96 23 number
327 1639 24 21 of
372 1637 158 23 testimonials.
1008 1653 19 9 ...
1103 1642 18 21 '^

48 1681 83 28 NEW
148 1677 150 29 REMEDY
315 1676 71 27 FOR
402 1674 103 28 LIVER
520 1671 236 30 COMPLAINTS
771 1670 74 27 AND
862 1662 172 39 INpiG.ESf
1035 1667 90 27 ION-

180 1717 56 21 This
253 1716 42 20 has
308 1715 58 21 been
387 1714 52 21 well
457 1712 81 25 tested,
553 1712 46 21 and
607 1711 43 20 has
667 1710 86 27 proved
765 1708 83 27 highly
871 1707 153 25 satisfactory.

44 1752 150 32 GOLDEN
210 1751 121 28 CROSS
348 1748 204 29 NEURALGIA
568 1747 193 28 MIXTURE-

180 1792 35 26 By
228 1790 74 20 which
316 1789 40 20 the
368 1788 54 27 pain
435 1787 20 20 is
469 1787 75 24 cured,
573 1792 52 15 ease
634 1784 112 24 obtained,
760 1783 32 26 by
805 1789 14 14 a
832 1782 44 21 few
890 1782 71 20 doses.

46 1827 219 32 CHILDREN'S
280 1823 201 31 WHOOPING
496 1822 159 29 COUGH-

180 1867 45 21 For
234 1865 72 21 which
324 1864 13 20 I
346 1863 58 21 have
417 1862 41 21 the
471 1863 52 21 best
535 1862 98 20 mixture
646 1860 25 21 m
685 1858 169 25 Christchurch,
869 1858 62 28 gives
941 1856 84 28 speedy
1038 1856 72 22 relief.

8 1915 21 23 r^
53 1903 195 29 DIARRHOEA
265 1902 73 26 AND
365 1899 224 27 DYSENTERY
643 1898 28 25 m
690 1898 116 25 Infants
821 1896 57 25 and
895 1895 134 26 Adults-
1164 1905 12 16 \

8 1941 3 18 [
177 1937 13 19 I
204 1942 42 15 can
261 1935 51 26 give
325 1940 15 14 a
353 1933 48 21 safe
415 1932 45 20 and
474 1932 83 26 speedy
572 1937 52 15 cure
636 1931 33 26 by
684 1937 14 13 a
712 1930 43 20 few
770 1929 70 20 doses.

49 1975 75 26 Store
142 1973 100 26 Heads
257 1972 18 19 &
292 1973 105 30 Legs-

182 2009 75 22 Cured
269 2009 30 25 by
312 2014 30 15 an
356 2006 117 28 agreeable
488 2006 45 20 and
546 2005 106 26 pleasant
667 2003 146 27 application,
829 2002 47 21 also
892 2002 95 20 relieves
999 2001 61 26 pain.

43 2048 191 33 Superlative
260 2045 128 27 Mixture
399 2042 46 27 for
462 2042 59 27 Bad
533 2041 154 34 Coughs—
880 2067 3 3 .

177 2086 83 26 Brings
274 2089 64 21 away
358 2082 100 27 phlegm,
473 2081 72 26 allays
558 2080 135 24 irritations,
708 2079 46 21 and
771 2078 92 27 quickly
878 2084 71 15 cures.

48 2120 142 27 Eureka—

180 2156 21 20 A
215 2161 51 15 sure
275 2160 53 15 cure
341 2154 36 21 for
385 2153 32 22 all
425 2152 68 21 kinds
502 2152 24 21 of
539 2152 51 20 skin
603 2150 120 21 irritation.

8 2183 4 12 '
48 2192 181 24 CHILDREN'S
243 2191 167 22 TASTELESS
424 2189 161 22 TEETHING
599 2187 175 21 POWDERS—

180 2230 49 21 The
246 2229 52 21 best
320 2229 25 20 m
368 2227 149 26 Canterbury,
540 2233 14 14 a
577 2225 57 21 trial
646 2225 48 21 will
716 2230 70 21 prove
810 2223 26 21 it.
874 2223 66 27 ighly
978 2222 175 22 recommended
1166 2222 30 27 by

47 2270 97 20 medical
168 2275 59 14 men.

10 2319 7 3 -
49 2302 171 27 Bronchitis
236 2300 57 26 and
309 2300 158 26 Asthma-

177 2338 108 22 Relieved
299 2338 45 21 and
357 2336 173 28 rapidly'cured
542 2336 32 27 by
587 2342 38 20 my
639 2335 86 21 Acacia
739 2339 110 15 mixture.

46 2378 181 25 influenza-

180 2414 73 21 Cured
267 2413 37 21 for
317 2415 31 19 2s.
364 2413 35 21 6d.
427 2412 123 20 Hundreds
566 2417 42 15 can
622 2411 81 25 testify
717 2411 25 19 to
764 2409 41 20 the
822 2408 59 26 good
893 2407 89 27 quality
996 2408 24 20 of
1034 2408 48 20 this
1097 2408 99 20 mixture

145 2463 612 40 OONSTJI/FATIOTSTS
796 2463 204 33 FREE-

142 2534 286 27 PRESCRIPTIONS
445 2534 119 30 carefully
581 2533 50 23 and
648 2531 112 30 correctly
777 2530 134 31 dispensed.

150 2762 39 20 BY
217 2761 127 21 SPECIAL
411 2780 3 2 .
498 2745 242 54 c^S^^S^
899 2751 217 21 APPOINTMENT
1130 2754 3 3 '

102 2862 396 39 PATRONISED
525 2859 75 38 BY
626 2855 161 40 LADY
829 2850 310 45 GLASGOW,

39 3045 155 31 Awarded
218 3043 101 31 Silver
343 3043 61 29 and
425 3041 123 30 Bronze
569 3036 117 33 medals
709 3036 63 31 and
793 3034 83 31 First
897 3033 87 32 Class
1011 3031 183 31 Exhibition

11 3133 34 30 V
107 3126 181 32 certificates
311 3128 33 26 at
364 3123 127 36 Nelson,
523 3121 136 42 Sydney,
691 3119 183 32 Melbourne
897 3118 59 30 and
978 3116 154 30 Dunedin.

218 3203 455 91 PERTH
759 3198 282 91 DYE

363 3317 501 91 WORKS

99 3578 76 52 A.
214 3570 527 60 ROBERTSON
770 3565 393 61 ANDCO'S,

70 3683 430 47 GLOUCESTER
521 3681 89 45 ST.
641 3666 539 59 CHRISTCHUECHI

49 3762 11 17 -
314 3754 214 42 [OPPOSITE
550 3754 79 31 GAS
653 3753 86 31 COS
764 3751 179 41 OFFICE]

95 3831 58 29 We
175 3831 61 37 beg
256 3832 33 26 to
311 3836 161 21 announce
493 3831 32 25 to
547 3827 53 28 the
621 3826 198 29 Inhabitants
840 3824 33 30 of
895 3824 123 30 Oxford
1039 3824 62 28 and
1126 3833 73 19 sur-

47 3892 162 40 rounding
230 3889 138 31 districts
388 3888 70 31 that
478 3887 51 32 Mr
559 3888 31 31 J.
613 3887 30 31 J.
666 3885 128 33 Weeber
813 3884 56 32 has
905 3885 109 42 kindly
1035 3886 163 31 consented

12 3953 8 7 *
57 3961 32 24 to
110 3954 124 30 become
255 3960 56 21 our
333 3949 96 32 Local
450 3948 110 41 Agent.
604 3948 159 42 Messages
777 3947 61 32 and
853 3947 42 31 all
918 3947 94 42 goods
1041 3949 58 31 left
1123 3949 75 32 with

45 4012 67 33 him
131 4010 65 31 will
215 4008 118 32 receive
353 4019 55 21 our
422 4011 124 39 prompt
568 4008 163 31 attention.

389 4095 36 32 A.
467 4096 247 34 ROBERTSON
740 4098 27 32 &
790 4097 62 34 CO.

53 4181 308 81 BRANCHES
391 4181 66 81 IN
475 4183 229 79 NELSON
719 4186 48 78 &
787 4183 402 81 WELLINGTON

244 4301 163 32 AGENTS
448 4301 83 31 ALL
559 4302 123 34 OVER
714 4302 85 32 THE
822 4303 176 34 COLONY.
1191 4280 9 54 i

67 51 27 43 IS

67 82 27 31 o
125 84 20 34 s

67 117 27 38 q
126 120 19 14 -
241 122 26 22 q

65 143 30 17 **
125 150 19 19 p
197 160 5 5 .
241 145 28 23 m

12 193 5 26 |
67 186 25 28 !>
125 191 20 20 W
180 182 23 32 £
241 192 25 21 fa

67 212 78 68 S'
180 245 32 39 4
241 214 24 46 S

68 289 25 28 H
240 278 25 39 S
287 306 2 2 '

178 360 23 31 «
241 384 24 25 P

67 414 25 25 r
124 407 26 23 °>
195 426 6 6 .
239 412 25 25 m

65 457 79 86 gi
237 459 27 80 a

69 536 21 7 ~
123 539 19 18 J
176 538 24 13 U5
238 531 25 17 7

64 604 26 24 J
121 611 19 14 03

11 716 2 7 .
62 707 26 23 05
111 703 8 22 I
