3550 4630
104 218 32 30 of
160 217 55 35 sin,
237 225 36 20 or
293 214 53 30 the
360 211 75 31 milk
450 210 61 30 and
536 214 96 26 water

105 259 60 31 and
180 255 170 34 effeminate
378 250 200 43 productions
599 252 32 30 of

102 301 53 30 the
169 295 234 43 inexperienced
428 304 35 20 or
477 292 155 40 untaught

104 342 59 30 and
177 337 158 42 incapable
353 336 148 41 preacher
529 335 102 30 whose

105 384 107 30 efforts
241 381 31 30 m
301 379 67 30 that
393 376 139 32 elevated
553 376 78 40 posi-

104 426 64 29 tion
204 423 96 29 either
328 419 87 30 made
449 428 118 28 uneasy
597 428 35 18 or

105 466 94 30 invite
214 463 51 30 the
286 461 238 39 contemptuous
546 458 86 30 smile

106 508 31 30 of
161 507 83 30 chose
269 503 68 31 who
362 502 100 40 aspire
487 503 33 28 to
542 499 91 31 think

104 551 48 28 for
173 544 190 33 themselves.

144 589 96 30 These
255 597 51 19 are
321 595 82 21 some
419 584 32 30 of
462 583 52 30 the
526 593 105 20 causes

105 636 30 25 to
152 629 96 30 which
281 628 53 29 the
365 626 199 30 indifference
600 630 32 23 to

105 673 126 37 religion
257 669 27 29 is
317 671 50 27 set
394 667 100 31 down.
542 665 92 30 From

105 714 83 29 what
225 721 43 20 we
297 720 56 19 can
364 738 3 3 .
381 738 3 3 .
403 708 119 41 gather,
581 707 52 30 the

105 754 121 31 Church
249 752 32 29 of
306 751 142 40 England
462 760 63 20 was
539 758 94 21 never

106 807 32 19 so
154 796 98 29 active
268 804 33 20 as
316 798 32 25 at
363 795 132 38 present.
537 790 35 30 If
581 790 52 30 the

104 837 115 31 church
236 838 96 28 wants
361 839 32 26 to
423 832 129 32 succeed
581 832 52 30 she

104 879 112 30 should
226 879 85 28 leave
326 887 39 18 no
378 879 86 27 stone
479 875 154 29 unturned

105 922 32 28 m
161 920 54 29 her
251 929 69 19 own
372 917 151 35 interests,
580 915 53 29 the

105 963 34 29 eh
144 973 17 18 u
165 973 14 19 r
182 962 39 30 ch
235 960 8 28 i
247 970 14 19 s
271 989 3 3 .
283 970 42 29 .ap
329 962 12 27 t
368 963 33 26 to
414 992 3 1 .
432 959 104 38 forget
563 960 15 26 t
581 960 16 26 h
601 960 32 26 at

104 1004 50 29 the
170 1002 205 37 Christianity,
395 998 32 32 of
450 999 106 31 Christ
572 1008 61 20 was

103 1046 39 28 its
165 1042 92 31 social
286 1042 72 30 side.
402 1041 65 29 The
497 1039 134 34 Church,

103 1089 32 26 to
151 1084 133 38 succeed,
315 1082 111 30 should
440 1080 94 39 adapt
548 1080 85 29 itself

104 1131 31 26 to
152 1127 50 30 the
227 1124 167 41 legitimate
429 1122 146 30 demands
601 1122 32 30 of

104 1169 52 30 the
171 1167 188 41 progressive
375 1175 65 29 age,
454 1164 53 29 she
522 1164 109 29 should

104 1214 54 25 not
179 1210 49 29 for
243 1219 18 19 a
290 1207 134 30 moment
446 1199 89 36 allow
561 1216 71 19 men

102 1258 32 23 to
149 1250 89 34 tbink
252 1249 69 30 that
331 1249 53 29 she
407 1258 66 23 was.
485 1246 148 40 lowering

104 1291 54 31 her.
180 1291 159 31 standard-
352 1289 33 31 of
406 1289 144 39 morality
557 1287 3 17 1
572 1288 61 29 and

103 1333 78 30 faith
198 1339 29 23 to
256 1338 83 24 cater
363 1332 49 31 for
435 1330 52 30 the
511 1329 120 30 world's

104 1375 144 40 applause
264 1384 34 20 ol-
326 1374 111 35 fayouf
451 1383 11 27 ;_
495 1371 60 30 and
569 1371 24 29 it
608 1371 23 29 is

102 1417 180 39 imperative
325 1415 69 29 that
430 1414 54 30 she
522 1413 110 30 should

102 1459 72 28 bear
202 1459 31 27 m
258 1456 86 29 mind
388 1456 69 28 that
466 1465 3 5 1
492 1454 140 39 physical

101 1498 192 33 recreations,
309 1519 2 4 .
330 1496 155 30 harmless,
539 1495 92 29 social

102 1540 262 33 entertainments,
388 1536 108 41 bright
525 1537 105 40 eujoy-

101 1581 66 30 able
182 1580 146 38 evenings
342 1579 47 29 for
402 1588 108 30 young
524 1579 107 38 people

99 1632 51 19 aro
159 1623 31 28 m
200 1632 38 19 r>o
255 1631 66 29 way
327 1619 215 41 incompatible
556 1620 75 29 with

100 1664 56 29 the.
167 1664 90 39 spirit
285 1662 62 29 aud
375 1661 149 39 practices
532 1682 5 3 -
554 1661 32 30 of
615 1672 17 18 a

102 1709 68 25 true
186 1704 153 44 Christian.
348 1703 135 40 religion,

139 1746 45 30 T6
200 1751 80 25 Wear
295 1756 19 18 a
335 1745 74 39 long
436 1745 68 29 face
515 1751 47 23 -is
591 1754 40 19 no

94 1811 2 7 ,
101 1797 81 21 more
197 1787 130 38 religion
356 1787 75 28 than
448 1790 32 25 to
509 1795 82 20 wear
613 1795 18 19 a

100 1830 73 38 long
201 1833 78 25 coat.
397 1839 5 2 •

142 1871 65 29 The
222 1869 91 32 social
329 1869 33 29 m
376 1878 81 22 man.
478 1867 64 31 will
557 1871 54 26 out
621 1878 8 25 ;

101 1914 24 27 it
139 1912 62 30 will
217 1912 77 29 have
309 1910 40 30 its
365 1921 78 28 way,
466 1910 25 29 it
506 1909 26 30 is
547 1914 82 34 part,

101 1953 59 30 and
185 1953 85 30 often
305 1951 53 30 tiie
363 1951 5 13 :
395 1950 66 31 best
495 1953 72 37 part
598 1952 33 28 of

101 1995 113 30 htiuian
241 1996 119 27 nature.
404 1993 32 30 It
468 1992 61 30 will
560 1993 38 29 be
613 2003 18 19 a

101 2039 87 35 great
203 2036 58 38 day
275 2035 48 29 for
339 2035 53 28 the
402 2034 125 29 Church
542 2034 88 29 when

99 2087 83 20 more
201 2076 169 29 humannes
393 2075 26 29 is
448 2074 180 29 introduced

101 2118 64 32 into
176 2119 45 35 .it.;
245 2116 181 30 when-class
451 2115 177 30 distinction

99 2161 26 29 is
154 2160 115 30 broken
301 2159 98 34 down,
426 2157 59 30 and
515 2168 18 19 a
560 2161 69 26 true

101 2201 90 29 belief
205 2202 32 28 m
251 2200 62 35 the,
324 2204 52 25 too
389 2200 87 29 often
491 2199 138 38 despised

99 2242 156 35 doctrine,-
263 2242 80 28 viz—
343 2241 62 29 -the
423 2239 205 31 brotherhood

98 2282 32 30 of
144 2293 71 19 man
243 2283 27 29 is
293 2280 245 39 acknowledged.
591 2280 37 29 In

97 2324 94 32 these.
198 2324 75 38 days
295 2322 90 29 when
410 2321 86 29 there
522 2329 50 20 are
596 2329 32 21 so

97 2375 102 28 many,
219 2362 191 41 exceptional
439 2361 196 33 hindrances,

98 2409 32 27 to
146 2407 51 29 the
212 2404 122 41 growth
353 2404 32 30 of
398 2403 70 31 that
489 2403 137 40 spiritual

99 2448 53 28 life
177 2446 110 38 (which
312 2446 54 29 the
389 2444 124 31 Church
529 2454 99 20 seems

99 2498 32 19 so
160 2488 127 29 anxious
322 2490 32 26 to
382 2484 171 40 cultivate,)
584 2494 43 20 es-

98 2530 130 40 pecially
263 2538 111 30 among
397 2534 8 18 '•
417 2537 79 20 men.
562 2525 66 34 The

98 2583 85 18 craze
198 2573 49 28 for
261 2570 123 40 cycling
394 2581 8 23 ;
425 2570 53 29 the
490 2569 139 29 increas-

99 2613 37 29 ed
151 2612 141 29 facilities
308 2611 60 28 and
379 2610 198 39 temptations
595 2613 33 25 to

99 2653 158 40 gambling
271 2651 62 30 and
343 2651 130 39 betting,
491 2651 138 39 together

99 2695 73 30 with
188 2695 53 29 the
269 2693 60 30 bad
343 2692 151 40 example,
519 2693 33 28 m
567 2692 62 29 this

98 2737 70 34 line,
185 2735 139 30 afforded
351 2735 43 39 by
419 2733 122 40 royalty
569 2733 59 29 and

98 2778 102 28 others
229 2777 32 29 m
290 2776 75 39 high
394 2775 113 40 places,-
564 2774 62 29 and

99 2827 97 22 worse
211 2817 62 31 still
301 2817 54 31 the
383 2815 150 40 debasing
563 2825 66 20 rev-

99 2860 127 30 elations
262 2858 87 30 made
386 2858 80 30 from
495 2857 61 38 day
593 2860 33 26 to

99 2902 61 38 day
174 2902 74 28 with
265 2904 118 34 respect
405 2902 33 26 to
454 2899 118 28 actions
598 2899 32 28 of

98 2941 187 39 immorality
341 2938 207 39 surrounding
579 2938 50 30 the

99 2984 135 30 conduct
249 2982 35 29 of
295 2982 51 29 the
362 2992 33 19 so
424 2980 98 31 called
552 2980 77 30 aris-

98 3029 125 35 tocracy
259 3024 35 30 of
325 3022 153 41 England.
532 3021 98 30 These

97 3067 102 38 things
216 3069 113 26 cannot
358 3074 69 30 pass
456 3064 166 28 unnoticed

98 3109 58 28 and
187 3107 131 30 without
353 3105 118 39 having
499 3115 40 18 an
568 3104 60 29 evil

99 3149 88 29 effect
203 3158 83 29 upon
301 3147 53 30 the
368 3148 117 28 nation.
522 3145 107 34 These,

100 3190 60 28 and
175 3191 88 27 other
288 3189 238 28 circumstances
541 3187 90 28 effect

99 3231 50 29 the
174 3229 149 31 standard
345 3229 35 29 of
400 3229 140 38 religion,
570 3227 61 30 and

99 3283 37 19 no
154 3272 121 30 wonder
298 3271 53 30 the
362 3301 4 3 .
376 3271 116 30 church
521 3269 110 29 should

99 3314 60 29 find
177 3313 54 30 her
254 3312 175 30 difficulties
456 3310 175 39 multiplied

99 3356 32 28 m
158 3355 146 38 reaching
332 3354 41 39 by
398 3354 56 28 her
484 3363 33 19 so
534 3352 97 29 called

97 3398 141 36 spiritual
262 3396 150 28 influence
440 3394 52 29 the
522 3394 109 37 people

97 3438 31 27 of
169 3438 59 27 this
264 3446 35 19 or
324 3445 60 29 any
422 3434 88 30 other
534 3443 92 19 coun-

102 3486 59 32 try.
214 3470 5 6 *

187 3703 68 23 THE
275 3703 173 23 NATIONAL
479 3702 67 24 ASS.

134 3797 44 25 We
195 3798 63 24 have
286 3798 19 23 it
328 3797 65 25 from
410 3797 64 32 good
504 3797 127 31 authority

101 3841 54 24 that
181 3841 41 24 the
250 3841 119 24 National
398 3840 101 25 Animal
527 3840 21 24 is
572 3840 57 25 sick.

102 3884 49 23 But
164 3891 35 16 we
221 3886 65 22 trust
315 3886 43 21 not
386 3884 52 23 sick
459 3886 61 21 unto
547 3884 82 28 death,

101 3935 27 15 as
144 3928 20 22 it
181 3935 48 15 was
254 3927 194 30 contempelated
466 3928 26 23 to
509 3929 46 28 put
579 3927 51 24 him

101 3971 25 23 m
156 3970 108 31 training
282 3972 25 22 to
324 3978 48 16 run
402 3971 40 23 Sir
459 3970 109 24 Eichard
595 3971 36 24 for

103 4015 41 24 the
155 4015 92 30 Ashley
393 4014 46 25 We
451 4022 41 17 are
509 4015 122 24 informed

102 4058 55 25 that
181 4058 36 25 his
241 4066 55 17 ease
319 4066 49 17 was
398 4058 135 25 submitted
562 4060 24 23 to
598 4067 32 16 an

101 4102 127 31 Amberley
257 4101 98 30 Doctor,
392 4102 55 24 who
475 4102 155 31 pronounced

100 4145 39 24 his
151 4153 54 16 case
219 4147 24 22 to
268 4145 27 23 be
304 4152 47 17 one
371 4144 27 25 of
418 4145 150 32 aggravated
581 4145 47 24 dis-

100 4189 81 30 pepsia
207 4189 62 24 after
280 4188 73 32 being
378 4184 135 36 compelled
536 4191 26 22 to
581 4189 48 24 live

103 4239 31 16 on
146 4239 15 17 a
180 4232 102 25 Liberal
299 4232 50 25 diet
358 4240 6 22 ;
382 4233 41 24 He
443 4233 187 24 recommended

100 4283 14 16 a
125 4278 83 22 return
228 4278 24 23 to
265 4276 97 25 thistles
388 4276 59 26 with
469 4276 80 32 heavy
561 4276 70 25 doses

102 4319 26 24 of
144 4319 87 25 Russei
254 4319 66 32 pills,
355 4319 40 25 He
436 4319 50 26 had
502 4319 63 25 been
593 4321 38 23 for

100 4370 63 17 Bams
175 4364 59 24 tiov*
247 4363 116 25 attended
381 4363 29 31 by
422 4363 94 26 Doctor
542 4363 82 29 Stout,

101 4406 43 25 but
161 4412 42 27 got
231 4407 153 31 continually
414 4408 99 23 thinner
555 4407 76 24 under

100 4450 37 24 his
160 4453 139 22 treatment.
335 4451 51 23 The
404 4450 100 31 general
527 4458 104 16 concen-

100 4502 41 15 sus
170 4495 26 24 of
219 4494 99 32 opinion
339 4494 29 29 is,
388 4495 55 23 that
466 4493 31 24 he
523 4502 58 23 may
600 4494 30 24 be

101 4537 50 25 able
167 4544 24 18 to
203 4540 45 28 put
264 4538 26 24 m
310 4545 31 17 an
365 4544 150 24 appearance
539 4540 25 21 at
588 4538 42 23 the

658 205 57 31 post
732 205 77 25 under
820 205 43 25 the
875 205 92 25 careful
995 205 109 32 training
1116 205 25 25 of
1153 205 42 25 the

659 249 163 29 Association,
839 249 121 31 although
988 249 21 24 it
1031 249 22 24 is
1076 248 74 25 much
1169 250 26 24 to

659 291 30 25 be
714 293 123 31 regretted
849 292 55 26 that
925 292 58 32 they
1007 292 65 25 have
1089 292 106 32 nothing

659 335 80 25 better
751 334 61 26 than
832 335 99 25 thistles
950 336 26 24 to
994 335 54 25 feed
1059 336 52 24 him
1124 336 68 29 with,

660 379 64 25 their
734 379 55 25 feed
806 378 48 26 box
865 379 93 30 having
969 378 101 26 become
1087 379 105 25 sudden-

661 423 23 31 ly
702 422 114 32 depleted
834 421 32 33 by
890 421 41 24 the
952 422 107 31 .scarcity
1077 422 26 24 of
1119 422 74 25 Over-

661 466 66 25 draft
749 466 62 24 oats.

673 512 4 5 1
694 504 45 32 We
749 511 4 6 '
759 508 151 26 understand
926 508 32 25 he
978 509 22 25 is
1021 510 26 24 to
1059 509 28 24 be
1104 509 89 25 ridden

661 555 32 31 by
705 553 156 32 Progressive
885 552 52 25 Tax
960 553 78 25 under
1056 553 43 25 the
1112 553 81 26 Social

661 599 59 24 Pest
730 596 159 33 regulations,
908 595 48 25 and
977 604 26 16 as
1026 597 45 25 the
1090 596 104 27 Liberal

661 642 65 24 Hoss
737 640 129 26 continues
883 639 28 24 m
930 647 55 16 rare
1008 640 76 27 fettle,
1104 647 37 17 we
1153 649 39 16 ex-

661 686 53 31 pect
739 686 27 22 to
789 691 49 17 see*
856 682 42 26 the
923 682 105 32 Donkey
1054 682 97 26 imitate
1179 692 14 17 a

661 727 116 27 Rainbow
819 725 88 33 sprawl
927 729 26 22 at
976 726 42 25 the
1043 725 56 27 first
1132 726 60 26 bur-

661 773 48 25 die.

785 970 297 32 MAGISTERIAL.

709 1024 4 9 i
722 1030 7 4 ,
899 1024 56 9 iel&'
1097 1029 3 3 .
1201 1024 2 13 j

850 1046 150 27 OXFORD,

659 1112 12 8 <••
693 1099 88 26 Before
799 1098 100 25 Messrs-
908 1096 24 25 J;
950 1096 101 32 Ingrain
1064 1093 50 26 and
1125 1092 68 26 John

661 1138 149 26 O'Halloran
822 1162 2 3 .
829 1137 25 24 J.
875 1136 41 24 Ps.

695 1211 152 28 Osborne.V-
872 1202 129 30 Richards.
1037 1205 81 25 Claim
1141 1204 54 24 £18

660 1253 37 24 for
726 1258 88 24 wages.
863 1248 138 31 Judgment
1010 1270 4 2 .
1028 1246 45 24 for.
1088 1244 110 32 plaintiff

661 1289 60 26 wiHi
732 1291 65 22 costs
811 1289 32 24 £1
856 1288 34 24 2s.
933 1287 48 23 less
991 1285 16 33 \
1019 1293 15 16 a
1045 1284 61 31 days
1118 1283 77 32 wage's

660 1331 104 30 charged
776 1330 27 23 m
816 1336 76 17 error.

758 1381 18 31 ..'.
795 1381 166 32 Aldridge.v.
988 1378 75 26 Cook.
1100 1401 3 2 .
1177 1383 17 30 >'.

694 1423 83 24 Claim
807 1421 36 23 £1
867 1421 29 23 4s
920 1419 32 24 Od
986 1417 151 31 Judgement
1160 1416 38 24 for

660 1461 108 32 plaintiff
782 1460 60 23 with
854 1460 73 22 costs.

658 1527 2 3 .
670 1508 3 9 ;
736 1526 3 3 .
775 1505 91 26 Parish
877 1508 33 21 V..
921 1500 157 36 Woodward.

660 1547 80 25 Claim
751 1547 34 23 £1
796 1547 28 23 7s
835 1543 31 26 6d
876 1543 32 24 In
920 1541 50 26 this
982 1549 13 18 c
993 1567 3 6 :
996 1540 93 30 age.i&lr
1097 1539 98 32 Ingraro

660 1585 110 25 declined
793 1586 25 22 td
843 1581 143 32 adjudicate'
993 1576 10 28 \
1012 1576 44 30 hsV
1063 1578 134 25 defendant

660 1627 50 23 had
727 1625 92 31 spoken
868 1623 50 24 him
930 1615 201 32 abi3Usthe~cas?e,

680 1708 2 2 ■
809 1707 4 1 ■
996 1692 14 17 ""'
1048 1695 7 23 )

947 1724 3 11 '
1037 1714 18 33 :i

659 1848 544 22 UNKNOWN

692 1927 53 25 The
763 1926 93 25 Oxford
868 1927 47 22 Ist.
928 1924 86 24 fifteen
1025 1944 3 3 .
1037 1922 89 31 played
1152 1921 43 24 the

659 1974 86 26 return
758 1971 84 24 match
866 1969 60 24 with
944 1967 124 25 Hororata
1091 1973 32 17 on
1137 1966 57 24 Sat-

659 2018 77 28 urday
743 2037 2 3 .
753 2015 49 24 last
814 2018 26 20 at
863 2013 131 26 Hororata,
1012 2010 81 25 which
1117 2009 79 24 ended

659 2061 62 24 after
733 2065 95 23 a,-very
848 2056 64 24 hard
936 2054 89 31 fought
1051 2060 71 24 game
1141 2052 27 23 m
1180 2060 15 15 a

659 2105 73 28 draw,
883 2098 51 26 side
964 2098 105 31 scoring,
1097 2094 97 26 Oxford

659 2155 59 18 were
736 2141 312 30 afterwards.entertained
1060 2141 26 24 at
1106 2138 89 25 dinner

659 2193 30 30 by
716 2192 42 24 the
776 2190 75 24 home
873 2190 67 22 team
964 2186 70 23 when
1055 2193 15 16 a
1082 2191 57 24 very
1152 2191 41 16 en-

659 2235 96 34 joyable
767 2233 105 30 evening
883 2239 51 17 was
948 2234 80 27 spent.

692 2279 53 24 The
758 2277 93 25 Oxford
877 2275 57 24 2nd.
955 2274 84 24 fifteen
1051 2272 88 31 played
1152 2270 41 25 the

659 2321 75 26 Birch
753 2320 54 24 Hill
818 2318 100 25 football
935 2316 64 25 Club
1012 2317 27 22 at
1059 2315 131 28 Pearspn's

659 2365 63 25 Park
734 2371 33 17 en
792 2361 121 31 Saturday
1040 2356 77 25 Birch
1135 2355 55 25 Hill

659 2408 86 26 kicked
770 2407 35 25 off
826 2406 96 31 against
945 2402 43 25 the
1011 2401 67 26 wind
1099 2400 50 25 and
1160 2400 31 30 by

659 2453 47 24 fast
717 2451 125 30 following
863 2456 35 23 up
920 2450 43 28 got
986 2446 43 24 the
1057 2444 51 24 ball
1131 2443 56 24 well

659 2496 51 25 into
722 2494 42 25 the
776 2491 92 26 Oxford
891 2488 161 33 twenty-five,
1071 2486 81 26 where
1178 2493 15 15 a

659 2541 34 25 lot
721 2538 27 25 of
776 2542 155 24 scrummage
960 2532 66 26 work
1052 2538 48 18 was
1129 2537 63 25 gone

659 2583 112 31 through,
790 2582 50 22 and
859 2580 32 29 by
917 2578 75 28 hard,
1009 2576 64 25 work
1103 2573 100 27 Oxford,

659 2629 40 29 got
722 2626 43 23 the
793 2622 141 26 ballvbajk
960 2623 31 26 to.
1007 2620 40 24 the
1093 2617 99 25 visitors

659 2668 156 33 twenty-five,
866 2665 73 26 when
978 2663 40 25 W.
1068 2661 59 24 Free
1151 2660 42 31 got

659 2715 133 32 possession
819 2710 49 25 and
889 2707 88 33 posted
1005 2715 15 16 a
1042 2707 58 22 neat
1125 2703 64 32 goal.

659 2759 93 26 Scores,
765 2753 93 27 Oxford
869 2751 16 25 i
908 2752 84 31 points
1004 2752 25 23 to
1041 2750 45 23 nil-
1124 2748 68 24 After

659 2801 42 26 the
712 2799 57 26 kick
792 2799 44 24 out
859 2796 71 25 there
953 2802 50 17 was
1026 2801 15 17 a
1063 2792 36 25 lot
1112 2791 26 25 of
1147 2799 45 16 un-

659 2845 145 30 interesting
832 2846 55 28 play
916 2841 79 29 owing
1024 2842 25 21 to
1072 2837 42 25 the
1142 2836 51 24 hall

661 2891 75 29 being
754 2896 27 16 so
790 2893 85 26 greasy
888 2884 49 25 and
950 2885 55 23 wet.
1023 2882 45 25 but
1079 2881 33 31 by
1130 2879 63 32 good

659 2934 55 32 play
743 2931 42 25 the
813 2929 99 25 visitors
939 2934 68 16 were
1028 2932 60 18 soon
1105 2925 45 30 put
1166 2922 27 24 m

659 2976 120 31 difficulty
800 2973 72 33 again
893 2971 31 25 G.
952 2969 100 26 Garlick
1072 2968 33 32 by
1132 2976 13 15 a
1157 2966 37 26 bit

659 3023 27 26 of
708 3021 64 33 good
789 3021 57 30 play
860 3016 83 32 scored
954 3024 15 17 a
980 3018 48 28 try.
1065 3014 52 23 The
1137 3012 55 25 kick

661 3070 26 20 at
717 3065 58 31 goal
800 3071 47 22 vyas
884 3069 12 16 a
922 3060 96 28 failure,
1042 3056 54 25 half
1134 3057 61 24 time

659 3117 55 17 now
726 3109 75 29 being
823 3105 86 26 called.
952 3105 86 24 Scores
1063 3101 92 25 Oxford
1178 3103 15 23 7

659 3154 82 31 points
753 3154 26 22 to
791 3151 46 24 nil.
873 3149 69 24 After
954 3148 43 25 the
1009 3147 56 24 kick
1089 3145 42 28 off,
1152 3145 43 24 the

661 3192 96 29 visitor's
769 3192 89 33 played
882 3201 31 22 up
937 3191 75 24 much
1032 3190 86 27 better,
1143 3187 50 24 and

660 3241 65 24 often
736 3238 50 25 had
798 3237 43 25 the
856 3237 74 28 lipme
942 3240 62 19 team
1016 3235 28 23 m
1066 3231 128 31 difficulty,

659 3283 46 25 but
717 3282 32 32 by
762 3281 71 32 good-
851 3279 118 30 collaring
992 3278 26 25 of
1037 3277 42 25 the
1101 3274 95 26 Oxford

661 3331 63 21 team
755 3326 58 30 they
836 3331 63 18 were
929 3322 89 25 unable
1063 3323 25 22 to
1119 3326 75 21 score,

660 3370 93 26 Oxford
765 3370 74 30 being
851 3367 81 25 forced
945 3374 33 16 no
995 3366 51 25 less
1058 3364 62 25 than
1141 3363 55 24 four

659 3423 27 15 or
697 3408 49 29 five
757 3413 82 27 times;
851 3412 61 24 time
939 3418 54 16 now
1023 3409 73 29 being
1106 3406 89 24 called.

663 3457 94 27 Scores,
772 3454 94 25 Oxford
879 3455 15 24 7
913 3453 91 31 points,
1018 3460 15 16 a
1044 3450 85 33 potted
1141 3450 55 31 gpal

661 3502 48 24 and
728 3509 15 15 a
764 3502 47 29 try,
838 3501 25 22 to
892 3497 45 25 nil.
972 3497 40 24 Mr
1040 3495 39 25 W.
1109 3494 87 25 Neithe

661 3554 48 16 was
720 3544 98 24 referee.
854 3542 51 24 The
924 3542 101 24 visitors
1045 3547 61 17 were
1124 3538 71 25 after-

660 3587 78 26 wards
765 3584 156 27 entertained
946 3586 25 22 at
993 3583 87 25 dinner
1100 3582 31 31 by
1154 3580 43 25 the

662 3631 91 27 Oxford
765 3630 63 26 Club
839 3633 26 22 at
877 3627 138 26 Harowood
1027 3627 76 29 Arms,
1115 3624 82 26 where

661 3684 32 17 an
722 3675 121 25 excellent
871 3672 88 32 spread
986 3679 51 16 was
1071 3669 124 32 provided,

659 3720 63 24 after
733 3718 81 25 which
837 3725 15 17 a
874 3723 58 24 very
955 3714 115 32 pleasant
1093 3712 105 30 evening

659 3770 51 19 was
728 3763 81 31 spent.

693 3897 138 26 OXFORD
859 3894 167 27 WORKING
1054 3891 106 26 MEN'S

877 3936 100 25 CLUB.

918 3978 26 12 —^-

690 4006 54 25 The
774 4004 108 25 General
909 4003 98 24 Annual
1036 4000 107 31 meeting
1173 3998 26 25 of

659 4044 50 25 this
722 4043 64 26 Club
809 4051 48 17 was
887 4041 59 26 held
972 4048 33 17 on
1034 4039 69 26 19fch.
1136 4039 59 23 inst.

659 4083 56 31 only
727 4083 30 22 25
781 4083 123 22 members
929 4079 71 30 being
1021 4078 99 31 present
1144 4078 51 22 out.

659 4122 24 25 of
696 4130 15 16 a
731 4121 62 24 total
812 4121 105 24 number
940 4119 27 24 of
990 4119 57 23 125.
1056 4120 3 4 '

692 4162 51 25 The
755 4161 101 26 balance
877 4159 76 25 Sheet
970 4158 81 25 which
1063 4163 51 18 was
1134 4155 60 25 read

659 4201 48 24 and
730 4199 104 32 adopted
869 4197 100 25 showed
997 4204 15 17 a
1056 4194 82 26 Credit
1166 4194 26 24 of

659 4241 68 23 £107
747 4240 52 23 17s.
825 4237 40 25 6d.

692 4277 41 25 Mr
766 4276 24 24 J.
822 4274 115 26 Webster
982 4280 51 17 was
1061 4270 137 26 re-elected

663 4315 130 25 President
817 4313 51 25 and
880 4313 40 24 Mr
943 4312 69 25 John
1037 4309 71 26 Weld
1127 4309 70 25 Vice-

661 4353 137 28 President,

696 4394 75 24 Votes
783 4393 26 24 of
828 4391 92 26 thanks
941 4398 59 17 were
1020 4389 87 32 passed
1119 4391 25 22 to
1155 4387 43 25 the

661 4432 104 30 retiring
788 4431 101 24 Oncers
914 4428 49 25 and
980 4427 44 25 the
1044 4427 153 26 Committee,

664 4472 46 24 and
730 4471 63 24 after
817 4469 105 31 electing
945 4476 15 16 a
983 4466 149 26 Committee
1155 4466 43 24 the

662 4509 109 31 meeting
794 4506 157 29 terminated,
986 4505 62 25 with
1068 4512 16 18 a
1099 4508 56 22 vote
1174 4504 26 25 of

659 4547 92 26 thanks
763 4550 25 22 to
811 4546 43 25 the
885 4545 145 25 Chairman.

1256 219 205 26 ELECTORAL
1488 219 234 26 BOUNDARIES.

1256 285 45 25 We
1312 286 62 25 bare
1380 287 26 24 to
1418 287 168 31 congratulate
1596 294 46 17 our
1654 286 100 31 friends,

1223 329 55 24 who
1301 337 40 17 are
1364 329 120 25 members
1513 330 27 24 of
1571 330 41 25 the
1635 329 122 26 National

1223 372 151 26 Association
1386 381 33 17 on
1431 374 42 24 the
1482 373 49 25 fact
1547 372 57 26 that
1615 371 43 27 the
1677 372 78 26 boun^

1222 417 78 24 daries
1312 425 40 15 are
1364 422 58 26 very
1433 416 103 32 slightly
1549 417 102 30 altered,
1675 416 80 24 there-

1221 459 50 26 fore
1284 461 40 23 the
1336 460 115 25 Political
1463 459 83 25 Battle
1564 460 51 24 will
1628 461 28 24 be
1668 459 88 32 fought

1222 511 31 18 on
1265 503 43 26 the
1320 511 68 18 same
1400 503 96 31 ground
1517 511 28 17 as
1558 503 80 26 before
1649 511 6 21 ;
1674 504 26 23 at
1712 503 43 24 the

1221 556 68 16 same
1300 548 61 24 time
1372 555 37 17 we
1421 548 63 24 have
1492 554 33 18 no
1537 547 62 25 wish
1616 550 26 22 to
1655 546 100 25 conceal

1221 591 41 25 the
1273 591 78 30 truth,
1370 591 54 25 that
1451 598 34 16 we
1510 598 71 17 mean
1604 592 26 23 to
1653 591 103 30 support

1221 642 45 17 our
1275 634 41 24 old
1327 634 49 24 and
1383 634 62 24 tried
1451 634 201 31 representatives
1662 633 94 24 Messrs

1222 677 85 24 Budde
1334 677 48 24 and
1427 677 123 24 Meredith
1578 677 106 24 without
1714 676 41 24 the

1221 720 115 33 slightest
1346 720 52 26 fear
1409 720 28 26 of
1454 729 16 16 a
1481 720 141 25 favourable
1633 720 88 25 result.

1221 787 72 25 THE
1323 786 231 26 CANTERBURY
1582 786 173 26 ELECTOR-

1391 842 6 10 «
1435 830 96 25 ATES.
1536 828 50 35 >.
1617 832 11 17 >■
1644 842 12 15 ,;

1254 873 60 25 The-
1325 874 154 31 adjustment
1497 874 27 24 of
1544 874 42 24 the
1608 873 148 26 boundaries

1221 913 27 25 of
1257 914 42 25 the
1322 914 142 25 electorates
1487 914 26 24 m
1525 914 44 25 the
1587 914 80 24 North
1685 913 70 25 Can-

1221 954 99 32 terbury
1332 955 96 25 district
1439 955 62 31 wijl...
1509 957 53 22 not'
1576 953 97 26 involve
1694 953 60 25 such

1221 995 68 29 great
1300 993 108 32 changes
1550 987 85 34 Haken.
1643 993 70 31 place
1726 993 27 23 m

1221 1031 71 23 other
1303 1032 68 29 partis
1381 1032 26 24 of
1416 1032 43 27 the
1465 1031 121 35 -colony;,,-
1602 1021 54 47 T^e
1662 1030 91 24 .north-

1222 1077 42 15 ern
1275 1068 129 32 boundary
1415 1069 26 23 of
1451 1070 41 23 the
1511 1068 93 31 Ashley
1625 1067 131 25 elfec'torate

1221 1106 21 25 is
1265 1113 53 18 now
1337 1106 42 26 the
1406 1106 131 30 01aEejftc.es.
1546 1106 82 30 river*-:
1638 1106 51 31 ?buji
1713 1105 43 24 the

1222 1146 119 26 southern
1361 1148 128 31 boundary,
1505 1147 107 25 remains
1626 1152 30 20 as'
1666 1146 90 29 before,

1223 1186 101 30 Kaiapoi
1344 1185 45 27 has
1402 1186 59 25 been
1473 1185 105 33 slightly,
1594 1185 93 26 altered
1705 1184 52 25 aud

1223 1226 19 24 it
1253 1225 20 24 is
1285 1224 108 25 believed
1412 1226 54 23 that
1485 1224 63 24 that-
1560 1224 98 32 portion
1679 1224 73 23 north

1223 1264 27 25 of
1264 1263 53 29 the-,
1522 1261 176 39 -forineply^'in
1710 1261 44 25 the

1224 1302 69 24 Avon
1313 1301 136 30 electorate,
1468 1301 43 25 has
1534 1301 73 32 again
1632 1300 64 25 been
1718 1300 38 24 in-

1224 1340 86 25 cluded
1337 1340 27 24 m
1376 1339 113 32 Kaiapoi.
1524 1339 95 25 Belfast
1631 1338 50 26 and
1693 1337 64 26 Cha-

1223 1383 74 31 ney's.
1306 1380 95 25 Corner
1420 1388 39 16 are
1487 1387 56 18 now
1555 1380 92 26 irilthe
1677 1379 78 28 Avon,

1225 1420 44 24 but
1280 1420 48 24 this
1340 1419 131 24 electorate
1489 1419 63 23 loses
1575 1418 56 24 that
1658 1417 97 32 portion

1225 1459 26 23 of
1261 1458 117 24 Linwood
1402 1460 59 20 west
1484 1456 26 24 of
1538 1457 132 23 Stanmore
1692 1455 64 29 road,

1226 1495 80 25 which
1314 1494 119 32 isjifldeqt.
1438 1496 26 23 to
1476 1494 42 24 the
1529 1493 57 32 city,
1611 1493 50 24 and
1669 1492 87 27 .Wool-

1224 1537 63 27 ston,
1301 1533 78 26 which
1391 1534 20 25 is
1434 1532 86 26 tacked
1532 1540 32 17 on
1576 1533 26 24 to
1615 1531 140 33 Lytteltori.

1226 1574 147 34 Governor^
1400 1573 54 31 Bay
1511 1571 71 31 again
1578 1576 4 5 1
1606 1569 114 26 included
1731 1570 26 24 m

1226 1612 41 25 the
1278 1611 129 31 Lyttelton
1430 1610 148 28 Electorate,
1595 1621 7 7 •
1609 1607 82 26 which
1713 1609 45 23 has

1224 1652 53 25 also
1288 1651 60 25 been
1361 1649 121 27 extended
1504 1648 136 29 somewhat
1663 1648 27 24 m
1713 1647 44 25 the

1224 1687 119 30 direction
1354 1691 29 25 of
1390 1683 125 33 Hllswell.
1550 1687 54 27 The
1614 1688 141 25 -Ellesmere

1224 1732 128 25 electorate
1364 1730 21 25 is
1397 1731 52 24 also
1461 1728 122 27 extended
1602 1735 16 17 a
1633 1726 63 26 little
1707 1726 50 24 fur-

1224 1770 55 25 ther
1291 1778 31 16 on
1334 1769 43 25 the
1399 1768 85 25 Plains
1508 1766 57 30 and,
1585 1767 26 25 to
1633 1764 75 26 make
1720 1772 34 23 up

1223 1810 39 22 for
1273 1808 42 24 the
1336 1807 50 24 loss
1398 1806 27 24 of
1444 1805 99 25 Belfast
1560 1795 42 34 thib
1625 1804 132 23 Riccarton

1223 1848 130 25 electorate
1376 1846 69 25 takes
1465 1845 27 24 m
1515 1844 193 35 more.^country
1731 1843 26 23 to

1223 1889 41 24 the
1276 1886 133 26 westward.
1418 1896 7 4 -
1445 1884 53 25 The
1520 1882 123 33 Hospital,
1664 1882 20 25 it
1696 1884 70 28 may-

1222 1928 28 22 be
1263 1924 152 30 mentioned,
1445 1924 22 24 is
1496 1922 54 25 still
1556 1924 71 31 ,1^
1636 1921 44 24 the
1708 1920 49 31 city

1223 1967 164 25 electorate,--.
1391 1964 49 26 -but
1468 1971 14 17 a
1510 1961 76 26 small
1595 1957 113 43 -portion
1733 1959 26 24 of

1223 2004 149 31 Addington,
1384 2002 138 32 previously
1533 1991 115 42 inpluled
1670 1999 28 24 in
1704 1997 50 26 '-the

1223 2037 71 31 triple
1317 2037 139 27 electorate,
1477 2034 47 24 has
1534 2028 75 32 'Meti-.
1629 2032 80 25 added
1718 2034 37 23 ito

1222 2074 142 26 liiccartori;
1414 2074 50 23 The
1489 2070 118 33 Selwy.nj...
1614 2070 98 25 district
1734 2070 22 23 is

1221 2124 57 23 very
1289 2114 63 25 little
1365 2114 94 25 altered
1482 2112 49 24 and
1541 2131 3 2 .
1554 2111 145 25 Asihburton
1710 2110 47 24 has

1221 2156 61 24 been
1293 2154 73 24 made
1378 2161 64 16 more
1463 2152 119 30 compact?.
1689 2149 68 24 Ran-

1217 2199 82 31 .gitata
1327 2197 57 25 and-
1400 2197 105 23 Pareora
1525 2194 147 33 .electorates
1693 2193 63 23 have

1222 2238 62 25 been
1311 2236 140 33 practically
1479 2228 193 42 amalgamated,
1708 2232 49 24 and

1221 2277 43 24 the
1275 2284 54 16 new
1352 2273 97 26 district
1460 2273 44 24 -is-
1516 2267 77 30 c*lied
1595 2271 3 19 :
1611 2270 144 28 .Gferaldine.

1221 2315 53 23 The
1285 2314 120 24 northern
1417 2311 127 31 boundary
1555 2311 26 24 -is
1601 2310 44 27 tl?e
1664 2309 91 31 Rungi-

1222 2353 53 23 tata
1295 2350 73 28 river,
1386 2350 63 25 from
1472 2349 49 25 the.
1542 2356 89 24 ranges
1655 2349 26 23 to
1713 2346 43 25 the

1222 2389 101 32 railway
1350 2389 59 27 line,
1444 2387 49 25 and
1522 2386 59 25 then
1611 2387 76 30 along
1713 2385 43 24 the

1220 2433 81 24 Hinds
1317 2435 24 22 to
1354 2422 43 34 flae
1410 2440 49 16 sea.
1502 2430 53 25 The
1567 2430 96 25 district
1674 2429 21 24 is
1708 2430 49 23 100

1220 2471 71 24 miles
1302 2471 60 25 loner
1381 2470 32 30 by
1424 2469 57 31 fifty
1503 2468 71 28 wide,
1598 2468 51 23 and
1673 2467 21 24 is
1713 2467 43 23 the

1220 2508 91 26 second
1322 2508 91 32 largest
1431 2506 96 25 district
1552 2506 27 24 m
1605 2505 43 26 the
1661 2504 94 32 colony.

1222 2547 132 33 Wakatipu
1369 2547 72 32 being
1460 2546 43 25 the
1527 2545 58 32 only
1598 2553 57 20 ;one
1672 2544 56 24 with
1741 2552 15 16 a

1219 2590 101 30 greater,
1326 2596 64 16 area.
1418 2598 4 14 :
1437 2587 111 24 Temuka
1568 2587 130 26 ha,3,.;been
1711 2585 42 24 ad-

1220 2627 46 23 ded
1278 2628 25 22 to
1326 2625 102 24 Timaru
1445 2625 139 28 electorate,
1604 2623 82 24 which
1710 2623 43 22 has

1220 2665 51 25 also
1283 2663 62 26 been
1365 2662 127 26 extended:
1501 2663 32 25 .to
1557 2661 43 25 the
1609 2660 84 30 ..West
1706 2659 50 25 and

1222 2705 86 30 South,
1346 2703 108 26 Waitaki
1471 2703 47 24 has
1539 2704 42 23 not
1604 2701 63 25 been
1679 2700 76 25 much

1221 2745 99 28 altered,
1339 2752 14 16 a
1391 2744 99 31 portion
1525 2742 27 25 of
1579 2742 42 24 the
1628 2742 128 25 -.Pareora

1221 2783 71 30 being
1303 2782 94 28 added,,
1411 2782 71 25 while
1494 2788 32 18 on
1538 2782 42 24 the
1600 2780 73 29 olfeher
1686 2778 64 25 hand

1220 2822 20 24 it
1256 2822 64 24 loses
1328 2830 13 15 a
1353 2820 72 26 small
1442 2828 54 17 area
1508 2821 26 23 to
1547 2818 132 33 Oamaju.j
1701 2817 54 25 The

1222 2859 178 26 Commissions
1423 2866 89 24 appear
1535 2860 25 22 to
1583 2858 62 25 have
1657 2855 72 26 made
1741 2863 15 16 a

1221 2900 89 31 special
1325 2899 73 31 study
1411 2899 26 24 of
1444 2893 313 37 .p.reserving.ctfm-mumtY'

1221 2940 26 28 of
1264 2940 108 28 interest,
1390 2939 71 25 while
1485 2940 26 23 at
1531 2937 48 27 the,
1593 2935 83 28 Vairne-
1689 2936 63 24 time

1221 2978 126 31 obtaining
1356 2977 42 25 the
1407 2977 117 32 requisite
1537 2975 105 25 number
1654 2973 28 26 of
1692 2975 63 24 elec-

1222 3020 50 23 tors
1291 3017 38 25 for
1357 3018 58 23 each
1432 3023 55 18 new
1512 3015 107 27 district;.,
1666 3014 35 24 As
1725 3022 31 16 an

1221 3057 120 27 instance,
1359 3055 21 24 it
1390 3071 3 3 ■
1401 3062 56 23 may
1480 3053 31 25 ba
1529 3053 144 24 mentioned
1700 3052 57 24 that

1221 3095 26 23 m
1260 3093 126 32 adjusting
1397 3093 43 24 the
1449 3091 128 32 boundary
1590 3090 106 25 between
1711 3090 43 24 the

1223 3135 47 23 two
1282 3133 143 24 electorates
1437 3140 33 16 on
1482 3131 42 24 the
1537 3131 69 24 West
1618 3130 83 28 Coast,
1721 3138 31 16 an

1222 3173 137 25 endeavour
1371 3180 48 17 was
1431 3171 69 25 made
1515 3179 27 16 as
1561 3171 37 23 far
1610 3178 27 16 as
1649 3169 106 32 possible

1223 3213 34 23 to'
1269 3210 97 26 include
1383 3210 42 25 the
1456 3208 102 26 alluvial
1578 3208 55 32 gold
1656 3208 98 30 mining

1223 3252 114 24 districts-
1342 3252 27 23 in
1381 3258 54 22 one,
1456 3249 48 25 and
1517 3249 43 24 the
1578 3252 90 28 quartz
1678 3248 79 24 mine
1763 3248 6 32 3

1222 3292 27 23 m
1260 3290 43 25 the
1315 3290 78 24 other.

1292 3504 405 32 CORRESPONDENCE.

1227 3560 66 20 While
1309 3565 38 14 our
1357 3559 88 19 columns
1459 3563 36 15 are
1510 3563 51 19 open
1570 3560 20 16 to
1599 3557 38 23 all,
1650 3561 29 15 we
1688 3556 26 18 do
1726 3558 36 16 not

1252 3596 90 25 identify
1363 3596 99 19 ourselves
1478 3595 52 19 with
1549 3594 93 26 opinions
1656 3592 107 26 expressed

1253 3634 86 21 therein.

1261 3673 34 24 To
1307 3673 36 22 the
1361 3673 94 24 Editor
1477 3672 32 30 of
1526 3671 36 23 the
1585 3669 143 25 'Observe!-.'

1371 3728 122 26 SOCIAL
1519 3727 97 26 CLUB.

1227 3796 48 30 Sir,

1258 3834 25 25 It
1295 3834 43 25 has
1362 3833 62 26 been
1447 3833 140 31 frequently
1610 3829 76 33 urged
1708 3829 55 25 that

1227 3874 42 23 the
1288 3874 58 23 time
1365 3873 46 23 has
1434 3880 55 16 now
1512 3869 96 25 arrived
1620 3870 38 24 for
1671 3868 92 24 Oxford

1227 3913 24 23 to
1263 3913 63 23 start
1349 3919 15 16 a
1383 3910 78 25 Local
1491 3908 63 26 Club
1578 3916 29 17 on
1633 3907 43 25 the
1698 3906 65 25 lines

1225 3951 119 32 proposed
1364 3954 25 21 at
1413 3949 135 32 Raugiora,
1578 3949 47 24 viz.
1657 3946 106 26 suitable

1225 3998 82 17 rooms
1319 3989 89 25 should
1420 3988 29 25 be
1469 3987 111 32 engaged
1591 3986 50 24 and
1651 3985 110 25 furnish*

1227 4029 29 25 ed
1275 4029 80 25 where
1386 4027 79 29 chess,
1492 4025 130 32 draughts,
1653 4024 110 25 billiards

1226 4069 51 25 and
1295 4069 69 24 other
1375 4075 85 24 games
1481 4066 71 24 coula
1566 4066 30 24 be
1615 4065 87 31 played
1714 4064 49 24 and

1227 4107 43 24 the
1284 4106 113 24 business
1421 4112 56 16 men
1502 4103 49 24 and
1570 4102 92 32 youths
1677 4101 27 25 of
1721 4101 42 25 the

1226 4147 65 22 town
1303 4143 56 25 coul
1362 4144 11 23 J
1382 4150 67 17 mees
1465 4141 37 24 for
1515 4141 75 24 social
1601 4141 160 27 intercourse,

1225 4184 50 25 and
1286 4184 21 24 is
1318 4186 69 22 must
1408 4182 28 25 be
1458 4181 128 31 distinctly
1611 4179 152 26 understood

1227 4225 55 24 that
1293 4233 34 15 no
1347 4222 165 31 intoxicating
1530 4221 133 31 beverages

1227 4263 29 25 be
1280 4261 105 26 allowed
1407 4261 27 24 m
1464 4260 43 25 the
1536 4259 78 32 place.
1651 4258 68 26 Such
1749 4266 15 16 a

1227 4304 54 25 club
1309 4311 33 17 on
1371 4302 43 25 the
1437 4300 120 34 proposed
1590 4299 65 25 lines
1683 4298 81 25 would

1227 4346 73 28 proVe
1313 4350 14 17 ft
1338 4344 70 29 great
1422 4341 62 24 boon
1507 4342 26 21 to
1551 4338 102 25 Oxford,
1677 4337 49 25 and
1746 4337 21 25 if

1227 4384 186 29 arrangements
1437 4377 74 27 could
1538 4377 29 25 bn
1596 4377 72 25 made
1703 4375 63 25 with

1228 4421 43 26 the
1291 4424 101 28 present
1404 4420 90 25 leasers
1509 4417 27 25 of
1545 4417 43 25 the
1611 4418 50 24 late
1674 4415 91 26 Oxford

1229 4461 84 29 Hotel,
1333 4460 83 32 plenty
1440 4458 27 25 of
1489 4456 183 26 accomodation
1693 4454 73 26 could

1228 4502 30 25 be
1275 4500 125 32 provided.
1453 4497 52 26 The
1544 4497 107 32 position
1681 4496 27 25 of
1723 4497 43 23 the

1230 4540 117 33 promises
1359 4539 22 25 is
1403 4537 151 26 convenient
1565 4536 38 25 for
1626 4535 58 25 both
1703 4534 63 24 East
1773 4536 2 22 I

1786 203 48 25 and
1858 202 70 26 West
1952 202 101 31 Oxford,
2088 204 49 23 and
2156 203 22 25 if
2204 203 70 26 there
2297 203 23 25 is

1785 250 70 16 room
1877 240 38 25 for
1943 240 70 25 three
2042 241 90 25 Hotels
2161 242 28 24 m
2219 242 100 28 Oxford,

1785 282 81 32 surely
1878 281 43 25 the
1926 303 3 4 .
1940 281 157 25 inhabitants
2119 282 75 25 could
2217 287 103 28 support

1785 323 49 23 two
1862 319 87 25 Clubs.
2010 319 13 25 I
2051 327 41 17 see
2120 320 43 25 the
2191 320 128 33 following

1784 366 88 18 names
1895 360 33 23 oh
1951 357 43 27 the
2015 357 125 33 Kangiora
2159 358 159 31 Committee,

1786 400 58 24 Rev.
1869 398 29 24 F.
1923 397 29 25 P.
1975 397 111 29 Fendall,
2116 398 69 25 John
2208 400 111 29 JJobson,

1785 437 24 24 J.
1831 436 38 25 W.
1882 436 96 26 Foster,
1999 435 31 24 C.
2050 435 83 24 Leech
2153 436 50 24 and
2227 437 92 24 others.

1785 475 102 30 Hoping
1898 475 26 22 to
1942 480 39 17 see
2005 473 43 24 the
2071 475 91 23 matter
2184 475 137 24 ventilated

1785 513 118 32 through^
1904 521 62 23 your
1985 514 122 28 columns*

1983 563 13 23 I
2015 570 40 16 am
2076 563 43 23 &c.

2051 617 130 26 SOCIAL.

1992 852 120 26 NOTES.

1818 984 53 24 The
1883 983 60 31 drop
1954 984 24 23 m
1992 984 132 27 insurance
2142 986 92 30 shares,
2260 994 59 17 con-

1785 1024 101 29 sequent
1906 1029 32 17 on
1961 1022 44 25 the
2034 1024 171 25 introduction
2227 1025 28 24 of
2278 1024 43 25 the

1787 1061 169 25 Government
1968 1062 143 25 Insurance.
2123 1064 59 25 Bill,
2201 1064 46 25 has
2260 1065 60 25 been

1785 1099 110 26 arrested
1906 1099 50 26 and
1981 1100 71 26 those
2076 1102 82 26 shares
2170 1103 61 26 have
2259 1103 63 26 been

1785 1140 134 32 improved.

1820 1179 90 25 Messrs
1939 1179 126 30 Hai'pourt
2089 1181 49 24 and
2166 1182 44 30 Co,
2233 1183 88 26 inform

1787 1230 28 17 us
1842 1223 53 24 that
1916 1223 43 24 the
1982 1226 97 23 market
2102 1225 45 24 has
2166 1226 61 25 been
2239 1228 83 31 pretty

1787 1266 52 25 well
1857 1266 75 25 bared
1955 1266 27 25 of
2006 1268 90 30 stocks,
2121 1269 50 25 and
2193 1270 70 25 there
2283 1278 39 17 are

1786 1317 65 17 none
1871 1310 104 31 offering
1994 1311 26 24 to
2062 1315 66 21 meet
2156 1313 119 26 demands
2298 1314 27 25 of

1787 1353 114 32 buyers./
1912 1355 39 4 ""'"
1992 1356 10 22 ':
2052 1359 34 15 •'""
2094 1358 30 20 .■'•"

1796 1418 2 3 .
1822 1397 77 26 Tbere
1926 1407 49 17 was
2017 1400 73 25 much
2126 1405 143 23 movement
2296 1400 27 26 m

1788 1442 82 25 stocks
1882 1442 91 32 during
1981 1466 3 4 .
1996 1444 42 24 the
2057 1445 75 28 week,
2167 1445 62 25 New
2241 1446 81 26 South

1789 1484 81 26 Wales
1880 1485 85 30 3£.felJ
1992 1488 53 23 30s.
2067 1487 50 25 and
2136 1487 61 25 New
2211 1489 110 24 Zealand

1787 1526 16 27 S
1815 1531 120 29 percent.
1948 1532 105 23 rose'Ss.
2085 1548 3 4 .
2198 1539 26 17 ■..

1820 1572 31 25 In
1876 1572 43 25 the
1940 1573 135 26 discussion
2088 1583 32 16 on
2141 1574 43 26 the
2196 1576 126 24 Estimates

1787 1624 33 16 on
1846 1616 113 31 Tuesday
1987 1617 73 31 night
2083 1618 41 23 Mr
2136 1618 29 24 T.
2189 1619 134 25 McKtnzie.

1787 1659 104 26 accused
1916 1660 44 24 the
1984 1661 172 25 Government
2181 1662 27 25 of
2224 1663 47 24 bad
2293 1663 30 24 fi-

1787 1712 77 17 nance
1873 1703 27 25 m
1912 1704 97 32 issuing
2022 1706 15 23 4
2046 1713 44 24 per
2101 1708 60 23 cent
2175 1706 148 25 debentures

1787 1748 38 25 for
1836 1748 120 32 purchase
1979 1749 26 24 of
2028 1750 100 27 estates,
2152 1749 70 26 these
2234 1750 87 25 deben-

1789 1794 68 22 tures
1883 1791 75 31 being
1985 1792 169 31 immediately
2182 1793 141 24 afterwards

1788 1835 53 25 sold
1853 1835 26 24 m
1891 1833 121 27 London--
2022 1836 26 24 at
2071 1842 15 18 a
2108 1835 124 31 premium
2255 1836 26 25 of
2292 1837 31 24 10

1787 1887 43 25 per
1852 1880 66 24 cent:
1970 1879 54 25 The
2055 1879 111 25 Premier
2194 1880 129 32 explained

1783 1924 60 25 .that.
1851 1924 16 23 -A
1879 1931 44 23 per
1942 1924 57 23 cent
2020 1931 49 16 was
2095 1922 43 25 the
2162 1925 55 23 rate
2238 1924 85 31 ruling

1785 1968 39 25 for
1836 1975 88 24 money
1936 1969 28 23 at'
1975 1967 63 25 the/
2042 1969 60 23 time
2123 1967 41 25 the
2175 1967 146 26 debentures

1787 2020 62 16 were
1860 2011 92 25 issued.
1988 2011 57 24 The
2068 2011 113 24 Minister
2197 2012 27 23 of
2238 2012 85 25 Lands

1787 2063 57 23 says
1853 2055 42 24 the
1908 2062 69 16 same
1998 2056 79 23 estate
2096 2054 21 24 is
2138 2056 127 30 returning
2278 2056 42 23 the

1788 2098 171 26 Government
1987 2099 13 23 6
2026 2105 44 24 per
2093 2099 56 23 cent
2175 2106 32 16 on
2230 2098 42 26 the
2282 2107 40 17 ex-

1785 2143 139 32 penditure.
1978 2161 8 3 -

1786 2362 188 61 LOCAL
1993 2363 39 56 and
2051 2362 271 60 GENERAL

1818 2473 145 24 Limelight
1980 2481 31 23 _-_-
2016 2473 223 24 Entertainment.
2242 2487 33 4 —
2276 2472 47 25 We

1786 2511 79 25 would
1874 2511 88 31 draw...
1963 2519 45 21 pur
2021 2511 108 30 ..readers
2149 2512 124 25 attention
2294 2515 25 22 tc

1785 2561 33 16 an
1829 2552 193 26 advertisement
2046 2553 26 25 m
2095 2552 50 26 this
2163 2552 67 26 issue
2253 2553 65 25 from

1785 2592 50 23 Mr.
1840 2592 77 27 Knot,
1930 2592 54 24 that
1998 2599 15 16 a
2024 2591 297 28 Limelight.Entertain-

1785 2632 69 23 ment
1868 2630 51 25 will
1931 2630 29 25 be
1972 2630 71 32 given
2055 2638 33 17 on
2099 2630 17 24 S
2124 2631 81 31 unday
2217 2630 106 30 evening

1785 2671 25 22 at
1822 2668 43 25 the
1876 2669 64 24 East
1953 2669 90 24 Oxford
2058 2669 76 24 Town
2147 2669 60 24 Hall
2220 2669 102 25 entitled

1785 2708 42 24 the
1841 2716 4 5 •
1849 2707 63 25 'Life
1923 2703 27 29 of
2132 2708 38 24 No
2193 2707 88 32 charge
2300 2708 26 24 of

1785 2748 136 24 admission
1945 2747 54 25 will,
2014 2749 30 23 be
2065 2747 86 28 made,'
2176 2747 44 25 but
2237 2756 16 16 a
2274 2748 49 24 col-

1784 2787 97 29 lection,
1893 2786 81 27 which
1987 2795 43 17 we-
2036 2787 64 32 hope
2112 2786 49 26 will
2176 2788 27 24 be
2210 2787 113 33 liberally

1785 2828 136 32 responded
1944 2830 33 23 to.

1818 2892 148 24 Influenza.
1966 2906 27 3 —
1993 2906 4 8 =
2001 2892 62 24 Now
2071 2892 61 23 -this
2160 2892 119 31 epidemic
2297 2893 28 23 m

1785 2935 131 31 becoming
1926 2933 128 33 prevalent
2063 2942 37 17 we
2112 2934 112 32 strongly
2233 2943 90 17 recom-

1789 2979 73 24 mend
1874 2978 42 25 the
1928 2978 49 25 free
1989 2986 43 17 use
2044 2978 27 25 of
2081 2978 122 32 Platypus
2210 2979 85 26 Brand
2304 2987 14 16 o

1786 3023 154 32 Eucalyptus
1955 3022 123 25 Globulus
2107 3022 112 29 Extract,
2248 3024 76 24 taken

1788 3074 66 24 upon
1878 3074 73 23 sugar
1979 3073 28 17 or
2025 3066 28 24 m
2076 3065 71 25 milk.
2183 3066 53 24 The
2259 3067 66 23 most

1786 3111 114 31 pleasant
1911 3118 54 23 way
1976 3112 25 22 to
2010 3110 57 24 takri
2079 3109 156 33 Eucalyptus
2257 3110 22 24 is
2298 3111 27 22 m

1787 3153 43 26 the
1862 3153 116 32 Platypus
2006 3152 87 25 Brand
2121 3153 28 25 of
2170 3153 154 32 Eucalyptus

1787 3198 115 30 Jujubes.
1938 3197 70 30 They
2020 3205 42 16 are
2072 3198 26 22 m
2114 3197 71 24 such.
2189 3205 14 15 a
2214 3196 111 32 portable

1787 3238 70 28 form,
1870 3237 114 32 pleasant
1996 3238 25 24 to
2034 3238 73 28 taste,
2126 3237 49 25 and
2192 3238 134 31 antiseptic

1789 3281 139 25 stimulant.

1823 3358 44 24 Mr
1885 3357 29 25 P.
1935 3358 30 24 B.
1984 3357 80 25 Lane.
2067 3372 33 3 —
2101 3357 178 26 Watchmaker
2304 3358 26 24 of

1789 3402 132 31 Bangiora,
1940 3401 100 24 notifies
2075 3409 29 16 us
2134 3401 56 25 that
2224 3402 32 24 he
2276 3401 51 25 will

1789 3445 57 24 visit
1875 3444 93 25 Oxford
1985 3452 33 17 on
2048 3444 89 29 Thurs,
2167 3445 99 31 Friday,
2279 3445 49 24 and

1791 3485 130 32 Saturday.
1934 3485 63 32 Aug,
2019 3485 40 26 27.
2090 3486 39 28 28,
2148 3485 48 25 and
2220 3487 40 27 29,
2288 3485 40 25 Mi-

1789 3530 70 25 Lane
1871 3529 50 25 will
1933 3538 72 23 carry
2022 3532 13 22 a'
2049 3537 59 23 very
2128 3530 119 31 complete
2260 3530 68 25 stock

1790 3573 27 25 of
1831 3573 107 25 watches
1951 3573 50 25 and
2010 3573 116 31 jewellry,
2144 3573 26 24 of
2180 3573 149 32 guaranteed

1790 3616 102 32 quality,
1927 3616 130 32 including
2091 3616 94 25 several
2220 3617 64 24 lines
2302 3617 26 24 of

1791 3661 105 26 watches
1921 3661 52 32 just
2006 3666 25 19 to
2067 3661 78 26 hand,
2178 3661 152 31 comprising

1791 3701 184 27 Eotherham's,
2018 3701 160 27 Ehrhardt's,
2214 3701 116 24 Baume's

1791 3741 49 23 and
1857 3749 15 15 a
1889 3740 97 32 youth's
2015 3739 78 25 watch
2119 3740 28 24 m
2173 3741 63 23 solid
2255 3741 74 24 silver

1791 3793 76 21 cases,
1886 3792 15 16 a
1918 3784 95 25 marvel
2031 3784 27 24 of
2079 3784 148 31 cheapness.

1823 3827 105 32 Eepairs
1940 3828 117 24 executed
2076 3827 27 24 m
2115 3835 15 16 a
2147 3826 180 27 workmanlike

1791 3874 105 16 manner
1909 3869 24 21 at
1951 3875 59 22 very
2027 3866 48 24 low
2086 3869 78 21 rates.

1824 3948 69 25 Band
1905 3957 30 17 of
1958 3949 80 25 Hope.
2043 3963 34 5 —
2078 3949 52 25 The
2151 3949 63 25 East
2238 3949 93 26 Oxford

1791 3992 73 25 Band
1875 3992 27 25 of
1923 3993 71 32 Hope
2019 4002 50 16 was
2093 3993 58 25 held
2174 4002 32 16 on
2238 3993 92 32 Friday

1791 4036 43 25 the
1847 4037 71 27 14th,
1930 4038 69 30 inst.,
2015 4037 76 27 when
2103 4045 15 16 a
2130 4045 58 24 very
2201 4037 129 32 enjoyable

1792 4083 105 30 evening
1924 4090 50 16 was
2004 4083 81 25 spent,
2121 4081 63 24 Miss
2209 4081 117 31 Aldridge

1791 4126 114 31 presided
1928 4127 26 22 at
1982 4125 43 24 the
2054 4132 78 23 organ
2161 4124 50 24 and
2238 4123 93 32 played

1791 4169 62 24 ■well.
1889 4169 22 24 A
1933 4168 90 32 speech
2035 4175 51 17 was
2104 4167 123 24 delivered
2241 4167 33 32 by
2290 4167 41 24 the

1791 4212 138 29 President,
1949 4211 42 25 Me
2009 4210 131 33 Wagstaff.
2175 4210 56 25 The
2252 4210 74 25 ottiet

1794 4256 72 25 iteoiß
1891 4263 62 17 were
1973 4263 27 17 as
2028 4254 111 26 follows:
2169 4254 114 31 readings
2300 4253 32 31 by

1796 4300 52 25 Mr
1865 4300 9 25 3
1878 4299 97 31 Dalley,
2007 4299 63 29 Mjss
2104 4297 79 25 Mann
2213 4297 49 25 and
2291 4297 41 25 Mr

1794 4343 101 26 Baxter.
1937 4343 22 24 A
1986 4342 115 32 dialogue
2127 4348 50 17 was
2201 4341 74 31 given
2301 4341 32 32 by

1794 4387 69 25 three
1891 4394 85 23 young
2003 4385 85 28 ladies,
2107 4384 54 25 who
2184 4383 53 26 also
2262 4392 70 24 sang,

1796 4431 42 24 the
1850 4430 100 30 singing
1961 4429 74 30 being
2048 4428 57 24 well
2128 4427 129 29 rendered,
2292 4428 41 23 Mr

1797 4473 88 26 Morris
1898 4480 63 23 sang
1981 4480 15 16 a
2018 4471 54 26 solo
2100 4470 85 25 which
2208 4478 51 18 was
2283 4471 51 24 well

1795 4516 155 34 appreciated
1980 4515 32 33 by
2036 4516 42 25 the
2104 4514 127 25 audience.

2381 205 141 24 Political.
2525 203 77 25 —We
2625 203 81 25 would
2728 203 96 24 remind
2836 211 45 17 our

2348 243 95 25 readers
2455 243 56 24 tbat
2533 242 43 24 the
2596 241 113 32 monthly
2730 241 110 32 meeting
2857 241 27 25 of

2349 285 42 23 the
2404 282 98 26 Liberal
2525 282 155 24 Association
2699 281 49 24 will
2768 282 30 24 be
2822 282 58 24 held

2349 331 33 17 on
2408 322 129 32 Thursday
2569 323 60 23 next
2653 323 26 23 at
2704 322 15 23 8
2741 329 61 24 p.m.
2838 322 41 24 All

2349 365 138 30 supporters
2499 363 27 25 of
2535 362 43 25 the
2600 362 99 31 present
2711 360 169 26 Government

2349 411 40 17 are
2400 403 94 25 invited
2505 405 26 23 to
2543 402 95 25 attend.

2382 470 136 24 Football.
2564 471 22 23 A
2603 468 103 26 football
2725 468 86 26 match
2831 468 50 25 will

2350 514 29 24 be
2390 513 93 32 played;
2521 514 27 24 m
2576 512 129 29 Pearspn'a
2733 512 66 24 Park
2829 512 51 25 this

2349 557 130 25 afternoon
2507 557 109 24 between
2645 556 92 25 Oxford
2765 564 23 16 t.
2817 556 63 23 Am-

2351 600 81 32 berley
2445 603 46 23 Ist.
2504 600 104 29 fifteens,
2642 601 62 31 Play
2727 602 26 22 to
2770 601 63 23 start
2855 602 26 22 at

2351 645 31 23 12
2395 645 32 23 30
2446 651 60 24 p.m.
2530 643 82 32 sharp..
2648 645 51 23 The
2721 643 159 32 photograph

2350 687 26 24 of
2401 687 43 24 the
2474 685 89 26 Oxford
2592 685 63 26 Club
2680 685 52 26 will
2755 685 31 25 be
2808 685 72 25 taken

2349 731 113 31 previous
2491 734 25 21 to
2544 730 42 25 the
2612 730 89 29 match,
2723 729 33 25 all
2775 730 98 32 players

2350 783 40 17 are
2401 774 129 32 requested
2547 776 26 23 to
2601 774 29 24 be
2650 782 32 16 on
2710 773 41 25 the
2774 772 105 27 Ground

2350 821 44 23 not
2406 819 65 25 later
2497 817 62 26 than
2580 819 42 26 12.
2631 817 101 26 o'clock.
2746 838 3 2 .

2368 998 297 29 CURRANT-BORER,
2702 997 162 24 CURRANT

2353 1042 219 27 CLEAR-WING
2580 1041 163 26 CURRANT
2754 1040 127 25 SPHINX

2383 1101 39 33 By
2431 1101 29 25 T.
2472 1099 39 27 W.
2520 1099 70 29 Kirk,
2604 1098 154 29 F.L.5.,&e.,
2767 1096 83 26 Lon.d

2384 1168 61 24 This
2462 1166 71 25 moth
2567 1172 58 25 may
2643 1163 96 32 usually
2767 1163 29 25 be
2825 1171 56 17 seen

2352 1212 62 24 from
2427 1209 143 38 September
2593 1208 104 25 onfrard.
2733 1207 53 24 The
2805 1207 77 31 wings

2352 1256 25 24 of
2393 1256 41 23 the
2446 1254 89 31 perfect
2547 1252 87 29 moth,-
2651 1251 73 25 when
2746 1250 134 32 expanded,

2352 1307 107 17 measure
2478 1298 75 25 about
2575 1297 78 25 three-
2667 1299 112 28 quarters
2801 1294 27 25 of
2850 1301 32 17 an

2352 1344 56 25 inch
2439 1343 63 25 from
2523 1341 36 32 tip
2589 1342 25 23 to
2637 1339 43 33 tip,
2708 1339 172 30 transparent;

2352 1390 76 28 yeins,
2448 1387 48 25 arid
2507 1394 16 17 a
2540 1393 66 18 cross
2629 1383 51 26 bar'
2693 1391 60 16 near
2765 1383 43 24 the
2818 1382 63 25 mid-

2352 1433 46 28 dle,
2412 1432 78 25 black.
2526 1430 33 24 At
2579 1430 40 23 the
2640 1428 48 25 end
2707 1427 27 25 of
2744 1427 61 25 each
2817 1426 66 31 wing

2352 1476 20 24 is
2384 1484 14 15 a
2406 1475 72 24 black
2489 1473 83 32 patch,
2594 1472 61 24 with
2668 1479 89 22 copper
2768 1470 115 24 coloured

2352 1519 145 25 reflections.
2532 1516 68 32 Body
2643 1522 57 24 very
2730 1512 60 26 dark
2815 1512 66 29 blue,

2352 1564 55 23 with
2420 1560 187 34 golden-yellow
2620 1559 62 24 bans
2705 1566 33 17 on
2757 1554 123 31 shoulder,

2352 1606 49 24 and
2428 1606 55 24 four
2510 1605 68 30 rings
2599 1602 27 25 of
2652 1609 68 17 same
2737 1600 85 25 colour
2850 1608 32 16 on

2352 1648 138 28 abdoinerV
2517 1647 52 25 The
2597 1654 72 24 eggs,
2681 1653 40 17 are
2740 1644 51 26 laid
2801 1644 26 24 m
2840 1644 43 26 the

2352 1693 123 26 interstics
2488 1691 26 26 of
2532 1691 43 25 the
2588 1690 59 25 bark
2659 1698 26 17 or
2697 1686 71 28 other
2780 1689 107 24 crevices
2903 1705 4 12 ;.

2352 1746 32 17 on
2392 1738 44 24 the
2446 1743 84 25 young
2540 1734 87 26 shoots
2646 1734 26 25 of
2688 1734 107 23 currant:
2807 1728 75 29 busti-
2904 1733 3 12 ;

2352 1790 40 16 es..
2406 1804 4 2 .
2436 1781 68 30 Very
2527 1786 59 17 soon
2616 1778 75 24 small
2718 1776 74 24 white
2808 1776 74 31 grubs

2352 1830 96 25 appear,
2473 1821 82 25 which
2574 1819 171 32 immediately
2764 1820 38 22 eat
2819 1818 66 24 their

2352 1875 49 23 way
2428 1867 54 24 into
2505 1865 42 24 the
2572 1864 72 26 shoot
2670 1862 57 30 and.
2739 1862 92 24 devour
2842 1862 42 24 the

2352 1912 62 31 pith,
2449 1909 83 25 When
2541 1908 77 25 about
2638 1910 26 22 to
2684 1908 58 23 turn
2754 1898 58 32 into''
2818 1913 67 24 pupa

2352 1955 60 25 each
2422 1953 61 32 grub
2583 1960 13 15 a
2620 1950 64 25 hole^
2702 1950 26 24 m
2741 1956 4 3 '
2756 1948 44 26 the
2820 1951 63 23 stem

2352 1997 147 31 sufficiently
2512 1998 70 29 large
2606 1999 25 20 to
2652 1994 74 24 allow
2744 1993 43 24 the
2799 1993 49 25 exit
2860 1993 25 24 of

2352 2042 43 23 the
2406 2040 94 32 perfect
2521 2039 89 24 insect.
2645 2038 24 23 It
2688 2037 59 24 then
2771 2036 68 24 takes
2851 2044 33 23 up

2352 2094 14 16 a
2391 2084 107 33 position
2519 2082 53 32 just
2599 2081 75 26 below
2691 2080 43 25 the
2746 2080 67 28 hole,
2844 2087 39 17 as-

2352 2137 83 18 sumes
2448 2128 43 25 the
2502 2132 76 27 pupa:
2591 2126 76 29 dress,
2685 2124 62 25 -and
2769 2125 27 23 m
2808 2124 75 24 about

2352 2182 14 16 a
2379 2173 66 25 week
2457 2173 40 23 the
2509 2171 92 31 perfect
2620 2171 66 23 moth
2700 2176 117 23 emerges.

2353 2365 70 23 THE
2446 2360 63 29 OLERGY
2509 2360 22 29 AND
2531 2360 15 29 THE
2546 2360 353 29 LAND

2524 2406 186 22 QUESTION.

2384 2519 87 25 Psalm
2483 2526 54 17 cxx.
2552 2518 30 24 1G
2594 2526 4 16 :
2702 2515 70 25 earth
2780 2516 31 24 he
2822 2515 60 25 ha'tb

2351 2563 73 31 given
2443 2564 26 23 to
2495 2562 41 25 the
2565 2561 111 26 children
2693 2560 30 24 o£
2868 2558 13 24 I

2351 2607 59 23 read
2420 2606 60 24 here
2502 2605 107 29 nothing
2633 2603 74 24 about
2727 2603 107 30 equality
2859 2603 26 22 of

2351 2648 158 26 distribution
2518 2658 6 19 ;
2544 2647 46 24 and
2594 2665 6 11 ,
2622 2646 9 32 j
2636 2646 92 32 udging
2758 2645 64 24 from
2843 2644 27 25 th
2874 2652 13 17 c

2351 2693 135 32 inequality
2509 2692 27 24 of
2547 2690 160 25 distribution
2720 2690 24 23 of
2756 2697 82 23 many,
2865 2689 20 23 if

2351 2738 44 22 not
2403 2737 73 28 most,
2490 2735 26 23 of
2526 2734 77 24 God's
2613 2733 68 32 gifts,
2701 2732 94 27 health,
2820 2732 60 24 bod-
2897 2746 3 13 :

2352 2779 30 31 ily
2396 2778 121 31 strength,
2541 2777 98 31 beauty,
2667 2775 74 32 sight,
2769 2775 109 31 hearing,

2353 2822 95 32 speech,
2478 2822 95 24 mental
2612 2820 94 32 ability,
2742 2819 142 32 eloquence,

2352 2867 102 31 insight,
2467 2867 86 30 genius
2566 2866 40 28 &c,
2620 2866 41 23 the
2673 2863 214 26 inference.would
2899 2871 2 9 '

2352 2918 67 16 seem
2431 2913 26 20 to
2469 2909 31 24 be
2518 2908 97 32 against
2627 2916 49 23 any
2699 2907 60 23 such
2769 2906 116 32 equality.

2353 2954 51 25 But
2426 2953 104 32 perhaps
2550 2960 50 24 you
2619 2951 41 31 lay
2683 2953 74 22 stress
2786 2959 32 16 on
2843 2949 44 24 the

2353 2998 72 26 earth
2441 2997 75 31 being
2533 2996 79 25 God's
2635 2995 55 32 gift.
2725 2993 76 26 What
2817 2993 66 33 good

2354 3043 80 30 thing,
2452 3042 14 23 I
2478 3040 81 24 would
2570 3040 52 27 ask,
2652 3040 21 23 is
2687 3040 41 22 not
2746 3038 43 24 the
2801 3038 54 31 gift-
2860 3037 28 25 of

2354 3085 75 26 God?
2464 3083 53 26 The
2556 3082 67 32 daily
2651 3081 72 26 bread
2750 3078 82 27 which
2853 3089 34 15 we
2900 3104 2 3 .

2353 3128 86 24 labour
2461 3127 41 24 for-
2519 3127 22 23 is
2567 3124 171 32 emphatically
2765 3123 48 24 His
2831 3123 55 31 gift.
2900 3116 2 9 '

2354 3172 39 24 Do
2410 3179 36 16 we
2462 3170 62 24 then
2655 3168 49 24 His
2813 3167 73 24 when

2354 3223 37 17 we
2401 3214 50 32 buy
2467 3222 28 16 or
2507 3212 45 26 sell
2563 3222 16 14 a
2592 3212 50 25 loaf
2654 3211 27 25 of
2694 3210 74 24 bread
2777 3212 13 23 ?

2388 3259 88 31 Again,
2506 3257 64 24 what
2588 3257 21 23 is
2638 3257 84 23 meant
2758 3254 32 32 by

2355 3302 111 25 children
2494 3300 27 25 of
2670 3300 13 23 I
2713 3306 105 24 suppose
2847 3298 43 25 the

2356 3346 78 25 whole
2446 3345 94 24 human
2554 3351 56 17 race
2622 3342 160 31 collectively.
2819 3341 70 24 Then

2356 3391 67 23 wlnt
2450 3389 68 31 right
2545 3388 65 24 have
2652 3387 43 24 the
2725 3386 109 31 English
2863 3391 26 18 to

2357 3432 116 32 England
2485 3438 67 17 more
2564 3430 63 24 than
2639 3438 49 23 any
2700 3428 71 25 other
2782 3428 85 24 nation
2879 3429 12 22 ?

2357 3476 77 25 What
2445 3474 68 34 right
2523 3474 64 25 have
2600 3481 33 18 we
2651 3475 25 24 to
2700 3472 61 25 New
2780 3471 112 25 Zealand

2357 3520 49 25 and
2419 3526 25 19 to
2456 3519 103 25 exclude
2580 3519 40 25 the
2644 3518 107 25 Chinese
2772 3516 50 25 and
2834 3516 55 25 Asi-

2357 3566 62 23 atics
2428 3567 10 22 ?
2455 3565 26 23 If
2500 3571 49 23 you
2577 3564 118 29 interpret
2719 3561 44 24 the
2786 3563 54 21 text
2869 3563 25 21 to

2357 3608 80 27 forbid
2449 3608 42 25 the
2503 3607 135 24 individual
2659 3604 184 34 appropriation
2869 3603 27 26 of

2358 3650 68 28 land,
2443 3650 21 24 it
2485 3648 83 32 surely
2594 3647 96 31 equally
2710 3645 93 26 forbids
2820 3645 74 25 tribal

2358 3694 58 25 and.
2436 3692 119 28 national,
2579 3690 182 32 appropriation
2786 3689 27 24 of
2827 3689 67 27 land,

2358 3736 51 24 and
2436 3734 176 31 consequently
2641 3732 60 26 land
2730 3732 163 25 nationaliza-

2358 3780 61 25 tion.

2424 3935 113 22 NOTES
2554 3935 42 22 TO
2624 3934 71 23 THE
2716 3931 113 26 POINT.

2566 3979 122 26 Forward.

2394 4047 53 25 The
2459 4047 87 24 sulient
2570 4047 94 24 feature
2675 4045 27 25 of
2712 4045 42 24 the
2766 4044 129 24 Brunner-

2360 4095 43 20 ton
2415 4091 98 30 mining
2533 4090 110 26 disaster,
2666 4088 80 25 which
2761 4087 51 25 will
2832 4087 65 24 have

2361 4133 122 25 attracted
2495 4134 41 23 the
2554 4135 109 29 greatest
2692 4131 125 24 attention
2843 4133 54 22 out-

2359 4177 52 25 side
2420 4177 45 24 the
2478 4177 88 30 colony
2579 4175 48 25 and
2638 4175 25 25 m
2676 4174 43 26 the
2728 4174 167 29 Motherland,

2360 4221 26 24 is
2398 4221 168 29 undoubtedly
2577 4220 44 23 the
2632 4221 56 29 part
2699 4218 90 32 played
2799 4218 98 24 therein

2361 4265 31 30 by
2405 4263 43 25 the
2468 4262 118 25 Premier.
2622 4261 52 26 The
2793 4261 31 25 R.

2361 4315 49 17 wa3
2422 4307 49 25 laid
2483 4306 68 25 aside
2571 4306 48 24 and
2645 4305 64 25 Dick
2733 4305 95 25 Sedilon
2858 4305 39 24 old

2363 4352 70 23 times
2456 4350 71 25 stood
2549 4351 51 23 out.
2636 4349 40 26 He
2704 4349 43 25 did
2770 4357 33 17 no
2824 4358 69 16 more

2363 4395 62 24 than
2438 4395 36 24 his
2483 4393 61 31 duty
2556 4401 27 16 as
2596 4402 14 15 a
2622 4402 68 20 man,
2704 4391 49 27 like
2774 4394 43 24 the
2828 4393 72 25 other

2364 4446 119 21 rescuers,
2504 4436 45 24 but
2568 4436 178 29 nevertheless,
2770 4437 67 24 there

2368 4482 43 24 the
2424 4482 121 31 spectacle
2557 4481 27 24 of
2594 4481 42 25 the
2660 4480 64 25 head
2747 4480 25 24 «>f
2795 4488 16 16 a
2833 4481 68 30 great

2365 4525 96 24 British
2486 4525 98 31 colony,
2613 4525 27 24 m
2663 4525 40 24 his
2723 4524 64 25 shirt
2800 4525 101 27 sleeves,

2914 216 88 24 among
3020 210 41 25 the
3073 212 85 30 people
3169 210 27 25 of
3206 211 42 24 the
3260 210 96 25 district
3368 210 76 25 where

2913 252 32 25 he
2956 252 49 25 had
3016 252 97 27 worked
3123 253 40 26 his
3175 262 52 24 way
3247 261 33 25 up
3299 255 24 23 to
3335 252 109 33 political

2913 303 80 24 power
2994 310 30 4 —
3026 304 33 16 an
3081 296 79 32 object
3188 298 81 24 lesson
3293 298 25 24 to
3344 296 33 25 all
3398 296 46 26 and

2913 339 99 32 sundry.
3048 340 109 25 Premier
3169 341 98 25 Seddon
3288 341 46 24 has
3360 340 84 25 scored

2914 392 14 14 a
2940 383 91 25 chance
3053 384 46 30 hit,
3118 384 49 25 and
3189 386 51 24 the.
3253 385 138 32 opposition
3403 391 41 18 are

2916 426 75 25 sad—
2993 427 50 29 sad,
3060 428 220 31 notwithstanding
3292 428 42 25 the
3346 427 98 32 spiteful

2914 470 108 25 remarks
3041 470 59 25 with
3120 471 80 25 which
3223 471 58 32 they
3293 471 71 30 clpak
3376 471 65 25 their

2913 515 109 31 chagrin.
3139 518 4 8 '

3128 710 99 21 Forward

2946 774 51 28 Tlit
3017 776 117 26 National
3153 774 154 27 Association
3330 773 114 26 excludes

2913 814 97 33 nobody
3022 816 54 24 who
3104 816 22 23 is
3149 814 97 32 against
3269 814 47 24 the'
3335 812 109 25 Govern-

2914 858 77 26 ment,
3026 856 36 24 To
3085 856 43 25 the
3147 856 98 25 Liberal
3267 858 21 24 it
3311 866 56 23 says
3391 859 51 24 'the

2918 893 148 25 Association
3078 894 21 24 is
3126 894 105 30 Liberal,
3256 895 48 24 and
3327 897 40 23 the
3379 896 65 26 Gov-

2914 936 113 23 ernment
3038 934 21 25 is
3071 936 99 30 corrupt
3182 954 6 11 ,
3213 937 25 23 to
3256 936 41 25 the
3310 936 131 26 Conserva-

2913 972 49 24 tive
2972 972 37 25 ■it
3027 981 73 23 -says,
3136 974 50 25 'the
3215 976 150 25 Association
3393 978 51 25 will

2914 1018 113 17 conserve
3045 1012 43 23 the
3107 1012 80 30 rights
3211 1014 27 23 of
3257 1019 115 27 property
3394 1017 49 23 and

2914 1056 90 25 oppose
3033 1049 42 25 the
3094 1049 137 27 Socialistic
3254 1052 189 31 .Government;

2915 1090 25 22 to
2953 1088 41 25 the
3006 1089 154 26 free-traders
3178 1091 20 24 ifc
3219 1099 63 25 says,
3311 1093 50 25 'the
3374 1094 64 25 Gov-

2914 1130 112 22 ernment
3047 1128 63 25 have
3143 1130 126 26 increased
3297 1132 52 25 the_
3360 1134 83 31 fcarifl.'

2914 1169 25 20 to
2951 1166 43 24 the
3007 1166 173 26 Protectionist
3191 1167 22 26 it
3225 1177 63 24 says,
3315 1169 51 26 'the
3378 1171 64 26 Gov-

2915 1209 112 24 ernment
3034 1213 4 10 !
3040 1207 81 25 wouM
3144 1209 131 25 surrender
3294 1218 62 24 your
3367 1212 75 25 inter-

2915 1247 50 21 ests
2980 1249 24 21 to
3018 1245 79 26 South
3115 1247 130 26 Australia,
3259 1249 47 24 and
3318 1249 100 26 Canada
3428 1253 14 27 ;'

2915 1286 25 21 to
2953 1283 42 24 the
3007 1284 80 31 liquor
3097 1286 70 24 trade
3178 1287 20 23 it
3220 1294 63 25 says,
3381 1290 63 24 Gov-

2914 1327 113 19 ernment
3038 1323 22 24 is
3082 1323 96 32 flirting
3186 1326 79 30 v.^yith;
3275 1326 46 31 Jhe
3334 1329 110 24 teetotal-

2914 1370 37 17 ers
2961 1364 14 28 ;'
2987 1364 49 24 and
3047 1366 24 22 to
3083 1364 43 25 the
3137 1364 103 26 Prohibi
3248 1367 86 25 tionist
3344 1368 17 24 it
3375 1377 64 23 says,

2916 1402 49 24 'the
2978 1399 166 28 Government
3164 1413 64 16 owes
3252 1406 33 24 its
3306 1411 102 28 support
3420 1414 24 18 to

2914 1440 57 25 beer
2997 1442 47 23 and
3066 1444 92 23 cannot
3189 1444 79 24 desert
3292 1445 41 24 the
3358 1447 86 25 trade.'

2913 1478 39 31 By
2959 1489 4 3 -
2968 1486 87 17 means
3079 1479 27 25 of
3129 1480 68 24 sueh<
3208 1482 85 25 tactics
3313 1490 28 17 as
3364 1485 27 22 th
3394 1492 49 21 ese,

2913 1518 44 25 the
2968 1519 152 25 Association
3133 1520 75 32 hopes
3221 1524 24 22 to
3258 1525 80 22 create
3350 1531 15 17 a
3376 1524 66 33 huge

2914 1559 65 26 Cave
2991 1560 167 30 of.AchiHamV.
3174 1555 97 32 Mncl'so
3292 1564 70 25 make
3390 1574 54 16 suc-

2914 1600 89 40 cessful
3033 1611 48 15 war
3106 1611 67 23 upon
3392 1606 52 24 The

2915 1630 121 41 spekaele'
3056 1642 20 25 is
3097 1649 47 18 one
3167 1630 185 39 to^rii&keVthe
3377 1644 67 26 Gods

3074 1682 9 4 -
3104 1680 66 28 r'7"

2989 1869 4 4 ENTERTAINMENT.

2949 1916 47 27 Mr.
3015 1916 85 29 Knott,
3128 1915 44 25 the
3194 1915 166 32 Temperance
3380 1915 67 24 Lec-

2916 1954 198 26 turer'delivered
3125 1954 40 24 his
3188 1954 106 24 Lecture
3318 1961 31 17 on
3376 1954 71 29 ,'Ten

2917 1995 90 32 Nights
3019 1996 56 27 iu_.a
3266 2002 33 16 on
3317 1994 131 31 Thursday

2916 2038 78 31 night,
3007 2040 26 22 at
3038 2037 47 25 -the
3096 2037 62 24 East
3170 2037 92 24 Oxford
3280 2037 77 24 Town
3377 2037 69 29 Hall,

2917 2077 48 25 this
2987 2077 66 32 large
3074 2077 113 32 building
3209 2076 75 33 being
3302 2076 73 32 fairly
3393 2077 55 25 full.

2917 2117 53 23 The
2982 2116 103 24 Lecture
3097 2124 50 16 was
3158 2116 141 24 illustrated
3310 2116 60 24 with
3378 2116 70 25 hand

2916 2156 99 31 painted
3026 2156 81 28 views,
3131 2154 48 25 and
3200 2162 50 17 was
3262 2154 112 25 followed
3384 2154 31 32 by
3434 2163 16 17 a

2917 2196 79 31 grand
3007 2196 147 27 Panorama,
3178 2196 138 29 consisting
3330 2196 35 22 -of
3374 2195 75 24 views

2918 2234 24 23 of
2953 2234 60 24 New
3020 2233 122 28 -Zealand,
3147 2233 58 24 -and
3214 2234 70 24 other
3295 2236 68 28 parts
3372 2233 28 24 of
3406 2234 43 24 the

2918 2272 83 28 world,
3022 2272 44 28 the.
3189 2271 28 24 of
3219 2274 8 23 I
3236 2272 43 23 the
3292 2271 35 27 ';\\
3325 2272 9 12 7
3337 2271 114 31 airarapa>

2917 2310 48 25 and
2987 2310 104 32 Captain
3109 2307 155 31 Macintosh,
3289 2309 50 25 and
3351 2317 14 17 a
3378 2312 72 30 party

2918 2348 137 32 recovering
3067 2348 136 29 the"mails,'
3220 2349 60 23 wiih
3290 2348 43 24 the
3345 2349 40 23 aid
3398 2349 26 24 of
3436 2357 14 15 a

2916 2387 116 31 powerful
3055 2385 129 33 oxy-etlier
3207 2385 152 33 limelight.'
3392 2387 53 25 The

2913 2425 102 25 •various
3026 2425 49 28 view
3075 2425 25 28 3.
3110 2432 62 16 were
3182 2433 56 23 very
3249 2432 142 21 numerous,
3400 2425 50 25 and

2918 2465 52 24 also
2980 2472 60 23 very
3062 2464 126 30 distinctly
3210 2465 91 28 shown,
3327 2465 48 23 and
3398 2472 53 18 was

2918 2504 34 26 all
2963 2504 54 25 that
3029 2503 71 26 could
3112 2503 30 25 be
3154 2504 103 29 desired,
3283 2504 50 25 and
3351 2513 14 15 a
3388 2514 59 24 very

2916 2544 114 32 pleasant
3041 2543 110 32 evening'
3164 2551 51 17 was
3224 2542 3 14 ;
3236 2547 79 28 spent.

2951 2585 40 24 Mr
3008 2585 79 23 Knott
3118 2584 51 24 will
3203 2585 53 30 give
3274 2593 14 15 a
3310 2585 137 31 Limelight

2918 2624 200 26 Entertainment
3146 2630 33 16 on
3203 2622 102 33 Sunday
3347 2625 106 31 evening

2918 2669 68 22 nest.

2995 2776 137 27 HEARTS
3152 2775 70 26 AND
3245 2774 127 26 HANDS.

2953 2845 74 28 Here,
3041 2845 69 26 then,
3122 2844 22 23 is
3156 2850 61 24 your
3234 2842 67 25 chief
3311 2841 69 31 duty,
3400 2848 52 24 you

2921 2882 110 30 workers!
3066 2887 24 24 it
3118 2888 22 22 is
3159 2887 91 23 useless
3275 2888 26 21 to
3311 2908 2 3 ,
3321 2887 45 28 put
3388 2892 64 23 your

2921 2931 73 24 heads
3006 2930 112 32 together
3128 2930 22 24 if
3170 2937 49 24 you
3230 2929 76 24 'can't
3325 2929 45 29 put
3389 2934 63 24 your

2921 2975 83 24 hearts
3016 2974 119 32 together.
3172 2972 122 26 Shoulder
3317 2975 25 20 to
3366 2970 84 25 shoul-

2921 3020 51 27 der,
2985 3019 67 31 right
3064 3018 66 25 hand
3153 3020 26 22 to
3198 3017 68 31 right
3284 3015 68 26 hand
3363 3022 90 25 among

2921 3062 148 33 yourselves,
3100 3061 50 24 and
3174 3068 33 17 no
3229 3066 84 24 wrong
3336 3058 68 24 hand
3427 3061 26 22 to

2921 3106 110 32 anybody
3061 3106 57 28 else,
3149 3104 49 24 and
3226 3104 76 30 you'll
3328 3102 47 25 win
3403 3102 44 25 the

2921 3149 77 26 world
3015 3151 50 30 yet.
3069 3163 29 4 —
3101 3148 104 24 Ruskin.

3417 3237 8 5 9

2911 3266 2 21 I
2956 3268 54 26 The
3022 3268 239 30 working-expenses
3274 3264 27 26 of
3310 3264 41 25 the
3365 3262 85 25 Alaori-

2923 3313 59 24 land
2994 3313 71 24 State
3085 3311 71 24 Loan
3180 3309 164 32 Department
3363 3307 37 24 for
3424 3307 33 23 12

2923 3356 103 26 months
3038 3362 62 18 were
3123 3355 121 23 £9395—
3245 3352 75 25 about
3344 3352 44 23 13s
3414 3349 43 25 4d.

2923 3409 44 22 per
2978 3402 65 21 cent,
3056 3407 33 15 on
3101 3398 42 23 the
3156 3405 85 22 money
3259 3397 28 22 m
3299 3395 73 24 harid.
3398 3394 59 23 Put-

2925 3444 55 30 ting
3003 3443 43 23 the
3069 3448 118 23 expenses
3208 3443 26 21 at
3247 3440 52 23 los.
3316 3446 44 23 per
3384 3440 73 25 cent.,

2925 3487 50 26 and
2985 3485 130 32 assuming
3132 3485 42 24 the
3196 3483 92 33 capital
3299 3483 22 24 is
3333 3481 79 25 raised
3433 3485 26 21 at

2927 3532 39 33 3£,
2979 3532 51 24 this
3041 3538 86 17 means
3140 3530 56 24 that
3219 3530 20 23 it
3251 3530 65 23 costs
3328 3527 41 24 the
3389 3526 72 24 State

2926 3577 16 22 4
2955 3583 42 24 per
3012 3577 65 23 cent,
3097 3574 37 24 for
3151 3574 103 22 interest
3267 3570 49 26 and
3329 3577 129 23 expenses.

2929 3619 25 25 If
2969 3619 43 25 the
3024 3626 89 23 money
3124 3617 23 25 is
3156 3617 54 25 lent
3221 3619 43 22 out
3274 3619 27 21 at
3312 3616 14 23 5
3339 3622 42 24 per
3393 3616 66 22 cent,

2930 3665 68 24 there
3010 3663 108 25 remains
3136 3670 15 15 a
3163 3669 57 23 very
3239 3661 66 31 large
3317 3666 48 17 mai
3369 3658 43 31 gin
3424 3657 39 25 for

2930 3708 106 31 possible
3062 3707 86 23 losses.

2965 3852 70 24 Thus
3063 3859 16 17 a
3109 3849 118 25 Waikatu
3260 3847 102 25 settler:

2933 3900 66 17 more
3016 3891 14 25 I
3041 3899 41 17 see
3099 3890 27 25 of
3133 3891 5 4 '
3145 3890 20 24 F
3173 3897 99 16 obwabd
3289 3886 43 24 the
3355 3885 80 25 better
3456 3884 14 25 I

2931 3930 49 24 like
2988 3931 30 23 it.
3052 3930 15 24 I
3078 3929 97 25 enclose
3187 3927 79 32 postal
3277 3924 71 26 order
3359 3933 6 20 ;
3377 3924 86 30 please

2931 3971 61 25 send
3003 3979 40 17 me
3054 3979 16 16 a
3081 3970 46 24 few
3138 3977 79 23 copies
3230 3968 38 24 for
3287 3964 168 26 distribution.

2932 4009 39 25 Sir
2983 4009 92 25 Robert
3099 4008 72 24 Stont
3196 4013 58 24 may
3273 4004 93 32 pander
3388 4006 25 22 to
3425 4002 44 25 the

2932 4050 84 25 Tories
3030 4055 40 19 too
3081 4050 66 29 long.
3185 4046 63 25 He'll
3260 4045 56 25 look
3338 4044 72 25 down
3430 4043 40 24 his

2930 4090 64 24 back
3013 4088 87 26 should
3121 4088 43 24 the
3192 4087 47 30 day
3258 4092 70 18 come
3350 4084 72 23 when
3432 4083 34 24 he

2930 4130 55 24 fails
2996 4132 27 22 to
3034 4134 41 26 get
3088 4135 60 17 even
3161 4134 14 17 a
3197 4127 73 31 perch
3281 4125 27 24 m
3321 4124 42 25 ths
3375 4123 86 24 Lower

2931 4170 86 24 House
3041 4171 33 23 let
3096 4168 72 24 alone
3215 4166 43 25 the
3278 4164 83 32 ruling
3383 4163 26 25 of
3424 4162 43 25 the

2973 4364 92 25 Pastor
3081 4363 31 24 L.
3135 4363 24 24 S.
3173 4361 32 25 1).
3213 4369 5 16 :
3336 4357 42 25 did
3389 4355 88 34 people

2937 4403 116 31 multiply
3069 4401 84 25 before
3165 4399 140 25 arithmetic
3325 4405 51 15 was
3391 4396 87 24 invent

2940 4442 50 23 ted.

2975 4480 60 25 R*r.
3048 4479 93 25 Father
3152 4475 217 32 Muckle-Obligr:

2948 4519 139 32 multiplied
3100 4526 33 17 on
3152 4523 42 19 taa
3206 4518 59 31 fans
3281 4523 26 17 01
3336 4515 42 23 the
3390 4512 80 25 eirou.

1143 63 172 34 OXFORD
1358 65 230 32 OBSERVER
1630 66 236 36 SATURDAY,
1924 66 171 32 AUGUST
2138 68 49 34 22,
2246 68 78 29 1896
