3550 4630
90 210 126 27 WOMAN
235 210 170 26 WORKERS
423 211 43 25 OF
485 212 70 25 THE

249 250 146 26 COLONY.

89 325 54 25 The
156 325 170 25 Government
345 325 93 25 annual
459 329 83 28 report
555 327 38 24 for

55 358 44 26 the
116 358 162 38 Department
298 357 27 24 of
342 358 109 29 Labour,
476 360 81 24 shows
578 368 15 16 a

56 398 59 25 very
132 391 61 24 wide
216 390 149 27 difference-
374 392 24 24 in
427 391 43 26 the
493 395 53 22 rate
569 394 26 23 of

55 431 79 25 wages
146 424 57 31 paid
216 427 26 22 to
254 425 64 24 male
330 424 50 26 and
391 425 90 25 female
498 425 93 30 labour,

55 458 28 24 m
94 457 50 25 fact
156 457 43 25 the
212 457 53 25 well
285 458 58 31 paid
364 457 82 27 billets
459 466 40 17 are
520 460 73 29 given
600 459 2 23 I

56 493 27 22 to
94 498 68 20 men,
186 491 49 24 and
247 491 33 24 all
292 491 44 25 the
353 489 135 34 underpaid
509 491 84 26 billets
600 482 2 37 !

57 532 41 17 are
109 524 74 32 given
196 527 25 23 to
233 532 103 23 women,
360 524 111 35 showing
489 527 40 23 the
548 525 43 25 im-

58 558 105 25 mediate
191 558 120 31 necessity
345 559 27 24 of
398 558 139 32 legislation
561 567 33 17 on

57 591 66 25 their
153 591 89 28 behalf,
288 592 81 24 which
397 592 43 24 the
469 592 125 32 following

57 631 107 25 average
176 624 62 25 scale
251 625 26 24 of
299 633 79 23 wages
397 626 90 30 clearly
500 633 84 23 proves
589 644 4 2 -

78 668 175 31 Bookbinding
265 667 78 26 works
355 668 26 23 m
394 667 183 26 Christchurch.

61 710 45 24 age
117 710 59 17 over
185 706 89 22 wentr.
323 701 86 32 Wages
433 709 42 23 per
499 705 73 21 week.

57 738 35 22 89
104 736 76 24 males
199 738 33 22 £1
247 737 52 23 19s.
313 736 40 23 3d.
400 737 30 23 81
444 736 103 24 females
560 737 33 23 £1

62 771 35 22 Is.
111 769 40 25 Bd.

61 811 66 26 Boot
144 813 70 24 trade
225 812 155 25 machinists.
395 814 14 22 5
422 812 76 24 males
510 813 34 23 £2
557 814 37 23 Bs.

63 847 32 22 54
113 845 99 25 females
226 847 52 23 IDs.

61 888 117 31 Printing
191 889 49 23 and
264 888 149 31 Publishing
425 888 99 29 Office,.-
531 896 66 16 com-

62 922 106 31 positors
184 923 46 22 18(1
243 922 78 23 males
340 922 34 23 £2
395 922 42 23 19d
459 921 40 24 sd.
525 924 16 21 4
562 924 33 21 fe-

56 955 78 24 males
146 955 56 31 paid
214 956 25 23 at
251 955 41 24 £2.

95 999 177 25 Dressmakers
288 1007 44 23 age
344 1007 57 16 orer
412 998 94 33 twenty
518 999 79 25 which

64 1041 42 15 are
123 1033 32 24 all
169 1033 101 24 females
283 1035 24 21 to
319 1032 43 25 the
382 1032 106 24 number
511 1033 26 23 of
550 1034 47 23 148

64 1074 103 22 average
181 1068 50 23 19s.
245 1066 56 24 lOd.
313 1074 44 22 per
372 1065 72 28 week,
454 1065 49 24 and
515 1066 81 31 again,

63 1099 62 25 such
137 1099 79 24 trades
228 1106 26 17 as
268 1099 141 32 chemistry,
419 1099 119 30 dentistry
549 1099 49 23 and

61 1132 119 32 jewellry'
193 1132 37 25 for
253 1132 61 25 each
336 1133 27 24 of
383 1132 81 25 which
488 1133 55 29 they
557 1139 40 17 are

66 1166 136 31 eminently
213 1166 79 27 fitted,
311 1174 40 16 are
363 1166 144 29 completely
528 1173 69 17 mon-

64 1199 111 31 opolised
189 1202 28 28 by
231 1200 78 26 males,
322 1199 49 24 and
384 1198 51 24 still
446 1199 97 23 further
555 1199 42 23 the

64 1235 84 27 report
168 1233 26 23 of
216 1232 42 24 the
272 1232 138 24 Education
437 1230 161 32 Department

66 1266 78 23 shows
162 1273 32 16 an
214 1265 144 32 inequality,
371 1265 64 26 in.as
456 1265 74 24 nuich
542 1265 55 24 that

64 1298 28 23 m
104 1299 85 30 nearly
202 1298 33 24 all
256 1306 67 16 cases
336 1298 42 24 the
400 1299 57 30 post
468 1298 26 24 of
506 1298 92 23 Master

64 1331 25 23 m
103 1332 130 23 schools-is
256 1332 71 30 given
339 1332 89 23 almost
444 1331 148 30 exclusively

64 1371 26 17 to
103 1373 63 20 men,
189 1364 49 24 and
261 1364 42 24 the
321 1364 105 31 position
434 1365 31 25 .of
474 1364 123 30 Principal

64 1398 20 22 is
98 1397 55 24 held
177 1397 58 31 only
256 1397 29 31 hy
301 1398 85 27 males,
410 1397 42 24 the
464 1397 131 24 difference

65 1430 27 24 of
103 1431 41 23 the
153 1438 69 16 sexes
234 1430 22 24 is
267 1433 44 21 not
325 1430 132 25 noticeable
466 1431 72 23 whea
554 1430 43 24 the

66 1465 92 23 annual
172 1464 99 24 salaries
292 1472 41 17 are
357 1463 75 25 below
454 1465 80 28 £100,
553 1463 44 24 but

64 1498 89 29 higher
165 1498 61 23 than
238 1498 55 23 that
311 1505 56 17 sum
380 1498 69 23 there
469 1498 22 23 is
503 1505 15 16 a
529 1501 68 28 great

64 1531 84 30 falling
170 1532 40 27 oli,
241 1531 58 31 only
341 1531 74 23 about
439 1533 32 22 10
496 1531 101 23 females

64 1564 115 29 reaching
188 1571 27 16 as
226 1563 63 31 high
300 1571 26 16 as
338 1564 69 23 £120
418 1564 48 23 and
480 1564 58 29 only
550 1571 47 16 one

63 1597 100 23 reaches
186 1597 43 23 the
252 1597 78 28 £240,
363 1596 73 25 while
469 1596 41 25 the
533 1595 64 25 male

64 1629 126 31 Principal
202 1630 27 24 of
239 1630 55 24 that
310 1637 67 18 same
395 1630 85 25 school
491 1630 106 24 receives

66 1664 66 23 £481
137 1672 6 5 •
179 1663 52 24 The
243 1664 149 30 Inspector's
411 1665 88 29 report'
506 1665 39 22 for
551 1663 46 24 the

62 1704 59 23 year
132 1697 21 23 is
166 1698 50 23 still
228 1696 92 25 further
329 1697 178 31 discouraging,
520 1704 27 17 as
567 1698 29 22 he

66 1735 91 24 regrets
167 1731 42 23 the
219 1729 118 32 disparity
360 1731 21 22 m
396 1731 41 23 the
457 1729 104 25 number
572 1731 26 22 of

65 1762 63 23 male
139 1762 67 30 pupil
219 1764 109 22 teachers
340 1763 128 23 continues
491 1762 31 23 he
541 1770 55 23 says

63 1797 27 21 to
103 1795 28 23 be
144 1803 14 15 a
169 1795 137 25 noticeable
329 1795 92 25 feature
445 1796 26 24 of
489 1795 48 25 this
555 1795 40 24 de-

63 1832 124 26 partment
198 1828 25 25 of
235 1830 41 23 the
299 1828 103 25 Board's
415 1829 91 24 service
517 1836 5 21 ;
547 1827 49 26 and

65 1861 119 32 although
197 1862 38 24 for
247 1870 68 16 some
326 1870 70 23 years
473 1863 87 30 supply
572 1861 26 25 of

66 1898 103 21 masters
181 1898 26 21 to
219 1895 34 23 fill
277 1895 43 24 the
343 1895 114 32 ordinary
470 1895 127 24 vacancies

64 1929 21 23 is
98 1929 107 28 assured,
218 1929 52 23 still
282 1929 42 24 the
336 1929 111 31 question
459 1929 26 25 of
495 1936 100 18 encour-

64 1963 74 31 aging
150 1962 39 24 the
210 1966 113 21 entrance
346 1964 54 23 into
419 1962 40 25 the
480 1962 117 32 teaching

63 1997 133 27 profession
209 1996 24 22 of
257 2004 14 14 a
292 1996 68 29 large
379 1996 105 23 number
497 1998 27 21 of
535 1997 61 21 male

63 2027 192 31 pupil-teachers
271 2028 19 23 i*
310 2035 45 17 one
365 2028 54 24 that
431 2035 57 23 may
502 2028 95 31 require

66 2061 42 24 the
120 2061 103 24 Board's
235 2061 181 25 consideration
429 2068 65 18 at.no
503 2062 94 24 distant

66 2095 64 24 date.
178 2096 60 23 This
268 2100 80 26 report
376 2095 21 25 is
424 2095 117 32 certainly
553 2095 44 24 not

68 2129 150 30 satisfactory
245 2129 153 31 considering
419 2130 21 23 it
458 2130 22 23 is
503 2137 33 16 an
557 2136 39 18 ac*:

65 2161 163 31 knowledged
239 2162 49 24 fact
301 2162 54 23 that
367 2169 93 18 women
473 2163 72 23 make
557 2162 41 24 the

70 2195 52 23 best
136 2196 119 22 teachers.

98 2238 24 24 It
134 2237 21 25 is
167 2237 130 35 highjtime
317 2239 53 23 that
394 2246 94 17 women
508 2238 90 25 should

66 2272 73 23 bestir
151 2271 146 25 themselves
318 2279 32 17 on
374 2272 42 23 the
435 2272 114 30 question
573 2272 25 24 of

65 2304 135 25 admission
224 2307 26 22 to
279 2304 151 25 Parliament
450 2313 26 16 or
489 2315 3 2 •
505 2305 94 24 pitnilar

66 2345 125 16 measures
203 2345 25 16 as
241 2338 69 23 there
330 2338 21 23 is
374 2338 43 24 the
440 2340 55 22 root
499 2339 43 30 Jof
557 2338 43 24 the

66 2371 77 23 whole
162 2370 121 31 question,
311 2370 51 25 and
385 2379 6 4 -
402 2371 66 24 there
491 2371 22 24 is
536 2371 63 24 little

64 2404 92 23 chance
169 2404 26 23 of
196 2425 9 11 u
207 2404 71 30 eq.nal
302 2403 128 32 privileges
445 2404 79 30 being.
528 2404 71 32 given

66 2440 24 20 to
111 2437 85 24 female
218 2437 104 25 workers
341 2437 36 25 till
389 2445 92 17 women
494 2446 41 16 are
545 2445 54 24 per-

66 2470 87 23 mitted
167 2473 24 20 to
204 2470 63 23 have
279 2478 15 15 a
313 2471 68 22 voice
392 2478 26 15 m
439 2470 109 31 framing
560 2471 41 23 the

65 2502 59 24 laws
137 2502 26 24 of
174 2502 42 24 the
230 2503 95 30 colony,
340 2510 27 16 mo
379 2503 19 23 it
410 2503 21 23 is
444 2505 25 22 to
479 2503 29 24 be
520 2503 79 31 hoped

64 2536 54 23 that
132 2543 92 16 women
240 2536 49 23 will
301 2538 24 21 m
339 2536 82 24 future
440 2539 55 22 vote
508 2537 38 24 for
557 2538 43 24 the

64 2569 123 24 Members
200 2569 26 25 of
237 2569 151 25 Parliament
400 2570 54 24 who
470 2569 62 26 have
544 2578 55 23 sup-

64 2603 86 30 ported
163 2608 118 19 woman's
305 2603 102 24 interest
429 2603 25 24 m
476 2604 44 23 the.
536 2608 62 26 past.

96 2723 85 23 Great
201 2723 72 24 Sale.
277 2737 31 3 —
310 2723 54 23 We.
374 2723 86 26 -would,
475 2724 82 30 notify
575 2726 25 21 to

62 2768 45 16 our
127 2761 95 24 readers
241 2761 55 23 that
315 2761 40 23 Mr
372 2760 50 25 Lee
450 2761 101 26 intends
575 2764 25 22 to

73 2799 58 24 hold
150 2808 14 15 a
182 2799 110 32 clearing
310 2799 49 25 sale
382 2799 27 24 of
424 2800 80 27 china,
529 2800 71 25 earth

73 2846 28 16 en
106 2846 63 16 ware
188 2839 54 26 &c,
273 2843 3 5 '
353 2853 4 4 •

261 2947 3 2 •
279 2937 96 25 LI&E3.

64 2994 32 18 Oji
115 2993 95 25 Reading
236 2993 33 19 the
292 2993 73 19 article
390 2999 26 13 on
437 2993 62 23 'War'
519 2995 27 22 m.
567 2995 33 20 the

65 3098 55 26 Stop
135 3098 64 20 war's
217 3097 139 26 decimating
375 3097 88 26 engi3ie.

94 3125 153 26 Unrighteous
262 3130 77 21 seorge
360 3124 24 20 to
403 3124 84 21 hiunan
507 3125 64 20 kind:

155 3164 75 18 power
242 3158 19 19 is
275 3156 78 21 traced
369 3156 24 21 m
411 3156 130 26 desolation,

92 3192 34 26 3y
139 3192 31 20 all
181 3198 12 15 c
200 3191 125 24 Mideinned,
340 3197 53 14 saTe
407 3192 62 19 weak
485 3198 26 14 or
529 3192 69 21 blind.

66 3247 35 18 Mr;
105 3247 38 18 irk!
167 3246 40 19 the
231 3246 122 19 nvalanehe
372 3245 25 20 of
412 3245 52 20 rain

89 3274 82 20 Where
182 3278 124 15 murarous
325 3272 78 26 rapine
422 3272 64 21 holds
501 3273 97 24 control;

63 3309 97 20 Nations
174 3307 68 21 stand
252 3307 88 26 aghast,
355 3307 51 20 and'
416 3307 65 20 -view'
493 3307 27 19 in'

90 3340 170 22 Lamentations
263 3351 27 3 —
292 3339 86 22 death's
393 3339 41 20 sad
452 3340 48 20 roll.

61 3397 75 20 Wiien
151 3395 97 27 peoples'
263 3395 46 20 will
327 3395 19 20 is
356 3396 34 19 'to
408 3395 109 20 demolish

90 3428 116 21 Machines
216 3427 73 21 which
297 3428 26 20 at
344 3427 75 27 king's
430 3427 93 27 bidding
532 3428 66 21 smite

63 3462 62 20 Then
141 3461 45 20 will
200 3457 111 30 powerful
327 3460 57 24 right
402 3460 87 20 abolish

89 3495 52 21 And
151 3500 119 16 overcome.
275 3492 40 23 the
325 3493 70 22 '.force
406 3494 25 20 'of
445 3495 72 24 might.

61 3556 97 20 Hateful
171 3554 56 26 path
247 3554 54 20 that
309 3554 71 21 ..leads
399 3555 24 19 to
442 3554 101 25 warfare,

89 3596 81 19 Virtue
190 3592 97 21 crushed
306 3592 198 21 'neath'foeinan's
523 3593 75 21 'tread

60 3629 61 19 Back
130 3630 24 18 to
159 3627 41 25 thy
204 3627 85 19 haunts
293 3625 56 21 thou
353 3632 45 13 war
406 3625 67 25 fiend,
482 3626 45 19 and
532 3626 63 20 there

90 3663 66 20 Gloat
165 3667 61 21 upon
235 3660 43 25 thy
289 3660 88 20 victims
393 3659 68 21 dead!
482 3671 3 3 •

61 3717 62 23 War,
137 3716 54 20 base
202 3714 108 27 offspring
319 3714 24 21 of
352 3714 109 21 ambition

87 3751 96 27 Ignoble
194 3750 132 25 occupation
331 3749 74 24 -thou;
422 3768 2 3 .
437 3769 3 3 .

63 3785 34 20 O:i
104 3786 4 19 !
137 3784 69 26 speed
214 3783 41 20 the
266 3782 42 26 day
323 3782 67 21 w'-ien
409 3780 52 22 wfre
474 3778 122 28 transition

89 3819 88 26 Divpels
188 3818 39 21 the
249 3817 54 21 Cain
303 3828 9 15 r
313 3816 75 22 brand
402 3816 58 20 from
475 3816 42 26 thy
526 3817 69 20 brow.

60 3873 59 24 War,
123 3885 27 2 —
151 3874 61 19 curst
228 3873 92 25 system,
332 3892 4 5 ,
343 3878 74 17 .worse
437 3871 57 20 than
508 3871 88 26 slavery

63 3904 47 21 The
127 3906 82 19 foolish
247 3904 90 26 Jtgiccs
358 3904 67 19 df.iid
440 3904 40 19 the
496 3903 46 23 fire,

60 3937 47 20 The
123 3938 77 25 simple
210 3937 55 21 echo
283 3936 65 21 deeds
358 3935 24 21 of
390 3936 97 25 bravery

89 3972 50 19 And
149 3972 82 20 knaves
242 3971 86 21 behind
344 3970 63 21 them
423 3970 49 26 pull
485 3969 40 22 the
541 3970 60 24 wire.

60 4026 47 21 The
116 4033 54 20 poor
181 4026 85 21 forlorn
282 4026 46 20 and
345 4024 100 22 desolate
461 4023 79 22 widow

87 4060 46 20 The
143 4059 73 27 lonely
228 4059 99 27 orphaus
346 4059 88 26 piteous
453 4058 58 23 wail,

58 4094 48 19 The
116 4093 61 20 voice
185 4093 23 20 of
217 4094 81 19 honest
308 4099 80 14 reason
404 4093 82 24 asking

83 4125 56 19 How
149 4125 60 25 long,
219 4125 49 19 how
283 4125 60 26 long,
355 4125 62 19 must
426 4130 45 14 war
484 4124 95 25 prevail.

224 4151 21 31 \
273 4161 108 23 HENET
409 4162 128 21 CLAEKE.

85 4196 138 26 Addington.

1252 62 173 33 OXFORD
1469 63 223 33 OBSERVER
1737 60 240 39 SATURDAY,
2015 61 176 33 AtJGSUT
2213 62 51 36 22,
2316 61 90 30 1896.

2938 4295 103 25 Printed
3074 4294 49 26 and
3133 4303 6 7 •
3150 4292 135 35 published-
3323 4292 34 33 by
3405 4292 70 27 Axel

2961 4360 2 5 .
2971 4338 119 29 Eklund,
3116 4339 38 24 for
3175 4338 91 24 liATOfci.
3284 4336 72 25 Anne
3374 4337 101 30 Parish,

2971 4383 89 30 father
3083 4381 144 34 Registered
3247 4380 118 33 Printing
3388 4380 85 30 Office,

2972 4426 71 35 High
3064 4426 89 30 Street,
3170 4426 65 25 East
3254 4425 101 30 Oxford,
3368 4424 101 27 Canter-

2974 4472 75 31 bury-

3002 4515 130 27 Satubdjly
3160 4514 101 27 August
3283 4513 42 26 22.
3349 4513 65 26 189*

2932 200 29 46 o
2984 198 481 79 IjAMriTCfgofflPjpre

3126 287 140 24 LIMITEB,

2954 346 275 30 <JHRISTGHUKCH
3247 346 189 37 fjEEWEEY.

3158 410 63 20 THE

3078 451 226 33 ALES

3062 493 129 21 BREWED
3201 494 41 19 BY
3255 492 72 22 THIS

3019 530 369 39 COMPANY

3119 588 82 21 FROM
3210 588 62 21 THE

2930 627 221 41 CHOICEST
3167 629 295 42 WAtT#tfO?S

3042 680 46 21 Are
3097 677 174 31 acknowledged
3280 684 24 19 to
3313 682 29 21 be

2928 718 147 23 SUPERIOR
3084 720 35 22 IN
3129 721 136 23 QUALITY
3275 722 38 21 TO
3320 722 66 21 ANY
3391 720 73 23 PRO-

2995 761 100 21 DUCED
3109 762 35 21 IN
3158 764 73 20 NEW
3245 764 150 22 ZEALAND.

2956 797 108 28 Supplied
3069 800 25 20 to
3097 799 80 22 Hotels
3183 801 46 20 and
3236 801 92 22 Private
3334 803 129 20 Customers

2928 825 25 20 m
2961 825 141 27 Hogsheads,
3114 828 97 25 Barrels,
3223 828 139 25 Kilderkins,
3372 830 44 20 and
3427 831 35 18 10-

2927 853 88 24 --gallons
3026 853 62 26 Kegs
3097 854 60 26 only.

2929 905 117 41 PALS
3069 907 90 39 ALE
3182 908 95 40 AND
3306 908 155 42 EXTBA

3122 951 133 50 STOW?

2926 1021 2 2 -
2997 1023 6 3 -
3012 1009 93 23 Bottled
3127 1011 25 21 m
3161 1011 84 26 Quarts
3255 1013 46 21 and
3309 1013 71 21 Pints.

2930 1145 79 52 H.
3036 1145 61 54 J.
3116 1145 347 56 LAMIHG

3024 1242 344 34 SADDLER

3163 1310 63 19 AND

2934 1366 288 40 HARNESS
3259 1368 193 38 MAKE.

3078 1446 71 25 Nea?.
3167 1447 149 29 Saleyakds,

2930 1717 87 46 ZINC,
3041 1717 67 39 TIN,
3145 1714 65 41 AND
3233 1716 109 39 SHEET
3363 1716 103 38 STEEL

3134 1783 137 21 WORKER

2965 1822 87 40 Higli
3075 1820 111 38 Street,
3208 1820 81 30 East
3311 1816 127 33 Oxford.

2931 1931 41 25 All
2982 1932 73 24 kinds
3067 1931 27 25 of
3108 1933 96 30 Pumps
3215 1931 77 24 Fixed
3304 1932 23 22 &
3343 1930 122 31 Eepaired

3046 1988 25 23 at
3083 1986 44 25 the
3139 1985 109 26 shortest
3260 1985 90 25 notice.

2935 2127 89 38 MR
3045 2125 64 42 W,
3135 2121 49 45 R
3209 2123 255 46 CATHRO,

2975 2198 181 22 BARRISTER
3170 2197 67 21 AND
3253 2196 163 22 SOLICITOR
3420 2211 5 4 .

2931 2291 132 30 Attends
3079 2291 121 29 Oxford
3214 2301 39 18 on
3266 2289 99 40 Court
3365 2289 100 40 Days.

2930 2364 167 25 Instructions
3106 2364 33 31 by
3149 2365 57 29 post
3217 2363 51 24 will
3279 2363 93 24 receive
3384 2370 81 23 prom-

3095 2404 28 30 pt
3142 2401 141 26 'attention.

3052 2452 108 21 MONEY
3187 2452 37 20 TO
3253 2451 88 20 LEND.

2981 2535 45 56 S.
3059 2532 378 52 B.SEYMOUR,
3511 2539 2 15 r

3130 2603 139 26 DENTIST,

2973 2650 41 22 215
3028 2648 105 21 Colombo
3148 2646 82 23 Street,
3254 2645 168 21 Cnristcliurch.

3101 2719 178 22 CHARGES:—

3000 2763 94 24 Pilling,
3100 2762 3 3 '
3109 2761 23 19 sf:
3140 2768 8 16 ;
3182 2759 134 21 Extraction
3325 2760 25 19 2s
3365 2759 35 20 6d.

2960 2828 96 22 Nitrous
3066 2826 61 21 Oxid
3135 2825 47 21 Gas
3193 2824 169 21 Administered
3367 2824 36 21 for
3410 2824 58 20 Pain

2932 2872 46 21 less
2988 2869 133 21 Extraction
3130 2867 29 21 of-
3162 2867 81 21 Teeth.
3276 2867 46 20 Fee
3331 2866 36 20 for
3377 2866 92 20 Admin-

2932 2907 109 23 istration
3052 2907 31 20 ss.
3158 2920 6 3 -
3168 2923 33 6 -^.

2926 3024 4 3 .
3022 2984 353 52 SPECIAL!!!

2935 3116 262 38 pull-size;
3240 3120 231 25 all-wool

3061 3211 3 3 •
3078 3214 5 6 ,
3110 3210 1 1 ■
3151 3194 118 25 WHITE

2962 3261 211 51 KAIABOI
3173 3260 274 74 JLAMETS

3150 3350 61 44 6d
3252 3349 130 44 Pair.
3504 3353 8 31 i

2982 3488 73 21 BEST
3068 3486 104 21 VALUE
3191 3485 82 21 EVER
3287 3483 91 21 OITEE
3382 3483 41 20 ED

3054 3530 89 32 -H..
3174 3526 259 37 PARISH,

2971 3604 1 1 •
2986 3575 12 13 v
3015 3572 14 14 '"
3071 3582 103 31 East
3198 3578 158 33 Oxford

2939 3681 2 1 ■
2944 3654 3 7 !
2962 3681 7 7 >
2991 3676 17 9 ■■'
3026 3658 62 38 -I'-i
3120 3667 69 39 '•■;■■■'
3225 3681 15 5 -
3262 3661 24 22 ■'

2946 3744 43 25 'A.
3003 3746 105 27 Flesher]
3186 3746 2 1 '
3339 3744 34 28 [F.
3387 3744 79 21 Fuller.

3027 3796 118 40 PEED
3187 3796 27 40 P
3215 3796 15 23 T
3221 3795 155 41 JLLEE.

3029 3873 3 3 .
3115 3854 180 25 SOLICITORS,

2977 3896 14 20 9
3000 3894 124 21 Cathedral
3134 3894 93 26 Square,
3242 3894 191 20 Chbistchtjech.

2939 3930 116 27 (Between
3062 3928 112 21 Morten's
3182 3928 118 26 buildings
3310 3928 18 20 &
3338 3928 55 20 Post
3401 3927 74 21 Office.
3498 3942 6 6 .

2977 4006 188 55 Money
3194 4006 54 43 to
3285 4004 143 45 Lend

2937 4082 17 14 n
2967 4075 33 21 all
3014 4073 58 22 kind
3081 4073 24 21 of
3115 4071 113 28 Security,
3236 4073 26 20 at
3281 4071 56 25 Low
3351 4072 78 21 Rates
3449 4071 23 23 of
3494 4090 12 11 „,

2954 4132 5 2 -
2965 4119 106 20 Interest.
3102 4118 89 25 Special
3203 4117 79 20 Terms
3290 4116 37 21 for

2425 203 422 50 EUCALYPTUS

2627 277 13 10 ♦
2669 280 2 4 ■
2679 281 4 4 ■
2702 286 2 2 .

2389 1318 116 42 HELP
2521 1320 82 42 FOR
2616 1321 89 42 THE
2729 1322 150 49 WEAK,

2566 1428 70 25 AND
2655 1430 244 31 DEBILITATED,

2370 1453 30 31 ii
2427 1460 62 29 who,
2502 1461 109 33 through
2622 1463 60 32 folly
2700 1465 50 24 and
2760 1466 140 31 ignorance,

2368 1493 64 24 have
2444 1494 79 25 trifled
2535 1503 67 24 away
2615 1498 61 23 their
2686 1498 86 31 vigour
2792 1500 26 23 of
2827 1499 72 32 body,

2370 1526 77 29 mind,
2460 1527 49 25 and
2521 1529 132 30 manhood,
2667 1532 109 31 causiag.
2784 1533 116 25 exhaust-

2369 1560 44 30 ing
2429 1560 83 25 drains
2524 1569 66 23 upon
2601 1564 43 23 the
2665 1564 128 25 fountains
2814 1566 85 29 oMife,

2369 1592 64 25 Loss
2441 1593 25 23 of
2475 1593 101 33 Energy
2585 1595 49 24 and
2644 1597 125 31 Strength,
2783 1598 119 32 Timidity

2370 1625 162 26 Bashfulness
2566 1628 27 24 m
2629 1628 106 33 Society,
2759 1630 140 31 Headache,

2370 1658 134 31 Backache,
2524 1660 177 31 Nervousness,
2725 1663 140 26 Weakness-
2877 1666 27 24 of

2371 1692 119 32 Memory,
2503 1693 110 26 Restless
2623 1695 80 32 Sleep,
2714 1696 114 30 Dreams,
2837 1698 64 25 Loss

2371 1725 75 25 Flesh
2458 1726 50 24 and
2599 1726 98 31 .Power,
2721 1730 135 32 Eruptions
2869 1740 32 16 on

2371 1758 42 24 the
2422 1759 63 24 Face
2496 1761 50 22 acd
2557 1761 78 31 Body,
2649 1762 75 25 Want
2747 1764 26 24 of
2782 1764 119 31 Develop-

2370 1794 78 25 ment,
2468 1791 116 26 Varicose
2599 1794 83 29 Veins,
2705 1795 141 32 Incapacity
2864 1797 38 25 for

2370 1823 111 26 business
2493 1833 28 16 or
2530 1825 120 32 pleasure,
2664 1827 104 34 Urinary
2776 1828 124 32 Diseases,

2371 1858 49 23 and
2438 1857 34 25 all
2495 1858 43 25 the
2561 1860 83 25 effects
2666 1862 98 33 leading
2786 1867 25 21 to
2834 1864 66 32 eariy

2371 1890 83 32 decay,
2478 1891 105 33 perhaps
2604 1894 181 33 Consumption
2809 1905 28 16 or
2859 1897 42 24 In-

2371 1924 89 31 sanity,
2473 1932 47 17 can
2544 1926 29 24 be
2584 1934 15 17 o
2606 1928 92 25 Gained
2710 1928 30 31 by
2761 1930 141 32 consulting

2370 1958 138 32 personally
2526 1968 27 17 or
2561 1959 31 32 by
2603 1963 63 29 post,
2702 1962 91 25 FEEE
2803 1964 97 25 PROF.

2371 1990 175 33 NOTMANN,
2577 1994 200 32 M.E..E.M.G.,
2830 1997 70 25 Cam-

2370 2023 85 31 bridge
2467 2025 109 30 Terrace,
2600 2029 110 29 opposite
2721 2053 3 2 .
2734 2029 115 25 Colombo
2863 2030 37 25 St.

2371 2056 98 32 Bridge,
2499 2057 187 29 Christchurch.
2749 2062 52 25 The
2843 2063 59 30 only

2370 2089 225 28 Electrobotanieal
2624 2093 95 33 Expert
2753 2096 150 32 advertising

2371 2123 53 26 who
2436 2124 50 25 will
2497 2129 136 27 guarantee
2650 2136 15 16 a
2676 2129 130 32 thorough
2835 2138 65 18 cure.

2373 2156 56 26 Sole
2444 2160 135 28 proprietor
2608 2161 49 23 and
2673 2164 114 28 patentee
2815 2164 27 24 of
2860 2163 43 25 the

2371 2190 59 30 only
2451 2193 149 28 guaranteed
2623 2192 109 26 Electric
2754 2196 70 24 Belts
2854 2197 53 23 and

2371 2222 71 24 other
2454 2223 89 30 special
2566 2225 124 26 electrical
2713 2228 141 30 appliances
2877 2229 26 24 m

2371 2255 42 24 the
2422 2255 114 26 colonies.
2571 2256 98 27 Ladies'
2682 2259 95 25 French
2789 2260 114 26 herbace-

2371 2296 43 16 ous
2425 2288 57 29 pills
2503 2289 38 24 for
2569 2290 174 30 irregularities
2766 2294 64 23 from
2853 2301 50 24 any

2371 2326 80 23 cause,
2477 2322 42 23 10s
2541 2323 94 29 posted.
2669 2324 145 32 Pamphlets
2841 2326 61 24 free.

2371 2352 203 27 Testimonial:—
2575 2356 97 31 Napier,
2684 2357 95 32 August
2787 2359 45 25 7th
2838 2361 63 23 1895

2371 2385 64 25 Prof.
2447 2386 130 26 Notmann.
2580 2403 33 3 —
2613 2389 67 25 Dear
2690 2390 81 30 Sir,—
2773 2391 14 24 l
2796 2393 107 23 received

2370 2427 59 22 your
2435 2420 73 24 letter
2517 2422 49 23 last
2578 2422 75 29 week,
2672 2424 49 24 and
2732 2424 14 24 I
2762 2425 140 25 amthank-

2371 2451 37 25 ful
2430 2456 25 21 to
2478 2453 53 25 find
2553 2463 48 23 you
2613 2464 42 17 are
2666 2457 103 26 anxious
2787 2460 26 23 to
2833 2458 69 26 know

2372 2485 42 24 the
2426 2485 105 25 benefits
2538 2488 23 22 •!
2573 2488 63 24 have
2648 2490 98 24 derived
2764 2491 61 23 from
2843 2500 60 23 your

2372 2519 140 24 treatment.
2549 2517 47 32 Sir,
2625 2521 19 24 it
2672 2523 67 31 gives
2767 2531 40 17 me
2835 2528 68 28 great

2371 2551 113 31 pleasure
2496 2555 25 22 to
2532 2553 91 25 inform
2634 2563 48 23 you
2693 2556 54 25 that
2757 2564 14 17 a
2783 2559 119 30 complete

2372 2585 49 24 and
2432 2585 92 31 perfect
2536 2595 56 16 cure
2603 2588 46 25 has
2669 2589 61 28 be.en
2754 2589 101 27 effected

2372 2618 43 24 the
2425 2619 117 25 maladies
2552 2620 14 24 I
2585 2623 155 30 complained
2761 2624 25 24 of
2797 2625 26 25 to
2844 2633 57 23 you.

2371 2651 14 24 I
2396 2660 40 15 am
2449 2653 114 31 enjoying
2573 2655 62 29 good
2653 2655 91 30 health,
2757 2658 49 23 and
2816 2666 42 15 am
2867 2667 35 15 re-

2372 2684 82 25 stored
2473 2687 25 22 to
2518 2686 86 31 manly
2626 2688 94 30 vigour.
2755 2690 58 24 P.S.
2815 2705 32 4 —
2849 2691 54 31 Any

2371 2717 101 25 suffeier
2481 2718 109 25 desirous
2599 2720 26 24 of
2630 2723 208 31 communicating
2843 2724 60 23 with

2371 2757 40 16 me
2420 2757 48 23 you
2480 2758 41 16 are
2533 2754 26 21 at
2576 2752 88 32 liberty
2687 2756 25 22 to
2733 2756 54 29 give
2808 2764 41 23 my
2861 2757 42 23 ad-

2371 2783 75 28 dress,
2459 2783 37 24 for
2507 2784 13 23 I
2536 2784 48 25 like
2595 2794 60 23 your
2672 2789 117 28 practical
2801 2789 102 25 method

2371 2816 25 24 of
2408 2818 175 25 treatment.—
2585 2818 28 25 T.
2629 2819 27 25 C.
2670 2821 115 25 Simpson.

2430 2897 52 45 T.
2545 2898 301 47 PICKAED

2399 2989 75 21 BOOT
2488 2990 63 21 AND
2571 2991 77 20 SHOE
2667 2991 115 25 MAKER,
2801 2991 76 20 EAST

2571 3035 123 22 OXFORD

2369 3086 106 58 BEGS
2493 3088 26 23 to
2540 3086 92 25 inform
2653 3087 43 25 the
2713 3088 157 26 inhabitants
2882 3090 25 24 of

2427 3119 91 25 Oxford
2531 3118 64 26 "and'
2608 3121 168 31 surrounding
2796 3121 109 26 districts

2370 3161 56 23 that
2447 3160 32 25 he
2500 3161 46 24 has
2559 3163 89 23 started
2661 3161 112 26 business
2785 3164 27 24 m
2834 3160 69 36 High

2371 3204 37 28 St,
2437 3212 26 17 as
2481 3212 15 17 a
2516 3204 55 25 boot
2590 3205 48 24 and
2660 3206 58 25 shoe
2721 3209 3 4 1
2741 3206 93 30 maker,
2854 3208 50 24 and

2371 3244 92 24 solicits
2476 3252 15 15 a
2503 3244 71 24 share
2587 3246 26 23 of
2631 3245 66 24 their
2707 3248 138 30 patronage,
2855 3248 46 23 and

2371 3291 108 27 support.
2514 3287 76 27 Bipots
2614 3288 144 30 and,shoe.s
2760 3297 2 9 :
2782 3290 87 26 made.
2877 3293 26 23 to

2369 3332 79 27 order,
2471 3332 175 24 handstitched
2667 3341 15 16 a
2702 3332 137 34 speciality!

2372 3507 147 23 WORKING
2540 3509 173 27 JEWELLER,
2723 3511 185 26 OPTICTAN,&c

2418 3561 100 46 JIP
2551 3563 137 44 STREET,
2706 3563 127 38 OXFORD

2427 3633 69 47 W.
2517 3634 58 56 H,
2597 3634 250 46 ALFORD

2368 3718 258 27 JEWELLERY
2637 3720 33 24 of
2675 3725 94 25 every
2777 3720 129 31 descrip-

2369 3764 65 25 tion
2450 3764 88 24 made
2554 3765 33 22 to
2605 3763 97 31 order,
2726 3764 125 30 altered,
2872 3770 35 18 or

2546 3807 159 31 Repaired.

2404 3876 480 54 rtECtHP-fMTE'

2386 3942 3 7 '
2576 3940 88 34 and

2372 3992 211 42 GUItBIM
2608 3989 300 50 WOflK-IDpNS.-

2371 4074 104 31 -rPipes
2490 4073 149 28 Mounted
2665 4073 60 25 and
2741 4072 151 31 Repaired

2369 4115 20 19 O
2395 4114 17 19 L
2417 4115 19 18 D
2446 4114 20 20 G
2470 4113 44 20 OL
2518 4114 19 18 D
2558 4113 69 19 AND
2635 4113 19 19 S
2660 4114 5 18 I
2673 4113 37 19 LV
2715 4113 18 20 E
2737 4113 19 19 R
2768 4113 42 19 BO
2816 4113 44 21 UG
2866 4113 20 19 H
2889 4113 19 19 T

2401 4148 170 31 Spectacles
2590 4149 30 23 to
2641 4148 59 24 suit
2713 4146 48 28 all.
2768 4148 106 29 sights,

2432 4204 70 31 W.
2529 4203 51 38 H,
2613 4201 230 34 ALFORD

2526 4255 76 25 East
2622 4254 128 26 Oxford.

2387 4334 262 48 WALTEE
2709 4331 179 50 EfflDE.

2474 4426 116 23 TIMBER
2615 4424 177 25 MERCHANT.

2408 4527 5 7 .
2448 4493 119 36 WEST
2640 4495 183 41 OXFORD.

2422 302 60 22 THE
2495 303 74 21 BEST
2583 303 88 21 HOME
2687 302 139 23 BEMEDIE

2475 342 41 17 *re
2529 336 37 21 the
2575 336 135 26 preparation
2720 336 25 21 of
2752 336 36 21 the
2816 339 2 4 '

2365 370 169 24 TASMANIAN
2548 371 190 32 ;EUOAIi?PpjS
2751 373 54 21 OIL'
2813 374 82 21 COMP.

2394 409 135 28 Universally
2538 411 104 23 admitted
2650 410 37 22 the
2695 410 79 30 BE^T,
2785 411 113 23 PUREST

2365 447 43 20 and
2419 450 56 17 most
2485 448 93 20 effective
2588 448 134 26 Eucalyptus
2727 447 121 21 ■.Globulus
2864 448 33 20 Oil

2365 478 33 20 for
2419 478 170 26 INFLUENZA,
2609 469 177 44 Coughs^C^ida
2804 480 48 20 .and
2868 480 30 20 all

2365 508 65 21 Chest
2447 510 42 20 and
2498 508 62 28 Lung
2576 508 203 32 afteotjo.ns'ajp.eeidy
2788 510 59 21 relief
2856 511 43 20 and

2366 541 55 21 Cure
2439 542 34 20 for
2487 542 156 25 Rheumatism,
2664 543 122 26 Neuralgia',
2801 543 98 26 Sprains.

2365 568 71 22 Burns
2456 571 34 19 &c.
2882 568 24 15 "*'■*

2392 602 131 27 Eucalyptus
2542 603 103 21 Globulus
2664 604 91 21 Extract
2764 604 90 26 sprayed
2867 605 32 20 in-

2365 633 63 22 haled
2443 635 43 20 and
2500 635 65 20 taken
2575 635 116 27 internally
2708 637 33 18 for
2756 637 36 19 the
2810 637 87 25 Throat,

2365 669 97 27 Catarrh,
2479 670 59 26 Hay,
2562 671 97 25 Typhoid
2676 672 42 21 and
2733 672 81 22 Scarlet
2823 674 76 21 Fevers

2365 702 130 22 MEASLES
2506 703 36 22 the
2549 706 54 18 most
2612 704 137 26 satisfactory
2757 707 142 24 prerentative

2366 735 42 20 and
2422 735 61 21 Cure.
2511 736 56 21 Send
2581 736 50 21 Post
2647 736 55 21 Card
2713 739 22 19 to
2744 737 37 22 the
2791 737 63 22 Office
2866 738 34 21 for

2366 765 95 24 Circular
2475 768 119 26 describing
2612 771 122 19 treatment.
2760 770 139 26 Eucalyptus,

2365 799 111 23 Ointment
2486 802 36 20 the
2532 802 69 25 Magic
2610 803 79 20 Healer
2703 804 22 20 of
2739 804 70 23 Sores,
2822 805 77 24 Burns,

2367 831 101 25 Wounds,
2484 834 59 20 Boils
2562 835 44 23 &c,
2629 835 133 25 Eucalyptus
2782 835 57 26 Soap
2853 835 43 21 Fra

2365 865 63 22 grant
2437 864 43 20 and
2489 865 123 26 refreshing,
2636 867 133 25 Eucalyptus
2778 867 89 26 Jujubes
2876 874 24 13 or

2365 893 101 22 Pastilles
2476 896 33 20 for
2518 896 37 20 the
2580 897 80 21 Throat
2670 898 116 28 and^Voice
2802 905 28 14 an
2845 900 54 19 anti-

2367 926 66 25 septic
2443 927 42 20 and
2495 928 119 21 stimulant.

2365 957 126 29 Veterinary
2507 961 36 21 Oil
2552 962 43 21 and
2605 963 111 20 Ointment
2725 964 33 19 for
2768 963 37 21 the
2814 964 85 21 stables.

2393 994 29 21 Be
2432 1001 48 15 sure
2489 1001 43 21 you
2542 996 107 22 Purchase
2663 998 40 20 the
2713 997 103 28 Platypus
2833 998 67 21 brand

2366 1027 51 24 only
2426 1027 22 19 of
2455 1028 29 20 all
2494 1029 112 24 Chemists,
2612 1030 87 20 Grocers
2706 1030 42 20 and
2755 1030 145 26 Storekeepers

2366 1057 43 20 and
2422 1060 23 19 at
2459 1059 36 20 the
2506 1060 64 21 Office
2579 1062 12 20 9
2600 1061 115 21 Cathedral
2723 1067 76 19 square
2809 1062 90 21 between

2366 1089 100 21 Morten's
2480 1091 112 27 Buildings
2600 1095 42 19 and
2652 1094 37 20 the
2698 1093 51 23 Pdfc't
2758 1094 70 22 Office.

2530 1127 87 21 Oxford
2628 1128 78 26 Agent

2421 1160 26 22 R,
2457 1161 30 22 H.
2501 1163 118 27 PARISH,
2642 1165 76 22 EAST
2732 1166 118 21 OXFORD

2403 1222 3 2 .
2447 1199 141 28 Eucalyptus
2596 1201 39 22 Oil
2648 1203 30 26 1/-
2691 1210 41 20 per
2741 1204 77 21 bottle.

1320 206 117 90 JJ.
1503 209 132 87 H.
1693 205 512 91 PARISH

1189 394 25 13 ,
1465 348 195 61 EAST
1707 347 325 63 OXFORD

1272 491 108 33 was
1400 479 91 52 the
1510 480 194 61 largest
1723 480 279 54 purchaser
2021 481 55 44 m
2091 478 175 63 -STortJi

1535 552 315 59 Canterbury
1885 555 57 44 of

1232 629 128 86 H.
1432 630 458 89 OLNEY
1933 635 80 83 &
2067 631 229 98 Gqs.,

1189 767 291 45 Wholesale
1504 768 153 44 stock,
1670 767 56 48 of
1743 767 245 57 Drapery,
2016 767 237 56 securing
2286 769 52 42 at

1189 851 271 31 enormous
1474 837 319 44 concessions
1811 837 131 44 from
1959 838 183 44 landed
2158 840 111 42 cost
2283 840 53 43 iv

1244 926 139 32 some
1406 915 56 43 of
1475 916 88 43 the
1579 917 135 42 most
1733 915 284 55 important
2039 917 233 50 sections,

1541 993 281 58 consisting
1854 995 110 44 of—

1193 1067 500 92 Costumes
1762 1073 301 86 worth
2143 1072 189 84 40s.

1498 1206 155 86 for
1708 1208 140 85 -5s
1913 1208 126 85 6d

1192 1341 348 88 Ladies
1581 1345 312 88 Black
1921 1348 417 87 Jackets

1227 1487 150 86 for
1420 1490 112 84 3s
1575 1489 127 87 9d
1778 1494 306 86 worth
2128 1499 163 85 20s

1500 1821 200 27 JLJL&&JLJL
1757 1825 50 23 fr-r
1820 1821 27 28 1.
1863 1821 172 33 3.\j\Z/0-

1371 1952 336 46 ENORMOUS
1768 1955 387 51 REDUCTIONS

1311 2167 86 84 E
1401 2168 360 84 educed
1806 2176 101 79 to
1964 2173 100 83 Is
2108 2175 162 82 6cL

1552 2298 39 30 36
1613 2302 32 26 to
1667 2299 40 29 45
1719 2298 104 31 inches
1844 2301 85 40 deep.

1421 2509 432 17 »♦♦♦♦»♦♦♦♦»♦♦♦»♦♦♦♦♦♦»»♦♦♦»♦♦»»
1857 2514 108 14 *♦♦»»♦»♦
1969 2514 28 13 >^»

1190 2568 80 38 fpHE
1289 2568 115 32 question
1414 2567 22 24 is
1447 2566 99 25 natural
1546 2580 34 4 —
1604 2565 67 32 Why
1683 2564 60 26 send
1758 2567 26 23 to
1796 2565 177 27 Christchurch
1992 2567 38 25 for
2048 2576 62 24 your
2128 2569 109 34 Drapery
2245 2573 11 23 ?
2292 2573 51 26 The

1197 2601 19 25 I
1254 2603 102 30 drapery
1368 2601 53 24 sold
1430 2601 26 23 m
1465 2600 56 24 that
1533 2600 49 31 city
1594 2607 71 23 every
1677 2607 46 16 one
1736 2599 93 30 knows,
1841 2599 22 25 is
1875 2603 45 22 not
1931 2601 71 24 made
2014 2603 76 27 there,
2109 2602 46 26 but
2166 2605 128 31 imported.
2330 2608 14 24 I

1190 2636 93 30 import
1293 2636 66 24 from
1370 2634 43 24 the
1425 2633 52 25 best
1489 2632 106 32 English
1607 2632 51 24 and
1675 2632 87 25 Scotch
1775 2633 99 24 houses.
1921 2634 71 24 lam
2004 2636 103 24 enabled
2119 2638 26 24 to
2156 2640 122 29 purchase
2296 2640 47 25 low

1190 2669 50 24 and
1249 2668 46 25 sell
1306 2670 27 23 at
1341 2676 15 15 a
1367 2669 53 22 rate
1432 2667 26 23 of
1467 2666 74 31 profit
1553 2666 53 32 (my
1618 2673 122 23 expenses
1752 2665 72 32 being
1835 2667 82 30 small)
1929 2667 57 24 that
1997 2669 82 24 would
2089 2669 31 25 be
2138 2672 144 24 considered
2302 2674 41 24 ab-

1191 2702 62 24 surd
1261 2702 32 30 by
1309 2709 47 22 any
1376 2699 179 25 Chvistchurch
1578 2698 198 25 establishment.
1829 2699 45 31 My
1895 2699 76 25 Stock
1989 2700 21 24 is
2030 2701 42 24 the
2093 2701 93 32 largest
2204 2705 50 24 and
2276 2709 67 22 most

1190 2734 83 25 varied
1293 2733 57 26 that
1360 2733 45 24 has
1417 2740 56 16 ever
1482 2733 64 22 been
1557 2731 87 24 shown
1654 2730 28 24 m
1693 2731 44 23 the
1748 2731 103 30 district,
1864 2732 50 24 and
1925 2732 38 24 for
1973 2733 92 31 quality
2085 2735 49 24 and
2153 2736 72 25 value
2242 2740 58 28 puts
2315 2740 28 24 m

1190 2768 41 24 the
1242 2767 77 25 shade
1336 2766 75 32 goods
1421 2764 91 25 offered
1524 2764 32 32 by
1567 2764 102 30 visiting
1679 2764 114 24 hawkers
1807 2766 61 22 from
1880 2764 44 25 the
1941 2765 179 27 Christchurch
2131 2776 46 25 rag
2188 2773 87 22 marts.

1223 2821 94 25 Dress
1329 2821 163 30 Materials,
1505 2818 87 26 Plain
1604 2818 60 25 and
1674 2818 104 32 Fancy
1789 2818 79 26 from
1882 2818 50 26 3d.
1945 2825 54 25 per
2007 2821 84 29 yard.

1223 2881 27 24 A.
1266 2880 110 28 Strong
1392 2879 87 25 Stout
1495 2879 132 24 Durable
1645 2877 126 30 Kaiapoi
1788 2877 113 25 Tweed
1917 2877 51 32 2/6
1980 2884 54 24 per
2045 2880 75 29 yard

1818 2921 107 24 Makes
1936 2921 155 25 first-class
2108 2923 91 31 Boys'
2218 2923 89 26 Suits.

1223 2973 56 26 Art
1296 2972 138 31 Muslins,
1454 2970 155 33 Cretones,
1628 2970 80 26 Lace
1727 2970 138 26 Curtains
1884 2970 53 25 &c.

1222 3044 26 30 A
1266 3043 109 26 Choice
1393 3042 166 25 Collection
1577 3042 33 24 of
1624 3040 121 32 Gloves,
1772 3041 77 31 Ties,
1879 3041 129 31 Aprons,
2038 3041 164 27 Insertions
2221 3043 53 26 &c.

1193 3114 4 5 -
1223 3105 103 26 Prints
1337 3105 79 24 from
1428 3104 51 24 4d.
1492 3109 55 25 per
1557 3103 85 30 yard.
1655 3102 139 31 Muslins,
1807 3102 138 31 Selesias,
1959 3101 125 32 Calicos,
2098 3102 54 26 &c.

1806 3145 87 26 With
1909 3145 88 25 other
2014 3146 192 25 Manchester
2222 3149 86 29 lines.

1223 3200 87 32 Hats,
1329 3199 103 30 Fancy
1449 3199 59 24 and
1521 3195 109 34 'Sailor,
1649 3198 31 24 m
1697 3196 104 26 White
1818 3197 60 24 and
1894 3196 115 26 Colors.

1764 3241 125 24 Newest
1906 3240 122 32 Shapes.
2063 3240 96 31 Large
2176 3242 131 33 Variety,

1222 3295 148 30 Flowers,
1388 3294 153 30 Feathers,
1560 3291 148 31 Ribbons,
1727 3291 105 31 Laces,
1850 3290 74 32 Jets,
1945 3290 54 25 &c.

1251 3350 5 10 :
1291 3356 1 2 .
1317 3358 2 2 .
1378 3358 3 3 .
1692 3331 87 25 With
1795 3333 41 23 all
1853 3332 182 24 necessaries
2049 3331 51 27 .for
2117 3331 189 30 Trimmings.

1221 3385 103 30 Fancy
1341 3384 139 29 Frillings
1499 3383 76 30 3yds
1587 3383 46 23 for
1640 3382 46 32 1/-.
1696 3381 103 25 worth
1809 3380 50 31 9d,
1877 3385 54 26 per
1942 3381 83 30 yard,

1388 3441 2 3 ■
1402 3425 3 6 '
1592 3448 3 3 .
1686 3449 2 4 .
1754 3424 182 31 Umbrellas,
1954 3424 151 31 Parasols,
2124 3424 182 33 Sunshades,

1216 3558 19 10 ..
1507 3518 241 46 DOUBLE
1809 3517 212 44 WIDTH

1194 3603 292 87 Dress
1509 3679 4 3 .
1562 3597 394 86 Tweeds
2039 3598 128 85 Is'
2210 3599 133 87 4d

1235 3866 491 95 ...Costume
1792 3860 283 86 Cloth
2120 3865 160 84 .Is.

1329 4029 49 44 .•
1410 3984 329 93 worth
1792 3989 102 83 Is
1952 3987 154 87 4d.

1186 4234 134 42 English
1333 4233 128 41 Witney
1470 4229 150 33 Blankets
1630 4233 37 27 to
1683 4229 37 31 be
1734 4228 67 32 sold
1816 4233 32 27 at
1858 4229 60 31 less
1927 4228 77 31 than
2017 4227 180 32 Melbourne
2211 4228 129 33 Whole-

1188 4288 65 32 sale
1273 4285 249 42 price-i-Bouble
1537 4284 69 30 Bed
1623 4281 69 32 Size
1715 4283 65 29 12s.
1805 4281 49 31 6d.
1905 4280 101 31 worth
2023 4281 66 30 16s.
2128 4280 49 31 6d.
2199 4290 56 31 per
2269 4283 69 40 pair

1352 4326 130 41 cheaper
1495 4325 78 30 than
1588 4322 225 33 Cliristchurch
1827 4323 113 30 houses
1954 4321 64 32 will
2032 4322 59 31 sell
2101 4321 98 32 them.

1227 4439 72 33 ft.
1326 4438 78 33 H.
1442 4433 315 43 PARISH:,
1815 4433 155 34 East
2018 4431 257 35 Oxford.

709 214 136 47 FOR
888 215 182 44 SALE.

623 311 103 79 FEW
741 316 71 27 tons
828 314 83 39 good
938 318 91 26 straw
1044 313 91 30 chaff.

804 355 105 40 Ar>ply
1124 368 32 40 .^

789 429 98 30 G...T.
912 428 140 31 JONES.

887 478 69 26 West
974 477 101 29 Oxford.

625 985 250 47 JOSEPH
918 985 247 47 LOUGH:

663 1084 11 10 
738 1082 3 2 •

701 1098 146 39 ''"EAST
857 1106 199 33 -OXFORD.

659 1159 103 31 Having
769 1159 52 31 just
829 1158 124 31 imported
961 1158 64 25 from
1032 1159 127 31 England,

625 1210 55 16 new
703 1202 116 30 Designs,
854 1209 54 16 new
937 1201 150 31 Trimmings
1110 1202 48 23 and

626 1245 88 30 Robes,
727 1245 21 24 is
758 1244 117 32 prepared
886 1246 26 23 to
922 1245 106 23 conduct
1037 1245 123 24 Funerals

626 1286 96 28 Adults,
741 1287 26 21 at
781 1285 45 24 £5.
840 1284 50 24 and
901 1285 123 30 upwards,
1048 1285 112 30 polished

625 1329 80 27 coffin,
730 1328 48 24 and
809 1327 193 25 silvermounted
1025 1328 135 24 Furniture

626 1373 76 23 From
715 1371 45 24 £8.
779 1371 131 31 according
922 1373 25 22 to
971 1371 114 31 Designs.
1121 1371 39 24 No

626 1418 69 22 extra
707 1415 86 32 charge
806 1414 38 26 for
856 1414 96 25 Hearse
975 1423 27 16 or
1022 1422 74 24 open-
1101 1414 57 25 Car-

624 1460 75 31 riage.

658 1503 31 24 N.
719 1502 30 25 B.
780 1502 92 25 Coffins
895 1501 58 32 kept
975 1503 27 23 m
1032 1501 68 25 stock
1122 1502 38 24 for

626 1564 87 29 urgent
733 1569 76 16 cases.

647 1764 221 22 gxpobd
912 1763 236 22 zB-A.:s::E:E&-y

728 1807 212 30 Established
965 1807 79 30 1862

673 1875 124 28 FLOUE,
809 1875 56 24 best
875 1874 80 25 brand
967 1874 58 32 only
1036 1874 68 31 kept.

625 1918 133 26 SHARPS
764 1938 5 9 ,
805 1918 52 25 0A
868 1918 17 24 T
896 1918 26 24 M
932 1917 22 25 E
957 1918 53 29 AL,
1046 1917 22 25 B
1074 1917 50 24 R'A
1132 1917 23 24 N

687 1987 4 6 ,
716 1962 290 29 CHICKENWHEAT,
1025 1964 41 24 &c.

651 2007 41 19 AT
719 2006 122 20 LOWEST
870 2006 140 20 CURRENT
1038 2006 103 22 RATES,

687 2116 80 45 -p.
800 2115 51 46 B;
873 2115 186 56 LANE.

731 2190 90 39 (Late
836 2190 38 29 E.
895 2190 159 38 Butcher.)

628 2249 249 35 Watchmaker,
907 2249 182 35 Jeweller,
1107 2248 52 31 &c.

627 2300 123 31 Importer
784 2300 26 23 of
849 2299 108 25 Musical
991 2299 170 24 Instruments

726 2337 111 24 Victoria
858 2337 38 25 St.
927 2337 132 31 Rangidra.

630 2416 98 32 Special
739 2417 70 24 value
831 2416 28 23 m
882 2415 80 24 Extra
985 2417 86 29 strong
1082 2414 79 25 Cased

628 2461 87 30 highly
724 2460 107 23 finished
845 2459 108 30 English
971 2459 80 24 Lever
1059 2458 103 24 Watch-

628 2510 34 18 es.
709 2502 190 25 Manufactured
916 2503 26 23 to
965 2509 42 23 my
1035 2501 71 25 order
1128 2500 34 33 by

629 2543 54 25 best
694 2543 104 25 London
817 2542 106 25 makers.
958 2542 157 32 Unequalled
1124 2541 38 25 for

629 2588 122 24 excellent
764 2587 177 31 Timekeeping
957 2586 49 24 and
1018 2585 142 32 durability.

661 2631 29 24 F.
708 2630 31 25 B.
752 2630 95 25 LANE
860 2629 139 32 personally
1021 2630 71 24 visits
1113 2629 47 24 Ox-

629 2675 53 23 ford
703 2674 123 31 monthly,
851 2674 114 31 carrying
985 2681 15 16 a
1022 2672 67 31 large
1113 2672 49 25 and

628 2717 85 25 choice
748 2716 69 24 stock
845 2716 27 24 of
903 2716 127 28 Watches,
1059 2716 101 27 Chains,

628 2759 134 28 Brooches,
772 2759 87 31 Rings,
872 2759 83 27 Studs,
974 2759 127 24 Pendants
1113 2760 47 26 etc,

622 2803 149 32 .Spectacles
793 2802 122 33 (Pebbles,
932 2802 168 26 Pantosconsc
1112 2802 50 25 and

630 2847 107 32 Crystal)
751 2846 95 28 Clocks,
866 2846 106 31 (Marble
993 2846 50 24 and
1061 2846 100 31 Wood,)

728 2888 156 25 Accordeons
896 2888 49 25 and
956 2888 106 25 Violins.

662 2933 81 24 Exact
755 2933 56 23 date
824 2932 27 25 of
861 2932 61 24 each
933 2932 59 24 visit
1015 2931 22 25 is
1048 2931 105 24 notified

776 2977 27 24 m

628 3022 115 24 Repairs.
746 3036 31 3 —
779 3021 40 25 All
831 3021 93 31 repairs
935 3028 49 17 -are
1001 3020 118 24 executed
1130 3019 30 32 by

627 3065 92 32 myself
740 3073 27 17 or
784 3065 79 24 under
880 3072 45 23 my
943 3064 219 31 superintendence

628 3118 28 15 so
678 3109 56 24 that
753 3111 102 29 patrons
868 3116 45 16 can
936 3109 52 31 rely
1011 3116 32 16 on
1065 3107 97 31 getting

628 3152 155 25 satisfaction
791 3155 33 22 at-
830 3152 51 26 the-,
884 3159 57 24 very
941 3151 105 25 -lowest,
1049 3151 111 31 charges'.

661 3196 103 31 Repairs
776 3204 28 16 or
813 3196 83 24 orders
905 3203 58 24 may
975 3194 29 25 be
1013 3194 44 26 left
1069 3196 25 22 at
1096 3209 32 4 —

628 3245 25 24 J.
671 3244 134 28 Weeber's,
840 3245 65 24 East
928 3243 100 25 Oxford,

627 3290 25 22 at
675 3288 41 24 W.
740 3288 35 23 M.
800 3288 37 26 C,
861 3287 64 24 East
950 3286 100 25 Oxiord.
1059 3288 2 8 :
1112 3306 3 2 .
1144 3307 2 2 .

626 3331 24 25 J.
668 3331 99 29 Brown,
781 3330 159 29 Bootmaker,
965 3330 70 24 West
1060 3329 105 25 Oxford/

627 3375 39 25 W.
680 3376 26 24 J.
718 3375 118 24 Crothers
845 3375 19 24 &
877 3375 44 24 Co.
930 3393 5 5 .
958 3374 69 25 Oust.

659 3419 50 24 and
725 3418 49 25 will
783 3418 31 25 be
825 3418 125 32 promptly
962 3418 118 25 attended
1092 3420 34 23 to.

627 3462 58 32 All
693 3460 98 33 Work
804 3464 77 29 done
893 3474 47 19 on.
946 3463 54 29 the
1012 3462 149 30 Premises

750 3515 64 30 and
826 3514 198 40 guaranteed.

711 3697 135 46 FOR
910 3695 162 47 SALE

624 3796 159 26 mURNIPS
797 3797 29 30 by
838 3796 43 24 the
894 3796 47 31 bag
961 3803 26 16 or
1007 3794 30 32 by
1049 3794 43 25 the
1104 3794 56 25 load

628 3820 22 35 J.
671 3833 27 23 at
710 3839 14 16 a,
746 3838 54 22 very
825 3829 49 25 low
885 3829 73 31 price.

708 3872 86 28 '■'■■••;
826 3876 4 9 '
854 3872 81 32 Apply
957 3874 27 32 *_••
999 3896 1 1 .

889 3944 35 25 H.
949 3943 125 25 ASKEW

797 4006 2 3 •
805 3979 57 36 ■'■,'.
931 3987 76 25 West-
1020 3987 104 25 Oxford.

758 4246 117 30 Copies
898 4254 38 22 of
958 4253 61 21 the

671 4307 174 32 OXFOKD
879 4305 224 33 OBSERVES
1135 4335 30 5 ....

730 4384 47 18 can
800 4376 31 25 be
855 4375 118 25 obtained
993 4375 27 25 at
1085 4398 4 3 .

619 4421 177 29 CARGILL'S
808 4429 86 17 corner
917 4421 26 24 of
958 4418 138 27 CASHEL
1108 4417 49 26 and

717 4461 163 26 COLOMBO
899 4459 155 26 STREETS

790 4501 188 27 Christchurch.

87 4312 238 47 CANCER
357 4312 204 45 CURED

233 4397 148 22 WITHOUT

57 4442 26 28 A
107 4440 206 31 SURGICAL
344 4433 244 37 OPERATION

88 4495 50 24 For
148 4494 99 30 further
261 4494 150 31 particulars
426 4492 73 32 apply
517 4496 23 19 to
553 4491 35 24 the

104 4543 122 25 OFFICE
245 4544 44 24 OF
312 4543 82 25 THIS
411 4540 122 27 PAPER.
