3390 6164
780 94 137 47 TrtK
989 90 210 47 i.YKLL
1269 89 216 47 TIMES.
1552 88 69 45 S\
1633 86 85 47 T'J
1731 89 9 21 1
1749 112 18 23 v
1778 90 19 20 r
1797 90 18 40 )
1836 91 79 44 \Y.
1985 91 45 45 M
2057 103 51 34 w
2188 109 17 36 i
2294 95 102 58 iTV,

177 278 44 34 v.
350 242 178 111 §f|||!|
654 278 29 34 e
685 302 8 9 -

57 387 225 37 HAMPDEN
312 388 249 35 LICENSING
591 386 221 37 DISTRICT,
828 386 3 38 i

351 482 176 33 NOTICE.

65 573 129 33 fTIHE
212 573 186 34 ANNUAL
417 572 246 33 LIOFA'SIXG
679 570 109 34 MEET-

174 636 82 33 ING
286 636 36 33 of
350 636 53 33 the
435 635 243 33 LICENSING
713 633 78 34 COM-

66 697 174 33 MITTEE
268 697 49 33 for
344 697 54 33 the
425 697 172 38 Licensing
789 694 34 34 of

66 760 191 45 Hampden,
276 761 61 34 will
352 760 36 33 I>o
405 760 68 33 'tell
490 769 32 24 at
534 760 54 33 t,he
605 758 110 34 Public
728 757 91 38 Hall,

69 821 202 36 Murchison,
296 833 40 21 on
354 822 58 31 T(J
423 822 79 30 ESD
516 821 58 40 VY,
601 821 53 30 tlh?
677 819 2 42 (
680 820 53 32 Jth
757 819 64 33 day

69 886 36 34 of
116 886 131 40 JUNE,
266 888 89 37 1885,
372 892 33 27 at
428 884 131 38 NOON,
576 884 48 33 for
641 882 161 34 considera-

68 949 69 34 tion
153 948 35 35 of
202 948 223 45 Applications
442 946 102 34 nnlar
562 945 54 34 the
641 945 180 43 provisions

146 1012 69 33 The
232 1012 151 33 Licensin
396 1022 9 24 r
420 1011 71 34 Act,,
639 1019 38 21 an
692 1007 10 32 1
753 1007 68 32 The

68 1075 177 44 Licensing
259 1077 61 33 Aet
336 1073 220 35 Amendment
571 1073 70 38 Act,

112 1189 53 34 All
187 1189 213 44 applications
423 1192 88 29 must
534 1186 37 33 bo
595 1184 116 39 lodged
746 1183 79 34 with

70 1252 57 35 the
144 1252 95 34 Clerk
262 1252 35 33 of
309 1252 55 32 the
382 1251 171 37 Licensing
569 1249 200 33 Committee
793 1251 34 28 at

71 1315 58 33 the
145 1315 239 36 Court-Honse,
399 1313 102 42 Lyell,
516 1318 56 27 not
583 1312 80 33 later
675 1312 80 32 than
771 1310 55 33 the

76 1378 75 36 19th
167 1378 64 45 day
247 1378 30 34 of
295 1376 93 35 MAY
404 1380 85 29 next.

197 1440 181 35 ALFRED
404 1439 34 33 A.
464 1437 240 39 CORFIELD,

228 1503 95 33 Clerk
339 1502 35 32 of
391 1502 171 37 Licensing
578 1501 207 31 Committee.

116 1567 108 35 Dated
241 1572 34 30 at
289 1566 104 43 Lyell,
409 1566 65 33 this
489 1564 76 35 BOMI
585 1562 99 44 April,
708 1564 75 33 1885

203 1712 39 31 V.
677 1708 20 33 K-

396 1757 9 9 *-
427 1760 8 13 7
444 1752 2 26 ,
473 1752 4 26 ,
480 1757 9 14 I
496 1760 31 18 A<l,
533 1752 13 24 \

78 1822 249 35 LICENSING
350 1820 212 34 DISTIUCT
593 1820 56 32 OF
672 1818 157 33 LYELL.

369 1910 176 36 NOTICE.

81 2006 132 34 milE
230 2006 184 35 ANNUAL
430 2004 247 35 LICENSING
694 2002 97 34 MEE
805 2003 14 23 r
825 2023 7 4 -

190 2069 83 34 ING
304 2068 35 34 of
364 2068 55 33 the
450 2067 249 33 LICENSING
729 2066 78 33 COM-

82 2133 177 34 MITTEE
285 2133 47 34 for
361 2133 56 34 the
444 2132 172 38 Licensing
642 2131 134 34 District
805 2131 32 33 of

83 2194 106 44 Lyell,
205 2194 67 33 will
289 2194 38 33 be
344 2193 73 34 lipid
437 2198 32 29 at
485 2192 54 34 the
556 2192 230 34 Court-Mouse
806 2197 32 28 ut

84 2257 105 38 Lvell,
212 2268 43 21 on
278 2256 257 38 THURSDAY,
561 2256 53 31 the
640 2255 58 32 4th
721 2254 64 40 day
809 2254 31 31 of

79 2317 131 38 JUNE,
230 2319 88 36 1885,
336 2324 33 28 at
386 2317 132 38 NOON,
536 2319 47 32 for
599 2315 239 37 consideration

85 2383 32 31 ot
141 2381 223 44 Applications
386 2380 102 34 under
513 2379 56 34 the
600 2380 182 43 provisions
808 2378 32 33 of

120 2443 73 34 The
216 2444 175 42 Licensing
413 2443 72 34 Aco.
647 2441 64 34 and
770 2442 68 33 The

85 2507 176 44 Licensing
275 2508 61 32 Act
352 2507 222 32 Amendment
590 2508 71 36 Act,

125 2622 55 33 All
202 2620 213 46 applications
438 2627 89 27 must
554 2620 37 35 be
623 2619 116 41 lodged
762 2620 78 33 with

83 2685 58 35 the
158 2684 96 35 Clerk
268 2684 36 35 of
315 2684 55 35 the
393 2684 177 40 Licensing
586 2683 197 35 Committee
808 2688 32 29 at

84 2747 58 34 the
172 2747 241 38 Court-House,
438 2746 104 43 Lyell,
567 2752 56 27 not
656 2746 81 34 Later
759 2745 81 34 than

85 2809 55 35 the
157 2809 76 34 14th
255 2808 95 34 MAY
367 2813 85 29 next.

208 2871 182 33 ALFRED
413 2872 38 31 A.
477 2870 241 39 CORFfELD,

242 2933 97 36 Clerk
354 2933 36 35 of
402 2933 174 44 Licensing
593 2933 207 34 Committee.

127 2996 107 36 Dated
249 3001 34 30 at
298 2996 106 45 Lyell,
420 2996 67 34 this
503 2997 76 34 30th
597 2996 67 44 Apr
681 2995 128 41 1,1885.

295 3059 376 87 notTCET
689 3057 21 5 ~

83 3193 146 71 List
244 3193 37 34 of
294 3193 166 34 retail
479 3194 159 33 prices
654 3194 50 33 for
717 3192 124 35 meat

198 3250 74 23 now
290 3239 98 44 being
400 3240 141 42 charged
558 3239 49 34 for
621 3239 42 43 by
681 3248 102 25 us:—

107 3285 105 45 Beef
228 3285 146 50 (jeintH)
474 3311 13 8 .
584 3310 13 9 -
645 3285 55 43 4d
717 3285 106 45 &5d

108 3337 170 44 Mutton
292 3338 102 49 (bind
414 3342 186 45 quarter)-
651 3338 53 43 5d

277 3389 215 47 (f>redo).
588 3414 14 8 .
651 3389 55 45 4d

108 3440 40 44 A
159 3440 145 45 liberal
320 3441 233 53 allowance,
571 3441 247 46 Wholesale.

129 3544 61 35 We
204 3544 64 44 be#
277 3547 33 32 to
320 3544 125 35 further
455 3544 120 35 inform
588 3546 171 40 residents,
772 3546 74 34 that

85 3601 63 25 our
162 3591 106 44 prices
284 3591 66 34 will
367 3591 122 43 always
504 3591 39 34 be
561 3603 35 23 as
612 3593 73 38 low,
702 3603 36 23 as
754 3592 92 34 those

85 3637 38 34 of
147 3648 66 33 any
236 3637 111 34 others
373 3637 34 34 in
432 3637 55 33 the
520 3638 92 33 trade
642 3640 34 31 in
702 3639 56 34 the
785 3639 45 33 dis-

87 3683 87 36 trict.

500 3730 130 33 WOLF
653 3732 24 31 &
699 3730 66 35 CO.

132 3773 106 44 Lyell,
255 3776 51 34 Ist
321 3774 90 45 May,
430 3777 88 33 1835.

90 3862 89 36 FOR
196 3862 111 36 SALE
324 3862 59 35 OK
399 3862 156 40 LEASE,
572 3863 58 35 BY
647 3863 200 36 TENDER.

90 3955 132 34 ITIHE
254 3955 157 40 RIGHT,
442 3956 35 33 of
503 3956 54 33 the
586 3956 153 33 FERRY
771 3956 50 34 KE-

201 4012 160 41 SERVE,
384 4012 105 45 Lyell,
519 4013 79 35 with
628 4013 125 42 House,
785 4014 40 35 im-

86 4073 224 40 provements,
361 4069 156 40 Orchard,
564 4070 191 45 containing
809 4073 42 33 70

87 4125 219 45 blight-proof
318 4127 95 33 Fruit
430 4127 108 40 Trees,
554 4129 65 32 and
638 4130 20 32 4
681 4129 167 34 well-bred

85 4183 163 40 «ows,—3
271 4181 35 36 in
329 4182 58 35 full
411 4182 90 35 milk.
546 4184 105 35 There
678 4184 30 35 is
736 4185 68 36 also
830 4198 19 23 a

85 4240 88 45 good
186 4239 78 36 boat
279 4252 43 23 on
336 4240 55 35 the
407 4240 96 42 river,
522 4242 66 34 and
604 4254 107 23 across
736 4244 107 35 which

88 4297 94 35 there
197 4297 28 35 is
240 4309 20 23 a
275 4302 112 39 strong
409 4297 76 35 wire
505 4310 76 32 rope
598 4300 65 34 and
686 4301 93 35 chair
805 4303 44 34 all

87 4352 38 36 in
138 4353 163 45 thorough
317 4354 86 45 good
420 4356 117 44 repair.

130 4421 72 36 The
238 4422 89 42 land,
360 4424 104 35 under
502 4424 209 44 agricultural
752 4428 97 42 lease,

85 4482 181 43 «®mprises
281 4483 40 33 47
336 4493 101 29 acres,
456 4484 38 33 10
510 4484 35 32 of
554 4484 107 34 which
675 4497 54 22 are
742 4486 103 34 under

89 4549 106 34 grass.

130 4596 144 36 Tenders
301 4596 49 36 for
371 4598 55 35 the
451 4598 170 45 purchase,
649 4612 36 23 or
708 4602 85 35 lease
817 4603 36 34 of

87 4653 59 36 the
169 4654 113 42 above,
310 4655 169 44 including
509 4656 168 43 good-will
708 4659 33 33 of
767 4659 82 35 milk

89 4711 160 42 business,
272 4713 68 35 will
366 4713 39 35 be
431 4715 152 33 received
605 4717 84 33 until
715 4718 76 34 11th
819 4719 36 33 of

91 4767 107 45 MAY,
217 4770 92 35 1885.

134 4827 47 32 To
197 4827 38 32 be
250 4828 174 33 addressed
440 4832 33 29 to
487 4830 54 32 the
562 4830 231 44 undersigned,
818 4837 35 28 at

92 4882 104 36 Owen
211 4883 109 36 River.

133 4939 142 35 Further
289 4940 194 46 particulars
496 4941 36 35 of
543 4941 31 35 J.
593 4942 36 35 F.
647 4943 109 36 Clark.

501 5000 119 33 JOHN
645 5002 124 33 REID.

276 5086 185 34 BULLER
483 5087 190 36 COUNTY.

256 5178 168 33 RIDING
445 5179 56 32 OF
524 5179 163 35 LYELL.

346 5270 28 33 is
403 5271 122 44 hereby
554 5276 97 37 given
687 5275 73 33 that
797 5277 55 33 the

224 5327 266 35 ELECTORAL
539 5329 117 35 ROLL
699 5331 49 35 for
797 5334 55 35 the

97 5384 123 43 Riding
241 5383 37 34 of
297 5385 105 41 Lyell,
417 5386 28 30 is
460 5396 74 22 now
552 5397 83 32 open
654 5387 50 33 for
725 5390 106 43 inspec-

96 5440 72 35 tion
183 5443 34 32 at
231 5440 56 35 the
303 5440 92 35 office
410 5440 36 34 of
457 5440 53 35 Mr
524 5441 113 36 James
654 5444 113 43 Inglis,
783 5447 65 33 and

96 5498 69 36 will
177 5498 127 35 remain
320 5509 83 32 open
417 5498 50 34 for
482 5499 182 44 inspection
686 5504 83 33 until
793 5505 56 33 the

99 5555 77 33 15th
198 5554 65 42 day
284 5553 35 35 of
339 5553 89 44 May,
453 5555 90 33 1885.
587 5557 86 33 ALL
697 5559 126 36 OBJEC-

96 5612 134 35 TIONS
252 5616 34 31 to
308 5612 56 35 the
386 5611 71 35 said
474 5612 164 37 Electoral
662 5616 74 35 Roll
760 5626 91 27 must

94 5670 40 36 be
157 5670 118 45 lodged
296 5673 33 32 at
355 5669 56 36 the
442 5670 159 37 Resident
633 5673 218 46 Magistrate's

96 5727 110 39 Court,
223 5726 105 44 Lyell,
344 5738 43 22 on
403 5737 37 23 or
455 5726 107 36 b®fore
578 5729 55 33 the
652 5733 71 32 31st
738 5737 66 41 day
819 5734 35 35 of

98 5785 107 43 MAY,
222 5785 107 35 1885/

261 5840 180 35 ROBERT
463 5842 38 33 F.
525 5842 202 44 MULLAN,

557 5899 130 47 County
703 5902 106 38 Clerk.

176 5955 114 36 Buller
304 5953 132 46 County
452 5955 112 42 Offi«e,

134 6015 177 43 Westperfc,
330 6013 77 38 18th
424 6013 102 45 April,
542 6016 89 35 1885.

1073 230 126 34 NOT
1225 229 13 32 I
1264 228 23 33 C
1311 228 27 32 E

848 341 41 31 T
914 339 189 34 HEREBY
1126 340 70 39 give
1223 336 176 40 NOTICE,
1416 335 72 34 that
1512 334 16 32 I
1552 334 31 33 in-

943 404 77 33 tend
1036 408 32 28 tri
1084 404 96 42 apply
1197 408 32 27 at
1246 402 54 33 the
1317 404 77 30 next
1415 399 144 42 Mooting
1571 397 35 33 of

850 465 53 33 tht
922 465 175 33 NELSON
1112 465 153 33 WASTE
1280 463 146 33 LANDS
1440 461 163 40 BOARD,

850 529 48 32 for
935 539 40 22 an
1006 527 277 34 OCCUPATION
1284 524 4 37 1
1323 524 194 34 LICENSE
1555 524 49 32 lor

853 589 186 34 SECTION
1064 590 50 35 22,
1139 587 146 34 BLOCK
1309 587 101 38 Xffl,
1434 585 168 35 TUTAKI

854 653 178 35 SURVEY
1048 651 221 38 DISTRICT,
1289 651 54 31 the
1361 662 89 19 same
1468 648 96 40 being
1588 659 18 20 a

855 716 110 33 Public
986 715 145 32 Reserve.

1091 774 264 37 FREDERICK
1379 773 184 34 LESTER.

898 837 207 41 Mafcakitaki,
1121 837 57 33 4th
1197 836 89 43 May,
1305 836 89 31 1885.

1068 929 325 53 NOTICE.

860 1048 45 34 To
928 1048 55 35 the
1015 1048 124 34 Public
1162 1045 35 34 of
1219 1043 102 45 Lyell,
1347 1041 63 37 and
1437 1040 153 37 surround-

1161 1104 152 34 districts.

865 1198 127 34 milE
1022 1194 342 38 UNDERSIGNED,
1387 1192 122 40 having:
1534 1203 58 33 pur-

969 1255 119 34 chased
1103 1255 55 33 the
1174 1254 148 33 business
1336 1251 120 34 known
1479 1260 34 23 as
1538 1249 75 34 Wm

866 1313 145 33 Brown's
1028 1314 82 32 Boot
1128 1312 99 42 Shop,
1246 1310 101 43 Lyell,
1364 1321 27 21 is
1406 1307 157 45 prepared
1580 1313 33 27 to

863 1369 58 34 well
935 1369 54 34 the
1005 1369 105 35 whole
1123 1368 34 35 of
1166 1368 51 34 his
1229 1366 116 35 LARG
1355 1366 23 34 E
1390 1364 63 35 and
1471 1364 112 34 WELL-

864 1427 229 34 ASSORTED
1113 1426 147 37 STOCK,
1277 1425 36 34 of
1327 1425 107 33 Men's
1453 1424 160 33 Women's

865 1484 64 32 and
965 1485 204 32 Children's
1204 1485 96 31 Boots
1332 1483 64 33 and
1436 1482 111 38 Shoes,
1585 1487 32 26 at

867 1540 101 45 prices
1000 1549 30 26 to
1060 1542 64 34 suit
1147 1540 55 36 the
1227 1540 106 38 times,
1358 1538 62 36 and
1446 1538 101 46 hopes
1577 1537 40 45 by

867 1600 120 32 careful
1010 1601 158 31 attention
1187 1608 31 25 to
1242 1600 156 37 business,
1423 1604 32 27 to
1479 1598 96 33 merit
1599 1608 18 21 a

867 1656 61 34 fair
942 1657 95 34 share
1054 1657 35 33 of
1102 1655 107 46 public
1227 1663 184 37 patronage.

909 1723 50 32 All
976 1723 99 43 goods
1091 1723 134 33 marked
1241 1724 31 31 in
1290 1723 88 43 plain
1395 1723 128 36 figures.

911 1782 154 35 N.B.—A
1081 1781 86 46 large
1183 1782 118 45 supply
1316 1782 34 34 of
1366 1782 103 34 North
1493 1780 122 36 British

870 1841 85 32 Gum
983 1840 112 37 Boots,
1119 1839 64 33 and
1207 1841 79 32 Own
1312 1839 99 33 Make
1435 1839 37 33 of
1496 1839 101 33 Water-

870 1896 99 40 tights
986 1897 123 41 always
1123 1907 41 22 on
1182 1896 97 33 hand.

911 1965 136 42 Repairs
1063 1965 111 42 neatly
1190 1964 166 35 executed.

1077 2057 84 34 Note
1176 2057 55 35 the
1248 2057 158 34 Address:

872 2128 104 51 p?
1007 2126 240 48 JOHN
1302 2127 97 47 811
1421 2126 196 56 OWN,

1019 2213 83 34 Boot
1119 2212 64 35 and
1201 2213 199 35 Shoemaker
1416 2213 65 35 and

1164 2271 172 42 Importer.

917 2327 84 34 Next
1016 2326 79 35 door
1112 2333 31 28 to
1158 2332 18 14 44
1192 2328 109 33 Times
1469 2328 103 44 Lyell.

896 2413 366 46 WELCOM
1290 2414 36 45 E
1412 2413 174 46 INN

1187 2484 123 33 Lyell.

986 2575 164 38 Ellen
1223 2575 293 51 Williams,

923 2639 24 31 iN
981 2643 171 37 ieluiuiug
1175 2638 120 34 thanks
1316 2646 48 26 lor
1392 2649 72 33 pact
1491 2638 139 39 favours,

964 2699 75 43 begs
1061 2705 32 28 to
1119 2700 118 33 inform
1259 2700 59 35 her
1339 2701 123 34 friends
1486 2700 63 35 and
1576 2700 55 35 the

875 2760 108 44 public
1008 2761 71 35 that
1105 2761 57 34 she
1192 2762 59 35 has
1277 2763 69 43 just
1372 2762 183 46 completed
1578 2773 34 23 ex-

875 2825 124 33 tensive
1022 2824 164 35 additions
1214 2826 65 34 and
1302 2826 191 34 alterations
1519 2832 33 28 to
1575 2825 57 35 her

875 2886 169 44 premises,
1068 2886 65 34 and
1157 2886 54 35 the
1239 2888 246 34 accomodation
1510 2888 26 33 is
1558 2898 74 23 now

1138 2950 228 44 unsurpassed.

875 3041 87 38 Ales,
994 3041 123 38 Wines,
1144 3043 65 31 and
1237 3043 117 41 Spirits
1383 3043 37 32 of
1446 3043 187 33 First-class

1084 3086 133 45 Quality
1233 3088 77 43 only
1327 3087 87 46 kept.

1112 3180 93 35 Good
1227 3180 161 44 Stabling.

1083 3227 152 33 ELLEN
1265 3227 245 39 WILLIAMS,

1332 3291 260 32 Proprietress.

880 3392 472 41 COMMERCIAL
1380 3389 255 54 HOTEL,

1023 3441 118 34 Cliff
1171 3441 156 42 Street,
1357 3438 138 39 Ltell.

882 3533 131 73 THE
1028 3533 230 42 undersigned,
1275 3534 124 41 having
1412 3535 133 35 become
1562 3536 56 34 Pro-

988 3581 122 44 prietor
1139 3570 32 45 oi
1199 3582 56 33 the
1295 3580 101 36 above
1425 3582 211 35 well-known

881 3626 113 39 Hotel,
1009 3627 103 42 hopes
1126 3626 43 43 by
1185 3627 91 33 strict
1291 3628 162 33 attention
1470 3636 32 25 to
1519 3629 55 33 the
1593 3641 28 21 re-

881 3672 201 45 quirements
1095 3671 35 36 of
1133 3672 55 35 the
1197 3678 134 40 patrons
1348 3673 35 35 of
1394 3674 52 34 the
1460 3674 102 35 house
1573 3676 64 34 and

882 3720 54 33 the
947 3719 108 43 public
1063 3720 165 43 generally
1237 3728 33 25 to
1282 3722 95 31 merit
1387 3733 19 20 a
1420 3721 218 34 continuance

882 3765 36 34 of
936 3765 55 33 the
1016 3764 113 35 liberal
1153 3773 134 36 support
1312 3766 143 35 hitherto
1480 3768 159 34 accorded

1098 3812 55 33 the
1169 3812 155 33 establish
1328 3825 51 20 me
1382 3818 47 28 lit.

923 3903 70 34 The
1022 3905 158 42 premises
1206 3906 83 33 have
1307 3905 71 43 just
1402 3905 191 41 undergone
1622 3920 18 21 a

882 3949 162 42 thorough
1087 3950 206 39 renovation,
1336 3951 63 32 and
1445 3952 194 40 Travellers,

882 3994 150 42 Visitors,
1063 3995 65 35 and
1157 3996 111 35 others
1293 3997 68 34 will
1383 4009 74 22 now
1485 3998 70 34 liud
1585 3999 56 34 the

884 4042 216 32 Commercial
1128 4053 61 21 one
1217 4048 31 26 ol
1274 4043 55 33 the
1356 4043 70 33 best
1453 4045 94 32 lifted
1578 4058 38 20 an
1633 4047 6 30 I

884 4090 86 31 most
998 4087 227 36 commodious
1246 4089 118 34 Hotels
1394 4100 42 24 on
1467 4090 55 35 the
1555 4092 88 35 West

884 4134 109 33 Coast.

925 4226 72 35 OtfE
1035 4237 39 23 ©f
1107 4226 164 34 Alcock's
1308 4229 88 33 Best
1435 4229 166 35 Billiard

1190 4275 141 34 Tables.

886 4366 111 35 Wines
1013 4366 65 35 and
1095 4366 118 46 Spirits
1228 4367 34 35 of
1276 4369 54 33 the
1341 4368 71 36 best
1422 4368 128 47 quality
1563 4371 79 46 only

1223 4413 87 45 kept.

926 4505 187 35 First-class
1136 4506 120 45 Livery
1278 4507 66 34 and
1361 4508 75 35 Bait
1461 4508 139 43 Stables,

1131 4554 73 33 well
1221 4554 160 44 supplied.

1112 4600 174 38 JAM4S
1314 4601 252 52 ORMOND,

1094 4643 93 42 (Late
1203 4644 36 34 of
1253 4645 175 44 Westport)

1366 4692 195 46 Proprietor,

887 4775 118 52 W0
1037 4776 108 50 LF
1223 4779 181 49 AND
1491 4758 152 83 C~o7,

1043 4843 213 33 Wholesale
1273 4854 66 24 anj>
1358 4845 128 36 Retail

887 4887 754 69 BUTCHER'S.

1008 5003 135 31 Dealers
1159 5003 35 31 in
1209 5003 44 32 all
1269 5004 214 43 descriptions
1500 5008 35 31 of

907 5046 124 36 FARM
1075 5047 93 35 AND
1213 5048 141 37 DAIRY
1399 5051 224 38 PRODUCE.

887 5134 194 41 fiotelsand
1096 5141 157 36 Families
1262 5144 120 35 waited
1396 5157 43 23 on
1455 5146 50 35 for
1514 5146 121 35 Orders

927 5233 119 36 Orders
1069 5233 165 37 delivered
1256 5241 33 30 to
1316 5236 45 37 all
1385 5243 91 40 parts
1492 5252 18 22 o
1547 5239 57 36 the

1194 5283 147 34 District.

1093 5376 85 32 Note
1194 5377 57 33 the
1268 5378 147 33 Address

908 5417 129 37 J3*W
1061 5420 129 34 OLF
1278 5424 137 34 AND
1513 5426 111 42 CO.,

948 5466 87 35 Next
1063 5466 56 35 the
1149 5469 227 36 Government
1398 5471 185 46 Buildiugs,

1061 5515 102 31 Cliff
1187 5516 142 40 Street,
1352 5519 125 32 Lyell.

927 5609 90 33 ONE
1030 5609 91 34 BOX
1131 5610 55 35 OF
1197 5612 214 35 CLARKE'B
1425 5615 26 32 B
1465 5616 38 33 41
1516 5616 128 33 PILLS

885 5655 28 33 is
928 5656 185 34 warranted
1135 5663 33 29 to
1191 5670 74 24 cure
1281 5659 43 35 all
1349 5660 188 46 discharges
1559 5663 84 34 from

886 5703 55 33 the
959 5703 142 43 Urinary
1110 5705 138 39 Organs,
1256 5706 35 33 in
1299 5708 105 33 either
1413 5720 56 21 sex
1479 5710 165 42 (acquired

885 5759 36 24 or
941 5748 274 48 constitutional),
1239 5751 130 42 Gravel,
1399 5755 64 34 and
1487 5755 100 34 Pains
1609 5755 35 33 in

884 5795 56 34 the
950 5796 100 34 Back.
1076 5798 211 35 Guaranteed
1297 5800 66 34 free
1376 5801 86 34 from
1479 5802 163 38 Mercury.

886 5841 76 33 Sold
976 5842 36 32 in
1027 5842 119 40 Boxes,
1162 5845 37 32 4s
1209 5844 43 33 6d
1262 5845 91 40 each,
1364 5845 44 44 by
1420 5847 45 32 all
1477 5847 166 33 Chemists

884 5886 66 34 and
965 5887 119 35 Patent
1101 5888 161 37 Medicine
1278 5890 171 42 Vendors;
1474 5892 75 35 Sole
1566 5893 57 34 Pro-

883 5934 147 42 prietors,
1067 5935 74 34 The
1186 5937 152 34 Lincoln
1375 5948 67 23 and
1480 5939 163 33 Midland

884 5979 169 36 Counties
1076 5981 102 36 Drug
1204 5983 70 40 Co.,
1300 5984 150 41 Lincoln,
1474 5984 167 43 England.

883 6026 187 37 Wholesale
1087 6028 35 36 of
1135 6030 44 34 all
1194 6030 55 37 the
1267 6030 186 36 Wholesale
1469 6031 143 36 Houses.

1665 224 134 44 S3LD
1829 226 127 44 Oi?Y!
2031 228 61 43 S3
2106 229 60 42 LI
2197 230 152 46 OFF!!

1824 298 64 22 AN'!)
1906 299 145 23 Si'Altri'li)
2069 301 112 24 AuALW

1638 380 229 47 QELLIXG
1898 381 157 37 Cheaper
2085 385 94 33 Than
2209 386 180 35 Ever—2o

1758 428 55 33 l\*i
1854 429 82 32 Cent
1972 430 62 32 less
2078 431 79 32 than
2196 444 63 31 any
2297 434 94 33 other

1944 474 123 35 House.

1828 565 108 34 JUST
1959 566 204 34 ARHIVED
2179 578 5 23 :

1694 620 100 45 Five
1838 621 121 45 Cases
2001 624 140 57 Fancy
2182 626 85 46 Goo
2281 628 49 52 Is,

1679 684 185 40 Consisting
1882 685 35 33 of
1930 686 68 34 Lad
2013 689 42 31 es'
2083 689 95 34 FLmd
2198 691 87 38 b-igs,
2309 692 65 32 Reti-

1639 732 96 38 cules,
1754 732 77 32 Com
1838 732 45 35 Its,
1905 734 148 34 Brushes,
2076 736 103 33 Toilet
2200 738 192 43 ileqvi-ites,

1641 780 124 36 Scents,
1784 780 186 41 Stationary
1994 781 124 39 Scents,
2143 785 125 31 G.B.D.
2291 785 102 40 Pipes,

1642 825 152 29 Assorted
1812 824 92 32 Briar
1931 825 101 43 Pipes,
2054 827 206 34 Meerchuum
2288 829 105 43 Pipes,

1643 868 134 35 Amhers
1806 870 63 35 and
1901 871 157 43 Ferrules,
2092 874 41 34 all
2164 875 95 35 kinds
2304 877 90 37 Pons,

1643 916 137 38 Pencils,
1805 917 120 33 Pocket
1956 919 134 40 Knives,
2122 921 99 34 Table
2248 922 146 40 Cutlery.

1642 962 53 34 Jet
1732 962 156 42 Earrings
1924 965 64 32 and
2032 966 173 38 Brooches,
2250 967 146 33 Tobacco

1644 1008 157 39 Pouches,
1836 1010 122 40 Purses,
2000 1011 123 34 Ladies'
2163 1013 233 45 Companions,

1644 1056 110 43 Fancy
1801 1056 208 40 Workboxes,
2055 1060 92 34 Pearl
2190 1061 64 33 and
2303 1060 95 33 Glass

1645 1103 116 38 Beads,
1785 1103 138 44 Playing
1946 1105 109 39 Cards,
2079 1107 157 42 Cribbage
2260 1108 48 32 Bo
2321 1108 75 31 ards.

1742 1149 115 39 Slates,
1875 1150 116 33 School
2007 1152 86 43 Bags
2109 1154 63 32 and
2189 1153 118 34 J3ook-;.

1892 1242 98 33 TWO
2017 1244 135 34 CASES

1647 1298 197 42 Containing
1881 1299 104 34 Music
2023 1301 105 34 Boxes
2173 1302 61 43 (six
2279 1302 120 38 tunes).

1646 1345 127 33 Violins
1809 1345 34 33 in
1886 1357 83 26 case,
2014 1347 206 39 Aecordians,
2261 1348 139 33 Musical

1647 1392 148 37 Albums,
1846 1393 244 34 Tambourines.
2134 1395 132 43 Banjos,
2320 1397 60 30 Con-

1688 1439 151 40 certinas,
1855 1439 117 35 Tutors
1989 1440 49 34 for
2060 1440 41 34 all
2130 1441 229 36 Instruments.

1913 1531 89 35 ONE
2027 1533 108 35 CASE

1650 1590 199 33 Ikvinciblb
1869 1589 109 34 Music
1998 1591 177 34 Machines
2196 1593 63 32 and
2286 1592 118 33 Music.

1650 1637 27 32 A
1693 1635 86 34 child
1795 1637 18 32 5
1836 1646 78 33 year
1929 1635 53 35 old
1998 1648 59 22 can
2076 1637 74 45 play
2173 1639 102 33 them.
2327 1638 78 34 Five

1651 1682 161 33 Hundred
1848 1683 139 33 selected
2024 1686 104 39 pieces
2158 1692 31 26 ot
2229 1685 105 32 Music
2374 1695 31 22 to

1972 1729 113 33 arrive.

1921 1825 26 30 A
1965 1823 26 33 L
2009 1825 118 37 So,—

1653 1868 221 33 Harmonium
1905 1869 77 33 with
2014 1871 46 31 six
2092 1876 89 37 stops
2198 1881 7 29 ;
2236 1882 60 21 one
2329 1871 78 32 with

1653 1913 199 35 knee-swell.
1898 1914 117 35 Pianos
2032 1916 68 34 sold
2116 1916 103 45 cheap
2242 1916 50 34 for
2309 1916 97 40 Cash,

1725 1960 64 35 and
1805 1973 42 22 on
1865 1961 54 34 the
1936 1963 78 33 time
2031 1970 156 36 payment
2203 1970 135 36 system.

1887 2054 241 58 Jewellery:

1657 2118 28 34 A
1720 2117 103 42 grand
1853 2118 153 35 selection
2038 2121 35 33 of
2100 2121 84 33 Gold
2215 2121 63 35 and
2311 2121 103 34 Silver

1657 2164 182 43 Jewellery,
1872 2166 41 31 all
1946 2177 69 21 new
2053 2167 152 41 designs;
2245 2167 167 32 Waltham

1660 2209 162 40 Watches,
1925 2213 53 33 15s
1997 2222 6 29 ;
2046 2212 132 43 English
2211 2213 133 37 Levers,
2370 2213 44 34 Mo

1658 2257 154 41 upwards
1829 2266 7 22 :
1881 2258 43 32 all
1963 2258 129 33 makers
2128 2260 77 40 kept
2242 2260 34 30 in
2313 2259 100 31 stwek.

1659 2300 300 42 Clocks—Alarms,
1979 2297 135 45 fiarbk,
2132 2304 125 34 French
2279 2306 18 32 8
2318 2304 99 43 Eight

2001 2351 72 41 day.

1758 2395 192 34 Wertheim
1970 2396 134 34 Sewing
2123 2397 189 34 Machines.

1930 2488 205 46 Books.

1663 2552 234 44 Shakespeare,
1929 2552 119 41 Burns,
2077 2553 211 42 Longfellow,
2321 2552 76 35 Gold-

1662 2599 112 39 smith,
1794 2599 152 35 Dickens,
1966 2599 84 34 Lord
2068 2599 132 45 Lytton,
2221 2599 79 33 Miss
2317 2599 80 33 Brad-

1663 2645 75 40 don,
1760 2646 119 43 Payne,
1898 2646 178 43 Hayward,
2095 2648 139 38 Hatton,
2253 2646 77 42 May
2334 2646 84 36 hew,

1664 2692 193 40 Koutledge,
1890 2693 113 39 Noble,
2035 2693 64 33 and
2129 2694 94 33 other
2259 2693 135 33 authors
2412 2704 6 28 ;

1706 2738 121 45 Moody
1857 2739 64 33 and
1949 2738 159 45 Saakey's
2130 2740 116 44 Hymn
2269 2738 110 35 Books

1985 2787 53 32 &<?.
2056 2787 54 33 &c.

1827 2877 149 46 Patent
2000 2877 254 46 Medicines'.'

1665 2941 85 34 Irish
1789 2940 100 41 Moss,
1934 2943 114 40 Ayer's
2093 2942 124 42 Cherry
2262 2942 159 40 Pectoral,

1663 2986 129 35 Clark's
1829 2987 104 34 Blood
1964 2987 153 40 Mixture,
2154 2987 184 45 Hepaticus
2373 2988 51 35 for

1665 3034 97 33 Liver
1777 3034 199 40 Complaint,
1994 3034 83 32 Hair
2092 3034 100 40 Ityes,
2209 3034 104 31 Eao's
2330 3036 94 29 Fruit

1667 3078 80 41 Salt,
1771 3077 226 46 Tricopherus,
2023 3077 203 45 Holloway's
2255 3076 78 36 Pills
2357 3078 65 34 and

1667 3126 180 38 Ointment,
1898 3124 146 34 Cockle's
2088 3124 66 33 and
2204 3124 47 33 Dr
2303 3125 121 34 Book's

1668 3171 143 35 Oriental
1843 3171 79 33 Pills
1952 3170 66 34 and
2055 3170 116 40 Elixir,
2210 3170 97 35 Head
2344 3172 80 34 ache

1672 3217 85 38 Pills,
1775 3217 176 38 Neuralgia
1968 3217 88 33 Pills,
2074 3217 150 33 Powell's
2240 3217 135 33 Balsam
2392 3218 36 33 of

1669 3264 148 37 Aniseed,
1834 3263 67 34 Cod
1921 3262 95 33 Liver
2038 3264 62 36 Oil,
2127 3262 131 35 Mother
2281 3264 143 42 Seagle's

1670 3309 105 42 Syrup
1791 3308 64 32 and
1872 3308 89 37 Pills,
1980 3310 45 31 St.
2046 3308 132 33 Jacob's
2194 3309 52 33 Oil
2264 3309 95 40 (good
2375 3309 50 33 for

1669 3353 216 41 everything),
1910 3353 127 32 Bunter
2065 3353 153 39 Nervine,
2249 3353 176 44 Eucalypti

1670 3398 177 40 Lozenges,
1865 3398 183 43 Glycerine,
2067 3398 76 44 Hop
2159 3399 134 37 Bitters,
2309 3399 95 35 Eucal-

1668 3446 79 40 ypti,
1773 3444 137 33 Scented
1928 3446 115 40 Soaps,
2060 3446 123 37 Agents
2204 3446 51 31 for
2277 3446 148 32 Baxter's

1670 3490 96 43 Lung
1796 3488 181 41 Preserver,
2005 3489 161 44 Soothing
2197 3490 119 44 Syrup,
2347 3491 58 33 Aro-

1670 3537 99 31 matic
1794 3535 139 33 Mixture
1956 3535 63 33 and
2043 3535 179 33 Alterative
2250 3535 114 39 Elixir,
2389 3537 35 31 T.

1674 3582 40 33 M.
1734 3581 197 44 Shepherd's
1947 3582 26 41 Q
1990 3581 167 34 leeuslani
2170 3582 139 33 Asthma
2323 3582 102 36 Herb,

1675 3629 235 37 Bonninguon's
1942 3627 83 32 Irish
2061 3627 99 38 Muss,
2200 3627 102 33 Neil's
2335 3629 90 31 Herb

1670 3674 157 40 Tobacco,
1866 3672 184 36 Dandelion
2089 3674 106 34 Coffee
2231 3673 64 36 and
2336 3674 88 35 Pills,

1674 3721 109 33 Worm
1801 3723 105 41 Syrup
1923 3720 64 33 and
2011 3721 225 42 Composition
2260 3721 164 38 Powders,

1917 3765 119 38 Herbs,
2053 3766 53 33 &<;.
2123 3767 54 33 &c.

1812 3856 86 48 Ten
1923 3856 125 47 Cases
2071 3856 196 60 Drapery,

1671 3924 118 32 Which
1820 3930 87 26 must
1938 3923 37 32 be
2006 3923 70 32 sold
2110 3923 123 41 Cheap,
2265 3929 32 25 to
2331 3924 96 32 make

1672 3980 88 23 room
1778 3968 48 34 for
1843 3968 78 33 New
1946 3968 151 33 Season's
2121 3966 109 35 Goods
2254 3973 32 28 to
2310 3967 117 36 arrive,

1671 4016 177 43 consisting
1869 4015 36 33 of
1924 4015 81 33 5000
2028 4013 99 44 yards
2156 4014 144 34 asserted
2328 4014 101 36 Dress

1661 4060 1 44 |
1672 4062 106 32 Piece?
1798 4060 110 44 (Silks.
1925 4061 131 38 Satin's,
2070 4060 65 32 and
2146 4060 84 33 Irish
2243 4060 188 43 Poplins,of

1673 4107 41 35 all
1731 4106 150 43 Shades),
1898 4107 172 33 Dolman's
2085 4106 137 34 Ulster's
2236 4106 65 34 and
2311 4106 119 35 Cloaks

1676 4154 64 42 (the
1778 4154 113 32 Latest
1920 4153 185 41 Easiness),
2145 4153 117 32 Ladies
2304 4153 103 33 Under-

1673 4199 154 41 elothing,
1846 4198 115 40 Skirts,
1982 4198 113 43 Fancy
2117 4198 184 38 Costumes,
2327 4199 102 44 Bugle

1674 4255 81 26 ljace
1772 4246 64 34 and
1853 4246 212 44 Trimmings,
2083 4245 87 40 large
2186 4252 199 28 assortment
2398 4246 33 34 of

1677 4293 98 44 Bugle
1813 4294 210 38 Ornaments,
2062 4292 110 34 White
2209 4293 66 33 and
2312 4293 117 35 Cream

1676 4340 92 38 Lace,
1785 4339 166 38 Button's,
1969 4338 93 44 Baby
2080 4338 117 38 Robes,
2222 4338 120 34 Cloaks
2364 4339 65 34 and

1675 4388 129 38 Gowns,
1816 4386 98 42 Boys'
1927 4385 99 41 Suits,
2044 4384 98 42 Hats,
2161 4384 148 39 Flannel,
2329 4384 79 36 Mole-

1673 4433 71 34 skin
1773 4432 64 35 and
1867 4432 129 43 Carpet,
2035 4432 256 43 Counterpaues,
2326 4433 105 33 Toilet

1674 4480 129 36 Covers,
1829 4478 163 38 Curtains,
2025 4478 106 32 Men's
2161 4477 64 34 and
2262 4478 167 34 Women's

1676 4525 61 36 and
1773 4523 183 37 Children's
1994 4523 102 35 Socks
2135 4524 64 34 and
2245 4523 184 47 Stockings,

1827 4571 106 34 Shirts
1949 4570 43 35 all
2007 4572 114 37 colors,
2139 4572 53 33 &e.
2211 4572 53 33 &e.

1677 4665 65 35 The
1758 4663 104 35 Trade
1878 4662 149 46 supplied
2048 4665 33 31 in
2105 4674 66 34 any
2194 4663 36 34 ef
2249 4663 55 36 the
2328 4663 102 36 above

1996 4710 109 33 Lines.

1679 4806 102 33 Motto
1782 4803 111 33 —The
1910 4803 131 32 Nimble
2066 4804 187 41 Ninepence
2269 4804 92 33 beats
2379 4806 52 32 the

1924 4848 85 35 Slow
2033 4848 150 44 Shilling.

1676 4942 92 76 E.
1801 4939 88 76 E.
1915 4939 234 76 Issell
2189 4939 64 76 &
2298 4939 133 76 Co.

1661 5028 2 55 I
1791 5045 222 35 Palmerston
2030 5043 67 40 St.,
2112 5042 200 37 Westport.

1766 5162 111 53 JOB,
1893 5162 118 43 AND
2029 5160 112 45 ALL
2160 5162 179 43 KINDS

1679 5265 76 45 OF
1784 5261 292 47 PRINTING
2107 5261 326 51 EXECUTED

1921 5374 98 32 —AT
2043 5373 136 33 THE—

1884 5470 26 22 -11
1925 5465 199 47 TIMES
2429 5464 9 48 O

1717 5616 27 33 A
1760 5614 128 35 CARD.
1891 5614 91 32 —To
1997 5624 62 23 ALL
2075 5624 75 23 WHO
2167 5624 63 23 ARK
2247 5624 187 25 suffering

1676 5672 87 25 from
1779 5671 65 24 the
1856 5672 104 22 errors
1973 5661 65 34 and
2053 5660 210 36 indiscretion
2277 5661 35 35 of
2319 5661 114 44 youth,

1676 5719 138 22 nervous
1843 5707 180 39 weakness,
2049 5708 91 41 early
2166 5708 113 42 decay,
2309 5709 64 32 loss
2404 5708 34 33 of

1676 5752 175 43 manhood,
1868 5753 67 40 &c.,
1959 5752 17 33 I
1999 5752 67 35 will
2089 5753 82 34 send
2187 5766 19 22 a
2227 5754 108 45 recipe
2361 5754 73 35 that

1677 5802 64 33 wiU
1756 5812 75 22 cure
1843 5811 76 32 you,
1931 5799 120 33 FREE
2065 5801 57 32 OF
2134 5801 197 33 CHARGE.
2355 5801 81 34 This

1676 5851 89 38 great
1779 5845 136 41 remedy
1927 5855 67 22 was
2002 5845 188 33 discovered
2202 5846 44 42 by
2254 5857 18 22 a
2282 5846 132 33 mission-

1676 5903 57 33 ary
1754 5893 35 32 in
1810 5891 104 34 South
1938 5891 162 33 America.
2147 5890 87 36 Send
2260 5904 19 22 a
2303 5892 113 34 self-ad-

1676 5938 130 34 dressed
1821 5938 157 42 envelope
1994 5936 65 33 and
2080 5937 150 43 sixpence
2255 5942 32 29 to
2310 5950 124 32 prepay

1675 5990 131 39 postage
1835 5991 33 27 to
1898 5983 55 34 the
1975 5983 80 33 Rev.
2083 5983 130 33 Joseph
2240 5985 36 33 T.
2308 5985 125 42 Inman,

1677 6030 126 36 Station
1820 6031 40 39 D,
1879 6030 80 34 New
1975 6029 89 34 York
2081 6030 85 43 City,
2185 6031 120 34 U.S.A.

2634 238 160 47 LIN
2829 240 38 46 E
2902 243 30 46 3
2957 244 9 18 '

2425 357 68 71 E
2505 358 148 42 OYA:L
2732 362 87 71 M
2836 363 96 35 AIL
3005 367 68 71 L
3081 369 99 35 IXE

2669 481 56 32 OF
2761 480 215 45 JCOACIIES

2428 554 70 36 Run
2517 557 99 38 Daily
2631 561 144 36 between
2801 566 89 35 Lvrll
2907 570 63 32 and
2989 572 195 38 Inan-alnia

2424 612 168 43 Junction,
2620 619 112 40 inking
2758 633 190 35 pass-itigors
2979 640 53 21 ?llu
3034 631 9 31 {
3060 644 18 29 p
3081 643 66 21 tWf
3149 635 14 30 .]
3168 646 14 20 B

2425 671 49 30 tor
2491 670 134 36 Kecfton
2644 687 39 20 on
2715 677 152 40 .Uo.hli.y,
2897 684 205 40 .WlnaViny,
3120 691 64 33 and

2427 731 130 45 Friday,
2591 736 62 33 and
2693 738 13 32 f
2707 750 33 21 or
2957 760 41 21 on
3024 749 162 49 Tuos.iay,

2433 795 176 39 ihursdav,
2628 800 62 30 and
2900 809 61 30 ;«iid
2989 811 65 32 vice
3082 824 102 24 vei^a.

2429 886 75 32 Also
2530 899 194 30 c«Mi»i«cc:ru
2752 895 75 32 w-iUi
2852 898 186 36 Newman's
3069 906 118 35 Alison

2455 932 65 34 line
2539 936 31 31 oi
2584 939 18 28 l
2610 938 78 30 oach
2694 950 32 20 us
2739 945 32 26 at
2792 941 87 42 i.yeU
2898 932 4 65 ,
2905 957 49 22 jve
2959 959 34 31 ry
3010 949 148 48 Tuesday

2700 996 61 30 and
2793 998 128 37 Friday.

2432 1081 235 36 Commissions
2694 1092 165 32 entrusted
2888 1102 31 24 to
2937 1107 36 20 \is
2992 1099 61 33 will
3069 1105 121 34 receive

2659 1145 118 31 •ireful
2796 1153 170 30 <iti-eiif;on.

2600 1261 41 23 on
2658 1251 43 35 all
2735 1254 125 35 Parcels
2876 1270 37 22 or
3108 1278 86 27 must

2478 1305 35 33 be
2532 1307 74 42 paid
2624 1309 106 34 before
2748 1312 144 45 delivery
2913 1319 61 31 will
2993 1320 35 32 be
3044 1335 107 29 given.

2680 1406 130 33 'oaelies
2843 1408 105 36 Leave
2964 1422 5 22 :

3033 1475 28 30 8.
3122 1488 77 22 a.m.

3035 1521 27 31 8.
3122 1533 78 26 a.m.

2440 1597 149 43 Booking
2605 1601 99 33 Office
2786 1630 33 7 ...
2866 1607 216 39 Commercial
3101 1615 102 37 Hotel

2441 1746 164 46 sponsible
2632 1750 49 36 for
2711 1764 208 37 miscarriage
2937 1761 34 34 of
2983 1774 39 23 au
3030 1776 18 28 y
3065 1764 139 45 luggage

2442 1797 175 43 belonging
2633 1806 31 26 to
2683 1813 202 33 passengers.

2868 1862 80 34 JOB
2974 1865 148 42 LINES,

2990 1912 195 39 Proorieter.

2600 2011 251 52 NEWM
2874 2023 35 41 A
2934 2022 38 45 N
2997 2026 6 15 '
3028 2025 29 44 S

2536 2150 160 35 OYAL

2753 2158 87 71 M
2857 2161 99 33 A,t
3012 2166 69 73 L
3101 2166 61 35 l!i

2690 2274 56 31 OF
2771 2276 209 39 COACHES

2490 2382 285 41 Twice-Weekly
2814 2393 144 37 Skrvios
2998 2399 169 40 Between

2646 2444 112 36 Lyell
2782 2460 65 23 and
2865 2452 146 37 Nelson.

2452 2532 109 36 Leave
2579 2535 95 40 Lyell
2689 2539 51 34 for
2756 2542 122 37 Nelson
2895 2557 97 36 every
3007 2550 208 51 Wednesday

2453 2591 65 34 and
2536 2592 121 46 Friday
2674 2603 33 27 at
2723 2599 19 32 7
2760 2611 92 31 a.m.,
2869 2606 147 46 arriving
3031 2615 35 29 at
3094 2611 111 37 Foxhi

2453 2658 102 35 every
2570 2650 175 49 Thursday
2768 2658 66 34 and
2852 2660 163 49 Saturday
3031 2665 35 36 in
3083 2674 79 30 time
3180 2678 34 29 to

2609 2712 93 33 catch
2721 2716 55 33 the
2793 2717 149 46 mdi-day
2958 2723 94 34 train.

2455 2767 108 37 Leave
2593 2771 130 38 Foxhill
2751 2780 49 31 tor
2826 2780 96 44 Lyell
2953 2795 99 35 every
3069 2787 148 49 Monday

2454 2827 66 33 and
2536 2827 209 49 Wednesday
2768 2841 34 28 at
2829 2839 36 32 11
2901 2851 90 30 a.m.,
3017 2845 145 44 arriving

2536 2884 95 45 Lyell
2646 2898 42 23 on
2704 2889 151 48 Tuesday
2872 2895 65 35 and
2954 2897 181 49 Thursday.

2456 2985 199 47 Passengers
2686 2991 124 38 booked
2850 2997 49 35 for
2936 2999 180 47 Hampden
3156 3007 66 35 and

2601 3048 95 31 other
2712 3050 232 37 intermediate
2962 3055 120 43 places.

2663 3138 158 39 Booking
2848 3144 144 38 Offices
3007 3159 6 25 :

2456 3202 99 44 L/ell
2686 3234 33 7 ...
2809 3236 34 8 ...
2886 3215 131 36 Comrru

2456 3248 181 47 Hampden
2895 3261 122 36 Moonli

2458 3296 133 35 Foxhill
2679 3330 6 4 .
2805 3330 5 4 .
2866 3307 93 27 ftonlv
2964 3311 53 23 vrwi

2823 3237 6 6 •
2837 3237 6 7 .
2886 3215 222 39 Commercial
3124 3221 105 37 Hotel

2816 3284 28 8 ...
2895 3261 215 47 Moonlight's
3123 3269 105 35 Hotel

2818 3330 19 7 ..
2866 3306 246 46 Gaukrodger's
3124 3313 105 38 Hotel

2848 3371 44 35 H.
2919 3373 220 46 NEWMAN,

2984 3422 186 43 Proprietor

2483 3528 154 49 POST
2689 3535 231 49 OFFICE
2975 3544 226 55 HOTEL,

2710 3610 266 38 IYELL.

2521 3730 267 51 PETER
2827 3738 334 56 MANGOS

2471 3804 161 84 BEGS
2658 3814 33 27 to
2707 3810 122 35 inform
2854 3814 50 32 his
2927 3817 122 34 triends
3076 3820 65 33 and
3167 3823 56 34 the

2587 3853 108 44 public
2724 3855 72 37 that
2827 3857 49 36 his
2901 3871 71 24 new
2997 3867 225 39 commodious

2669 3912 100 35 Hotel
2786 3917 26 30 is
2830 3928 73 21 now
2919 3931 95 30 open.

2461 3999 181 38 Travellers
2666 4005 65 34 and
2755 4008 128 35 visitors
2907 4014 33 30 to
2964 4012 65 35 this
3051 4017 157 36 establish

2503 4074 92 30 inent
2611 4072 65 34 will
2692 4073 68 34 find
2776 4074 86 36 their
2874 4078 214 39 eomfort'and
3105 4095 55 26 con-

2545 4140 155 33 venience
2714 4142 200 47 thoroughly
2925 4150 154 34 attended
3095 4157 43 30 t@.

2463 4231 68 34 The
2548 4231 175 37 bedrooms
2750 4248 54 23 are
2818 4238 92 45 lofty,
2928 4241 65 34 and
3010 4245 74 34 well
3100 4245 125 47 lighted

2706 4295 65 33 and
2797 4297 188 35 ventilated.

2504 4404 246 37 Cgmfortablk
2788 4410 152 37 Parlors
2971 4426 66 23 an»
3062 4418 103 36 First-

2726 4476 96 25 class
2845 4469 123 35 Table.

2465 4554 68 35 The
2551 4556 67 34 Bar
2634 4559 26 33 is
2677 4560 134 35 stocked
2825 4563 78 34 with
2921 4565 86 41 Ales,
3022 4567 123 43 TVines,
3161 4571 65 37 and

2528 4619 116 45 Spirits
2661 4624 35 31 of
2715 4627 201 39 guaranteed
2938 4628 122 36 brands
3075 4633 88 43 only.

2505 4712 29 32 A
2556 4712 172 37 first-class
2754 4720 218 34 sixteen-stall
2989 4723 104 35 stable
3109 4727 104 34 isc@H*

2466 4770 117 35 nected
2599 4772 81 36 with
2697 4773 66 36 this
2782 4775 100 37 hotel.

2770 4843 148 36 PETER
2947 4846 198 45 MANGOS,

2990 4916 181 42 Preprieor.

2491 5007 134 43 NEW
2676 5009 164 46 CHUM
2884 5014 320 62 BUTCHERY,

2721 5116 257 44 LTELL.

2583 5254 243 50 J4MES
2888 5259 219 60 EDGE,

2467 5350 105 71 w
2582 5351 283 37 HOLESALE
2911 5357 95 34 AND
3060 5361 170 39 RETAIL

2646 5454 404 47 BUTCHER.

2468 5597 118 37 Hotels
2601 5598 66 35 and
2684 5600 156 35 Families
2865 5604 117 35 waited
3010 5619 42 23 on
3070 5610 99 48 Daily
3183 5614 50 39 for

2784 5659 132 37 Orders.

2531 5773 90 36 Meat
2636 5773 175 37 Delivered
2834 5781 33 30 to
2884 5778 43 35 all
2951 5786 90 38 parts
3057 5786 33 33 of
3115 5787 56 36 the

2777 5833 151 37 District.

2469 5954 143 39 NEW
2663 5956 188 41 CHUM
2897 5961 335 64 BUTCHEET,

2549 6030 155 46 Opposite
2715 6032 183 40 Alhamka
2911 6036 113 45 Hotel,
3041 6040 106 47 Lyell.
