3500 4630
2877 814 80 49 The
2984 814 161 49 Oxford
3172 814 241 49 Observer.

2877 863 284 117 PUBLISHED
3192 863 221 117 WEEKLY.

2893 980 165 22 SATURDAY
3111 982 67 21 MAY
3231 985 59 22 2nd,
3335 985 61 21 1896.

2888 1096 214 33 PROGRESS
3133 1098 54 32 OR
3231 1101 162 30 OTHER-

3084 1150 117 30 WISE.

2919 1189 94 40 Many
3062 1200 127 29 persons
3230 1191 53 40 pin
3324 1193 84 30 their

2878 1230 132 42 political
3032 1231 79 30 faith
3151 1235 33 26 to
3219 1234 60 29 and
3309 1244 94 19 swear

2877 1271 42 35 by
2959 1271 53 30 the
3048 1270 217 34 Chrisfcchuren
3304 1273 97 31 Press.

2879 1310 84 40 They
2985 1323 51 19 are
3050 1313 109 30 indeed
3173 1315 40 29 its
3226 1315 84 33 .echo.
3340 1315 66 30 The

2878 1351 139 32 Political
3051 1354 159 30 addresses
3246 1357 32 27 of
3312 1366 93 31 many

2878 1395 223 30 conservatives
3130 1406 52 20 are
3223 1397 57 28 but.
3313 1407 18 20 a
3359 1408 46 18 re-

2879 1437 162 28 statement
3074 1437 33 29 of
3141 1435 51 31 the
3227 1440 179 28 statements

2879 1475 86 31 made
2985 1477 32 29 m
3046 1477 53 30 the
3134 1478 114 30 colums
3284 1479 34 29 of
3352 1479 55 30 the

3038 1518 54 30 the
3126 1523 81 25 most
3235 1520 175 30 influential

2880 1556 215 32 Conservative
3114 1569 96 30 paper
3224 1560 34 28 m
3271 1560 51 30 the
3337 1560 70 30 col-

2879 1607 69 33 ony.
3003 1598 94 32 What
3139 1599 55 31 has
3237 1600 62 37 the,
3311 1601 96 30 Press

2879 1640 140 39 opposed,
3067 1641 61 29 and
3166 1642 33 29 of
3223 1652 115 26 course,
3366 1643 40 29 its

2879 1680 106 31 echoes
2995 1682 14 29 ?
3031 1681 83 32 Here
3132 1682 27 30 is
3181 1692 18 20 a
3213 1683 51 30 list
3278 1682 35 30 of
3323 1694 85 20 some

2879 1722 33 29 of
2921 1722 52 31 the
2987 1733 153 22 measures
3151 1724 68 30 that
3238 1724 78 31 have
3330 1725 78 30 been

2878 1764 133 38 opposed
3038 1764 41 40 by
3107 1765 51 30 the
3188 1765 90 31 Press
3307 1765 100 31 which

2877 1814 70 21 now
2970 1816 88 29 poses
3085 1817 33 20 as
3158 1807 50 31 the
3236 1807 113 31 firiend
3378 1807 34 31 of

2877 1845 52 31 the
2952 1847 117 40 people.

2916 1886 31 31 It
2971 1888 53 30 has
3046 1889 134 39 opporsd

2916 1929 17 29 1
2958 1928 66 31 The
3039 1929 87 30 Land
3141 1931 67 29 Tax

2876 1989 2 14 :
2918 1970 17 28 2
2951 1968 62 31 The
3028 1971 124 30 Income
3163 1971 65 30 Tax

2918 2010 17 30 3
2958 2009 154 33 Manhood
3128 2011 139 40 Suffrage

2877 2077 1 4 .
2923 2052 21 28 4
2967 2052 212 31 Womanhood
3192 2053 134 41 suffrage

2918 2094 27 29 5.
2963 2092 123 32 Labour
3100 2093 91 32 Laws

2919 2134 18 29 6
2948 2133 153 40 Principle
3130 2135 34 30 of
3187 2135 98 39 grad-
3427 2147 10 17 *

2918 2174 92 32 'dated
3024 2176 139 31 taxation

2921 2216 16 31 7
2962 2216 264 42 Encouragement
3255 2218 49 31 of'

2920 2258 93 31 Local
3034 2259 145 41 industry

2919 2301 18 28 8
2958 2300 90 30 Land
3061 2301 50 29 for
3125 2301 184 35 settlement,

2878 2341 60 30 and
2965 2341 86 30 other
3078 2341 130 31 reforms
3236 2343 174 29 calculated

2877 2386 33 25 to
2938 2381 136 40 improve
3101 2383 53 30 the
3189 2382 159 34 condition
3377 2384 34 29 of

2877 2423 54 28 the
2951 2433 123 20 masses.
3116 2423 59 30 Are
3205 2424 51 29 the
3279 2424 130 30 electors

2879 2463 34 29 of
2937 2463 54 30 the
3025 2462 116 41 Colony
3170 2465 94 38 going
3292 2468 32 26 to
3359 2475 49 19 ac-

2879 2505 103 38 quiose
3003 2505 33 29 ih
3065 2505 75 29 such
3165 2505 172 40 opposition
3364 2506 44 39 by

2879 2545 116 40 allying
3039 2546 193 35 themselves,
3250 2547 75 30 with
3353 2547 54 30 the

2880 2587 241 36 Conservatives,
3164 2598 34 19 or
3243 2598 51 20 are
3336 2588 76 39 they

2878 2628 95 40 going
2997 2631 32 27 to
3064 2628 101 31 throw
3192 2628 34 31 m
3253 2628 82 31 their
3363 2629 48 30 lot

2878 2669 76 30 with
2983 2669 51 31 the
3061 2675 93 35 party
3180 2671 33 30 of
3241 2671 168 39 progress?

2879 2710 49 31 No
2942 2711 73 30 time
3029 2712 26 29 is
3071 2716 30 25 to
3115 2712 38 29 be
3167 2712 59 30 last
3239 2712 33 30 m
3300 2721 111 31 organ-

2879 2752 83 40 ising
2975 2752 52 31 the
3041 2753 124 30 Liberal
3184 2753 108 31 forces.
3346 2752 64 31 The

2880 2793 144 31 National
3038 2795 191 30 Association
3243 2795 27 30 is
3281 2795 132 39 sending

2880 2835 39 28 its
2954 2835 216 30 ramifications
3218 2836 66 30 into
3318 2845 94 30 every

2881 2875 171 32 electorate.
3095 2876 153 31 However
3275 2875 87 32 weak
3386 2877 26 29 it

2881 2928 70 28 may
2966 2917 47 36 be,
3041 2918 42 29 its
3104 2918 142 40 strength
3259 2921 82 26 must
3356 2921 56 26 not

2883 2958 35 29 be
2933 2958 150 39 despised.
3118 2959 31 28 It
3162 2960 27 28 is
3205 2970 17 18 a
3235 2959 66 29 real
3314 2959 94 34 force,

2881 2999 61 29 and
2952 2999 104 30 nnless
3085 2999 52 29 the
3160 3000 139 30 Liberals
3314 2999 97 30 bestir

2881 3040 182 30 themselves
3078 3041 85 30 there
3191 3041 26 29 is
3246 3050 18 20 a
3293 3040 117 39 danger

2882 3082 66 28 that
2976 3082 52 29 the
3070 3086 213 35 government,
3300 3081 33 29 of
3358 3081 54 29 the

2882 3126 130 36 country
3040 3134 71 29 may
3139 3125 38 29 be
3205 3122 119 30 handed
3340 3133 73 19 over

2881 3165 49 28 for
2945 3175 18 19 a
2977 3164 107 39 period
3107 3165 34 29 of
3165 3165 86 29 three
3278 3174 87 29 j^ears
3380 3168 32 25 to

2881 3205 52 29 the
2961 3209 91 35 party
3081 3206 33 29 of
3147 3206 176 38 stagnation
3353 3205 60 29 and

2883 3247 233 39 retrogression.

2886 3428 183 27 WOODSIDE
3092 3428 136 26 SCHOOL
3239 3428 172 25 ELECTION

2918 3507 61 25 Less
2997 3506 61 24 than
3082 3515 13 15 a
3116 3514 66 16 score
3199 3506 26 24 of
3241 3505 178 25 householders

2886 3553 46 30 put
2949 3551 27 24 m
2993 3558 32 17 an
3044 3556 150 25 appearance
3220 3550 26 24 at
3269 3549 44 25 the
3332 3549 90 26 School

2886 3603 32 17 on
2936 3594 107 32 Monday
3067 3593 109 31 evening,
3194 3595 26 23 to
3238 3593 62 25 elect
3318 3602 14 15 a
3355 3601 64 16 com-

2887 3638 86 24 mittee
2990 3637 37 24 for
3052 3636 43 24 the
3123 3636 106 31 ensuing
3369 3636 52 24 The

2887 3681 91 31 Eeport
3012 3680 26 24 of
3064 3680 43 24 the
3142 3680 118 31 outgoing
3270 3704 2 2 .
3283 3679 139 25 sommittee

2883 3724 104 26 'showed
3008 3723 56 25 that
3092 3723 43 24 the
3163 3721 86 26 school
3274 3731 49 18 was
3347 3723 75 33 being

2882 3760 60 33 'well
2961 3766 145 29 conducted,
3126 3767 43 24 the
3180 3766 149 32 Inspector's
3340 3768 84 30 report

2891 3820 31 16 on
2949 3811 44 25 the
3020 3810 68 25 work
3111 3818 48 16 was
3196 3810 154 33 satisfactory
3375 3811 50 25 and

2883 3854 63 27 'that
2963 3854 69 25 there
3059 3861 51 17 was
3138 3860 16 18 a
3178 3853 77 25 credit
3282 3854 98 25 balance
3397 3857 28 23 to

2893 3899 40 25 the
2951 3897 137 26 incidental
3107 3898 106 25 account
3234 3897 28 26 of
3276 3897 77 27 about
3364 3899 60 25 13.

2893 3943 52 25 The
2978 3944 82 30 report
3099 3949 50 18 was
3166 3967 3 2 .
3180 3967 2 3 .
3194 3941 114 33 adopted.
3360 3943 66 26 Nine

2894 3986 175 26 householders
3081 3993 63 17 were
3160 3986 147 26 nominated
3323 3987 50 25 and
3384 3988 44 26 the

2884 4035 3 14 1
2895 4029 77 27 ballot
2993 4029 111 26 resulted
3120 4036 29 19 as
3165 4029 109 27 follows/

2930 4075 92 26 Messrs
3045 4073 87 30 Milne,
3162 4074 39 31 14,
3221 4073 32 26 R.
3285 4074 87 27 Marsh
3389 4076 41 30 14,

2896 4118 110 26 B6nisch
3017 4119 24 29 9,
3054 4117 114 25 Herman
3180 4118 149 35 (chairman)
3351 4121 26 27 9,
3389 4119 41 26 W.

2897 4167 128 29 Vallance,
3043 4168 24 28 9,
3079 4166 96 34 Prqffit,
3197 4168 25 27 9,
3246 4167 30 25 A..
3299 4168 90 32 Boyor.
3406 4170 27 28 8,

2900 4211 141 25 Stevenson
3052 4211 25 29 7,
3090 4209 136 33 Frampton
3242 4211 25 24 4.

2932 4254 54 25 The
3002 4254 56 25 first
3074 4261 75 18 seven
3161 4261 67 18 .were
3240 4269 3 5 -
3252 4254 101 26 elected.
3396 4256 35 25 At

2900 4307 14 15 a
2932 4297 151 33 subsequent
3099 4298 109 32 meeting
3235 4299 27 24 of
3288 4299 149 27 Committee

2901 4341 40 26 Mr
2956 4341 46 25 E.i
3008 4341 116 26 Herman
3140 4349 51 18 was
3207 4342 132 26 re-elected
3356 4342 80 27 chair-

2901 4393 69 22 man;
3005 4385 23 25 A
3048 4388 57 23 vote
3127 4388 7 15 r
3133 4386 132 26 of*thanks
3281 4388 27 23 to
3325 4388 41 24 the
3383 4389 54 24 out-

2902 4429 76 33 going
2995 4429 149 33 committee,
3160 4430 64 25 and.,
3241 4431 32 25 to:
3294 4430 41 25 Mr
3347 4430 89 26 -Milne

2903 4474 38 25 for
2956 4473 42 26 his
3025 4474 106 26 services
3165 4475 27 24 m
3217 4475 146 25 connection
3380 4476 57 25 with

2904 4518 44 26 the
2973 4518 86 26 school
3086 4519 67 33 prize
3178 4517 161 27 distribution
3358 4518 79 27 closed

2906 4562 45 28 the
2967 4562 119 34 meeting.
3248 4570 5 6 -

1167 52 184 37 .OXFOKD
1386 56 228 32 OBSERVER
1679 56 239 36 SATURDAY,
2002 55 92 31 MAY
2157 59 30 35 2,
2230 59 81 30 1896

3008 222 311 48 WAHTED.

2893 320 52 59 TO
2963 322 120 31 purchase
3100 332 14 16 a
3139 324 64 26 farm
3228 325 27 25 m
3273 323 43 27 the
3333 323 98 27 Oxford!

2939 353 114 27 District.
3086 357 114 26 Forward
3216 357 67 33 jtarice
3303 357 51 26 and
3371 365 56 24 par-

2890 387 101 25 ticulars
3010 390 24 23 to
3055 384 50 30 'the
3129 390 69 26 office
3222 391 27 24 of
3274 391 49 25 this
3339 398 88 25 paper.

2919 539 65 25 How
2995 542 25 23 to
3039 540 85 26 obtain
3142 541 55 25 Thx
3208 542 107 25 People.
3351 542 70 26 Send

2887 573 29 24 6s
2927 573 37 24 for
2983 581 45 17 one
3045 577 79 28 year's
3144 576 172 31 subscription,
3340 577 26 23 to
3385 576 35 24 E.

2885 604 31 25 A.
2938 605 113 32 Hggen,
3074 607 47 25 No.
3147 609 22 28 1,
3189 607 124 26 Lambton
3337 609 80 33 Quay,

2885 637 159 32 Wellington,
3057 640 47 23 and
3123 648 49 22 you
3192 641 51 23 will
3253 642 94 23 receive
3360 641 59 24 The

2883 668 101 26 People
3006 671 132 33 regularly.

2467 216 126 23 DOUBLE
2615 215 109 22 WIDTH

2343 281 194 45 DRESS
2591 279 254 46 TWEEDS

2504 352 79 38 (half
2597 352 95 39 price)

2381 410 183 40 Homespun
2580 410 35 31 6i
2631 409 100 31 worth
2746 409 58 42 10J

2338 461 101 32 better
2463 461 89 32 Yplue
2578 461 75 31 than
2662 491 2 2 .
2677 461 167 40 travelling

2401 517 125 38 drapers
2540 515 65 31 will
2619 516 69 39 give
2703 527 68 29 you.

2337 580 208 45 lAI3IS
2581 585 257 42 JACKETS

2426 637 79 28 New
2528 637 77 29 This
2627 635 123 32 Season

2321 684 35 29 8s
2380 684 40 29 6d
2461 684 145 30 Reduced
2621 683 79 31 from
2756 685 55 29 12s
2832 686 18 29 6

2321 745 38 29 15
2382 745 40 30 6d
2618 764 6 9 v
2755 747 54 29 20s
2831 748 19 28 0

2335 846 235 26 MANCHESTER
2587 848 244 25 DEPARTMENT.

2317 917 114 38 PrintSj
2453 920 111 30 checks
2580 921 60 29 and
2662 921 113 40 stripes

2317 971 96 31 Table
2436 972 157 38 Damasks,
2617 974 189 31 unbleached

2398 1023 113 40 special
2533 1024 91 31 value
2640 1023 80 33 from
2738 1024 43 41 1/-

2316 1079 115 30 Brown
2467 1079 136 30 Holland
2637 1091 77 30 very
2751 1081 95 40 cheap

2316 1130 190 31 Flannelette
2522 1131 58 30 and
2597 1131 148 41 Shirting,
2767 1134 79 39 good

2397 1183 89 30 value
2507 1183 78 30 from
2608 1184 49 30 4d.

2316 1233 92 29 Floor
2430 1233 91 30 Cloth
2542 1236 80 38 good
2643 1239 33 26 at
2698 1236 48 29 9d.

2314 1284 89 31 Wide
2425 1286 111 30 Forfar
2557 1290 32 26 at
2613 1288 47 29 6d.

2643 1352 66 4 _

2355 1384 116 31 BOI'S
2503 1385 301 32 DEPARTMENT.

2497 1482 22 25 T
2533 1490 56 17 now
2598 1483 116 25 continue
2726 1488 24 19 to
2762 1484 85 25 devote

2397 1510 65 43 ife^a.
2496 1527 22 12 '*
2555 1516 97 30 Special
2670 1517 129 25 Attention
2822 1521 26 21 to

2324 1555 61 32 yjh
2394 1556 83 31 Gifmk
2495 1549 11 22 *
2507 1548 26 23 n^
2535 1556 11 16 s
2561 1548 23 23 -^
2586 1557 13 16 e
2599 1556 16 24 P
2617 1551 113 29 a^nient,
2743 1551 49 22 and
2809 1558 39 16 am

2314 1585 71 65 \*lf
2404 1585 79 65 yjSSjl
2541 1608 71 22 NOW
2640 1608 153 23 OFFERING

2315 1680 2 14 1
2359 1670 9 37 /
2403 1679 58 39 /'V
2579 1685 102 21 LARGE
2695 1686 73 21 LINE

2356 1764 27 18 n
2408 1742 55 40 W-
2549 1761 142 22 KNICKER
2709 1763 84 22 SUITS

2315 1798 3 14 '
2353 1797 32 35 jZ
2402 1783 86 42 J&==
2495 1796 26 21 at
2534 1796 41 21 tt*
2593 1796 116 28 following
2723 1796 123 23 SPECIAL

2335 1818 150 47 JW^lg^
2495 1833 106 21 PRICES
2611 1843 34 11 :

2316 1877 3 12 :
2371 1876 33 21 To
2413 1876 28 21 fit
2450 1876 60 28 Boys
2519 1878 13 19 3
2542 1877 70 21 Tears
2623 1877 35 27 5/6
2686 1878 12 20 5
2709 1878 69 22 Years
2792 1879 36 26 5/6

2317 1919 2 12 i
2527 1911 15 22 7
2552 1911 70 21 Tears
2632 1912 35 27 5/6
2686 1913 14 20 9
2709 1913 71 21 Tears
2794 1913 35 27 5/6

2382 1966 54 46 B.
2477 1967 56 45 H.
2564 1966 214 48 PARISH

2442 2042 100 51 Esst
2572 2044 161 48 Oz&rd

2357 2221 55 45 T.
2450 2222 352 58 KENNEDY,

2318 2307 3 17 :
2434 2285 285 33 BLACKSMITH.

2314 2342 82 40 Begs
2412 2346 32 26 to
2459 2342 140 31 intimate
2629 2347 32 26 to
2676 2343 52 31 the
2733 2371 7 7 v
2739 2344 105 40 public

2316 2384 33 29 of
2377 2384 117 29 Oxford
2540 2385 61 29 and
2640 2386 207 39 surrounding

2315 2423 130 30 District
2460 2425 68 28 that
2539 2424 39 29 he
2589 2426 55 28 has
2654 2427 194 28 commenced

2315 2464 140 30 business
2491 2475 32 19 as
2569 2464 135 32 General
2740 2466 107 31 Black-

2316 2504 99 40 smith,
2466 2511 74 25 next
2573 2509 32 28 to
2634 2506 50 31 Mr
2711 2507 137 41 Lough's

2316 2546 82 31 Near
2415 2546 69 31 Sale
2499 2547 109 37 Yards,
2624 2547 76 31 East
2715 2549 131 36 Oxford,

2316 2588 61 29 and
2404 2589 96 39 hopes
2531 2590 39 37 by
2585 2589 87 30 strict
2697 2591 150 29 attention

2316 2632 33 27 to
2382 2629 148 37 business,
2558 2633 34 28 to
2626 2631 38 30 be
2699 2632 149 30 favoured

2316 2671 75 29 with
2406 2672 82 29 their
2502 2676 139 35 support.

2357 2711 38 32 N.
2417 2711 36 32 B.
2640 2724 17 20 a
2677 2713 169 41 speciality.

2374 2901 70 45 2
2476 2901 316 45 REWARD.

2357 2970 47 29 2
2420 2969 188 31 REWARD
2631 2971 66 29 will
2717 2972 38 29 be
2777 2972 73 39 paid

2317 3014 32 26 to
2371 3021 61 29 any
2451 3022 112 28 person
2582 3022 34 19 or
2639 3022 124 29 persons
2782 3013 67 29 who

2317 3052 63 30 will
2418 3052 71 40 give
2535 3053 76 30 such
2650 3053 201 30 information

2317 3094 101 29 which
2446 3094 64 30 will
2531 3094 69 30 lead
2636 3098 32 26 to
2697 3095 54 29 the
2780 3104 68 21 con-

2317 3135 112 29 viction
2459 3135 34 30 of
2528 3135 50 30 the
2613 3136 140 30 offender
2780 3136 69 30 who

2316 3175 96 39 lately
2426 3176 162 40 destroyed
2603 3177 87 30 fence
2704 3177 60 30 and
2778 3180 72 36 gate

2317 3227 39 20 on
2386 3216 291 31 GOVERNMENT
2702 3219 148 40 property

2319 3257 188 32 Woodstock
2537 3258 88 31 Road
2660 3259 88 30 View
2782 3259 68 30 Hill

2318 3299 80 30 Run.

2441 3339 37 30 D.
2503 3340 36 30 G.
2563 3339 245 32 MATHESON.

2459 3506 250 47 poisoisr.
2758 3485 70 74 /

2323 3597 156 57 HAVING
2507 3598 49 24 had
2591 3598 75 30 sheep
2692 3598 100 24 worried
2815 3605 38 16 re-

2384 3630 90 31 cently,
2493 3631 87 30 poison
2597 3630 23 24 is
2632 3638 56 16 now
2698 3630 50 24 laid
2761 3638 31 16 on
2813 3637 42 24 niy

2321 3663 61 24 land
2399 3666 28 21 at
2450 3663 67 26 West
2542 3663 100 29 Oxford,
2672 3663 49 24 and
2744 3663 34 25 all
2794 3663 61 31 dogs

2321 3696 78 24 found
2416 3696 103 26 thereon
2538 3696 50 26 will
2606 3696 28 24 be
2652 3696 136 32 destroyed.

2566 3736 94 32 Signed
2692 3737 3 5 '

2556 3777 54 23 Mrs
2636 3777 29 24 A.
2684 3776 122 25 BOOTH.

2318 3881 3 14 :
2368 3886 186 39 PROFESSOR
2598 3886 217 39 CHARLESTON

2326 3951 268 25 PHRENOLOGIST
2610 3971 3 3 .
2648 3951 213 26 PHYSIOGNO-

2393 3998 83 25 MIST
2495 3998 71 25 AND
2590 3998 207 26 SPECIALIST

2492 4047 52 24 will
2554 4046 93 25 lecture
2664 4056 33 15 on

2317 4118 4 14 1
2369 4118 145 30 HEADS
2556 4118 87 30 AND
2693 4119 129 31 FACES

2317 4201 4 10 :
2329 4190 65 24 How
2415 4191 26 23 to
2463 4190 60 24 read
2545 4190 68 25 them
2642 4198 27 18 as
2693 4199 62 23 open
2778 4190 86 27 books.

2330 4237 53 24 The
2394 4237 55 24 best
2460 4245 54 23 way
2525 4237 150 33 to-iniprove
2673 4258 9 13 /
2682 4246 79 24 -eyery
2759 4255 14 14 v
2772 4238 102 33 faculty,

2330 4286 26 25 of
2366 4285 63 33 body
2451 4286 49 24 and
2523 4285 78 30 mind,

2375 4329 84 47 EAST
2479 4337 248 47 OXRORD/TOWN:
2742 4338 85 41 HALL

2394 4395 188 33 MOKDA.T-
2608 4400 3 21 ;
2609 4388 8 23 r
2617 4393 91 35 MiiY
2713 4386 24 30 !:<:
2740 4399 66 34 4th.

2515 4427 86 26 ";,'".
2743 4445 26 5 ...
2787 4433 11 7 '

2333 4455 166 25 Amusement
2522 4454 50 25 and
2591 4455 152 25 instruction
2764 4456 39 26 for
2826 4458 44 29 all,

2335 4496 40 19 see
2392 4489 103 33 posters*
2535 4486 167 28 'Admission..
2714 4489 96 31 Adults
2834 4493 36 25 Is.

2343 4517 4 3 '
2360 4515 3 9 '
2382 4521 19 6 --
2405 4524 3 11 :
2422 4519 12 23 -.-
2450 4517 32 18 *'
2513 4519 119 29 CMidrbh
2654 4516 106 33 cav-^
2859 4547 3 5 ,

2368 4557 105 26 Lecture
2484 4564 157 19 commences
2665 4559 23 27 7,
2714 4559 38 26 30.
2766 4567 24 25 p.
2803 4567 35 19 m.

1762 203 246 48 KAIAPOI
2050 204 250 50 TWEEDS.

1762 282 83 21 SUITS
1855 282 86 21 MADE
1950 284 39 21 TO
1999 281 144 24 MEASURE
2157 284 82 21 PEOM
2254 287 49 26 50s.j

1760 339 121 79 FULL
1897 340 144 31 RANGE
2053 342 35 30 of
2095 341 62 31 this
2171 329 133 45 Season

1837 380 146 33 Patterns
2002 386 34 26 to
2066 383 93 30 hand.

2013 435 27 23 at

1862 476 36 31 R.
1932 476 34 29 H
1987 477 198 31 PARISH'S

1902 536 92 26 EAST
2011 538 146 25 OXFORD.

1872 587 135 21 INTENDS
2036 588 38 21 TO
2103 588 73 21 SELL

1757 625 176 29 seasonable
1943 626 96 37 goods
2048 633 33 23 at
2086 627 100 38 prices
2196 628 98 30 belovr

1755 673 69 30 that
1843 674 34 30 of
1889 685 62 30 any
1975 675 222 33 Christchurch
2222 679 68 30 firm

2008 738 41 19 -or

1799 782 167 34 ALL
2002 784 246 36 WOOL

1754 835 196 51 Hslmkl
1990 839 186 49 Vlmml
2215 840 74 49 U.

1754 912 132 40 cheaper
1899 914 76 31 than
1990 925 58 20 can
2068 916 37 30 be
2117 916 171 40 purchased

1754 967 32 26 at
1815 965 123 30 auction
1966 976 35 20 or
2019 966 82 30 from
2138 967 151 31 itinerant

1936 1014 136 41 drapers:
2146 1020 3 14 '

2009 1095 44 19 o-

1852 1157 339 42 PARISH'S

1814 1224 68 94 ff
2041 1260 172 47 BOYS'

1767 1370 178 160 ii
1993 1439 262 48 youthsi

1785 1636 10 17 *
1828 1627 86 39 W
1954 1623 178 25 GOLONIAL
2156 1624 128 24 TWEED

1752 1697 29 21 -}
1796 1680 92 38 A^^A
2001 1696 215 22 QTTTTG

1999 1705 217 25 OUllio

1788 1784 127 34 From
1940 1784 89 41 12/6
2050 1791 73 32 per
2145 1784 94 38 suit.

1815 1848 81 34 (three
1905 1850 137 31 garments,
2060 1847 80 26 worth
2152 1848 64 33 253.)

1751 1895 93 24 Cannot
1855 1896 26 23 be
1888 1895 137 31 purchased
2036 1898 24 20 at
2077 1894 170 24 ChristcJmrch
2258 1902 27 16 or

1864 1939 123 23 elsewhere
1998 1942 25 19 at
2030 1939 37 22 the
2074 1939 77 29 price.

1756 1996 22 31 A
1789 1996 133 31 AMeh's
1936 1997 101 30 Black
2048 1996 68 31 S.B.
2127 1997 57 30 Sac
2194 1996 90 31 Coats

1750 2028 71 50 fUJ
1848 2039 50 30 for
1921 2039 128 40 Sunday
2063 2038 62 30 and
2148 2038 137 39 Holiday

1751 2091 81 20 wear
1839 2079 146 32 Eeduced
1994 2081 82 28 from
2088 2078 68 40 25/-
2168 2083 33 26 to
2211 2078 73 41 15/6

1748 2177 28 30 A
1790 2178 102 40 Large
1907 2179 62 30 Lot
1983 2178 33 31 of
2041 2177 105 31 Gents'
2173 2177 113 41 Heavy

1750 2229 110 31 Tweed
1898 2231 169 30 Overcoats
2100 2229 99 31 below
2219 2234 67 26 cost

1750 2273 92 38 price.

1974 2325 7 13 >
2056 2326 8 14 <

1780 2368 142 46 LACE
1959 2368 299 47 -CU&TABIS

1745 2477 100 50 IAD
1875 2474 138 44 BAIRS
2029 2476 33 29 of
2078 2474 208 32 CUETAINS

1752 2507 93 50 lUU
1876 2528 22 28 1
1955 2516 116 31 Ijatie'ot"
2088 2516 134 41 Designs

1848 2565 82 29 from
1960 2565 43 29 2s.
2016 2574 57 29 per
2102 2564 78 39 pair.

1753 2754 119 31 Ladies'
1896 2753 87 31 Kock
1998 2753 102 32 Straw
2114 2754 132 30 Boaters

1897 2806 107 41 Fancy
2027 2806 94 30 Sailoi

1752 2868 94 41 Boys'
1861 2869 62 30 and
1938 2867 100 31 Maids
2054 2867 142 32 Gateteas

1753 2963 99 30 Black
1867 2962 120 31 French
2005 2962 181 30 Cashmeres

1752 3014 99 30 Black
1866 3015 29 27 &
1907 3013 64 30 Col.
1992 3014 122 29 French
2133 3012 155 31 Merinoes

1784 3160 253 25 FLANNELETTS
2051 3161 18 22 &
2082 3159 188 29 3ALATEAS,

1753 3220 29 24 In
1806 3220 109 31 quantiti
1916 3228 13 10 0
1952 3220 50 25 and
2022 3219 116 33 qualities
2156 3228 73 16 never
2248 3221 41 30 yet

1753 3259 86 31 placed
1851 3258 81 25 before
1944 3259 91 24 Oxford
2048 3258 96 32 buyers-
2156 3258 68 25 Such
2235 3261 54 28 pat-

1755 3301 75 25 terns,
1844 3296 60 26 such
1916 3297 105 28 colours,
2034 3296 62 25 such
2108 3299 117 26 textures,
2236 3297 59 26 that,

1754 3343 48 17 one
1813 3336 125 29 naturally
1949 3335 58 25 asks
2018 3335 56 24 how
2085 3335 59 31 they
2156 3342 42 17 are
2217 3335 73 24 made

1754 3376 38 24 for
1815 3376 43 24 the
1879 3376 74 31 price.
1997 3376 44 31 My
2065 3375 114 32 Glasgow
2201 3374 89 33 buyers

1754 3414 114 31 pounced
1884 3422 68 24 upon
1972 3423 15 15 a
2009 3414 51 24 line
2082 3414 67 24 fresh
2168 3413 64 25 from
2247 3413 43 25 the

1754 3453 87 30 looms,
1853 3453 73 25 made
1938 3452 120 25 excellent
2070 3453 75 23 terms
2166 3451 61 25 with
2247 3451 43 25 the

1755 3491 94 29 maker,
1859 3491 102 32 shipped
1973 3493 25 22 at
2010 3498 60 17 once
2082 3493 27 22 to
2117 3498 49 20 me,
2176 3490 49 25 and
2232 3490 59 25 here

1756 3532 59 32 they
1827 3540 48 22 are,
1889 3540 66 17 some
1967 3533 49 23 100
2027 3532 89 31 pieces,
2124 3531 49 24 and
2180 3530 14 25 I
2204 3531 86 24 intend

1755 3576 27 22 to
1793 3572 72 25 make
1877 3581 16 16 a
1903 3572 70 26 noise
1994 3572 76 25 about
2093 3571 70 25 them
2172 3579 6 21 ;
2192 3579 31 17 no
2244 3579 47 17 one

1757 3613 49 24 else
1816 3612 47 25 has
1875 3613 40 24 the
1927 3614 125 29 patterns;
2065 3619 33 17 no
2121 3619 47 16 one
2191 3610 51 25 else
2265 3610 37 25 in'

1757 3650 43 25 the
1811 3650 71 25 trade
1891 3658 46 17 can
1950 3650 61 25 offer
2028 3649 62 25 such
2101 3650 80 23 value.

1785 3689 256 26 FLANNELETTE
2056 3690 28 23 2s
2103 3689 49 24 lid
2160 3689 77 24 dozen
2247 3689 46 31 yds

1757 3739 28 17 or
1797 3739 46 24 any
1854 3730 88 33 length
1953 3732 43 24 cut
2008 3732 26 23 at
2053 3730 34 25 3d
2103 3737 45 24 per
2168 3730 69 30 yard.
2272 3730 21 24 A

1758 3769 112 31 splendid
1886 3776 76 24 range
1979 3768 27 25 of
2020 3770 120 30 patterns.

1760 3924 223 26 PREVENTION
1989 3926 3 5 '
2001 3925 33 25 IS
2051 3925 139 25 BETTER
2202 3925 93 25 THAN

1976 3960 121 30 'CURE.

1874 4038 54 24 that
1940 4037 43 25 the
1994 4038 132 25 Influenza
2137 4039 128 32 Epidemic
2276 4041 22 23 is

1762 4070 32 27 JA
1835 4070 75 25 about
1929 4071 43 25 the
1989 4072 183 32 neighbouring
2189 4073 109 25 districts

1762 4113 32 16 no
1806 4104 74 23 home
1892 4104 88 24 should
1992 4104 30 24 be
2034 4104 104 25 without
2149 4106 44 24 the
2213 4106 83 30 Platyt

1762 4145 47 23 pus
1814 4136 86 24 Brand
1910 4137 26 23 of
1949 4136 153 33 Eucalyptus
2112 4138 123 26 Globulus
2247 4138 51 24 Ex-

1763 4170 64 23 tract
1839 4171 26 21 to
1877 4169 30 24 be
1919 4169 76 24 taken
2006 4177 69 24 upon
2091 4178 82 23 >ugar,
2194 4178 28 17 or
2238 4172 27 22 m
2285 4179 15 16 a

1762 4201 66 26 little
1839 4200 71 25 milk.
1919 4216 3 16 ;
1946 4201 51 24 The
2008 4208 67 19 most
2089 4195 150 33 convenient'
2250 4204 51 24 and

1765 4235 112 31 pleasant
1889 4242 53 24 way
1954 4239 26 20 to
1992 4237 57 22 take
2072 4236 158 33 Eucalyptus:
2237 4237 25 24 is
2273 4237 28 24 m

1764 4268 33 24 he
1808 4267 120 32 Platypus
1940 4267 87 26 Brand
2046 4268 27 25 of
2089 4269 147 33 Euacyptus
2256 4270 44 25 Ju-

1762 4299 82 33 jubes,
1855 4300 59 32 they
1926 4302 76 23 arein
2012 4301 62 25 such
2082 4310 17 16 a
2105 4296 125 38 palatable
2237 4304 73 25 form:

1765 4331 113 34 pleasant
1919 4335 28 23 to
1980 4336 70 27 taste,
2091 4336 132 33 antiseptic
2253 4337 50 25 and

1762 4365 144 26 stimulant;,
1921 4373 5 18 i
1936 4380 4 6 .
1951 4367 122 32 Sprinkle,
2089 4376 64 24 your
2179 4371 112 26 handker
2293 4385 10 14 r

1767 4398 67 26 chief
1843 4398 50 24 and
1912 4399 84 36 ropinsj
2006 4400 60 25 with
2086 4402 42 25 the
2146 4403 43 34 Oil,
2208 4430 3 2 .
2236 4401 74 33 .'..-..'

1769 4451 27 26 BE
1808 4450 59 27 SURE
1873 4451 171 27 YOUPURCHASE
2051 4454 174 28 THE.PLATYPUS
2231 4457 75 26 BRAtID

1799 4499 15 13 '
1848 4496 38 24 R-..
1891 4496 92 26 Parish
1994 4497 132 33 Ag'entrfor
2138 4501 109 26 Oxfordv

1770 4540 74 26 Office
1851 4539 63 26 No-9
1928 4540 172 36 Cathedralsq.
2128 4544 179 30 Christchurch

1344 198 257 48 NOTICE.

1200 303 152 60 DURING
1381 307 37 25 Dr
1448 307 157 24 Volefcman'a
1628 306 105 27 absence

1257 339 27 25 m
1301 340 115 31 England
1434 340 36 24 Dr
1488 340 71 24 Weld
1574 339 51 25 will
1641 348 41 17 see
1693 340 40 26 his

1199 373 108 30 patients
1317 380 6 21 ;
1361 373 49 24 and
1435 372 40 23 Mr
1503 372 25 24 J.
1557 372 99 31 Ingrain
1685 373 46 25 has

1199 404 60 26 been
1271 405 131 32 appointed
1420 406 73 30 agert
1505 410 26 20 to
1547 404 85 26 collect
1644 413 87 26 money

1198 439 82 31 owing
1296 438 49 25 and
1362 444 26 20 to
1405 446 48 24 pay
1469 437 79 26 debts.

1329 574 247 46 NOTICE

1196 656 152 59 HAVING
1359 656 49 26 had
1419 657 72 32 sheep
1526 657 100 25 worried
1637 665 33 17 on
1686 665 42 24 my

1258 690 92 25 section
1367 697 22 17 at
1411 690 142 30 Woodside,
1571 698 49 24 any
1637 698 90 23 person

1193 724 77 24 found
1288 725 149 31 trespassing
1465 723 61 26 with
1549 723 49 33 dog
1623 731 28 18 or
1677 732 50 24 gun

1194 756 49 24 v/ill
1271 756 30 25 be
1335 756 153 31 prosecuted,
1523 757 50 23 and
1606 764 49 24 any
1679 757 49 32 dog

1194 794 92 32 caught
1303 794 50 26 v/ill
1370 794 29 26 be
1417 794 138 31 destroyed.

1418 838 30 24 R.
1467 837 160 30 BOWMAN,

1416 890 9 10 \
1523 896 5 6 .
1549 877 142 26 Woodside.

1190 1001 46 44 J.
1259 1001 53 44 T.
1339 1001 202 53 Brown,
1562 1001 41 44 &
1625 1001 95 45 Son

1243 1067 111 21 TIMBER
1364 1068 17 20 &
1392 1067 71 21 COAL
1477 1068 183 21 MERCHANTS.

1363 1106 165 20 IMPORTIBES

1190 1143 34 27 Of
1254 1142 140 28 TIMBER
1423 1143 54 26 and
1507 1143 48 27 All
1585 1143 87 27 Kinds
1697 1143 27 27 of

1242 1189 186 28 BUILDING
1453 1190 221 27 MATERIALS.

1377 1236 151 27 CORNER

1190 1279 163 25 COLOMBO
1394 1280 18 23 &
1441 1278 97 25 TUAM
1568 1278 155 25 STBEETB

1178 1325 2 22 I
1346 1323 192 24 Christohdroh

1321 1440 266 50 NOTICE.

1178 1516 2 27 i
1187 1523 92 26 rriHIS
1296 1524 20 23 is
1342 1525 26 23 to
1395 1524 54 31 give
1478 1524 125 25 NOTICE
1634 1524 56 25 that
1707 1524 13 24 I

1192 1549 21 31 JL
1234 1556 86 25 intend
1336 1558 26 23 to
1386 1558 74 31 apply
1488 1559 26 23 at
1541 1557 44 25 the
1602 1561 59 21 next
1678 1558 41 24 sit-

1188 1590 54 32 ting
1253 1589 27 25 of
1289 1590 43 25 the
1343 1589 158 33 Magistrates
1514 1591 85 29 Court,
1618 1591 100 29 Oxford,

1187 1624 38 24 for
1242 1632 13 15 a
1273 1623 102 25 License
1392 1631 26 17 to
1442 1624 126 31 slaughter
1585 1625 66 30 large
1672 1624 48 24 and

1187 1656 74 25 small
1278 1656 75 25 cattle
1371 1657 38 24 for
1433 1657 91 25 section
1550 1657 42 25 No
1611 1658 73 25 1670.

1420 1690 92 31 Signed

1449 1723 79 26 MRS-
1547 1725 29 24 A.
1595 1723 122 31 BOOTH,

1187 1766 84 25 March
1283 1766 53 25 4th.
1350 1767 71 25 1896.

1320 1906 263 46 NOTICE.

1205 1984 131 31 VIEW-
1345 1983 102 31 HILL
1465 1984 139 31 SHEEP
1627 1985 73 31 DIP

1352 2029 206 33 COMPANY.

1190 2127 111 24 TT7TLL
1319 2127 151 25 Commence
1488 2128 102 31 dipping
1620 2128 54 25 first
1696 2128 28 25 of

1197 2150 34 36 VV
1258 2159 122 26 MARCH
1392 2168 32 25 up
1436 2161 26 25 to
1474 2161 41 25 the
1524 2161 54 25 first
1601 2161 27 25 of
1637 2161 83 29 MAY,

1186 2201 39 25 Id.
1255 2201 68 25 each.
1385 2201 119 25 Brooke's
1534 2201 95 26 Perfect
1668 2202 50 32 Dif

1184 2242 69 25 used.

1218 2286 42 24 All
1277 2286 73 30 sheep
1367 2286 90 31 dipped
1474 2286 62 23 after
1554 2286 41 24 the
1614 2286 70 24 30th.
1698 2286 26 24 of

1185 2323 70 31 April
1273 2323 51 25 will
1343 2324 28 24 be
1388 2323 108 31 charged
1513 2323 56 30 ld.
1625 2341 3 16 j

1417 2361 128 31 Manager.

1470 2401 39 24 W.
1524 2400 129 25 DUDER.

1240 2537 195 42 MUSICAL
1475 2536 180 42 TUITION

1184 2606 140 37 PIANO,
1355 2605 186 37 SINGING,
1564 2604 157 37 VIOLIN,

1226 2647 148 31 ORGAN
1439 2645 85 32 KTC.
1588 2647 92 31 ETC.

1288 2721 64 30 MR
1390 2720 30 31 S.
1451 2720 182 33 MAYSON.

1187 2784 65 30 Has
1287 2784 162 30 vacancies
1477 2784 49 30 for
1547 2784 100 40 pupils
1689 2784 32 29 m

1315 2830 97 31 above
1448 2829 145 40 subjects.

1287 2946 86 24 Terms
1403 2954 32 16 on
1464 2945 158 31 application.

1188 3046 188 44 Pianos
1400 3044 99 44 and
1525 3043 197 57 Organs

1317 3111 79 25 tuned
1413 3111 50 25 and
1479 3110 122 32 repaired.

1178 3175 2 33 ;
1188 3163 203 49 AGEN^FOR
1409 3169 136 25 MILNER
1557 3168 166 26 THOMSON

1338 3256 82 42 FOE
1465 3256 113 41 SALE

1222 3322 49 24 AN
1286 3320 156 26 UPRIGHT
1455 3320 119 24 GRAND
1586 3320 106 24 PIANO

1222 3397 170 24 Instruments
1404 3404 45 16 can
1461 3395 31 25 be
1508 3395 120 31 procured
1640 3403 32 16 on
1684 3394 42 25 the

1190 3441 57 25 time
1264 3443 119 30 payment
1394 3442 98 30 system.

1333 3486 75 25 From
1421 3487 33 23 1
1474 3494 14 16 a
1498 3485 96 28 .month.
1600 3487 5 7 '

1259 3576 116 25 SHEET
1387 3576 108 25 MUSIC
1505 3576 37 24 IN
1553 3574 107 26 STOCK

1192 3621 144 36 SONGS,
1559 3621 168 32 DUETTS

1342 3668 119 26 VIOLIN
1474 3669 114 25 SOLOS.

1193 3720 116 24 Address.
1346 3719 117 32 Opposite
1493 3719 73 24 Bank
1583 3720 26 24 of
1635 3719 32 25 N.
1698 3720 30 24 Z.

1388 3772 146 26 OXFORD.

1241 3943 187 39 PROFESSOR
1473 3942 215 39 CHARLESTON

1195 3994 268 27 PHRENOLOGIST
1484 3995 19 23 &
1525 3993 206 27 SPECIALIST

1376 4038 62 25 Will
1465 4038 93 25 lecture

1225 4088 77 46 TO
1334 4088 154 44 MEN
1514 4085 191 47 ONLY

1393 4165 2 4 '
1407 4166 103 18 SUBJECT

1197 4202 86 31 THE
1328 4203 148 32 SOCIAL
1520 4202 110 36 EVIL,
1678 4199 58 32 OR

1239 4254 137 33 OURSE
1401 4255 55 32 OF
1477 4253 210 31 MANHOOD

1426 4313 28 24 m
1467 4312 41 24 the
1536 4314 3 3 '

1209 4362 126 25 PUBLIC
1355 4363 96 34 H4LL
1472 4360 89 26 E^ST
1586 4348 147 40 OXFORD'

1235 4414 152 40 TUESDAY
1404 4415 66 39 MAY
1482 4415 26 37 .
1542 4414 66 38 8,15
1625 4414 26 37 P.
1657 4441 2 1 .
1710 4437 3 9 =

1199 4477 139 27 NO-ONE,
1345 4478 198 35 ADMITTED.
1552 4477 129 26 UNDEJE
1700 4477 38 26 16.

1350 4538 144 27 Admission
1524 4538 71 25 Free.

713 187 141 26 OXFORD
872 189 92 25 ROAD
981 190 127 25 BOARD.

641 253 170 43 RENDERS
829 263 40 16 ar
886 255 95 26 invited
1004 256 38 25 for
1063 256 43 25 the
1129 258 44 24 fol.

649 279 17 31 1
687 287 93 32 lowing
802 287 88 26 works.

641 319 113 33 Clearing
771 320 78 25 Drain
988 322 69 32 High
1077 323 80 26 Street

673 352 38 26 Do
777 353 40 25 Do
981 355 101 25 Church

673 385 38 26 Do
778 385 39 26 Do
983 387 106 26 Steffens
1101 388 70 26 Road

672 418 38 26 Do
776 419 39 26 Do
981 420 90 26 Stubbs
1114 441 6 10 ,
1122 446 8 12 f

671 451 40 26 Do
776 452 40 26 Do
974 453 104 26 Warren
1114 446 15 38 ,',

671 484 37 25 Do
774 485 40 25 Do
944 486 145 26 Wharfdale
1098 487 70 25 Road

638 516 115 32 Clearing
771 517 57 26 Side
846 517 112 26 Channel
976 518 68 33 High
1071 521 81 24 Street

637 550 101 30 Carting
755 550 97 33 shingle
880 551 49 25 and
958 552 79 32 filling
1055 553 63 25 Ruts
1136 561 32 17 on

636 584 96 24 various
750 583 90 26 Roads.

833 619 25 21 to
887 618 27 22 be
943 620 55 21 sent
1026 618 26 23 m
1085 618 82 24 before

639 640 22 32 JL
675 655 65 17 noon
758 655 32 17 on
809 648 153 31 Wednesday
976 649 57 31 May
1047 649 44 25 Gth
1105 651 62 24 1896

668 681 52 24 The
751 681 84 25 lowest
869 689 27 17 or
924 690 50 24 any
1002 682 97 25 Tender
1124 687 43 21 not

634 714 147 31 necessarily
798 714 122 31 accepted.

713 747 129 24 /JAMES
861 747 33 29 H,
914 748 134 24 SHARPE

649 799 5 11 i
689 775 28 35 /
814 785 72 26 Clerk
903 787 26 23 to
946 785 42 26 the
1005 786 93 25 Board.

681 910 175 31 KAIAPOI
897 911 208 32 BOROUGH

797 961 196 32 COUNCIL.

630 1042 170 25 .TENDERS
812 1051 40 16 are
864 1044 93 24 invited
976 1044 38 25 for
1032 1044 132 32 supplying

634 1076 22 24 X
664 1094 3 3 .
678 1077 48 23 100
746 1075 73 32 yards
831 1076 26 24 of
866 1076 63 24 hard
948 1077 64 25 river
1035 1076 47 26 bed
1093 1076 69 26 boul-

630 1109 54 24 ders
708 1107 102 25 suitable
832 1109 38 23 for
892 1108 113 32 breaking
1023 1109 48 25 'for
1103 1110 59 24 road

630 1141 84 28 metal,
727 1140 120 26 delivered
866 1141 80 25 either
966 1145 25 21 at
1016 1142 43 25 the
1080 1142 81 25 Coun-

630 1174 41 25 cils
690 1174 60 32 yard
773 1174 113 32 Kaiapoi,
910 1182 28 17 or
957 1175 52 24 into
1032 1175 83 26 trucks
1136 1179 26 22 at

630 1215 48 23 any
697 1206 100 32 railway
821 1208 97 24 station.

661 1250 107 26 Tenders
780 1252 25 24 to
814 1250 30 26 be
856 1254 55 22 sent
923 1251 27 25 m
958 1250 33 32 by
1000 1251 161 26 TUESDAY

628 1284 73 24 MAY
721 1284 39 29 12,
797 1285 72 24 1896.
899 1284 129 25 addressed
1058 1289 24 20 to
1111 1285 50 24 His

628 1316 111 31 Worship
751 1316 43 24 the
812 1317 94 30 Mayor,
925 1317 95 32 stating
1039 1318 67 31 price
1117 1326 44 23 per

626 1350 61 31 yard
699 1357 26 17 or
737 1352 51 22 ton.

776 1392 92 25 JOHN
885 1393 35 24 H.
939 1393 144 25 MORLEY

888 1436 77 26 Town
986 1436 82 26 Clerk.

727 1610 334 47 MEETING.

625 1695 177 33 TMR'MERS
820 1700 53 25 who
897 1708 58 25 may
971 1700 32 26 be
1025 1700 135 26 interested

624 1724 22 34 JL
675 1735 27 23 m
720 1733 42 25 the
788 1733 132 26 formation
947 1735 27 24 of
1002 1742 14 16 a
1033 1734 125 25 Farmer's

624 1766 61 26 Club
714 1774 41 17 are
783 1766 94 25 invited
906 1770 25 22 to
965 1768 66 24 meet
1059 1769 27 23 at
1114 1767 44 25 the

623 1799 273 33 Waitnakariri-Ashley
935 1800 85 25 Water
1061 1800 96 32 Supply

624 1833 79 25 Board
715 1833 75 25 Office
807 1834 25 24 at
850 1834 23 24 8.
891 1841 24 24 p.
934 1841 34 17 m.
987 1841 32 17 on
1033 1832 125 33 Saturday

624 1867 58 31 May
700 1865 53 25 9th.

819 1909 91 25 JOHN
927 1909 113 26 WELD:

1120 1949 23 24 2.

745 2126 121 32 TOWN
903 2126 128 30 HALL.

666 2208 155 39 EAST
849 2209 261 41 OXFORD.

641 2373 60 58 W.
737 2373 404 58 W.COLLINS

678 2507 5 4 '
720 2502 59 25 Will
798 2502 91 25 deliver
899 2502 40 25 his
950 2503 104 32 popular

719 2579 338 46 ORATIONS

663 2685 61 30 For
780 2683 71 31 date
893 2693 48 21 see
983 2685 132 39 posters.

769 2750 144 26 Admission
935 2750 71 27 Free.

711 2898 127 47 FOR
889 2897 179 48 SALE.

622 2978 28 29 A
692 2986 77 29 very
812 2977 81 38 good
932 2976 113 30 second
1074 2975 83 31 Land

623 3019 52 38 <*ig
720 3017 104 39 Cheaj)
854 3018 95 39 apply

870 3059 29 29 J.

673 3115 14 23 /
795 3100 79 30 East
904 3099 129 31 Oxford.

682 3264 52 44 T.
800 3261 303 46 PIGKARD
1148 3254 24 28 %

663 3330 88 26 BOOT
774 3329 73 31 >N-D
873 3331 90 26 SHOE
996 3330 132 30 MAKER,

762 3374 87 25 EAST
868 3374 146 26 OXFORD.

623 3417 104 59 BEGS
745 3420 26 22 to
793 3417 92 25 inform
905 3418 43 24 the
965 3417 157 26 inhabitants
1136 3417 26 25 of

679 3451 92 25 Oxford
793 3452 49 24 and
860 3451 167 32 surrounding
1047 3452 115 24 districts

624 3493 55 25 that
697 3492 33 25 he
750 3493 48 25 has
810 3494 89 24 started
914 3494 112 24 business
1038 3494 28 24 m
1089 3494 72 31 High

624 3537 37 28 St,
670 3536 80 26 where
762 3545 26 17 as
797 3546 15 16 a
821 3537 56 25 boot
889 3537 49 25 and
948 3537 57 25 shoe
1017 3537 86 25 maker
1113 3537 51 25 and

624 3577 97 25 solicits-
727 3585 15 17 a
754 3577 70 25 share
836 3579 27 23 of
880 3577 66 25 their
957 3579 136 30 patronage
1105 3577 47 24 and

624 3623 107 28 support.
766 3620 76 25 Boots
864 3621 49 23 and
942 3619 73 26 shoes
1037 3619 74 26 made
1132 3622 11 22 t

624 3663 77 29 order,
724 3663 176 26 handstitched
920 3672 16 17 a
956 3663 138 32 speciality.

650 3848 98 39 TOWN
762 3847 215 61 HALLJEAST
999 3849 140 39 OXFORD,

681 3928 252 39 SATURDAY
960 3930 146 46 NIGHT,

680 4009 221 33 MONTAGU
924 4011 187 34 &FREDO

624 4084 89 26 Palace
724 4083 26 26 of
760 4082 131 30 Varieties,
912 4082 120 33 Congress
1044 4086 26 24 of
1082 4085 64 26 Won
1155 4101 10 5 -

624 4123 72 31 tders,
722 4121 115 32 Paragon
858 4119 154 32 Bellringerc,
1031 4122 27 24 m
1073 4130 96 17 answer

624 4170 28 17 so
663 4167 134 19 numerous
809 4160 117 30 requests
937 4159 52 25 will
1001 4160 88 24 extend
1103 4161 66 24 their

623 4197 41 31 tay
683 4197 27 22 to
729 4201 53 18 ooe.
810 4200 27 17 m
849 4200 44 17 ore
917 4191 76 32 night
1016 4191 152 35 (Saturday)

728 4238 4 17 :
817 4231 51 25 and
889 4230 57 31 give
969 4237 16 17 a

713 4281 152 41 GIGANTIC
903 4278 172 41 FAREWELL
1123 4319 2 5 .

696 4337 391 42 PROGRAMME

624 4400 162 31 Introducing
809 4397 34 26 all
873 4397 43 26 the
944 4398 76 25 latest
1043 4395 121 27 novelties

624 4438 65 27 from
703 4438 108 32 Sydney,
824 4436 156 29 Melbqurno,
993 4435 51 25 and
1056 4435 108 24 London

659 4472 110 32 Popular
779 4470 85 26 Prices
877 4470 37 24 2s.
927 4469 52 25 and
984 4467 42 27 -is.
1046 4466 121 28 Children

625 4509 82 26 under
720 4511 30 23 12
763 4509 54 25 half
826 4509 75 33 price.
1134 4508 5 12 ;

112 2348 136 25 OXFORD
267 2347 92 26 ROAD
376 2347 167 26 DISTRICT.

45 2413 156 28 rVTOTICE
220 2413 21 23 is
258 2413 92 31 hereby
373 2413 72 31 given
472 2413 53 23 that
549 2413 44 23 the

61 2448 31 22 11
117 2446 100 23 Annual
235 2445 108 32 Meeting
360 2446 27 24 of
401 2445 149 31 Ratepayers
567 2446 26 22 m

60 2479 43 24 the
120 2479 74 24 above
223 2478 104 25 District
351 2479 51 24 ivill
430 2479 30 23 be
483 2478 59 24 held
566 2478 25 23 m

61 2512 40 24 the
126 2512 69 24 Road
221 2511 82 25 Board
328 2512 83 29 Office,
440 2512 100 28 Oxford,
567 2514 26 21 at

59 2553 74 22 noon,
152 2552 33 17 on
202 2545 164 31 Wednesday,
385 2546 57 29 May
461 2545 45 25 6th
520 2546 72 24 1896.

166 2588 110 25 JAMES
294 2588 34 24 H.
349 2588 137 25 SHARPE

244 2628 72 26 Clerk
334 2630 25 23 to
376 2628 43 25 the
437 2628 90 25 Board.

80 2766 171 32 OXFORD
275 2766 117 31 ROAD
416 2765 155 30 BOAED.

107 2858 175 25 ELECTION
301 2858 44 24 OF
364 2856 178 25 MEMBERS.

58 2926 81 23 iTHE
180 2924 139 31 Following
352 2922 150 27 Candidates
530 2922 63 26 have

63 2948 22 35 1
117 2957 59 25 been
206 2957 59 32 duly
300 2956 207 25 NOMINATED
554 2956 37 24 for

59 2991 174 25 ELECTION
279 2998 26 17 as
333 2990 123 25 Members
498 2989 27 25 of
552 2990 41 24 the

61 3024 92 26 Oxford
171 3023 71 25 Road
263 3023 86 25 Board:

127 3057 138 29 Ashworth,
284 3057 121 24 Abraham

126 3090 130 29 Atkinson,
275 3083 98 34 Robert?
385 3089 119 31 Dampier

126 3124 86 28 Harle,
232 3123 107 24 Thom*s
352 3128 5 7 '

131 3157 99 27 Stubbs,
251 3156 91 24 Arthur

127 3190 106 31 Wright,
252 3189 94 24 Arthur

96 3223 21 24 A
129 3223 88 24 POLL
244 3223 38 23 for
308 3222 41 24 the
378 3221 174 25 ELECTION
570 3221 26 25 of

61 3256 77 24 TWO
150 3256 26 24 of
192 3256 41 24 the
251 3255 176 24 above-named
446 3255 148 24 Candidatas

63 3290 47 24 will
128 3289 29 24 be
174 3288 74 25 taken
267 3297 32 15 on
317 3288 197 28 THURSDAY,
534 3288 60 31 May

63 3322 52 28 7th,
136 3323 71 28 189G,
227 3324 26 21 at
270 3321 42 24 the
331 3321 69 24 Road
418 3321 80 24 Board
511 3321 83 24 Office.

63 3356 99 27 Oxford,
181 3355 110 24 between
308 3356 42 22 the
367 3355 76 23 hours
460 3354 27 24 of
508 3356 23 22 9.
544 3363 49 15 am.

61 3389 49 22 and
134 3390 22 22 G.
176 3397 23 22 p.
218 3396 34 15 m.

66 3412 31 43 /
202 3430 111 27 JAMES
331 3430 33 25 H.
385 3430 143 29 SHARPE,

45 3466 18 44 f
196 3473 17 24 ''f
293 3474 239 33 Returning-officer.

63 3752 231 26 CANTERBURY
315 3752 92 25 LAND
426 3751 168 26 DISTRICT.

75 3839 113 25 SMALL
221 3839 154 25 GRAZING
411 3839 73 25 RUN
517 3838 68 25 FOR

107 3879 110 26 LEASE
242 3879 54 31 ON.
311 3878 239 27 APPLICATION.

64 3957 44 58 IT
120 3958 21 24 is
153 3958 91 31 hereby
255 3959 102 24 notified
368 3959 25 24 m
407 3960 75 23 terms
494 3958 27 24 of

200 3991 55 29 Act,
379 3992 49 25 and
524 3991 72 24 Land

65 4024 36 23 for
115 4024 161 24 Settlements
287 4025 54 30 Act,
475 4026 56 26 that
554 4024 43 25 the

65 4057 217 24 undermentioned

122 4089 118 25 SMALL
274 4090 153 25 GRAZING
469 4091 72 25 RUN
591 4091 9 23 /

65 4122 61 25 Will
138 4123 29 24 be
190 4131 62 23 open
275 4123 38 24 for
334 4124 149 30 application
503 4126 33 22 oh
547 4124 50 23 and

65 4156 62 24 after
139 4155 230 30 WEDNESDAY,
373 4175 8 3 ..
388 4156 59 31 May
460 4158 38 28 13,
511 4156 84 27 180(3:-

100 4188 143 25 SECTION
256 4190 80 23 3G589
349 4189 46 24 and
407 4189 49 24 Lot
468 4191 23 24 2,
503 4190 91 30 Ashley

66 4221 80 32 Gorge
160 4222 155 30 Settlement,
340 4229 61 18 near
420 4222 64 25 East
496 4222 99 25 Oxford.

67 4255 64 24 Area
140 4257 64 23 915a
215 4256 29 24 2r
253 4257 40 30 2p<
304 4256 103 25 Annual
414 4257 54 23 rent
479 4257 53 24 81
543 4258 52 21 lls.

98 4319 87 25 Forms
197 4321 27 24 of
233 4321 153 32 application,
407 4322 72 32 plans
491 4323 50 25 and
550 4321 47 26 full

65 4353 142 29 particulars
230 4361 57 24 may
311 4354 30 25 be
364 4355 115 25 obtained
501 4358 26 22 at
545 4355 52 27 this

66 4384 87 24 office.'
348 4387 47 13 '
406 4387 15 13 -'
460 4387 2 2 '
483 4392 3 4 '

228 4419 25 24 J.
274 4419 88 29 W,;A.
381 4420 198 26 MARCHANTi

163 4451 186 26 Commissioner
360 4455 25 23 of
404 4453 87 26 Omwn
505 4455 91 24 Lands.

65 4483 102 26 District
178 4485 85 24 Lands
280 4486 50 24 and
350 4486 95 34 Survey
465 4487 83 31 Office,

142 4517 183 32 Cbristchurch,
338 4520 69 32 April
428 4523 39 27 13,
491 4522 72 25 189G.
570 4517 4 8 r

43 144 30 31 r
297 151 16 23 %

43 171 16 23 f
106 179 509 42 WAIMAKARIRI-ACHLEY

75 229 153 34 WATER
238 234 163 33 SUPPLY
413 237 199 36 DISTRICT

106 305 3 7 '
129 313 144 26 SPECIAL
290 315 92 26 LOAN
409 317 44 24 OF
482 319 79 26 500.

73 354 167 28 COOPER'S
249 358 115 25 CREEK
374 360 238 28 SUB-DIVISION

76 399 141 62 Pursuant
241 404 25 23 to
290 402 43 25 the
344 404 139 30 provisions
503 406 27 24 of
541 407 69 25 '-The

129 435 116 25 Counties
270 436 46 25 Act
329 437 73 30 1886,
426 439 47 23 and
496 439 42 25 the
552 441 57 24 Acts

74 469 138 32 amending
229 470 42 23 the
283 477 77 20 same,
379 470 49 24 and
527 472 83 25 Water

73 502 97 31 Supply
194 504 55 25 Ack,
405 504 49 24 and
479 505 44 24 the
550 507 59 24 Acts

72 535 136 33 mending
231 536 41 24 the
296 544 74 21 same,
402 537 48 25 and
471 537 33 25 all
536 540 72 24 other

73 576 96 24 powers
180 569 25 25 m
229 569 57 25 that
309 569 86 25 behalf
415 571 129 25 thereunto
565 580 41 17 en-

72 602 88 31 abling
182 602 75 25 them.

108 641 129 41 NOTICE
261 641 21 24 is
301 641 89 31 hereby
413 642 71 30 given
515 643 55 25 that
588 644 19 24 it

71 674 23 26 is
106 675 42 25 the
165 675 122 25 intention
311 675 26 24 of
355 675 45 27 the.
421 675 184 26 Wairnakariri-

73 708 94 32 Ashley
182 708 83 25 Water
282 708 90 32 Supply
399 708 83 25 Board
504 713 26 21 to
542 711 63 24 raise

73 750 16 16 a
102 742 90 31 special
203 743 71 23 Loan
285 748 32 17 on
329 742 43 23 the
383 743 107 30 security
506 743 49 23 and
567 744 38 24 for

73 775 45 25 the
224 774 143 25 mentioned
385 774 86 25 below.

49 837 6 5 .
75 819 22 23 1.
132 818 54 24 The
196 817 133 32 particular
348 817 68 25 work
438 818 120 31 proposed
579 821 25 23 to

73 851 31 25 be
116 851 151 24 undertaken
279 851 22 24 is
321 851 41 24 the
383 851 221 26 COMPLETION

71 886 30 23 of
111 886 41 23 the
163 889 93 26 system
279 883 27 25 of
315 884 84 24 Water
423 884 93 31 Supply
537 886 67 23 from

71 918 117 31 Cooper's
200 917 78 25 Creek
300 916 38 25 for
360 917 43 24 the
424 918 89 24 servico
524 917 27 25 of
561 918 43 24 the

72 950 86 25 Lands
169 950 88 24 within
269 949 42 24 the
325 950 115 31 Cooper's
458 950 78 25 CreeK
547 950 55 25 sub-

71 983 106 25 division
188 983 27 25 of
231 983 43 25 the
293 982 110 26 District.

72 1032 24 23 2.
132 1032 52 23 The
196 1039 56 16 sum
273 1038 103 24 propose
400 1036 23 19 to
435 1030 30 25 be
477 1030 125 26 borrowed

71 1063 37 25 for
121 1064 61 24 such
202 1072 104 25 purpose
319 1064 20 24 is
358 1065 79 23 500.

69 1109 25 22 3.
130 1107 24 24 It
165 1107 21 24 is
209 1107 120 31 proposed
352 1109 25 22 to
398 1107 85 31 pledge
503 1116 27 15 as
551 1115 47 16 sec-

71 1141 65 25 urity
160 1141 38 27 i'pr
210 1143 59 21 such
292 1140 80 24 Loan.

104 1183 47 23 Ist.
192 1181 53 24 The
265 1183 76 25 rents,
363 1182 65 22 rates
447 1180 45 24 and
515 1180 86 31 profits

69 1214 100 24 derived
181 1215 64 23 from
257 1214 42 23 the
311 1214 59 27 sale,
384 1213 88 30 letting
483 1213 50 24 and
546 1221 56 16 user

69 1248 27 24 of
116 1250 76 22 water
224 1246 111 32 supplied
363 1246 32 31 by
423 1246 42 24 the
487 1246 113 31 Cooper's

68 1280 79 25 Creek
192 1283 91 27 system
329 1279 27 25 of
400 1284 73 19 water
489 1298 3 4 .
503 1280 95 30 supply,

68 1314 64 23 after
156 1313 141 31 .providing
343 1313 37 23 for
422 1313 176 26 maintenance,

68 1347 100 31 repairs,
193 1349 52 21 cost
264 1346 27 23 of
310 1345 36 25 col
351 1345 89 31 leering
461 1345 47 23 and
532 1345 67 24 other

68 1387 128 24 necessary
209 1379 109 31 working
330 1378 135 31 Expenses.

67 1412 62 25 2nd.
164 1413 20 23 A
205 1411 96 32 Special
321 1411 98 25 Annual
438 1411 70 28 Rate,
531 1410 22 24 i?
561 1418 36 16 re-

67 1446 93 31 quired,
174 1445 38 25 for
224 1448 42 21 the
285 1452 105 24 purpose
409 1445 27 23 of
447 1444 101 31 making
565 1451 32 23 up

66 1487 50 23 any
135 1479 133 31 deficiency
287 1479 27 23 of
332 1486 45 16 one
395 1477 111 32 farthing
517 1477 25 24 m
555 1477 42 25 the

67 1512 91 31 pound,
190 1519 33 16 on
242 1513 42 22 the
303 1510 106 25 rateable
429 1511 70 23 value
520 1509 26 24 of
565 1509 32 24 all

66 1544 73 25 lands
150 1544 88 25 within
254 1544 42 24 the
317 1544 112 30 Cooper's
449 1542 76 25 Creek
537 1542 56 24 sub-

66 1578 106 25 division
191 1578 26 24 of
231 1577 43 25 the
283 1576 112 28 District,
415 1575 131 24 benefiti-ed
565 1573 32 33 by

66 1611 63 25 such
148 1611 74 28 work,
259 1610 130 25 estimated
407 1611 26 23 at
456 1617 14 15 a
489 1608 108 25 rateable

68 1644 73 25 value
160 1644 27 25 of
207 1644 119 27 J844.000.

100 1677 65 28 And,

64 1721 126 24 NOTICE
203 1721 21 23 is
236 1719 90 32 hereby
348 1719 96 25 further
456 1719 71 31 given
539 1718 56 24 that

66 1763 16 16 a
109 1754 107 31 meeting
233 1754 28 24 of
276 1753 41 25 the
337 1752 150 32 Ratepayers
508 1751 26 25 of
554 1752 41 24 the

61 1788 116 31 Cooper's
207 1787 77 24 Creek
311 1785 161 26 sub-division
500 1785 27 25 of
553 1784 42 26 the

64 1820 82 26 Wain:
149 1820 100 24 akariri-
252 1819 92 32 Ashley
387 1819 85 24 Water
501 1818 94 32 Supply

64 1854 113 28 District,
191 1853 49 25 will
252 1855 27 22 be
298 1852 58 24 held
367 1860 33 17 on
412 1851 129 32 Thursday
553 1851 41 25 the

65 1887 54 25 7th.
132 1888 46 30 day
190 1888 27 23 of
228 1886 59 32 May
311 1886 63 25 189G
394 1888 25 22 at
431 1888 11 22 t
443 1885 14 15 v
461 1893 12 15 e
490 1885 61 24 hour
569 1885 27 24 of

64 1922 14 22 8
91 1929 24 22 p.
127 1928 35 16 m.
175 1923 25 21 at
219 1919 43 25 the
281 1919 74 24 Office
367 1919 25 23 of
410 1918 43 24 the
473 1918 83 24 Board
569 1919 25 22 at

65 1952 98 29 Oxford,
177 1952 38 25 for
230 1953 41 23 the
283 1958 104 24 purpose
399 1951 26 23 of
442 1950 152 31 considering

62 1986 44 25 the
118 1985 53 26 said
182 1984 121 33 proposal.

94 2025 80 26 Dated
186 2025 50 25 this
249 2024 62 25 20fch
324 2024 47 31 day
383 2024 27 24 of
420 2019 172 29 March'l96.

228 2065 87 25 JOHN
344 2063 215 25 O'HALLORAN

257 2108 135 26 Chairman
405 2107 26 24 ot'
443 2107 40 24 the
503 2106 88 25 Board.

127 2152 32 25 G.
188 2151 177 26 JOHNSTON
384 2149 175 31 WEBSTER,

227 2196 126 26 Secretary
382 2198 25 21 to
435 2196 42 23 the
503 2194 88 25 Board.

523 2234 24 25 6.
