3500 4630
102 207 128 28 SCHOOL
266 203 201 28 COMMITTEE
503 204 100 27 ELEC-

292 243 112 28 TIONS.

249 330 94 25 VIEW
359 328 93 28 HILL.

118 418 89 25 Messrs
226 416 74 23 Bunn
322 415 159 33 (Chairman)
500 416 24 24 J.
547 416 67 29 Pole,

86 461 107 27 Pavili;a,
228 459 28 25 T.
274 458 92 29 -Harle,
403 459 32 25 G.
463 459 91 30 Ffitch,
566 460 48 25 -J.

86 504 24 25 J.
144 504 124 29 Motinsey.

241 614 218 26 WOODSTOCK.

116 681 92 31 Messrs
232 680 107 29 Bassett,
368 680 99 30 Parish,
491 680 121 33 Mulligan

85 724 147 33 (chairman)
256 724 118 28 Dickson,
405 724 32 24 R.
461 724 152 32 Thompson.

209 834 87 24 EAST
339 834 146 24 OXFORD.

113 913 21 24 A
153 901 99 40 Stu'bbs,
275 913 29 23 L.
328 912 100 35 Powell,
450 912 32 24 F.
502 913 109 30 Garlick,

82 957 34 23 M.
149 955 144 25 Cederman.
324 955 23 24 J.
383 955 24 24 J.
439 955 111 30 Weeber,
578 956 33 25 H.

81 999 135 32 Campbell,
262 999 32 24 H.
334 998 138 33 Pickering.
507 999 40 25 Mr
580 999 29 25 A.

82 1044 90 26 Stubbs
193 1052 48 15 was
261 1043 90 24 elected
369 1043 142 25 Chairman.

80 1204 266 24 PRESBYTERIAN
378 1204 131 24 SCOTCH
533 1204 67 24 CON-

293 1247 96 25 CERT.

194 1313 26 23 of
240 1313 43 23 the
305 1313 54 23 best
383 1314 110 23 concerts
505 1313 56 23 held
584 1313 26 22 m

215 1363 50 16 was
294 1355 42 24 the
365 1355 100 31 general
505 1354 101 31 opinion

80 1398 129 31 expressed
227 1398 31 31 by
275 1398 70 24 those
362 1399 54 23 who
435 1397 116 24 attended
569 1399 40 22 the

79 1442 76 24 Town
174 1441 75 29 Hall,-
270 1441 62 24 East
361 1441 92 25 Oxford
481 1449 33 16 on

79 1486 40 28 23,
137 1486 43 24 the
197 1484 113 26 occasion
327 1485 27 25 of
368 1485 43 25 the
436 1484 172 31 Presbyterian

81 1529 89 25 Scotch
187 1529 111 28 Concert,
317 1529 135 31 postponed
463 1528 65 25 from
538 1528 71 31 April

79 1573 68 24 10th.
166 1581 31 16 on
216 1574 104 23 account
354 1573 27 24 of
412 1572 55 25 bad-
492 1571 115 26 Weather.

77 1616 53 24 The
147 1616 73 31 night
232 1624 49 17 was
292 1616 70 31 good,
375 1616 43 25 the
430 1616 117 24 audience
558 1623 50 17 was

76 1659 69 31 large
162 1659 48 25 and
239 1660 170 30 appreciative,
439 1659 42 24 the
498 1658 109 25 refresh-

76 1706 88 25 ments,
191 1702 114 31 provided
320 1703 31 31 by
367 1702 43 24 the
428 1700 77 26 ladies
522 1702 27 24 of
564 1701 43 25 the

76 1746 182 30 congregation,
286 1745 49 24 and
361 1745 130 31 dispensed
518 1745 90 31 during

76 1790 41 23 tbe
133 1789 106 24 interval
255 1796 63 17 were
344 1789 125 27 excellent,
498 1788 49 25 and
564 1787 43 26 the

75 1839 153 24 programme
245 1839 51 17 was
313 1831 141 25 admirable.
496 1831 59 25 Rev.
573 1831 33 25 D.

75 1876 33 24 D.
127 1876 93 31 Rogers
239 1883 48 17 was
305 1875 81 25 inthe
404 1875 69 25 chair
484 1874 50 26 and
545 1882 61 25 gave

76 1927 32 15 an
127 1919 98 24 address
270 1927 26 16 as
326 1919 41 24 did
401 1921 52 22 also
478 1920 60 23 Rev.
574 1919 32 24 G.

76 1962 128 25 Hounsell.
240 1962 39 25 An
302 1964 102 30 apology
430 1971 50 16 was
497 1962 111 25 received

74 2006 62 24 from
155 2006 59 24 Eev.
233 2006 30 24 R.
289 2006 28 24 F.
344 2006 112 30 Garbett,
486 2006 55 24 who
558 2014 48 16 was

73 2050 133 31 prevented
222 2049 64 26 from
298 2049 147 26 attendance
458 2058 33 16 on
504 2051 103 24 account

75 2094 25 24 of
116 2093 112 32 physical
244 2093 181 32 indisposition.

107 2138 92 25 Messrs
216 2138 103 32 Mayson
343 2138 49 25 and
420 2138 93 25 Rearell
536 2138 71 25 acted

72 2190 28 15 as
135 2181 188 32 accompanists.

73 2232 64 24 sang
155 2225 91 24 "Nae's
274 2232 41 17 me
331 2225 37 24 for
385 2225 87 24 Prince

72 2269 61 24 with
151 2269 50 24 fine
230 2269 163 24 enunciation.
428 2269 61 24 Mi?s
504 2269 102 24 -Baxter

72 2313 52 24 also
145 2320 65 23 .sang
231 2314 48 23 .her
306 2320 63 23 song
395 2312 64 25 well.
470 2312 28 33 (!)
544 2312 60 24 Miss

195 2356 27 24 of
248 2356 125 31 Rangiora
395 2356 72 24 made
490 2356 44 24 her
550 2356 56 24 first

72 2406 152 24 appearance
241 2398 83 26 before
341 2406 32 17 an
385 2398 92 26 Oxford
489 2399 116 24 audience

72 2443 48 23 and
138 2450 47 17 was
202 2442 56 25 well
282 2443 117 24 received.
441 2442 53 24 Her
517 2441 89 25 careful

73 2486 100 31 singing
200 2494 50 17 was
279 2493 15 17 a
327 2488 71 23 treat.
449 2486 54 24 Her
531 2493 75 24 songs

233 2529 49 25 and
297 2529 111 25 "Wha'll
420 2530 30 24 be
459 2538 40 23 my

72 2581 61 16 were
150 2580 64 24 sung
232 2572 90 25 almost
329 2572 117 32 perfectly
451 2591 6 6 .
501 2572 50 25 For
562 2572 44 25 the

76 2617 74 24 latter
167 2617 42 24 she
236 2617 111 24 received
375 2625 31 16 an
435 2624 87 17 encore
556 2617 59 30 and_

75 2669 61 23 saDg
147 2669 58 23 very
223 2662 96 30 sweetly
336 2662 49 23 and
396 2661 135 31 effectively

70 2704 120 25 Nannie's
338 2704 54 25 Mrs
555 2712 50 16 was

74 2749 38 29 (as
125 2747 81 30 usual)
219 2755 56 23 very
287 2747 142 24 successful.
464 2747 55 24 Her
531 2754 75 24 songs

72 2799 61 16 were
155 2791 73 24 "She'
246 2798 62 17 wore
332 2799 15 16 a
367 2790 91 25 wreath
476 2790 27 25 of

72 2834 50 25 and
249 2842 30 23 ye
307 2836 32 29 by
494 2834 37 24 for
564 2834 43 24 the

72 2878 88 25 former
183 2879 26 24 of
240 2878 82 25 which
355 2879 43 25 she
432 2878 119 26 received'
574 2886 32 16 an

73 2930 93 21 encore,
201 2922 48 25 and
261 2922 26 24 m
307 2930 116 24 response
435 2930 61 24 gave

227 2966 52 25 Mrs
292 2966 107 25 Hawker
411 2974 60 24 sang

52 3011 11 13 *
179 3010 48 24 and
249 3010 104 24 ''within
374 3019 14 15 a
411 3010 60 24 mile
491 3010 26 23 of
528 3010 78 23 Edin-

71 3053 81 32 burgh
338 3054 40 24 Mr
410 3053 103 32 Mayson
548 3061 60 24 sang

366 3097 48 24 and
437 3097 170 31 "Marphisa,''

152 3141 40 24 Mr
214 3141 70 24 Dorn
405 3140 95 32 mighty

75 3185 52 23 The
162 3184 88 24 Misses
284 3184 129 24 Dohrman
435 3184 108 24 received
578 3192 30 15 an

74 3236 85 16 encore
181 3227 38 25 for
253 3227 64 26 their
340 3227 67 25 Duet
566 3227 43 25 the

73 3271 66 24 wind
162 3271 75 24 blows
260 3272 25 23 m
310 3272 63 24 from
402 3271 44 24 the
561 3271 49 24 and

73 3315 26 23 m
122 3323 113 23 respon.se
269 3323 64 23 sang
444 3314 81 25 would
554 3314 55 25 that

73 3365 41 24 my
252 3358 152 25 Recitations
424 3366 43 16 are
478 3359 45 23 not
534 3358 75 24 much

74 3401 24 23 m
133 3409 85 23 vogue,
254 3398 54 28 ancf
322 3402 81 31 might
426 3401 58 25 with
517 3401 91 25 advan-

74 3446 56 29 tage
160 3445 49 24 and
230 3445 74 31 profit
334 3445 30 26 be
399 3453 66 17 more
489 3453 35 17 so.
571 3445 38 24 On

75 3488 51 24 this
145 3488 112 25 occasion
265 3490 63 24 'two
358 3497 63 17 were
444 3490 73 31 given

76 3532 41 30 lay
140 3532 26 23 of
198 3531 43 24 the
286 3532 80 26 Brave
579 3532 31 31 by

76 3575 39 23 Mr
136 3573 28 25 L.
202 3574 109 31 Watson,
364 3577 50 23 and
548 3584 61 23 poor

79 3618 73 23 fisher
273 3620 31 30 by
335 3619 40 25 Mr
421 3620 26 25 S.
483 3620 126 30 Kennedy.

78 3660 53 25 The
164 3660 108 34 meeting
289 3662 79 26 closed
392 3664 59 24 with
474 3664 43 24 the
542 3664 67 31 sing-

81 3704 24 24 is
109 3713 16 22 g
147 3704 26 24 of
303 3706 71 33 Lang
395 3709 73 29 Syne.

121 3878 101 24 WHAT
240 3878 69 26 THE
327 3880 132 25 PAPERS
479 3882 79 23 SAY.

246 3921 46 23 The
311 3921 133 34 Speotafor.

112 3984 63 24 How
187 3984 58 32 long
262 3986 49 25 will
334 3988 43 26 the
400 3990 86 31 people
508 3989 102 26 tolerate

80 4024 41 24 the
132 4024 115 25 so-called
258 4033 155 26 newspapers
433 4029 63 27 that.
502 4038 41 17 are
555 4038 43 23 per
600 4045 7 14 :

80 4064 107 31 petually
215 4065 109 32 running
360 4067 71 27 down
450 4069 43 25 the
516 4069 93 32 Colony

80 4104 91 30 morely
191 4104 38 24 for
240 4106 113 29 partisan
374 4109 107 30 political
493 4118 115 23 purposes

80 4144 48 23 and
139 4145 26 23 to
176 4143 84 25 obtain
271 4152 15 18 a
304 4148 170 32 contemptible
487 4150 120 25 existence

80 4190 24 16 or
116 4184 25 23 to
152 4182 68 25 build
229 4192 14 16 a
254 4184 96 27 fortune
361 4195 33 17 on
405 4188 200 34 blackguardism

80 4222 47 25 and
136 4222 76 25 abuse
221 4224 12 23 ?
261 4224 137 35 Pandering
411 4230 25 24 to
455 4229 56 26 that
522 4231 86 24 lowest

80 4262 48 25 *ud
149 4266 112 22 meanest
284 4266 50 24 vice
356 4267 27 25 of
402 4265 162 37 humanity
565 4270 42 25 the

81 4302 137 32 malignant
228 4304 165 32 gratification
403 4308 44 26 felt
459 4309 71 26 when
539 4319 69 18 some

80 4348 87 25 person
178 4341 22 26 is
211 4342 98 31 abused,
332 4345 127 27 slandered
475 4349 48 25 and
536 4349 71 33 drag-

81 4382 29 25 ed
119 4382 104 26 down
224 4384 67 26 these
299 4387 120 25 wretched
428 4389 88 30 sheets,
525 4390 83 25 whose

80 4422 56 32 enly
153 4422 81 32 policy
259 4425 22 24 is
306 4427 26 23 to
355 4431 50 20 tear
427 4429 127 32 somebody
582 4433 26 22 to

81 4461 89 31 pieces,
190 4461 27 25 m
229 4469 86 19 season
335 4464 47 24 and
407 4468 41 23 out
464 4469 25 23 of
513 4476 94 21 season,

80 4502 67 32 right
158 4510 28 17 or
196 4510 91 25 wrong,
308 4512 41 17 are
367 4505 137 32 despicable
521 4509 86 32 things

80 4542 23 23 at
114 4540 63 26 best.
212 4537 49 30 But
272 4542 70 26 when
360 4543 26 26 m
408 4543 75 34 doing
506 4554 27 18 bo
545 4547 60 30 they
614 4544 2 26 i

646 205 31 26 do
689 208 43 24 not
752 207 106 27 hesitate
879 212 25 22 to
927 209 96 25 slander
1034 209 50 25 and
1100 209 81 32 injure

646 247 43 24 the
707 247 95 34 Colony
814 249 25 24 m
851 250 40 24 the
913 258 55 23 eyes
979 250 25 25 of
1022 249 41 25 the
1084 250 97 25 outside

646 287 84 31 world,
743 288 21 25 it
772 288 22 25 is
803 288 60 25 time
874 289 40 24 for
925 289 44 24 the
980 289 85 31 people
1076 290 26 23 to
1114 289 67 26 wake

646 334 32 23 up
691 332 24 18 to
728 326 41 25 the
794 327 125 30 situation,
938 327 56 33 jiud'
1013 329 82 29 stamp
1117 327 63 26 their

645 364 67 26 heels
724 373 33 17 on
769 366 62 24 such
843 366 110 31 piratical
966 374 63 23 rags.

707 536 399 32 CORRESPONDENCE.

646 588 66 21 While
722 595 41 14 owr
771 590 89 19 columns
872 596 35 13 are
921 595 50 20 open
987 591 19 18 to
1016 590 37 23 all,
1067 595 29 14 we
1105 590 25 19 do
1143 597 26 14 no

670 628 91 24 identify
779 628 100 19 ourselves
895 628 51 19 with
966 627 93 25 opinions
1074 631 101 21 expresset

634 677 1 9 i
670 664 87 20 therein.

634 694 2 37 \
695 703 33 23 To
740 703 36 23 the
795 703 85 24 Editor
891 703 31 31 of
932 703 36 23 the
981 701 132 25 'Observer.
1117 703 6 9 1

642 774 73 31 A-pnl
743 774 30 24 29
778 774 35 30 tb,
837 774 73 25 1896.

677 833 46 25 Sir.
759 833 68 24 Your
838 831 189 32 correspondent
1035 831 54 24 who
1098 833 74 23 wrbta

642 878 26 22 to
680 877 42 24 the
914 875 38 24 for
974 875 43 23 the
1034 874 90 24 beneft
1147 875 25 23 of

641 919 43 24 the
708 919 83 25 -'View
810 918 64 25 Hill
901 917 143 25 Financiers
1100 922 3 4 '
1116 922 59 26 pro-'

641 961 79 33 babjy,
739 971 50 16 was
806 962 26 24 m
856 970 15 16 a
898 961 84 31 hurry,
1009 967 28 18 or
1053 960 75 31 being
1145 969 24 16 so

641 1007 104 25 arduous
767 1006 27 31 m,
810 1005 40 25 his
879 1005 68 25 other
964 1003 89 31 duties,
1071 1003 32 25 he
1125 1004 45 25 has

640 1053 44 22 not
707 1051 72 31 given
802 1049 119 25 sufficient
938 1049 60 24 time
1009 1049 27 23 to
1055 1048 40 24 hi?
1112 1056 57 16 con-

639 1095 96 25 version
766 1102 56 17 sum
830 1102 6 21 ;
866 1093 49 24 else
943 1092 32 25 he
999 1092 82 25 would
1108 1092 61 25 hays

640 1139 71 32 given
721 1139 73 24 fuller
806 1138 88 24 details
917 1137 35 24 for
971 1137 42 24 the
1035 1135 91 25 benefit
1146 1136 26 24 of

639 1190 61 24 your
719 1182 103 24 readers.
856 1181 14 23 I
882 1180 50 25 will
954 1181 44 23 not
1016 1179 89 31 charge
1117 1179 52 24 him

639 1226 27 25 of
681 1225 148 31 attempting
845 1228 25 20 to
887 1223 104 25 mislead
1013 1223 42 24 the
1077 1222 91 32 public,

639 1270 33 24 let
689 1270 53 23 him
759 1268 83 25 decide
859 1268 55 24 that
931 1268 38 24 for
985 1266 108 25 himself.

671 1313 97 31 Taking
785 1313 39 23 his
836 1312 144 24 conversion
992 1319 64 21 sum,
1070 1310 98 31 namely

639 1357 170 29 10,000,000
838 1355 32 32 4^
898 1362 43 23 per
969 1356 56 22 cent
1053 1354 54 24 loan
1143 1357 26 22 at

637 1402 76 26 110,
750 1400 34 24 To
801 1399 100 25 conrerfc
917 1397 42 25 the
976 1404 68 17 same
1062 1397 54 24 into
1136 1399 33 23 3A-

637 1453 43 24 per
696 1447 56 23 cent
768 1442 57 27 loan
839 1445 28 23 .at
884 1450 51 24 par,
962 1440 80 26 would
1059 1441 109 25 increase

637 1491 41 24 the
695 1489 54 25 debt
766 1488 32 32 by
815 1487 168 30 1,000,000;
1013 1486 32 24 he
1062 1484 57 26 tells
1137 1493 30 17 us

637 1535 55 24 that
709 1536 26 23 at
752 1534 43 24 the
813 1533 47 24 end
884 1531 26 24 of
936 1531 62 31 fifty,
1019 1537 77 25 years,
1102 1534 3 14 :
1107 1534 2 4 '
1126 1529 42 25 the

636 1581 103 29 country
766 1576 82 26 would
877 1575 30 25 be
941 1575 43 25 th'e
1017 1574 92 32 gainer'
1135 1573 33 33 by

636 1623 160 29 2,250.000.
858 1621 14 23 I
900 1627 104 24 suppose
1029 1626 64 24 your-
1102 1627 6 8 s
1115 1624 51 18 cor-

635 1667 148 31 respondent
813 1665 52 25 will
886 1667 45 22 not
954 1665 62 30 deny
1043 1663 56 25 that
1112 1685 3 2 .
1124 1663 44 25 the

635 1712 65 23 costs
712 1710 134 24 incidental
874 1710 26 23 to
923 1708 43 25 the
989 1707 76 24 abcve
1087 1708 78 23 trans-

635 1756 95 25 actions
748 1754 80 25 would
844 1753 31 25 be
892 1762 15 15 a
924 1759 64 21 sum,
1019 1750 72 32 equal
1107 1752 29 22 to.
1150 1752 16 22 4

634 1808 43 23 per
694 1801 56 23 cent
773 1806 31 17 on
822 1798 43 24 the
882 1796 77 25 entire
976 1795 65 29 loan,
1069 1795 97 30 namely

634 1844 135 27 440,000,
799 1841 61 25 such
889 1848 55 17 sum
983 1847 58 24 goes
1068 1841 27 22 to
1123 1839 43 24 the

634 1886 90 33 capital
740 1887 110 25 amount,
879 1885 26 24 afc
930 1885 33 29 8
987 1891 43 23 per
1047 1883 63 27 cent,
1140 1890 26 17 or

635 1939 32 16 an
696 1930 132 25 additional
855 1929 104 24 interest
987 1926 27 26 of
1046 1927 118 27 1^,400,

634 1983 43 24 per
709 1977 83 29 year;'
810 1974 38 25 for
863 1973 56 31 fifty
943 1979 72 25 years
1042 1970 21 24 it
1091 1969 75 28 to.tals

635 2020 131 29 770,000
778 2018 48 25 add
843 2019 26 23 to
886 2016 55 25 that
959 2016 139 27 440,000,
1116 2014 50 25 and

634 2073 36 15 we
687 2065 61 23 have
766 2071 14 17 a
797 2070 56 17 sum
864 2061 27 25 of
907 2060 163 28 1.210,000,
1084 2058 80 26 which

634 2108 97 25 reduces
750 2107 42 25 the
820 2105 126 32 country's
975 2104 97 31 savings
1101 2102 63 25 from

634 2152 222 28 2,250,000,000,
874 2150 109 25 down-to
997 2148 164 29 1,040,000.

666 2195 110 31 Perhaps
804 2202 59 24 your
898 2192 188 31 correspondent
1114 2192 51 24 will

634 2241 38 29 try
689 2238 82 32 again.

667 2283 24 24 It
707 2282 22 25 is
747 2279 67 35 quite
832 2282 54 23 true
903 2280 70 25 there
990 2279 22 24 is
1029 2286 31 17 an
1073 2278 91 25 advan-

633 2329 56 30 tage
706 2327 27 23 m
750 2334 15 16 a
787 2325 122 32 judicious
938 2323 141 25 conversion
1096 2331 69 23 oper-

634 2371 75 27 ation,
727 2369 45 24 but
789 2368 57 31 why
864 2375 15 17 a
897 2367 168 25 Government
1077 2366 89 25 should

634 2422 31 22 go
682 2421 32 17 on
732 2412 110 31 creating
858 2419 54 16 new
929 2409 93 29 Bonds,
1041 2409 49 25 and
1110 2417 55 17 con-

634 2458 69 24 tinue
730 2457 27 24 to
784 2456 109 24 increase
928 2454 41 24 the
993 2453 115 32 Colony's
1128 2453 39 24 in-

634 2500 151 27 debtedness,
815 2500 21 23 is
853 2507 16 16 a
896 2498 114 31 question
1039 2497 57 24 that
1124 2497 43 25 the

794 2543 90 25 should
895 2542 99 31 enquire
1011 2542 53 23 into
1074 2542 12 22 ?
1121 2541 46 25 We

634 2587 52 26 talk
719 2586 74 26 about
1063 2605 3 4 .

750 2630 49 25 and
1041 2627 46 25 but
1100 2629 68 23 what

634 2684 40 16 are
693 2676 71 24 these
786 2674 73 24 when
888 2672 85 32 placed
997 2671 126 31 alongside
1143 2672 25 24 of

634 2720 47 25 the.
706 2719 63 30 scrip
786 2733 4 2 -
808 2717 170 26 millionaires,
1030 2715 67 23 Take
1130 2714 38 25 for

634 2764 120 27 instance,
777 2761 43 24 the
849 2760 140 30 cablegram
1030 2758 26 24 of
1077 2757 92 32 Friday

635 2805 69 33 April
728 2804 69 26 24th.
960 2801 115 26 Hirsch's
1092 2801 76 25 death

634 2851 45 23 has
691 2848 126 26 disturbed
835 2848 41 24 the
896 2848 75 24 home
992 2845 100 25 omrket.
1128 2844 41 25 He

635 2893 43 25 left
695 2902 15 15 a
733 2892 97 25 fortune
859 2892 25 24 of
912 2891 92 30 twenty

637 2938 46 25 Sir.
703 2938 21 24 it
732 2937 21 24 is
766 2937 70 24 sham
853 2934 134 25 liberalism
1007 2936 26 22 to
1045 2933 68 32 place
1126 2933 43 24 the

635 2983 87 30 colony
735 2980 78 25 under
825 2979 42 25 the
879 2986 80 24 power
982 2977 26 25 of
1029 2978 60 24 such
1100 2977 69 24 stock

633 3025 98 32 jobbers
740 3025 5 23 !
764 3023 60 24 This
836 3022 22 25 is
879 3022 67 24 what
966 3022 20 24 is
1009 3021 75 32 being
1107 3021 63 25 done

636 3072 26 22 afc
674 3069 43 24 the
728 3068 99 30 present
839 3067 56 30 day,
908 3065 47 25 and
968 3065 128 25 Ministers
1109 3065 62 25 have

637 3113 42 24 the
702 3111 115 29 audacity
839 3112 27 22 to
888 3109 45 24 tell
955 3117 39 21 us,
1040 3108 59 31 they
1129 3116 42 17 are

637 3155 162 30 maintaining
816 3162 14 16 a
843 3156 86 28 strong
945 3152 107 24 finance,
1071 3151 57 24 that
1141 3151 28 29 is,

637 3208 35 16 we
682 3199 64 24 have
757 3197 124 25 increased
903 3195 185 29 indebtedness,
1112 3202 57 16 con-

639 3243 136 32 sequently,
798 3240 126 25 increased
952 3239 119 25 taxation.

744 3291 3 2 '
769 3285 14 24 I
800 3293 41 16 am
858 3291 71 24 yours
947 3285 47 22 &c
1023 3307 2 3 .

977 3326 29 25 A.
1041 3326 106 25 BUNK.

753 3465 101 23 NEWS
880 3464 37 24 IN
941 3463 115 25 BRIEF.

822 3502 54 25 The
892 3502 99 31 People.
1024 3526 3 2 .

671 3545 33 24 At
723 3544 153 26 Paramatta,
902 3542 55 24 Now
984 3542 79 24 South
1084 3541 83 25 Wales

638 3589 48 24 five
709 3587 112 25 children
843 3594 63 17 were
925 3586 97 24 burned
1052 3587 26 23 to
1101 3585 73 24 death

638 3631 72 26 while
722 3631 66 24 their
794 3631 102 31 parents
907 3637 63 16 were
980 3636 70 23 away
1057 3628 117 32 dancing.

672 3674 127 26 Rebellion
819 3674 26 24 m
869 3673 166 28 Matabeland,
1060 3672 72 24 aided
1143 3671 33 33 by

638 3728 14 16 a
664 3726 44 18 son
721 3718 27 24 of
758 3718 153 31 Lobengula,
941 3716 45 24 but
999 3716 94 24 natives
1115 3723 61 17 were

638 3761 112 26 defeated
767 3761 61 25 with
847 3761 77 30 heavy
942 3760 58 24 loss.

671 3806 60 23 Two
754 3805 68 29 boys,
848 3810 61 17 sons
932 3802 26 24 of
979 3802 41 24 Mr
1050 3800 89 25 Weeks
1151 3800 26 26 of

638 3848 130 32 Awapuui,
784 3847 113 25 drowned
909 3845 74 25 while
995 3844 113 32 bathing.

671 3893 151 30 Wellington
850 3890 155 28 Benevplent
1028 3888 148 25 Institution

639 3937 87 31 spends
737 3937 87 24 6500
836 3943 16 17 a
864 3942 57 23 year
932 3934 26 24 m
971 3932 78 26 relief.

671 3982 78 25 Flood
772 3983 26 23 at
833 3979 106 26 Reefton
962 3979 49 24 last
1035 3977 66 25 week
1113 4000 3 3 .
1127 3985 49 16 was

638 4026 99 32 highest,
748 4034 57 16 ever
817 4025 97 24 kuown.

671 4069 81 32 Major
772 4068 89 25 Harris
887 4066 95 33 injured
1002 4066 27 24 m
1053 4073 15 16 a
1091 4064 85 32 buggy

636 4114 114 26 accident
761 4114 27 22 at
800 4110 139 25 Auckland.

638 4255 44 25 AN
699 4252 176 27 ELECTION
894 4250 137 26 AGENTS
1043 4249 131 30 RECOM-

842 4294 121 26 PENSE.

829 4339 49 25 The
897 4339 83 25 Critic.

768 4384 129 30 Salisbury
920 4382 115 32 formally
1045 4381 130 33 presented
1182 4376 1 26 1

638 4428 38 24 Mr
687 4425 148 28 Middleton,
848 4431 15 17 a
872 4422 176 26 Conservative
1059 4421 115 26 election-

638 4464 83 32 eering
732 4470 83 25 agent,
838 4461 63 25 with
920 4462 43 24 ten
981 4459 127 26 thousand
1113 4463 61 20 'sov-
1182 4460 2 35 j

643 4506 92 29 reigns,
749 4502 143 26 subscribed
914 4501 34 32 by
971 4501 56 24 four
1047 4499 124 26 thousand
1182 4496 2 39 j

1211 206 121 26 members
1344 207 25 25 of
1380 207 64 25 their
1455 208 78 31 party,
1554 207 25 25 m
1592 207 150 32 recognition

1210 246 26 24 of
1256 246 40 25 his
1319 246 133 26 successful
1475 247 82 25 efforts
1580 250 25 22 at
1628 247 42 25 the
1693 249 49 24 last

1242 329 79 24 There
1332 337 44 17 can
1399 329 29 24 be
1451 329 62 24 little
1533 328 77 27 doubt
1630 329 62 25 thai
1699 330 42 24 the

1209 369 103 25 General
1326 369 115 24 Election
1453 369 51 24 will
1519 377 74 22 prove
1604 369 43 24 the
1658 378 82 22 power

1207 410 27 23 of
1244 418 87 22 money
1347 410 26 23 m
1396 409 104 31 politics.
1536 409 52 24 The
1605 409 133 25 Conserva-

1207 447 69 25 tives'
1289 447 110 25 alarmed
1423 450 25 21 at
1470 447 44 24 the
1536 447 139 27 .tendencies
1703 453 34 20 to-

1204 487 78 25 wards
1295 495 15 16 a
1322 494 64 17 more
1398 487 123 31 equitable
1544 487 156 25 distribution
1714 489 26 23 of

1204 527 90 25 wealth
1320 527 98 25 exerted
1457 526 31 31 by
1516 527 50 24 the'
1585 527 151 31 progressive

1203 565 138 32 legislation
1353 566 26 24 of
1390 565 44 24 the
1444 569 57 27 past
1584 573 78 23 years,
1686 566 49 24 and

1203 606 42 24 the
1257 605 151 25 diminution
1420 605 26 25 of
1456 606 43 24 the
1510 605 107 25 number
1637 606 27 24 of
1673 614 58 17 ave-

1201 651 62 17 nues
1275 643 32 31 by
1319 644 81 24 which
1411 644 21 23 it
1442 651 51 16 was
1504 643 114 31 formerly
1627 645 108 29 possible

1201 681 38 24 for
1261 682 109 30 Cunning
1381 685 4 6 '
1392 681 48 24 and
1462 681 73 31 greed
1557 684 26 21 to
1606 679 70 26 bleed
1693 683 40 24 the

1196 724 107 26 imasses,
1325 722 50 24 will
1387 721 73 25 make
1471 729 15 17 a
1497 721 42 32 big
1550 722 69 25 effort
1632 725 25 22 to
1669 724 64 24 seize

1202 762 42 24 the
1255 762 66 24 reins
1333 762 27 25 of
1369 764 168 29 government.
1573 762 34 25 As
1619 771 15 16 a
1644 766 89 23 matter

1201 799 26 25 of
1240 799 56 29 fact,
1319 800 40 24 the
1371 800 98 25 monied
1489 800 89 25 classes
1602 802 47 23 and
1661 802 71 25 those

1200 839 54 22 who
1265 846 40 15 are
1317 837 44 24 the
1380 837 127 25 backbone
1513 854 4 2 -
1529 839 27 23 of
1566 839 42 24 the
1629 839 111 25 Conser-

1201 877 80 24 vative
1293 877 77 31 Paaty
1381 877 27 24 m
1428 877 32 24 N.
1484 878 29 23 Z.
1536 879 96 29 politics
1644 879 60 24 have
1716 888 14 15 a

1199 922 110 24 supreme
1322 917 127 29 contempt
1466 915 38 25 for
1515 915 42 25 the
1569 923 92 18 masses
1674 926 56 16 over

1199 954 82 24 whom
1293 954 57 30 they
1373 955 26 22 at
1421 953 105 24 election
1548 955 72 24 times
1643 957 85 24 snirel.

1199 991 69 32 They
1290 990 85 32 really-
1390 990 89 33 regard
1502 991 41 25 the
1566 994 86 31 people
1663 1002 28 17 as
1702 1003 27 17 so

1198 1033 74 23 much
1284 1032 80 24 useful
1376 1032 119 30 material,
1517 1032 38 25 for
1566 1034 43 24 the
1622 1035 106 31 expolia-

1197 1070 52 25 tion
1270 1070 28 25 of
1306 1070 77 25 which
1400 1070 68 27 ,their
1489 1070 83 26 brains
1595 1081 41 15 are
1648 1081 81 17 neces-

1199 1108 66 34 sary^
1300 1109 54 32 Any
1366 1117 59 16 man
1446 1110 56 24 who
1513 1112 103 28 permits
1629 1111 100 27 himself

1197 1152 26 23 to
1236 1150 27 24 be
1275 1150 71 24 made
1358 1150 41 23 the
1411 1150 85 24 victim
1508 1150 27 25 of
1544 1150 43 25 the
1597 1152 132 31 pretended

1197 1188 135 31 friendship
1361 1187 26 25 of
1408 1188 61 24 such
1492 1197 57 16 men
1574 1198 27 17 as
1627 1191 102 32 Captain

1197 1228 97 24 .Eussell
1306 1227 48 24 and
1373 1227 40 24 his
1433 1227 145 31 colleagues,
1602 1229 21 25 is
1635 1232 94 30 grossly

1197 1267 114 30 ignorant
1324 1265 27 25 of
1361 1265 42 24 the
1415 1266 109 30 political
1535 1267 95 26 lessons
1642 1270 28 23 of
1679 1270 49 25 his-

1197 1309 62 28 tory.
1294 1306 53 24 The
1360 1307 53 22 elite
1434 1305 27 24 of
1478 1305 43 25 the
1533 1307 108 30 political
1656 1311 72 22 world

1196 1346 86 32 regard
1294 1346 148 24 themselves
1465 1354 37 15 as.
1513 1346 107 32 divinely
1642 1349 85 30 gifted,

1196 1392 26 16 as
1234 1383 90 31 having
1338 1390 14 17 a
1375 1385 51 23 sort
1449 1383 26 25 of
1492 1383 121 32 heavenly
1625 1386 102 25 mission

1195 1424 25 22 to
1232 1429 90 24 govern
1341 1421 42 25 the
1396 1428 94 18 masses
1501 1441 5 10 ,
1531 1422 132 33 forgetting
1675 1425 54 24 that

1195 1463 19 24 it
1227 1463 20 24 is
1261 1462 40 24 the
1313 1462 136 31 advantage
1460 1463 113 31 begotten
1587 1466 26 22 of
1622 1465 106 31 position

1196 1503 49 25 and
1256 1503 88 24 wealth
1366 1503 53 23 that
1438 1502 46 25 has
1505 1504 103 25 enabled
1622 1505 69 25 them
1703 1508 26 22 to

1196 1542 61 24 seize
1274 1549 67 23 upon
1364 1541 176 31 opportunities
1561 1542 55 26 that
1639 1544 90 26 should

1195 1590 68 17 come
1291 1582 53 24 into
1373 1581 42 25 the
1440 1583 140 30 possession
1609 1584 28 24 of
1658 1585 71 25 those

1195 1622 82 24 whom
1289 1621 57 30 they
1369 1628 42 16 are
1428 1622 99 29 pleased
1548 1623 25 23 to
1595 1625 132 29 patronise,

1195 1660 49 25 and
1256 1660 55 24 that
1331 1667 70 17 come
1412 1659 53 24 into
1488 1660 41 24 the
1552 1662 139 29 possession
1705 1663 27 25 of

1195 1702 40 23 the
1245 1707 103 20 masses,
1361 1699 22 24 if
1393 1699 42 24 the
1446 1700 86 31 people
1545 1708 41 16 are
1599 1702 59 31 only
1670 1703 58 25 wise

1194 1738 95 32 enough
1303 1740 25 22 to
1340 1737 61 32 keep
1413 1737 42 24 the
1477 1745 82 25 power
1581 1738 27 25 of
1632 1740 97 33 levying

1194 1779 109 25 taxation
1315 1778 27 24 m
1355 1778 63 24 their
1429 1785 53 17 own
1505 1777 89 27 hands.
1627 1780 24 24 It
1663 1780 21 26 is
1698 1783 31 30 by

1194 1818 41 23 the
1257 1815 182 31 manipulation
1460 1815 26 24 of
1517 1816 108 31 political
1648 1826 81 24 power

1194 1858 54 23 that
1258 1856 90 25 wealth
1366 1864 55 22 may
1444 1857 29 23 be
1496 1857 73 24 taxed
1592 1861 26 21 to
1639 1860 89 24 extend

1194 1897 154 24 educational
1376 1897 159 31 advantages,
1577 1900 25 22 to
1630 1900 98 30 provide

1194 1943 89 23 money
1295 1935 38 24 for
1344 1935 42 24 the
1406 1935 167 30 amployment
1584 1936 27 25 of
1620 1945 45 16 out
1677 1945 50 17 sur-

1193 1976 54 31 plus
1260 1975 92 30 labour,
1365 1978 26 23 to
1409 1976 89 25 reduce
1511 1976 42 25 the
1564 1979 53 22 cost
1626 1978 27 24 of
1662 1980 65 23 trav-

1194 2015 77 30 elling
1282 2021 58 17 ever
1351 2013 43 25 the
1413 2014 69 24 State
1495 2014 119 33 railways,
1635 2024 27 17 so
1674 2017 54 24 that

1194 2053 58 31 they
1263 2060 58 24 may
1334 2052 100 26 become
1444 2062 14 16 r?
1470 2053 77 32 really
1558 2054 79 26 useful
1651 2055 39 24 aid
1703 2059 25 22 to

1194 2093 143 25 settlement
1348 2093 51 25 and
1409 2093 121 31 pleasure.
1564 2094 26 25 It
1601 2095 22 25 is
1641 2095 33 32 by
1691 2104 36 17 re-

1194 2135 97 31 taining
1301 2135 43 24 the
1355 2143 81 23 power
1456 2140 25 20 to
1493 2137 55 32 levy
1569 2140 77 26 taxes,
1670 2142 56 26 that

1194 2176 40 24 the
1246 2175 86 31 people
1352 2182 56 24 may
1419 2175 129 33 gradually
1560 2177 63 25 seize
1635 2187 65 23 upon
1714 2191 14 15 a

1193 2215 47 24 fair
1260 2215 71 24 share
1351 2214 24 25 of
1392 2215 43 24 the
1448 2217 89 23 wealth
1550 2218 59 31 they
1620 2220 108 30 produce

1194 2254 26 24 m
1232 2253 43 25 the
1286 2255 139 30 aggregate,
1438 2254 50 24 and
1489 2262 4 5 1
1498 2255 80 25 which
1597 2265 58 23 goes
1666 2258 60 26 from

1195 2292 69 25 them
1275 2292 28 24 m
1314 2292 42 24 the
1368 2292 115 31 ordinary
1496 2300 94 24 course,
1604 2295 33 31 by
1648 2297 80 25 virtue

1195 2333 26 25 of
1240 2333 43 24 the
1294 2332 81 24 unfair
1387 2335 92 28 system
1492 2333 26 24 of
1532 2336 92 23 wealth
1647 2337 84 24 distri-

1194 2373 87 24 bution
1300 2372 26 24 m
1349 2379 86 24 vogue.
1471 2372 51 25 The
1548 2372 77 27 Critic
1648 2384 81 18 warns

1194 2412 42 25 the
1256 2412 85 31 people
1361 2412 56 24 that
1446 2413 26 24 to
1494 2415 44 29 put
1566 2415 41 24 the
1630 2417 99 24 monied

1195 2452 90 24 classes
1296 2450 54 25 into
1361 2458 81 23 power
1451 2451 72 31 again
1535 2453 50 25 will
1598 2453 29 25 be
1637 2456 25 23 to
1671 2457 58 22 turn

1195 2492 43 25 the
1249 2491 54 24 tide,
1321 2488 26 27 of
1367 2490 141 31 legislation
1525 2493 54 25 that
1598 2502 68 17 Aims
1677 2497 27 23 at
1714 2487 24 33 a'

1195 2538 67 16 more
1274 2528 121 33 equitable
1415 2529 157 26 distribution
1592 2532 27 25 of
1629 2533 67 25 what
1707 2535 21 24 is

1195 2570 124 31 produced
1341 2569 32 31 by
1396 2569 43 25 the
1459 2573 128 29 aggregate
1608 2573 85 26 efforts
1705 2575 24 24 of

1196 2610 42 25 the
1249 2610 85 31 people
1344 2610 25 23 of
1380 2610 50 24 this
1444 2610 95 32 colony.
1566 2612 163 33 .Progressive

1196 2648 139 32 legislation
1347 2648 90 25 should
1457 2657 76 23 goon
1552 2658 83 24 apace,
1638 2652 36 26 for
1686 2661 43 17 an-

1196 2687 72 24 other
1279 2686 152 32 twenty-five
1442 2695 77 22 years,
1533 2689 49 24 and
1597 2698 59 16 even
1670 2692 60 25 then

1197 2728 33 23 all
1243 2726 49 24 will
1304 2728 44 23 not
1367 2726 62 25 have
1438 2726 62 25 been
1513 2728 62 25 done
1586 2730 56 24 that
1653 2732 22 24 is
1688 2740 41 17 ne-

1196 2774 97 24 cessary
1312 2768 25 23 to
1348 2766 49 25 free
1415 2774 59 17 men
1493 2767 50 24 and
1562 2777 93 17 women
1667 2771 62 25 from

1197 2804 41 25 the
1251 2804 136 26 conditions
1400 2804 55 25 that
1467 2805 78 32 [make
1555 2826 4 8 ,
1568 2806 79 32 them,
1672 2818 57 18 even

1196 2843 25 24 m
1234 2843 50 24 this
1303 2844 74 23 latter
1400 2845 55 29 part
1467 2844 41 29 .of]
1520 2845 62 33 the].
1588 2847 144 30 nineteenth

1197 2885 111 30 century,
1333 2881 43 27 the
1395 2883 97 26 victims
1505 2885 26 24 of
1554 2894 15 16 a
1580 2887 66 33 daily
1658 2889 74 25 dread

1197 2922 28 25 of
1233 2927 108 26 poverty.

1232 2961 104 31 Captain
1365 2961 107 26 Russell'
1493 2963 68 26 made
1588 2973 14 16 a
1625 2967 107 25 boastful

1197 3001 129 31 prophesy,
1357 3008 14 16 a
1388 3001 46 24 few
1452 3002 60 31 days
1541 3011 54 24 ago,
1620 3007 55 24 that
1701 3008 32 23 he

1199 3040 81 26 would
1293 3048 78 24 sweep
1394 3041 160 33 victoriously
1566 3045 33 24 all
1613 3046 41 25 the
1666 3048 66 24 seats

1199 3081 26 24 m
1239 3081 153 32 Canterbuiy
1404 3083 24 23 at
1441 3082 41 24 the
1495 3083 107 26 Genernl
1613 3086 120 26 Election.

1200 3120 25 24 It
1235 3128 21 15 13
1268 3127 75 17 never
1355 3120 49 24 safe
1416 3122 26 22 to
1455 3121 123 32 prophesy
1590 3124 85 25 unless
1688 3134 45 22 you

1201 3160 71 24 know
1283 3167 6 20 ;
1308 3158 48 24 and
1368 3158 42 25 the
1425 3158 74 26 Critic
1511 3160 21 24 is
1544 3161 27 24 of
1580 3162 41 24 the
1634 3164 99 30 opinion

1201 3200 55 24 that
1279 3198 104 31 Captain
1408 3198 99 25 Russell
1531 3201 50 24 will
1604 3201 53 26 find
1680 3203 56 25 that

1201 3240 88 22 nature
1312 3245 73 16 never
1402 3236 116 25 intended
1542 3238 53 26 him
1609 3239 33 25 'as
1655 3250 14 15 a
1680 3250 55 23 pro-

1201 3277 67 31 phet,
1282 3275 120 31 although
1415 3276 43 24 she
1469 3284 59 24 may
1543 3278 62 24 have
1618 3279 118 24 endowed

1201 3317 53 24 him
1267 3316 58 24 with
1338 3324 16 16 a
1365 3316 111 31 capacity
1489 3316 38 24 for
1543 3317 147 33 developing
1702 3320 33 23 all

1192 3358 2 24 !
1203 3357 41 24 the
1256 3357 96 23 culture
1364 3356 48 23 and
1424 3364 79 23 power
1522 3365 132 24 necessary
1673 3359 38 25 for
1722 3368 14 15 a

1202 3396 109 32 political
1322 3396 82 24 leader
1413 3396 27 24 of
1449 3404 15 16 a
1476 3399 72 29 party
1561 3398 55 24 that
1629 3407 35 15 we
1674 3400 63 31 hope

1203 3435 50 25 will
1264 3443 74 16 never
1349 3435 73 31 again
1441 3443 38 16 see
1496 3435 70 26 office
1582 3436 26 25 m
1621 3437 51 25 this
1684 3438 49 24 col-

1204 3476 68 31 ony's
1283 3475 105 31 politics.
1425 3492 156 7 ...
1627 3485 6 12 ;

1336 3642 133 20 NAPIER
1497 3642 109 20 NEWS.

1348 3676 78 23 From'
1438 3676 46 23 The
1502 3676 91 24 .Critic.

1237 3742 80 24 Tho're
1328 3750 40 16 are
1392 3742 47 24 two
1462 3741 64 25 sides
1539 3743 25 23 to
1585 3751 70 22 every
1667 3750 71 23 ques-

1204 3782 61 24 tion.
1310 3782 73 24 Some
1406 3781 28 24 of
1457 3789 28 16 us
1508 3789 68 23 poor,
1607 3782 132 31 benighted

1204 3822 68 24 souls
1285 3822 62 23 have
1361 3820 69 28 been,
1442 3820 131 32 labouring
1595 3821 78 25 under
1696 3822 47 24 the,

1204 3862 146 32 impression
1363 3861 54 25 that
1429 3869 15 16 a
1461 3866 52 19 true
1526 3860 151 34 Democracy
1689 3871 50 17 was

1207 3902 41 24 the
1264 3900 100 32 highest
1388 3900 64 25 form
1474 3899 26 26 of
1518 3905 163 26 government
1704 3910 36 17 we

1205 3939 73 25 could
1295 3939 63 24 wish
1369 3938 38 25 for
1419 3938 49 25 the.
1472 3937 94 32 people.
1602 3939 51 25 But
1665 3940 73 32 Capt-

1205 3980 41 24 ain
1268 3979 101 25 Eussell
1392 3979 49 24 and
1464 3979 38 24 Dr
1535 3979 120 25 Newman
1676 3980 62 25 have

1205 4021 102 31 spoken,
1319 4019 50 25 and
1381 4027 54 17 now
1446 4027 35 17 we
1493 4019 71 26 know
1573 4021 54 24 that
1638 4020 69 26 there
1718 4022 22 24 is

1205 4060 60 30 only
1277 4066 47 17 one
1335 4057 62 29 body
1420 4057 55 25 that
1489 4065 44 16 can
1546 4066 56 17 save
1611 4059 44 25 the
1665 4067 74 17 conn-

1206 4102 45 28 try,
1272 4098 49 24 and
1341 4098 56 23 that
1419 4097 36 24 is-
1460 4097 58 24 -the
1542 4097 120 26 National
1682 4099 58 25 Ass-

1204 4137 106 24 ociation
1319 4137 6 23 !
1349 4135 69 31 They
1430 4135 51 25 also
1494 4135 96 25 declare
1602 4136 56 25 that
1669 4137 71 24 there

1204 4178 21 23 is
1234 4177 45 24 but
1290 4183 46 18 ono
1348 4182 155 24 programme
1517 4175 52 25 that
1582 4183 46 17 can
1648 4177 92 24 benefit

1204 4215 44 25 the
1258 4213 111 32 working
1380 4220 68 21 man,
1461 4220 45 16 anc
1521 4212 54 26 that
1583 4222 156 23 programme

1202 4255 23 24 is
1237 4254 42 24 the
1291 4253 115 32 platform
1429 4252 27 24 of
1476 4252 43 24 the
1542 4252 118 26 National
1681 4254 57 24 Ass-

1203 4292 114 25 ociation.
1356 4289 69 29 Well,
1444 4290 21 24 if
1484 4290 56 24 that
1563 4295 74 28 party
1661 4292 79 24 which

1203 4333 45 27 Lms
1259 4332 27 25 m
1298 4332 43 24 the
1353 4332 56 30 past
1420 4329 88 25 earned
1529 4329 44 26 the
1592 4331 104 26 distrust
1716 4332 27 25 of

1203 4371 43 27 tile
1254 4370 104 25 Natives
1371 4370 30 30 by
1413 4368 32 25 its
1452 4368 135 27 .dishonest
1599 4368 61 27 land
1672 4371 68 24 tian-

1202 4398 116 39 silcfcions,
1331 4408 43 25 the
1385 4407 88 28 hatred
1484 4406 28 25 of
1533 4407 42 25 the
1588 4415 152 25 wag<-earn-

1203 4458 46 21 ers,
1264 4450 29 31 by
1305 4448 31 25 its
1358 4447 125 32 grasping,
1507 4446 122 32 grinding
1650 4448 90 31 policy,

1203 4490 51 25 and
1274 4489 43 25 the
1336 4488 128 30 contempt
1487 4486 27 25 of
1535 4494 72 24 every
1625 4487 68 25 lover
1715 4487 27 25 of

1202 4530 64 31 good
1289 4529 162 32 government
1472 4526 32 33 by
1526 4527 31 25 its
1580 4527 160 31 monopolies,

1770 211 33 25 its
1815 219 139 23 arrogance,
1968 212 48 24 and
2029 211 73 32 greed
2135 210 21 25 if
2166 210 54 25 that
2232 213 75 29 party,

1769 249 21 24 is
1803 249 133 24 successful
1948 249 26 24 m
1993 248 176 32 hoodwinking
2192 248 42 24 the
2246 256 54 23 peo-

1769 284 46 34 ple,
1829 287 60 25 then
1901 287 42 25 the
1964 288 86 31 people
2068 287 100 25 deserve
2180 287 26 24 to
2218 287 83 27 suffer,

1769 326 65 24 until
1845 326 58 31 they
1916 327 66 23 learn
2003 326 31 31 by
2040 352 6 7 t
2056 326 98 24 further
2173 324 75 25 bitter
2260 332 40 16 ex-

1768 366 109 30 perience
1900 366 55 24 that
1985 366 206 25 Canservaiivisru
2214 366 22 23 is
2258 364 43 24 the

1768 402 117 26 deadliest
1896 403 39 25 foe
1953 404 36 28 of.
1996 404 43 24 the
2062 411 112 24 progress
2192 402 51 26 and
2262 409 37 17 re-

1766 443 64 24 form
1841 444 27 24 of
1877 443 43 24 the
1932 451 101 16 masses.

1841 577 101 25 RAISE
1970 576 50 24 THE
2068 572 148 28 BANNER.

1873 617 38 24 By
1930 616 124 24 Wallace
2075 616 108 23 Nelson.

1789 684 67 20 Raise
1870 682 40 21 the
1929 681 87 20 banner
2017 686 3 8 1
2023 681 4 4 '
2034 680 36 21 of'
2073 679 40 21 the
2119 679 93 27 ''people;
2229 680 10 7 '

1815 715 42 21 Let
1877 714 38 20 the
1929 714 92 20 ancient
2033 712 138 26 wranglings
2185 717 71 19 cease,

1758 751 1 3 '
1789 747 73 22 Greed
1876 747 45 21 and
1934 746 98 22 factions
2044 746 44 20 but
2102 745 76 21 divide
2190 752 35 17 us;

1813 782 73 20 Truth
1899 781 65 21 alone
1976 787 43 15 can
2032 780 52 27 give
2098 787 27 13 us
2138 786 75 20 peace.

1787 814 33 20 Be
1830 821 40 13 our
1883 820 46 14 war
1942 813 55 20 with
2012 814 61 19 want
2085 813 47 19 and
2145 813 96 26 squalor,

1759 856 3 12 :
1814 848 44 19 Till
1868 848 32 19 all
1908 848 86 19 human
2003 847 40 20 life
2051 847 21 20 is
2081 846 45 20 fair
2131 855 7 15 ;

1787 879 66 21 Raise
1862 879 41 21 the
1916 879 87 24 banner
2013 878 24 21 of
2050 879 40 20 the
2098 879 85 26 people,

1810 914 68 19 Raise
1888 914 20 19 it
1917 913 96 26 proudly
2027 912 146 26 everywhere.

1784 959 67 21 Raise
1861 959 41 21 the
1915 959 86 20 banner
2011 958 23 20 of
2046 959 40 20 the
2096 959 85 26 people,

1810 991 67 21 Raise
1886 991 21 20 it
1915 991 103 26 proudly,
2027 990 59 21 raise
2095 991 21 20 it
2124 991 56 27 high
2187 999 8 17 ;

1784 1027 43 21 Let
1836 1026 41 22 the
1890 1025 64 27 right
1963 1026 35 21 for
2008 1032 52 15 ever
2074 1023 100 28 flourish,

1810 1062 43 20 Let
1867 1061 41 20 the
1917 1067 78 19 wrong
2003 1060 36 21 for
2048 1067 52 14 ever
2109 1058 42 23 die.

1784 1096 44 20 Let
1837 1102 41 14 our
1891 1095 60 20 Lord
1959 1095 29 21 be
2006 1094 73 21 Truth
2093 1095 45 20 and
2148 1095 115 21 Freedoni.

1811 1128 89 21 Honest
1909 1128 60 21 work
1979 1133 41 14 our
2029 1127 55 28 only
2090 1133 93 21 prayer.;
2197 1142 42 4 ...

1785 1163 68 20 Raise
1867 1163 40 20 the
1917 1163 86 20 banner
2013 1163 24 20 of
2046 1164 40 20 the
2095 1163 85 26 people,

1810 1196 68 21 Raise
1893 1197 20 19 it
2028 1196 146 27 everywhere.

1784 1242 68 21 Raise
1860 1242 40 21 the
1914 1242 85 21 banner
2009 1242 23 21 of
2041 1243 40 20 the
2090 1242 87 27 people,

1811 1277 52 20 And
1871 1277 29 21 be
1909 1277 47 20 this
1966 1279 40 19 oiir
2015 1277 74 21 battte
2102 1284 45 19 cry,
2270 1285 4 4 -
2307 1298 2 2 .

1784 1310 25 21 It
1817 1317 59 14 were
1889 1311 68 20 crime
1971 1312 25 19 to
2009 1312 46 19 live
2069 1312 25 19 m
2108 1311 126 25 splendour,

1900 1345 41 21 the
1955 1352 55 20 poor
2022 1346 26 20 m
2061 1352 82 14 sorrow
2156 1345 43 24 di.

1783 1380 25 19 It
1820 1385 57 14 were
1891 1379 54 20 base
1958 1380 25 19 to
1997 1380 66 19 share
2077 1386 14 13 a
2105 1379 103 25 pleasure

1811 1413 61 20 That
1885 1419 41 14 our
1938 1413 104 21 brothers
2056 1420 52 19 may
2121 1413 41 20 not
2175 1413 66 21 share
2247 1422 8 15 j

1783 1445 67 21 Raise
1860 1465 3 2 .
1869 1446 40 20 the
1921 1446 88 21 banner
2023 1446 23 20 of
2058 1446 42 20 the
2113 1445 86 27 people,

1809 1480 68 20 Raise
1891 1480 19 20 it
1923 1481 98 26 proudly
2034 1481 148 26 everywhere.

1926 1600 193 25 POLITICAL.

2089 1649 168 30 Invercargill.

1790 1686 40 23 Mr
1842 1686 96 30 George
1957 1685 115 29 M'Leod,
2096 1693 14 16 a
2133 1685 157 24 well-known
2314 1690 2 24 l

1756 1725 99 28 farmer,
1859 1726 57 23 -and
1928 1726 167 24 exrehairman
2105 1724 28 26 of
2142 1727 42 22 the
2197 1724 91 26 South-
2314 1742 2 15 ,

1756 1764 59 24 land
1837 1763 139 25 Education
1999 1764 91 28 Board,
2119 1764 52 23 will
2193 1765 97 23 contest

1758 1804 114 25 Wallace.
2131 1826 2 4 ,
2170 1824 3 1 .
2220 1825 1 1 .

1867 1848 146 14 ##*
2032 1848 14 14 *
2131 1848 15 14 #
2165 1848 13 14 *

1789 1887 53 25 The
1860 1886 175 26 Conservative
2053 1886 170 25 Government
2239 1886 52 25 had

1756 1933 74 18 never
1842 1924 98 32 righted
1952 1933 47 23 any
2018 1932 96 24 wrong
2121 1932 12 24 3
2134 1931 27 18 as
2182 1924 42 24 the
2236 1932 53 24 pre-

1756 1969 55 21 sent
1823 1965 171 25 Government
2013 1964 50 25 had
2082 1964 75 25 .done.
2314 1966 2 10 '

1864 2006 17 15 #
1900 2006 14 14 #
1999 2006 14 15 #
2032 2006 14 14 #
2133 2006 15 14 #
2314 2001 2 16 J

1883 2025 15 14 *
1984 2036 1 1 .
2016 2025 14 14 #
2150 2025 14 14 #

1790 2046 40 24 Mr
1844 2045 107 29 Seddon,
1975 2046 58 24 with
2056 2053 15 17 a
2090 2046 86 31 strong
2187 2045 59 24 curb
2258 2053 32 16 on
2314 2046 2 16 l

1756 2086 51 24 him
1831 2088 27 23 to
1879 2086 63 31 keep
1964 2086 54 24 him
2041 2085 62 25 from
2130 2085 97 32 getting
2249 2087 41 23 too

1756 2126 62 25 head
1830 2129 84 29 strong
1925 2133 50 18 was
1983 2134 27 17 as
2022 2126 63 32 good
2096 2134 15 16 a
2123 2134 56 17 man
2192 2134 26 17 as
2231 2126 58 32 they
2314 2130 2 11 ''

1756 2165 73 24 could
1841 2165 61 24 have
1914 2165 39 24 for
1964 2165 39 24 his
2014 2165 114 30 position.

1883 2198 14 13 *
2016 2198 14 13 *
2148 2198 14 13 *

1867 2215 147 15 *##
2033 2215 14 14 #
2132 2215 14 15 #
2164 2216 15 13 #

2019 2235 116 24 Dunedin
2152 2235 68 31 April
2232 2236 40 24 25*

1789 2277 34 23 At
1845 2278 42 22 the
1932 2275 79 25 close'
2033 2276 25 24 of
2102 2276 44 24 the
2173 2276 68 24 Hon.
2265 2276 24 24 J.
2314 2278 2 23 :

1757 2314 148 24 M'Kenzie's
1916 2314 113 30 meeting
2048 2321 15 16 a
2084 2318 56 19 vote
2152 2313 26 24 of
2198 2313 93 25 thanks

1756 2351 38 24 for
1804 2351 40 24 his
1857 2351 110 28 address,
1992 2351 49 24 and
2064 2351 27 24 of
2111 2351 142 25 confidence
2264 2352 27 23 m
2314 2365 2 10 i

1756 2389 52 24 him
1820 2389 49 24 and
1881 2389 43 24 the
1944 2389 168 24 Government
2131 2397 46 16 was
2197 2390 95 24 carried

1756 2429 186 31 unanimously.

1757 2570 189 59 LOCAL
1970 2540 107 88 and
2077 2540 216 88 GENERAL

1792 2686 45 23 We
1860 2685 65 24 learn
1952 2686 57 24 that
2030 2686 42 24 tlie
2106 2686 78 24 dance
2217 2686 76 32 lately

1759 2723 58 24 held
1839 2723 38 24 for
1896 2723 44 24 the
1964 2724 92 24 benefit
2078 2725 26 23 of
2126 2724 43 23 the
2180 2723 115 25 Brunner

1759 2766 83 25 Belief
1860 2766 73 25 Fund
1947 2767 109 24 realized
2077 2775 58 17 over
2155 2767 46 26 7.
2214 2767 81 24 which

1759 2810 87 32 speaks
1869 2811 55 24 well
1947 2810 38 26 for
2008 2810 42 25 the
2055 2810 18 25 .l-
2084 2810 158 26 inhabitants
2272 2810 26 26 of

1761 2853 131 26 Woodside
1903 2854 105 25 district.

1793 2909 101 24 Kaiapoi
1928 2909 122 26 Borough
2089 2909 207 24 CouNCTL.-rr-The

1761 2953 76 24 above
1859 2961 41 16 are
1930 2953 90 32 calling
2043 2953 107 24 Tenders
2171 2953 38 24 for
2227 2954 69 23 boul-

1761 2996 54 24 ders
1827 2996 37 24 for
1877 2996 58 24 road
1954 2997 83 28 metal,
2061 2997 46 23 and
2130 3005 47 15 can
2201 2996 29 25 be
2247 2996 50 25 del-

1761 3040 81 25 ivered
1860 3042 25 22 at
1897 3040 55 31 the]
1964 3040 104 32 Kaiapoi
2081 3040 118 32 Borough
2217 3040 80 26 Corn-

1762 3084 32 24 cil
1806 3092 27 16 or
1844 3084 54 24 into
1909 3084 85 25 trucks
2006 3088 27 20 at
2046 3092 48 23 any
2107 3085 99 24 station.

1796 3137 36 24 To
1860 3137 62 24 Let.
1959 3138 45 24 We
2036 3138 60 24 wish
2122 3141 25 22 to
2166 3139 68 24 draw
2255 3146 45 16 our

1763 3177 99 25 readers
1874 3180 123 22 attention
2013 3179 26 23 to
2050 3177 41 24 the
2116 3178 49 24 fact
2180 3178 56 23 that
2256 3179 43 23 the

1764 3221 171 25 Government
1947 3228 42 17 are
2009 3221 105 31 offering
2133 3222 37 23 for
2182 3221 116 24 selection

1764 3269 14 16 a
1791 3260 74 25 small
1888 3261 104 31 grazing
2014 3269 55 21 run,
2096 3261 99 24 Section
2219 3262 79 24 8(1589

1764 3304 50 24 and
1827 3304 47 24 Lot
1886 3304 24 30 2,
1931 3301 96 35 J.shley
2045 3304 83 32 Gorge
2142 3304 156 31 Settlement,

1764 3342 100 25 Anuual
1887 3345 55 21 rent
1965 3344 50 23 81
2037 3344 53 26 11s,

1797 3401 128 24 Lecture.
1961 3401 125 24 Professor
2098 3401 144 24 Charleston
2254 3401 46 23 has

1764 3444 72 32 given
1845 3452 34 23 up
1887 3444 41 24 the
1936 3443 77 26 Town
2022 3444 60 25 Hall
2091 3452 33 16 on
2132 3444 90 32 Friday
2230 3444 70 31 night

1765 3490 26 23 to
1801 3488 93 24 Messrs
1907 3487 80 26 Fredo
1996 3489 18 23 &
2024 3489 130 30 Montagu.
2175 3487 126 26 Professor

1766 3531 147 25 Charleston
1934 3532 49 23 will
1994 3532 93 27 lecture,
2102 3539 33 20 .on
2149 3531 85 25 Heads
2251 3532 50 24 and

1766 3574 77 25 Faces
1860 3583 33 16 on
1910 3574 108 32 Monday
2036 3574 79 32 night.
2152 3575 79 25 Those
2249 3575 51 25 who

1767 3618 72 24 heard
1856 3617 44 25 the
1916 3617 127 25 Professor
2060 3621 26 24 a.t
2116 3618 69 25 West
2209 3617 93 26 Oxford

1766 3669 64 17 were
1846 3661 89 32 highly
1960 3662 125 32 delighted
2114 3662 61 25 with
2200 3662 42 26 the
2260 3671 40 17 en-

1768 3705 167 28 tertainment,
1971 3706 47 24 We
2029 3715 46 15 can
2093 3708 209 31 conscientiously

1766 3756 44 23 say
1827 3749 69 25 there
1913 3749 22 25 is
1964 3758 14 16 a
1997 3752 63 22 treat
2077 3750 27 24 m
2123 3753 66 22 store
2206 3750 37 25 for
2260 3751 41 24 the

1766 3791 85 32 people
1880 3793 27 24 of
1923 3792 94 25 Oxford
2039 3801 33 16 on
2102 3793 108 32 Monday
2228 3794 74 30 night

1767 3835 59 32 May
1839 3836 57 25 4th.
1932 3836 52 25 The
2003 3836 127 25 Professor
2149 3838 45 23 has
2212 3845 15 17 a
2239 3837 72 31 good-

1766 3878 57 26 flow
1865 3880 28 24 of
1923 3879 121 33 language
2077 3882 47 22 ami
2161 3869 141 49 undQubt|cl

1768 3920 99 35 ability.'
2051 3921 6 7 v
2074 3948 2 3 .

1800 3978 138 24 Football;
1975 3978 93 24 Oxford
2091 3987 23 15 v.
2145 3979 73 24 Birch
2239 3979 63 28 Hill,

1768 4024 26 22 at
1839 4022 129 25 Pearson's
1996 4021 74 29 Park,
2102 4023 47 23 rhis
2167 4023 135 24 afternoon.

1770 4065 55 24 The
1836 4065 124 31 following
1976 4064 51 26 will
2050 4067 127 29 represent
2203 4066 99 24 Oxford.

1769 4109 58 23 Fall
1839 4108 75 29 Back,
1937 4108 33 24 H.
1991 4109 107 29 Hooper,
2134 4108 80 24 Three
2232 4116 72 23 quar-

1768 4154 59 27 ters,
1841 4151 86 28 Harle,
1942 4150 184 29 Sutnmerfield,
2137 4150 33 24 D.
2181 4150 124 31 M'Grath,

1768 4194 86 25 Harle.
1890 4193 63 25 Half
1984 4194 90 27 Backs,
2107 4193 78 24 Harle
2215 4194 96 30 Smithy

1768 4238 50 25 and
1840 4238 103 24 Ansted.
1978 4236 136 29 Forwards,
2153 4236 154 30 Griniwobd,

1768 4281 111 28 Cieaver,
1898 4281 25 24 J.
1945 4280 132 25 McGrath.
2112 4279 29 24 T.
2166 4280 28 24 C.
2217 4281 49 23 and
2279 4282 18 24 S
2302 4308 5 5 #

1769 4324 182 30 Summerfield,
1983 4325 85 27 Sirett,
2092 4323 50 25 and
2166 4324 26 24 J.
2218 4323 88 26 Blank.

1769 4369 58 31 Play
1847 4370 27 24 tc
1893 4376 144 17 commence
2060 4369 26 24 nt
2098 4369 14 23 3
2131 4375 25 24 p,
2169 4376 34 17 m.
2217 4369 88 31 sharp.

1856 4412 40 25 W.
1917 4412 33 24 H.
1970 4411 92 29 Alford,
2082 4410 68 26 Hon.
2171 4411 134 33 Secretary.

1809 4472 171 25 Bootmaking.
2016 4471 40 25 Mr
2079 4471 27 25 T.
2137 4471 105 26 Piokard
2268 4482 43 16 an-

1770 4523 114 18 nounces
1908 4516 29 29 by
1959 4515 188 25 advertisement
2163 4516 28 24 In
2208 4517 104 25 another

2333 214 109 28 column,
2460 213 56 26 that
2530 214 33 25 he
2579 214 45 25 has
2632 238 3 2 .
2643 215 90 25 started
2750 214 112 28 business

2331 258 26 22 m
2374 257 41 23 the
2431 258 64 30 shop
2512 258 110 31 opppsite
2638 258 98 26 Hunter
2758 261 19 22 &
2801 260 59 27 Son,

2331 299 70 32 High
2419 300 90 26 Street:
2547 303 2 33 ;
2694 305 24 23 \
2819 306 23 25 \

2362 394 100 24 Oxford
2485 395 72 24 Road
2579 394 93 25 Board.
2707 395 40 25 Mr
2765 396 93 25 Arthur

2328 437 98 31 Wright
2554 437 75 25 stand
2672 439 72 31 again
2760 461 2 4 ,
2783 447 26 16 as
2843 445 15 18 a'

2326 481 111 26 member
2470 482 25 22 of
2506 496 3 9 :
2534 483 41 23 the
2608 482 90 28 Board,
2751 482 31 24 he
2810 483 46 24 has

2325 524 90 31 proved
2437 532 16 16 a
2469 531 59 24 very
2552 524 122 31 energetic
2700 526 104 24 member
2830 526 25 23 m

2324 567 42 25 the
2399 570 64 29 past.

2356 637 31 25 R.
2405 638 34 24 H.
2458 638 87 24 Parish
2562 647 51 16 was
2630 639 41 24 the
2688 642 92 29 largest
2796 649 56 22 pur-

2323 678 86 27 chaser
2420 683 26 22 at
2458 681 41 24 tlie
2509 681 49 24 sale
2570 681 27 24 of
2606 681 34 25 H.
2653 681 77 33 Olney
2740 684 48 23 and
2796 684 57 24 Co's

2321 724 129 26 wholesale
2467 724 70 24 stock
2554 724 26 25 of
2592 725 117 32 Drapery,
2740 727 113 32 securing

2321 769 25 23 at
2364 776 130 16 enormous
2514 769 157 25 conceseions
2682 768 63 26 from
2765 771 85 24 landed

2320 813 60 26 cost,
2399 811 42 24 the
2458 811 79 25 whole
2554 812 25 25 of
2594 812 44 25 the
2654 814 75 30 goods
2745 814 27 23 m
2784 822 68 17 some

2320 853 27 25 of
2361 854 43 24 the
2420 856 66 23 most
2502 854 136 32 important
2656 855 114 29 sections,
2794 865 56 16 con-

2319 897 89 31 sisting
2424 898 27 24 of
2462 898 103 31 jackets,
2584 906 80 23 capes,
2693 906 54 17 new
2765 908 83 16 season

2319 940 56 25 Pelt
2392 941 72 29 Hats,
2481 941 117 28 Flowers,
2615 941 129 30 Feathers,
2763 943 86 32 Wings

2318 983 74 29 Lace,
2410 983 114 32 Hosiery,
2554 984 195 32 Haberdashery,
2771 986 79 25 Trim-

2317 1028 78 32 ming.
2413 1028 116 30 Buttons,
2550 1028 73 29 Silks,
2636 1028 113 32 Plushes,
2762 1030 86 25 Hand-

2317 1071 129 32 kerchiefs,
2464 1072 50 24 and
2530 1074 99 30 general
2653 1073 71 32 good.
2771 1074 85 27 These,

2317 1116 112 30 together
2445 1116 60 24 with
2522 1124 135 18 numerous
2674 1117 71 25 other
2767 1119 89 31 equal?'

2317 1159 25 30 ly
2359 1160 119 25 desirable
2495 1161 71 28 lines,
2596 1161 49 24 will
2671 1162 29 23 be
2716 1161 133 26 submitted

2317 1202 38 25 for
2372 1203 58 29 sale,
2449 1206 26 22 at
2491 1204 79 26 prices
2587 1204 28 24 m
2632 1212 75 23 many
2725 1204 124 25 instances
2873 1228 2 3 .

2317 1246 49 25 less
2381 1248 64 23 than
2463 1248 55 24 half
2543 1248 43 24 the
2603 1248 104 31 original
2735 1250 54 23 cost
2799 1256 6 21 ;
2836 1256 14 16 a

2317 1289 67 32 large
2396 1296 92 26 variety
2499 1291 27 25 of
2535 1291 115 28 Buttons,
2669 1293 25 22 at
2710 1299 46 16 one
2767 1300 83 22 penny
2858 1294 2 8 '

2317 1340 43 23 per
2377 1334 65 24 card.
2756 1356 2 3 .
2858 1340 3 4 '

2352 1424 87 26 Social
2462 1433 29 16 at
2523 1425 76 24 West
2620 1425 109 24 Oxford.
2766 1425 86 33 Owing

2317 1471 26 23 to
2361 1478 113 23 pressure
2491 1473 27 21 of
2534 1477 78 24 space,
2631 1478 35 17 we
2695 1477 41 17 are
2765 1470 86 25 unable

2319 1515 25 23 to
2360 1514 55 31 give
2433 1523 29 15 an
2481 1516 104 22 account
2604 1513 27 25 of
2646 1514 42 24 the
2706 1514 85 28 above,
2810 1515 42 24 but

2317 1556 65 33 hope
2401 1559 23 23 to
2436 1557 31 25 do
2480 1565 27 17 so
2519 1558 26 24 m
2569 1565 44 17 our
2631 1559 59 23 next
2710 1557 75 26 issue.
2832 1578 2 4 .

2315 1648 7 25 .'.
2350 1647 178 25 Influenza.-^-
2535 1647 61 25 Now
2615 1648 50 24 ibis
2693 1648 119 31 epidemic
2831 1649 21 24 is

2317 1690 130 32 becoming
2456 1691 129 30 prevalent
2593 1698 36 17 we
2641 1691 112 31 strongly
2761 1699 90 17 rccom-
2874 1704 2 13 ?

2317 1734 73 24 mend
2401 1734 42 25 the
2455 1734 49 25 free
2516 1742 43 16 use
2571 1733 27 25 of
2608 1734 121 32 Platypus
2736 1734 84 25 Brand
2828 1735 26 24 of

2317 1777 153 33 Eucalyptus
2484 1775 124 28 Gflobulus
2636 1778 112 28 Extract,
2777 1779 74 24 taken
2871 1798 4 4 .

2318 1829 66 23 upon
2407 1829 74 24 sugar
2509 1829 28 16 or
2555 1822 27 23 m
2605 1820 71 24 milk.
2711 1821 54 25 The
2787 1824 65 22 most

2317 1865 114 32 pleasant
2442 1874 54 26 way
2507 1867 25 22 to
2542 1865 56 24 tako
2609 1865 154 32 Eucalyptus
2785 1865 21 25 is
2825 1866 26 24 m

2317 1909 44 24 the
2392 1910 117 30 Platypus
2537 1909 86 24 Brand
2650 1909 27 24 of
2699 1909 152 31 Eucalyptus

2318 1953 115 32 Jujubes.
2469 1953 69 31 They
2549 1961 42 16 are
2601 1954 26 23 m
2643 1953 62 24 such
2717 1961 14 16 a
2742 1953 110 31 portable

2317 1993 71 28 form,
2400 1993 114 32 pleasant
2526 1996 25 22 to
2564 1995 74 27 taste,
2657 1993 49 25 and
2723 1994 127 31 antisepti-

2319 2038 139 24 stimulant.

2320 2192 124 39 EVENTS
2461 2193 38 38 OF
2521 2193 34 37 THE
2555 2193 22 37 COMING
2577 2193 7 37 WEEK.

2319 2278 117 31 Monday,
2486 2278 106 23 Lecture
2648 2277 31 31 by
2724 2277 128 25 Professor

2387 2321 157 24 Charleston.

2319 2363 122 32 Tuesday,
2472 2363 102 32 Library
2592 2371 63 23 open
2684 2363 64 25 from
2773 2366 22 22 6.
2820 2365 33 23 15

2385 2405 25 23 to
2439 2405 15 23 8
2476 2411 24 24 p.
2520 2401 42 27 in.'

2320 2442 163 31 Wednesday,
2507 2441 109 32 meeting
2631 2441 27 24 of
2678 2441 71 24 Road
2759 2441 92 25 Board.

2320 2480 140 31 Thursday,
2485 2479 74 25 Bank
2582 2488 69 23 open.
2710 2479 57 25 Sale
2797 2480 55 32 day.

2386 2524 105 31 Library
2509 2532 64 22 open
2591 2523 90 30 during
2698 2524 54 30 day.

2323 2567 130 31 Saturday,
2471 2567 106 31 Library
2595 2575 62 23 open
2679 2566 64 25 from
2768 2569 22 22 6.
2812 2568 40 23 15.

2321 2619 23 23 p.
2363 2619 33 16 m.
2415 2613 26 22 to
2455 2612 14 23 8
2486 2619 25 23 p.
2524 2619 32 15 m.

2326 2784 386 25 WAIMAKARIRI-ASHLEY
2731 2784 125 25 WATER

2458 2828 131 25 SUPPLY
2601 2828 122 25 BOARD.

2358 2911 52 25 The
2427 2911 116 31 ordinary
2559 2912 110 30 meeting
2686 2911 26 24 of
2726 2911 42 24 the
2780 2911 76 25 above

2324 2956 83 24 Board
2424 2963 50 17 was
2498 2955 56 25 held
2580 2963 30 17 on
2641 2955 128 32 Thursday
2786 2956 69 24 30th.

2326 2989 60 25 inst.

2359 3033 110 28 Present,
2487 3032 41 24 Mr
2539 3032 48 25 Jno
2601 3031 158 29 O'Halloran,
2773 3032 84 25 Chair-

2327 3073 66 33 rnoh,
2412 3076 49 24 and
2478 3076 93 24 Messrs
2588 3075 107 29 Horrell,
2723 3075 136 25 Dickinson

2327 3120 50 24 and
2394 3120 144 24 McDowell.

2361 3163 50 24 The
2454 3162 126 31 Engineer
2607 3162 113 27 reported
2733 3161 49 34 'jem
2817 3163 43 24 the

2327 3207 98 23 various
2444 3206 75 24 works
2538 3207 25 22 m
2583 3214 111 23 progress
2712 3214 27 16 as
2755 3206 104 25 follows.

2328 3249 40 24 Mr
2384 3249 109 24 Thomas
2511 3249 22 24 is
2541 3249 109 31 making
2667 3248 63 32 good
2747 3257 113 24 progress

2328 3293 61 24 with
2406 3294 42 23 the
2465 3293 95 28 tunnel,
2591 3292 49 24 and
2668 3293 20 23 is
2705 3294 102 31 putting
2834 3294 26 24 m

2328 3344 31 16 an
2377 3335 119 25 excellent
2519 3335 84 30 work,-
2627 3335 49 25 and
2707 3337 79 24 would
2804 3345 55 23 pro-

2329 3379 72 30 bably
2424 3379 29 24 be
2471 3379 107 24 finished
2595 3379 27 24 m
2634 3379 75 24 about
2721 3379 38 25 six
2771 3381 89 24 weeks.

2328 3422 27 24 In
2375 3422 38 26 No
2427 3424 22 22 9.
2470 3422 127 25 Contract,
2621 3422 95 26 Netson
2728 3422 50 26 had
2789 3424 72 24 made

2328 3461 63 31 good
2402 3469 118 23 progress,
2541 3461 50 24 and
2613 3462 22 23 is
2652 3461 73 32 likely
2742 3464 26 23 to
2785 3462 77 25 finish

2328 3499 26 24 m
2367 3499 74 25 about
2453 3507 16 16 a
2488 3499 129 33 fortnight,
2654 3499 102 33 Gundry
2779 3501 20 24 is
2812 3501 49 24 also

2329 3540 101 31 making
2438 3539 64 31 good
2518 3548 120 23 progress,
2660 3539 50 24 and
2726 3540 31 24 he
2768 3548 92 17 recom-

2328 3576 108 26 mended
2452 3580 54 23 that
2518 3577 3 7 '
2534 3586 110 24 progress
2672 3582 131 28 payments
2832 3579 29 24 be

2330 3618 71 24 made
2413 3619 27 23 m
2452 3618 60 25 each
2537 3626 62 21 case,
2617 3616 79 27 which
2719 3618 43 25 the
2783 3619 79 24 Board

2330 3659 88 31 agreed
2430 3661 33 22 to.

2365 3699 50 24 All.
2418 3699 42 23 the
2476 3699 75 24 above
2569 3701 123 22 contracts
2709 3707 42 16 are
2768 3708 31 15 on
2820 3700 43 24 the
2864 3711 2 5 1

2330 3739 113 27 Brown's
2453 3738 69 25 Rock
2533 3746 56 17 race
2599 3739 129 31 including
2740 3739 122 25 Scanlin's

2331 3779 124 26 Uoutract,
2493 3777 81 23 whom
2598 3777 41 24 the
2668 3777 125 31 Engineer
2810 3778 53 24 said

2331 3824 49 16 was
2398 3819 44 21 not
2460 3815 102 32 making
2580 3816 152 32 satisfartory
2743 3824 118 25 progress,

2330 3854 47 24 and
2394 3855 32 24 he
2445 3854 48 24 had
2510 3854 108 25 directed
2646 3850 54 29 him
2718 3858 26 22 to
2766 3859 46 28 put
2831 3864 32 17 on

2331 3902 68 18 more
2417 3896 124 31 strength.

2365 3934 53 24 The
2444 3933 126 32 following
2606 3934 129 24 Contracts
2763 3942 33 18 on
2824 3936 41 24 the

2333 3972 117 31 Cooper's
2462 3971 78 25 Creek
2552 3972 66 24 Eace
2632 3980 59 17 were
2703 3974 53 23 also
2768 3973 98 25 favour-

2333 4010 55 30 ably
2418 4010 112 27 reported
2554 4018 74 23 upon,
2656 4012 2 5 ;
2681 4010 48 25 and
2754 4019 112 24 progress

2333 4050 129 29 payments
2471 4049 194 24 .recommended
2693 4049 81 25 which
2803 4057 64 18 were

2334 4085 90 32 agreed
2441 4088 26 22 to
2480 4086 57 33 (viz)
2551 4087 91 24 Messrs
2659 4087 30 24 A.
2708 4087 98 32 Wright
2818 4089 50 24 and

2334 4125 25 24 J.
2378 4125 103 25 Gibson.
2513 4126 76 32 -,'.'

2353 4165 55 28 ,Mr
2437 4165 67 25 John
2528 4165 71 25 Weld
2627 4165 89 25 waited
2736 4174 74 24 upon,
2826 4169 43 26 the

2335 4205 89 27 Board,
2448 4205 49 25 and
2519 4205 73 25 asked
2613 4207 23 23 to
2660 4205 29 25 be
2710 4206 101 27 allowed
2829 4209 41 26 the

2337 4252 43 18 use
2392 4245 25 25 of
2429 4245 43 25 the
2493 4245 102 26 Board's
2608 4252 66 18 room
2678 4263 6 8 r
2700 4254 33 17 on
2747 4247 124 36 Saturday

2338 4284 65 26 week
2414 4285 75 32 night
2500 4285 38 25 for
2555 4285 43 23 the
2610 4292 103 24 purpose
2726 4287 26 24 of
2763 4288 108 35 forming

2338 4332 14 16 a
2375 4324 117 25 Farmers
2516 4321 70 27 Club!
2631 4323 51 26 The
2701 4323 98 35 iequesti
2822 4337 50 18 was

2338 4362 112 32 granted.

2372 4402 40 23 Mr
2439 4400 138 24 Dickinson
2596 4402 129 31 proposed,
2760 4407 50 24 and
2833 4407 41 26 Mr

2339 4441 41 24 Mr
2405 4439 95 25 Hbrrcll
2521 4440 129 29 seconded,
2681 4443 56 25 that
2756 4446 42 25 the
2822 4449 52 25 En-

2340 4488 84 24 gineer
2447 4480 67 23 wrice
2525 4483 2 4 '
2537 4479 29 25 to'
2575 4481 42 25 the
2629 4482 114 27 Minister
2755 4488 27 23 of
2792 4488 83 27 Mines

2340 4518 61 25 with
2418 4525 16 16 a
2457 4521 97 27 n-quesfc
2577 4518 55 26 that
2651 4517 42 29 Mr
2704 4523 109 34 Gordon,
2832 4528 43 26 the

2894 214 147 33 Consulting
3052 216 130 31 Engineer,
3217 215 84 33 pay;'*
3320 217 104 26 visit^'to
3437 237 3 6 ,

2893 252 41 24 the
2945 254 87 29 works,
3068 255 49 24 and
3137 257 80 28 report
3231 256 108 28 thereon
3356 261 26 20 at
3394 264 28 16 as

2892 292 66 32 early
2969 301 15 17 a
3003 294 54 24 date
3069 302 28 16 as
3109 292 113 33 possible.
3266 294 37 20 <-^
3370 300 8 19 ;
3405 295 7 5 v

2925 337 52 24 The
2988 337 81 25 Board
3080 338 123 25 discussed
3215 341 25 23 at
3258 348 67 17 some
3334 341 85 31 length

2890 385 14 15 a
2916 377 73 24 letter
3005 370 80 32 wifich
3098 379 121 31 appeared
3236 381 27 23 m
3283 382 41 23 the
3341 382 78 30 Paper

2889 425 66 19 Botne
2984 421 63 25 time'
3045 428 4 5 1
3060 447 2 3 ,
3171 423 97 25 written
3279 434 13 15 .
3303 428 36 28 Dy*
3378 425 42 24 Mr

2888 460 136 32 Craigbead
3043 462 28 24 m
3083 463 70 24 order
3165 465 25 23 to
3202 464 121 31 thorough
3335 464 82 25 odium

2888 511 63 23 upon
2972 505 41 23 the
3033 504 80 24 Board
3134 506 27 23 m
3181 506 122 25 reference
3325 509 26 23 to
3374 508 44 24 the

2886 549 49 16 non
2958 544 115 29 payment
3094 543 27 25 of
3141 551 80 24 v.ages
3243 549 25 21 to
3287 546 39 24 his
3348 555 68 16 men.

2889 582 38 23 He
2939 583 75 23 stated
3029 582 96 26 therein
3144 584 56 25 that
3212 585 42 25 the
3273 586 83 25 Board
3372 595 42 17 re-

2884 621 70 25 fused
2984 624 26 23 to
3031 631 48 23 pay
3100 632 89 24 money
3211 626 79 23 which
3313 626 33 24 he
3379 628 35 22 al-

2883 659 70 30 leged
2970 668 51 16 was
3033 661 48 24 due
3092 663 26 22 to
3129 662 53 24 him
3200 671 32 16 on
3243 663 40 25 his
3295 667 119 31 contract,

2883 698 47 23 and
2941 697 51 25 Our
3001 698 196 32 Correspondent
3210 709 50 16 was
3272 702 142 25 authorised

2883 737 32 32 by
2935 738 43 25 the
2989 738 80 25 Board
3080 741 26 24 to
3126 742 62 24 state
3200 741 54 26 that
3276 742 41 25 the
3330 743 84 26 Board
3429 765 3 2 .

2883 778 126 32 distinctly
3020 779 64 32 deny
3107 781 55 24 that
3180 790 48 22 any
3250 790 90 24 money
3361 792 52 16 was

2883 819 47 23 due
2963 821 26 21 to
3012 819 144 31 Craighead,
3191 822 50 24 and
3274 823 81 24 would
3382 824 32 24 be

2881 858 59 31 glad
2962 858 22 24 if
3014 860 81 23 action
3128 861 73 24 were'
3221 862 73 24 taken
3316 864 99 30 against

2882 897 50 24 him
2945 899 26 23 to
2982 898 72 24 make
3066 899 52 24 him
3141 899 66 25 show
3226 903 66 22 what
3299 896 3 7 '
3311 903 101 24 became

2881 935 209 35 of'thelast^two
3112 941 129 26 payments
3254 940 32 24 he
3302 940 110 25 received

2881 976 147 31 amounting
3050 977 25 23 to
3095 977 77 24 550.

2879 1042 2 5 ,
2914 1018 54 25 The
3000 1020 126 32 Secretary
3149 1028 47 18 was
3229 1023 137 28 instructed
3386 1026 28 24 to

2881 1059 68 24 write
2980 1061 25 23 to
3050 1061 43 24 the
3127 1061 112 26 Minister
3272 1064 27 25 of
3330 1066 84 24 Mines

2880 1097 60 25 with
2960 1106 15 16 a
2992 1102 99 28 request
3108 1099 55 25 that
3181 1101 40 24 Mr
3238 1102 108 31 Gordon,
3369 1101 43 27 ttio

2881 1137 149 33 Consulting
3061 1139 134 32 Engineer,
3230 1150 48 24 pay
3313 1152 14 16 a
3355 1144 58 25 visit

2881 1180 26 22 to
2940 1179 49 23 and
3008 1183 82 27 report
3108 1188 31 16 on
3157 1182 43 24 the
3219 1184 97 24 various
3334 1185 80 24 works

2880 1217 27 25 m
2940 1218 76 29 hand,
3051 1221 26 22 at
3106 1221 49 23 and
3183 1223 70 31 arly
3281 1224 65 24 date.
3367 1242 5 1 -

2915 1256 53 24 The
2987 1256 59 25 Hon
3069 1257 42 25 the
3146 1259 112 26 Minister
3280 1263 38 22 for
3328 1262 89 25 Lands

2881 1294 22 24 is
2915 1295 116 30 expected
3043 1299 26 21 to
3081 1297 56 23 visit
3150 1297 42 25 the
3215 1299 79 25 works
3306 1300 107 32 shortly,

2883 1332 49 23 and
2965 1336 186 28 arrangements
3195 1337 53 24 will
3281 1337 30 25 be
3341 1339 73 24 made

2883 1372 26 21 to
2926 1370 55 30 give
2998 1370 53 27 him.
3073 1379 15 16 a
3110 1380 86 22 proper
3215 1376 131 29 reception.

2916 1409 22 23 A
2972 1409 152 33 Wellington
3158 1412 130 33 Telegram
3307 1423 50 17 was
3376 1424 39 16 re-

2883 1448 79 24 ceived
2991 1448 64 25 from
3086 1450 40 24 Mr
3154 1451 123 27 McGrath
3322 1454 95 32 stating

2883 1487 56 23 that
2958 1487 31 24 he
3023 1487 78 25 would
3145 1489 30 25 be
3203 1491 27 23 m
3266 1492 92 24 Oxford
3382 1501 33 16 on

2884 1525 107 32 Monday
3026 1529 57 21 next
3116 1528 26 23 to
3172 1536 46 23 pay
3238 1529 40 25 his
3312 1530 90 25 hands.

2916 1563 73 25 After
3015 1565 103 32 passing
3150 1570 116 25 accounts
3290 1569 68 26 .for.
3356 1577 65 23 pay-,

2883 1608 78 25 ment,
2996 1606 24 22 te
3041 1605 42 24 the
3095 1609 103 22 amount
3221 1609 25 22 of
3269 1609 79 28 802,
3361 1610 55 23 18s.

2884 1642 51 24 The
2954 1643 108 31 meeting
3095 1643 169 31 terminated.

3057 1802 175 26 WEDDING.

2916 1882 50 25 The
2989 1883 121 32 marriage
3135 1884 27 25 of
3190 1885 40 25 Mr
3259 1886 34 24 Rv
3319 1886 96 32 Eyffin-

2883 1921 107 24 Kenriek
3006 1921 115 32 formerly
3142 1922 26 24 of
3178 1924 98 26 Oxford,
3306 1928 26 20 to
3352 1925 63 24 Miss

2882 1961 71 24 Eliza
2966 1961 132 26 Thomson,
3111 1969 47 18 was
3170 1963 136 25 celebrated
3323 1964 27 24 m
3376 1964 37 25 St.

2883 1999 116 26 Andrews
3011 2000 107 28 Church,
3142 2009 31 16 on
3195 2002 129 33 Thursday
3344 2004 71 31 April

2883 2039 67 28 30th,
2961 2041 26 22 at
2999 2040 66 23 1.30.
3077 2047 70 23 p.m.,
3159 2039 33 33 by
3214 2041 41 24 the
3278 2041 53 26 Bey
3343 2041 70 25 R.F.

2882 2079 112 25 Garbett.

2914 2120 53 25 The
2978 2120 68 25 bride
3058 2121 54 25 who
3124 2129 49 18 was
3196 2122 71 32 given
3291 2130 67 24 away
3380 2122 33 33 by

2882 2159 39 23 Mr
2938 2159 28 24 T.
2977 2159 118 30 Pearson,-
3105 2168 63 16 wore
3179 2169 15 16 a
3206 2169 58 23 very
3275 2161 138 26 handsome

2882 2199 65 23 dress
2959 2200 24 23 of
2996 2199 151 31 Trilby-silk,
3157 2201 116 24 trimmed
3283 2202 130 23 witholive

2882 2247 81 23 green,
2975 2239 61 24 with
3048 2241 71 29 toque
3131 2242 26 22 to
3164 2241 92 24 match.
3291 2241 53 25 The
3357 2242 55 32 only

2883 2279 142 24 bridesmaid
3036 2288 49 15 was
3107 2280 64 25 Miss
3185 2281 90 24 Muriel
3297 2282 117 30 Pearson,

2883 2320 54 23 who
2949 2327 62 16 wore
3020 2328 13 14 a
3046 2321 81 29 pretty
3133 2321 60 23 dead
3197 2336 7 13 T
3206 2329 54 16 rose
3267 2321 68 24 dress
3345 2323 69 24 trim-

2883 2359 57 24 med
2952 2359 60 24 with
3024 2360 71 23 black
3104 2361 87 28 velvet;
3204 2369 15 16 a
3241 2361 68 32 large
3319 2363 96 30 picture

2883 2399 53 24 hat.
3058 2402 84 29 guests
3163 2401 54 25 who
3240 2409 62 17 were
3323 2403 93 31 mostly

2884 2439 126 31 composed
3022 2440 28 24 of
3058 2441 115 24 relations
3186 2441 25 24 of
3215 2442 40 23 the
3267 2443 75 29 bride,
3351 2451 65 17 wore

2884 2486 58 23 very
2950 2478 137 24 handsome
3095 2478 112 25 Autumn
3217 2483 131 22 costumes.

2918 2518 71 25 After
3008 2518 43 25 the
3074 2526 130 25 ceremony
3227 2520 42 25 the
3291 2521 126 31 wedding-

2884 2560 71 29 party
2968 2557 133 32 adjourned
3113 2561 25 21 to
3149 2558 115 26 Fairfield
3284 2560 38 25 for
3341 2561 76 24 after-

2884 2604 66 16 noon
2963 2597 47 23 tea.
3046 2596 40 24 Mr
3098 2597 47 23 and
3152 2596 54 26 Mrs
3214 2597 204 32 Kyffin-Kenrick

2884 2636 47 25 left
2943 2636 38 25 for
2990 2636 42 25 the
3050 2637 88 28 North,
3168 2639 30 31 by
3221 2638 43 25 the
3288 2638 130 27 afternoon

2885 2676 73 23 train.
3032 2695 2 3 .

1163 59 172 33 OXI^OKD
1364 63 256 30 -OBSERVER
1660 63 237 37 SATURDAY,
2091 68 28 33 2,
2181 66 88 29 1896.

2920 2816 115 23 Address
3059 2823 30 17 to
3110 2815 59 24 Men
3187 2823 104 16 only.
3293 2815 129 26 Professor

2888 2859 146 25 Charleston
3079 2867 140 17 announces
3253 2867 30 17 oo
3319 2860 105 24 another

2888 2903 98 25 column
2999 2902 55 24 that
3064 2902 33 24 he
3111 2902 100 25 intends
3222 2903 84 32 giving
3317 2903 106 25 another

2888 2947 92 24 lecture
3003 2949 25 21 to
3048 2954 56 16 men
3136 2947 58 31 only
3228 2955 34 17 on
3264 2959 3 7 1
3267 2972 2 2 .
3304 2947 118 31 Tuesday

2889 2990 80 32 night,
2994 2990 63 25 East
3080 2990 94 25 Oxford
3196 2990 47 25 sth
3255 2991 67 31 May.
3355 2990 67 26 Such

2889 3034 105 24 lectures
3017 3041 42 17 are
3081 3034 28 24 of
3128 3034 60 24 vital
3201 3034 162 31 'importance
3397 3037 27 22 to

2890 3074 31 24 all
2944 3079 66 24 men',
3034 3074 49 24 and
3106 3076 90 23 cannot
3218 3074 44 25 fail
3283 3079 26 20 to
3342 3074 32 24 do
3408 3082 16 17 a

2891 3114 145 24 marvellous
3055 3117 102 21 amount
3177 3114 26 25 of
3221 3115 69 30 good.

2923 3157 26 24 If
2956 3157 85 32 people
3052 3159 141 30 recognised
3210 3157 42 25 the
3271 3157 153 32 importance

2891 3197 25 25 of
2939 3197 58 24 such
3033 3197 114 28 lectures,
3193 3206 35 16 we
3270 3197 81 25 would
3379 3199 43 22 hot

2891 3236 64 26 have
2977 3244 47 16 one
3043 3235 54 24 half
3114 3235 42 25 the
3178 3236 105 24 number
3307 3236 25 24 of
3357 3235 76 25 woak.

2892 3284 59 16 men
2973 3276 49 24 and
3033 3298 5 4 ,
3066 3275 74 32 sickly
3165 3284 101 21 women,
3299 3284 45 16 nor
3365 3283 60 17 near

2957 3319 103 25 nember
3094 3319 27 25 of
3153 3319 92 25 insane.
3281 3319 53 25 The
3363 3319 61 25 Pro-

2892 3357 78 25 fessor
2980 3357 21 23 is
3022 3365 14 16 a
3047 3357 101 24 fearless
3168 3357 48 24 and
3236 3357 75 24 fluent
3323 3357 102 30 speaker

2893 3401 49 24 and
2953 3401 104 31 imparts
3079 3400 110 25 valuable
3209 3400 149 31 knowledge.

2927 3466 69 24 Road
3020 3465 132 25 Board.
3153 3465 53 25 The
3252 3465 109 24 Election
3398 3464 30 25 of

2894 3509 120 25 members
3027 3510 47 24 \vill
3095 3509 56 25 take
3183 3509 70 31 place
3276 3517 31 16 oosn
3309 3526 9 15 s
3330 3507 93 25 Thurs-

2893 3553 47 32 day
2963 3555 68 22 next.
3184 3555 136 25 ...''."
3403 3571 2 5 ,

2927 3710 58 25 DR.
3019 3709 213 26 BARNARDO'S
3260 3708 130 27 HOMES.

2927 3787 66 24 For
3016 3787 75 31 thirty
3121 3794 69 23 years
3213 3785 36 24 Dr
3272 3785 165 25 Barnardo's,

2895 3829 94 26 Homes
3018 3831 59 24 have
3095 3837 55 17 now
3179 3829 59 24 been
3260 3827 109 32 engaged
3396 3827 29 26 m

2895 3874 64 24 their
2975 3874 179 32 philantirophic
3166 3871 106 30 labours,
3294 3870 49 26 and
3366 3870 61 27 .heir

2895 3925 96 18 rescues
3003 3924 99 24 average
3113 3924 33 23 up
3159 3917 25 23 to
3195 3916 65 24 close
3269 3923 67 24 upon
3349 3914 79 29 I,OQO

2896 3961 110 25 children
3028 3961 37 24 for
3083 3967 72 24 every
3173 3964 59 27 year
3251 3959 27 25 of
3298 3958 65 26 their
3384 3966 44 18 ex-

2896 4004 101 27 istence.
3030 4003 32 25 In
3081 4003 78 31 Night
3177 4004 48 23 and
3244 4003 56 31 Bay
3317 4002 38 25 for
3366 4001 63 26 Feb-

2898 4057 80 24 ruary,
3011 4048 53 32 just
3087 4049 26 23 to
3135 4046 76 30 hand,
3241 4046 37 25 Dr
3301 4046 129 25 Barnarda

2899 4093 82 25 makes
2992 4100 33 16 an
3046 4091 88 32 urgrnt
3149 4091 62 30 .plea
3234 4092 26 24 to
3283 4090 40 24 his
3342 4089 94 40 world-^

2900 4136 61 25 wide
3058 4133 26 26 of
3100 4134 97 31 helpers
3208 4137 26 21 to
3257 4132 118 26 celebrate
3386 4131 45 28 the

2901 4176 111 29 thirtieth
3032 4185 58 25 year
3102 4177 26 25 of
3137 4177 41 25 the
3190 4177 67 25 work
3269 4176 33 32 by
3312 4175 120 32 relieving

2902 4225 41 24 the
2954 4222 71 25 funds
3037 4229 61 17 once
3114 4220 52 25 *nd
3185 4220 37 25 for
3234 4220 33 25 all
3288 4219 37 26 of.
3332 4219 44 26 the
3387 4218 45 27 lia-

2903 4268 70 31 bility
2984 4264 78 26 which
3074 4265 43 24 has
3133 4264 63 25 been
3206 4263 113 25 incurred
3341 4262 38 25 for
3391 4262 43 25 the

2905 4311 103 26 erection
3039 4309 27 25 of
3086 4308 44 25 the
3157 4314 132 19 numerous
3311 4306 135 33 builuing?:

2906 4354 113 35 (schools,
3040 4351 159 29 dormitories,
3224 4351 140 34 workshops
3384 4350 54 36 &&j

2905 4406 128 24 necessary
3044 4397 38 25 for
3106 4396 43 25 the
3168 4405 96 16 success
3286 4398 26 23 ol
3334 4396 41 24 the
3399 4396 40 24 in-

2908 4443 133 25 stitutions.
3088 4438 52 26 The
3163 4440 99 25 annual
3284 4441 8 23 i
3297 4448 92 21 nconie,
3407 4439 33 25 he

2909 4486 118 32 explains,
3045 4484 21 25 is
3078 4484 119 31 adequate
3221 4486 25 23 to
3267 4484 43 25 the
3321 4483 122 26 demands
