2529 4010
595 504 216 37 PUBLISHED
858 504 129 37 EVERY
1030 502 257 38 WEDNESDAY
1331 501 86 36 AND
1463 502 226 37 SATURDAY
1733 502 203 36 MORNING.

1222 59 98 29 THE

66 115 449 129 NEW
630 104 866 140 ZEALAND
1603 115 228 134 GA
1862 115 594 129 ZETTE

1238 275 100 31 AND

62 306 1141 165 WELLINGTON
1317 306 1141 165 SPECTATOR.

2252 622 99 40 [Vol.
2373 621 66 33 111.

455 604 27 22 *
521 619 127 33 PORT
670 619 284 38 NICHOLSON,
978 618 306 33 WEDNESDAY
1306 616 238 38 MORNING,
1565 619 261 32 FEBRUARY
1850 619 50 37 15,
1925 623 88 28 1843.

84 631 63 30 No.
165 628 88 38 220.]

255 720 53 21 For
322 717 113 22 Nelson.

205 753 93 21 rTIHE
308 751 50 27 ship
376 750 88 21 Thoma*
482 747 87 26 Sparks,
585 745 21 21 A
616 747 20 24 1,

213 772 29 29 X
280 779 42 21 450
341 781 58 21 tons,
414 776 28 21 R.
454 773 100 22 Glaister
568 772 70 26 Sharp

54 795 145 38 >ffl|P^^
381 802 43 23 will
439 800 41 23 sail
490 807 28 14 on
534 800 39 21 the
587 800 50 20 11th

53 825 149 36 MjBMBS
219 833 93 25 instant,
324 831 35 22 for
374 828 38 23 tho
427 828 71 23 above
508 830 60 24 port.
596 826 43 21 For

53 851 147 36 CfiaaF
220 859 83 28 freight
319 865 26 15 or
361 863 100 21 passage,
478 854 67 27 apply
561 857 22 18 to
601 852 38 22 the

221 884 146 26 commander
377 890 29 15 on
416 882 76 27 board,
502 888 26 15 or
537 884 22 18 to

241 922 135 23 Ridgways,
392 918 106 26 Guyton,
514 915 45 23 and
573 915 38 21 Co.

80 956 145 27 Wellington,
237 954 112 24 February
359 951 21 26 7,
391 950 61 21 1843.

208 1001 54 19 For
275 1000 108 20 Nelson
397 995 96 24 direct,

167 1035 28 19 To
215 1033 42 20 sail
274 1038 26 14 on
326 1030 127 24 Wednesday
472 1029 57 24 next,

76 1067 77 25 S^L-
207 1064 93 28 npHE
329 1061 108 22 schooner
464 1060 74 25 IMP,
566 1058 75 21 Tulett

82 1085 96 34 jjjsi<*ifiL
214 1082 30 30 X
282 1090 88 21 Master
376 1095 6 18 ;
397 1087 41 21 has
447 1086 59 26 good
516 1091 124 15 accommo-

74 1108 116 39 imKpMi
222 1117 75 21 dation
308 1116 35 21 for
353 1120 129 21 passengers
493 1112 43 21 and
548 1110 77 28 goods.

53 1145 149 38 i3|lrffrP%»
307 1153 108 21 Johnson
430 1150 20 21 &
464 1148 96 26 Moore,

82 1216 113 25 February
207 1213 108 26 11,1843.
333 1230 53 11 __>

201 1259 55 21 For
270 1258 113 21 Akaroa
398 1254 93 21 direct.

89 1301 3 4 '
96 1291 75 31 •*$§*.
221 1297 45 25 HP
270 1294 44 22 HE
337 1290 142 26 remarkably
498 1289 43 22 fast
562 1288 79 25 sailing

85 1312 108 37 JKJS^s.
228 1312 31 32 X
296 1323 74 20 cutter
378 1318 116 25 Elizabeth,
506 1316 26 22 of
544 1315 95 27 Sydney,

82 1339 131 37 jRRsPaR'
235 1348 94 28 Captain
350 1345 97 26 Morton,
464 1343 43 23 will
526 1339 115 30 positively

74 1367 140 38 Jjfliyyg^
235 1375 40 22 sail
287 1381 29 14 on
331 1372 118 27 Thursday
458 1371 112 25 morning.
599 1368 43 22 For

60 1396 160 35 ggggg^gg^
234 1400 84 27 freight
334 1406 25 15 or
374 1405 99 21 passage,
491 1396 66 27 apply
568 1399 22 17 to
604 1395 37 21 the

234 1428 92 28 Captain
337 1433 29 14 on
374 1425 75 26 board,
462 1431 24 15 or
500 1426 24 18 at
536 1421 106 23 Barrett's

58 1457 77 23 Hotel.
261 1470 4 9 <
292 1468 3 5 '
307 1471 5 3 -

84 1488 143 27 Wellington,
239 1487 114 25 February
363 1486 33 24 13,
409 1484 61 21 1843.

86 1536 53 20 For
152 1534 121 23 Akaroa,
288 1533 99 23 Otago,
402 1528 55 22 and
475 1527 46 21 the
536 1526 77 21 Bluff.

217 1569 91 28 rpHE
323 1567 46 23 fine
384 1565 135 27 fast-sailing
536 1564 106 21 schooner

95 1588 83 26 «ECL
223 1588 30 30 X
292 1593 145 27 Shepherdess,
449 1591 92 29 Captain
553 1591 87 26 Brown,

65 1614 144 36 JtsS^S^
230 1623 44 22 will
289 1623 42 22 sail
348 1621 36 21 for
398 1621 37 21 the
455 1620 69 21 above
540 1620 61 24 ports
614 1624 27 15 on

60 1642 152 38 2J|mK£L
230 1650 84 27 Friday
322 1651 62 23 next,
395 1647 113 25 February
520 1644 58 22 17th.
599 1644 43 21 For

60 1669 150 42 S^^gggf
230 1677 83 27 freight
319 1682 24 16 or
350 1682 99 19 passage,
457 1672 65 28 apply
529 1678 29 15 on
564 1670 88 28 board,,

231 1711 25 15 or
265 1708 22 18 at
296 1703 38 22 the
346 1702 73 21 Stores
431 1700 25 22 of
626 1719 4 7 ,

312 1736 22 22 J.
350 1734 34 22 M.
399 1733 102 26 Taylor,
516 1731 34 22 Te
561 1730 53 22 Aro.

87 1765 113 27 February
210 1766 32 24 14,
254 1765 70 25 1843.,
634 1786 5 4 .

206 1810 18 12 *'
235 1809 119 21 Thomas

66 1839 110 110 a
185 1842 221 33 /CONSIGNEES
420 1841 27 22 of
465 1839 75 23 Goods
554 1839 30 27 by
599 1837 43 22 this

186 1877 40 18 V>»
256 1871 71 22 vessel
343 1876 38 15 are
394 1867 117 29 requested
522 1870 22 18 to
562 1865 42 22 call
619 1867 23 19 at

197 1900 37 21 the
250 1898 72 22 Office
338 1896 25 21 of
375 1895 38 22 the
425 1892 157 28 undersigned,
597 1891 44 21 and

197 1928 92 20 execute
305 1933 14 13 a
333 1922 61 23 bond
409 1922 34 21 for
452 1921 38 21 the
500 1921 106 26 payment
620 1917 25 21 of

194 1953 37 21 the
240 1951 92 28 general
341 1955 100 20 average,
453 1947 63 22 when
528 1945 100 28 adjusted
634 1952 5 19 ;

58 1978 115 24 otherwise
190 1979 93 28 Captain
299 1978 72 26 Sharp
385 1975 45 22 will
444 1974 55 22 land
514 1973 45 22 and
574 1979 67 15 ware-

61 2056 52 21 date
123 2055 37 20 the
171 2060 101 20 average.

280 2079 134 23 Ridgways,
431 2075 98 22 Guyton
544 2075 45 20 and
603 2075 38 20 Co.

86 2112 144 27 Wellington,
241 2111 113 24 February
364 2108 19 25 7,
393 2108 60 20 1843.

61 2161 89 19 Room
172 2155 103 28 Paper!
304 2155 90 20 Room
416 2150 115 28 Paper!!
555 2151 87 20 Room

284 2182 88 25 Paper
383 2179 4 21 !
397 2178 5 21 !
412 2178 5 21 !

63 2211 91 50 THE
168 2208 156 27 undersigned,
336 2206 82 26 having
427 2203 123 28 purchased
561 2210 12 14 a
581 2202 60 28 large

138 2237 43 23 and
190 2235 76 23 varied
272 2235 132 21 assortment
414 2229 25 24 of
442 2230 37 22 the
489 2230 48 21 best
546 2232 96 24 patterns

61 2266 26 21 of
89 2272 64 14 room
164 2270 68 21 paper
240 2262 34 21 for
280 2260 107 27 hanging,
394 2258 53 26 begs
456 2257 64 22 leave
529 2260 23 17 to
561 2256 80 21 inform

61 2293 37 21 the
115 2289 74 30 public
202 2289 49 22 that
265 2288 28 21 he
308 2288 19 21 is
342 2292 50 15 now
407 2284 95 22 enabled
516 2286 24 19 to
550 2284 40 21 sell
605 2284 36 20 the

61 2326 61 15 same
131 2321 24 18 at
164 2324 53 19 very
227 2314 97 23 reduced
334 2313 79 27 prices.

141 2351 96 21 George
252 2349 95 24 Briggs,
359 2345 92 23 Painter
460 2343 43 23 and
517 2342 96 27 Glazier,

60 2385 120 23 Thorndon
190 2384 71 25 Quay,
267 2389 53 15 near
330 2378 154 30 Couper's,the
494 2378 84 21 Thistle
590 2377 51 22 Inn.

87 2418 99 25 January
195 2415 34 26 27,
240 2415 61 21 1843.

242 2459 36 22 W.
294 2459 34 22 M.
344 2455 107 27 SMITH,

61 2503 56 14 LATE
127 2497 235 19 SURVEYOR-GENERAL
373 2496 28 15 TO
413 2496 45 14 THE
472 2495 52 14 NEW
539 2493 102 15 ZEALAND

293 2523 115 20 COMPANY,

87 2553 141 25 Surveyor,
242 2549 212 27 Draughtsman,
469 2546 55 21 and
538 2545 76 21 Land

301 2576 101 26 Agent.

60 2608 174 28 Tinakori-road,
246 2608 101 26 January
358 2607 22 25 4,
392 2606 61 21 1843.

280 2655 55 20 For
349 2651 69 21 Sale.

61 2691 51 48 A
139 2685 289 26 DWELLING-HOUSE
455 2691 28 14 on
507 2683 136 26 Wellington

138 2716 102 26 Terrace,
252 2712 96 29 adapted
356 2712 38 21 for
402 2719 12 14 a
423 2710 66 23 small
498 2709 84 27 family.

87 2744 44 22 For
140 2742 137 28 particulars,
287 2738 93 30 enquire
389 2741 24 18 at
421 2738 39 21 the
470 2738 61 21 Store
541 2737 27 20 of

207 2775 32 21 H.
256 2775 104 21 Taylor-
366 2771 21 22 &
401 2771 53 26 C0.,-
459 2770 158 22 Willis-street.

87 2811 113 25 February
209 2810 21 24 3,
240 2809 61 21 1843;

281 2853 55 21 For
350 2850 68 22 Sale.

61 2889 92 28 rpHE
169 2888 77 27 eighth
261 2889 50 25 part
320 2885 28 22 of
353 2884 68 22 Town
432 2884 66 25 Acre,
510 2882 44 22 No.
566 2883 41 20 400
617 2888 27 14 on

68 2907 30 31 X
135 2915 38 22 the
197 2916 111 24 Surveyor
327 2910 118 23 General's
468 2909 62 26 Plan,
555 2909 20 21 is
596 2908 49 22 well

60 2942 80 22 fenced
148 2942 24 21 in
183 2940 44 23 and
234 2946 60 15 sown
300 2938 54 23 with
364 2940 54 24 oats,
427 2936 73 22 which
507 2943 37 14 are
553 2935 92 27 looking

61 2969 50 22 well
118 2977 5 19 ;
138 2968 18 22 it
171 2968 19 22 is
203 2966 124 28 pleasantly
341 2963 103 28 situated,
461 2963 45 22 and
525 2962 68 22 about
605 2964 38 20 ten

61 2996 94 22 minutes
164 2994 58 23 walk
231 2993 58 22 from
298 2992 38 22 the
347 2991 129 26 Exchange.

87 3024 44 20 For
141 3025 66 18 terms
217 3028 25 15 or
250 3018 137 30 particulars,
397 3017 68 27 apply
474 3020 22 18 to

187 3055 22 22 J.
225 3055 133 24 Shepherd,
375 3053 22 21 at
407 3050 47 23 Col.
465 3049 151 23 Wakefield's.

87 3083 141 26 Februarys,
240 3081 62 21 1843.

284 3126 55 19 For
352 3122 71 24 Sale,

63 3161 89 50 THE
167 3158 145 24 COTTAGE
326 3155 97 24 situated
431 3155 25 22 in
472 3154 101 23 Oriental
587 3155 55 27 Bay,

134 3187 44 23 and
192 3185 69 28 lately
270 3182 108 29 occupied
392 3182 30 27 by
432 3182 38 21 the
486 3181 156 27 undersigned.

63 3216 19 21 A
95 3215 53 27 long
165 3214 60 22 lease
244 3212 25 22 of
284 3211 40 23 the
338 3209 85 22 section
437 3215 59 21 upon
514 3208 74 21 which
606 3208 38 22 the

61 3241 66 23 house
136 3240 76 24 stands
221 3239 46 23 will
275 3239 32 25 be.
313 3236 103 30 granted.

86 3269 68 22 Town
162 3267 58 23 laud
226 3266 46 23 will
279 3266 29 22 be
317 3264 70 22 taken
394 3263 25 22 in
428 3262 123 27 exchange.

87 3296 42 22 For
137 3295 88 22 further,
229 3292 137 29 particulars,
378 3289 67 29 apply
453 3292 23 19 to

380 3326 97 22 George
491 3325 89 27 Duppa,
595 3331 24 15 or

378 3353 37 22 W.
430 3352 30 22 V.
474 3352 103 22 Brewer

158 3401 183 26 Preliminary
354 3398 80 21 Land
448 3398 93 21 Order.

64 3435 62 48 TO
140 3435 38 22 BE
193 3433 89 26 SOLD,
300 3439 29 15 an
349 3429 72 23 Order
436 3429 36 23 for
488 3429 38 22 the
545 3429 100 27 Country

132 3461 70 27 Land,
213 3463 38 25 yet
259 3457 131 25 unselected
391 3469 27 3 —
419 3461 67 18 terms
494 3456 87 23 liberal.
602 3456 48 25 For,

63 3488 132 28 particulars,
207 3487 68 29 apply
285 3489 24 18 to

176 3521 93 21 Messrs.
284 3518 104 22 Brewer
402 3516 49 22 and'
461 3516 155 22 Blathwayt.

89 3552 97 30 January
195 3555 33 25 11,
240 3553 62 22 1843.

223 3598 92 22 Beach
331 3596 146 25 Frontage.

69 3631 59 48 TO
141 3632 38 23 BE
193 3632 67 27 LET,
274 3629 74 25 beach
355 3630 103 27 frontage
472 3627 43 23 lots
526 3627 24 23 in
561 3630 83 20 section

133 3660 40 21 490
183 3667 28 14 on
227 3659 39 22 the
275 3658 58 22 Plan
343 3657 26 21 of
376 3655 39 23 the
423 3654 69 24 Town
505 3655 28 21 of
538 3655 106 27 Welling-

68 3685 40 27 ton,
119 3685 111 28 adjoining
239 3686 43 22 Mr.
291 3683 90 24 Taine's
388 3685 68 24 store;
472 3681 45 22 and
526 3681 24 22 in
560 3681 83 23 section

68 3712 42 26 616,
116 3712 97 23 between
221 3712 75 28 Major
303 3710 93 24 Baker's
407 3708 44 23 and
459 3708 44 22 Mr.
510 3709 134 21 Swainson's

69 3735 78 26 houses.

92 3765 51 22 Also
151 3765 37 22 the
195 3766 115 27 following
319 3763 100 24 sections
426 3769 30 15 on
465 3761 39 23 the
509 3761 59 23 Plan
574 3762 27 22 of
606 3762 37 22 the

70 3787 68 32 Town,
147 3792 45 22 viz:
193 3803 28 6 —

161 3817 27 23 55
322 3819 42 21 319
512 3816 43 21 922

149 3846 41 21 240
323 3845 53 23 718-
500 3841 55 23 1079

93 3869 68 30 Apply
173 3874 26 19 to
291 3888 3 9 ,

233 3898 27 22 E.
275 3899 22 21 J.
312 3897 151 26 Wakemeld,
477 3902 29 16 or-

231 3930 37 22 W.
282 3930 29 22 V.
326 3929 108 27 Breweri,
448 3928 193 23 Manners-street.

670 802 129 23 NOW'S
833 803 114 22 YOUR
979 802 105 23 TIME
1116 802 81 21 FOR
1230 800 21 22 A

860 834 202 22 BARGAIN.
1103 831 6 7 '

671 889 64 20 Just
750 888 132 25 received,
898 894 35 16 ex
1146 887 55 21 and
1215 892 36 15 on

773 915 60 21 Sale
848 916 36 25 by
899 916 44 20 the
959 914 193 27 undersigned,

670 948 120 49 NAVY
804 948 59 28 blue,
876 948 43 23 and
928 956 14 14 a
950 951 64 25 great
1023 948 84 26 variety
1117 947 25 22 of
1155 945 97 24 assorted

751 975 76 27 prints,

699 1002 150 21 Mousselaine
860 1002 27 21 de
897 1002 75 26 lames,
983 1000 148 23 mousselaine
1141 1000 44 22 and
1194 1000 59 27 print

672 1028 92 27 dresses,

698 1055 111 22 Bleached
819 1055 47 22 and
874 1054 138 23 unbleached
1022 1054 76 27 calico,

698 1082 23 21 A
729 1084 63 28 g^eat
801 1082 84 26 variety
896 1082 25 21 of
928 1082 87 26 shawls,

699 1108 67 26 Satin,
775 1111 104 23 sarsanet,
891 1108 44 21 and
943 1115 71 19 gauze
1024 1108 83 26 ribbon,

698 1134 101 27 Jaconet,
809 1134 54 22 hair-
870 1134 59 26 cord,
941 1134 43 21 and
994 1134 55 21 mull
1058 1134 84 26 mullin,

699 1160 74 21 White
783 1160 49 22 and-
837 1160 106 22 coloured
951 1164 54 23 nett,

698 1187 59 21 Lace
768 1186 83 27 edging
860 1187 45 21 and
914 1187 94 27 quilling
1017 1189 55 24 nett,

698 1212 86 22 French
794 1214 101 21 artificial
903 1213 92 27 flowers,

698 1239 90 22 Ladies'
797 1240 82 26 lasting
887 1240 45 21 and
942 1242 74 24 patent
1024 1239 85 22 leather
1119 1239 71 27 shoes,

699 1266 71 27 Cloth,
778 1266 122 27 velveteen,
909 1266 44 21 and
959 1266 108 22 moleskin
1076 1266 101 27 shooting
1184 1268 67 25 coats,

700 1293 113 26 Superfine
825 1293 59 21 cloth
895 1293 45 21 and
949 1293 62 27 fancy
1024 1293 49 21 drill
1083 1296 107 24 trowsers>

698 1319 64 22 Dork
772 1319 43 22 and
823 1318 54 23 buff
881 1319 96 22 valentia
980 1326 4 5 1
987 1319 129 26 waistcoats,

698 1346 97 27 Regatta
803 1346 46 22 and
859 1346 64 21 white
933 1346 72 27 shirts,

699 1373 82 27 Men's,
798 1373 97 27 youths',
914 1373 44 22 and
971 1373 61 27 boys'
1047 1375 75 25 strong
1130 1373 64 21 boots
1208 1372 45 22 and

672 1398 68 28 shoes,

700 1426 59 21 Rose
769 1429 89 24 quarter
868 1426 107 27 blankets,
986 1427 56 26 10-4,
1055 1427 55 26 11-4,
1123 1427 55 25 12-4,

699 1453 52 26 Day
760 1453 44 21 and
813 1453 66 27 night
888 1453 125 27 telescopes,

700 1480 22 21 A
731 1482 63 23 great
802 1479 101 28 quantity
914 1480 25 21 of
945 1479 58 22 Irish
1012 1479 42 22 salt
1062 1479 62 28 pork,

699 1505 53 28 Tea,
763 1513 72 20 sugar,
848 1507 74 26 coffee,
934 1513 87 21 pepper,

700 1534 26 19 10
735 1540 60 14 cases
804 1533 101 27 superior
914 1536 48 24 port
971 1533 64 27 wine,
1044 1533 24 21 in
1077 1534 14 20 3
1102 1533 73 22 dozen
1183 1540 68 19 cases,

700 1559 22 21 A
729 1562 63 23 great
799 1560 102 27 quantity
907 1560 24 21 of
936 1560 62 21 other
1004 1559 75 28 goods,
1089 1563 37 18 too
1133 1566 120 15 numerous

672 1588 23 19 to
704 1587 106 21 mention.

699 1614 50 23 BP°
764 1613 36 21 On
815 1616 96 19 account
921 1613 26 21 of
959 1613 61 22 these
1034 1613 69 27 goods
1121 1613 68 26 being
1202 1620 52 20 pur-

673 1639 82 22 chased
773 1640 35 21 for
827 1640 57 26 cash,
904 1640 88 21 enables
1012 1639 37 22 the
1067 1639 148 28 undersigned
1230 1642 23 19 to

672 1666 40 21 sell
722 1666 60 25 them
792 1667 71 21 under
874 1667 56 21 their
940 1666 64 22 usual
1015 1667 76 26 prices.

794 1700 127 22 SAMUEL
936 1700 67 21 AND
1021 1699 122 26 JOSEPH,

935 1731 160 21 Wellington
1110 1730 88 25 House,

1034 1757 54 21 Port
1096 1756 129 22 Nicholson.

699 1784 113 27 February
823 1786 20 25 9,
856 1786 59 20 1843.

673 1830 88 50 FOR
775 1830 84 26 SALE,
877 1837 27 15 ex
915 1831 116 25 Margaret,
1042 1829 48 27 &c,

744 1857 27 21 25
785 1857 78 21 tierces
874 1856 57 28 beef,
949 1858 18 19 ®

698 1885 14 20 3
726 1886 50 19 tons
787 1883 94 22 colonial
890 1883 52 28 hay,

698 1912 14 20 3
725 1912 50 20 tons
785 1910 60 22 Siam
856 1917 70 20 sugar,

697 1939 29 20 30
738 1936 83 23 barrels
830 1936 85 23 bottled
925 1936 41 28 ale,

698 1964 28 21 50
739 1964 67 21 boxes
816 1966 44 25 tea,

698 1991 28 20 50
738 1989 41 22 ash
789 1997 55 18 oars,

698 2017 28 18 30
740 2019 48 16 tana
797 2016 67 24 coals,

700 2039 59 26 Port,
771 2039 84 26 sherry,
865 2040 45 20 and
921 2040 103 21 Madeira
1037 2040 25 20 in
1070 2039 77 26 bottle,
1159 2038 96 22 Ruther-

672 2064 51 22 ford
732 2065 44 21 and
787 2065 95 26 Drury's
892 2065 77 26 brand,

700 2091 101 27 Liquers,
811 2092 24 21 in
846 2092 71 21 dozen
928 2099 68 20 cases,

700 2117 150 28 Champagne,

700 2145 98 26 Brandy,
808 2152 57 19 rum,
877 2145 44 21 and
928 2145 38 26 gin
976 2145 24 21 in
1010 2144 72 27 hhds.,

700 2173 28 19 30
742 2174 50 18 tons
801 2171 49 22 best
860 2171 89 27 Sydney
957 2171 63 26 flour,

700 2198 28 21 50
741 2200 49 19 tons
801 2197 86 23 Chilian
896 2198 62 27 flour,
970 2206 28 14 ex
1009 2198 104 25 Cheerful.
1135 2207 3 5 <

986 2225 84 21 Waitt
1084 2224 45 22 and
1143 2225 84 21 Tyser.

700 2251 112 26 February
825 2253 33 24 10,
870 2252 59 20 1843.

674 2295 91 48 THE
788 2296 79 20 Nelson
888 2296 116 20 Examiner
1027 2296 42 20 and
1090 2297 52 19 New
1164 2296 94 20 Zealand

747 2322 110 21 Chronicle
874 2321 123 27 (published
1007 2325 23 19 at
1039 2322 99 27 Nelson,)
1155 2322 20 21 is
1192 2329 64 21 regu-

670 2347 59 29 larly
748 2349 141 22 transmitted
903 2352 23 19 to
942 2349 143 27 Wellington^
1105 2349 44 22 and
1164 2356 51 20 may
1228 2349 28 21 be

672 2374 43 22 had
726 2379 23 18 at
757 2376 38 21 the
805 2376 64 21 office
879 2376 24 21 of
914 2376 43 21 this
966 2383 74 21 paper.

699 2402 48 22 The
756 2404 79 19 Nelson
843 2404 116 19 Examiner
973 2401 47 24 will
1027 2403 28 22 be
1064 2402 70 22 found
1143 2409 30 14 an
1183 2401 73 22 excel-

671 2428 49 22 lent
728 2430 98 21 medium
836 2430 36 21 for
881 2430 138 21 advertisers.

698 2456 78 22 Terms
786 2456 33 22 for
829 2456 38 22 the
877 2464 72 20 paper,
961 2460 36 18 ten
1006 2456 100 26 shillings
1119 2463 40 19 per
1168 2458 89 24 quarter

671 2482 94 28 payable
773 2483 24 22 in
807 2483 108 22 advance.

700 2509 81 22 Orders
804 2510 34 21 for
858 2510 37 21 the
917 2517 68 21 paper
1007 2510 44 21 and
1074 2509 182 22 advertisements

672 2536 103 21 received
785 2540 22 17 at
816 2537 39 21 the
865 2537 71 21 Office
947 2537 24 21 of
983 2536 44 22 this
1035 2543 75 20 paper.

847 2582 107 21 Heifers
968 2582 29 21 in
1012 2581 67 22 Calf.

674 2613 88 49 FOR
776 2613 89 26 SALE,,
874 2613 68 22 about
955 2613 27 22 50
991 2613 100 28 superior
1099 2612 57 22 bred
1168 2611 87 27 heifers,

732 2643 59 19 most
806 2640 26 22 of
843 2640 67 21 them,
919 2640 73 27 heavy
1006 2640 22 21 in
1046 2639 50 28 calf,
1114 2639 45 21 and
1175 2638 82 27 having

673 2667 58 21 been
750 2674 59 14 some
825 2666 54 22 time
893 2667 24 21 in
930 2667 38 21 the
987 2667 92 26 Colony,
1096 2669 40 19 not
1150 2665 66 23 liable
1234 2668 22 18 to

674 2693 66 21 suffer
748 2693 57 22 from
815 2693 38 21 the
863 2693 75 22 effects
948 2693 24 21 of
983 2693 38 22 the
1037 2693 61 22 Toot.
1127 2693 48 21 The
1188 2692 68 22 above

674 2719 66 22 cattle
757 2727 42 15 can
813 2720 28 22 be
858 2720 99 27 strongly
969 2719 179 28 recommended,
1167 2726 23 14 as
1204 2718 52 27 they

674 2746 58 22 have
747 2747 57 21 been
820 2746 97 22 selected
931 2747 57 21 from
1004 2747 37 21 the
1058 2753 119 15 numerous
1192 2745 65 22 cattle

675 2773 59 26 ships
743 2773 72 21 which
824 2773 57 21 have
899 2773 85 23 arrived
997 2773 61 22 here.
1087 2773 75 28 Apply
1176 2775 23 19 to
1211 2771 45 22 Mr.

675 2799 96 27 Revans,
785 2801 87 19 Gazette
881 2800 68 27 office,
962 2808 23 14 or
994 2803 24 19 to
1028 2800 44 22 Mr.
1083 2799 85 27 Hulke,
1177 2798 81 23 Evans'

675 2826 55 27 Bay.

701 2853 63 26 Also,
775 2852 62 22 three
847 2852 114 22 well-bred
970 2860 72 15 mares
1048 2853 24 21 in
1081 2853 64 27 foal,t
1156 2860 13 15 o
1178 2853 80 26 impor-

675 2879 38 22 ted
722 2879 82 22 horses.

774 2925 39 20 To
834 2925 171 26 Proprietors
1021 2924 30 21 of
1063 2925 91 20 Stock.

674 2952 52 47 A
750 2951 197 22 GENTLEMAN
967 2950 49 23 who
1034 2950 41 23 has
1093 2950 60 22 been
1173 2950 87 23 several

753 2985 63 21 years
823 2978 25 21 in
858 2978 80 26 charge
948 2978 26 21 of
984 2977 64 22 stock
1057 2978 24 21 in
1091 2977 113 27 England,
1215 2977 45 22 and

675 3004 49 23 who
738 3004 41 23 has
787 3005 60 22 been
865 3011 63 15 more
947 3004 54 22 than
1020 3004 79 22 twelve
1117 3003 98 22 months'
1235 3004 24 21 in

674 3031 81 27 charge
766 3031 26 22 of
808 3039 43 14 one
868 3031 25 21 of
910 3031 38 22 the
965 3031 84 27 largest
1067 3031 80 21 dairies
1163 3031 24 21 in
1206 3030 54 22 Port

674 3058 129 28 Nicholson,
813 3058 42 22 has
865 3058 139 21 determined
1011 3060 23 19 to
1045 3057 105 22 establish
1164 3065 13 13 a
1192 3057 67 27 sheep

674 3085 45 22 and
728 3085 66 22 cattle
804 3085 87 26 station,
902 3085 100 22 between
1013 3084 96 27 Porirua,
1111 3083 45 22 and
1163 3084 97 27 Wanga-

663 3112 58 27 nui,
741 3112 54 22 with
808 3112 39 21 the
862 3111 111 22 intention
990 3111 27 22 of
1032 3111 78 27 taking
1128 3111 68 27 sheep
1214 3111 46 21 and

674 3139 67 21 cattle
751 3145 29 16 on
790 3138 83 27 shares;
884 3145 25 14 or
915 3138 122 26 otherwise,
1049 3145 24 14 as
1079 3145 52 19 may
1138 3138 30 21 be
1177 3137 83 27 agreed

674 3172 66 20 upon.
769 3165 47 22 The
832 3172 51 16 new-
891 3165 73 22 North
974 3165 71 26 Road,
1056 3171 51 16 now
1116 3171 25 15 in
1150 3171 109 21 progress,

674 3192 47 21 will
729 3192 50 27 give
790 3192 38 21 the
839 3194 58 19 most
904 3192 86 27 perfect
998 3192 86 26 facility
1101 3189 27 24 of
1138 3191 122 22 communi-

674 3218 75 27 cating
757 3219 33 27 by
797 3218 56 22 land
861 3218 53 21 with
924 3218 37 21 the
975 3218 92 27 grazing
1080 3218 96 21 districts
1190 3218 23 21 in
1223 3218 37 21 the

675 3245 70 22 above
768 3245 113 22 indicated
903 3245 115 22 direction.
1064 3245 45 21 For
1129 3241 134 31 particulars'

675 3272 66 27 apply
748 3275 23 18 to
780 3272 38 22 the
830 3273 88 20 Gazette
927 3272 70 21 office.

677 3318 66 48 TO
761 3318 40 22 BE
821 3318 88 26 SOLD,
922 3317 25 22 in
961 3316 43 23 lots
1018 3319 23 19 to
1061 3317 44 21 suit
1122 3316 139 28 purchasers

742 3344 37 22 the
794 3344 71 22 whole
882 3344 27 22 of
918 3347 60 19 town
992 3351 50 15 acre
1059 3344 44 22 No.
1114 3345 47 32 134j
1178 3350 30 15 on
1222 3342 38 22 the

674 3370 53 28 plan
738 3371 26 21 of
766 3371 47 22 the
813 3371 63 22 Town
883 3371 25 21 of
910 3371 143 27 Wellington,
1058 3371 84 27 having
1147 3369 114 29 frontages

675 3401 23 18 to
707 3398 191 22 Taranaki-street
907 3398 44 22 and
961 3399 195 26 Ingestrierstreet
1183 3398 78 22 Terms

673 3424 86 22 liberal.
788 3425 79 28 Apply,
874 3427 22 19 to

1011 3452 35 22 W.
1058 3452 29 21 V.
1097 3452 109 27 Brewer,

1067 3479 193 21 Manners-street.

703 3505 58 23 June
771 3505 33 27 17,
815 3507 62 20 1842.

675 3551 122 25 Country
810 3550 126 21 Sections
954 3550 43 21 for
1016 3550 60 22 Sale
1097 3556 39 15 on
1153 3551 107 21 Liberal
1262 3549 2 15 1

665 3584 6 4 ■
688 3579 10 3 '
918 3577 103 21 Terms.

676 3608 172 50 SEVERAL-
875 3608 101 22 Sections
994 3605 40 31 ,of
1060 3609 101 28 Country
1187 3608 72 28 Land,

713 3639 3 5 '
739 3634 96 28 already
840 3634 82 23 chosen
931 3635 24 22 in
965 3634 39 23 the
1016 3635 97 23 Porirua'
1123 3636 92 27 district,
1225 3635 39 22 for:

675 3662 58 27 Sale,
744 3669 75 15 terms
828 3669 107 14 liberal.
963 3662 77 28 Apply
1048 3665 23 20 to
1080 3679 2 4 .

769 3695 25 23 F.
808 3695 31 23 A.
853 3695 170 27 Mole3tvortk,
1039 3695 185 28 Murphy-street,
1236 3702 28 15 or.

769 3722 35 21 W.
819 3722 30 22 V.
863 3722 107 27 Brewer,
980 3722 195 23 Mannersi-street.

866 3768 26 20 J.
907 3768 45 21 M.-
960 3767 109 26 Taylor^

668 3812 2 7 ,
688 3794 152 23 LICENSED
864 3794 243 24 CUSTOM-HOUSE
1127 3793 116 27 AGENT*

921 3829 27 14 TE
962 3827 53 16 ARO.

858 3866 66 20 Just
937 3866 132 22 receive*dl

673 3897 136 52 PLANS'
823 3897 27 21 of
871 3895 36 23 the
929 3897 70 22 Town
1019 3896 27 22 of
1049 3900 5 14 i
1062 3895 166 22 Wellington,

745 3925 65 22 Plan-
822 3923 27 22 of
855 3923 37 23 the
903 3923 106 23 Harbour
1018 3922 26 22 of
1056 3922 54 22 Port
1124 3921 131 23 Nicholson.

1510 706 117 20 Observe
1634 705 5 21 !

1284 737 71 50 ON
1370 739 83 26 SALE,
1465 741 23 19 at
1497 738 37 22 the
1545 738 73 22 Stores
1626 738 24 22 of
1657 738 38 21 the
1704 738 156 26 undersigned,

1359 765 93 27 Raisins,
1462 764 107 27 almonds,
1580 764 43 22 and
1630 764 94 22 walnuts'
1733 765 26 20 of
1765 765 97 26 superior

1283 791 90 28 quality,
1385 791 51 22 with
1453 800 13 13 a
1481 791 76 22 choice
1573 791 104 21 selection
1693 791 26 21 of
1723 791 78 27 cigars,
1817 790 45 22 and

1283 818 109 27 groceries
1403 818 24 22 of
1434 825 66 20 every
1510 818 148 27 description/
1683 838 4 4 .

1495 849 34 21 M.
1546 849 92 26 Asher-,'
1647 849 186 27 Lambton-quay.

1473 893 29 22 R.
1516 892 152 26 BARNETT,
1684 898 6 8 '

1379 919 174 24 Whitesmith
1575 920 55 20 and
1654 919 113 24 Farrier,

1443 958 3 13 ■'
1470 960 122 16 THORNDON
1608 961 64 20 PLAT,

1283 979 110 49 BEGS'
1402 983 22 19 to
1438 980 83 22 inform
1530 980 38 22 the
1578 979 84 28 Public,
1673 979 50 23 that
1731 980 29 22 he
1770 979 50 27 will,
1831 986 29 15 on

1347 1007 106 26 Monday,
1465 1006 113 27 February
1587 1009 33 24 13,
1627 1014 128 14 commence
1761 1006 99 22 business

1281 1039 26 16 as
1315 1033 69 21 above
1393 1033 22 21 in
1425 1033 32 21 all'
1463 1033 28 21 its
1500 1033 114 27 branches,
1625 1033 45 21 and
1680 1033 75 27 hopes,
1764 1033 32 26 by
1801 1033 61 21 strict

1282 1059 107 25 attention
1396 1077 3 6 ,
1408 1059 44 22 and
1470 1059 112 21 moderate
1599 1059 100 27 charges,
1718 1062 22 18 to
1764 1059 67 21 merit
1848 1066 16 14 ai

1282 1086 61 22 share
1354 1086 26 22 of
1386 1086 57 22 their
1451 1089 134 24 patronage-

1307 1112 92 28 Having
1406 1112 46 22 had
1463 1113 111 21 extensive
1587 1113 131 26 experience
1731 1112 25 21 in
1771 1111 91 27 shoeing

1281 1139 25 22 in
1323 1147 43 14 one
1384 1139 26 22 of
1425 1139 38 22 the
1480 1139 108 27 principal
1604 1139 99 27 sporting
1711 1138 110 28 ..counties
1839 1139 25 21 of

1283 1166 109 27 England,
1408 1166 28 22 he
1446 1169 67 19 trusts
1528 1169 22 18 to
1564 1166 50 26 give
1630 1165 135 22 satisfaction
1780 1166 23 20 in
1814 1165 48 22 that

1281 1192 84 22 branch
1375 1193 24 21 of
1406 1193 36 21 the
1450 1192 108 22 business.

1310 1219 51 21 Iron
1368 1219 60 22 work
1434 1219 25 21 of
1465 1226 66 20 every
1538 1219 131 27 description
1678 1218 33 23 for
1719 1218 143 27 agricultural

1281 1246 145 27 implements,
1438 1253 101 14 common
1550 1246 42 21 and
1602 1246 75 27 spring
1686 1249 63 23 carts,
1761 1246 40 20 &c.
1812 1246 48 25 &c,

1281 1272 64 22 made
1356 1276 22 18 to
1389 1272 62 22 order
1461 1279 29 15 on
1499 1272 38 22 the
1547 1275 57 19 most
1614 1272 110 27 approved
1734 1271 125 28 principles,

1281 1299 45 21 and
1335 1306 31 14 on
1375 1298 127 22 reasonable
1513 1302 74 18 terms.

1309 1326 96 26 Engines
1423 1326 44 21 and
1484 1325 98 27 printing
1600 1332 86 20 presses
1709 1324 88 22 erected
1819 1324 43 22 and

1282 1352 106 27 repaired.

1309 1380 27 21 R,.
1349 1379 97 26 Barnett,
1462 1378 85 26 having
1560 1378 45 22 also
1620 1378 88 22 worked
1723 1378 35 21 for
1780 1385 14 14 a
1811 1385 51 14 con-

1283 1405 107 23 siderable
1404 1405 77 28 period
1497 1405 24 21 in
1530 1405 38 21 the
1578 1404 110 22 Chatham
1703 1402 126 29 Dockyard,
1844 1404 18 22 is

1282 1432 107 28 perfectly
1404 1434 133 20 conversant
1555 1431 51 22 with
1625 1432 31 21 all
1671 1431 83 27 species
1773 1431 25 21 of
1814 1430 48 28 ship

1284 1458 111 28 smithing.

1452 1492 55 15 BELL
1524 1485 167 26 HANGINGv&C.
1723 1495 16 4 ••

1310 1518 119 23 Thorndon
1439 1518 59 27 Flat,'
1507 1518 54 22 Port
1570 1517 127 28 Nicholson,

1391 1545 111 28 February
1510 1546 21 25 4,
1544 1547 59 20 1843.

1430 1589 40 20 To
1484 1589 34 20 be
1533 1589 64 20 Sold
1617 1593 30 16 or
1660 1589 56 20 Let.

1283 1620 11 12 rFWOr
1297 1618 79 23 FWO
1389 1619 99 21 Wooden
1498 1619 95 27 Houses,
1604 1626 29 14 on
1639 1618 38 22 the
1683 1617 180 27 Tinakore-road,

1294 1640 23 27 JL
1361 1646 37 22 the
1416 1646 83 21 second
1517 1653 51 14 acre
1585 1646 58 21 from
1663 1644 93 28 Captain
1773 1642 91 23 Smith's

1329 1672 128 27 containing
1470 1673 50 21 four
1528 1680 73 14 rooms
1611 1672 45 22 and
1670 1679 14 14 a
1697 1678 97 21 passage,
1810 1671 54 21 each

1286 1698 50 22 with
1355 1700 50 21 zinc
1422 1699 66 25 roofs,
1514 1700 45 20 and
1581 1700 22 20 in
1629 1706 66 20 every
1712 1702 87 23 respect
1815 1698 49 21 well

1284 1726 101 22 finished.
1412 1726 106 21 Terms—
1519 1726 25 21 lf
1550 1726 53 26 sold,
1615 1725 58 22 £150
1684 1726 33 21 for
1724 1725 54 21 each
1783 1724 68 23 house
1857 1732 6 19 ;

1284 1752 21 21 if
1314 1752 38 27 let,
1364 1753 30 21 £1
1405 1759 39 21 per
1454 1752 62 22 week
1525 1753 34 21 for
1569 1752 54 22 each
1631 1752 82 22 house.-
1735 1751 76 27 Apply
1820 1754 23 19 to

1671 1785 73 22 James
1759 1784 79 22 Watt.

1297 1812 142 25 Wellington,
1447 1813 59 21 Nov.
1516 1813 34 24 27,
1559 1814 59 20 1841.

1532 1858 89 19 Seeds.

1278 1891 80 27 '/^\N
1369 1891 83 28 SALE,
1463 1894 23 19 at
1495 1891 37 21 the
1543 1892 84 20 Gazette
1632 1891 77 26 Office,
1717 1890 23 22 in
1746 1889 118 29 quantities

1286 1915 45 26 Vir
1363 1921 22 18 to
1392 1918 44 22 suit
1444 1917 137 28 purchasers,
1591 1917 38 23 the
1639 1917 111 28 following
1759 1917 63 23 seeds
1830 1926 5 13 :
1838 1929 26 4 —

1309 1941 79 25 Sword
1395 1945 109 26 long-pod
1512 1944 65 27 bean,

1307 1971 124 28 OiODg-pod
1441 1971 65 26 bean,

1280 2016 3 5 ,
1296 1997 123 26 j&pfeckled
1429 1997 73 21 dwaif
1509 1997 83 27 kidney
1601 1997 66 27 bean,

1277 2025 4 3 '
1312 2021 147 26 BrdScTbean,
1628 2023 8 7 '
1677 2023 96 12 *•*-<«.—
1863 2021 1 4 '

1313 2048 72 20 Horse
1394 2046 64 28 bean,
1470 2056 6 5 •

1314 2073 83 22 Scarlet
1406 2081 89 19 runner,

1313 2100 67 26 Early
1389 2100 108 21 WarwicK
1505 2107 49 20 pea,

1314 2126 66 27 Early
1389 2126 115 22 Mazarine
1514 2134 48 20 pea,

1313 2152 102 22 Prussian
1425 2152 52 22 blue
1486 2161 48 19 pea,

1313 2179 106 22 Nonsuch
1429 2187 48 19 pea.

1314 2206 54 21 Blue
1378 2206 100 26 imperial
1487 2213 50 20 pea,

1314 2232 94 27 Spanish
1417 2232 72 21 dwarf
1494 2240 49 19 pea,

1314 2259 71 26 Large
1396 2258 95 27 cabbage
1502 2259 87 27 lettuce,

1314 2285 130 22 Drumhead
1454 2286 98 26 cabbage
1561 2286 88 27 lettuce,

1314 2312 113 21 Battersea
1437 2312 105 27 cabbage,

1314 2338 129 22 Drumhead
1453 2339 104 27 cabbage,

1314 2366 50 21 Red
1375 2365 73 22 Dutch
1458 2365 105 27 cabbage,

1315 2392 92 22 Puller's
1417 2392 59 26 early
1487 2392 105 28 cabbage,

1314 2418 103 22 Prussian
1427 2418 66 22 white
1502 2420 81 26 turnip,

1314 2445 85 22 Yellow
1410 2445 76 22 Swede
1498 2446 80 27 turnip,

1316 2472 78 27 Purple
1405 2475 36 24 top
1451 2472 77 22 Swede
1538 2473 79 27 turnip,

1315 2499 73 21 White
1398 2502 64 19 stone
1472 2500 83 27 turnip,

1316 2525 73 22 White
1399 2526 55 21 horn
1464 2526 82 27 turnip,

1316 2552 70 21 Silver
1394 2552 79 21 leaved
1483 2552 57 27 beet,

1315 2578 50 22 Red
1373 2578 57 28 beet,

1314 2606 109 26 Mangold
1435 2606 95 26 wurtsel,

1314 2632 141 27 Altringham
1465 2636 80 24 carrot,

1315 2658 67 28 Early
1390 2659 56 22 horn
1457 2663 80 23 carrot,

1316 2686 64 26 Long
1390 2693 80 20 orange
1481 2689 78 24 carrot,

1314 2712 75 21 White
1399 2712 106 28 mustard,

1315 2738 81 22 Curled
1406 2747 64 19 cress,

1315 2766 65 26 Long
1389 2766 77 22 scarlet
1475 2766 81 27 radish,

1314 2792 75 22 White
1397 2793 73 27 turnip
1479 2793 80 27 radish,
1666 2798 4 22 ;

1315 2819 50 22 Red
1373 2820 73 26 turnip
1456 2819 81 27 radish,

1316 2846 131 26 Strasburgh
1456 2846 75 27 onion,

1316 2872 79 22 Brown
1405 2870 96 30 Spanish
1510 2873 73 27 onion,

1316 2899 96 27 Parsnip,

1316 2926 81 21 Curled
1406 2926 93 27 parsley,

1317 2953 72 21 Green
1401 2953 75 22 curled
1488 2952 79 24 endive

1316 2979 105 22 Batavian
1432 2980 87 26 endive,

1316 3006 67 26 Leek,

1316 3033 132 27 Asparaguß,

1317 3060 42 21 Sea
1368 3060 50 26 kail,

1317 3086 72 22 Globe
1399 3093 84 21 savoys,

1319 3112 78 22 Curled
1406 3114 91 24 brocoli,

1316 3139 49 22 Red
1374 3139 55 22 solid
1439 3140 74 27 celery
1522 3140 45 22 and
1576 3139 65 23 white
1652 3139 79 28 celery;

1317 3166 101 26 Cabbage
1430 3166 89 27 lettuce,

1281 3203 5 9 t
1317 3193 101 22 Summer
1427 3200 87 20 savory,

1316 3220 87 21 Winter
1411 3227 87 20 savory,

1317 3247 63 26 Sage,

1317 3273 73 21 White
1399 3273 58 27 beet,

1316 3299 92 27 Thyme,

1280 3335 4 6 '
1317 3326 97 23 Brussels
1423 3330 96 25 sprouts,^

1279 3353 6 25 \
1316 3354 92 26 Borage,

1316 3380 122 26 Angelica,,

1317 3403 73 25 White
1401 3407 77 22 selesia
1486 3406 89 28 lettuce,

1282 3441 3 6 1
1317 3434 80 21 Brown
1406 3434 45 21 and
1459 3434 67 22 white
1528 3441 3 9 !
1535 3441 49 21 gos3
1592 3433 90 27 lettuce,

1317 3459 92 28 Salsafyj

1283 3506 4 3 .
1318 3486 71 23 Vanal
1399 3486 102 29 cabbage,

1317 3512 77 28 Sorell,

1317 3539 92 27 Fennel^

1317 3566 120 28 Lavender,

1281 3606 6 7 ,
1318 3594 64 25 Long
1390 3593 85 28 prickly
1484 3594 126 25 cucumber,

1318 3621 74 22 Sweeti
1396 3620 55 22 basil
1460 3620 45 23 and
1514 3620 56 22 bush
1578 3619 63 27 basil,

1317 3647 96 28 Hyssop,

1283 3674 3 7 '
1317 3672 68 28 Early
1394 3672 139 24 cauliflower.

1317 3700 55 23 Also
1382 3706 14 15 a
1409 3700 86 27 variety
1505 3699 25 22 of
1533 3699 78 22 'flower
1614 3699 78 27 'seeds,
1702 3699 56 22 both
1768 3699 96 24 Colonial

1290 3728 44 21 and
1343 3726 100 23 English.

1281 3766 4 11 :
1341 3772 66 22 Port
1419 3772 152 21 Nicholson
1585 3771 54 21 and
1650 3770 161 28 Wanganui.

1290 3803 162 54 SEVERAL
1466 3803 70 23 Town
1551 3803 44 22 and
1611 3801 98 29 Country
1727 3803 98 23 Sections
1842 3804 22 22 in

1325 3831 5 10 1
1352 3832 62 22 these
1423 3831 96 22 districts
1527 3834 24 19 to
1559 3830 28 22 be
1596 3829 50 22 sold
1646 3832 8 6 r
1655 3834 24 16 or
1693 3830 38 21 let:
1760 3829 44 23 For
1815 3837 49 20 par-

1287 3859 90 24 ticulars
1385 3857 46 23 and
1440 3861 74 24 termsj
1525 3857 65 28 apply
1599 3860 24 18 to

1587 3890 95 21 Robert
1696 3888 27 23 Ri
1738 3889 99 23 Strang.

1314 3920 89 26 August
1410 3919 20 26 4i
1441 3918 68 22 1842..

2092 709 96 22 Public
2202 711 67 22 Sale.

1894 739 159 49 MESSRS.
2076 741 149 25 BETHUNE
2248 746 68 22 AND
2340 746 131 27 HUNTER

1966 773 37 15 are
2012 769 120 21 instructed
2141 771 23 20 to
2173 770 40 22 sell
2222 772 30 26 by
2259 772 97 28 auction,
2367 781 27 16 on
2405 774 66 23 Wed-

1936 793 83 27 nesday
2029 798 60 23 next,
2100 795 38 22 the
2149 796 50 22 15th
2208 797 113 29 February
2330 800 91 28 instant,

1892 826 187 25 POSITIVELY
2098 830 148 23 WITHOUT
2266 833 143 24 RESERVE
2431 836 39 22 TO

1961 875 5 3 .
1985 854 95 23 CLOSE
2095 856 285 26 CONSIGNMENTS:—

1918 881 26 20 10
1953 880 70 23 boxes
2032 883 82 27 starch,

1918 908 13 19 2
1941 907 123 28 tons^flour,

1919 931 59 35 l.&g
1987 935 101 26 wrought
2102 943 50 15 rose
2166 938 67 26 nails,,
2311 955 3 3 .
2342 936 7 4 '

1917 960 13 19 5
1940 959 110 27 packages
2059 962 99 27 clothing
2163 964 42 21 and
2212 964 83 22 British
2300 966 170 29 manufactures,

1890 989 87 23 regatta
2000 987 45 21 and
2052 1006 4 4 .
2067 988 65 22 other
2154 988 71 28 shirts,
2246 991 95 28 jackets,
2366 996 105 25 trowsers,

1890 1012 132 26 glorp*.and
2032 1013 94 29 hosiery,
2139 1015 90 28 dresses,
2239 1017 56 28 lace,
2307 1019 92 28 netting,
2411 1021 48 26 &c,

1919 1040 26 19 10
1956 1039 71 21 dozen
2037 1040 58 26 pairs
2106 1041 58 22 duck
2173 1045 107 26 trowsers,
2291 1045 13 20 5
2314 1045 73 27 pieces
2396 1046 57 27 drill,

1880 1082 17 3 ._
1919 1065 114 26 90-glazed
2042 1067 97 22 -window
2143 1069 88 27 -sashes,

1914 1093 16 25 .1
1933 1093 13 19 0
1954 1099 46 19 /pan
2003 1099 12 14 n
2018 1092 60 23 elled
2081 1094 79 28 .dobrs,

1918 1119 26 20 20
1954 1118 84 23 barrels
2047 1124 35 17 tar
2090 1121 47 22 and
2145 1122 68 28 pitch,

1919 1144 13 22 7
1941 1144 95 28 ploughs
2046 1148 117 27 complete,

1919 1170 63 23 Cows
1991 1172 47 21 and
2047 1173 92 23 bullock
2147 1176 42 21 ties
2198 1176 44 22 and
2252 1176 81 28 chains,

1920 1197 164 30 Irdnmongery
2092 1202 46 21 and
2148 1202 133 28 carpenters'
2292 1205 63 27 tools,

1919 1225 141 27 Glass-ware,
2072 1226 122 30 decanters,
2206 1230 113 28 tumblers,
2331 1232 42 21 and
2387 1232 72 28 wines,

1918 1253 27 19 50
1955 1253 67 20 boxes
2033 1253 93 22 window
2135 1255 64 27 glass,
2212 1256 44 22 and
2266 1265 15 13 a
2289 1258 86 25 variety
2381 1259 25 21 of
2412 1259 62 23 other

1892 1277 163 29 merchandize,
2067 1280 40 21 &c.

2153 1315 62 21 ALSO,

1919 1336 54 23 Two
1998 1339 154 23 well-finished
2175 1350 85 14 houses
2283 1345 45 21 and
2352 1353 68 14 shops
2443 1354 29 15 on

1893 1364 112 22 Lambton
2032 1366 73 27 Quay,
2132 1368 93 23 situated
2254 1370 100 23 between
2384 1373 87 22 Messrs.

1893 1391 99 22 Wallace
2003 1392 45 21 and
2057 1393 36 21 Co.
2098 1394 17 22 's
2125 1395 45 21 and
2184 1396 43 22 Mr.
2240 1397 129 28 M'Gregor,
2385 1399 88 23 Watch-

1893 1418 87 26 maker;
1992 1425 42 15 one
2041 1421 106 26 occupied
2152 1422 30 27 by
2188 1423 43 22 Mr.
2238 1423 109 29 Johnson,
2356 1426 116 26 Tinsmith,

1893 1447 23 18 at
1926 1446 43 19 16s.
1979 1452 39 20 per
2027 1446 62 22 week
2098 1451 57 19 rent.

1921 1472 22 19 A
1972 1479 205 18 dwelling-house
2205 1476 44 22 and
2278 1485 56 15 shop
2359 1475 115 32 adjoining

1894 1498 154 22 Freemason's
2057 1500 95 29 Tavern,
2161 1501 67 29 lately
2236 1505 106 27 occupied
2351 1505 30 27 by
2387 1506 87 22 Minifie

1895 1524 45 21 and
1954 1524 115 29 Marshall,
2089 1527 106 30 Painters,
2212 1530 44 22 and
2271 1538 50 15 now
2338 1538 30 15 an
2385 1532 89 25 Eating-

1895 1551 76 21 house.

1923 1578 20 21 A
1954 1579 100 28 quantity
2064 1580 25 21 of
2094 1582 109 22 seasoned
2212 1583 97 22 Timber.

1922 1609 142 29 Wellington,
2076 1612 112 28 February
2198 1615 32 25 14,
2241 1615 61 22 1843.

1949 1656 147 22 Extensive
2121 1658 61 21 Sale
2206 1659 30 21 of
2258 1660 86 27 Sheep
2368 1663 54 20 and

2088 1684 199 23 Merchandize.

1897 1716 92 47 MR.
2005 1714 84 24 JOHN
2105 1717 93 23 WADE
2212 1719 39 22 has
2266 1720 104 23 received
2384 1722 92 23 instruc-

1987 1745 65 24 tions,
2062 1743 57 22 from
2130 1745 89 22 Messrs.
2229 1746 71 23 Waitt
2308 1748 46 21 and
2366 1749 75 27 Tyser,
2452 1754 22 18 to

1897 1769 40 22 sell
1947 1769 29 26 by
1986 1770 104 27 Auction,
2103 1773 23 19 at
2135 1771 56 23 their
2201 1773 78 27 Stores,
2288 1781 28 15 on
2323 1774 82 29 Friday
2412 1780 61 24 next,

1897 1798 22 20 at
1930 1797 25 20 12
1964 1802 67 21 noon,
2043 1796 38 22 the
2093 1797 115 29 following
2221 1799 67 28 sheep
2303 1802 46 21 and
2362 1802 75 27 goods,
2448 1810 28 15 ex

1896 1823 116 26 Margaret,
2024 1823 40 22 &c.
2065 1835 28 5 —

1925 1851 40 20 150
1978 1849 33 22 fat
2019 1849 174 29 three-year-old
2204 1853 100 28 wethers,

1923 1877 27 20 25
1965 1877 78 21 tierces
2052 1877 58 27 beef,

1923 1905 28 19 30
1965 1903 54 27 bags
2030 1903 60 23 Siam
2100 1911 71 20 sugar,

1923 1931 28 20 20
1965 1932 49 19 tons
2024 1931 66 26 coals,
2161 1928 2 16 !

1923 1958 28 19 80
1965 1962 60 16 cases
2036 1957 85 22 bottled
2131 1959 41 26 ale,

1923 1985 14 19 8
1950 1981 65 23 hhds.
2027 1983 94 28 brandy,
2158 2002 2 7 ,

1924 2011 11 19 1
1951 2008 229 30 tonjamagedftqur,

1921 2034 43 20 ZOO
1978 2034 70 21 dozen
2058 2034 112 27 tumblers,

1922 2061 28 20 20
1965 2059 70 22 dozen
2043 2060 189 30 looking-glasses,

1922 2086 55 21 And
1986 2093 14 14 a
2008 2086 60 28 large
2078 2090 104 25 quantity
2189 2089 25 21 of
2220 2091 84 28 sundry
2312 2094 162 27 merchandize,

1897 2115 24 18 to
1931 2114 60 19 close
2001 2118 171 24 consignments,
2184 2117 43 21 and
2238 2118 43 22 will
2292 2119 26 22 be
2326 2121 51 21 sold
2386 2122 91 23 without

1894 2145 95 16 reserve.

2089 2175 74 15 TERMS
2178 2177 27 14 AT
2220 2179 63 14 SALE.

1923 2199 142 27 Wellington,
2078 2201 113 29 February
2201 2204 31 26 14,
2245 2206 59 20 1843.

1911 2244 60 21 Sale
1988 2244 29 21 of
2029 2246 87 21 Town
2132 2247 29 20 of
2173 2249 53 20 and
2241 2249 123 28 Country
2377 2253 83 21 Land.

1899 2278 91 48 MR.
2006 2278 84 22 JOHN
2105 2279 93 24 WADE
2209 2282 18 21 is
2236 2282 118 24 instructed
2366 2288 22 19 to
2397 2287 40 21 sell
2446 2288 30 25 by

1990 2305 77 22 Public
2087 2307 105 27 Auction,
2208 2312 23 18 at
2249 2309 37 22 the
2304 2310 54 28 long
2372 2320 62 15 room
2453 2317 23 19 at

1898 2332 107 21 Barrett's
2027 2332 77 27 Hotel,
2127 2341 29 14 on
2179 2335 145 29 Wednesday,
2353 2338 37 23 the
2417 2341 58 21 22nd

1898 2359 119 26 February,
2030 2360 59 26 1843,
2100 2362 24 19 at
2134 2362 10 20 1
2155 2362 83 22 o'clock
2247 2364 115 28 precisely,
2370 2373 104 16 without

2137 2402 105 22 RESERVE,

2006 2425 113 23 TOWN
2142 2427 101 23 ACRE
2265 2429 44 22 No.
2328 2431 41 21 895

1899 2459 28 14 on
1938 2452 38 21 the
1986 2452 55 21 Plan
2051 2452 26 21 of
2084 2453 139 28 Wellington,
2231 2455 90 24 divided
2329 2457 49 22 into
2385 2458 34 21 six
2426 2459 50 22 lots.

1899 2479 53 21 This
1963 2486 50 14 acre
2027 2479 20 21 is
2062 2479 79 23 situate
2152 2481 25 21 in
2191 2481 31 22 Te
2239 2482 54 28 Aro,
2306 2484 45 21 and
2366 2485 111 22 embraces

1899 2512 41 15 one
1951 2506 26 20 of
1984 2505 36 22 the
2031 2509 57 18 most
2095 2506 118 27 delightful
2219 2509 114 22 situations
2339 2510 25 23 in
2370 2511 107 28 Welling-

1900 2536 43 28 ton,
1954 2532 69 27 being
2032 2533 133 27 completely
2173 2535 110 22 sheltered
2294 2536 58 23 from
2363 2538 33 21 all-
2401 2538 74 28 winds,

1900 2559 65 21 while
1975 2559 37 21 the
2022 2567 41 14 sun
2072 2559 75 23 shines
2157 2568 29 14 on
2193 2561 19 21 it
2225 2562 135 27 throughout
2375 2564 37 22 the
2427 2565 49 27 day.

1900 2587 22 20 It
1930 2586 19 21 is
1959 2586 49 21 well
2017 2587 102 26 watered,
2133 2587 45 23 and
2193 2588 43 22 the'
2246 2590 41 21 soil
2302 2590 18 21 is
2336 2591 26 20 of
2373 2592 104 22 first-rate

1900 2613 90 27 quality.
2032 2613 122 28 Intending
2181 2615 130 27 purchasers
2333 2624 37 15 are
2392 2625 85 15 recom-

1900 2639 94 22 mended
2012 2643 22 18 to
2053 2640 51 22 visit
2122 2641 37 21 the
2177 2649 56 20 acre,
2253 2643 72 21 which
2343 2644 67 27 being
2427 2645 52 22 well

1900 2666 94 27 adopted
2010 2666 33 22 for
2058 2674 14 14 a
2087 2667 91 26 garden,
2187 2668 44 22 will
2246 2669 29 21 be
2290 2670 49 21 sold
2347 2671 24 20 in
2386 2678 41 15 one
2436 2671 38 27 lot,

1899 2693 79 21 should
1987 2693 133 28 application
2129 2697 23 19 to
2161 2695 47 22 that
2217 2695 65 22 effect
2296 2696 28 22 be
2334 2697 64 22 made
2408 2701 23 19 to
2440 2698 38 22 the

1900 2720 136 22 Auctioneer
2046 2724 23 18 at
2079 2721 37 22 the
2126 2722 53 21 time
2190 2722 25 21 of
2222 2723 52 22 sale.

2160 2762 61 20 ALSO,

1927 2778 90 22 Several
2031 2778 43 23 lots
2090 2780 27 22 of
2132 2781 42 22 five
2189 2789 60 15 acres
2265 2783 62 28 each,
2342 2783 24 22 in
2379 2784 48 22 that
2440 2793 38 15 ex-

1900 2805 81 22 cellent
1991 2809 94 24 country
2095 2808 96 27 Section,
2209 2808 43 22 No.
2264 2811 26 20 10
2302 2811 23 21 in
2336 2810 38 22 tlie
2386 2811 92 25 Tukapu

1900 2832 99 22 District.

2101 2869 72 14 AFTER
2192 2869 84 21 WHICH,

1926 2892 150 23 QUARTER
2089 2893 39 21 OF
2142 2893 92 23 TOWN
2248 2895 82 22 ACRE
2346 2895 43 23 Noj
2402 2898 48 27 554,

1899 2924 141 27 delightfully
2047 2924 94 22 situated
2150 2928 22 18 at
2182 2924 37 22 the
2223 2926 59 21 back
2288 2926 26 22 of
2320 2926 38 22 the
2363 2928 113 23 residence

1898 2950 27 21 of
1938 2952 28 21 G.
1978 2952 23 20 S.
2012 2951 81 26 Evans,
2111 2951 60 27 Esq.,
2186 2951 52 22 with
2255 2959 28 14 an
2300 2953 111 23 excellent
2425 2956 53 21 resi-

1899 2978 69 21 dence
1976 2985 29 14 on
2014 2978 24 21 it.
2067 2978 53 21 This
2126 2984 52 20 may
2184 2978 27 21 be
2219 2978 114 28 inspected
2339 2980 31 27 by
2375 2981 103 29 applying

1900 3008 21 17 to
1931 3004 38 22 the
1979 3004 126 28 proprietor,
2117 3004 44 22 Mr.
2172 3002 93 30 Branks,
2277 3013 30 15 on
2318 3006 38 22 the
2365 3009 111 25 premises.

2100 3043 73 15 AFTER
2191 3042 85 22 WHICH,

1953 3068 108 22 POAD'S
2085 3067 229 24 BLACKSMITH'S
2335 3070 88 28 SHOP,

1898 3095 97 23 situated
2003 3096 22 21 in
2041 3095 38 21 the
2094 3098 75 18 centre
2185 3095 25 21 of
2222 3095 111 23 Lambton
2349 3097 64 27 Quay
2420 3106 5 18 ;
2441 3098 37 22 the

1898 3123 108 26 building,
2025 3121 73 23 which
2116 3122 20 21 is
2151 3129 53 23 very
2219 3123 107 29 spacious,
2346 3123 20 22 is
2384 3124 57 22 built
2454 3125 25 22 of

1898 3150 70 25 brick,
1979 3149 44 21 and
2038 3148 40 22 has
2087 3155 13 15 a
2110 3147 54 23 slate
2172 3149 55 26 roof,
2239 3149 46 21 and
2293 3149 19 21 is
2321 3150 51 21 well
2384 3151 95 27 adapted

1898 3177 37 22 for
1947 3183 15 15 a
1978 3175 53 27 shop
2045 3182 26 14 or
2088 3177 59 19 store
2166 3175 25 22 of
2206 3182 45 21 any
2265 3176 139 28 description.
2430 3177 49 23 The

1898 3203 53 22 land
1960 3203 19 21 is
1992 3200 54 24 held
2055 3201 71 23 under
2134 3201 59 22 lease
2201 3202 35 22 for
2245 3202 62 23 three
2318 3210 71 21 years,
2399 3204 53 23 with
2466 3212 14 15 a

1898 3229 60 28 right
1976 3229 26 22 of
2015 3228 110 28 purchase
2142 3231 23 19 at
2180 3229 33 22 £7
2227 3236 39 21 per
2285 3230 53 27 foot,
2354 3231 54 22 with
2425 3239 54 19 very

1898 3255 79 23 liberal
1986 3259 67 19 terms
2063 3255 26 21 of
2093 3258 113 24 payment.

1891 3299 3 4 .
1925 3283 48 22 The
1984 3283 49 21 Sale
2043 3282 45 22 will
2097 3281 106 23 conclude
2219 3281 53 23 with
2281 3290 14 14 a
2302 3283 87 29 variety
2396 3283 28 23 of
2431 3291 48 16 use-

1899 3309 32 22 ful
1947 3308 163 27 merchandize,
2128 3308 26 22 of
2166 3308 72 22 which
2252 3310 129 26 particulars
2393 3311 46 22 will
2451 3312 27 21 be

1898 3337 68 26 given
1975 3337 25 21 in
2010 3343 13 15 a
2032 3336 72 21 future
2114 3335 186 23 advertisement..

2091 3375 75 15 TERMS
2180 3375 28 14 AT
2223 3376 63 15 SALE.

1926 3396 114 26 February
2049 3396 33 26 14,
2095 3396 62 21 1843.

1899 3441 172 26 Wellington
2081 3441 122 25 Country
2212 3441 76 21 Land
2294 3441 184 21 Association.

1901 3474 91 21 fTTHE
2007 3473 153 23 MEMBERS
2173 3474 26 21 of
2211 3473 37 22 the
2262 3474 69 22 above
2341 3474 137 22 Association

1907 3495 30 28 X
1975 3507 38 16 are
2027 3500 118 28 requested
2154 3504 22 17 to
2186 3504 64 18 meet,
2253 3504 25 18 at
2287 3500 37 23 the
2341 3500 136 23 Mechanics'

1900 3527 128 23 Institution
2043 3534 29 15 on
2088 3526 150 28 Wednesday,
2253 3527 38 22 the
2307 3528 33 21 Ist
2354 3526 84 26 March,
2454 3528 23 19 at

1899 3554 107 28 half-past
2015 3554 40 22 Six
2063 3554 24 21 in
2100 3553 39 22 the
2149 3553 107 27 Evening,
2266 3556 24 19 to
2299 3561 43 20 pay
2351 3560 31 18 up
2394 3559 83 15 arrears

1900 3582 50 26 due,
1963 3580 45 23 and
2016 3583 23 19 to
2046 3580 61 22 draw
2116 3580 34 21 for
2159 3580 37 21 the
2204 3580 42 21 last
2254 3578 223 30 purchased'section.

1991 3613 21 23 J.
2023 3613 306 26 Wade-&-Wv-A>-Cooper,
2341 3612 109 21 Trustees.

2121 3665 54 22 For
2189 3664 66 22 Sale.

1900 3699 92 48 THE
2007 3697 105 23 HOUSE
2126 3696 44 23 and
2184 3695 146 26 KITCHEN,
2344 3694 95 22 situated
2449 3702 29 15 on

1974 3725 111 22 Lambton
2095 3723 73 28 Quay,
2177 3723 44 22 late
2229 3723 24 21 in
2263 3721 41 22 the
2314 3721 131 28 occupation
2455 3721 26 22 of

1899 3753 38 21 the
1947 3751 125 23 Wakefield
2083 3749 62 23 Club.
2173 3749 43 22 For
2231 3747 145 29 particulars,.
2380 3747 68 30 apply,
2455 3751 23 19 to

2135 3783 106 22 Richard
2250 3780 101 30 .Baker,,

1890 3824 3 11 ,
2196 3808 120 26 Honorary
2325 3808 124 28 Secretary*

1924 3841 145 27 Wellington,
2080 3841 112 25 February
2202 3840 33 24 14,
2247 3839 62 21 1843.

1898 3886 71 50 ON
1984 3885 85 25 SALE,
2084 3888 25 19 at
2117 3884 45 22 this
2173 3883 70 26 office,
2253 3883 71 23 blank
2334 3884 58 23 Bill
2403 3885 76 22 Books

2127 3909 167 28 o«ee,D»e.4.
