2529 4010
687 142 68 20 sugar,
765 137 12 19 2
788 137 60 19 casks
859 137 12 19 2
881 137 51 26 kegs
946 137 152 24 merchandize,
1108 139 13 19 4
1138 144 58 14 cases
1204 139 60 24 wine,

688 163 10 20 1
709 169 47 14 case
763 162 68 27 pipes,
839 165 13 19 8
862 164 96 24 anchors,
969 164 13 19 4
1000 163 78 25 cables,
1087 165 13 19 5
1111 170 57 15 cases
1178 166 86 26 pickles,

688 191 10 19 1
709 189 57 27 dray,
778 190 26 20 10
813 189 51 27 bags
873 191 59 24 bran,
943 191 26 19 10
979 191 35 19 do.
1024 191 84 21 biscuit.

714 223 30 19 In
752 227 47 15 the
982 228 63 15 krom
1054 223 113 20 Poverty
1177 223 59 22 Bay.
1238 235 28 4 —

686 249 103 20 Simmons
798 249 42 21 and
847 250 108 25 Hoggard,
965 250 85 25 Agents.
1052 260 27 4 —
1080 251 13 19 8
1102 252 50 19 tons
1161 254 107 22 potatoes,-

685 276 13 20 3
709 279 46 18 cwt.
765 276 52 25 lard,
828 277 27 19 26
872 277 40 20 live
928 276 52 27 pigs,
994 277 11 19 1
1023 279 37 18 ton
1075 277 43 20 salt
1133 278 62 26 pork,
1206 279 11 20 1
1228 282 36 16 ton

686 303 72 24 maize,
768 304 12 19 4
791 310 57 13 cases
859 304 151 25 merchandize,
1020 304 84 20 Martin
1114 304 42 21 and
1166 306 34 20 Co.

714 334 28 21 In
756 341 47 14 the
919 342 65 14 from
998 336 177 22 Wanganui.—
1175 338 90 20 Johnson

684 362 42 21 and
733 363 80 25 Moore,
824 363 87 25 Agtnts.
912 374 27 4 —
939 364 13 19 5
963 366 49 17 tons
1020 365 105 24 potatoes.

712 389 29 20 In
755 395 48 14 the
968 397 63 13 from
1051 390 110 20 Poverty
1178 391 58 21 Bay.
1240 402 26 5 —

683 417 132 25 Hornbrook,
834 418 75 24 Agent.
910 428 27 4 —
937 417 27 20 35
984 417 54 26 pigs,
1057 419 14 19 5
1090 420 49 18 tons
1161 421 103 23 potatoes,

684 444 62 24 8,000
756 444 100 25 shingles.

773 496 173 21 IMPORTANT
958 496 40 21 TO
1013 497 161 21 MARINERS.

683 533 29 15 TO
728 533 93 15 MASTER
837 534 124 14 MARINERS
977 534 108 15 TRADING
1100 535 28 14 TO
1145 536 46 14 THE
1208 536 53 15 EAST

845 561 66 19 CAPE,
922 561 55 15 NEW
987 562 119 15 ZEALAND.

709 586 21 20 A
738 586 46 21 reef
796 593 51 14 runs
864 588 29 19 off
911 588 61 20 shore
982 595 12 13 a
1008 588 50 21 mile
1076 589 42 20 and
1133 595 13 14 a
1153 590 51 24 half,
1215 590 46 20 with

683 613 50 27 only
740 615 40 18 two
791 614 43 20 feet
843 617 63 18 water
914 621 29 14 on
952 615 17 20 it
979 617 21 18 at
1008 616 40 19 ebb
1058 616 50 23 tide,
1119 616 100 28 half-way
1226 617 35 20 be-

682 643 65 18 tween
758 641 113 21 Ari-a-wai
886 642 41 20 and
944 642 107 27 Reparoa;
1067 643 37 20 the
1121 643 56 27 Cape
1194 644 67 21 Island

682 667 85 26 bearing
777 668 55 22 N.E.
844 669 27 27 by
881 675 101 21 compass.

1040 697 96 20 Robert
1148 698 87 21 Gvtch.

682 722 96 26 Poverty,
788 722 95 28 January
895 724 33 26 23,
940 724 62 21 1843.

709 754 184 22 Preservation
903 762 29 14 of
941 762 55 14 live
1006 762 30 14 at
1046 756 55 21 Sea.
1102 767 28 5 —
1131 757 19 21 A
1159 758 61 21 letter
1226 758 35 20 has

680 781 53 21 been
756 782 111 21 addressed
889 785 22 18 to
931 783 87 26 Lloyd's
1036 783 56 21 from
1110 784 44 21 Mr.
1174 785 87 21 Edward

681 809 111 26 Jennings,
811 810 70 20 Lieut.
893 810 27 20 R.
938 809 37 26 N.,
993 811 121 26 suggesting
1128 812 37 20 the
1181 812 80 26 general

680 837 102 25 adoption
791 837 22 20 in
823 838 67 25 rough
899 837 91 20 weather
999 837 24 21 of
1034 837 38 21 life
1087 838 54 21 lines
1150 840 62 26 being
1220 840 41 20 laid

679 863 46 21 fore
740 864 42 20 and
797 865 38 24 aft,
845 864 52 20 both
911 866 23 18 to
949 864 113 21 windward
1078 866 42 19 and
1128 866 94 25 leeward,
1238 873 22 14 so

679 891 46 19 that
742 891 37 19 the
794 897 48 14 men
859 892 50 19 hare
926 891 119 26 something
1060 894 24 18 to
1093 893 35 26 lay
1142 894 51 20 hold
1201 894 24 21 of
1238 895 22 19 in

679 917 85 26 passing
772 918 55 20 from
845 924 40 14 one
894 918 40 20 end
944 918 24 20 of
982 918 37 20 the
1027 920 69 20 vessel
1111 922 22 18 to
1142 921 37 20 the
1195 922 65 20 other.

679 945 27 20 In
721 944 94 21 addition
830 947 23 18 to
862 946 42 19 this
918 945 26 20 he
954 945 80 21 advises
1051 947 46 20 that
1112 948 52 20 each
1172 955 48 14 man
1235 949 24 20 be

678 972 109 20 furnished
795 972 52 21 with
859 979 13 14 a
881 972 50 25 belt,
941 973 61 20 made
1015 974 73 25 gasket
1097 974 92 26 fashion,
1198 976 62 21 about

678 1005 13 14 a
699 998 81 21 fathom
789 1000 42 20 and
841 1006 12 14 a
867 1000 47 20 half
922 1000 57 26 long.
1008 1000 45 21 The
1069 1002 72 26 utility
1151 1003 23 20 of
1186 1004 41 19 this
1229 998 4 16 1
1240 1003 20 20 is

678 1026 72 20 shown
759 1027 25 26 by
792 1027 38 20 the
838 1033 76 14 wearer
920 1028 60 19 when
989 1028 24 20 in
1019 1034 27 14 an
1056 1030 91 24 exposed
1154 1030 105 24 situation,

678 1054 51 20 such
745 1060 24 13 as
785 1055 37 19 the
837 1054 117 24 forecastle,
975 1056 99 25 conning,
1095 1058 98 26 steering,
1213 1059 44 24 &c,

678 1081 73 26 taking
759 1084 42 18 two
813 1082 47 20 half
867 1082 81 20 hitches
963 1082 50 20 with
1023 1082 25 24 it,
1059 1085 23 18 to
1097 1084 68 21 either
1174 1085 36 20 the
1223 1085 36 20 life

677 1108 49 25 line,
742 1115 26 14 or
785 1115 42 21 any
844 1110 23 19 of
884 1109 35 20 the
939 1110 98 25 standing
1051 1111 90 25 rigging,
1161 1113 38 20 &c.
1227 1112 32 20 He

678 1136 95 20 observes
783 1136 46 20 that
838 1137 52 20 such
899 1143 12 13 a
919 1136 45 20 belt
972 1137 62 20 could
1052 1139 38 18 not
1098 1138 99 22 interfere
1210 1139 49 21 with

678 1162 35 21 the
722 1169 87 14 wearers
819 1164 52 26 duty
887 1164 58 24 aloft,
957 1169 23 14 as
997 1165 22 19 at
1029 1165 53 20 such
1099 1165 61 21 times
1169 1167 36 20 the
1220 1167 39 20 end

677 1190 67 26 might
752 1190 27 20 be
789 1192 75 19 wound
879 1191 68 20 round
964 1191 37 20 the
1015 1192 57 26 body
1081 1193 42 19 and
1138 1194 76 20 tucked
1229 1194 28 20 in.

678 1216 33 21 He
720 1218 113 20 concludes
845 1218 26 26 by
880 1218 126 27 impressing
1013 1219 38 20 the
1060 1220 106 26 necessity
1174 1222 24 19 of
1210 1222 49 20 each

676 1246 82 24 captain
769 1246 25 19 of
805 1246 107 19 merchent
922 1246 77 20 vessels
1011 1246 64 27 being
1084 1247 96 26 supplied
1189 1249 49 20 with
1247 1255 12 13 a

676 1272 54 24 good
740 1272 125 25 barometer,
876 1279 21 13 as
907 1279 13 13 a
928 1275 60 23 great
1005 1273 47 20 deal
1067 1274 24 20 of
1101 1280 54 15 wear
1165 1276 40 20 and
1213 1278 44 18 tear

676 1299 24 20 of
712 1305 58 21 spars
780 1300 68 26 might
857 1300 25 20 be
892 1300 94 24 avoided,
998 1301 41 19 and
1054 1301 36 20 the
1108 1302 43 20 loss
1167 1303 24 20 of
1203 1303 54 26 ship-

676 1326 50 26 ping
742 1327 44 20 also
803 1327 120 26 prevented.
925 1338 27 4 —
952 1328 100 25 Morning
1066 1329 90 25 Herald,
1167 1331 91 24 Septem-

676 1354 35 20 ber
720 1355 34 23 20,
766 1355 62 20 1842.

716 1414 94 21 Latest
824 1415 82 20 Dates
921 1415 31 20 of
968 1415 101 25 Papers
1084 1416 131 21 received.

883 1686 167 22 FREIGHTS.

766 2333 115 20 AGENTS
895 2333 59 21 FOR
975 2333 69 21 THIS
1059 2334 101 21 PAPER.

690 2364 39 18 Mr.
740 2364 126 19 BURCHAM
960 2366 76 18 Petoni.

690 2390 39 18 Mr.
740 2391 22 17 C.
774 2391 111 22 ELLIOTT,
895 2392 106 18 Examiner
1007 2392 66 22 Office,
1080 2393 73 18 Nelson
1160 2394 73 18 Haven.

690 2416 39 18 Mr.
740 2418 18 16 J.
766 2416 23 18 B.
798 2417 90 18 BAINES
963 2418 48 17 New
1017 2418 109 23 Plymouth,
1133 2420 101 17 Taranaki.

660 2442 2 14 I
690 2442 39 18 Mr.
740 2442 27 19 H.
777 2443 122 17 CHURTON
963 2444 116 22 Wanganui.

690 2468 38 18 Mr.
740 2469 30 17 W.
819 2469 61 18 LSON
962 2470 42 21 Bay
1011 2470 22 18 of
1041 2471 85 18 Islands.

669 2710 43 45 New
712 2710 43 45 Zealand
755 2710 493 45 Gazette

708 2771 69 21 AND
791 2770 215 24 WELLINGTON
1026 2772 185 25 SPECTATOR.

751 2841 155 26 Wednesday,
921 2842 129 22 February
1064 2844 32 26 15,
1109 2846 61 21 1843.

702 2898 50 23 Our
772 2903 171 27 contemporary
954 2899 40 24 the
1010 2898 106 32 Colonist,
1138 2909 73 17 seems
1227 2907 22 19 to

666 2930 58 24 have
751 2932 58 24 been
831 2932 109 31 studying
962 2932 91 24 Hood's
1078 2933 77 25 Comic
1177 2935 71 24 Latin

667 2964 130 30 Grammar,
825 2965 45 24 and
893 2965 107 24 assumed
1028 2966 39 23 the
1090 2966 113 26 character
1226 2970 25 22 of

667 2997 137 32 Trumpeter
814 3006 67 21 unus,
893 2998 31 24 he
935 3006 55 24 very
1000 2999 112 31 modestly
1121 3001 77 24 claims
1211 3001 37 25 the

666 3032 68 22 merit
751 3031 26 24 of
791 3030 84 32 having
1011 3031 39 24 the
1183 3035 25 23 in
1224 3043 23 16 as

665 3064 70 23 much
742 3071 25 16 as
774 3064 29 24 he
810 3072 60 23 says,
915 3065 103 24 Readers
1030 3065 67 25 mark
1114 3068 38 23 the
1164 3068 83 24 altered

665 3101 53 19 tone
730 3097 26 24 of
772 3097 37 24 the
829 3097 102 30 Gazette,
956 3098 63 24 since
1037 3098 39 24 the
1088 3098 100 26 Colonist
1206 3101 40 24 has

665 3129 58 25 shed
740 3131 32 23 its
790 3130 114 24 luminous
921 3138 53 23 rays
995 3138 54 17 over
1070 3131 39 24 the
1128 3133 119 32 benighted

665 3163 131 24 settlement
803 3163 25 23 of
838 3163 57 24 Port
1076 3164 45 25 We
1132 3174 38 17 are
1178 3168 67 31 ready

665 3199 24 20 to
701 3196 72 24 admit
779 3196 48 24 that
837 3197 63 23 there
907 3196 57 24 have
973 3197 58 24 been
1038 3204 68 25 many
1113 3199 132 32 advantages

665 3230 112 31 resulting
803 3229 59 24 from
890 3229 38 24 the
957 3230 172 26 establishment
1155 3234 25 23 of
1210 3233 36 24 the

667 3261 108 31 Colonist,
793 3263 44 23 and
848 3267 41 19 not
900 3263 37 23 the
958 3263 58 23 least
1034 3270 104 27 amongst
1148 3267 62 23 them
1225 3267 20 23 is

665 3295 39 24 the
716 3295 61 24 clear
795 3296 44 23 and
857 3295 181 32 comprehensive
1057 3298 58 30 style
1134 3300 25 24 in
1175 3299 71 24 which
1253 3297 2 27 j

665 3328 39 24 the
714 3328 82 24 Editor
807 3337 25 15 or
850 3328 94 24 Editors
956 3330 104 31 expound
1073 3331 57 25 their
1140 3333 105 24 lucubra-

665 3362 68 29 tions,
751 3362 146 32 particularly
914 3370 30 15 on
961 3363 39 23 the
1017 3363 89 32 subject
1115 3365 28 25 he
1161 3366 42 24 has
1213 3366 33 24 hit

665 3401 61 24 upon
738 3399 23 19 to
772 3395 53 24 read
834 3403 28 16 us
873 3404 15 15 a
904 3395 93 30 lecture,
1009 3397 90 32 namely
1110 3398 37 24 the
1159 3399 87 32 subject

665 3427 26 24 of
708 3427 37 24 the
758 3428 66 23 Land
843 3429 86 23 Claims
940 3429 46 23 and
1004 3429 39 24 the
1060 3437 104 26 prospect
1174 3432 26 25 of
1215 3433 30 23 its

664 3462 153 24 termination.
852 3462 31 24 In
895 3462 38 23 the
950 3462 50 24 first
1010 3462 64 31 place
1094 3472 41 16 our
1146 3469 99 21 contem-

664 3500 82 25 porary
758 3495 21 23 is
796 3495 111 31 perfectly
918 3503 73 16 aware
1001 3496 51 23 that
1063 3496 37 25 the
1113 3498 133 32 conducting

664 3526 39 24 the
728 3526 93 25 Gazette
842 3528 43 24 has
908 3528 102 31 changed
1031 3528 73 26 hand's
1126 3532 61 24 since
1206 3532 39 24 the

664 3559 78 30 period
759 3560 29 24 he
807 3561 88 24 alludes
914 3566 32 25 to,
970 3561 44 24 and
1035 3561 111 27 therefore
1161 3565 21 24 if
1201 3573 44 23 any

664 3592 71 24 credit
754 3594 21 22 is
792 3593 44 24 due
853 3599 23 19 to
894 3602 46 23 any
949 3594 61 32 body
1020 3595 35 24 for
1071 3596 39 24 the
1127 3598 118 24 unwanted

661 3624 107 29 political
772 3626 144 25 forbearance
923 3627 26 26 of
952 3627 40 25 the
1001 3627 101 33 Gazette,
1109 3631 19 23 it
1137 3631 107 31 certainly

663 3658 21 22 is
704 3662 40 20 not
755 3660 74 30 owing
844 3664 23 19 to
879 3668 41 16 our
937 3660 87 33 having
1043 3662 38 24 the
1097 3663 49 25 fear
1165 3664 26 24 of
1206 3664 39 24 the

665 3689 101 25 Colonist
777 3692 75 24 before
864 3700 42 17 our
916 3701 61 24 eyes,
989 3694 43 24 but
1042 3694 95 27 because
1147 3705 35 16 we
1188 3697 58 24 have

662 3731 69 16 never
749 3724 57 25 been
823 3726 89 31 swayed
925 3726 72 25 either
1017 3735 25 16 as
1059 3733 22 19 to
1093 3730 38 24 the
1150 3735 52 20 tone
1220 3739 25 15 or

662 3765 95 17 manner
767 3759 24 23 in
802 3758 74 24 which
886 3766 33 18 we
930 3760 127 25 endeavour
1074 3766 23 20 to
1108 3771 85 24 convey
1203 3772 42 16 our

662 3791 104 31 opinions
784 3799 59 25 upon
861 3792 58 25 such
930 3794 73 32 topics
1020 3802 26 16 as
1062 3801 92 26 present
1171 3798 74 24 them-

662 3824 75 24 selves
747 3829 23 20 to
782 3833 41 17 our
832 3826 84 29 notice,
933 3826 32 33 by
975 3835 45 24 any
1031 3827 64 26 other
1105 3829 84 33 feeling
1205 3831 42 24 but

662 3857 49 24 that
722 3859 26 23 of
763 3866 40 17 our
813 3859 84 24 honest
910 3861 128 24 conviction
1049 3862 26 23 of
1089 3862 38 24 the
1141 3863 105 32 justness

662 3891 26 23 of
695 3899 44 16 our
749 3892 110 29 remarks,
877 3893 45 25 and
933 3893 59 25 their
1009 3895 152 32 applicability
1173 3901 23 20 to
1207 3897 39 24 the

662 3924 101 31 subjects
773 3925 73 24 which
856 3926 65 30 gives
933 3927 46 24 rise
990 3932 23 19 to
1025 3928 70 25 them.

1895 149 30 16 on
1942 149 29 16 an
1989 143 75 22 action
2082 143 36 24 for
2136 151 14 16 a
2166 144 85 25 breach
2269 146 20 23 of
2309 151 101 19 contract
2420 157 7 19 ;
2450 156 25 16 so

1896 174 68 24 much
1986 175 36 23 for
2041 175 50 23 that
2111 181 52 26 part
2181 177 25 23 of
2226 186 40 16 our
2285 183 190 29 contemporary's

1896 208 122 30 reasoning
2038 215 62 24 upon
2127 209 39 24 the
2188 217 59 18 case.
2292 211 48 25 But
2366 213 30 23 he
2417 221 58 23 goes

1895 239 96 29 further,
2012 240 28 23 he
2052 249 59 22 says,
2160 250 62 16 more
2232 242 50 25 than
2297 243 48 25 this
2355 253 61 24 upon
2436 249 39 23 the

1889 271 70 31 faith
1970 273 26 23 of
2010 280 28 16 an
2050 280 129 24 agreement
2189 276 94 24 between
2296 277 38 24 the
2345 278 58 25 New
2414 280 61 25 Zea-

1895 304 55 24 land
1963 305 118 31 Company
2092 306 44 24 and
2147 307 37 24 the
2205 308 93 31 English
2311 310 163 33 Government,

1897 337 73 24 which
1987 337 121 32 seemingly
2119 341 132 29 recognized
2268 343 42 23 and
2323 344 98 31 adopted
2436 347 39 23 the

1897 369 138 33 Company's
2054 370 57 30 title,
2130 379 68 25 many
2215 374 25 23 of
2254 374 33 24 the
2308 377 90 24 settlers
2416 379 58 24 have

1897 403 117 31 expended
2034 411 64 16 sums
2116 405 25 23 of
2158 413 81 24 money
2258 408 18 22 in
2296 410 89 24 various
2403 419 70 24 ways,

1897 442 54 24 very
1962 435 34 24 far
2016 436 89 30 beyond
2125 437 37 24 the
2174 438 51 24 first
2243 445 42 19 cost
2296 442 25 22 of
2339 443 39 23 the

1897 468 45 24 and
1958 468 31 24 he
2006 477 54 23 goes
2078 477 30 15 on
2125 473 23 20 to
2165 478 48 23 say,
2259 473 31 23 the
2302 474 67 25 claim
2387 478 87 32 arising

1895 500 59 25 from
1971 501 62 23 these
2054 503 181 29 circumstances,
2254 505 16 22 is
2289 513 42 17 one
2346 509 73 25 which
2442 520 30 16 no

1897 533 158 25 Govornment
2067 542 41 16 can
2113 534 84 32 justly,
2210 543 33 17 we
2254 538 69 30 might
2332 541 81 26 almost
2423 552 49 23 say,

1894 565 75 32 safely
2148 569 20 22 if
2186 576 35 22 so,
2243 570 47 31 why
2309 577 39 20 not
2363 583 40 24 say
2414 577 19 23 it
2450 583 23 19 at

1896 606 55 16 once
1960 608 6 20 ;
1987 600 40 23 but
2045 608 38 21 no,
2102 609 42 15 our
2160 606 166 29 contemporary
2338 614 25 16 as
2383 608 29 24 he
2432 610 42 24 has

1895 631 77 25 before
1984 632 45 24 told
2042 640 35 22 us,
2094 633 30 24 he
2162 634 53 25 dare
2232 640 35 19 not
2277 640 60 21 trust
2347 638 95 28 himself
2450 649 22 18 to

1895 671 42 24 say
1958 664 60 25 what
2040 666 29 23 he
2239 669 46 23 Our
2303 675 171 31 contemporary

1897 697 76 24 writes
1983 697 48 25 like
2043 699 59 24 Mrs.
2119 699 69 25 Glass
2199 701 24 23 in
2234 701 35 24 her
2282 703 106 34 Cookery
2398 707 66 26 Book

1921 730 53 24 take
1981 739 57 23 your
2045 732 55 23 hare
2187 734 81 24 instead
2277 736 26 23 of
2309 739 82 31 saying
2423 742 51 24 first

1895 764 66 23 catch
1972 772 25 16 or
2008 769 39 26 get
2063 773 14 15 a
2177 767 36 24 for
2230 767 27 24 he
2265 776 60 24 says,
2370 772 37 25 the
2418 783 57 22 poor

1895 797 79 23 settler
1984 805 61 23 upon
2056 798 38 23 the
2096 798 69 31 faith
2172 800 26 23 of
2203 802 124 31 something
2336 804 48 24 that
2388 809 87 22 seemed

1896 833 22 19 to
1929 829 29 23 be
1972 837 13 15 a
1991 832 140 31 recognition
2141 832 25 24 of
2176 833 38 24 the
2222 833 43 25 title
2275 835 26 23 of
2309 837 37 23 the
2355 838 119 33 Company

1895 866 23 18 to
1930 861 38 25 the
1978 862 62 30 land,
2057 864 79 30 begins
2148 869 22 19 to
2183 866 38 30 lay
2231 871 33 20 out
2275 868 37 24 his
2323 877 91 25 money,
2429 874 43 24 &c.

1895 894 51 24 The
1958 903 87 17 answer
2057 901 22 19 to
2091 897 55 29 him,
2156 905 54 23 very
2218 901 107 30 naturally
2334 903 28 28 is,
2371 903 13 24 I
2392 911 83 19 cannot

1895 927 53 31 help
1953 928 61 23 what
2017 937 46 22 you
2071 929 80 24 choose
2158 935 23 18 to
2189 931 68 31 fancy,
2265 932 30 23 all
2303 933 13 24 I
2322 934 68 26 know
2394 937 20 23 is
2421 946 53 24 says

1894 960 38 23 the
1944 969 84 23 person
2041 964 24 21 in
2076 964 138 29 possession,
2230 963 45 32 (the
2287 965 94 27 Natives
2393 971 24 23 in
2429 972 45 24 this

1894 993 64 30 case)
1967 994 12 24 I
1989 994 56 25 have
2053 1000 39 19 not
2098 996 58 23 been
2162 997 54 30 paid
2223 998 32 23 the
2264 1000 111 30 purchase
2382 1011 90 25 money,

1894 1026 45 24 and
1948 1028 57 23 until
2018 1028 15 23 I
2044 1036 36 16 am
2093 1028 13 24 I
2114 1030 68 23 won't
2191 1030 68 31 budge
2269 1040 30 16 an
2308 1033 66 30 inch;
2388 1037 45 23 and
2443 1045 30 16 on

1894 1059 38 24 the
1944 1065 51 26 part
2006 1061 27 23 of
2040 1061 83 30 others,
2136 1061 114 34 (Natives)
2262 1064 14 25 I
2292 1073 69 16 never
2372 1069 51 23 sold
2434 1078 38 23 my

1893 1092 53 24 land
1957 1094 88 23 neither
2056 1094 27 24 do
2097 1094 12 24 I
2121 1103 66 16 mean
2200 1101 30 23 to,
2243 1098 39 22 and
2295 1099 112 26 therefore
2426 1111 46 23 you

1893 1133 51 24 may
1963 1134 29 23 go
2010 1127 40 23 the
2069 1127 48 24 d—
2118 1128 16 24 l.
2182 1129 38 24 Oh
2229 1130 6 23 !
2249 1137 52 23 says
2322 1132 47 24 this
2388 1136 83 24 second

1893 1158 93 30 Daniel,
2023 1160 76 24 These
2111 1160 91 25 settlers
2212 1162 40 23 had
2262 1170 29 16 no
2303 1163 133 36 knowledge
2447 1170 26 23 of

1893 1199 44 24 any
1942 1192 48 24 real
1996 1200 25 16 or
2027 1192 103 32 alledge'd
2134 1194 162 31 imperfections
2301 1197 24 23 in
2330 1198 39 24 the
2375 1202 96 30 original

1892 1225 119 30 purchase,
2018 1226 53 30 they
2076 1226 58 23 have
2139 1226 57 24 been
2203 1228 69 30 guilty
2278 1230 88 25 neither
2376 1233 25 23 of
2410 1242 61 17 error

1893 1265 41 15 nor
1947 1258 25 23 of
1977 1258 132 31 negligence
2118 1259 6 23 !
2144 1259 65 32 They
2217 1261 61 24 stand
2288 1270 62 24 upon
2358 1273 12 15 a
2377 1265 62 26 basis
2445 1269 30 29 of

1885 1289 94 30 justice,
1992 1296 23 18 at
2026 1291 57 24 least
2095 1299 25 16 as
2135 1293 82 23 sacred
2233 1302 20 16 as
2273 1296 49 23 that
2339 1298 73 25 which
2431 1301 39 24 the

1892 1322 98 25 Natives
2002 1332 94 23 occupy,
2109 1326 44 22 and
2174 1327 57 23 their
2245 1328 80 25 claims
2345 1336 60 20 must
2419 1341 51 16 now

1892 1355 26 23 be
1923 1357 122 29 protected
2050 1357 32 23 /!
2089 1358 11 23 !
2123 1359 146 34 Progressing
2277 1362 59 24 from
2348 1364 38 24 the
2398 1366 70 24 beau-

1892 1388 52 24 tiful
1955 1393 22 20 to
1990 1389 38 24 the
2042 1391 104 30 sublime,
2160 1400 40 16 our
2219 1399 165 29 contemporary
2394 1400 74 25 winds

1891 1428 31 24 up
1942 1421 37 25 his
1996 1423 101 31 inspired
2116 1425 149 32 declamation,
2277 1428 36 24 for
2332 1437 32 17 we
2386 1438 83 20 cannot

1892 1454 42 24 call
1954 1456 19 23 it
1991 1463 45 24 any
2055 1457 66 32 thing
2138 1458 46 24 else
2204 1459 27 32 by
2249 1461 127 33 observing,
2417 1465 52 26 The

1892 1487 78 25 claims
1981 1489 26 23 of
2021 1489 38 24 the
2071 1490 95 25 Natives
2177 1494 86 30 maybe
2273 1498 187 29 compensated—
2460 1509 7 8 >•

1892 1520 64 24 thobe
1968 1522 23 23 of
2007 1522 38 24 the
2056 1524 90 23 settlers
2158 1530 23 18 to
2200 1526 67 25 whom
2285 1535 33 17 we
2329 1536 51 17 now
2391 1531 75 26 allude

1891 1553 29 24 do
1939 1557 40 20 not
1996 1555 71 24 admit
2085 1557 26 23 of
2125 1561 171 29 compensation.
2299 1561 16 29 '[
2348 1562 68 26 Then
2433 1571 34 18 We

1891 1586 81 25 should
1983 1595 41 25 say
2036 1589 53 32 they
2097 1597 40 17 are
2156 1596 40 19 not
2212 1593 67 24 worth
2296 1595 77 26 much.
2410 1597 39 24 Oh
2459 1599 6 23 !

1890 1620 42 23 but
1953 1628 53 24 says
2029 1630 41 16 our
2093 1628 166 28 contemporary
2282 1627 54 31 they
2356 1633 60 20 must

1890 1654 139 24 maintained
2036 1656 6 23 !
2054 1656 5 23 !
2070 1656 5 23 !
2106 1657 44 23 and
2170 1658 29 23 he
2219 1658 78 25 should
2319 1661 57 25 have
2395 1663 73 25 added

1957 1687 154 25 Government
2123 1698 41 15 can
2169 1690 79 32 justly,
2261 1700 32 15 we
2301 1694 73 31 might
2384 1696 83 25 almost

1890 1727 42 23 say
1942 1720 80 32 safely,
2031 1722 75 23 refuse
2117 1729 25 17 so
2155 1728 23 19 to
2189 1724 28 24 do
2224 1734 5 20 ;
2265 1726 35 24 for
2309 1726 28 24 he
2345 1729 121 25 concludes

1890 1752 30 31 by
1933 1754 88 31 saying,
2059 1755 45 23 We
2114 1755 58 25 have
2185 1765 28 16 no
2221 1758 68 24 doubt
2301 1759 41 25 but
2353 1762 57 23 such
2423 1764 46 23 will

1890 1785 26 24 be
1928 1786 39 23 the
1977 1794 81 17 course
2070 1789 25 23 of
2110 1788 38 25 the
2378 1795 45 24 We
2439 1804 30 16 on

1891 1818 38 24 the
1949 1825 105 27 contrary
2073 1828 42 25 say
2124 1830 34 15 we
2176 1823 74 24 rather
2266 1825 69 24 doubt
2344 1827 27 29 it,
2384 1828 41 24 but
2436 1837 33 16 we

1890 1852 58 23 wish
1967 1860 46 23 you
2030 1861 53 23 may
2101 1859 38 27 get
2158 1856 26 23 it.
2221 1856 43 25 We
2282 1859 70 24 doubt
2369 1861 52 23 it—
2424 1864 44 23 lst.

1889 1884 97 24 because
1999 1894 32 16 we
2043 1889 110 23 maintain
2164 1889 48 24 that
2220 1891 100 24 whether
2330 1893 38 24 the
2379 1895 91 24 settlers

1888 1917 46 24 had
1955 1926 45 23 any
2018 1919 133 33 knowledge
2170 1930 24 15 or
2211 1928 43 24 not,
2272 1926 27 22 of
2314 1933 46 24 any
2377 1928 47 24 real
2444 1937 26 15 or

1889 1950 104 32 alledged
2015 1953 167 30 imperfections
2200 1956 19 23 in
2238 1956 37 24 the
2299 1959 97 31 original
2411 1969 56 23 pur-

1890 1983 76 27 chase,
1979 1985 54 27 they
2044 1986 57 20 have
2111 1986 59 22 been
2188 1988 68 26 guilty
2268 1990 25 19 of
2308 1997 64 14 error
2389 1993 46 20 and
2446 1994 23 20 of

1890 2013 141 31 negligence,
2043 2014 25 23 in
2079 2019 39 19 not
2127 2017 146 31 ascertaining
2283 2018 39 24 the
2331 2021 64 23 truth
2403 2030 6 21 ;
2423 2023 44 23 and

1890 2053 34 15 we
1935 2046 60 31 deny
1995 2059 34 4 —
2031 2049 44 22 Ist.
2089 2048 49 23 that
2149 2056 25 16 as
2191 2049 96 25 between
2299 2052 61 24 them
2372 2055 44 24 and
2429 2056 37 23 the

1892 2078 95 24 Natives
2000 2080 53 30 they
2066 2081 67 22 stand
2144 2089 59 23 upon
2212 2091 13 15 a
2236 2083 61 24 basis
2307 2086 27 22 of
2346 2086 84 31 justice
2442 2097 26 15 as

1890 2112 78 23 sacred
1981 2121 24 15 as
2018 2113 48 24 that
2077 2113 74 25 which
2163 2115 37 23 the
2208 2115 93 26 Natives
2309 2127 87 24 occupy
2403 2129 6 20 ;
2423 2122 45 23 and

1890 2145 78 31 2ndly.
1989 2154 33 15 we
2040 2147 59 30 deny
2117 2147 49 24 that
2184 2148 59 24 there
2263 2150 20 23 is
2301 2159 42 17 one
2362 2154 58 24 tittle
2444 2155 25 23 of

1889 2179 72 30 proof,
1974 2187 26 15 as
2012 2180 34 22 far
2066 2188 25 15 as
2110 2188 32 16 we
2160 2180 52 24 have
2233 2190 52 17 ever
2303 2191 46 18 met
2367 2187 54 23 with
2442 2195 26 16 or

1889 2211 70 24 heard
1972 2212 31 29 of,
2016 2217 22 18 to
2055 2220 71 24 prove
2144 2214 49 24 that
2207 2215 39 24 the
2266 2216 155 27 Government
2442 2221 24 23 in

1889 2252 44 23 any
1944 2251 50 24 way
2005 2246 134 30 recognized
2149 2255 25 15 or
2181 2248 91 31 adopted
2277 2249 38 25 the
2327 2251 138 33 Company's

1889 2277 57 25 title.
2000 2279 41 23 All
2073 2280 38 23 the
2146 2280 150 27 Government
2328 2284 58 25 have
2414 2294 52 16 ever

1889 2312 57 23 done
1963 2311 45 24 has
2026 2313 57 23 been
2101 2317 24 19 to
2149 2321 40 24 say
2205 2314 51 25 first
2273 2321 23 19 to
2315 2318 37 23 the
2377 2319 88 24 6ettlers

1888 2345 100 31 through
2009 2346 40 23 Sir
2072 2347 91 31 George
2186 2347 77 32 Gipps,
2287 2350 44 24 and
2360 2353 106 32 secondly

1888 2378 100 32 through
2007 2380 38 23 the
2068 2380 57 23 New
2143 2380 95 24 Zealand
2259 2378 125 38 Company,
2398 2386 67 23 make

1886 2411 61 31 good
1956 2420 58 22 your
2024 2413 112 31 purchase
2148 2413 50 24 with
2207 2415 38 23 the
2265 2415 95 26 Natives
2376 2417 34 25 for
2426 2419 39 23 the

1890 2446 108 28 110,000
2008 2454 63 16 acres
2081 2448 25 22 in
2116 2446 45 24 and
2172 2448 68 23 round
2252 2448 58 26 Port
2322 2450 139 31 Nicholson;

1888 2478 44 24 and
1944 2479 65 23 when
2020 2487 45 23 you
2076 2479 58 24 have
2146 2479 51 24 done
2205 2481 56 29 that,
2268 2490 46 24 you
2323 2483 67 30 shall,
2402 2493 61 23 upon

1888 2511 39 24 the
1936 2511 109 32 fulfilling
2055 2512 39 24 the
2103 2513 123 24 conditions
2238 2515 25 23 of
2271 2516 38 24 the
2318 2516 147 33 .Emigration

1888 2544 92 31 System
1992 2553 25 16 as
2028 2545 46 24 laid
2092 2545 64 24 dowu
2174 2547 26 30 by
2218 2549 138 30 yourselves,
2375 2550 58 25 have
2450 2560 14 15 a

1887 2582 67 26 grant
1965 2578 58 24 from
2043 2578 37 25 the
2097 2579 83 24 Crown
2193 2580 132 33 confirming
2342 2590 58 24 your
2417 2585 47 23 title

1887 2615 24 19 to
1933 2610 38 24 the
1993 2611 54 24 land
2066 2619 26 16 so
2112 2612 121 31 purchased
2255 2614 27 23 of
2306 2615 38 24 the
2361 2616 102 25 Natives.

1887 2644 58 23 This
1956 2644 69 32 being
2043 2653 42 16 our
2103 2646 55 23 view
2168 2646 20 23 of
2201 2646 38 24 the
2250 2652 90 25 mutter,
2353 2657 33 17 we
2398 2650 65 24 think

1887 2684 34 17 we
1931 2677 58 24 have
2001 2678 159 32 satisfactorily
2167 2681 118 23 accounted
2292 2681 35 24 for
2335 2682 39 25 the
2381 2683 82 24 altered

1888 2714 59 26 tone,
1960 2719 26 16 as
1998 2719 41 16 our
2050 2716 167 28 contemporary
2224 2714 20 22 is
2252 2714 93 31 pleased
2353 2720 24 20 to
2384 2717 79 29 notice,

1888 2743 26 24 of
1928 2744 38 23 the
1977 2743 101 26 Gazette.
2116 2745 61 24 That
2185 2754 40 16 our
2243 2748 56 23 view
2315 2756 53 24 may
2385 2750 29 23 be
2433 2758 28 15 an

1888 2784 121 17 erroneous
2031 2785 50 22 one,
2104 2780 20 21 is
2147 2779 109 31 possible;
2278 2781 42 24 but
2336 2782 48 24 still
2403 2783 19 23 it
2442 2784 19 22 is

1888 2811 114 23 sufficient
2024 2816 23 18 to
2068 2811 83 33 justify
2169 2820 22 16 us
2212 2813 24 24 in
2252 2813 100 33 denying
2376 2820 23 19 to
2424 2824 39 16 our

1888 2848 171 27 contemporary
2079 2852 46 23 any
2148 2845 66 24 credit
2229 2846 35 24 for
2283 2855 46 24 any
2346 2849 116 24 alteration

1887 2876 24 22 in
1921 2883 43 16 our
1979 2876 104 31 opinions
2101 2884 30 16 on
2149 2871 40 30 this
2207 2879 96 31 subject.
2346 2881 77 24 There
2443 2883 18 22 is

1887 2916 41 15 one
1940 2909 65 23 other
2012 2909 92 24 remark
2116 2914 23 19 to
2149 2910 27 23 be
2184 2911 97 29 noticed,
2294 2913 19 22 it
2323 2913 21 23 is
2358 2913 45 24 this
2445 2915 18 23 if

1886 2940 63 24 there
1970 2942 22 23 is
2009 2942 113 31 anything
2136 2943 24 23 in
2175 2943 36 23 the
2233 2949 56 19 next
2311 2948 151 23 examination

1885 2974 73 23 which
1969 2982 52 23 may
2029 2982 58 16 seem
2100 2978 23 21 to
2134 2978 45 21 cast
2189 2984 15 16 a
2213 2977 68 24 doubt
2290 2986 61 24 upon
2362 2980 39 24 the
2414 2981 47 23 title

1885 3007 26 23 of
1935 3007 39 24 the
1997 3008 127 31 Company,
2147 3006 18 26 it
2180 3009 47 24 will
2247 3011 29 23 be
2299 3012 52 24 well
2365 3013 36 24 for
2426 3014 34 23 ihe

1885 3040 90 24 settlers
1993 3045 22 19 to
2033 3048 58 24 urge
2106 3043 57 22 their
2176 3042 151 33 independent
2343 3046 78 25 claims
2438 3051 21 19 to

1884 3074 125 30 protection
2021 3074 45 24 and
2233 3076 76 26 There
2326 3079 22 24 is
2367 3080 92 31 nothing

1884 3100 47 30 like
1942 3107 86 33 having
2038 3113 43 18 two
2097 3109 80 31 strings
2196 3113 23 21 to
2236 3118 57 23 your
2311 3112 58 25 bow.
2411 3113 47 24 Our

1884 3141 192 32 contemporary's
2094 3142 65 29 faith,
2182 3142 48 24 like
2247 3144 82 24 Acre's
2357 3153 100 24 courage,

1883 3181 74 16 seems
1968 3179 23 19 to
2002 3174 59 24 have
2072 3175 70 24 oused
2153 3179 35 20 oat
2196 3184 14 15 a
2221 3184 14 15 a
2244 3176 59 25 little
2314 3179 96 24 towards
2421 3179 35 24 the

1883 3207 52 29 end,
1947 3208 35 23 for
1993 3208 29 23 he
2031 3213 53 26 says
2159 3208 59 24 there
2229 3209 82 24 should
2322 3211 57 24 after
2391 3212 30 24 all
2431 3212 25 24 be

1883 3248 15 15 a
1908 3247 73 17 screw
1987 3241 71 29 loose,
2069 3239 53 33 why
2133 3240 27 24 he
2169 3241 81 24 should
2256 3245 157 23 reccommend
2421 3245 34 24 the

1883 3272 39 25 the
1930 3273 90 24 settlers
2033 3278 24 19 to
2068 3273 78 24 knock
2156 3273 14 24 it
2181 3274 25 23 in
2216 3275 55 23 with
2289 3283 14 16 a
2316 3276 101 26 hammer
2434 3281 21 21 at

1883 3314 63 21 once,
1966 3307 30 30 by
2008 3305 106 32 churning
2125 3308 120 30 protection
2261 3309 45 23 and
2323 3315 94 27 support
2426 3319 6 20 ;

1882 3340 41 23 but
1933 3340 59 23 from
2003 3339 74 24 whom
2092 3339 30 24 he
2129 3345 1 5 '
2138 3340 49 25 does
2203 3345 42 20 not
2264 3349 49 24 say,
2328 3351 25 16 or
2371 3344 83 31 against

1882 3372 60 24 what
1959 3377 81 26 party;
2057 3373 89 24 neither
2167 3373 55 25 does
2243 3374 30 24 he
2293 3376 108 25 conclude
2426 3377 28 30 by

1882 3405 81 31 saying
1974 3410 23 18 to
2009 3405 28 24 be
2049 3406 123 30 continued,
2190 3415 25 16 or
2233 3409 124 25 concluded
2373 3410 25 24 in
2416 3417 37 16 our

1882 3443 55 18 next
1945 3447 6 20 ;
1965 3439 42 23 but
2016 3438 48 24 like
2076 3439 31 24 all
2116 3440 87 24 modern
2215 3442 88 23 writers
2309 3450 34 16 we
2352 3450 99 25 suppose,

1882 3471 28 24 he
1918 3471 60 24 likes
1989 3476 24 19 to
2024 3472 59 32 keep
2094 3472 37 25 his
2141 3474 85 24 readers
2233 3482 61 23 upon
2302 3475 39 25 the
2351 3476 40 31 gui
2400 3475 50 28 vive,

1882 3504 44 24 and
1936 3504 84 24 breaks
2031 3505 34 24 off
2078 3506 25 24 in
2115 3506 36 24 the
2165 3511 60 20 most
2243 3508 136 32 interesting
2399 3512 52 29 part,
2474 3522 2 9 ,

1882 3545 25 16 so
1918 3545 35 16 we
1960 3542 62 20 must
2033 3538 50 25 c'en
2095 3540 51 23 wait
2153 3540 35 23 for
2198 3540 38 24 the
2248 3540 144 26 denoument.
2423 3541 27 24 In

1882 3570 38 24 the
1930 3578 68 17 mean
2005 3572 54 24 time
2066 3579 33 17 we
2107 3572 69 24 would
2183 3573 109 31 certainly
2300 3573 150 26 reccommend

1882 3603 39 23 the
1938 3604 90 24 settlers
2044 3609 24 20 to
2083 3613 56 24 urge
2147 3606 55 23 their
2210 3606 86 29 claims,
2306 3612 42 19 not
2356 3608 37 24 for
2403 3615 46 24 pro-

1882 3637 85 23 tection
1977 3638 45 23 and
2033 3643 101 27 support,
2145 3638 38 24 but
2192 3638 37 24 for
2237 3641 168 30 compensation
2419 3640 29 24 for

1881 3669 82 25 breach
1972 3671 26 24 of
2019 3676 108 24 contract,
2146 3678 23 17 or
2186 3671 35 24 for
2236 3672 93 31 specific
2346 3674 101 31 perform*

1881 3710 68 16 ances
1958 3712 7 21 ;
1982 3704 49 29 but,
2044 3712 25 16 as
2081 3712 33 16 we
2125 3712 33 16 are
2166 3709 41 19 sot
2216 3704 60 32 legal
2295 3706 107 31 advisers,
2419 3712 27 17 we

1880 3738 157 23 reccommend
2048 3738 62 23 them
2120 3742 22 19 to
2155 3737 58 24 have
2231 3746 106 18 recourse
2356 3744 25 20 to-
2395 3739 50 24 their

1881 3769 120 25 solicitors.
2037 3770 69 25 Since
2116 3770 86 33 writing
2210 3771 39 23 the
2260 3772 78 29 above,
2350 3780 34 18 we
2398 3772 47 24 have

1881 3810 54 16 seen
1946 3803 38 23 the
1997 3803 102 24 Colonist
2109 3803 26 24 of
2140 3803 124 33 yesterday,
2276 3806 46 24 and
2330 3805 58 26 shall
2397 3805 48 24 have

1880 3835 69 24 much
1964 3836 105 31 pleasure
2080 3838 26 22 in
2121 3837 112 32 resuming
2243 3838 39 24 the
2297 3838 122 25 discussion
2428 3835 21 25 of

1880 3868 39 24 the
1931 3869 90 32 subject
2037 3869 25 24 in
2074 3877 41 16 our
2125 3875 57 24 nest,
2195 3871 87 32 merely
2296 3873 100 29 noticing
2410 3876 35 18 one

1880 3902 99 24 mistake
1990 3902 39 24 the
2040 3902 83 26 Editor
2130 3911 91 24 appears
2233 3908 23 20 to
2269 3904 58 24 have
2337 3904 70 29 made,
2418 3909 27 21 or,

1881 3935 20 24 if
1909 3940 40 19 not
1960 3935 100 30 himself,
2071 3935 37 26 his
2127 3936 148 32 Compositor.
2311 3937 23 24 It
2344 3939 21 23 is
2376 3936 70 25 this—

1325 139 36 23 As
1368 139 92 31 regards
1467 140 38 23 the
1513 141 89 31 subject
1609 141 25 23 of
1643 141 35 24 the
1687 141 79 24 Lands
1775 143 92 31 Claims,

1292 179 33 16 we
1337 172 99 29 confess;
1447 179 33 17 we
1492 180 37 16 are
1541 181 64 23 sorry
1615 174 48 23 that
1678 181 42 16 our
1738 179 131 28 contempo-

1292 212 52 23 rary
1353 204 80 24 should
1444 204 56 25 have
1512 205 42 24 left
1566 214 25 16 us
1603 207 54 30 only
1664 206 35 24 the
1707 207 132 25 alternative
1848 210 24 23 of

1292 236 121 32 admitting
1440 238 36 23 the
1502 238 65 24 truth
1597 240 25 22 of
1654 240 34 23 his
1720 242 148 30 assumption,

1292 270 91 31 namely
1384 282 31 5 —
1417 270 49 24 that
1475 271 62 23 since
1556 271 35 23 his
1610 280 136 23 appearance
1765 281 33 15 we
1813 274 56 24 have

1292 302 88 23 shrunk
1391 303 59 24 from
1460 304 114 30 reverting
1590 309 23 18 to
1634 305 35 24 the
1688 305 96 32 subject,
1804 315 25 15 or
1847 308 25 23 of

1292 334 115 32 following
1417 336 48 24 him
1475 337 98 30 through
1586 337 36 23 his
1635 346 51 23 very
1698 338 63 24 lucid
1778 341 90 30 exposi-

1292 368 48 23 tion
1351 368 26 23 of
1391 369 38 23 the
1441 370 104 29 question
1557 369 23 23 in
1589 370 30 23 its
1630 376 89 25 present
1731 376 67 21 state.
1833 373 36 24 As

1292 401 18 23 it
1317 401 29 28 is,
1358 401 110 30 however,
1481 409 33 16 we
1525 402 47 24 will
1582 402 54 24 take
1647 403 36 23 the
1695 411 51 16 case
1758 412 61 25 upo.n
1833 406 36 24 his

1293 441 49 15 own
1353 434 108 30 shewing,
1472 435 42 23 and
1528 435 54 23 offer
1598 443 13 16 a
1628 436 41 23 few
1688 438 103 23 remarks
1809 447 59 23 upon

1291 466 26 28 it,
1340 467 44 23 and
1400 468 20 22 if
1434 475 32 15 we
1485 467 87 30 should,
1591 468 59 24 from
1668 477 47 15 our'
1727 471 56 23 view
1791 472 25 23 of
1830 473 39 23 the

1292 500 112 29 question,
1427 499 63 25 differ
1509 501 58 23 from
1588 508 41 16 our
1653 507 168 28 contemporary
1844 513 24 16 as

1291 536 23 19 to
1330 532 39 23 the
1380 532 142 25 conclusions
1534 538 22 19 to
1568 534 28 23 be
1608 534 73 24 drawn
1695 536 58 23 from
1765 537 38 23 the
1815 545 53 24 pre-

1291 565 77 28 mises,
1391 565 32 24 let
1444 565 47 24 him
1513 570 42 19 not
1577 574 96 24 suppose
1695 568 50 24 that
1770 569 28 24 he
1827 570 41 25 has

1290 598 115 30 provoked
1414 607 27 14 us
1477 599 47 23 into
1537 607 44 23 any
1593 600 61 24 burst
1666 600 25 24 of
1844 612 24 16 or

1291 630 55 29 that,
1358 631 59 23 least
1427 631 24 24 of
1471 631 37 30 all,
1526 639 33 16 we
1577 632 79 24 should
1674 638 54 19 vent
1739 643 41 15 our
1791 637 77 31 spleen

1290 671 61 23 upon
1363 664 47 23 Mr.
1424 664 71 31 Spain
1507 673 25 15 or
1543 664 38 24 the
1594 666 101 24 Colonial
1703 667 163 32 Government,

1289 696 24 22 in
1325 704 97 24 revenge
1433 697 34 23 for
1480 697 40 24 the
1539 699 131 30 castigation
1688 700 28 23 he
1735 709 52 23 may
1802 703 64 29 have,

1289 736 26 15 as
1332 729 28 24 he
1377 730 92 29 fancies,
1487 738 25 15 so
1533 730 125 33 effectually
1674 732 114 26 bestowed
1806 743 61 23 upon

1289 769 36 16 us.

1323 795 40 24 On
1374 804 13 15 a
1403 795 84 24 former
1506 798 111 28 occasion,
1638 805 39 17 our
1695 805 171 28 contemporary

1289 835 48 16 was
1349 828 70 24 afraid
1432 833 22 19 to
1473 833 60 19 trust
1551 830 93 24 himself
1658 836 23 19 to
1698 833 65 32 reply
1786 840 21 19 to
1828 844 40 15 our

1288 866 126 18 comments
1428 869 61 23 upon
1508 861 38 24 the
1563 862 98 25 horrible
1676 869 58 20 state
1746 867 26 24 of
1786 868 81 24 suffer-

1288 893 51 31 ings
1354 894 26 23 in
1395 894 38 23 the
1450 894 89 24 mother
1556 900 99 28 country,
1674 902 40 19 not
1731 898 68 33 being
1817 901 50 24 able

1288 934 54 23 very
1354 927 82 31 clearly
1447 932 22 18 to
1483 927 88 24 discern
1583 929 58 24 what
1652 938 33 15 we
1695 932 73 32 really
1782 939 83 24 meant,

1288 966 32 17 we
1342 960 89 23 confess
1448 967 33 16 we
1504 968 38 15 are
1561 961 87 31 obliged
1667 971 28 15 on
1713 965 39 23 the
1774 972 92 25 present

1288 993 104 23 occasion
1403 998 23 18 to
1438 997 78 19 return
1535 993 38 23 the
1589 995 151 31 compliment,
1760 1003 24 19 at
1800 1000 64 30 least,

1287 1033 25 16 as
1323 1026 36 23 far
1377 1034 24 15 as
1419 1030 40 19 not
1476 1026 179 32 understanding
1672 1028 56 25 him.
1775 1032 38 24 He
1832 1038 34 19 set

1287 1063 39 19 out
1336 1059 32 31 by
1379 1059 121 31 observing
1511 1059 49 23 that
1569 1060 48 24 Mr.
1627 1061 108 26 Barrett's
1746 1066 120 32 testimony

1287 1099 29 16 on
1335 1092 143 31 Wednesday
1501 1092 44 23 and
1564 1092 125 33 Thursday,
1716 1104 45 16 was
1781 1099 24 23 of
1829 1100 37 24 the

1287 1131 59 17 most
1364 1126 123 30 important
1509 1125 129 30 character;
1662 1129 44 23 and
1725 1130 57 25 from
1807 1132 59 25 what

1287 1165 32 16 we
1330 1157 58 24 have
1399 1158 68 24 heard
1476 1159 26 22 of
1517 1159 37 23 the
1570 1160 89 30 general
1676 1161 94 34 bearing
1788 1165 25 23 of
1829 1165 37 25 his

1287 1192 129 30 testimony,
1428 1199 32 15 we
1473 1192 43 23 feel
1528 1193 127 29 convinced,
1668 1195 49 23 that
1732 1197 36 23 the
1782 1197 82 33 Colony

1286 1224 45 23 and
1344 1225 36 22 the
1394 1224 113 31 Company
1519 1225 57 24 have
1589 1226 63 32 equal
1669 1235 81 17 reason
1770 1235 21 18 to
1811 1239 52 16 con-

1285 1257 111 31 gratulate
1408 1258 134 24 themselves
1554 1266 61 23 upon
1623 1259 36 24 the
1664 1261 106 32 friendly
1782 1263 83 33 feeling

1285 1291 26 22 of
1319 1291 38 22 the
1371 1290 101 23 Colonial
1480 1291 151 30 Government,
1640 1293 43 24 and
1690 1294 31 23 its
1732 1295 132 32 disposition

1285 1327 23 19 to
1318 1324 80 22 favour
1408 1323 30 31 by
1449 1323 31 23 all
1488 1323 50 32 just
1553 1325 45 23 and
1612 1327 130 24 reasonable
1761 1329 102 25 methods

1285 1355 38 24 the
1335 1356 78 23 claims
1425 1357 25 22 of
1464 1357 38 22 the
1514 1357 89 24 settlers
1621 1362 20 19 to
1661 1359 37 24 the
1717 1360 53 25 land
1791 1362 72 25 which

1284 1389 42 24 has
1337 1390 59 23 been
1409 1389 93 24 allotted
1520 1394 21 19 to
1563 1390 66 25 them.
1676 1392 44 24 We
1741 1395 73 31 might
1836 1397 27 22 be

1281 1422 103 32 justified
1394 1423 23 23 in
1426 1424 95 30 quoting
1527 1423 60 24 from
1621 1424 36 23 the
1665 1425 60 24 book
1733 1427 25 24 of

1285 1456 44 23 and
1353 1463 47 24 say,
1429 1463 63 16 come
1514 1456 54 23 here
1594 1465 26 22 ye
1643 1458 90 24 settlers
1756 1461 24 23 of
1807 1462 57 24 Port

1286 1488 124 24 Nicholson
1422 1488 45 24 and
1478 1489 54 23 hear
1544 1489 59 24 what
1617 1491 144 26 comfortable
1779 1494 84 32 tidings

1286 1521 39 24 the
1340 1520 99 25 Colonist
1454 1521 87 32 brings.
1589 1522 24 24 It
1629 1525 110 32 certainly
1755 1527 19 23 is
1789 1535 73 17 some-

1285 1554 67 31 thing
1363 1562 47 16 new
1423 1559 22 18 to
1456 1555 50 23 find
1517 1555 48 23 that
1578 1555 45 24 Mr.
1636 1556 93 26 Barrett
1741 1559 47 29 has,
1801 1562 62 24 since

1285 1588 36 23 his
1335 1588 44 23 last
1397 1587 93 31 sojourn
1506 1588 62 29 here,
1587 1588 55 25 been
1660 1598 25 16 so
1701 1592 35 23 far
1756 1593 108 25 admitted

1285 1621 48 23 into
1345 1620 37 24 the
1415 1625 85 19 secrets
1513 1621 24 23 of
1551 1621 38 24 the
1600 1623 75 30 prison
1801 1635 25 16 as
1840 1633 22 18 to

1285 1654 28 23 be
1332 1654 37 23 the
1387 1654 77 23 bearer
1483 1654 26 23 of
1531 1655 56 23 such
1598 1655 51 31 glad
1667 1657 93 32 tidings,
1770 1656 36 27 fbr
1817 1660 46 24 this

1285 1687 20 23 is
1323 1687 80 23 indeed
1423 1686 38 24 the
1480 1692 80 26 strong
1577 1689 62 30 point
1653 1690 26 22 of
1693 1690 39 24 the
1743 1699 52 18 case
1803 1702 6 20 ;
1823 1694 41 24 but

1284 1725 41 18 not
1335 1728 33 15 we
1379 1720 47 23 fear
1444 1719 38 24 the
1501 1720 52 31 only
1575 1726 76 26 strong
1669 1731 25 15 or
1715 1726 71 29 tough
1799 1728 65 29 point

1285 1753 38 23 the
1335 1753 117 31 Company
1474 1752 33 31 (if
1519 1757 41 19 not
1581 1754 37 24 the
1638 1756 101 32 settlers)
1763 1758 56 25 have
1839 1765 23 19 to

1285 1786 96 23 contend
1397 1786 53 23 with
1457 1795 7 20 ;
1489 1787 44 23 and
1549 1794 26 16 so
1593 1788 22 23 in
1632 1790 82 31 reality
1725 1791 78 24 thinks
1822 1801 40 16 our

1285 1823 170 28 contemporary
1465 1820 36 23 for
1518 1820 61 24 what
1595 1821 52 23 does
1664 1822 30 24 he
1712 1831 41 23 say
1761 1833 6 15 :
1768 1837 34 5 —

1284 1852 99 23 between
1396 1852 37 23 the
1447 1853 117 31 Company
1575 1853 42 24 and
1629 1854 38 24 the
1685 1856 97 25 Natives
1800 1859 62 24 there

1285 1893 52 23 may
1349 1886 27 22 be
1392 1885 113 23 unsettled
1522 1886 77 24 claims
1615 1894 28 16 on
1664 1889 39 23 the
1721 1894 51 27 part
1786 1891 24 24 of
1824 1892 38 23 the

1283 1918 75 28 latter,
1380 1918 74 23 which
1476 1926 29 15 no
1528 1919 153 26 Government
1710 1923 100 25 desirous
1839 1926 26 23 of

1284 1950 163 31 adminstering
1472 1950 119 31 impartial
1610 1953 85 30 justice
1724 1960 22 19 to
1772 1957 35 23 all
1831 1959 31 22 its

1284 1983 100 29 subjects
1396 1983 64 21 could
1471 1987 93 18 venture
1575 1989 21 16 to
1787 1989 75 23 There

1283 2014 21 21 is
1316 2021 13 15 a
1340 2014 86 30 saying,
1440 2013 49 24 that
1500 2021 29 16 no
1544 2016 105 30 meaning
1668 2016 74 25 which
1760 2027 14 14 a
1789 2020 73 24 simile

1284 2053 41 17 can
1336 2054 83 23 convey
1420 2059 33 4 —
1454 2054 42 15 can
1504 2047 27 22 be
1539 2052 101 27 contrary
1648 2053 23 19 to
1678 2051 59 30 good
1745 2051 116 32 breeding;

1283 2079 127 31 borrowing
1432 2088 41 15 our
1499 2082 188 30 contemporary's
1707 2091 49 16 own
1781 2072 80 43 words',

1359 2112 58 24 have
1436 2112 68 26 heard
1549 2113 47 23 that
1614 2114 62 24 there
1697 2124 38 16 are
1752 2122 41 19 not
1809 2121 54 30 only

1282 2145 112 23 unsettled
1410 2145 80 24 claims
1506 2146 99 24 between
1624 2148 38 23 the
1684 2149 117 33 Company
1817 2154 45 23 and

1283 2178 38 23 the
1334 2178 100 28 Natives,
1443 2179 42 23 but
1496 2187 63 15 some
1570 2180 76 24 claims
1659 2187 35 18 set
1702 2182 59 25 forth
1774 2185 30 30 by
1815 2193 46 17 one

1282 2215 74 27 party,
1367 2211 72 24 which
1450 2220 26 14 so
1487 2211 35 24 far
1532 2211 56 25 from
1600 2213 69 32 being
1680 2215 25 23 of
1720 2216 37 23 the
1769 2218 93 24 charac-

1283 2249 34 18 ter
1345 2244 26 23 of
1407 2244 117 29 unsettled,
1563 2253 36 16 are
1626 2247 81 24 denied
1742 2253 23 20 to
1804 2252 58 24 have

1281 2277 46 24 had
1354 2286 14 14 a
1391 2277 91 24 shadow
1509 2277 30 31 of
1561 2278 63 31 right
1653 2284 23 19 to
1699 2282 28 23 be
1748 2283 113 26 advanced

1282 2319 25 15 as
1337 2310 77 25 claims
1448 2315 24 19 at
1499 2311 45 24 all:
1570 2312 18 23 if
1619 2320 33 21 so,
1681 2314 55 32 they
1769 2324 38 17 are
1837 2319 27 24 of

1282 2342 57 25 such
1362 2352 13 15 a
1398 2348 80 19 nature
1505 2344 50 24 that
1580 2352 27 16 no
1637 2346 156 27 Government
1820 2351 40 24 de-
1872 2345 1 29 1

1283 2378 72 22 sirous
1384 2376 25 24 of
1445 2377 169 32 administering
1641 2380 114 31 impartial
1775 2383 85 31 justice

1282 2415 23 18 to
1318 2410 29 24 all
1357 2411 29 22 its
1398 2410 100 31 subjects
1513 2411 69 23 would
1601 2417 94 20 venture
1709 2419 22 18 to
1743 2417 81 29 regard
1836 2423 23 18 at

1282 2443 38 23 all.
1379 2443 47 24 But
1460 2451 41 23 say
1512 2451 41 16 our
1570 2449 176 30 contemporary,
1818 2451 41 23 be-

1282 2481 71 19 tween
1365 2475 38 25 the
1412 2477 137 30 purchasers
1560 2478 24 22 of
1592 2477 53 25 land
1656 2481 45 22 and
1709 2481 36 24 the
1756 2482 95 25 Natives
1872 2479 1 28 !

1282 2510 39 23 the
1332 2510 83 23 former
1426 2509 57 24 have
1495 2514 25 19 at
1537 2510 55 24 least
1603 2512 66 30 equal
1681 2514 61 30 right
1756 2516 54 23 with
1822 2517 37 24 the

1281 2543 73 29 latter,
1367 2547 22 19 to
1401 2542 38 24 the
1450 2545 125 29 protection
1584 2544 26 23 of
1624 2545 38 23 the

1280 2576 100 31 Agreed,
1392 2576 42 23 but
1451 2576 55 24 then
1524 2584 72 17 comes
1615 2578 38 23 the
1674 2581 103 30 question
1777 2595 34 4 —
1814 2585 44 23 Ist.

1280 2609 41 24 has
1333 2609 38 23 the
1381 2609 112 31 purchase
1504 2610 58 24 been
1571 2610 62 24 made
1642 2611 60 25 from
1708 2613 38 24 the
1755 2615 103 31 Natives,

1280 2643 45 23 and
1336 2643 88 30 2ndly.,
1435 2643 50 23 who
1496 2651 58 16 were
1567 2643 35 24 the
1610 2645 136 31 purchasers
1755 2647 57 25 from
1821 2650 38 24 the

1268 2669 1 37 |
1281 2674 94 26 Natives
1376 2688 33 4 —
1410 2676 44 23 and
1474 2676 83 31 3rdly.,
1569 2677 41 23 has
1628 2678 64 24 there
1706 2679 59 25 been
1776 2689 13 16 a
1800 2682 60 31 legal

1281 2709 119 23 surrender
1421 2709 26 23 of
1472 2709 39 24 the
1533 2714 68 20 estate
1624 2714 24 20 to
1666 2712 39 24 the
1726 2714 131 31 purchaser.

1281 2742 50 24 The
1343 2742 51 31 only
1405 2742 136 31 purchasers
1553 2744 24 23 of
1591 2743 53 25 land
1662 2745 26 24 of
1702 2745 38 25 the
1753 2747 103 31 Natives,

1280 2783 26 16 as
1316 2775 35 24 far
1362 2783 25 16 as
1398 2776 40 23 the
1452 2776 89 24 settlers
1560 2776 23 24 of
1598 2776 57 25 Port
1676 2778 125 26 Nicholson
1821 2790 37 16 are

1280 2808 130 30 concerned,
1424 2816 38 16 are
1479 2809 40 24 the
1537 2810 55 23 New
1610 2811 101 25 Zealand
1732 2813 126 34 Company,

1279 2842 44 23 and
1334 2841 38 24 the
1385 2843 103 30 question
1501 2843 26 24 of
1539 2843 49 23 how
1605 2844 36 23 far
1659 2844 54 32 they
1723 2846 58 24 have
1793 2856 75 19 com-,

1278 2874 75 31 pleted
1363 2875 60 23 their
1433 2881 50 26 part
1495 2876 26 24 of
1530 2876 35 24 the
1576 2876 95 32 bargain
1682 2886 26 16 so
1719 2887 25 15 as
1756 2885 23 18 to
1791 2881 67 24 claim

1279 2912 23 19 to
1313 2908 27 23 be
1351 2914 41 25 put
1469 2910 129 30 possession
1616 2911 21 22 is
1649 2910 61 25 what
1725 2912 47 25 Mr.
1786 2913 71 31 Spain

1277 2940 41 24 has
1337 2942 57 23 been
1412 2942 45 24 and
1474 2943 49 23 still
1539 2942 21 23 is
1579 2943 102 30 engaged
1695 2945 24 22 in
1739 2946 119 31 enquiring

1276 2974 56 29 into,
1344 2975 44 24 and
1400 2975 59 24 until
1473 2976 50 23 that
1533 2976 20 22 is
1572 2974 145 31 determined,
1730 2977 38 24 the
1786 2978 71 24 latter

1276 3015 26 15 as
1313 3007 50 24 well
1374 3015 25 15 as
1411 3008 39 22 the
1453 3007 94 30 former
1555 3006 55 24 have
1617 3012 24 19 at
1651 3008 59 24 least
1718 3011 66 30 equal
1795 3011 62 32 right

1276 3045 23 18 to
1310 3040 38 23 the
1362 3041 125 30 protection
1507 3040 25 24 of
1547 3040 36 24 the
1604 3041 163 27 Government.
1804 3044 51 25 Our

1276 3077 171 27 contemporary
1464 3072 107 32 proceeds
1589 3077 23 20 to
1632 3074 102 31 observe,

1275 3105 61 32 (that
1346 3105 19 24 is
1378 3105 38 24 the
1428 3106 90 24 settlers
1527 3105 42 25 and
1580 3106 76 25 others
1667 3107 48 25 who
1727 3110 128 30 purchased

1274 3139 27 23 of
1314 3138 39 24 the
1372 3138 129 32 Company)
1536 3139 55 24 have
1602 3140 81 31 fairly
1694 3142 44 24 and
1754 3143 101 32 honestly

1273 3171 127 32 purchased
1410 3171 54 25 laud
1475 3173 26 23 in
1518 3173 36 23 the
1565 3172 73 32 belief
1645 3173 49 25 that
1704 3184 14 14 a
1729 3176 64 24 valid
1805 3177 50 26 title

1275 3210 22 18 to
1309 3205 37 24 the
1356 3204 54 24 land
1426 3204 44 25 had
1487 3206 59 23 been
1561 3206 107 25 obtained
1684 3208 30 31 by
1725 3208 39 25 the
1783 3210 71 25 Com-

1273 3246 67 24 pany,
1353 3238 44 24 and
1419 3238 48 24 that
1488 3236 37 27 the
1546 3239 82 25 Native
1648 3240 86 25 Claims
1746 3250 58 16 were
1814 3251 40 16 ex-

1274 3271 128 31 tinguished
1411 3274 79 29 except
1499 3280 25 16 as
1536 3276 20 20 to
1569 3272 38 24 the
1619 3273 83 25 Native

1274 3304 86 24 Indeed
1366 3305 6 23 !
1384 3304 81 24 Portia
1474 3305 54 24 with
1535 3305 31 24 all
1571 3305 41 25 her
1621 3308 101 31 sagacity
1729 3316 69 17 never
1806 3310 48 24 dis-

1273 3337 81 32 played
1380 3337 52 24 half
1462 3337 39 25 the
1528 3338 59 32 legal
1614 3339 120 34 ingenuity
1761 3343 25 23 of
1813 3351 41 17 our

1273 3375 178 27 contemporary,
1471 3371 48 30 she,
1538 3371 109 31 however,
1660 3380 44 18 was
1725 3382 29 16 no
1770 3376 84 32 lawyer

1273 3403 41 24 but
1336 3411 14 16 a
1366 3408 61 19 most
1451 3405 117 31 proficient
1585 3406 86 31 special
1692 3407 99 32 pleader,
1810 3410 45 24 and

1273 3445 25 15 so
1326 3436 74 24 would
1428 3445 41 15 our
1501 3443 170 28 contemporary
1691 3441 29 23 be
1748 3441 115 33 thought,,

1273 3470 87 31 though
1370 3478 34 16 we
1424 3469 68 25 think
1509 3471 47 24 that
1566 3472 21 23 if
1601 3472 73 24 called
1686 3479 22 18 to
1720 3482 83 25 oppose
1815 3476 38 24 the

1273 3503 77 24 claims
1363 3503 26 23 of
1397 3511 14 16 a
1421 3503 102 32 plaintiff
1529 3509 22 19 to
1561 3504 29 24 be
1600 3510 43 26 put
1654 3506 47 24 into
1713 3507 38 25 the
1761 3516 92 24 posses-

1273 3537 50 23 sion
1333 3536 26 23 of
1373 3536 39 24 the
1423 3540 71 21 estate
1506 3537 25 24 of
1544 3537 28 25 C.
1586 3538 43 29 D.,
1648 3538 96 27 because
1761 3542 30 24 he
1810 3542 45 24 had

1273 3569 85 32 bought
1368 3570 19 23 it
1398 3569 26 24 of
1438 3570 31 24 A.
1483 3570 38 29 8.,
1537 3572 26 22 in
1574 3571 38 25 the
1624 3572 72 31 belief
1708 3574 52 24 that
1770 3583 14 15 a
1793 3575 62 24 valid

1273 3603 48 23 title
1328 3607 24 19 to
1359 3602 39 24 the
1407 3606 79 26 estate,
1498 3603 43 24 had
1548 3603 59 26 been
1612 3606 130 33 previously
1749 3608 105 24 obtained

1273 3636 29 31 by
1313 3636 38 24 the
1362 3636 50 23 said
1421 3635 33 25 A.
1467 3636 40 30 8.,
1525 3637 26 24 he
1562 3638 75 24 would
1648 3639 57 24 have
1716 3640 72 25 found
1798 3649 54 23 very

1272 3668 57 25 little
1340 3669 112 31 difficulty
1463 3670 25 23 of
1500 3669 100 33 shutting
1612 3671 49 24 Mr.
1675 3672 27 25 C.
1716 3672 32 26 D.
1761 3674 46 24 and
1818 3674 36 25 his

1271 3702 69 24 belief
1359 3706 40 20 out
1410 3702 25 24 of
1448 3702 79 31 Court,
1547 3704 43 23 and
1608 3704 90 33 leaving
1717 3705 48 26 him
1776 3712 24 19 to
1817 3707 37 25 his

1273 3735 88 31 remedy
1374 3736 90 31 against
1480 3736 48 25 Mr.
1539 3736 33 25 A.
1586 3737 40 29 8.,
1645 3739 45 23 and
1700 3746 30 17 no
1748 3740 105 25 Govern-

1273 3773 62 19 ment
1361 3768 104 25 desirous
1488 3769 25 24 of
1537 3770 174 33 administering
1738 3773 116 32 impartial

1269 3802 84 32 justice
1364 3806 24 20 to
1400 3802 31 24 all
1440 3803 31 23 its
1482 3802 99 33 subjects
1591 3804 75 24 would
1672 3809 93 21 venture
1777 3812 24 19 to
1812 3812 42 26 put

1273 3844 13 15 a
1307 3836 101 31 plaintiff
1429 3836 72 25 under
1523 3836 54 24 such
1600 3838 175 25 circumstances
1804 3841 49 23 into

1273 3869 128 32 possession
1419 3870 26 23 of
1464 3869 39 25 the
1521 3874 70 20 estate
1610 3871 26 24 of
1656 3871 27 25 C.
1703 3871 32 25 D.
1746 3881 6 20 ;
1777 3873 42 24 but
1835 3874 20 23 it

1271 3902 73 31 might
1353 3907 94 19 venture
1465 3907 23 20 to
1499 3903 42 24 call
1551 3911 30 16 on
1600 3904 33 24 A.
1646 3904 28 24 B.
1688 3909 24 19 to
1728 3905 126 25 reimburse

1273 3935 37 24 the
1320 3935 112 31 purchase
1441 3944 82 24 money
1530 3937 54 24 with
1591 3942 62 19 costs
1664 3937 23 24 to
1699 3938 37 24 the
1745 3938 107 30 plaintiff,

583 49 96 46 Z\yt
703 49 118 41 wreto
1083 50 188 47 £Ka?stts
1295 52 92 39 attft
1412 52 298 47 WAtllinqtm
1734 50 252 49 £pcctatot\

117 2505 169 25 SHIPPING
305 2506 273 25 INTELLIGENCE.

276 2559 144 21 ARRIVED.

86 2594 104 26 February
208 2595 34 23 11,
253 2596 68 19 cutter
336 2594 117 27 Elizabeth,
471 2596 27 20 20
514 2597 56 24 tons,
581 2596 60 20 Mor-

60 2623 44 23 ton,
114 2622 55 20 from
179 2622 91 24 Sydney.

292 2666 117 20 SAILED.

85 2698 50 20 Feb.
147 2699 33 23 11,
192 2698 141 21 Government
348 2698 47 26 brig
413 2699 102 27 Victoria,
526 2700 40 20 200
584 2702 55 23 tons,

59 2725 73 25 Nagle,
143 2725 35 20 for
185 2726 118 19 Auckland.

85 2752 50 21 Feb.
144 2752 155 26 13,brigantine
305 2753 120 26 Lowestoft,
434 2754 40 19 114
481 2756 56 23 tons,
545 2754 94 26 Cowtan,

59 2780 32 20 for
102 2780 118 20 Auckland.

281 2826 34 21 IN
330 2826 84 22 PORT.

81 2853 84 28 Barque
173 2854 118 25 Indemnity
297 2868 5 9 ,
310 2855 42 19 450
370 2858 48 17 tons
424 2869 6 10 ,
436 2855 89 25 Adams,
537 2857 101 26 refitting.

54 2881 91 26 Agents,
157 2882 67 20 Waitt
234 2883 42 19 and
286 2882 78 26 Tyser.

81 2909 109 21 Schooner
212 2910 56 25 Ann,
294 2911 27 19 22
342 2912 57 24 tons,
424 2910 88 26 Brown,
535 2911 44 20 laid
602 2917 36 21 up.

53 2935 79 26 Agent,
142 2937 68 20 Waitt
220 2938 41 19 and
272 2938 76 26 Tyser.

83 2964 109 21 Schooner
201 2965 80 24 Maori,
295 2966 25 20 15
331 2969 60 18 tons.

82 2991 108 22 Schooner
203 2992 104 21 Governor
317 2993 92 27 HoUson,
418 2994 29 19 40
458 2996 58 25 tons,
527 2994 110 28 Crumner,

55 3018 89 26 Agents,
155 3020 56 19 Hort
221 3020 43 19 and
274 3020 42 21 Co.

83 3046 107 21 Schooner
208 3048 73 24 Ocean,
293 3048 26 19 30
335 3050 57 22 tons,
407 3048 116 26 Ferguson.
551 3049 86 27 Agents,

55 3072 94 22 Wallace,
156 3074 41 20 and
206 3074 47 25 Co.,
263 3074 88 26 Agents.

82 3100 82 27 Barque
182 3102 105 25 Glenarm,
305 3103 40 20 297
361 3104 56 24 tons,
435 3103 56 27 Guy.
523 3104 78 26 Agent,
612 3104 24 22 C.

55 3126 33 23 M.
100 3128 79 26 Penny.

83 3154 51 27 Ship
147 3156 87 20 Thomas
245 3154 85 30 Sparks,
340 3157 42 21 498
399 3158 58 24 tons,
469 3157 74 28 Sharp.
573 3159 64 27 Ridg-

54 3188 55 20 ways
119 3183 42 20 and
170 3182 47 25 Co.,
227 3184 87 25 Ageats.

82 3209 51 26 Brig
147 3210 116 26 Margaret,
282 3211 39 21 186
338 3214 58 24 tons,
409 3212 111 22 Tomkins.
548 3214 88 27 Agents,

53 3236 68 21 Waitt
131 3238 41 19 and
180 3238 73 26 Tyser.

83 3263 106 21 Schooner
206 3265 144 26 Shepherdess,
368 3267 26 20 41
414 3269 50 19 tons
479 3268 95 22 Browne.
612 3269 24 22 C.

55 3290 104 26 Schultze,
170 3292 77 26 Agent.

81 3318 123 26 Brigantine
215 3319 118 28 Vanguard,
342 3321 26 19 61
378 3323 58 23 tons,
443 3322 98 21 Newton.
568 3323 69 21 Waitt

53 3345 42 20 and
105 3345 73 26 Tyser,
194 3345 86 26 Agents.

82 3373 106 21 Schooner
197 3373 100 28 Dolphin,
314 3375 26 20 40
351 3377 55 24 tons,
424 3375 76 23 Smith.
530 3377 106 21 Simmons

53 3400 41 20 and
105 3400 106 27 Hoggard,
222 3401 88 26 Agents.

82 3427 107 21 Schooner
203 3428 71 26 Ganet,
284 3429 28 20 40
326 3431 57 22 tons,
393 3429 138 28 Popplewell.
558 3432 76 26 Agent,

54 3454 137 22 Hornbrook.

81 3482 107 21 Schooner
196 3483 52 25 Imp,
259 3483 27 20 20
297 3484 55 25 tons,
363 3483 80 21 Tulett.
471 3485 85 27 Agents,
567 3486 68 21 John-

53 3516 39 14 son
102 3510 43 20 and
154 3510 82 20 Moore.

81 3536 76 22 Cutter
170 3537 116 25 Elizabeth,
304 3537 26 20 20
345 3539 56 24 tons,
411 3538 96 21 Morton.
536 3539 98 27 Captain,

51 3565 80 25 Agent.
335 3591 16 3 _

224 3616 119 20 CUSTOM
359 3616 108 20 HOUSE.

286 3676 110 16 IMPORTS.

80 3702 29 21 In
127 3709 47 15 the
404 3710 66 15 from
490 3705 102 23 Sydney.
593 3718 29 5 —
622 3708 11 20 1

52 3730 50 20 cask
111 3737 53 19 rum,
178 3732 25 19 10
220 3731 14 24 §
243 3732 69 20 chests
328 3733 41 23 tea,
379 3733 12 19 2
409 3732 63 20 chain
488 3733 75 26 cables,
574 3736 13 19 2
597 3741 37 14 an-

52 3757 70 24 chors,
132 3758 13 19 4
154 3758 51 27 kegs
213 3759 134 26 gunpowder,
358 3760 13 19 2
380 3759 50 20 iron
445 3760 90 26 shovels,
547 3763 12 19 2
570 3763 64 19 cook-

51 3784 37 26 ing
96 3784 92 23 hearths.
217 3786 124 27 Passengers
342 3797 27 4 —
369 3786 88 21 Messrs.
476 3787 99 23 Flarence
592 3789 41 21 and

52 3811 143 27 Kirkpatrick.

197 3867 141 21 Inwards—
340 3868 148 22 Coastwise.

77 3897 30 21 In
114 3904 47 15 the
168 3897 179 28 •'Lowßsxorr,"
356 3906 64 16 from
428 3900 60 23 New
494 3902 140 23 Pltmouthj

49 3925 150 22 —WUlitand
215 3926 43 27 Co.,
267 3928 129 25 Agent*.—*
414 3928 71 23 chests
500 3932 41 24 tea,
552 3931 13 20 9
578 3931 62 26 .bsgs.

676 1447 96 22 London

676 1474 84 22 Nelson

676 1500 119 23 Auckland

675 1527 47 27 Bay
734 1528 23 21 of
768 1528 86 22 Islands

676 1554 89 32 Sydney

675 1580 50 22 Van
736 1582 116 21 Dieman's
862 1582 63 22 Land

676 1607 51 22 Port
737 1608 81 27 Phillip

675 1634 108 23 Adelaide

1085 1450 130 26 September
1244 1452 5 19 i

1084 1476 114 29 February
1244 1484 5 8 '

1085 1502 125 24 December
1231 1506 18 20 2!

1085 1530 97 21 October
1244 1533 5 18 <

1083 1556 102 28 January
1245 1556 4 10 '

1082 1583 124 22 December
1231 1586 18 19 21

1080 1610 126 23 December
1231 1612 18 20 2!

1078 1636 127 23 December
1231 1639 18 20 2!

674 1719 98 19 London
1167 1722 13 19 6
1205 1722 13 19 0

674 1748 56 21 New
746 1750 78 21 South
838 1750 84 21 Wales
937 1757 47 15 and
994 1750 29 22 V.
1035 1751 28 21 D.
1074 1751 27 21 L.
1130 1754 49 20 ..2
1205 1754 14 20 0

1244 1723 14 20 0

1244 1754 14 20 0

673 1780 96 22 Nelson
1165 1786 14 19 2
1205 1786 14 19 0

673 1812 123 23 Taranaki
807 1821 45 14 and
860 1813 74 22 Coast
1165 1817 14 20 2
1205 1817 14 20 0

673 1845 130 21 Auckland
1193 1848 42 20 niL

1244 1786 14 19 0

1243 1817 14 20 0

698 1894 91 21 Notice
815 1901 26 14 to
865 1894 163 23 Subscribers.
1029 1907 29 4 —
1058 1896 48 21 The
1132 1897 86 21 settlers
1234 1900 24 19 at

672 1921 126 26 Wanganui
809 1921 109 27 complain
929 1921 50 22 that
994 1922 54 27 they
1066 1922 29 22 do
1112 1927 40 18 not
1168 1926 37 24 get
1214 1931 43 14 .our

671 1955 78 19 papers
758 1948 112 26 regularly
871 1959 28 3 —
900 1948 44 21 and
953 1948 66 26 plead
1031 1949 54 27 that,
1097 1957 24 14 as
1135 1957 29 14 an
1179 1957 78 15 excuse

671 1975 33 20 for
714 1977 45 18 not'
763 1975 83 26 paying
862 1974 57 22 their
935 1978 116 19 accounts.
1091 1975 41 21 We
1149 1983 40 14 can
1206 1976 53 26 only

671 2002 39 25 put
728 2000 58 20 their
805 2006 78 20 papers
897 1999 24 21 in
938 2001 37 19 the
993 2002 55 23 post,
1066 1999 44 21 and
1129 2003 83 20 cannot
1218 2006 4 4 '
1229 2002 30 25 be,
1263 1997 2 28 j

671 2025 138 28 responsible
819 2025 34 21 for
867 2025 58 21 their
941 2025 47 21 safe
1005 2025 88 22 arrival.
1133 2026 64 22 From
1214 2027 42 22 this
1263 2030 2 25 j

671 2052 50 22 date
731 2060 32 14 we
772 2056 50 23 stop
832 2052 37 21 the
878 2059 80 20 papers
968 2053 26 21 of
1010 2052 31 22 all
1054 2060 93 20 persons
1161 2054 95 27 residing

671 2082 23 18 at
714 2079 127 26 Wanganui
861 2079 52 21 with
933 2086 43 14 one
995 2079 126 28 exception.
1165 2080 24 21 If
1203 2081 52 27 they

670 2105 58 23 need
737 2113 78 20 papers
826 2106 51 27 they
887 2113 42 14 can
939 2105 58 22 have
1005 2106 62 22 them
1078 2114 59 19 upon
1229 2114 27 15 us

671 2132 37 22 the
718 2136 107 23 gurantee
837 2133 24 21 of
872 2140 61 14 some
943 2133 137 27 respectable
1094 2140 81 20 person
1188 2134 67 22 resid-

671 2159 37 26 ing
716 2159 61 27 here,
787 2159 49 21 that
845 2162 106 25 payment
961 2159 58 22 shall
1025 2159 27 22 be
1058 2160 66 21 made
1134 2161 62 21 when
1205 2161 48 22 due.

671 2185 40 22 We
723 2190 89 22 suspect
820 2194 32 14 we
862 2186 57 22 shall
928 2194 54 19 very
992 2194 53 14 soon
1054 2187 48 21 find
1111 2187 18 21 it
1140 2194 115 21 necessary

671 2215 22 18 to
703 2213 69 27 adopt
781 2213 37 21 the
829 2220 60 15 same
900 2220 77 14 course
986 2213 24 21 in
1021 2213 94 22 relation
1124 2217 23 18 to
1161 2214 29 21 all
1205 2215 50 22 sub-

671 2239 94 22 scribers
773 2243 40 18 not
821 2239 99 28 residing
928 2240 24 22 in
964 2240 144 27 Wellington.

698 2270 143 28 Wellington,
852 2272 102 27 January
965 2274 19 25 1,
996 2273 61 21 1842.

786 2516 98 20 Notice
900 2517 30 19 to
947 2517 183 21 Subscribers.

673 2549 78 26 Papers
765 2550 45 20 will
822 2551 36 19 not
868 2550 24 20 be
904 2552 48 19 sent
969 2552 22 19 to
1004 2557 91 19 persons
1106 2552 66 26 living
1187 2555 35 19 out
1231 2551 26 25 of

697 2583 52 21 Vort
759 2584 121 24 Nicholson,
898 2584 70 20 unless
984 2587 158 24 arrangements
1151 2593 36 14 are
1194 2588 61 20 made

692 2615 38 24 for
740 2616 35 20 the
780 2618 101 24 payment
891 2616 28 26 of
925 2618 36 19 the
970 2623 64 21 same,
1047 2618 92 26 through
1148 2626 27 14 an
1183 2621 70 25 Agent

697 2649 24 19 at
733 2649 134 25 Wellington.

296 136 55 22 New
370 136 125 27 Plymouth,
515 136 117 26 Taranaki,

343 163 126 21 November
479 162 33 26 15,
525 163 60 21 1842.

81 195 90 21 fTIHE
196 195 156 22 RESIDENT
373 195 108 22 AGENT
500 195 24 21 of
544 195 39 22 the
603 195 57 22 New

87 217 29 25 JL
154 221 100 22 Zealand
268 222 112 27 Company
394 222 34 21 for
441 221 38 21 the
496 221 131 22 Settlement
637 222 26 21 of

79 247 56 21 New
152 247 126 28 Plymouth,
288 249 19 21 is
323 255 48 15 now
380 247 69 27 ready
458 250 23 18 to
491 248 87 22 receive
589 247 71 28 appli-

78 273 73 22 cation
163 274 34 22 for
206 274 37 22 the
254 274 111 28 purchase,
383 274 30 27 by
422 274 85 27 private
518 278 107 22 contract,
636 274 26 22 of

77 299 77 28 Town,
171 301 122 26 Suburban,
311 300 45 22 and
370 300 69 22 Rural
457 301 100 21 Sections
572 301 24 21 in
612 301 47 21 that

77 327 139 21 Settlement.
260 327 64 22 Some
354 327 25 20 of
404 327 37 21 the
465 330 56 18 most
549 327 109 21 desirable
669 339 1 3 ■

77 353 100 22 Sections
186 354 24 21 in
220 353 38 22 the
268 352 90 22 District
368 360 35 14 are
415 353 82 22 offered
506 353 34 21 for
549 353 54 22 sale.
669 361 1 15 i

104 387 110 26 February
224 387 19 25 7,
257 388 57 20 1843.

265 431 119 21 Sheriff's
401 432 68 20 Sale.

171 463 35 22 IN
225 464 65 21 THE
311 464 123 22 COUNTY
453 464 108 22 COURT.

76 496 101 22 Between
187 496 95 22 Thomas
298 497 100 27 Hughes,
410 497 104 27 Plaintiff,
525 497 46 22 and
580 497 75 22 James

243 524 102 26 Rumble,
356 524 134 21 Defendant.

74 556 70 48 BY
157 557 72 21 virtue
239 557 26 20 of
271 564 13 14 a
290 557 57 21 Writ
355 557 25 21 of
388 557 123 22 Execution
521 557 87 27 against
618 557 37 22 the

151 583 74 21 Goods
241 583 26 21 of
278 583 37 22 the
335 583 68 22 above
420 584 79 21 named
516 583 137 27 Defendant,

78 609 38 21 the
135 609 82 22 Sheriff'
230 609 44 22 will
293 617 65 14 cause
378 614 22 17 to
418 611 26 20 be
464 609 46 22 sold
529 610 30 27 by
577 611 77 21 Public

74 636 106 26 Auction,
189 643 28 14 on
228 636 110 27 Saturday
347 640 61 23 next,
419 640 23 18 at
451 638 11 20 1
473 631 93 32 o'clock,
578 644 29 14 on
618 637 35 21 the

73 662 105 27 premises
189 670 28 14 on
229 663 37 21 the
281 663 67 22 River
361 663 66 27 Hutt,
438 663 29 22 all
482 663 36 21 the
531 663 127 27 unexpired.

73 692 56 18 term
140 689 44 21 and
192 690 92 21 interest
293 690 25 21 of
326 689 36 22 the
373 690 47 21 said
428 689 76 22 James
515 689 102 27 Rumble,
632 691 26 21 of

74 715 44 21 and
128 716 23 21 in
168 722 14 14 a
197 717 84 21 certain
297 717 61 26 piece
368 717 25 21 of
406 716 94 27 ground,
518 717 135 27 comprising

72 744 44 19 two
125 742 46 21 and
180 749 13 14 a
208 741 50 23 half
269 750 63 14 acres
342 750 23 14 or
375 742 148 27 thereabouts,
536 743 79 22 situate
625 750 27 15 on

73 768 37 21 the
121 768 74 26 River,
208 769 63 27 Hutt,
279 776 53 14 near
342 773 22 17 to
370 769 38 21 the
418 767 112 24 residence
541 769 27 21 of
571 769 82 22 Daniel

72 794 124 27 Riddiford,
208 795 60 27 Esq.,
283 795 45 22 and
340 795 72 22 which
421 796 19 21 is
450 796 133 22 understood
592 799 23 19 to
624 797 28 21 be

71 820 53 22 held
133 821 31 26 by
175 821 35 21 the
220 821 48 22 said
277 821 75 22 James
356 828 3 9 1
368 822 97 22 Rumble
475 823 34 21 for
518 821 38 23 the
566 823 86 22 residue

71 847 27 21 of
105 854 11 14 a
126 851 56 18 term
192 848 26 21 of
224 848 34 22 six
265 855 71 20 years,
347 848 54 22 from
410 848 35 22 the
450 849 47 21 first
507 849 44 27 day
559 849 26 22 of
589 849 61 28 May,

71 875 59 24 1842,
141 873 70 23 under
220 881 30 15 an
264 878 129 23 agreement
409 875 53 21 with
477 875 91 22 Francis
586 875 64 23 Alex.

72 899 150 28 Molesworth,
243 901 59 27 Esq.,
323 901 100 27 together
446 901 53 22 with
522 901 38 23 the
568 902 83 23 "'house

69 926 94 27 granted
173 927 44 21 and
228 927 56 23 built
293 935 28 14 on
335 927 38 22 the
383 927 48 23 said
446 927 61 28 piece
522 928 27 22 of
559 929 90 27 ground,

70 953 45 22 and
126 953 37 22 the
172 955 99 26 growing
280 961 62 22 crops
352 954 129 27 thereupon.

133 979 47 23 The
190 980 71 22 whole
271 984 22 18 to
303 981 27 22 be
340 981 47 22 sold
396 981 92 22 without
493 988 95 16 reserve.

98 1014 112 28 February
224 1016 32 26 15,
268 1013 60 25 18^3.

84 1059 72 22 First
184 1060 104 22 Carrier
315 1061 70 21 from
409 1062 171 27 Wellington
607 1065 28 19 to

305 1088 106 21 Petoni.

70 1120 169 23 /CHARLES
255 1121 84 27 BELL,
356 1122 113 27 Carrier,
483 1122 55 28 begs
555 1127 95 24 respect-

70 1148 41 19 V/
140 1146 56 27 fully
206 1150 23 19 to
244 1148 82 21 inform
336 1148 34 21 his
379 1148 85 23 friends
472 1149 46 22 and
527 1149 37 23 the
575 1151 75 27 public

67 1172 24 22 in
107 1174 97 25 general,
216 1174 48 21 that
279 1173 28 23 he
324 1174 89 23 intends
428 1176 94 27 starting
531 1183 13 14 a
554 1184 96 21 convey-

66 1206 56 15 ance
132 1207 29 14 on
172 1200 100 28 Monday
282 1205 60 22 next,
354 1202 113 27 February
483 1204 34 25 20,
529 1204 44 21 and
584 1211 66 20 every

66 1226 133 27 succeeding
205 1227 108 28 Monday,
321 1232 21 17 to
349 1229 94 26 proceed
452 1230 57 21 from
518 1230 43 22 Mr.
568 1230 81 28 Lyon's

67 1254 70 26 Store,
144 1254 33 21 for
189 1254 84 28 Petoni,
281 1258 21 18 to
314 1259 47 23 stop
368 1258 24 19 at
401 1255 44 22 Mr.
457 1256 136 28 Burcham's,
605 1258 43 21 and

67 1282 75 19 return
154 1280 36 21 the
201 1289 60 14 same
271 1281 49 28 day.

93 1306 94 28 Letters,
205 1308 117 27 packages,
346 1308 94 28 parcels,
461 1310 48 26 &c,
535 1311 113 27 conveyed

65 1334 138 26 punctually,
215 1335 43 21 and
266 1343 29 14 on
304 1336 36 21 the
351 1339 58 18 most
418 1336 130 23 reasonable
559 1341 72 18 terms.

92 1360 58 22 N.B.
152 1371 27 5 —
180 1361 84 22 Parties
284 1362 182 22 accommodated
485 1364 53 21 with
558 1371 13 14 a
589 1371 59 15 com-

64 1386 94 23 fortable
168 1395 45 14 van
224 1395 27 14 on
261 1388 37 22 the
309 1388 94 23 shortest
411 1389 80 22 notice.

93 1418 115 28 February
218 1421 32 25 14,
264 1421 59 21 1843.

276 1466 156 21 Harmonic.

66 1498 91 22 •T^HE
172 1498 93 23 Friends
281 1500 26 20 of
317 1500 119 28 Harmony
452 1509 36 14 are
504 1502 144 28 respectfully

74 1522 29 24 X
119 1525 111 23 informed
240 1526 46 22 that
297 1534 13 14 a
316 1528 99 26 meeting
429 1527 42 23 will
482 1529 52 21 take
549 1529 62 26 place
625 1533 23 18 at

65 1550 21 23 J.
104 1551 120 28 Fuller's,
240 1553 39 21 the
290 1553 52 27 Ship
359 1554 77 27 Hotel,
453 1562 67 20 every
529 1555 117 28 Thursday

65 1578 101 27 evening,
174 1582 23 18 at
207 1581 13 20 8
230 1579 92 22 o'clock.

94 1611 113 28 February
218 1614 32 25 14,
263 1615 59 20 1843.

257 1658 200 28 CAUTION,

63 1690 40 21 To
114 1691 166 25 Merchants,
291 1691 198 27 Storekeepers,
499 1693 146 22 Publicans

271 1719 53 20 and
340 1720 99 20 others.

107 1750 128 23 HEREBY
260 1752 77 22 GIVE
361 1752 121 27 NOTICE,
503 1753 49 22 that
570 1754 12 22 I
601 1754 44 22 will

64 1774 27 25 JL
117 1780 41 19 not
168 1778 27 21 be
205 1778 134 22 answerable
349 1779 34 21 for
392 1785 44 21 any
444 1779 63 22 debts
517 1780 48 22 that
574 1781 71 27 might

63 1804 27 21 be
100 1805 129 21 contracted
238 1805 29 27 by
277 1806 87 21 Sophia
375 1806 138 28 Marshall,
525 1814 23 14 as
558 1807 38 22 she
606 1808 38 21 has

63 1830 124 22 absconded
203 1831 58 22 from
271 1832 40 21 her
324 1832 74 26 home,
408 1832 45 22 and
467 1833 36 21 his
516 1841 49 14 now
575 1834 70 27 living

63 1856 53 22 with
149 1858 101 21 Osborne
279 1858 43 22 and
356 1859 45 27 Co.,
426 1859 37 22 the
488 1860 87 27 Ginger
598 1861 45 28 Pop

63 1883 175 23 Manufacturer.

231 1916 86 22 Henry
333 1918 138 27 Marshall,
488 1919 129 27 Carpenter.

116 1946 103 28 Witness,
231 1948 73 22 David
313 1947 104 24 Thomas.

89 1978 144 27 Wellington,
246 1980 114 26 February
367 1981 34 25 10,
414 1983 60 19 1843.

62 2024 85 21 Town
171 2025 54 20 and
250 2025 120 22 Country
389 2025 77 20 Land
487 2026 31 20 to
539 2026 49 21 Let
607 2032 36 16 on

248 2051 78 27 Long
345 2052 107 20 Leases.

61 2086 98 48 NOS.
177 2084 26 23 of
217 2085 37 22 the
273 2088 58 19 town
352 2093 60 14 acres
431 2093 27 14 on
476 2086 39 22 the
535 2086 110 28 Surveyor

258 2112 115 21 General's
384 2112 63 28 Plan,

167 2140 42 21 224
333 2140 40 21 510
495 2141 41 21 263

62 2164 43 22 For
114 2164 137 28 particulars,
264 2164 65 28 apply
338 2168 23 18 to

223 2198 122 27 Wallace,
358 2199 90 28 White,
460 2200 47 21 and
519 2200 123 23 Wallace.

88 2225 56 28 May
152 2227 35 25 31,
199 2227 59 20 1842.

309 2271 90 20 Seeds.

60 2303 162 49 ALWAYS
241 2303 109 23 READY
365 2307 22 18 to
404 2305 110 26 purchase
533 2305 68 23 Seeds
621 2307 25 21 of

138 2331 32 22 all
180 2330 150 27 descriptions,
339 2338 76 18 grown
425 2331 23 21 in
460 2331 105 28 England
572 2340 24 14 or
605 2333 38 22 the

61 2357 102 22 Colonies
169 2365 6 19 ;
190 2357 41 21 but
239 2364 13 14 a
262 2357 92 22 marked
368 2357 129 28 preference
507 2359 45 21 will
562 2359 81 28 always

58 2383 30 22 be
97 2384 67 26 given
175 2384 33 21 for
217 2384 40 21 lots
268 2384 24 21 of
298 2384 54 22 seed
365 2384 115 28 produced
489 2385 23 21 in
521 2385 38 23 the
570 2387 73 21 settle-

60 2414 63 18 ment
131 2411 27 21 of
164 2411 54 21 New
229 2410 107 22 Zealand.

237 2442 78 28 Office,
326 2443 59 22 Nov.
397 2444 32 26 19,
441 2445 63 20 1842.
