2440 4400
172 176 90 35 THE
284 171 229 38 NOVELIST.

131 282 72 29 THE
220 280 98 29 MINE
335 279 50 27 BY
401 277 74 27 THE
493 275 73 28 SEA.

264 357 128 26 Chaptee
404 354 21 24 I.

105 409 50 28 The
167 406 65 29 little
244 407 96 34 seaport
353 406 69 25 town
433 400 28 29 of
470 397 111 37 Saintby
599 397 21 28 is
634 393 2 53 j

70 448 64 24 built
145 454 66 24 upon
225 444 40 26 the
276 444 85 24 shores
371 441 29 26 of
414 449 15 16 a
441 438 99 27 natural
562 439 44 23 har-

69 482 51 32 bor,
133 478 94 29 formed
239 477 33 34 by
282 485 16 17 a
315 476 77 25 break
412 476 28 23 in
460 474 43 24 the
524 474 51 23 line
593 472 30 24 of

67 517 73 35 cliffs,
166 514 86 34 which,
276 512 58 28 with
354 512 47 28 but
421 510 48 28 few
491 509 127 34 interrupt
632 509 3 43 j

68 556 72 31 tions,
154 553 92 27 stretch
264 552 73 33 along
358 550 43 26 the
424 548 196 27 north-western
632 548 3 39 j

66 596 67 23 coast
144 591 28 26 of
183 590 40 26 the
244 592 94 30 county
352 587 28 27 of
401 585 128 27 Fellshire.
566 583 54 26 The
632 581 3 41 i

67 627 185 28 white-washed
270 627 89 25 houses
383 622 105 36 perched
511 622 28 25 in
558 620 60 26 irre-
632 615 2 43 j

65 666 71 36 gular
160 665 63 26 lines
242 672 68 26 upon
334 662 44 26 the
398 664 69 31 steep
488 658 129 31 hill-sides,

65 704 50 26 atd
126 703 59 34 long
196 700 99 28 disused
307 700 51 26 fort
378 696 176 35 commanding
576 695 58 31 the;

65 742 55 33 bay,
133 740 49 25 and
195 740 42 24 the
258 738 69 34 ships
347 737 51 25 and
418 733 202 36 fishing-smacks

65 776 97 28 moored
175 779 27 23 to
214 775 44 27 the
268 783 80 27 quays
362 773 89 26 within
465 772 43 26 the
520 771 97 31 harbor,
632 768 2 42 i

65 816 56 34 give
133 823 32 16 an
177 814 37 25 air
223 813 28 26 of
258 813 215 34 picturesqueness
481 809 49 26 and
538 808 68 27 cheer-

65 853 94 26 fulness
171 855 26 22 to
221 851 44 26 the
289 853 66 23 town
380 848 81 26 which
486 847 22 25 is
529 845 90 35 hardly

64 889 127 28 sustained
217 889 34 32 by
280 896 14 17 a
322 895 89 19 neater
440 885 64 26 view
534 884 28 26 of
577 883 43 26 the
632 878 2 43 I

65 935 96 17 narrow
173 925 78 34 dingy
272 927 96 29 streets,
393 922 50 27 and
467 931 32 16 an
523 919 96 35 experi-
632 919 2 43 j

64 972 58 18 ence
133 963 28 26 of
171 962 42 27 the
227 970 73 26 many
315 959 109 36 mingled
436 959 91 27 odours
539 957 28 26 of
577 956 42 26 the
632 956 2 40 ,

64 1008 78 26 quays
154 999 48 26 and
216 999 82 25 beach.
336 997 52 26 Yet
401 997 42 25 the
465 996 66 25 little
552 1002 67 18 town
632 988 2 46 J

62 1037 22 27 is
96 1044 146 28 prosperous
265 1034 28 27 in
312 1034 35 26 its
368 1042 71 26 way;
456 1041 15 17 a
494 1030 121 28 consider-
632 1027 2 45 J

64 1075 55 26 able
129 1074 69 26 trade
210 1073 22 26 is
244 1072 64 27 done
320 1072 27 26 in
360 1072 42 25 the
414 1073 91 32 export
516 1068 29 28 of
565 1067 53 28 coal

63 1112 51 25 and
136 1112 56 24 iron
214 1119 43 17 ore
277 1109 62 26 from
360 1109 43 25 the
424 1109 79 24 mines
527 1106 28 26 of
577 1105 41 26 the

64 1147 204 36 neighborhood;
298 1154 76 26 many
404 1145 71 26 boats
505 1151 42 18 are
566 1151 35 17 em-

63 1185 89 37 ployed
171 1186 28 25 in
228 1184 43 27 the
300 1183 90 34 iishing
421 1181 87 33 trade;
526 1180 90 32 beside,

64 1223 105 34 Saintby
181 1222 21 27 is
214 1222 42 26 the
269 1221 99 27 market
380 1224 68 22 town
459 1218 107 27 whither
577 1218 41 26 the

63 1261 103 28 farmers
189 1260 28 27 of
243 1259 43 27 the
315 1258 169 35 surrounding
507 1256 111 28 districts

62 1307 75 23 every
150 1298 69 25 week
232 1297 73 33 bring
319 1297 42 24 the
378 1297 108 32 produce
499 1296 36 32 [of
552 1295 66 24 their

61 1333 77 28 farms
149 1333 38 28 for
197 1333 57 26 sale.

98 1371 173 35 Immediately
284 1374 26 23 to
322 1370 43 27 the
380 1369 73 28 south
467 1369 28 27 of
512 1368 105 35 Saintby

65 1410 42 26 the
126 1410 62 26 cliffs
215 1409 73 26 make
317 1417 15 17 a
362 1408 56 25 bold
449 1415 82 26 sweep
554 1406 27 26 in
603 1415 15 16 a

65 1447 115 34 westerly
197 1446 129 31 direction,
354 1445 48 26 and
428 1444 42 26 the
495 1443 122 27 headland

67 1484 58 26 thus
136 1483 101 33 formed,
252 1492 32 17 on
297 1483 80 25 which
391 1491 15 16 a
418 1481 143 35 lighthouse
573 1481 45 26 has

65 1521 61 27 been
141 1521 72 33 built,
225 1521 23 26 is
260 1520 93 34 always
366 1519 94 35 spoken
472 1518 28 27 of
522 1519 33 35 by
575 1518 43 27 the

64 1563 105 30 country
181 1558 86 36 people
280 1558 79 26 under
371 1557 44 27 the
432 1556 100 35 general
545 1566 73 17 name

65 1596 27 26 of
103 1597 14 15 *
125 1596 51 27 The
333 1594 110 28 Further
454 1603 33 17 on
498 1594 42 26 the
554 1592 64 28 cliffs

65 1634 84 26 recede
159 1633 73 35 again
246 1633 49 25 and
307 1641 60 17 soon
379 1641 69 17 come
461 1635 25 22 to
507 1641 33 16 an
561 1631 55 33 end,

65 1671 73 35 being
160 1669 132 28 succeeded
305 1669 33 35 by
361 1678 15 18 a
399 1669 59 36 long
479 1668 93 27 stretch
592 1668 29 27 of

64 1718 61 24 very
136 1709 83 25 fertile
236 1707 64 26 level
321 1711 106 30 country
446 1707 110 35 skirting
576 1707 42 25 the

65 1753 49 20 sea.
148 1745 53 26 The
213 1747 208 23 commencement
434 1743 28 26 of
478 1744 50 25 this
548 1744 70 34 plain

65 1782 22 26 is
99 1781 58 36 only
169 1782 77 26 about
258 1781 50 27 five
321 1780 71 26 miles
405 1780 27 26 in
451 1789 14 17 a
477 1780 77 27 direct
567 1780 51 26 line

67 1818 64 27 from
143 1818 113 34 Saintby,
270 1818 49 25 and
333 1817 50 26 this
401 1817 179 34 conGguration
592 1818 29 26 of

67 1856 43 27 the
130 1855 58 28 land
209 1855 45 27 has
274 1855 76 36 given
377 1854 49 27 rise
447 1858 26 23 to
494 1862 14 19 a
529 1854 89 36 legend

67 1902 90 26 among
178 1894 43 26 the
239 1893 88 34 people
357 1892 56 26 that
431 1893 43 25 the
497 1891 122 28 headland

67 1930 49 27 had
127 1938 60 19 once
198 1930 62 26 been
274 1938 33 17 an
319 1928 90 34 island,
434 1928 43 26 the
498 1937 40 17 sea
559 1928 59 27 then

68 1968 100 33 flowing
186 1976 60 18 over
276 1967 43 25 the
342 1966 48 26 site
414 1965 28 27 of
458 1965 42 26 the
522 1970 98 29 present

67 2004 112 35 Saintby,
193 2003 50 27 and
256 2002 108 36 through
386 2002 42 26 the
452 2002 62 34 deep
538 2001 81 35 valley

70 2042 79 27 which
162 2041 120 28 stretches
305 2040 93 28 behind
421 2040 45 27 the
485 2039 66 29 cliffs
573 2039 47 28 and

67 2080 62 25 ends
152 2081 27 24 in
202 2080 42 27 the
274 2079 62 25 level
369 2081 68 23 track
456 2078 33 29 ,of
515 2077 107 34 eouutipp-

69 2118 94 34 spoken
176 2117 31 27 of.

100 2153 107 33 Saintby
218 2153 23 24 is
252 2161 15 16 a
284 2153 71 32 quiet
374 2152 53 24 dull
451 2151 68 24 little
543 2154 75 28 town,

65 2192 43 30 yet
127 2188 20 26 it
168 2188 43 25 has
231 2187 80 34 sights
331 2187 49 25 and
404 2186 113 25 wonders
538 2186 29 25 of
587 2186 33 24 its

64 2234 63 19 own.
164 2225 38 28 Its
213 2224 52 28 coal
279 2224 85 34 mines,
383 2222 65 28 sunk
461 2222 65 28 close
538 2226 26 24 to
576 2222 43 27 the

63 2264 78 31 shore,
171 2262 66 28 their
270 2261 176 35 underground
491 2261 126 35 workings

61 2300 138 35 stretching
210 2300 39 28 for
261 2299 72 27 miles
345 2299 106 26 beneath
465 2299 43 26 the
520 2299 96 26 bottom

61 2337 29 28 of
99 2338 43 27 the
154 2346 46 24 sea,
214 2346 49 24 are,
285 2336 95 36 though
399 2336 43 27 the
466 2335 98 28 natives
585 2335 32 28 do

60 2380 46 23 not
135 2375 74 28 think
239 2384 34 24 so,
303 2375 34 26 its
366 2377 65 24 most
460 2373 156 28 remarkable

61 2413 103 27 feature.
200 2412 59 27 And
288 2412 29 26 of
333 2412 75 33 these,
432 2412 42 26 the
498 2411 119 35 Westray

61 2451 74 32 mine,
150 2450 79 26 which
243 2459 51 17 was
305 2450 109 26 situated
427 2459 33 17 on
481 2459 15 17 a
509 2448 64 36 strip
591 2448 28 28 of
630 2448 2 36 .

63 2488 60 26 land
134 2491 28 23 at
174 2488 42 25 the
228 2488 58 26 base
298 2488 28 25 of
345 2487 42 26 the
411 2487 134 26 sandstone
557 2486 59 34 cliff,

62 2524 51 29 and
141 2524 170 35 immediately
334 2524 152 27 overlooked
505 2523 42 27 the
568 2533 48 23 sea,
631 2519 2 40 |

65 2572 57 23 was,
134 2566 27 23 at
173 2563 43 26 the
228 2563 61 26 time
301 2562 27 27 of
339 2572 41 25 my
392 2567 77 30 story,
479 2571 46 18 one
538 2562 27 27 of
576 2562 42 27 the
632 2558 2 43 j

65 2600 92 33 largest
169 2600 50 24 and
232 2603 64 22 most
308 2600 155 33 productive.

101 2636 54 27 Mrs
178 2636 100 28 Benson
307 2635 62 35 kept
398 2636 43 26 the
470 2634 100 28 toll-bar
592 2638 27 23 at

67 2673 81 34 Baby,
160 2681 15 17 a
186 2673 66 26 little
263 2673 95 26 hamlet
371 2673 70 34 lying
451 2681 33 18 on
496 2673 43 25 the
551 2673 68 26 main

67 2710 60 27 road
139 2709 64 27 from
227 2709 106 36 Saintby
357 2713 26 22 to
404 2709 153 33 Ravington,
578 2709 42 27 the

68 2751 98 24 nearest
176 2747 99 27 market
287 2751 68 23 town
377 2750 26 24 to
427 2747 42 28 the
488 2747 80 27 south.
606 2747 30 35 I;

67 2794 45 24 say
125 2785 56 27 Mrs
192 2786 101 26 Benson
305 2785 62 34 kept
385 2786 28 31 it,
436 2785 119 34 although
576 2786 45 26 her
635 2785 2 34 >

68 2821 136 26 husband's
216 2829 72 18 name
307 2829 49 18 was
374 2821 102 34 painted
488 2822 78 26 above
580 2822 42 26 the
635 2819 2 36 i

69 2859 67 31 door,
159 2859 46 24 but
223 2858 31 25 he
275 2867 51 17 was
348 2867 64 22 now,
437 2859 63 25 after
523 2868 31 17 an
576 2859 46 26 ad-
635 2855 2 43 j

68 2901 138 20 venturous
223 2894 44 27 life
284 2904 26 17 as
333 2904 15 17 a
372 2895 75 26 sailor
467 2895 26 26 in
514 2895 43 26 the
581 2895 42 27 old
636 2894 1 35 ;

68 2932 108 36 fighting
188 2932 61 35 days
269 2932 27 26 of
314 2932 41 26 the
378 2941 75 26 navy,
477 2942 16 16 a
512 2934 110 34 crippled

69 2969 136 27 bedridden
218 2970 42 26 old
272 2978 66 26 man,
352 2969 49 27 and
413 2970 33 26 all
460 2970 42 26 the
515 2971 70 26 work
598 2970 28 27 of
636 2969 1 35 i

68 3007 132 35 collecting
212 3007 43 26 the
268 3007 65 33 tolls,
355 3007 108 36 keeping
482 3008 42 26 the
547 3008 77 27 house
636 3005 1 38 !

68 3045 86 32 bright
166 3045 48 24 and
235 3045 77 30 clean,
337 3045 50 24 and
410 3045 151 33 cultivating
581 3046 43 25 the

68 3081 67 26 little
148 3080 75 36 patch
245 3080 28 27 of
289 3080 94 36 garden
401 3081 134 35 belonging
554 3084 26 24 to
595 3081 28 35 it,

69 3128 51 18 was
132 3118 140 34 performed
285 3118 34 34 by
331 3118 57 28 Mrs
406 3118 100 27 Benson
518 3120 49 25 and
581 3119 44 27 her

67 3156 125 30 daughter
221 3156 91 33 Agnes,
335 3164 15 16 a
379 3156 136 25 handsome
545 3156 66 26 fresh-

67 3192 114 27 featured
194 3191 47 37 girl
254 3191 29 28 of
293 3191 124 37 eighteen.
446 3218 6 4 .

103 3231 73 34 Raby
201 3240 52 17 was
283 3231 76 26 about
389 3235 52 22 two
470 3231 71 26 miles
562 3232 63 25 from

68 3268 114 35 Saintby,
195 3268 49 25 and
256 3268 41 34 lay
307 3276 32 17 on
358 3268 43 26 the
409 3268 95 26 inward
517 3268 70 34 slope
599 3268 31 26 of

67 3306 43 26 the
122 3305 59 27 lime
194 3304 71 27 cliffs.
314 3304 40 27 To
373 3315 98 25 anyone
483 3305 58 27 who
550 3305 76 27 chose

66 3346 27 23 to
106 3342 74 27 climb
194 3342 63 25 from
270 3341 43 27 the
337 3342 117 27 seashore
472 3351 35 26 up
528 3342 43 27 the
583 3342 30 27 de-

67 3380 80 27 solate
165 3379 54 27 face
237 3379 30 26 of
282 3379 72 28 those
372 3379 163 36 precipitious
554 3379 72 34 cliffs,

67 3428 33 17 on
112 3417 133 36 mounting
257 3420 27 25 to
296 3417 44 28 the
358 3418 102 27 summit
472 3428 15 17 a
499 3419 128 35 strangely

68 3456 115 25 different
208 3464 74 17 scene
301 3456 133 33 presented
453 3456 73 26 itself
541 3460 28 22 to
587 3457 40 25 his

66 3500 69 27 eyes.
183 3490 56 28 The
267 3491 135 34 hill-sides,
432 3492 61 27 both
521 3492 56 28 that
595 3502 33 18 on

68 3529 86 26 which
165 3529 32 26 he
210 3529 72 26 stood
294 3529 50 26 and
352 3530 55 25 that
415 3530 85 34 facing
509 3530 61 33 him,
578 3531 50 25 and

69 3566 130 35 separated
216 3566 35 35 by
270 3565 45 28 the
333 3575 97 18 narrow
442 3567 83 35 valley
538 3570 26 24 at
587 3567 40 26 his

69 3603 59 33 feet,
140 3612 66 18 were
218 3604 105 27 covered
335 3604 63 26 with
411 3605 137 35 clustering
562 3609 65 23 trees

69 3641 49 27 and
130 3640 53 28 rich
195 3641 113 27 meadow
326 3642 67 33 land,
407 3642 49 26 and
475 3642 152 36 completely

68 3678 125 27 sheltered
204 3679 34 34 by
261 3679 44 26 the
316 3679 78 35 rocky
411 3680 94 26 barrier
517 3680 63 26 from
594 3680 33 26 all

67 3715 82 35 rough
160 3715 81 26 winds
254 3716 48 26 and
315 3715 42 28 the
369 3715 133 36 blistering
514 3716 77 27 touch
601 3716 31 27 of

67 3752 45 27 the
129 3761 44 18 sea
190 3752 67 27 foam
274 3753 55 26 that
342 3753 26 26 in
391 3753 44 27 the
460 3754 60 26 wild
538 3754 90 26 winter

67 3794 91 22 storms
187 3799 52 17 was
269 3790 70 27 often
357 3791 72 35 flung
447 3791 63 35 high
531 3800 35 26 up
584 3791 43 26 the

68 3828 83 35 slopes
163 3827 32 27 of
202 3827 43 27 the
258 3828 111 26 seaward
383 3828 59 26 side.

266 3866 81 27 here's
384 3865 102 37 George

67 3904 54 26 said
130 3904 99 35 Agnes,
242 3913 47 17 one
301 3908 105 22 autumn
414 3904 118 35 evening,
544 3913 28 17 as
582 3904 45 26 she

66 3949 53 18 was
136 3941 100 35 ironing
254 3941 46 26 her
328 3941 120 26 mother's
475 3949 60 27 caps
562 3949 33 17 on
613 3950 15 16 a

63 3978 77 27 broad
152 3979 68 26 table
227 3977 107 28 beneath
343 3978 44 27 the
394 3981 102 32 cottage
506 3977 117 34 window,

61 4016 58 34 just
130 4019 26 23 at
168 4016 44 27 the
225 4020 109 22 moment
347 4016 74 26 when
432 4016 43 26 the
488 4016 104 26 shadow
601 4016 31 26 of

64 4062 16 17 a
91 4054 89 25 visitor
203 4061 32 18 on
253 4053 41 26 his
319 4062 57 27 way
394 4057 27 22 to
440 4053 44 25 the
501 4053 62 25 door
581 4053 46 25 fell

65 4099 60 18 over
136 4091 45 26 her
193 4091 78 26 work.

125 4127 77 30 Come
221 4128 37 28 thi
277 4137 70 27 ways
371 4129 35 34 in,
420 4127 207 37 Georgecome

65 4167 38 25 thi
116 4175 70 25 ways
196 4166 26 27 in
270 4167 75 32 cried,
359 4168 24 25 in
396 4176 15 17 a
423 4166 92 35 cheery
528 4167 43 26 but
583 4170 43 22 not

65 4211 61 28 very
137 4204 105 26 musical
255 4203 78 34 voice,
343 4204 42 27 the
398 4204 42 27 old
453 4212 106 25 womau,
568 4203 58 27 who

64 4251 53 17 was
129 4242 120 35 occupied
274 4242 25 27 in
311 4242 110 36 bending
440 4251 60 18 over
520 4242 43 27 the
581 4243 44 26 tire

65 4280 26 28 in
101 4280 159 35 preparation
270 4279 30 27 of
304 4280 129 28 oat-cakes
442 4280 37 27 for
487 4280 43 28 the
539 4281 86 34 family

635 161 6 33 1
653 175 100 28 supper.
802 165 51 28 She
865 164 42 27 did
927 167 44 23 not
983 167 58 22 turn
1053 165 27 23 to
1091 161 54 26 him
1163 161 31 24 im-

637 200 2 37 ,
652 204 143 33 mediately,
824 202 127 32 evidently
980 200 76 32 being
1098 207 32 16 on
1167 202 41 21 too

636 234 3 40 j
652 239 107 29 familiar
769 242 77 25 terms
857 237 62 27 with
936 236 53 26 him
1010 234 39 27 for
1067 241 139 26 ceremony.

686 278 57 26 The
772 277 60 25 door
860 274 105 35 opened,
995 273 49 25 and
1063 272 63 25 with
1144 270 63 25 slow

635 302 3 48 '
652 314 105 36 slightly
776 312 97 36 halting
891 315 56 32 step
964 310 45 27 the
1030 308 88 28 visitor
1136 314 70 20 came

635 345 2 36 !
649 352 117 26 forward.
802 351 40 25 He
855 359 51 16 was
914 359 15 15 a
940 349 45 25 tall
993 355 66 24 man,
1067 347 45 25 but
1122 349 70 29 stoop-

635 380 1 45 j
648 388 32 28 ed
692 397 16 18 a
719 387 66 37 good
798 386 64 34 deal,
879 385 102 35 leaning
994 392 33 19 on
1039 392 16 17 a
1072 380 65 29 stick
1150 380 56 27 that

635 418 1 43 j
648 427 33 27 he
694 427 95 34 always
801 421 92 32 carrie'd
906 423 63 28 with
981 422 52 27 him
1046 433 6 20 ;
1070 420 59 33 this,
1142 418 64 28 with

648 464 43 24 the
710 463 152 33 perceptible
879 461 61 32 drag
952 460 30 24 of
1002 460 40 23 his
1055 458 46 24 left
1114 458 53 23 foot
1179 456 25 24 in

635 490 1 46 J
647 498 122 36 walking,
781 497 75 36 being
874 495 42 27 the
933 494 79 27 result
1024 493 30 27 of
1067 501 16 17 a
1105 490 100 27 terrible

635 527 1 41 :
648 537 114 27 accident
774 536 27 26 in
813 535 43 27 the
869 534 116 34 Westray
997 531 74 33 mine,
1084 529 26 27 in
1119 527 84 28 which

635 563 1 46 |
648 575 40 33 he,
700 574 118 35 together
829 572 61 26 with
902 580 74 25 many
989 569 92 32 others,
1090 567 49 25 had
1152 565 39 27 suf-

635 603 1 38 j
648 611 77 28 fered.
761 611 54 26 But
827 611 20 26 it
860 618 49 18 was
921 608 54 27 also
988 611 26 22 to
1026 606 51 26 this
1089 603 115 27 accident

635 642 1 38 '
648 649 55 26 that
721 648 40 26 his
786 646 136 34 friendship
939 644 64 27 with
1021 644 42 25 the
1088 642 116 26 Bensons

635 677 1 45 j
648 695 52 19 was
712 686 94 36 owing.
853 684 85 28 Abdut
956 682 49 27 five
1028 688 72 29 years
1112 677 92 35 before,

648 733 86 26 young
754 724 66 26 Tom
839 723 110 30 Benson,
972 719 111 35 Agues's
1096 717 108 31 brother,

635 753 1 42 |
648 761 74 27 when
735 759 114 35 working
862 759 26 26 in
899 757 43 27 the
953 757 74 32 mine,
1036 763 51 18 was
1100 753 106 27 crushed

635 790 1 42 !
648 802 26 23 to
693 798 76 27 death
780 798 35 34 by
827 797 43 26 the
888 795 43 28 fall
944 794 29 28 of
982 802 15 20 a
1009 794 66 35 huge
1098 799 66 19 mass
1177 790 30 27 of

635 829 1 40 i
648 836 63 33 coal,
721 835 50 27 and
790 835 25 26 in
828 834 43 27 the
893 836 105 31 attempt
1017 835 26 22 to
1066 837 86 19 rescue
1166 829 38 25 his

649 873 80 27 friend
743 872 101 35 George
865 869 186 29 Heimersfor
1072 867 56 27 that
1153 874 51 17 was

635 903 1 42 ;
648 911 40 25 his
712 909 158 27 namehad
889 909 51 25 also
965 908 62 25 been
1049 903 94 32 struck,
1156 903 48 25 and

649 947 106 27 suffered
787 946 102 35 injuries
914 945 62 26 from
998 942 81 27 which
1099 942 31 25 he
1154 940 49 26 had

635 977 1 41 j
649 994 75 17 never
736 984 71 34 quite
819 983 139 26 recovered.
1001 981 68 26 Ever
1081 979 68 26 since
1161 977 43 25 her

635 1014 1 44 j
648 1022 87 26 Tom's
749 1020 76 26 death
838 1020 55 25 Mrs
902 1019 101 26 Benson
1011 1017 48 26 had
1069 1014 134 27 welcomed

648 1059 117 26 Heimers
778 1062 26 22 to
818 1057 44 27 the
874 1061 107 30 cottage,
994 1055 47 26 and
1060 1053 30 27 of
1098 1053 50 26 late
1172 1051 32 27 he

648 1096 50 27 had
710 1100 46 31 got
768 1096 54 26 into
834 1095 44 26 the
898 1095 70 26 habit
985 1093 29 26 of
1023 1091 99 35 coming
1135 1090 69 26 there

646 1142 62 26 very
721 1133 154 33 frequently,
900 1131 75 26 under
998 1129 43 27 the
1058 1131 102 32 pretext
1177 1126 31 26 of

646 1170 90 36 giving
749 1170 90 34 Agnes
851 1169 100 34 writing
964 1168 103 26 lessous.

682 1208 50 26 His
751 1208 55 25 face
818 1215 53 17 was
883 1206 55 35 pale
961 1205 48 26 and
1022 1204 62 32 thin,
1096 1202 62 27 with
1171 1210 32 18 no

648 1245 94 36 special
754 1244 138 37 regularity
905 1253 26 18 or
942 1243 91 34 beauty
1051 1241 25 27 in
1089 1240 39 27 his
1152 1239 39 28 fea-

646 1287 78 29 tures,
736 1283 46 26 but
795 1283 53 26 still
871 1283 62 24 with
951 1280 140 33 something
1104 1279 85 26 charac-

647 1320 96 24 teristic
756 1319 25 24 in
801 1319 71 24 ita
884 1317 57 26 look
958 1317 30 25 of
996 1317 140 25 cleverness
1154 1315 48 25 and

647 1365 92 28 power,
759 1354 64 29 with
847 1365 15 17 a
882 1354 98 29 curious
1009 1354 154 28 earnestness
1176 1350 30 29 of

647 1404 103 17 manner
764 1395 54 25 that
831 1394 72 25 made
921 1403 48 16 oue
982 1401 59 17 soon
1066 1392 82 33 forget
1161 1391 42 25 the

646 1431 82 36 rough
740 1432 75 26 hewn
827 1430 64 28 lines
904 1439 31 18 on
952 1430 38 26 his
1004 1429 61 27 face.

682 1470 42 25 He
737 1478 71 18 came
821 1467 107 27 forward
941 1469 53 24 into
1006 1467 42 26 the
1058 1466 109 26 kitchen.

707 1506 76 34 Well,
795 1505 99 28 mother
1012 1512 58 19 ever
1083 1504 67 26 since
1159 1504 43 25 her

647 1545 68 27 son's
728 1544 76 28 death
816 1544 33 27 he
869 1544 78 27 called
959 1542 45 28 her
1015 1543 33 35 by
1067 1542 50 28 this
1130 1550 71 18 name

776 1582 61 26 look
857 1582 77 33 finely
952 1581 92 33 to-day.
1089 1580 61 24 And
1175 1588 26 16 so

647 1620 60 27 does
719 1618 99 36 Agnes.
855 1618 88 27 How's
956 1617 42 27 the
1010 1617 41 27 old
1063 1625 58 18 man

708 1656 89 34 Badly,
839 1655 104 34 George,
982 1654 74 34 badly
1086 1653 96 35 enough
1195 1662 7 24 ;

648 1693 68 28 them
736 1692 153 28 rheumatics
909 1692 88 35 plague
1016 1691 51 27 him
1092 1691 107 27 terrible.

648 1730 60 33 But,
733 1730 58 33 hist,
821 1730 32 26 he
874 1730 71 25 hears
968 1737 73 26 every
1065 1729 66 25 word
1153 1728 46 26 int'

647 1772 62 22 next
722 1776 79 18 room.
837 1767 68 27 Hast
918 1766 48 26 had
980 1765 36 26 thi
1029 1774 91 25 supper
1129 1764 21 28 V

706 1805 67 34 Nay,
785 1805 15 25 I
814 1808 68 21 want
895 1812 32 17 no
940 1811 106 27 supper;
1065 1803 78 25 thank
1152 1811 49 25 you

647 1842 34 27 all
695 1842 42 26 the
857 1841 31 25 he
901 1840 134 32 answered,
1049 1839 49 27 and
1112 1839 89 26 turned

648 1880 96 27 toward
775 1880 92 34 Agnes.
905 1879 14 15 u
929 1878 14 27 I
972 1886 68 18 came
1071 1882 25 22 to
1126 1877 45 27 ask
1184 1876 22 26 if

649 1920 86 32 Agnes
757 1917 83 25 would
858 1916 64 24 have
935 1915 44 25 her
990 1916 81 24 lesson
1084 1914 118 34 to-night,

648 1963 27 17 or
693 1954 84 26 would
795 1962 68 18 come
877 1961 16 16 a
912 1951 64 26 walk
989 1961 31 17 on
1034 1952 17 26 t'
1063 1952 58 26 cliff.
1163 1950 41 27 It's

649 1999 26 18 so
693 1992 83 32 bonny
795 1992 51 23 fine
864 1989 61 24 with
942 1997 47 17 sun
1001 1990 95 32 setting
1114 1997 60 16 over
1187 1989 17 23 t'

649 2036 48 25 sea,
905 2045 53 27 j,
1070 2017 26 38 V

651 2099 102 33 dresser,
778 2107 26 18 as
830 2099 40 26 the
896 2098 58 35 long
974 2097 65 26 table
1055 2104 50 17 was
1116 2095 85 33 called,

649 2142 26 21 at
695 2136 79 26 which
797 2137 85 33 Agnes
904 2144 48 17 was
977 2135 52 26 still
1055 2133 149 33 continuing

648 2173 46 25 her
706 2172 100 33 ironing
819 2171 147 34 operations.

708 2209 49 35 Ay,
780 2208 103 35 George,
909 2206 41 27 tak
964 2206 45 27 her
1021 2205 124 28 outtak
1159 2205 45 27 her

647 2251 45 23 out
729 2256 16 17 a
865 2245 54 27 said
948 2245 43 26 the
1021 2245 41 27 old
1097 2253 104 18 woman.

675 2284 70 29 She's
762 2284 63 26 been
838 2284 55 25 that
911 2292 75 25 queer
999 2283 21 26 o'
1032 2283 51 26 late
1095 2283 15 25 I
1123 2291 80 18 canna

646 2322 59 26 mak
722 2325 46 23 out
786 2320 87 27 what's
891 2330 68 17 come
979 2325 25 21 to
1022 2320 52 27 her.
1124 2319 77 34 Why,

645 2360 69 27 what
733 2359 55 27 dost
809 2358 75 28 think
896 2359 7 26 ?
938 2358 50 28 She
1001 2366 62 27 gave
1076 2357 127 36 sixpenny

645 2399 94 33 change
756 2398 39 24 for
813 2406 14 16 a
844 2397 141 34 fourpenny
1004 2396 37 25 bit
1053 2399 27 23 at
1093 2395 109 25 tow-bar

646 2435 51 28 this
721 2433 115 37 morning
850 2443 7 25 j
874 2433 50 27 and
944 2433 68 26 what
1026 2432 40 27 wi'
1079 2431 122 36 breakiug

646 2473 86 35 things
749 2472 50 26 and
809 2472 134 34 forgetting
963 2471 67 25 what
1043 2480 14 15 a
1070 2471 65 33 body
1145 2479 57 25 says

646 2510 45 27 she
717 2509 85 26 makes
825 2518 40 17 me
888 2509 69 26 clean
983 2507 55 26 daft
1050 2507 150 26 sometimes.

635 2544 1 34 ;
646 2547 68 28 Thee
736 2546 46 27 tak
806 2546 44 27 her
862 2546 27 27 in
901 2546 42 27 the
959 2545 67 27 fresh
1039 2544 45 34 air,
1100 2544 50 27 and
1163 2553 40 18 see

646 2586 22 26 if
679 2585 62 26 thou
752 2593 47 17 can
811 2584 117 33 brighten
940 2584 44 26 her
996 2593 35 24 up
1046 2592 16 16 a

706 2621 67 33 Nay,
785 2620 104 33 mother,
904 2620 87 27 there's
1004 2619 51 26 this
1065 2618 101 35 ironing
1176 2621 27 22 to

683 2695 53 27 The
755 2695 49 35 girl
825 2694 89 26 looked
934 2694 81 27 round
1037 2692 60 26 with
1119 2701 15 16 a
1142 2692 61 35 deep

650 2732 73 28 blush
741 2741 67 27 upon
827 2731 44 27 her
882 2731 52 28 face
945 2732 49 27 and
1008 2740 14 18 a
1034 2729 170 36 supplicating

635 2767 2 40 j
649 2771 59 27 look
732 2770 95 27 toward
851 2770 44 26 her
913 2770 103 33 mother,
1037 2770 46 25 but
1102 2767 42 27 the
1163 2768 40 26 old

635 2806 1 34 !
650 2817 98 16 woman
761 2808 81 25 would
855 2812 43 20 not
911 2808 60 25 heed
983 2808 58 30 this,
1054 2806 50 25 and
1118 2806 86 34 Agnes

635 2841 2 37 i
649 2845 51 26 had
721 2848 26 22 to
769 2848 43 30 get
829 2843 45 27 her
886 2845 92 26 bonnet
989 2843 50 27 and
1051 2841 79 28 shawl
1133 2842 72 26 for

635 2873 2 43 I
650 2882 44 25 the
711 2885 106 22 autumn
835 2881 117 35 evenings
968 2890 65 17 were
1046 2888 56 18 now
1119 2879 85 25 rather

636 2916 2 38 ;
651 2918 162 35 chillyand
842 2927 148 27 accompany
1016 2918 99 34 George
1139 2916 27 26 in
1190 2925 15 17 a

651 2955 70 27 stroll
734 2964 32 18 on
778 2955 44 27 the
839 2955 72 27 cliffs.

808 3002 107 26 mustn't
941 3002 69 36 quite
1041 3000 96 28 believe
1171 2998 34 28 all

638 3037 1 36 1
653 3039 97 25 mother
762 3048 56 25 says
830 3040 76 24 about
989 3040 44 26 she
1046 3040 80 33 began
1145 3037 27 25 in
1190 3047 14 15 a

653 3075 47 26 low
721 3075 76 32 voice,
819 3084 27 17 as
867 3075 60 34 they
945 3075 134 27 sauntered
1092 3073 114 35 together

654 3121 34 27 up
711 3112 42 27 the
776 3113 74 31 lawn,
876 3112 119 29 sheltered
1008 3113 35 35 by
1055 3111 45 28 tall
1114 3110 92 36 hedges

653 3149 53 25 rich
731 3150 60 24 with
816 3154 105 21 autumn
938 3151 96 26 flowers
1046 3159 33 16 on
1093 3149 43 25 the
1148 3148 46 25 hill-

654 3186 59 28 side.
776 3186 59 33 But,
869 3186 104 37 George,
992 3188 14 26 I
1036 3186 70 27 don't
1130 3184 75 26 know

654 3224 56 26 how
733 3223 22 27 it
846 3224 43 26 she
912 3226 85 33 added,
1024 3224 106 34 turning
1143 3222 61 26 with

655 3261 76 34 quick
768 3261 132 34 impulsive
935 3267 98 30 gesture
1070 3265 26 22 to
1136 3260 70 32 him;

679 3297 85 35 you're
782 3298 97 34 patient
896 3300 49 26 and
962 3300 69 32 kind,
1045 3297 49 28 and
1109 3297 98 26 mother

656 3335 99 33 well,
775 3335 63 26 she's
858 3335 130 35 impatient
1008 3337 50 25 and
1070 3334 71 33 kind,
1157 3333 49 27 and

656 3372 72 27 other
752 3372 92 35 people,
870 3372 93 37 they're
982 3374 56 35 just
1062 3372 78 27 about
1165 3370 43 27 the

656 3419 67 19 same
742 3419 27 18 as
790 3410 59 35 they
862 3410 92 37 always
966 3421 64 19 were
1041 3421 7 25 ;
1062 3411 48 27 but
1121 3409 87 35 things

656 3448 71 27 don't
749 3456 66 18 seem
839 3452 26 23 to
888 3450 29 25 fit
928 3450 28 26 in
966 3459 56 18 now
1034 3459 28 17 as
1074 3449 61 33 they
1148 3447 61 26 used

656 3484 122 35 tothey
799 3485 70 26 don't
889 3485 90 37 always
999 3487 27 26 in
1053 3485 50 28 this
1121 3483 86 33 world,

656 3523 33 25 do
702 3522 67 33 they,

715 3565 77 37 Why,
806 3566 67 27 what
885 3567 31 27 do
928 3577 48 26 you
988 3569 75 26 know
1076 3567 78 28 about
1175 3565 33 27 all

657 3604 57 27 that
722 3603 24 27 V
758 3604 67 26 cried
839 3604 104 36 George,
956 3606 25 26 in
996 3607 91 26 honest
1108 3613 84 18 amaze-

656 3644 72 25 ment
736 3650 7 25 ;
761 3642 49 26 and
823 3641 59 28 then
897 3642 31 27 he
945 3652 66 19 came
1023 3652 91 19 nearer
1126 3647 26 22 to
1164 3641 46 27 her

656 3679 61 26 with
741 3687 33 17 an
802 3678 145 28 instinctive
966 3682 106 34 impulse
1095 3680 28 27 of
1143 3679 67 34 help,

656 3715 97 35 though
765 3723 27 18 as
804 3715 31 27 he
848 3716 41 27 did
902 3716 50 27 this
969 3718 41 28 she
1023 3717 105 36 slightly
1141 3716 67 26 drew

656 3762 72 26 away
742 3752 64 27 from
818 3753 59 26 him.
937 3754 83 27 Men's
1038 3754 111 28 troubles
1159 3752 50 27 and

657 3790 117 26 women's
787 3799 42 17 are
837 3794 45 22 not
894 3791 91 35 always
1097 3791 33 26 he
1142 3793 68 23 went

656 3837 40 24 on,
710 3827 63 26 with
785 3837 15 17 a
812 3828 113 26 softened
938 3829 67 27 voice
1015 3840 7 25 j
1068 3830 46 25 but
1137 3828 71 26 when

656 3866 86 35 things
754 3875 31 25 go
799 3875 84 25 wrong
904 3866 60 28 with
987 3877 40 19 me
1046 3868 92 35 Agnes,
1157 3864 53 29 I've

655 3907 44 30 got
711 3913 15 16 a
738 3903 38 26 bit
789 3903 27 26 of
826 3904 147 35 philosophy
984 3906 38 26 for
1041 3905 68 26 them
1121 3916 6 21 ;
1146 3903 64 34 keep

656 3949 33 18 on
701 3941 49 25 and
765 3949 80 26 worry
858 3941 67 26 them
938 3942 39 25 till
990 3943 59 34 tbey
1062 3950 69 18 come
1143 3939 67 36 right

655 3977 184 36 againmake
851 3978 68 26 them
940 3988 66 17 come
1030 3979 75 35 right.
1155 3978 55 26 One

655 4024 47 19 can
726 4015 60 35 only
810 4015 32 26 do
867 4015 66 27 one's
961 4017 53 26 best
1045 4025 50 27 you
1125 4015 83 26 know.

655 4052 101 28 There's
767 4061 15 17 a
794 4052 55 26 deal
862 4052 23 26 o'
898 4052 84 36 things
994 4063 85 25 wrong
1093 4052 59 26 with
1172 4060 38 17 me

652 4091 55 34 just
720 4098 57 18 now
789 4092 27 24 at
840 4089 42 26 the
900 4090 39 34 pit
959 4091 47 26 and
1031 4091 71 27 other
1127 4089 83 35 places

656 4127 101 35 beside;
776 4127 46 27 hut
846 4127 14 27 I
874 4127 75 27 know
973 4127 126 30 thisl'll
1113 4127 63 26 have
1196 4136 14 17 a

655 4166 64 35 fight
743 4166 84 25 before
851 4165 12 26 I
888 4166 57 34 give
967 4167 32 26 in.
1046 4165 101 28 There's
1168 4164 42 26 the

655 4205 93 26 master
761 4205 80 25 wants
854 4211 89 27 money
964 4203 73 36 badly
1050 4204 38 26 for
1106 4202 39 26 his
1157 4210 52 25 son,

655 4242 76 28 who's
743 4241 27 27 in
783 4241 44 27 the
848 4250 78 25 army,
939 4241 50 27 and
1006 4242 14 27 I
1038 4241 44 27 tell
1096 4240 51 27 him
1161 4239 49 27 he's

655 4280 116 35 working
783 4279 44 28 tho
839 4279 50 27 coal
905 4279 38 27 far
955 4282 41 24 too
1008 4288 59 19 near
1078 4278 43 28 the
1133 4287 75 18 sea

1238 157 76 24 that's
1326 164 49 17 one
1387 156 80 33 thing.
1491 154 58 26 And
1563 153 142 26 sometimes
1719 153 72 25 wheQ

1236 192 48 27 I'm
1298 193 74 25 down
1382 192 111 34 spirited,
1508 192 14 26 I
1536 190 74 26 think
1635 189 43 27 I'll
1690 189 58 34 give
1772 188 22 26 it

1235 237 35 26 up
1280 228 50 26 and
1343 237 33 26 go
1389 235 26 18 to
1432 228 82 34 places
1536 227 82 24 where
1642 233 58 18 men
1724 225 72 25 don't

1237 265 68 26 work
1319 265 28 25 in
1366 264 70 27 holes
1448 265 27 24 in
1489 263 42 26 the
1545 263 71 31 dark,
1638 262 50 26 and
1712 261 83 26 where

1235 301 90 27 there's
1336 301 61 26 such
1411 300 123 26 beautiful
1547 300 85 34 things
1644 306 27 19 as
1683 308 14 16 a
1709 298 87 26 collier

1234 340 52 26 like
1298 348 40 18 me
1350 348 46 17 can
1408 338 61 35 only
1488 337 86 27 dream
1594 337 28 26 of
1643 336 149 26 sometimes.

1235 376 65 33 Still,
1319 375 41 27 I'll
1372 375 66 25 stick
1460 378 28 21 to
1511 374 22 25 it
1550 374 51 25 and
1613 373 64 34 fight
1700 373 22 24 it
1740 376 52 22 out.

1235 414 58 33 But,
1306 413 93 36 Agnes,
1413 412 67 27 what
1495 411 110 28 troubles
1629 410 57 27 thee
1694 410 9 27 ?
1738 408 54 29 Can

1234 453 13 24 I
1370 451 74 24 "I'm
1457 453 88 29 strong
1556 449 99 33 enough
1669 449 38 24 for
1731 452 59 26 two,

1233 486 55 33 lass,
1302 486 48 24 and
1365 485 62 25 thou
1446 484 108 25 know'st
1579 483 41 25 I'll
1646 482 65 25 doit
1733 482 24 25 if
1778 482 14 25 I

1293 560 66 35 Nay,
1374 560 104 34 George,
1492 558 40 26 it's
1544 557 60 34 only
1616 556 60 35 silly
1698 556 94 26 fancies

1232 599 28 26 of
1270 599 74 33 mine,
1358 597 75 26 that's
1523 595 44 26 she
1591 594 62 33 said,
1680 593 110 34 bending

1232 645 60 17 over
1310 644 67 17 some
1389 635 98 26 flowers
1505 634 33 33 by
1552 632 42 26 the
1611 631 115 34 wayside,
1741 631 51 25 and

1232 682 27 18 so
1268 672 144 35 contriving
1422 675 26 22 to
1457 671 58 25 hide
1524 670 44 26 her
1579 672 72 24 tears,
1696 668 96 33 Things

1233 722 41 16 are
1282 721 63 26 gone
1358 721 15 15 a
1387 711 36 25 bib
1436 719 76 25 awry,
1526 708 46 25 but
1585 706 106 37 perhaps
1704 705 86 36 they'll

1233 757 69 19 come
1314 748 107 34 straight
1434 755 66 17 seme

1267 787 69 34 They
1348 785 48 26 had
1406 794 56 17 now
1470 782 103 27 reached
1585 781 42 27 the
1637 780 60 36 edge
1709 780 28 26 of
1749 780 41 26 the

1233 825 58 34 cliff,
1305 823 49 26 aud
1368 831 63 17 were
1444 821 98 34 leading
1555 828 66 26 upon
1636 819 43 25 the
1703 827 87 26 grassy

1233 863 77 34 hedge
1324 861 55 27 that
1402 858 65 28 had'
1477 859 59 26 been
1564 856 86 37 placed
1675 856 70 26 there
1765 861 25 21 to

1234 903 104 32 prevent
1361 898 43 26 the
1427 897 76 26 cattle
1515 896 89 33 falling
1617 903 68 18 over.
1733 894 54 25 The

1232 947 45 17 sun
1293 945 50 17 was
1352 935 94 34 setting
1460 933 91 27 behind
1565 933 42 26 the
1620 935 106 22 western
1738 940 48 22 sea,

1233 975 61 26 with
1307 974 33 26 all
1360 973 41 25 the
1424 971 76 26 broad
1519 970 109 27 crimson
1651 969 90 35 glories
1764 968 28 27 of

1232 1011 133 26 illumineu
1375 1008 85 26 clouds
1473 1008 50 26 and
1535 1007 132 34 glittering
1678 1015 111 25 expanse

1231 1049 28 27 of
1270 1053 96 23 waters.
1416 1047 84 34 Agnes
1526 1044 49 27 had
1601 1043 78 27 taken
1696 1042 37 28 off
1745 1042 44 28 her

1233 1088 93 26 bonnet
1333 1085 50 27 and
1392 1084 50 26 laid
1450 1085 21 25 it
1480 1083 83 27 beside
1571 1082 50 26 her.
1640 1081 148 35 Splendidly

1233 1124 120 26 beautiful
1366 1122 43 26 3he
1420 1121 92 26 looked
1525 1129 27 17 as
1564 1120 45 26 she
1621 1120 71 25 stood
1707 1119 78 32 there,

1231 1162 44 27 her
1288 1161 59 34 long
1365 1168 72 26 wavy
1456 1159 55 26 hair
1535 1157 28 27 of
1584 1156 88 27 softest
1690 1156 98 36 golden,

1230 1199 152 36 exquisitely
1395 1197 117 26 moulded
1524 1195 117 33 features,
1656 1195 49 27 and
1723 1203 49 18 com-

1230 1237 102 38 plexion
1354 1234 85 36 bright
1456 1234 51 27 and
1526 1241 57 28 rosy
1596 1232 61 26 with
1672 1236 42 24 the
1727 1232 61 26 hues

1230 1277 28 26 of
1266 1279 106 30 country
1390 1273 50 27 life.
1477 1273 57 26 Her
1545 1271 86 36 girlish
1648 1271 76 36 figure
1737 1270 50 27 and

1230 1314 118 25 innocent
1356 1310 132 26 child-like
1502 1318 67 25 ways
1580 1309 90 24 almost
1680 1309 108 32 eutirely

1230 1348 130 30 concealed
1375 1357 14 18 a
1401 1345 116 38 strength
1529 1345 28 28 of
1569 1345 49 27 will
1641 1345 50 27 and
1705 1344 82 27 latent

1230 1390 98 35 passion
1341 1389 28 26 of
1380 1387 80 26 which
1470 1395 65 18 none
1546 1385 48 26 but
1606 1384 119 27 Heimers
1737 1383 50 27 had

1230 1436 26 19 as
1267 1430 44 32 yet
1319 1435 16 18 a
1345 1423 132 37 suspicion.

1264 1463 126 32 He.stood
1404 1463 32 33 by
1450 1463 43 25 her
1517 1462 60 32 side,
1594 1460 73 26 while
1679 1459 39 27 his
1730 1467 58 26 eyes

1231 1501 131 28 wandered
1371 1509 60 18 over
1444 1500 56 25 that
1510 1498 152 27 scenethe
1674 1496 113 35 tranquil

1229 1540 107 35 flashiug
1361 1542 90 24 waters
1475 1537 126 27 stretched
1627 1540 45 24 out
1702 1535 85 27 before

1230 1580 76 30 them,
1321 1578 41 25 the
1374 1576 92 36 glories
1483 1576 28 25 of
1532 1575 134 26 cloudland
1690 1574 97 26 around

1229 1616 48 28 and
1302 1616 86 32 above,
1420 1613 51 26 and
1496 1613 42 26 the
1563 1612 59 36 long
1651 1620 75 28 range
1762 1613 28 28 of

1229 1654 102 35 scarped
1342 1653 64 25 cliffs
1419 1651 79 33 rising
1510 1652 79 24 above
1604 1651 41 25 the
1670 1659 41 16 sea
1737 1651 50 26 line

1230 1695 26 24 to
1269 1692 67 35 right
1349 1690 50 27 and
1413 1688 50 28 left.
1502 1687 60 28 And
1578 1687 59 27 then
1650 1687 59 34 they
1724 1698 63 18 were

1230 1730 66 26 fixed
1309 1737 67 26 upon
1389 1728 45 24 her
1452 1726 60 32 face,
1538 1726 31 25 lit
1592 1734 34 26 up
1650 1726 51 25 also
1726 1726 62 26 with

1230 1767 56 25 that
1298 1764 110 28 ethereal
1422 1763 141 34 brightness
1578 1763 65 25 from
1656 1762 43 27 the
1718 1766 69 31 west,

1230 1804 50 26 and
1290 1803 76 34 softly
1379 1801 50 26 and
1441 1800 88 33 slowly
1540 1800 31 25 he
1583 1800 77 34 spoke
1670 1800 73 34 again
1757 1810 5 17 :

1398 1838 53 26 I've
1464 1837 72 25 made
1554 1846 35 24 up
1608 1845 41 24 my
1672 1837 70 25 mind
1763 1841 26 21 to

1231 1879 75 35 spea-k
1320 1878 21 26 it
1352 1880 52 29 out,
1418 1884 69 19 come
1501 1874 68 26 what
1582 1883 56 26 may
1649 1875 5 25 !
1688 1874 47 28 I'm
1750 1884 26 25 go-

1232 1917 42 33 ing
1293 1919 26 21 to
1343 1915 43 24 tell
1406 1923 14 15 a
1440 1914 37 23 bit
1489 1913 21 24 o'
1531 1921 42 24 my
1598 1912 111 25 troubles
1733 1913 55 24 that

1232 1953 81 35 p'raps
1326 1951 56 27 thee
1394 1959 77 17 never
1483 1948 105 36 guessed
1600 1951 32 24 at.
1670 1948 46 28 It's
1729 1949 60 34 only

1233 1994 42 21 ten
1288 1997 73 25 years
1373 1989 67 23 since
1453 1987 13 25 I
1479 1995 68 16 came
1566 1985 64 32 here,
1644 1986 50 24 and
1707 1986 83 25 before

1234 2024 146 30 thatwell
1394 2032 76 19 never
1483 2022 77 34 mind,
1573 2022 42 27 it's
1624 2022 34 27 all
1667 2031 61 19 ower
1740 2022 50 27 and

1237 2066 59 21 louc
1309 2064 37 22 for
1359 2072 64 14 umv,
1469 2061 95 30 Tliiags
1586 2060 49 23 had
1656 2060 61 33 becpi
1742 2061 36 24 dif-

1232 2098 82 26 ferent
1328 2095 61 26 with
1402 2104 39 17 me
1463 2095 90 26 before.
1603 2093 14 26 I
1641 2093 77 35 spoke
1741 2093 36 27 dif-

1232 2136 87 30 ferent,
1334 2133 67 26 lived
1413 2132 118 27 different
1555 2131 63 27 from
1634 2131 68 27 what
1719 2131 15 27 I
1757 2131 32 27 do

1232 2180 63 18 now.
1350 2170 45 26 All
1419 2172 27 23 at
1472 2177 61 18 once
1557 2168 13 26 I
1595 2168 79 25 found
1699 2168 92 33 myself

1232 2207 96 34 ruined,
1349 2206 61 26 with
1438 2214 43 27 my
1498 2213 74 19 name
1594 2204 137 26 blackened
1750 2204 39 26 for

1232 2256 65 23 ever,
1310 2245 50 28 and
1371 2245 16 27 I
1399 2244 73 27 chose
1485 2253 57 18 men
1553 2242 89 29 should
1662 2242 74 27 think
1750 2251 39 18 me

1232 2285 68 26 dead.
1339 2284 12 26 I
1366 2286 67 23 went
1451 2286 26 23 to
1496 2282 43 26 the
1559 2281 38 35 pit
1616 2280 49 26 and
1688 2280 101 27 worked

1233 2323 77 25 there.
1344 2321 70 31 Tom,
1428 2320 46 34 thy
1487 2319 109 32 brother,
1611 2326 51 18 was
1681 2318 42 25 the
1735 2318 55 25 first

1232 2361 54 26 that
1300 2358 101 27 showed
1414 2366 39 18 me
1466 2366 50 26 any
1525 2355 127 34 kindness,
1667 2355 61 27 then
1743 2354 45 36 thy

1232 2398 103 31 mother,
1349 2397 49 25 and
1413 2396 59 25 then
1483 2396 120 33 Agnes,
1623 2394 70 25 there
1713 2403 49 16 was
1775 2402 15 16 a

1231 2435 36 27 bit
1281 2434 27 27 of
1319 2433 120 27 kindness
1453 2432 26 27 in
1493 2432 45 36 thy
1557 2431 70 26 voice
1645 2430 50 27 and
1714 2438 74 27 ways,

1230 2474 49 25 and
1291 2473 14 26 I
1319 2472 80 34 began
1412 2475 27 22 to
1457 2471 64 34 hope
1540 2479 15 16 a
1573 2469 75 26 little.
1693 2469 61 25 And
1775 2467 15 26 I

1230 2519 68 17 came
1311 2509 21 27 o'
1345 2509 86 34 nights
1444 2512 26 21 to
1489 2508 43 25 the
1551 2507 108 32 toll-bar,
1679 2505 49 27 and
1747 2505 42 26 the

1232 2556 67 18 more
1314 2547 11 26 I
1350 2555 68 17 came
1443 2546 43 26 the
1510 2553 68 19 more
1601 2544 15 28 I
1638 2542 82 37 hoped
1741 2542 49 27 and

1231 2585 91 33 longed
1346 2584 39 25 for
1409 2584 63 25 thee.
1522 2582 61 26 And
1608 2591 56 17 now
1685 2581 40 26 it's
1737 2584 52 24 out.

1232 2622 92 33 Agnes,
1338 2622 71 23 canst
1421 2619 62 26 thou
1496 2627 56 18 care
1564 2627 15 16 a
1588 2619 36 24 bit
1632 2619 39 25 for
1683 2626 14 17 a
1710 2617 80 35 rough

1232 2658 82 24 feliow
1333 2657 52 25 like
1398 2657 14 25 I
1425 2664 40 17 am

1294 2693 48 31 Oh,
1357 2689 110 38 George!
1505 2692 15 25 I
1533 2701 76 16 never
1622 2689 115 38 thought-
1745 2690 48 26 -of

1322 2729 44 27 she
1378 2728 35 28 fill
1415 2722 69 34 tiered
1497 2731 51 25 out.

1570 2766 53 27 said
1645 2765 38 35 he,
1705 2765 86 37 laying

1233 2807 60 25 hold
1306 2805 28 25 of
1344 2805 44 25 her
1401 2805 67 24 hand
1480 2805 60 24 with
1550 2805 141 32 passionate
1709 2813 79 23 grasp.

1258 2843 86 27 Never
1357 2840 115 36 thought,
1486 2840 72 26 when
1573 2841 11 25 I
1597 2840 60 26 used
1680 2843 25 23 to
1717 2840 75 35 guide

1233 2880 70 26 these
1315 2878 66 26 little
1395 2878 92 35 fingers
1505 2878 21 25 o'
1540 2878 90 25 winter
1655 2878 85 34 nights
1763 2877 27 26 in

1233 2926 46 18 our
1291 2915 134 35 schooliug,
1449 2915 55 26 how
1529 2915 14 26 I
1565 2914 89 36 longed
1680 2920 25 21 to
1728 2914 63 27 seize

1233 2955 67 26 them
1315 2953 49 26 and
1378 2953 43 26 tell
1435 2952 56 27 thee
1504 2952 41 34 all,
1557 2960 28 18 or
1599 2952 55 26 that
1669 2952 71 26 when
1754 2960 37 18 we

1235 2991 131 28 wandered
1390 2990 78 26 about
1492 2998 32 18 on
1550 2990 70 26 these
1642 2989 64 27 cliffs
1741 2989 49 27 and

1234 3030 84 27 talke.l
1329 3030 21 24 o'
1364 3028 33 26 all
1410 3031 101 31 strange
1535 3028 85 34 things
1631 3028 27 26 in
1681 3028 43 26 the
1748 3028 43 33 big

1234 3066 85 31 world,
1336 3066 14 25 I
1364 3073 49 17 was
1426 3064 124 34 anything
1570 3073 67 16 more
1661 3064 61 26 than
1747 3065 44 25 the

1233 3107 70 24 stern
1316 3101 40 28 old
1369 3101 188 27 school-master
1567 3102 9 25 1
1613 3100 74 35 Well,
1703 3101 12 28 I
1741 3110 50 18 was

1233 3151 15 16 a
1261 3141 56 26 fool.
1357 3140 78 26 Curse
1448 3139 22 26 it
1481 3139 32 26 all
1560 3139 50 26 and
1623 3139 31 26 he
1678 3139 112 35 stamped

1236 3177 60 26 with
1310 3176 97 25 sudden
1419 3184 58 26 rage
1491 3176 48 26 and
1552 3176 157 34 impatience.

1269 3215 57 26 Her
1338 3213 62 27 head
1415 3223 50 17 was
1477 3213 59 27 bent
1546 3213 56 35 low,
1612 3214 49 26 and
1672 3214 43 27 the
1724 3217 66 24 tears

1235 3261 64 16 were
1312 3252 48 25 fast
1370 3251 88 34 falling
1469 3252 80 33 again.

1296 3289 91 35 Agnes,
1400 3288 67 33 dear,
1480 3288 57 27 look
1620 3288 31 27 he
1670 3292 66 23 went
1748 3298 40 24 on,

1236 3327 62 25 with
1311 3336 14 15 a
1337 3326 96 25 sudden
1444 3327 95 34 change
1551 3327 26 24 in
1592 3327 37 26 his
1642 3328 68 25 voice
1725 3337 7 23 ;
1775 3328 13 24 I

1235 3372 40 18 see
1287 3362 40 27 it's
1339 3371 33 17 no
1385 3372 43 16 use
1437 3372 7 23 ;
1460 3364 15 26 I
1494 3372 51 16 was
1562 3372 14 16 a
1588 3363 50 26 fool
1663 3368 26 22 to
1715 3364 75 26 think

1235 3411 49 26 any
1300 3409 96 19 woman
1420 3400 73 28 could
1512 3410 54 18 care
1587 3400 39 28 for
1647 3411 39 18 me
1707 3402 81 37 again.

1339 3448 77 18 never
1436 3439 77 29 mind.
1557 3440 15 26 I
1593 3441 78 26 won't
1691 3441 99 27 trouble

1235 3485 51 26 you
1299 3477 27 24 in
1339 3476 50 26 this
1402 3485 55 25 way
1469 3485 50 25 any
1531 3485 75 18 more.
1642 3478 60 32 But,
1717 3478 39 33 oh,
1769 3478 24 25 if

1235 3522 50 26 you
1310 3513 73 27 could
1407 3515 59 32 only
1490 3513 56 27 love
1571 3522 46 25 me,
1758 3515 32 27 he

1238 3550 77 26 broke
1327 3552 45 24 out
1381 3550 61 26 with
1453 3550 105 26 another
1567 3551 72 27 burst
1647 3551 29 27 of
1682 3551 106 35 passion.

1264 3588 13 26 I
1292 3586 82 28 would
1385 3586 74 28 make
1470 3595 50 28 you
1533 3597 27 18 so
1568 3588 222 37 happyhappier

1237 3625 38 27 far
1287 3625 62 26 than
1367 3633 49 26 any
1430 3625 27 26 of
1479 3625 42 27 the
1543 3635 61 27 poor
1627 3627 63 28 fools
1713 3628 77 27 about

1239 3663 57 25 here
1308 3662 74 26 could

1297 3700 47 32 Oh,
1358 3699 104 36 George,
1475 3700 81 27 didn't
1573 3702 13 26 I
1605 3711 44 26 say
1661 3702 21 26 it
1694 3712 50 18 was
1755 3703 35 27 all

1237 3746 15 17 a
1264 3737 108 26 mistake
1384 3737 43 27 the
1440 3746 54 26 way
1506 3738 85 35 things
1602 3749 31 26 go
1642 3740 23 26 V
1676 3740 42 28 she
1727 3741 61 34 said,

1237 3775 102 35 looking
1367 3775 158 35 appealingly
1560 3776 55 27 into
1654 3777 38 28 his
1727 3779 61 27 face.

1262 3810 59 28 You
1334 3820 63 18 were
1416 3821 28 18 so
1464 3813 70 35 good,
1554 3813 102 37 George,
1678 3815 14 27 I
1716 3825 74 18 never

1237 3849 109 36 thought
1358 3850 26 27 of
1404 3850 63 35 that,
1486 3851 50 27 and
1554 3851 165 30 thenthere
1739 3864 52 18 was

1238 3887 110 34 another,
1379 3888 50 27 and
1458 3888 32 28 he
1518 3890 60 27 used
1601 3894 26 24 to
1651 3895 71 25 court
1742 3902 48 24 me,

1238 3925 97 34 though
1350 3926 98 27 neither
1459 3936 51 25 you
1521 3937 46 17 nor
1587 3929 98 27 mother
1701 3929 90 34 knew;

1238 3962 51 27 and
1301 3961 14 27 I
1328 3961 56 28 love
1395 3962 59 35 him,
1468 3964 41 35 oh,
1528 3964 102 37 George,
1649 3975 27 19 so
1697 3966 75 28 much
1786 3969 5 25 !

1238 4000 50 26 But
1306 3999 14 27 I
1339 4000 69 27 don't
1430 4001 74 28 know
1527 4001 56 28 how
1607 4004 21 27 it
1651 4004 30 34 is,
1705 4005 86 35 things

1238 4036 63 27 have
1321 4046 64 25 gone
1405 4047 92 27 wrong,
1519 4041 49 26 and
1586 4041 14 26 I
1623 4042 69 26 don't
1716 4042 75 27 know

1238 4073 111 28 whether
1361 4074 30 28 he
1404 4085 67 19 cares
1482 4078 40 27 for
1538 4087 40 18 me
1596 4087 63 26 now,
1681 4080 50 27 and
1743 4080 48 27 I'm

1239 4121 27 17 so
1278 4113 124 26 wretched

1273 4158 117 28 Heimers
1402 4164 104 23 was4oo
1518 4172 122 25 generous
1652 4166 26 23 to
1691 4163 45 27 ask
1749 4165 44 26 the

1239 4203 78 19 name.
1372 4196 66 35 Still,
1468 4198 31 28 he
1528 4200 109 36 thought
1660 4200 32 26 he
1712 4201 81 35 might

1238 4233 82 28 watch
1332 4243 58 19 over
1402 4236 50 26 and
1463 4236 58 35 help
1532 4238 53 33 her,
1597 4238 51 27 and
1660 4238 70 27 there
1742 4248 51 18 was

1238 4281 32 18 no
1283 4271 118 38 knowing
1412 4273 47 29 but
1471 4275 42 29 she
1525 4276 82 36 might
1619 4276 68 28 learn
1699 4278 27 26 to
1736 4276 56 28 love

1815 151 1 38 \
1824 154 54 27 him
1889 157 28 23 at
1934 154 54 27 last.
2027 154 40 32 So,
2088 152 63 27 with
2168 160 68 19 some
2256 151 65 33 hope
2338 152 45 32 yet

1815 186 4 38 I
1823 191 54 33 left,
1889 192 32 26 lie
1933 191 85 27 talked
2030 191 27 27 of
2069 190 72 27 other
2158 192 110 29 matters,
2281 188 45 27 the
2336 186 48 29 fair

1823 231 28 23 at
1869 228 91 35 Saxby,
1974 228 44 26 the
2029 236 56 18 new
2102 230 108 23 steamer
2221 225 126 27 anchored
2356 225 27 25 in

1824 265 107 34 Saintby
1943 265 118 33 harbour,
2074 265 52 26 and
2136 273 29 18 so
2182 273 41 22 on,
2244 261 42 28 till
2297 261 23 27 it
2331 270 52 19 was

1823 302 62 26 time
1896 305 28 24 to
1936 306 87 23 return
2036 305 26 24 to
2076 302 41 27 the
2130 304 104 33 cottage.

1858 346 45 25 He
1913 346 83 27 would
2008 349 46 24 not
2064 355 32 25 go
2114 346 27 26 in
2159 345 57 27 that
2234 343 80 36 night,
2336 342 47 27 but

1822 381 134 27 wandered
1973 382 99 27 instead
2091 382 41 26 for
2152 389 78 27 many
2253 380 78 27 hours
2349 380 34 34 by

1822 419 43 28 the
1877 428 42 19 sea
1931 420 72 28 shore
2015 419 63 28 with
2100 420 43 27 the
2164 419 87 36 gently
2262 426 105 20 murmur-

1822 456 45 33 ing
1879 465 80 17 waves
1977 458 52 24 and
2048 458 44 24 the
2112 457 126 25 countless
2256 456 128 33 gleaming

1822 494 64 23 stars
1898 491 38 26 for
1955 500 127 26 company.
2121 491 73 26 Then
2215 491 31 26 he
2263 490 121 27 returned

1821 531 27 24 to
1860 528 44 27 the
1917 529 66 26 mine
1996 529 27 26 in
2036 528 81 28 which
2131 528 32 28 he
2183 537 52 20 was
2254 527 115 29 overlook-

1822 566 50 34 ing,
1886 566 50 26 and
1948 566 44 27 did
2004 569 45 24 not
2061 566 70 27 leave
2149 566 22 27 it
2190 566 39 27 till
2251 567 74 34 again
2338 566 44 27 the

1821 612 48 18 sun
1881 613 52 17 was
1945 603 94 36 setting
2051 613 32 17 on
2096 604 44 27 the
2152 603 131 37 following
2295 604 55 35 day.

1856 649 26 25 A
1894 649 68 26 week
1976 652 68 23 went
2061 652 64 31 past,
2145 649 74 26 when
2240 658 47 17 one
2308 649 74 35 night

1820 685 104 37 George,
1949 694 84 27 weary
2056 686 51 27 and
2131 686 173 29 disheartened
2331 687 49 37 (for

1820 724 86 34 things
1919 733 66 17 were
1997 726 76 33 going
2086 734 32 17 on
2130 734 61 25 very
2204 726 76 33 badly
2291 726 29 26 in
2337 726 43 26 the

1820 761 86 35 mine),
1919 761 104 27 strolled
2035 761 75 36 along
2127 761 44 26 the
2190 761 78 27 beach,
2286 761 42 26 till
2348 761 32 26 he

1820 807 69 18 came
1910 802 27 23 to
1956 807 69 19 some
2048 799 228 27 seaweed-covered
2299 799 79 27 rocks.

1820 836 83 36 Lying
1917 837 75 26 down
2004 837 51 27 and
2067 837 96 35 resting
2183 837 41 26 his
2236 836 64 27 head
2312 845 68 27 upon

1818 874 40 26 his
1870 874 75 33 hand,
1959 875 32 26 he
2003 875 128 26 remained
2152 875 71 26 there
2236 874 146 27 motionless

1818 912 40 26 for
1870 921 15 17 a
1896 913 59 34 long
1968 913 61 26 time
2042 913 63 26 with
2116 913 41 26 his
2167 921 56 26 eyes
2233 912 68 26 fixed
2310 920 71 27 upon

1818 948 44 26 the
1875 958 83 18 waves
1975 950 57 26 that
2053 950 28 27 in
2102 950 100 26 restless
2222 949 75 27 mood
2316 958 64 17 were

1818 987 104 34 beating
1935 996 69 24 upon
2015 988 44 26 the
2076 988 71 26 rocks
2159 988 84 26 before
2255 987 61 26 him.
2354 987 26 25 It

1818 1032 52 17 was
1882 1025 77 25 about
1973 1025 14 24 9
2001 1025 100 33 o'clock,
2121 1025 50 25 and
2183 1025 42 26 the
2242 1023 74 37 night
2330 1032 50 17 was

1818 1070 57 19 now
1887 1071 62 26 very
1962 1061 68 28 dark.

1852 1108 46 26 All
1917 1111 26 23 at
1961 1117 62 18 once
2036 1108 33 26 he
2087 1108 78 27 heard
2187 1108 125 34 footsteps
2336 1116 29 26 ap-

1816 1145 140 35 proachiug
1980 1146 34 34 by
2038 1145 44 26 the
2100 1153 99 18 narrow
2216 1144 63 35 path
2296 1144 86 27 which

1816 1183 94 26 wound
1922 1183 77 35 along
2012 1182 44 27 the
2080 1182 54 27 side
2146 1182 31 27 of
2191 1182 44 27 the
2258 1181 58 28 cliff
2323 1184 26 24 at
2367 1190 16 18 a

1816 1220 66 27 little
1912 1221 115 27 distance
2056 1221 79 26 above
2154 1220 40 26 his
2218 1218 73 28 head.
2339 1218 43 28 He

1816 1258 93 28 looked
1926 1269 35 26 up
1980 1258 108 37 ,though
2112 1258 45 28 the
2181 1257 123 28 darkness
2327 1266 54 18 was

1816 1304 43 18 too
1871 1302 72 29 great
1956 1302 26 21 to
1996 1306 41 17 see
2049 1306 108 24 anyone,
2170 1297 46 25 but
2229 1300 26 21 at
2267 1296 33 25 he
2312 1304 68 17 same

1817 1333 60 26 time
1901 1333 77 26 heard
1997 1333 93 32 voices,
2110 1333 51 24 and
2184 1332 128 34 evidently
2337 1331 43 25 the

1816 1371 119 36 speakers
1948 1371 50 28 had
2018 1371 108 36 stopped
2135 1369 56 37 just
2204 1370 79 28 above
2296 1368 84 29 where

1816 1409 32 27 he
1861 1419 52 17 was
1926 1410 80 34 lyiug.
2043 1409 38 27 At
2093 1410 44 26 the
2150 1418 68 17 same
2243 1409 95 25 instant
2347 1408 34 26 he

1815 1448 149 34 recoguised
1983 1447 65 27 their
2072 1447 93 27 voices.
2214 1446 75 35 They
2313 1454 67 18 were

1816 1485 90 34 Agnes
1931 1486 104 25 Benson
2059 1484 50 26 and
2138 1484 44 26 her
2212 1484 89 26 cousin
2324 1482 56 27 Jim

1816 1522 114 36 Massey,
1943 1531 15 19 a
1978 1521 193 37 good-looking,
2190 1519 190 35 hard-working

1816 1561 93 33 fellow,
1929 1561 119 35 ignorant
2065 1561 51 26 and
2134 1558 171 36 thoughtless,
2330 1558 50 27 and

1816 1602 42 22 too
1872 1598 61 26 fond
1945 1598 31 26 of
1985 1598 125 35 spending
2123 1597 40 26 his
2176 1605 91 27 money
2279 1596 27 26 in
2318 1596 47 34 pub-

1816 1636 147 33 lic-houses,
1976 1636 63 26 with
2053 1645 32 17 no
2102 1635 121 27 ambitiou
2237 1637 26 23 to
2276 1634 31 26 be
2319 1642 46 26 any-

1816 1674 74 35 thing
1903 1673 90 36 higher
2006 1673 26 26 in
2044 1672 45 28 life
2102 1672 61 28 than
2176 1681 15 17 a
2204 1670 115 36 working
2330 1670 38 26 col-

1816 1712 54 31 lier,
1895 1712 46 25 but
1965 1712 63 24 with
2057 1721 33 15 no
2110 1719 80 17 worse
2215 1710 77 25 faults
2324 1709 56 26 that

1820 1749 117 25 Heimers
1951 1748 75 25 knew
2039 1748 35 25 of.

1852 1793 26 26 It
1891 1802 52 16 was
1956 1793 75 26 bitter
2044 1796 94 22 torture
2152 1792 38 26 for
2203 1791 53 27 him
2268 1794 27 24 to
2304 1790 76 27 listen

1816 1830 46 26 but
1874 1830 33 26 he
1919 1830 74 25 could
2018 1833 44 22 not
2082 1837 73 18 move
2168 1829 64 25 from
2245 1829 84 25 where
2347 1828 33 25 he

1817 1876 53 17 was
1892 1866 107 27 without
2018 1866 77 36 being
2113 1865 155 33 discovered,
2287 1864 49 27 and
2348 1864 32 27 he

1818 1905 42 25 did
1874 1908 44 22 not
1930 1905 65 25 wish
2008 1905 62 25 that.
2108 1904 57 26 The
2177 1904 90 25 lovers'
2281 1902 99 33 quarrel

1818 1940 49 27 had
1880 1940 129 35 evidently
2021 1940 63 27 been
2096 1940 73 26 made
2181 1947 35 27 up
2230 1949 6 21 ;
2255 1938 65 27 their
2328 1937 54 27 talk

1818 1987 52 17 was
1884 1978 58 25 half
1950 1978 87 26 banter
2049 1978 49 25 aud
2108 1977 58 26 half
2175 1977 26 26 in
2209 1979 100 24 earnest
2321 1975 31 27 of
2366 1985 15 16 a

1818 2014 86 36 happy
1917 2014 83 27 future
2024 2014 26 27 in
2063 2013 84 26 which
2164 2022 66 17 none
2242 2012 47 27 but
2300 2012 66 27 them-

1818 2053 87 34 selves/
1915 2053 91 26 should
2024 2052 65 27 have
2102 2062 15 15 a
2128 2056 64 28 part,
2195 2050 2 37 t
2205 2051 49 27 and
2279 2050 103 34 George

1818 2088 114 24 detected
1950 2088 26 23 in
1995 2088 43 24 the
2057 2087 52 25 soft
2130 2091 72 21 tones
2220 2087 31 24 of
2280 2086 98 35 Agnes'

1817 2123 71 28 voice
1901 2133 15 17 a
1923 2123 95 35 joyous
2031 2124 57 35 ring
2100 2123 57 28 that
2169 2123 32 28 he
2214 2123 49 28 had
2276 2128 45 23 not
2338 2124 28 27 be-

1818 2161 53 24 fore
1884 2161 77 24 heard
1974 2161 27 24 in
2013 2162 27 24 it.
2078 2162 74 25 Then
2161 2170 69 16 came
2243 2161 43 25 the
2299 2162 82 24 sound

1817 2197 31 25 of
1856 2196 82 26 kisses
1948 2196 190 35 interchanged,
2151 2198 50 24 and
2214 2197 51 25 still
2280 2196 101 36 George

1817 2233 50 29 had
1877 2238 25 24 to
1915 2234 84 28 listen.
2048 2234 73 28 Then
2134 2234 61 37 they
2208 2234 90 36 passed
2308 2243 72 28 away

1818 2281 35 26 up
1882 2273 44 26 the
1955 2273 110 33 hillside,
2095 2274 26 25 in
2150 2272 44 27 the
2213 2273 122 26 direction
2354 2273 30 26 of

1818 2310 112 33 Agnes's
1949 2311 82 26 home.

1855 2354 101 37 George
1969 2355 117 27 Heiniers
2095 2355 72 28 stood
2177 2358 75 31 erect,
2265 2354 40 28 his
2314 2354 65 28 back

1819 2393 100 34 against
1931 2393 43 26 the
1987 2394 58 25 cliff.
2081 2394 47 25 All
2141 2403 51 16 was
2202 2394 60 32 still,
2276 2403 59 17 save
2342 2393 38 26 for

1819 2429 43 26 the
1876 2429 59 36 long
1959 2430 159 36 melancholy
2131 2440 43 26 cry
2187 2430 30 27 of
2232 2440 14 17 a
2259 2440 43 17 sea
2325 2430 55 36 gull

1819 2467 56 26 that
1887 2468 111 26 chanced
2011 2472 26 22 to
2060 2469 35 33 fly
2113 2473 57 29 past
2188 2469 61 33 him,
2269 2469 50 26 and
2338 2469 42 26 the

1819 2503 89 27 hoarse
1930 2506 80 24 sound
2022 2505 30 25 of
2070 2506 42 25 the
2125 2514 83 18 waves
2232 2507 103 33 beating
2354 2509 26 23 at

1819 2541 41 27 his
1873 2541 51 27 feet
1937 2542 62 26 with
2012 2542 43 27 the
2079 2544 100 35 grating
2199 2544 75 26 rattle
2297 2544 31 26 of
2337 2542 43 28 the

1820 2579 103 35 pebbles
1935 2589 28 17 as
1976 2580 62 27 each
2048 2585 73 30 spent
2139 2590 71 18 wave
2234 2582 68 26 drew
2316 2581 64 27 back

1820 2616 65 25 from
1897 2615 43 26 the
1954 2617 78 25 shore.
2081 2617 56 26 The
2161 2617 72 26 thick
2257 2618 123 25 darkness

1820 2662 52 18 was
1897 2654 76 26 about
2004 2654 51 26 him
2073 2654 50 26 and
2141 2654 90 26 within
2252 2654 40 27 his
2316 2655 64 27 soul.

1820 2690 113 26 Terrible
1943 2694 25 22 to
1977 2690 51 26 him
2039 2699 51 17 was
2103 2691 43 25 the
2156 2691 110 26 clamour
2274 2692 30 25 of
2308 2692 73 27 those

1819 2736 85 18 waves
1916 2736 28 18 as
1956 2727 61 36 they
2029 2727 92 27 rushed
2135 2735 33 27 up
2181 2727 43 27 the
2237 2728 86 34 beach,
2331 2730 50 26 and

1820 2766 59 27 then
1893 2766 104 35 retiring
2015 2765 111 36 dragged
2145 2765 63 27 with
2229 2766 69 27 them
2316 2767 66 27 their

1820 2812 61 24 prey
1895 2804 63 25 from
1971 2804 44 24 the
2024 2803 80 26 shore.
2154 2803 56 25 The
2229 2805 81 24 sound
2328 2813 52 16 was

1820 2840 25 25 in
1858 2840 40 26 his
1910 2848 54 18 ears
1989 2839 51 27 like
2060 2840 44 26 the
2123 2840 71 34 dirge
2212 2839 30 26 of
2251 2839 39 27 his
2303 2838 78 36 hopes

1820 2877 167 32 overthrown,
2008 2877 40 25 his
2067 2877 44 25 life
2124 2877 86 25 drawn
2229 2877 153 33 downward,

1820 2914 153 33 downward,
1985 2914 33 35 by
2032 2913 43 27 the
2088 2923 83 17 waves
2185 2913 30 27 of
2221 2914 98 35 pitiless
2329 2913 51 28 fate

1820 2956 26 21 to
1860 2951 42 27 the
1915 2951 91 35 depths
2020 2951 30 26 of
2067 2951 56 26 that
2135 2960 78 18 ocean
2231 2951 30 26 of
2281 2952 100 35 despair

1820 2989 55 27 that
1888 2998 76 19 never
1977 2998 67 18 more
2063 2989 72 36 gives
2147 2998 35 26 up
2195 2989 32 27 its
2240 2989 71 27 dead.

1992 3051 73 28 (Tobe
2074 3052 130 26 continued.)

1838 3149 307 29 MISCELLANEOUS
2165 3151 196 28 EXTRACTS.

2097 3211 40 18 -
2228 3211 4 18 .

1855 3252 42 28 Mr
1931 3254 140 32 Davidson,
2101 3254 27 25 in
2158 3254 39 26 his
2257 3254 123 26 Eminent

1819 3290 106 36 English
2127 3300 56 26 say?
2194 3290 4 36 :
2290 3290 87 35 Every

1818 3329 117 34 morning
1966 3329 33 34 by
2017 3329 71 35 eight
2105 3329 95 26 o'clock
2228 3329 43 26 Mr
2297 3329 64 27 Glad-

1818 3368 72 23 stone
1911 3374 58 27 may
1989 3366 30 26 be
2031 3374 58 18 seen
2102 3366 118 35 wending
2232 3366 39 26 his
2284 3374 55 26 way
2353 3370 26 21 to

1819 3403 43 28 the
1884 3403 93 37 village
2001 3403 93 28 church
2119 3403 28 28 of
2175 3403 147 28 Rawarden
2353 3406 27 25 to

1818 3450 94 28 engage
1935 3442 27 27 in
1985 3443 93 26 matins
2101 3452 27 18 as
2153 3452 15 17 a
2179 3442 106 36 prelude
2297 3446 26 23 to
2336 3442 43 27 the

1818 3480 70 26 work
1913 3479 28 27 of
1962 3480 44 26 the
2135 3480 51 28 We
2199 3480 102 26 wonder
2313 3479 67 25 what

1818 3516 44 27 the
1874 3520 70 31 great
1956 3520 137 24 statesman
2105 3516 86 28 would
2203 3516 31 27 do
2260 3523 65 19 were
2349 3515 31 26 he

1818 3553 111 28 resident
1939 3553 28 28 in
1978 3555 129 26 Dunedin.

1852 3608 53 27 The
1946 3607 147 28 Ritualistic
2135 3605 111 28 troubles
2278 3605 27 26 in
2335 3604 42 26 the

1819 3645 102 28 Church
1945 3645 28 28 of
1989 3644 118 36 England
2130 3652 67 19 seem
2222 3645 27 23 to
2269 3642 64 26 have
2352 3641 28 27 in

1818 3691 33 18 no
1865 3692 54 26 way
1931 3683 110 27 checked
2054 3683 43 25 the
2109 3682 57 25 flow
2179 3680 29 26 of
2224 3680 73 27 'verts
2314 3679 66 26 from

1818 3720 44 26 the
1886 3720 116 34 ministry
2026 3719 28 26 of
2064 3717 209 29 Nonconformist
2285 3715 94 28 bodies.

1818 3757 33 27 In
1860 3757 43 27 the
1913 3757 105 27 Diocese
2027 3756 28 27 of
2062 3755 123 33 Durham,
2194 3763 16 17 a
2218 3753 44 28 Mr
2272 3752 108 29 Ground

1818 3795 58 26 who
1905 3795 46 26 has
1975 3795 63 25 been
2058 3802 15 17 a
2082 3790 245 36 Congregationalist
2338 3790 40 27 for

1818 3841 68 18 some
1907 3840 78 26 years,
2003 3831 45 26 has
2067 3828 101 36 applied
2180 3828 39 27 for
2236 3827 144 27 ordination

1818 3873 28 24 to
1886 3869 96 36 Bishop
2018 3866 140 37 Lightfoot.
2201 3865 54 29 The
2279 3864 102 37 Baptist

1818 3908 117 27 minister
1969 3907 28 26 of
2025 3905 155 34 Shelfanger,
2204 3904 120 35 formerly
2354 3904 29 27 of

1819 3945 46 27 Mr
1887 3943 152 36 Spurgeon's
2058 3942 107 34 College,
2178 3942 45 25 has
2236 3942 62 25 been
2321 3950 61 17 con.

1819 3981 97 34 firmed,
1929 3981 48 26 and
1991 3980 22 27 is
2031 3979 104 35 reading
2147 3979 39 27 for
2196 3978 71 36 Holy
2280 3978 101 27 Orders.

1819 4019 27 27 It
1867 4019 21 26 it
1905 4019 52 26 also
1970 4017 54 27 said
2037 4018 56 26 that
2112 4017 44 27 the
2177 4017 95 35 Bishop
2293 4017 28 26 of
2342 4016 38 26 St.

1820 4056 109 28 David's
1947 4056 45 25 has
2013 4055 114 26 declined
2148 4054 126 35 receiving
2313 4053 57 26 liter-

1915 4102 27 18 as
1961 4092 145 28 candidates
2123 4092 40 28 for
2180 4092 94 32 orders,
2293 4090 84 34 owing

1820 4134 27 25 to
1871 4131 43 27 the
1938 4131 107 27 number
2065 4130 28 28 of
2114 4129 166 38 applications
2292 4128 31 27 he
2337 4127 44 26 has

1821 4170 112 27 received
1954 4170 61 27 from
2029 4168 209 28 Nonconformist
2256 4166 126 27 ministers

1821 4207 51 27 and
1883 4206 118 28 students
2012 4206 29 27 of
2050 4205 208 29 Nonconformist
2269 4202 113 35 colleges,

1821 4245 50 27 and
1894 4245 43 27 the
1955 4245 95 35 Bishop
2062 4244 28 27 of
2101 4243 106 29 Lincoln
2218 4242 47 27 has
2286 4240 73 28 made
2368 4249 15 17 a

1822 4284 96 26 similar
1939 4284 54 26 rule
2013 4284 40 26 for
2072 4283 44 27 the
2127 4291 68 19 same
2207 4288 95 20 reason.

921 86 73 28 THE
1013 83 134 30 MOUNT
1166 80 148 30 BENGBH
1331 79 103 30 MAIL.

1887 75 170 35 Wednesday,
2072 74 75 36 April
2167 75 39 33 13,
2233 72 74 29 1881.

144 103 14 23 2
