2440 4400
253 89 70 32 April
350 90 35 29 13,
403 89 56 25 1881

905 85 90 25 THE
1031 82 155 26 MOUNT
1220 81 184 26 BENGER
1434 82 115 25 MAIL.

2290 83 14 23 3

200 273 297 27 NOTICE.

123 357 45 24 HE
181 357 122 32 following
315 366 38 15 are
370 357 42 24 tha
425 357 57 31 clays
503 354 127 33 appointed

103 411 10 3 -
145 397 36 23 for
190 396 98 31 holding
297 397 41 23 the
349 397 112 23 Resident
471 394 159 34 Magistrate's

76 435 43 23 fvnd
140 435 125 25 Warden's
280 435 87 27 Courts
383 437 38 23 for
445 438 41 22 the
508 435 122 24 combined

75 475 60 23 Gold
142 474 65 25 fields
224 475 110 25 Districts
355 475 28 25 of
407 475 112 25 Dunstan
542 475 89 29 during

69 515 46 24 ,the
127 514 83 24 month
224 515 25 23 of
262 514 77 31 April,
357 514 55 24 1881
422 522 36 17 :

135 558 116 32 Monday,
259 559 230 31 4th-Queenstown,
497 558 51 24 RM
556 558 75 25 Court

134 597 120 31 Tuesday,
266 597 226 25 sth—Arrowtown

136 636 159 32 Wednesday,
311 637 244 30 6th—Qieenstown,

391 668 123 24 Warden's
526 670 74 24 Court

137 707 158 33 Wednesday,
315 707 164 32 13th—Clydo

136 747 134 31 Thursday,
285 747 86 24 14th—
382 747 137 24 Alexandra

137 783 96 32 Friday,
246 785 214 25 15th—Cromwell

134 816 161 32 Wednesday,
308 818 224 31 20th—Roxburgh

137 849 158 32 Wednesday,
308 851 164 31 27th—Clyde

137 882 134 32 Thursday,
283 884 227 24 28thr-Alexandra

137 915 99 32 Friday,
250 912 216 30 29th—Cromwell

209 959 149 27 JACKSON
376 960 165 26 KEDDELL.

348 999 106 28 Warden
469 1000 47 27 and
533 999 61 28 R.M

107 1042 135 29 Cromwell,
255 1043 85 24 March
357 1044 60 28 21st,
434 1044 67 24 1881.

208 1105 300 26 NOTICE.

83 1212 33 24 J-
164 1218 123 26 TAILOR
311 1220 71 23 AND
398 1220 176 27 CLOTHIER,

254 1257 200 27 ROXBURGH,

75 1295 99 24 Desires
188 1297 24 22 to
224 1296 111 24 intimate
347 1298 25 22 to
393 1296 41 24 the
448 1296 150 25 inhabitants
610 1297 24 24 of

75 1332 139 33 Roxburgh
226 1333 45 24 and
284 1333 161 30 surrounding
457 1333 105 26 districts
580 1335 53 24 that

76 1371 31 26 he
128 1372 43 24 has
200 1373 151 24 commenced
378 1373 108 24 business
515 1373 25 24 in
565 1373 67 24 those

73 1411 118 32 premises
203 1414 58 23 next
274 1411 58 25 door
344 1413 25 23 to
380 1411 41 25 Mr
435 1411 113 26 Burton's
556 1411 74 31 oißce,

76 1451 47 24 and
133 1451 20 23 is
162 1451 116 30 prepared
295 1453 25 22 to
332 1453 99 23 execute
450 1452 66 24 work
536 1459 24 16 m
574 1459 45 16 con-

76 1488 94 24 nection
183 1489 58 25 with
254 1489 41 25 the
312 1489 67 26 trade
388 1490 26 24 in
428 1489 123 25 first-class
563 1490 69 31 style.

76 1527 23 23 A
111 1527 60 29 good
185 1528 27 24 fit
228 1528 19 23 is
260 1529 157 27 guaranteed.

210 1587 296 27 NOTICE.

130 1664 96 24 OTICE
240 1665 24 23 Is
278 1665 97 32 Hereby
388 1666 77 25 Given
478 1665 52 25 that
546 1667 84 24 Poison

112 1717 6 6 ■
156 1709 20 24 is
195 1708 48 25 laid
266 1709 37 24 for
316 1709 103 26 Rabbits
440 1710 48 25 and
508 1710 67 30 Dogs
600 1718 30 17 on

75 1751 70 25 Runs
168 1752 42 24 109
232 1751 47 26 and
299 1752 44 25 3G9
355 1761 6 21 ;
386 1752 56 32 also,
466 1760 31 17 on
522 1753 108 25 freehold

79 1793 66 29 land,

197 1827 147 25 CARCILL
366 1830 20 23 &
412 1831 186 24 ANDERSON.

104 1865 86 23 Teviot
203 1866 104 27 Station,
321 1866 96 30 August
429 1867 64 29 18th,
503 1868 65 23 1880.

202 1923 21 23 N
258 1923 21 24 0
311 1923 22 23 T
365 1924 12 23 I
409 1925 19 23 C
460 1924 20 25 E
496 1943 6 8 .

139 1992 153 30 AWKERS,
339 1992 200 32 RABBITERS,
583 1996 44 23 and

172 2031 81 26 others
294 2039 40 18 aro
372 2032 126 26 cautioned
539 2034 90 31 against

75 2071 95 34 paling
189 2072 58 22 with
266 2080 27 14 or
318 2072 124 28 remo\ing
464 2074 79 22 rabbit
565 2074 65 23 akins

73 2107 62 27 jfrofti
157 2109 55 23 F'V*
235 2109 18 21 3-
254 2109 7 16 r
262 2110 26 26 .i>,
311 2118 19 13 a;
348 2109 55 26 such
430 2110 19 24 k
471 2109 85 31 ilk-gal,
584 2111 44 24 and

73 2147 49 27 .will
135 2147 28 25 be
175 2147 138 33 prosecuted
330 2148 125 30 according
469 2151 25 21 to
508 2148 50 24 law.

220 2190 146 24 CARGILL
377 2192 23 23 &
412 2191 189 28 ANDERSON.

105 2232 88 25 Teviot
205 2233 100 29 Station,
318 2232 83 25 March
412 2234 66 27 20th,
491 2234 66 24 1881.

137 2299 164 26 BOROUGH
316 2299 43 24 OF
372 2299 198 26 ROXBURGH.

138 2369 100 23 OTICE
262 2369 25 23 Is
311 2369 97 31 Hereby
431 2369 77 24 Given
526 2370 52 24 that
602 2377 28 17 on

167 2414 47 24 and
239 2413 62 25 after
323 2413 48 25 this
396 2414 63 29 date,
482 2414 88 25 Poison
594 2415 37 24 for

75 2452 102 26 Rabbits
191 2452 45 24 will
247 2453 26 23 be
285 2453 46 23 laid
351 2461 30 15 on
403 2453 34 24 all
459 2453 68 24 lands
543 2453 85 25 within

71 2493 45 23 .the
132 2492 112 30 Borough
257 2492 25 24 of
292 2492 142 31 Roxburgh,
450 2492 124 32 including
591 2493 40 24 the

73 2529 142 26 Recreation
233 2530 110 24 Reserve.

233 2568 109 26 JAMES
358 2569 181 30 BETGHTON,

318 2601 86 30 Mayor
421 2603 24 22 of
458 2601 142 31 Roxburgh.

106 2638 139 31 Roxburgh,
262 2638 40 24 Bth
317 2638 129 32 February,
461 2640 66 24 1881.

174 2695 73 24 MOA
279 2695 84 24 FLAT
395 2695 133 24 SCHOOL.

106 2776 134 30 ITIURCII
257 2776 42 25 OF
310 2776 166 25 ENGLAND
489 2776 141 26 SERVICE

152 2820 57 24 Will
229 2821 28 22 be
281 2820 56 23 held
351 2820 26 24 in
399 2821 41 23 the
456 2821 75 24 above
546 2820 83 25 School

77 2872 71 26 every
162 2863 132 27 SECOND
306 2863 139 26 SUNDAY
453 2864 25 25 in
487 2865 41 24 the
537 2865 90 25 month.

400 2914 28 23 C.
460 2914 139 24 COOPER.

159 2987 175 27 POSTAL
376 2986 179 27 NOTICE.

189 3055 171 24 EUROPEAN
390 3055 105 24 MAILS-

217 3098 96 24 MAILS
343 3098 127 23 CLOSE—

110 3145 48 23 For
184 3142 95 24 Millers
306 3140 63 28 Flat,
402 3138 139 26 Horseshoe
567 3140 66 23 Bend

78 3177 63 25 Raes
167 3175 125 29 Junction,
325 3173 143 28 Beaumont,
501 3173 132 27 Lawrence,

78 3209 126 27 Dunrdin,
217 3208 54 26 &c,
282 3213 73 23 evory
371 3205 120 31 Tuesday,
506 3205 127 31 Thursday

75 3242 47 26 and
139 3240 127 30 Saturday,
280 3241 24 21 at
315 3237 13 26 7
337 3244 54 18 a.m.

110 3274 48 25 For
179 3272 57 26 Coal
263 3271 83 27 Creek,
373 3269 61 27 Bald
461 3269 61 31 Hill,
548 3269 68 24 Manu-

77 3307 100 28 herikia,
202 3305 83 32 Clyde,
312 3303 132 29 Cromwell,
471 3303 93 30 Arrow,
586 3303 46 25 and

78 3341 169 27 Queenstown,
260 3345 72 22 every
348 3337 116 29 Monday,
476 3336 157 31 Wednesday,

76 3371 47 26 and
134 3370 99 27 Friday,
245 3375 25 17 at
281 3370 13 21 7
304 3376 54 21 p.m.

216 3415 95 22 MAILS
347 3413 148 23 ARRIVE—

106 3460 73 25 From
188 3457 113 26 Dunedin
315 3457 47 24 and
375 3456 168 25 intermediate
555 3457 77 24 offices

76 3500 74 24 every
162 3491 115 31 Monday,
291 3488 159 33 Wednesday,
470 3489 47 24 and
535 3489 96 33 Friday,

73 3535 24 23 at
108 3533 53 23 5.30
169 3538 55 24 p.m.

108 3564 73 25 From
208 3563 161 29 Qneenstown
395 3559 46 25 and
466 3559 166 27 intermediate

76 3598 79 24 offices
172 3604 73 22 every
266 3594 117 30 Monday,
412 3592 155 32 Wednesday,
585 3595 45 23 and

74 3636 99 32 Friday,
184 3636 25 23 at
221 3634 54 25 7.45
286 3639 58 26 p.m.

108 3688 52 24 The
176 3688 58 23 next
245 3683 101 33 English
363 3683 46 25 and
428 3682 126 31 European
566 3683 55 23 mail

78 3721 40 23 via
141 3721 46 22 San
207 3718 132 26 Francisco,
360 3716 74 22 closes
453 3723 31 15 on
506 3714 124 31 Thursday

79 3755 54 22 21st
162 3750 78 33 April,
266 3752 25 23 at
316 3749 12 24 7
358 3747 176 31 a.m.—Money
562 3747 70 24 order

76 3785 113 32 previous
197 3784 58 30 days
262 3785 25 21 at
297 3784 43 28 4p.
346 3789 42 21 m.,
400 3780 46 25 and
454 3780 129 30 registered
590 3780 40 24 the

76 3818 83 23 letters
172 3819 25 22 at
218 3818 13 21 5
249 3822 48 23 p.m
308 3813 94 26 —Sue?
424 3812 57 24 Mail
504 3811 74 24 closes
599 3820 29 15 on

77 3849 120 30 Tuesday,
216 3848 43 24 4th
281 3846 67 31 May,
364 3848 24 21 at
404 3845 14 26 7
430 3851 55 18 a.m.

303 3895 139 26 THOMAS
462 3895 93 29 COOP,

442 3933 155 26 Postmaster.

106 3970 57 22 Po6t
180 3969 81 28 Office,
277 3966 140 31 Roxburgh,

137 4013 53 24 31st
202 4012 90 31 March,
309 4013 68 24 1881.

104 4086 128 28 Applicants
256 4085 31 22 for
309 4091 132 15 summonses
462 4084 20 21 in
508 4083 36 22 the
569 4083 61 23 R.M.

77 4116 66 23 Court
153 4116 60 25 have,
226 4114 66 23 under
302 4114 35 23 the
348 4121 47 15 new
405 4114 62 24 rules,
477 4117 21 18 to
509 4112 29 23 fill
550 4121 28 21 up
587 4114 41 21 and

75 4146 57 22 hand
144 4150 21 18 to
176 4146 36 22 the
222 4144 65 24 Clerk
295 4144 22 23 of
327 4145 66 22 Court
404 4152 13 14 a
427 4144 67 29 plaint
509 4143 74 30 signed
601 4144 28 29 by

75 4177 37 22 the
127 4176 94 29 plaintiff
226 4183 25 15 or
257 4175 34 22 his
305 4175 93 23 solicitor
409 4182 24 15 or
442 4181 59 16 some
518 4182 41 16 one
578 4175 51 29 duly

75 4206 127 23 authorised.
235 4205 47 22 The
292 4205 52 22 form
356 4206 24 21 of
396 4206 67 28 plaint
478 4206 96 28 required
585 4206 43 22 will

74 4238 27 20 be
110 4236 107 22 furnished
227 4243 28 14 on
271 4235 129 28 application
421 4240 23 17 to
464 4235 36 22 the
520 4235 66 23 Clerk
607 4236 22 22 of

703 165 110 24 BLACK
847 165 111 25 HORSE
990 165 176 30 BREWERY,

834 211 195 25 MILTON.

745 287 137 26 KOFOED
910 289 73 25 AND
1016 289 110 28 CLIVE,

661 331 35 31 (J.
709 332 27 23 T.
749 332 102 32 Kofoed,
863 334 48 24 late
922 334 25 24 of
960 333 81 32 Hayes
1051 333 49 24 and
1111 331 104 31 Kofoed,

881 372 125 32 Tuapeka)

683 415 35 30 IT
725 416 67 25 AVE
809 417 72 25 much
902 417 109 32 pleasure
1028 418 25 24 in
1080 416 136 31 intimating

684 459 37 16 --*-
753 463 24 21 to
799 460 40 24 the
866 459 148 26 inhabitants
1037 460 27 25 of
1081 460 134 31 Roxburgh

662 503 46 23 and
717 504 160 30 surrounding
889 503 120 29 Districts,
1022 506 53 21 that
1087 504 57 30 tbey
1157 504 59 23 have

661 547 150 25 commenced
820 547 106 32 brewing
935 548 25 24 in
969 548 40 24 the
1019 548 75 24 above
1102 548 114 31 premises

691 597 38 24 All
738 598 82 24 orders
832 605 28 17 or
868 598 83 23 letters
959 600 53 22 sent
1020 601 25 20 to
1054 598 42 24 the
1108 599 108 31 brewery

661 641 48 24 will
723 642 91 24 receive
826 641 136 25 immediate
979 642 126 23 attention.

690 712 86 25 Notico
788 715 26 22 to
834 712 139 27 Customers
985 712 4 27 :
1013 712 86 27 Please
1120 715 26 24 to
1159 713 57 25 cork

661 757 90 24 barrels
768 756 67 25 when
849 760 92 28 emp'y.

714 826 74 24 Yeast
804 825 47 25 and
863 825 88 24 Grains
964 826 89 32 always
1064 835 31 17 on
1107 827 56 26 sale.

692 896 92 31 Agents
813 896 37 23 for
887 896 114 26 Foraud's
1031 896 74 26 Tonic
1138 897 78 25 Bitter

663 939 79 24 Wiiifls
754 939 46 24 and
813 940 117 25 Cordials.

664 1076 84 56 M.
833 1075 382 67 FRAER,

815 1173 269 32 LAWRENCE,

800 1242 23 25 Is
842 1251 54 16 now
911 1243 107 31 showing
1037 1244 37 24 his

701 1312 135 26 FIRST
887 1314 302 25 INSTALMENT

661 1453 155 55 NEW
890 1453 323 62 AUTUMN

730 1551 414 67 DRAPERY.

661 1730 132 27 Aberdeen,
823 1731 76 32 Super
931 1732 48 24 and
1006 1732 70 33 Crisp
1104 1733 110 33 Wincies,

781 1776 39 29 6d,
835 1776 37 29 9d,
885 1776 47 23 and
945 1778 25 22 la
981 1785 42 23 per
1038 1778 68 30 yard.

660 1844 109 24 Checked
781 1845 46 24 and
840 1845 69 24 Tlain
921 1846 164 32 Komespunß,
1096 1848 62 24 from
1170 1849 31 23 la.

663 1913 74 29 Large
755 1914 153 23 Assortment
923 1915 27 22 of
967 1915 94 23 Ladieß'
1082 1916 46 22 and
1145 1916 71 23 Girls'

682 1957 76 25 Straw
769 1956 61 26 Hata
842 1957 44 32 (all
897 1957 103 32 abapoa),
1014 1958 60 26 from
1086 1961 25 23 Is
1119 1960 67 25 each.

663 2026 67 26 Satin
758 2026 92 33 Qotha,
875 2027 96 26 Eus3ell
999 2028 84 32 Cords,
1110 2029 107 32 Lustres,

667 2095 204 31 Meriuos,and;C3
873 2105 9 8 c
885 2096 80 26 hnere
973 2097 160 31 ,Giotbs,from
1144 2100 25 23 lb
1179 2099 37 24 id.

676 2238 177 24 MILLINERY
873 2239 68 21 AND
967 2239 236 26 DRESSMAKING.

797 2380 22 24 A
846 2379 78 33 Large
954 2380 72 25 Stock
1055 2380 25 26 of

677 2451 102 24 MEN'S
807 2451 72 25 AND
911 2452 93 25 BOYS'
1031 2452 178 25 CLOTBING

675 2598 73 19 NEW
782 2597 83 21 HATS
878 2599 5 19 !
927 2598 73 22 NEW
1030 2598 151 21 MERCERY
1192 2601 5 18 !

661 2739 123 24 CHOICE
802 2738 222 25 ASSORTMENT
1049 2740 42 24 OF
1106 2741 112 30 BOOTS,

850 2808 32 24 Of
897 2808 32 24 all
946 2808 80 27 kinds,

661 2951 65 23 THE
751 2951 172 30 CIIEArEST,
948 2952 79 24 BEST
1049 2953 172 32 SELECTED,

720 3022 68 21 AND
824 3022 143 22 LARGEST
997 3024 103 23 STOCK
1129 3026 35 21 IN

852 3089 185 25 LAWRENCE.

729 3261 23 24 R
781 3261 149 25 DAVID
961 3262 72 25 FIN
1049 3263 165 27 LAYSON

685 3339 167 24 SOLICITOR
868 3339 68 22 AND
951 3341 244 30 CONVEYANCER,

765 3406 65 25 Ross
843 3405 93 32 Place,
954 3407 152 26 Lawrence.

722 3557 214 25 Offices—Town
950 3558 57 25 Hall
1021 3559 136 34 Buildings.

720 3701 135 31 Roxburgh
871 3702 87 25 visited
970 3703 68 26 when
1050 3704 104 27 desired.

772 3837 124 25 MONEY
927 3838 42 25 TO
1001 3839 103 25 LEND.

661 3940 161 38 11/TONEY
850 3942 40 25 TO
920 3942 92 26 LEND
1041 3952 30 18 on
1098 3945 118 27 Freehold

659 4016 117 32 Security,
801 4016 25 26 in
849 4024 66 18 sums
929 4019 26 24 to
971 4018 48 27 suit
1040 4020 177 27 Borrowers.—

657 4087 89 31 Apply,
762 4085 43 25 Mr
828 4085 154 34 Finlayson,
1002 4089 121 32 Solictor,
1146 4090 69 30 Jaw-

714 4238 211 25 OfFicES—Town
939 4239 58 26 Hall
1018 4240 134 33 Buildings.

1247 161 112 25 LABOR
1385 161 201 29 EXCHANGE,
1610 161 186 25 LAWRENCE

1282 231 67 26 IHIS
1380 231 129 33 Exchange
1539 232 20 24 is
1589 238 54 18 now
1667 238 61 25 open
1761 231 38 25 for

1274 285 12 5 -
1323 275 163 33 Engagement
1496 276 24 25 of
1525 275 32 26 all
1567 274 70 26 kinds
1646 275 28 26 of
1679 275 119 30 Servants,

1244 315 143 27 Domestics,
1418 314 86 29 Cooks,
1542 313 168 28 Housemaids,
1737 313 45 24 &c.
1792 322 6 20 ;

1244 352 51 24 also
1307 351 158 32 Ploughmen,
1479 351 192 30 Station-hands,
1683 350 61 26 Pick
1752 353 45 23 and

1246 391 88 25 Shovel
1348 391 67 30 Men,
1426 391 52 30 &c,
1493 392 43 24 &c.
1540 391 117 23 —Orders
1667 391 31 30 by
1709 394 53 27 post
1773 398 27 16 or

1245 429 115 32 telegram
1373 430 47 24 will
1432 431 91 23 receive
1537 429 112 32 punctual
1662 430 125 24 attention.

1462 474 24 23 J.
1505 475 26 24 C.
1547 473 162 31 LORIMER,
1756 473 4 31 •

1483 517 78 24 Labor
1573 516 136 32 Exchange,

1382 555 253 29 Whitehaven-street,
1646 555 136 24 Lawrence.

1382 605 280 56 CRAIG'S

1245 678 320 26 COMMERCIAL
1631 680 166 33 HOTEL,

1350 729 68 24 Peel
1430 736 99 22 street,
1541 729 152 26 Lawrence.

1410 810 102 24 CRAIG
1537 810 40 30 (of
1594 810 66 25 Cobb
1677 811 46 24 and
1743 811 55 31 Co.)

1342 848 55 31 begs
1423 852 25 21 to
1463 856 122 17 announce
1610 849 88 32 having
1719 850 80 25 leased

1246 887 41 23 the
1296 887 76 23 above
1386 886 157 25 well-known
1557 887 78 31 Hotel,
1646 889 47 23 and
1705 889 94 24 intends

1246 924 114 33 devoting
1371 925 37 24 his
1423 926 76 24 entire
1510 923 119 32 attention
1641 927 93 24 thereto

1277 969 51 25 The
1340 970 154 24 Commercial
1505 970 75 28 Hotel
1591 971 20 24 is
1624 979 52 18 now
1698 979 28 18 80
1747 972 52 24 well

1247 1008 47 24 and
1305 1008 124 32 favorably
1441 1007 86 26 known
1553 1009 53 24 that
1626 1018 48 23 any
1696 1011 102 25 detailed

1247 1046 144 32 description
1403 1047 19 24 is
1429 1046 156 32 superfluous.
1617 1047 26 26 It
1660 1048 24 29 .is
1705 1056 14 19 a
1733 1049 66 25 brick

1248 1085 115 31 building,
1382 1084 68 26 fitted
1471 1085 57 25 with
1552 1094 72 24 every
1637 1088 161 25 convenience

1246 1124 38 24 for
1655 1125 144 28 Travellers.

1246 1164 51 23 The
1322 1157 185 38 Sitting-roomk
1524 1171 41 17 are
1580 1165 66 30 lofty
1667 1166 47 24 and
1737 1174 47 16 com-

1248 1201 116 31 modious,
1385 1202 47 24 and
1456 1202 42 30 thf
1513 1202 140 26 Bed-rooms
1674 1212 40 17 are
1735 1204 65 32 large

1248 1240 45 24 and
1307 1239 203 25 well-ventilated.

1277 1281 49 25 For
1352 1280 41 25 the
1417 1289 43 16 con
1464 1278 121 34 venidttgfo
1597 1281 31 25 of
1644 1282 156 26 Commercial

1246 1319 132 24 Travellers
1394 1319 66 24 there
1472 1319 19 24 is
1502 1327 14 16 a
1526 1320 65 30 large
1608 1320 47 25 and
1664 1322 135 23 well-fitted

1247 1358 183 32 Sample-room.

1277 1435 53 26 The
1339 1435 180 26 Billiard-room
1527 1436 20 24 is
1556 1435 115 33 provided
1671 1434 14 16 >J
1685 1437 57 26 with
1754 1445 46 18 one

1244 1473 26 25 of
1286 1474 109 24 Alcock'a
1408 1474 51 25 best
1470 1475 45 24 full
1527 1474 61 25 sized
1600 1475 93 24 Tables.
1753 1482 13 15 >•

1291 1555 65 33 Hot,
1373 1556 78 31 Cold,
1470 1563 51 16 ani>
1536 1556 108 25 Shower
1659 1558 92 25 Baths.

1246 1640 144 24 Permanent
1411 1640 120 25 Boarders
1551 1640 189 25 accommodated
1769 1649 30 17 on

1408 1679 136 26 reasonable
1556 1681 78 24 terms.

1276 1767 29 23 In
1317 1766 140 26 connection
1470 1767 57 24 with
1539 1767 41 25 the
1597 1767 75 25 Hotel
1694 1769 66 23 there
1779 1767 20 25 is

1245 1813 30 17 an
1286 1805 124 25 extensive
1422 1814 73 25 range
1507 1806 26 26 of
1539 1806 114 31 Stabling,
1664 1806 69 26 fitted
1740 1806 59 26 with

1246 1844 64 24 loose
1322 1844 79 30 boxes,
1413 1846 47 22 and
1472 1846 71 30 being
1559 1846 77 24 under
1648 1846 41 24 Mr
1710 1846 89 29 Craig's

1247 1883 108 29 personal
1392 1882 158 31 supervision,
1584 1883 20 24 is
1638 1891 15 16 a
1683 1884 116 24 sufficient

1244 1922 129 28 guarantee
1401 1919 53 25 that
1476 1920 81 24 horses
1575 1920 49 24 will
1645 1920 90 25 receive
1759 1920 41 25 the

1246 1957 51 26 best
1310 1958 129 24 attention.

1275 2000 90 42 Ladies
1393 2002 53 34 and}
1469 2002 83 25 Gents'
1584 2002 88 26 Saddle
1700 2003 98 32 Horses,

1247 2039 110 32 Buggieß,
1379 2040 86 31 Trap,
1477 2042 49 24 and
1541 2043 111 31 Coaches,
1679 2044 26 25 of
1727 2051 73 23 tivery

1246 2079 153 29 description,
1412 2077 41 25 for
1460 2075 146 36 Travellers,
1617 2081 184 29 Excursionists,

1246 2115 102 32 Picnics,
1375 2116 50 29 &c,
1449 2112 77 32 Bv«ppZ;
1529 2124 12 17 e
1543 2117 14 24 d
1591 2126 13 16 0
1605 2126 17 17 n
1636 2119 41 25 the
1695 2119 107 27 shortest

1277 2193 69 23 Cobb
1359 2193 47 26 and
1429 2190 64 26 Go.'s
1519 2191 25 24 k*
1552 2192 45 30 >yal
1621 2192 59 25 Mail
1698 2194 105 25 Coaches

1248 2232 66 24 leave
1326 2232 41 24 the
1376 2231 74 24 Hotel
1462 2230 120 37 regularly
1595 2230 37 25 for
1642 2232 159 33 Queenstown

1248 2270 46 24 and
1307 2270 32 24 all
1354 2269 155 25 intermedials
1516 2268 1 32 ■
1530 2268 85 32 places.

1490 2313 98 25 HUGH
1602 2314 111 31 CRAIG,

1626 2358 146 32 Proprietor,

1279 2429 241 31 N.B.—Passengers
1548 2435 44 18 can
1618 2428 93 32 depend
1737 2435 64 25 upon

1250 2468 70 29 being
1331 2467 76 25 called
1418 2468 37 24 for
1467 2467 41 25 the
1519 2467 64 31 early
1593 2467 72 26 train.

1347 2609 360 68 WOOL.

1446 2714 89 26 CORN
1584 2714 71 25 AND
1704 2714 96 26 WOOL

1284 2767 7 6 r
1332 2747 198 28 EXCHANGE,
1563 2747 165 26 DUNEDIN.

1309 2811 38 25 To
1358 2811 41 25 the
1411 2810 72 26 Wool
1495 2811 111 25 Growers
1617 2810 26 25 of
1651 2809 89 33 Otago.

1249 2851 159 27 Gentlemen
1411 2863 29 6 —

1280 2893 43 24 We
1338 2893 46 29 beg
1406 2893 25 22 to
1453 2889 109 25 intimate
1583 2888 54 26 that
1657 2898 44 16 our
1717 2889 69 26 Ware-

1249 2924 86 23 houses
1344 2931 40 16 are
1395 2929 54 16 now
1469 2923 73 26 ready
1562 2921 37 23 for
1620 2923 41 22 the
1681 2923 121 28 reception

1249 2955 48 27 and
1309 2954 47 27 sale
1367 2954 25 27 of
1412 2953 61 26 wool
1487 2952 88 35 during
1587 2953 41 25 the
1650 2960 92 26 season,
1756 2952 46 27 and

1248 2992 54 24 that
1329 2998 36 18 we
1390 2997 39 18 are
1455 2989 116 32 prepared
1597 2991 26 22 to
1653 2987 69 26 make
1747 2989 55 25 cash

1250 3024 116 23 advances
1376 3023 93 30 against
1491 3022 185 29 consignments,
1696 3022 107 24 whether

1250 3056 36 25 for
1300 3056 48 25 sale
1357 3055 55 26 here
1423 3063 27 18 or
1461 3055 37 25 for
1509 3055 127 31 shipment.

1279 3095 46 24 We
1337 3095 57 24 hold
1406 3094 100 24 Auction
1519 3094 67 27 Sales
1595 3094 25 23 of
1633 3093 76 30 Wool,
1718 3093 85 32 Sheep,

1249 3128 81 29 Skins,
1350 3124 84 33 Hides,
1455 3128 47 24 and
1524 3126 97 31 Tallow,
1636 3135 73 21 every
1730 3127 73 24 week.

1250 3163 109 23 Account
1385 3161 66 24 Sales
1475 3160 123 30 rendered,
1621 3160 48 25 and
1690 3160 113 32 proceeds

1250 3194 54 32 paid
1318 3201 57 17 over
1386 3193 84 25 within
1481 3194 36 24 six
1533 3194 59 29 days
1603 3193 25 24 of
1639 3192 56 25 sale.

1277 3232 44 25 We
1343 3234 39 23 act
1394 3232 92 32 strictly
1498 3239 27 18 as
1547 3231 110 26 Selling
1683 3231 120 26 Brokers

1249 3264 81 33 Only,
1356 3265 45 25 and
1415 3265 68 25 make
1512 3265 90 25 careful
1625 3265 134 25 valuations
1778 3264 26 24 of

1248 3307 73 24 every
1333 3298 77 33 parcel
1427 3298 63 33 prior
1502 3301 25 23 to
1546 3298 55 31 sale,
1613 3298 47 26 and
1682 3305 25 18 as
1729 3306 72 24 every

1249 3333 152 30 department
1413 3332 28 25 of
1451 3332 40 25 the
1502 3333 108 23 business
1634 3332 20 24 is
1669 3331 132 25 conducted

1248 3365 78 24 under
1349 3373 44 16 our
1419 3364 132 25 Personal
1575 3364 156 31 supervision,
1760 3364 41 23 the

1250 3399 51 23 best
1312 3401 130 29 guarantee
1454 3397 20 25 is
1495 3397 106 25 afforded
1621 3399 25 22 to
1665 3396 136 31 consignors

1249 3431 53 24 that

1249 3470 44 23 NO
1305 3470 122 23 PARCEL
1443 3469 81 23 WILL
1540 3469 39 21 P.E
1596 3468 80 23 SOLD
1691 3467 110 24 BELOW

1314 3501 49 23 ITS
1379 3500 82 24 FULL
1475 3499 132 24 MARKET
1621 3498 114 27 VALUE,

1247 3538 47 25 and
1307 3538 54 25 that
1375 3538 64 25 their
1451 3538 110 25 interests
1575 3537 122 31 generally
1711 3535 49 26 will
1771 3535 30 24 be

1248 3571 116 32 carefully
1375 3572 130 30 protected.

1279 3610 39 24 All
1330 3610 58 24 wool
1402 3609 47 24 and
1474 3608 69 24 other
1569 3607 104 31 produce
1699 3606 21 25 is
1738 3606 61 30 fully

1247 3642 100 25 covered
1370 3643 32 31 by
1421 3643 122 22 insurance
1561 3640 62 24 from
1644 3639 40 25 the
1706 3639 58 25 time
1780 3639 19 23 it

1247 3679 80 21 enters
1337 3683 43 19 our
1393 3675 88 25 Stores,

1277 3714 51 24 The
1337 3714 95 30 charges
1441 3720 29 17 on
1482 3711 65 24 Wool
1557 3711 89 25 offered
1657 3711 35 24 for
1698 3710 47 24 salo
1752 3709 45 25 and

1247 3748 43 24 not
1298 3745 52 27 sold
1362 3753 39 18 are
1412 3744 111 29 nominal,
1535 3744 71 31 being

1269 3785 66 24 ONE
1351 3784 149 24 SHILLING
1516 3784 59 21 PER
1589 3783 80 23 BALE
1684 3782 92 27 ONLY,

1248 3816 78 24 which
1349 3814 106 25 includes
1481 3812 125 29 leceiving,
1622 3812 173 29 warehousing,

1247 3848 114 31 delivery,
1373 3846 48 25 and
1434 3846 123 23 insurance
1569 3843 79 25 whilst
1667 3843 24 24 in
1703 3843 75 24 Store.

1277 3886 134 30 Returning
1422 3893 43 17 our
1474 3885 52 24 best
1535 3883 87 25 thanks
1635 3883 36 25 for
1683 3882 41 26 the
1738 3892 42 23 sup-

1246 3923 54 29 port
1312 3928 26 16 so
1352 3918 108 30 liberally
1470 3916 114 24 accorded
1593 3919 24 20 to
1634 3923 27 16 us
1683 3916 112 28 hitherto,

1246 3953 47 24 and
1315 3951 109 29 assuring
1437 3958 48 22 you
1500 3949 26 26 of
1545 3956 45 17 our
1601 3947 77 26 desire
1691 3951 24 22 to
1726 3947 68 26 merit

1245 3986 32 24 its
1286 3984 164 27 continuance,

1386 4020 44 26 We
1444 4019 98 31 remain,
1556 4018 149 32 Gentlemen,

1453 4053 78 25 Yours
1545 4052 129 30 faithfully,

1395 4089 139 26 DONALD
1551 4090 83 23 REID
1646 4089 47 24 and
1712 4089 52 30 Co.,

1245 4137 70 25 Wool
1352 4134 110 30 Brokers,
1497 4132 80 31 Stock,
1616 4132 100 31 Station,
1747 4132 45 26 And

1258 4171 108 25 Produce
1377 4168 98 32 Agents,
1487 4166 65 32 High
1563 4168 82 30 street,
1658 4166 120 26 Dunedin.

1964 155 95 24 FOR
2122 155 143 24 SALE.

1831 236 98 26 /~\NE
1940 235 104 26 CHEST
2056 236 164 25 DRAWERS
2230 236 25 31 (5
2267 236 112 32 drawers)

1912 269 75 26 -£4.

1874 313 51 24 One
1938 314 73 22 Cheat
2022 313 76 23 Cedar
2108 313 112 24 Drawers
2234 313 23 30 (7
2267 313 112 32 drawers)

1919 346 69 24 -£6.

1882 384 52 25 One
1946 384 74 24 Chest
2030 383 77 26 Cedar
2117 382 112 27 Drawers
2241 384 24 30 (8
2274 383 102 26 drawers

1917 417 76 26 -JE7.

1874 456 50 24 One
1940 455 193 32 Cupboard—£2
2151 457 33 25 ss.

2129 499 47 24 AH
2202 499 87 31 SING,

2085 536 103 26 Chinese
2204 537 115 31 Gardens,

2207 576 142 31 Roxburgh.

1908 633 63 21 Lives
1981 633 21 21 of
2018 636 58 25 great
2091 640 47 13 men
2150 632 28 21 all
2193 632 83 21 remind
2291 638 31 21 us,

1906 663 41 21 We
1957 670 39 14 can
2007 663 63 21 make
2079 669 38 14 our
2128 662 52 21 lives
2190 661 91 22 sublime
2290 670 6 18 ;

1905 693 59 28 And,
1973 692 118 30 departing,
2102 692 60 23 leave
2173 691 80 24 behind
2264 699 24 16 us

1906 724 122 29 Footprints
2039 731 27 15 on
2077 723 35 23 the
2122 723 63 22 sands
2200 723 22 22 of

1867 791 52 26 iHE
1934 791 75 25 above
2030 790 20 24 is
2072 791 57 23 road
2154 789 57 25 with
2236 790 100 25 interest
2348 790 34 32 by

1858 845 10 4 _
1905 823 132 25 thousands
2074 824 25 23 of
2131 830 83 24 young
2247 830 61 16 men.
2356 824 25 24 It

1827 856 100 32 inspires
1950 857 65 23 them
2042 856 58 24 with
2129 856 79 29 Hope,
2237 855 37 25 for
2288 856 24 24 in
2338 856 43 26 the

1827 889 81 32 bright
1922 889 91 26 lexicon
2027 889 27 24 of
2066 889 78 32 youth
2160 888 68 24 thero
2242 889 20 23 is
2279 896 31 16 no
2321 890 59 23 such

1828 922 65 25 word
1904 930 25 16 as
1948 922 48 24 fail.
2030 922 71 24 Alas!
2131 929 41 22 say
2194 929 80 22 many,
2289 922 49 23 this
2359 922 21 24 is

1827 959 96 25 correct,
1924 956 51 23 —is
1987 958 52 21 true
2051 955 56 24 with
2122 955 83 29 regard
2214 957 25 21 to
2250 955 40 23 the
2302 954 77 30 youtb.

1827 989 53 24 who
1889 988 42 24 has
1945 995 74 19 never
2030 987 87 25 abused
2134 987 37 24 his
2192 987 188 30 strength—and

1827 1025 25 21 to
1864 1022 41 24 the
1919 1028 54 17 man
1987 1020 54 25 who
2054 1021 42 24 has
2110 1024 42 20 not
2174 1019 59 25 been
2268 1020 112 31 passion's

1856 1088 51 25 But
1915 1089 24 23 to
1955 1085 54 26 that
2023 1086 132 32 youth—to
2177 1085 54 25 that
2241 1092 64 24 man,
2325 1085 54 26 who

1827 1120 43 26 has
1885 1120 89 26 wasted
1993 1120 37 24 his
2056 1119 75 32 vigor,
2159 1118 52 26 who
2230 1119 42 24 has
2284 1119 95 31 yielded

1827 1153 97 26 himself
1948 1161 33 24 up
2011 1157 26 21 to
2065 1154 41 23 the
2138 1155 136 28 temporary
2307 1155 72 22 sweet

1827 1187 154 24 allurements
1997 1186 24 24 of
2046 1185 59 30 vice,
2126 1185 52 26 who
2193 1185 41 23 has
2249 1185 70 30 given
2337 1192 28 19 un-

1828 1219 92 25 bridled
1931 1218 85 24 license
2029 1221 25 20 to
2069 1217 36 23 his
2118 1217 105 30 passions
2233 1220 25 20 to
2274 1216 49 24 him
2338 1218 41 23 the

1827 1252 76 24 above
1912 1251 60 24 lines
1979 1258 38 16 are
2032 1250 42 23 but
2081 1256 26 16 as
2117 1257 14 16 a
2149 1249 121 31 reproach!
2305 1248 74 25 What

1828 1284 77 26 Ho.pr
1921 1291 42 17 can
1989 1283 31 24 he
2034 1281 78 26 have?
2130 1281 71 25 What
2222 1280 158 31 aspirations?

1829 1317 72 24 What
1914 1316 87 25 chance
2017 1315 29 24 of
2051 1314 92 30 leaving
2150 1314 37 24 his
2201 1313 128 32 footprints
2347 1321 33 17 on

1828 1350 40 24 the
1879 1348 70 26 sands
1957 1348 27 24 of
1995 1347 56 26 time
2058 1346 10 25 ?
2083 1346 47 25 For
2139 1346 56 30 him,
2204 1346 49 25 alas
2263 1346 5 24 !
2284 1346 65 25 there
2359 1346 21 25 is

1828 1383 92 32 nought
1949 1381 45 24 but
2018 1379 60 26 dark
2114 1380 95 31 despair
2237 1379 48 26 and
2323 1379 44 26 self-

1827 1414 112 34 reproach
1948 1414 46 32 for
2004 1423 12 15 a
2034 1414 43 24 lost
2100 1412 49 32 life.

1856 1450 48 23 For
1919 1457 14 16 a
1948 1456 53 16 man
2011 1450 25 22 to
2061 1447 65 25 leave
2147 1445 37 25 his
2199 1445 129 32 footprints
2347 1454 34 17 on

1828 1483 39 23 the
1879 1482 69 24 sands
1959 1481 24 24 of
1995 1480 64 28 time,
2074 1480 30 23 he
2128 1482 64 21 must
2212 1479 30 24 be
2265 1479 115 25 endowed

1828 1516 58 24 with
1896 1522 14 17 a
1920 1517 84 28 strong
2014 1512 68 25 brain
2098 1512 47 24 and
2165 1519 104 17 nervous
2293 1519 87 24 power,

1828 1548 30 24 he
1864 1550 63 23 must
1936 1554 92 24 possess
2038 1553 14 17 a
2060 1545 81 28 pound,
2151 1545 118 29 vigorous,
2281 1544 99 30 healthy

1827 1581 74 30 mind,
1917 1579 26 27 in
1962 1586 14 18 a
2105 1576 136 32 body—the
2251 1583 81 26 power
2354 1579 26 23 to

2030 1618 89 24 energy
2145 1613 25 22 to
2195 1610 114 25 execute!
2336 1610 46 25 but

1826 1647 56 25 look
1905 1649 24 21 at
1940 1652 60 23 your
2019 1643 140 25 Australian
2173 1642 77 31 youth
2260 1642 6 24 !
2286 1644 43 23 See
2340 1643 42 27 the

1827 1678 128 27 emaciated
1977 1677 69 29 form,
2073 1675 41 25 the
2141 1677 84 22 vacant
2248 1673 63 32 look,
2338 1673 44 26 the

1826 1714 88 25 listless
1935 1710 130 29 hesitating
2086 1715 107 23 manner,
2214 1708 42 25 the
2276 1715 104 19 nervoua

1827 1748 106 29 distrust,
1945 1746 43 25 the
2001 1741 121 32 senseless,
2147 1741 85 28 almost
2244 1740 83 29 idiotic
2339 1747 28 18 ex-

1826 1781 117 32 pression.
1975 1778 66 25 Note
2055 1775 37 24 his
2103 1774 143 25 demeanour
2260 1773 47 25 and
2322 1780 44 18 con-

1828 1813 126 29 versation,
1966 1811 49 25 and
2028 1807 59 26 then
2100 1815 50 25 say,
2168 1807 22 25 is
2201 1806 54 26 that
2265 1814 14 17 a
2289 1813 55 18 man
2355 1808 28 25 to

1826 1847 67 24 leave
1903 1846 38 23 his
1949 1841 131 33 footprints
2094 1849 32 15 on
2137 1841 42 23 the
2192 1840 72 24 sands
2275 1840 28 23 of
2312 1840 66 24 time.

1856 1879 39 24 Do
1903 1879 106 30 parents,
2021 1873 100 24 medical
2131 1880 55 17 men
2197 1872 48 24 and
2256 1871 125 25 educators

1827 1912 25 22 of
1865 1909 77 31 youth
1960 1915 47 24 pay
2018 1905 120 23 sufficient
2158 1905 118 23 attention
2296 1907 26 21 to
2333 1905 49 22 thin

1827 1941 111 34 subject?
1969 1940 38 25 Do
2034 1937 59 32 they
2122 1944 56 18 ever
2199 1936 115 26 ascertain
2340 1936 41 28 the

1827 1984 69 16 cause
1907 1976 25 23 of
1944 1974 50 24 this
2017 1970 88 32 decay;
2121 1971 47 24 and
2186 1970 88 31 having
2285 1972 63 23 done
2358 1979 25 18 so

1828 2009 32 25 do
1885 2007 58 32 they
1967 2006 38 31 (as
2035 2011 14 17 a
2078 2002 68 25 strict
2175 2009 66 18 sense
2266 2002 25 25 of
2319 2002 63 34 duty

1828 2040 126 31 demands)
1971 2038 54 25 seek
2040 2037 40 26 the
2092 2036 86 25 skilled
2199 2035 83 27 advice
2302 2037 26 25 of
2340 2037 40 24 the

1828 2073 99 25 medical
1938 2079 62 20 man,
2013 2071 53 23 who
2086 2069 42 25 has
2141 2069 69 24 made
2232 2069 49 24 this
2293 2070 88 23 branch

1829 2106 25 23 of
1865 2105 38 24 his
1913 2101 132 35 profession
2062 2101 37 23 his
2112 2099 129 32 particular
2251 2100 124 31 speciality

1829 2138 79 26 whose
1921 2137 41 24 life
1977 2134 42 26 has
2034 2133 59 26 been
2107 2131 102 27 devoted
2221 2134 25 24 to
2256 2132 42 27 the
2308 2133 72 26 treat*

1829 2174 65 22 ment
1916 2169 28 26 of
1962 2169 65 24 these
2044 2166 79 26 cases?
2155 2166 100 29 Reader,
2277 2166 62 26 what
2359 2167 21 27 is

1830 2228 101 25 himself.
2104 2233 38 18 see
2178 2224 63 25 their

1830 2262 80 29 fading
1926 2259 124 32 gradually
2066 2258 79 24 before
2167 2256 63 25 their
2250 2258 71 30 sight,
2342 2265 39 16 see

1830 2295 65 24 them
1908 2293 95 24 become
2015 2291 132 25 emaciated
2166 2289 39 25 old
2216 2296 81 25 young
2317 2296 62 23 men,

1830 2327 90 25 broken
1927 2326 70 24 down
2006 2324 24 24 in
2041 2322 88 32 health,
2136 2322 131 30 enfeebled,
2277 2322 103 25 unfitted

1830 2361 37 24 for
1877 2361 42 22 the
1928 2357 74 25 battle
2009 2357 25 24 of
2041 2357 41 23 life
2093 2365 6 20 ;
2115 2358 40 29 yet
2167 2362 44 17 one
2225 2355 66 23 word
2303 2355 77 30 might

1830 2400 54 18 save
1910 2390 71 31 them,
2011 2395 45 19 one
2084 2387 78 27 sound
2191 2387 46 24 and
2268 2387 110 31 vigorous

1830 2423 193 31 healthy-giving
2031 2421 70 25 letter
2109 2422 60 24 from
2181 2429 11 17 a
2205 2419 96 26 medical
2312 2428 64 23 man,

1829 2456 138 27 habituated
1999 2459 25 22 to
2038 2454 41 25 the
2101 2456 127 23 treatment
2255 2452 46 25 and
2319 2460 43 17 con-

1828 2492 98 24 tinuous
1938 2488 149 33 supervision
2102 2487 26 25 of
2139 2487 58 24 such
2209 2493 64 18 cases
2296 2485 79 25 would

1829 2525 24 23 in
1865 2525 61 23 most
1936 2522 125 25 instances,
2073 2520 98 25 succeed
2192 2519 25 24 in
2228 2519 105 30 warding
2343 2519 36 24 off

1828 2557 42 24 the
1882 2554 136 33 impending
2026 2554 70 24 doom
2115 2551 27 26 of
2152 2561 14 15 a
2187 2550 121 26 miserable
2330 2552 48 24 and

1829 2589 94 30 gloomy
1936 2588 88 25 future,
2035 2586 47 24 and
2094 2586 33 30 by
2140 2584 150 31 appropriate
2300 2587 64 21 treat-

1828 2623 64 22 ment
1903 2622 92 22 restore
2004 2618 40 24 the
2055 2616 127 26 enervated
2205 2617 88 30 system
2307 2618 26 21 to
2346 2615 32 24 its

1828 2653 94 26 natural
1936 2653 74 31 vigor,
2023 2649 45 26 and
2093 2657 86 18 ensure
2192 2656 14 18 a
2224 2648 88 33 joyous
2329 2648 47 27 and

1827 2689 80 31 happy
1917 2686 49 24 life.

1858 2721 35 25 Dr
1903 2719 29 25 L.
1952 2718 29 25 L.
2005 2715 116 31 SMITH,
2134 2715 25 26 of
2171 2715 149 30 Melbourne,
2333 2715 45 27 has

1828 2754 68 24 made
1918 2752 41 25 the
1990 2750 99 25 diseases
2108 2749 26 24 of
2147 2749 76 31 youth
2246 2748 47 24 and
2310 2748 68 23 those

1828 2786 88 30 arising
1953 2782 129 26 therefrom
2105 2781 37 24 his
2166 2780 102 32 peculiar
2296 2779 79 32 study.

1830 2819 45 24 His
1898 2817 78 25 whole
2001 2813 153 34 professional
2185 2813 40 24 life
2250 2812 43 25 has
2319 2812 59 25 been

1829 2849 125 35 especially
1974 2847 102 27 devoted
2096 2849 24 23 to
2134 2846 40 25 tin?
2199 2846 129 24 treatment
2353 2844 25 26 of

1828 2886 111 24 Nervous
1966 2881 130 27 Affections
2128 2879 46 26 and
2199 2879 40 25 the
2270 2878 108 25 Diseases

1828 2916 129 25 incidental
1975 2918 25 20 to
2022 2914 107 22 Married
2154 2912 60 24 Life;
2255 2911 46 24 His
2322 2910 58 27 skill

1829 2949 20 25 is
1865 2946 116 27 available
1993 2948 25 22 to
2033 2944 93 24 all—no
2145 2945 88 25 matter
2242 2942 53 24 how
2307 2948 72 25 many

1830 2982 123 27 hundreds
1964 2980 25 26 of
2009 2978 66 28 miles
2090 2978 95 26 distant.
2220 2976 46 27 His
2289 2978 89 31 system,

1830 3017 27 24 of
1866 3015 197 28 correspondence
2071 3012 32 31 by
2115 3012 71 23 letter
2197 3011 20 23 is
2227 3018 53 16 now
2288 3017 29 16 so
2328 3009 52 24 well

1830 3046 123 35 organised
1984 3045 47 25 and
2054 3044 96 31 known,
2185 3043 52 25 that
2261 3044 119 25 comment

1830 3081 79 25 would
1929 3081 29 23 be
1974 3076 226 34 superfluous—(by
2227 3076 48 24 this
2298 3082 81 16 means:

1830 3122 73 24 many
1924 3111 132 26 thousands
2071 3110 25 24 of
2114 3109 104 32 patients
2239 3109 60 23 have
2318 3107 60 24 been

1830 3148 78 29 cured,
1919 3147 77 23 whom
2006 3144 29 24 he
2047 3143 42 25 has
2102 3150 72 18 never
2185 3149 55 17 seen
2251 3140 47 24 and
2306 3147 73 17 never

1830 3180 111 30 known);
1960 3178 46 25 and
2018 3178 19 23 it
2051 3176 20 24 is
2083 3175 90 25 carried
2188 3182 31 16 on
2238 3172 55 25 with
2320 3173 58 24 such

1828 3213 119 32 judicious
1961 3209 149 32 supervision
2123 3208 53 23 that
2187 3206 89 30 though
2291 3205 30 24 he
2336 3205 43 25 has

1831 3249 56 20 been
1910 3243 127 33 practising
2049 3241 48 24 this
2118 3239 88 26 branch
2221 3238 25 25 of
2266 3237 37 25 his
2322 3244 42 24 pro-

1829 3277 88 26 fession
1940 3276 36 26 for
1999 3272 146 40 twenty-six
2166 3279 69 25 years
2259 3270 25 25 in
2310 3269 68 25 these

1828 3312 110 28 colonies,
1952 3317 30 18 no
1993 3307 74 33 single
2078 3307 104 24 instance
2201 3304 29 25 of
2246 3302 131 27 accidental

1828 3345 124 28 discovery
1962 3342 42 24 has
2011 3348 55 16 ever
2081 3342 41 28 yet
2133 3337 130 31 happened-
2297 3335 79 24 When

1828 3377 126 23 medicines
1978 3380 38 17 are
2041 3371 116 31 required,
2182 3370 67 22 these
2272 3375 38 17 are
2329 3367 36 23 for-

1829 3408 94 26 warded
1949 3407 25 24 in
2006 3405 41 25 the
2077 3411 63 17 same
2166 3400 89 27 careful
2279 3407 97 18 manner

1829 3441 101 25 without
1941 3448 14 16 a
1967 3436 133 34 possibility
2112 3436 26 24 of
2159 3434 41 26 the
2219 3435 107 23 contents
2348 3433 26 24 of

1828 3475 41 23 the
1881 3472 89 32 parcels
1985 3470 69 31 being
2065 3467 143 26 discovered.
2246 3465 68 25 Plain
2327 3466 49 23 and

1828 3508 62 24 clear
1901 3504 126 26 directions
2043 3507 142 24 accompany
2208 3498 67 25 these
2295 3497 82 29 latter,

1828 3539 46 26 and
1883 3538 40 25 the
1934 3544 55 17 cure
1997 3536 19 23 is
2027 3533 97 26 effected
2143 3531 101 26 without
2261 3537 58 17 even
2333 3530 43 24 the

1827 3571 123 33 physician
1962 3568 112 29 knowing
2084 3566 52 24 who
2148 3565 20 24 is
2182 3564 36 25 his
2233 3563 97 32 patient.

1856 3604 34 23 To
1917 3603 58 23 Men
1998 3600 48 24 and
2059 3593 106 29 'Women
2186 3596 56 24 with

1825 3637 71 23 down
1920 3631 182 29 Constitutions,
2128 3629 41 24 the
2190 3629 117 28 Nervous,
2331 3627 43 23 the

1826 3666 152 29 Debilitated,
1994 3666 47 24 and
2062 3663 31 25 all
2118 3661 112 31 suffering
2249 3660 61 24 from
2326 3666 48 24 any

1825 3702 89 23 disease
1928 3699 126 25 whatever,
2079 3696 36 25 Dr
2134 3695 28 24 L.
2190 3694 26 25 L.
2240 3692 133 25 SMITH'S

1825 3733 54 32 plan
1912 3731 26 25 of
1974 3730 128 24 treatment
2137 3726 134 23 commends
2301 3724 72 30 itself,

1824 3765 119 30 avoiding,
1955 3771 25 16 as
2003 3762 19 23 it
2039 3761 64 30 does,
2129 3759 41 25 the
2192 3758 182 25 inconvenience

1823 3799 47 23 and
1881 3803 102 24 expense
1994 3794 26 24 of
2031 3801 13 17 a
2061 3792 108 32 personal
2179 3791 64 24 visit.

1853 3845 133 24 Address—

1956 3893 54 25 DR.
2025 3892 28 25 L.
2072 3892 28 24 L;
2123 3890 114 31 SMITH,

1852 3935 45 26 182,
1933 3930 132 26 COLLINS
2094 3928 119 24 STREET
2244 3928 87 28 EAST,

1996 3965 202 29 MELBOURNE,

1821 4012 70 32 (Late
1907 4010 40 26 the
1969 4007 131 29 Residence
2119 4005 26 27 of
2169 4005 42 29 the
2234 4005 138 27 Governor.

1882 4078 165 27 Consultation
2058 4078 47 24 Fee
2117 4076 33 31 by
2169 4075 91 30 Letter,
2270 4076 44 25 £l.

1901 4135 137 28 ANTED
2070 4133 125 25 KNOW
2205 4133 118 26 N—That
2335 4135 43 24 the

1932 4168 159 31 undersigned
2102 4167 20 24 is
2133 4175 14 17 a
2163 4167 63 25 Cash
2244 4167 133 25 Purchaser

1823 4205 23 23 of
1856 4203 89 25 Rabbit
1957 4202 71 24 Skins
2044 4201 47 25 and
2110 4201 64 25 Goat
2185 4201 193 26 Skins.—Jade?

1824 4237 110 27 Bubton,
1966 4234 144 24 Auctioneer
2143 4234 49 28 aqd
2220 4234 157 28 Commission

1824 4271 87 29 Agent,
1919 4267 140 31 Roxburgh.
