2440 4400
1249 1745 154 68 Mount
1434 1745 184 68 Benger
1649 1745 153 68 Mail.

1345 1857 96 22 JUST
1465 1857 72 22 AND
1561 1857 96 22 FEAR

1288 1911 221 29 WEDNESDAY,
1523 1913 101 25 APRIL
1636 1916 35 25 13,
1684 1915 65 24 1881.

1247 1970 33 24 So
1297 1970 185 30 unsatisfactory
1494 1969 20 23 is
1526 1970 41 24 the
1582 1976 95 27 present
1697 1973 103 30 position

1247 2003 28 23 of
1285 2002 87 30 affairs,
1385 2002 58 23 with
1461 2002 120 24 reference
1600 2005 26 22 to
1638 2003 40 25 the
1697 2005 103 31 recently

1247 2035 115 31 surveyed
1376 2034 120 31 township
1507 2038 25 21 at
1551 2035 93 25 Millers
1666 2036 61 29 Fiat,
1748 2038 52 24 that

1248 2076 33 16 we
1294 2067 45 25 feel
1355 2068 149 23 constrained
1524 2071 25 20 to
1561 2068 69 31 bring
1648 2069 42 24 the
1708 2070 92 30 subject

1245 2100 67 29 agaiu
1326 2099 77 25 under
1413 2099 41 24 the
1469 2100 136 30 prominent
1622 2109 16 15 n
1650 2103 50 22 rice
1713 2102 25 23 of
1748 2109 51 17 'our

1244 2131 94 23 r*ad£-r«
1367 2130 78 24 ZTTIw
1460 2133 84 18 cuurae
1563 2133 36 18 we
1621 2128 74 31 adopt
1755 2133 41 23 the

1241 2158 61 33 hope
1314 2157 53 27 that
1378 2158 42 26 the
1436 2159 118 26 attention
1565 2158 28 27 of
1600 2159 42 28 the
1657 2163 78 31 public
1747 2163 48 28 will

1241 2192 27 24 be
1290 2193 101 24 aroused
1407 2193 45 25 and
1474 2194 42 24 the
1529 2195 88 24 matter
1634 2195 48 25 will
1704 2196 30 26 be
1755 2205 38 17 re*

1239 2225 139 25 considered
1393 2226 47 24 aDd
1461 2225 113 26 rectified.
1615 2227 115 26 Whether
1753 2231 41 26 the

1240 2257 61 25 fault
1316 2259 42 22 lies
1374 2257 55 25 with
1443 2258 41 25 the
1496 2259 67 25 Land
1578 2259 81 27 Board
1671 2262 28 23 of
1708 2262 84 33 Otago,

1239 2298 27 16 or
1280 2291 57 25 with
1351 2291 41 25 the
1412 2292 101 26 General
1529 2293 165 25 Government
1707 2296 28 23 of
1751 2297 41 24 the

1239 2323 100 33 Colony,
1352 2331 27 17 or
1389 2324 59 24 both
1460 2325 134 32 combined,
1614 2333 28 18 or
1653 2327 58 25 with
1727 2337 65 18 some

1240 2364 45 15 one
1295 2365 28 15 or
1335 2357 69 24 other
1420 2358 25 22 of
1464 2358 43 23 tho
1526 2359 157 25 subordinate
1693 2361 98 30 officers,

1241 2396 33 16 we
1288 2388 61 26 have
1365 2392 43 21 not
1421 2389 41 24 the
1482 2397 82 17 means
1577 2391 26 26 of
1614 2392 116 31 deciding,
1746 2395 43 25 but

1241 2421 27 24 be
1280 2422 41 24 the
1332 2422 61 24 fault
1405 2422 56 24 with
1473 2423 77 24 whom
1563 2424 19 24 it
1595 2433 60 24 may,
1667 2426 20 24 it
1701 2427 21 23 is
1737 2429 38 23 evi-

1239 2454 60 25 dent
1317 2455 53 25 that
1499 2462 45 19 one
1566 2456 42 25 has

1239 2489 22 22 Jt
1272 2488 21 24 is
1303 2496 53 17 now
1368 2497 72 22 many
1460 2488 96 25 months
1574 2490 65 26 since
1657 2490 42 27 the
1711 2497 62 22 town-

1237 2520 54 32 ship
1302 2521 46 25 site
1363 2529 47 17 was
1422 2521 120 32 surveyed
1563 2522 32 32 by
1613 2524 42 25 the
1676 2525 111 26 Govern*

1236 2557 66 21 meat
1317 2561 86 23 survey
1416 2557 78 29 party,
1507 2554 77 25 under
1599 2555 42 26 the
1657 2558 87 33 charge
1764 2560 25 24 of

1238 2586 38 24 Mr
1297 2586 131 32 Langmuir
1443 2587 28 23 of
1480 2587 54 25 that
1548 2587 160 33 department.
1738 2593 51 25 The

1236 2618 66 24 Land
1315 2619 79 24 Board
1409 2619 170 34 subsequently
1590 2622 64 25 fixed
1666 2624 42 24 the
1720 2628 69 27 upset

1236 2651 64 30 price
1320 2653 24 22 at
1359 2652 50 24 £lO
1429 2659 42 24 per
1492 2660 54 17 acre
1567 2661 25 17 as
1605 2655 38 24 for
1664 2657 124 24 suburban

1235 2683 67 25 land.
1339 2683 54 24 The
1412 2683 185 26 determination
1617 2687 19 23 is
1649 2688 138 26 considered

1236 2715 30 29 by
1278 2715 67 25 those
1365 2715 51 25 best
1429 2716 114 31 qualified
1561 2720 25 22 to
1600 2718 85 31 judge,
1697 2721 47 23 and
1757 2721 30 30 by

1235 2747 68 24 those
1314 2747 53 25 who
1381 2747 60 24 have
1462 2748 61 24 been
1541 2749 101 25 anxious
1655 2754 25 21 to
1692 2760 38 17 see
1746 2753 41 25 the

1234 2779 58 26 land
1302 2780 93 32 opened
1408 2779 37 26 for
1458 2781 124 30 purchase,
1597 2782 48 25 and
1656 2786 25 22 to
1691 2785 95 26 become

1235 2812 88 29 buyers
1336 2812 47 26 and
1401 2813 104 28 settlers,
1525 2816 25 21 to
1568 2814 30 24 be
1612 2815 138 32 equivalent
1762 2822 25 21 to

1234 2851 30 17 an
1287 2844 109 25 absolute
1421 2843 156 33 prohibition.
1612 2848 50 25 .Not
1684 2857 15 17 a
1720 2851 64 25 word

1234 2876 49 26 will
1295 2877 28 26 be
1334 2877 50 26 said
1396 2877 58 26 here
1471 2878 24 25 in
1508 2878 190 33 disparagement
1708 2883 77 26 either

1233 2911 26 23 of
1278 2910 42 25 the
1343 2911 103 31 position
1460 2912 25 23 of
1504 2912 42 25 the
1566 2914 120 32 township
1704 2923 28 18 or
1743 2917 41 25 the

1233 2944 94 31 quality
1342 2943 28 25 of
1388 2943 41 25 the
1455 2944 44 24 soil
1513 2952 6 22 ;
1544 2944 50 31 but,
1607 2954 31 16 on
1653 2947 42 25 the
1716 2949 69 25 other

1234 2976 72 29 hand,
1324 2976 69 24 those
1414 2976 81 28 points
1518 2984 39 17 are
1579 2977 59 26 both
1653 2979 131 33 important

1234 3008 87 25 factors
1334 3008 25 25 in
1370 3008 106 32 arriving
1485 3011 26 23 at
1519 3017 31 18 an
1558 3015 109 22 accurate
1676 3014 108 25 estimate

1232 3040 29 24 of
1267 3040 42 25 the
1323 3048 87 24 proper
1422 3044 70 28 upset
1503 3043 63 30 price
1579 3044 25 23 of
1616 3044 41 25 the
1673 3046 107 25 sections.

1233 3074 32 23 At
1276 3073 41 25 the
1331 3073 46 27 last
1391 3074 104 32 meeting
1513 3075 24 25 of
1556 3074 40 27 the
1612 3076 70 26 Land
1693 3078 88 33 Board,

1234 3106 39 23 Mr
1285 3106 103 25 Roberts
1399 3106 76 24 stated
1487 3108 24 24 in
1523 3116 14 16 a
1546 3109 96 25 written
1649 3114 116 23 communi-

1231 3138 89 30 cation,
1332 3138 54 23 that
1405 3146 31 16 on
1455 3139 41 24 the
1508 3144 53 26 part
1574 3141 28 24 of
1611 3142 41 24 the
1665 3143 74 25 lessee
1753 3146 29 23 he

1232 3170 46 25 had
1300 3171 88 32 agreod
1414 3175 26 22 to
1462 3172 41 26 the
1525 3174 155 27 cancellation
1702 3177 30 24 of
1742 3178 41 25 the

1231 3204 62 24 lease
1307 3212 32 16 on
1351 3206 42 22 the
1405 3205 190 33 understanding
1607 3207 52 25 that
1675 3210 40 24 the
1727 3211 55 25 land

1230 3236 86 25 should
1328 3238 30 23 be
1370 3241 103 28 exposed
1491 3241 25 21 at
1534 3238 41 26 the
1594 3244 70 28 upset
1682 3243 64 31 price
1758 3244 28 25 of

1231 3271 35 23 £3
1279 3278 43 23 per
1333 3278 61 21 acre,
1407 3270 92 25 instead
1516 3272 25 24 of
1555 3272 77 26 which
1651 3275 41 26 the
1704 3276 77 26 Board

1230 3302 48 24 had
1294 3302 62 26 fixed
1375 3303 41 24 the
1434 3304 65 29 price
1511 3308 25 20 at
1555 3305 60 25 £lO.
1648 3307 25 26 It
1695 3309 20 23 is
1728 3309 53 32 just

1230 3334 103 31 possible
1356 3334 51 25 that
1430 3335 63 25 since
1514 3336 42 25 the
1576 3337 62 26 lease
1660 3348 46 17 was
1727 3350 39 17 can-

1228 3366 76 25 celled
1325 3366 44 32 (on
1392 3367 41 25 the
1454 3368 189 34 understanding
1665 3381 34 17 we
1720 3374 61 26 have

1229 3400 148 31 mentioned)
1401 3401 99 24 another
1530 3402 59 33 king
1602 3403 43 26 has
1662 3407 77 24 arisen
1755 3408 25 25 in

1228 3432 82 30 Egypt
1323 3432 52 24 who
1389 3433 80 24 knows
1485 3438 42 19 not
1542 3430 100 36 Joseph,
1662 3440 47 22 and
1727 3440 53 23 that

1228 3464 48 24 this
1288 3471 51 18 new
1352 3464 57 32 king
1417 3472 54 25 may
1483 3465 92 25 decline
1586 3469 25 22 to
1622 3471 121 31 recognise
1753 3480 26 16 as

1227 3496 100 33 binding
1350 3506 32 17 on
1404 3497 50 28 him
1473 3499 40 25 the
1537 3501 75 25 moral
1636 3502 144 33 obligations

1227 3530 140 26 incumbent
1389 3539 31 16 on
1445 3532 37 23 his
1511 3534 158 28 predecessor.
1716 3537 62 24 That

1226 3561 60 23 view
1308 3562 80 24 would
1407 3562 105 31 explain,
1527 3563 19 24 if
1556 3564 19 23 it
1593 3565 40 23 did
1656 3569 43 21 not
1713 3569 53 24 suffi-

1226 3592 90 34 ciently
1340 3600 93 26 excuse,
1455 3594 42 27 the
1510 3600 115 29 apparent
1650 3598 85 29 breach
1753 3601 27 27 of

1226 3628 71 25 faith.
1329 3628 57 31 But,
1409 3629 112 27 however
1535 3630 54 26 that
1610 3641 55 23 may
1684 3635 36 29 be,
1741 3645 36 16 we

1225 3668 69 17 recur
1305 3664 25 21 to
1337 3661 133 26 this—that
1479 3663 41 24 the
1530 3664 61 24 lease
1601 3673 45 17 was
1656 3668 119 26 cancelled

1225 3699 30 18 on
1280 3701 14 16 a
1319 3694 100 25 distinct
1444 3694 198 35 understanding,
1666 3698 53 27 that
1732 3700 42 25 the

1223 3732 105 24 expense
1339 3726 29 24 of
1381 3734 13 17 a
1415 3734 87 25 survey
1519 3731 46 22 and
1578 3730 68 30 plans
1657 3730 42 26 has
1716 3732 58 26 been

1223 3757 118 31 incurred,
1351 3759 47 24 and
1411 3758 52 26 that
1472 3760 95 25 settlers
1582 3769 40 17 are
1633 3763 73 32 ready
1716 3765 58 26 with

1223 3789 159 35 their'money
1394 3794 25 23 to
1429 3793 56 25 take
1494 3801 33 23 up
1535 3794 103 26 sections
1646 3798 47 24 and
1706 3798 67 26 build

1222 3831 66 22 upon
1300 3824 47 24 and
1369 3824 126 26 otherwise
1511 3826 106 31 improve
1641 3830 67 24 those
1724 3839 49 16 seci

1222 3856 72 29 tions,
1306 3856 19 24 if
1333 3857 58 31 only
1402 3857 41 23 the
1454 3857 165 26 Government
1631 3861 46 24 will
1687 3862 71 27 honor-

1221 3887 56 33 ably
1288 3896 68 24 carry
1370 3892 42 22 out
1424 3889 40 25 the
1476 3890 128 32 obligation
1616 3893 59 32 they
1685 3896 87 26 under-
1785 3886 3 39 I

1221 3922 58 22 took
1301 3921 67 27 when
1391 3922 42 24 the
1444 3922 64 26 lease
1528 3931 47 18 was
1589 3927 126 27 cancelled,
1749 3930 20 25 ft
1784 3920 3 37 |

1222 3960 45 16 was
1277 3953 79 25 stated
1367 3957 24 21 at
1405 3955 40 24 the
1459 3955 87 29 Board,
1558 3957 52 25 that
1624 3958 42 25 the
1677 3960 56 26 land
1749 3963 21 24 is
1784 3953 2 34 I

1219 3991 53 18 now
1283 3992 13 17 a
1304 3988 68 29 great
1381 3988 114 26 nuisance
1504 3991 25 23 to
1540 3989 41 25 the
1598 3992 82 32 people
1691 3993 26 26 in
1728 3995 41 25 the

1219 4016 181 34 neighborhood
1416 4019 47 26 and
1479 4021 80 25 would
1582 4026 91 24 remain
1687 4035 26 17 so
1730 4028 38 25 till

1216 4048 20 27 it
1247 4057 48 18 was
1316 4051 61 26 sold.
1407 4052 51 25 The
1473 4052 78 26 Board
1563 4054 79 31 know,
1658 4059 20 23 if
1690 4060 65 27 afore-

1215 4081 58 25 time
1286 4082 60 31 they
1368 4091 60 17 were
1450 4084 116 33 ignorant,
1588 4089 25 23 of
1626 4089 42 25 the
1682 4092 71 25 under-

1214 4113 116 33 standing
1341 4122 31 16 on
1384 4116 77 24 which
1474 4118 41 23 the
1527 4121 151 24 cancellation
1689 4124 29 23 of
1725 4125 42 24 the

1212 4143 63 27 lease
1294 4145 59 25 took
1367 4146 73 33 place,
1454 4149 45 25 and
1513 4151 25 24 of
1553 4151 42 25 the
1611 4157 156 28 exasperated
1779 4143 3 45 |

1211 4177 101 32 feelings
1334 4178 77 27 which
1428 4189 53 19 now
1494 4184 90 30 prevail
1600 4191 108 27 amongst
1724 4188 41 30 the

1210 4214 130 28 expectant
1363 4212 171 29 householders
1558 4217 54 26 who
1634 4221 90 30 persist
1739 4223 24 23 in
1777 4209 3 42 I

1208 4243 84 31 seeing
1302 4244 26 26 in
1347 4244 43 26 the
1408 4245 100 29 Board's
1520 4250 79 25 action
1619 4259 31 18 an
1661 4255 102 29 attempt
1770 4247 9 37 /

1825 149 3 33 !
1841 155 25 21 to
1878 151 88 25 thwart
1976 150 42 25 the
2030 150 95 25 natural
2133 149 84 24 wishes
2228 150 25 23 of
2262 149 40 25 the
2311 150 84 32 people

1825 179 42 37 |to
1900 192 94 25 possess
2016 192 13 15 a
2057 183 70 24 share
2151 183 123 31 (however
2299 183 95 25 humbie

1826 215 1 29 !
1841 218 52 23 that
1905 217 82 27 share)
2000 216 27 23 of
2038 215 94 24 mother
2144 216 78 28 earth,
2241 215 47 23 and
2304 216 53 24 that
2368 216 26 24 in

1826 247 1 33 |
1841 257 13 17 a
1867 249 96 31 locality
1978 249 76 24 which
2072 248 43 25 has
2130 247 102 29 become,
2252 247 60 24 from
2325 256 68 24 years

1825 281 44 27 lof
1882 282 121 24 residence
2023 282 74 28 there,
2121 289 13 15 a
2147 280 86 24 second
2247 278 77 26 home.
2369 280 24 23 It

1825 310 2 38 j
1842 314 41 25 has
1905 314 94 33 already
2026 315 59 23 been
2110 311 98 34 pointed
2234 316 43 21 out
2305 312 23 25 in
2350 320 42 17 our

1825 346 2 40 j
1840 350 107 24 columns
1958 349 53 25 that
2022 348 40 25 the
2080 351 69 28 upset
2164 346 64 34 price
2241 347 19 24 is
2280 346 112 32 absurdly

1825 381 2 33 !
1841 383 65 31 high,
1921 383 47 26 and
1979 386 58 21 such
2048 390 26 16 as
2088 386 24 19 to
2123 384 97 28 operate
2239 388 26 16 as
2277 387 30 17 an
2326 381 55 23 effec-

1825 411 2 41 |
1839 416 49 24 tive
1900 417 42 24 bar
1952 419 25 21 to
1987 414 146 30 settlement,
2147 415 52 22 that
2212 412 70 32 being
2293 412 99 26 covered

1825 445 2 40 j
1840 449 57 24 with
1912 449 70 24 scrub
1996 449 45 24 and
2054 447 47 25 flax
2121 447 19 24 it
2159 446 47 24 will
2222 446 28 24 be
2263 445 140 32 expensive,

1840 486 24 20 to
1873 482 69 31 clear,
1952 482 47 24 and
2008 482 90 24 instead
2108 481 24 23 of
2140 480 52 25 £lO
2201 487 30 16 an
2241 487 60 21 acre,
2313 473 82 30 woulit

1824 511 2 34 j
1841 516 28 25 be
1879 515 58 25 dear
1952 518 24 21 at
1989 514 50 24 half
2052 514 54 24 that
2126 513 71 32 price,
2212 511 47 25 and
2278 512 46 31 (we
2337 518 55 24 may

1839 548 46 26 add
1897 551 62 25 now)
1971 548 52 25 that
2041 547 57 31 they
2109 555 39 16 see
2160 554 32 17 no
2203 551 82 19 reason
2297 546 37 23 for
2345 544 31 25 Go-

1839 584 125 21 verument
1991 584 43 20 not
2053 579 116 30 adhering
2192 583 26 19 to
2239 579 41 22 the
2303 578 74 23 under-

1838 613 114 32 standing
1963 612 51 27 that
2026 612 41 25 the
2084 611 55 25 land
2159 610 87 25 should
2263 610 28 24 be
2302 612 45 28 put
2358 617 33 22 up

1838 650 25 22 at
1884 645 36 27 £3
1942 654 29 16 an
1990 652 61 19 acre.
2083 644 29 26 In
2134 644 41 25 the
2196 642 52 26 first
2270 641 65 34 place
2358 650 32 17 we

1840 681 76 23 would
1934 680 68 31 point
2014 683 43 20 out
2074 680 52 23 that
2144 677 57 25 such
2224 684 47 17 was
2293 676 42 24 the
2354 683 24 16 ar-

1839 715 136 29 rangement
1989 712 68 24 when
2071 712 40 24 the
2130 710 60 26 lease
2205 717 48 17 was
2264 708 125 28 cancelled,

1839 746 54 24 that
1911 752 73 23 many
2011 752 99 24 persons
2135 744 100 23 anxious
2258 746 25 20 to
2295 741 94 32 acquire

1839 778 100 24 sections
1951 777 59 25 have
2023 778 57 24 been
2091 776 98 31 looking
2201 776 99 23 forward
2312 778 27 19 to
2351 774 39 23 the

1839 810 191 29 understanding
2053 809 69 29 being
2147 807 134 30 honorably
2305 807 70 29 imple-

1839 842 103 30 mented,
1954 842 47 24 and
2011 849 39 17 are
2059 840 92 33 greatly
2163 839 59 33 (and
2231 847 26 18 as
2269 846 32 18 we
2312 838 77 29 think,

1841 876 132 32 naturally)
1987 874 108 32 annoyed
2108 873 53 26 that
2175 873 59 25 such
2250 872 86 26 should
2348 877 41 19 not

1839 912 28 22 be
1878 911 69 24 done.
1980 908 85 30 Again,
2081 908 18 23 it
2112 908 20 23 is
2140 906 80 31 surely
2230 906 71 25 much
2314 906 75 23 better

1838 943 52 24 that
1902 943 42 23 the
1954 941 57 25 land
2025 939 86 25 should
2130 939 28 25 be
2171 939 88 24 settled
2276 941 23 21 at
2311 938 37 24 £3
2360 944 30 16 an

1837 984 60 21 acre,
1910 975 58 24 than
1980 972 99 26 allowed
2091 975 25 22 to
2123 971 91 25 remain
2227 972 13 13 M
2251 971 84 24 barren
2344 969 47 24 and

2020 1005 47 25 and
2091 1005 108 31 yielding
2214 1012 32 16 no
2269 1007 84 21 return
2366 1005 23 21 at

1823 1036 2 34 i
1838 1041 38 25 all.
1907 1039 51 26 The
1970 1040 61 30 duty
2042 1039 25 23 of
2079 1046 46 24 any
2138 1037 46 26 and
2196 1044 71 25 every
2279 1036 110 25 Govern*

1839 1077 65 21 ment
1915 1074 20 24 is
1947 1077 41 20 too
2000 1073 64 30 plain
2081 1073 26 22 to
2125 1071 74 24 admit
2212 1070 25 24 of
2255 1072 133 28 argument.

1823 1095 2 46 I
1838 1108 22 23 G
1868 1107 144 24 )vernmenta
2032 1112 40 16 are
2094 1103 81 24 bound
2191 1110 31 17 on
2241 1110 74 23 every
2339 1106 52 21 true

1824 1134 2 39 |
1839 1139 113 32 principle
1963 1139 29 23 of
1999 1136 183 31 statesmanship
2194 1135 46 25 and
2259 1135 68 25 truth
2343 1134 47 25 and

1824 1168 2 36 I
1837 1173 87 31 justice
1944 1174 25 21 to
1992 1169 58 24 hold
2071 1172 43 20 out
2138 1171 211 27 encouragements
2365 1168 26 22 ia

1839 1207 66 22 favor
1916 1204 26 24 of
1954 1204 41 23 the
2022 1202 137 23 settlement
2185 1202 26 23 of
2238 1202 41 22 the
2305 1202 86 28 people

1838 1246 64 25 upon
1911 1237 40 24 the
1962 1233 52 28 soil.
2029 1233 79 25 There
2119 1234 20 24 is
2149 1241 30 17 an
2188 1233 40 25 old
2237 1236 67 29 story
2313 1232 77 24 which

1837 1272 55 24 tells
1904 1270 29 25 of
1939 1279 14 15 a
1966 1267 105 27 Scottish
2084 1267 151 31 Highlander
2252 1266 53 24 who
2319 1275 45 15 was
2377 1275 15 14 a

1837 1305 66 29 great
1926 1301 99 26 chartist
2051 1300 47 27 and
2120 1300 97 24 leveller
2238 1299 24 24 in
2286 1298 105 33 politics.

1838 1337 38 25 He
1887 1335 117 32 migrated
2015 1333 159 29 southwards,
2187 1333 47 24 and
2246 1333 62 24 after
2319 1341 72 21 many

1837 1377 67 23 years
1919 1367 124 26 re-visited
2055 1367 37 23 his
2106 1366 81 23 native
2198 1365 62 30 glen.
2295 1365 36 23 He
2343 1373 46 15 was

1838 1402 56 25 then
1921 1400 75 27 found
2017 1401 26 23 to
2064 1399 61 25 have
2137 1397 143 32 completely
2299 1397 90 25 altered

1837 1435 37 23 his
1886 1435 90 23 former
1986 1432 104 31 political
2105 1431 110 30 opinions
2225 1431 47 23 aud
2287 1433 25 21 to
2330 1431 61 23 have

1837 1467 93 24 become
1952 1463 124 30 decidedly
2095 1462 179 24 Conservative.
2308 1462 82 24 When

1835 1498 140 33 questioned
1990 1497 32 32 by
2034 1496 37 25 his
2091 1494 41 27 old
2147 1494 98 27 friends,
2266 1494 79 27 whom
2358 1496 31 25 ha

1836 1533 75 24 found
1928 1540 26 16 as
1975 1529 216 33 poverty-stricken
2205 1529 48 24 and
2271 1529 96 25 Commu-

1834 1565 70 25 nistic
1917 1571 25 18 as
1954 1571 63 22 ever,
2030 1563 30 24 he
2217 1561 37 25 Oh
2266 1562 5 24 !
2287 1561 50 25 I've
2348 1566 40 26 got

1833 1607 13 16 a
1855 1607 42 16 coo
1998 1596 55 25 And
2069 1603 32 17 no
2109 1595 77 25 doubt
2196 1594 48 26 this
2254 1595 136 32 possessing

1834 1639 11 16 a
1857 1639 40 15 coo
1909 1630 47 24 will
1968 1630 61 23 have
2041 1636 14 15 a
2067 1635 56 23 very
2135 1627 130 31 important
2276 1627 69 24 effect
2357 1636 32 16 on

1834 1663 40 25 the
1890 1663 82 24 future
1993 1661 25 25 of
2032 1667 71 24 many
2121 1660 29 24 of
2163 1661 40 22 the
2219 1667 55 17 now
2288 1659 98 32 floating

1834 1695 147 33 population,
1993 1693 48 28 and
2062 1693 104 30 through
2185 1693 67 23 them
2269 1700 63 24 upon
2344 1694 44 24 tha

1835 1729 79 26 future
1928 1728 51 27 well
1996 1728 71 32 being
2079 1726 28 26 of
2116 1727 41 25 the
2169 1726 93 32 Colony
2273 1731 25 20 at
2308 1727 73 31 large.

1832 1764 51 23 The
1904 1763 55 24 land
1982 1762 26 24 in
2031 1761 111 31 question
2165 1761 19 22 is
2206 1761 100 23 covered
2326 1762 60 24 with

1832 1795 72 25 scrub
1930 1795 48 24 and
2002 1794 46 26 flax
2074 1793 47 24 and
2145 1793 49 24 will
2209 1792 55 24 take
2285 1801 14 15 a
2322 1793 67 31 largo

1832 1830 98 23 amount
1942 1828 28 23 of
1978 1835 85 23 money
2072 1830 25 20 to
2108 1827 67 24 clear.
2210 1825 26 24 It
2246 1826 21 23 is
2276 1826 37 24 far
2323 1827 64 24 from

1832 1869 46 21 any
1893 1860 96 30 railway
2003 1861 106 29 (present
2122 1867 27 15 or
2164 1859 159 30 prospective)
2338 1860 49 24 and

1832 1896 42 21 not
1888 1893 141 25 convenient
2041 1895 24 20 to
2076 1900 47 22 any
2139 1892 107 28 market;
2264 1891 43 24 but
2325 1892 19 23 it
2365 1892 20 23 is

1831 1926 55 24 land
1903 1926 74 24 which
1990 1932 118 24 possesses
2125 1931 71 24 many
2210 1924 139 24 attractions
2361 1924 25 26 in

1831 1959 41 24 the
1883 1967 55 23 eyes
1961 1959 28 24 of
2007 1966 71 22 many
2092 1957 25 24 of
2132 1957 40 24 the
2194 1957 84 31 people
2299 1958 24 24 in
2340 1959 43 23 the

1831 1992 107 30 vicinity,
1950 1991 53 24 who
2018 1990 77 23 would
2109 1990 91 30 readily
2217 1990 94 24 become
2323 1999 57 21 pur«

1829 2025 93 24 chasers
1935 2026 24 22 at
1970 2023 36 26 £3
2017 2030 31 16 an
2058 2030 61 16 acre.
2163 2022 22 24 A
2200 2023 142 30 deputation
2353 2031 28 16 or

1829 2057 101 29 petition
1953 2060 26 19 to
1993 2056 41 23 the
2060 2054 67 25 Land
2152 2055 79 24 Board
2246 2055 80 24 would
2349 2064 31 15 no
2398 2074 11 2 ■■

1827 2089 77 25 doubt
1919 2089 60 24 have
1995 2096 13 15 a
2024 2095 59 24 very
2100 2087 120 24 beneficial
2239 2087 76 30 effjct,
2325 2089 57 25 sxtiA
2396 2098 12 4 -

1827 2126 34 19 tn»
1873 2124 102 27 Mtiggaot
1984 2119 61 25 Ikzt
2067 2126 84 16 :.'?ars*
2173 2119 232 26 tff-fiieTiV'tileia_-

1824 2150 55 27 Flat
1891 2150 84 34 people
1985 2151 24 26 in
2020 2150 41 26 the
2075 2151 132 26 meantime.

1822 2224 113 25 Several
1943 2225 54 31 subj
2004 2229 45 20 icts
2057 2225 101 30 ofgreat
2167 2225 58 23 loctl
2233 2225 149 31 importance

1822 2264 61 19 were
1893 2257 66 25 deaft
1975 2258 57 24 with
2046 2260 24 22 at
2084 2257 45 25 last
2147 2258 108 30 Friday's
2273 2261 104 27 meeting

1821 2291 25 24 of
1869 2291 43 23 the
1932 2291 118 29 Tuapeka
2063 2291 97 31 County
2185 2291 195 27 Council.—The

1823 2323 52 31 Dog
1885 2323 137 31 Registrars
2039 2324 62 25 have
2118 2323 59 25 been
2199 2325 132 24 instituted
2350 2332 27 19 to

1821 2356 56 24 take
1888 2357 137 23 immediate
2037 2358 155 29 proceedings
2204 2358 37 22 for
2260 2364 116 26 re;ovdry
2413 2356 4 34 ,

1802 2388 4 40 [
1820 2388 28 24 of
1859 2388 165 32 dog-taxes.—
2028 2388 53 25 Tue
2100 2389 79 24 aciou
2197 2391 25 22 of
2234 2392 41 22 the
2288 2390 88 27 Mount

1803 2415 3 41 {
1822 2422 93 30 Benger
1926 2422 160 30 Convuouage
2101 2422 141 26 Committee
2262 2431 48 17 was
2332 2433 28 22 ap-

1802 2447 4 46 j
1819 2455 97 31 proved,
1933 2462 31 17 on
1982 2455 40 24 the
2039 2455 92 25 motion
2151 2455 29 24 of
2198 2455 39 25 Mr
2258 2456 116 33 Mervyn.

1820 2488 38 24 Mr
1868 2488 118 25 Murdoch
1995 2489 98 24 Gordon
2106 2490 107 24 bocomes
2223 2490 40 23 the

1816 2521 47 24 and
1888 2521 40 24 Mr
1951 2521 95 25 Gideon
2069 2521 79 26 Smith
2169 2523 83 22 retires
2274 2530 62 24 upon
2359 2533 15 15 a

1817 2552 105 26 month's
1932 2553 87 26 notice.
2050 2554 97 24 Several
2164 2555 117 23 members
2295 2556 28 23 of
2331 2556 44 24 the

1816 2586 101 26 Council
1936 2587 75 30 spoke
2033 2587 25 24 in
2077 2587 159 31 appreciative
2250 2591 71 21 terrm
2346 2591 25 22 of

1818 2619 39 24 Mr
1868 2620 98 26 Smith's
1982 2621 111 28 servioes,
2109 2620 77 25 which
2207 2620 59 32 they
2283 2621 89 25 wished

1816 2652 115 31 retained,
1946 2652 45 24 but
2009 2652 40 24 Mr
2065 2652 94 24 Bennet
2171 2652 127 26 intimated
2317 2656 54 22 that

1817 2683 39 24 Mr
1872 2684 79 24 Smith
1968 2683 78 26 would
2063 2686 43 22 not
2122 2693 53 16 care
2192 2688 26 21 to
2238 2688 38 21 act
2294 2686 77 24 under

1816 2715 40 24 the
1867 2716 151 24 Committee.
2053 2717 40 22 Mr
2102 2717 87 23 Brown
2198 2718 57 23 took
2262 2720 107 23 occasion

1816 2752 24 19 to
1849 2747 155 33 compliment
2017 2748 43 25 Mr
2071 2748 102 32 Mervyu
2183 2756 30 17 on
2223 2749 38 24 his
2294 2751 58 31 bury-

1814 2780 40 30 ing
1864 2781 42 24 the
2070 2780 44 25 We
2125 2782 62 30 hope
2197 2782 38 24 his
2246 2786 107 26 magnani-

1814 2820 67 15 mous
1891 2814 104 23 conduct
2006 2814 47 23 will
2063 2814 53 23 lead
2125 2817 25 19 to
2160 2813 208 33 hatchetiburying

1813 2844 25 25 in
1863 2845 41 24 the
1917 2845 100 25 Council
2039 2845 331 34 generally.—Twenty-four

1812 2877 156 32 applications
2009 2887 58 16 were
2109 2879 108 25 received
2256 2881 38 23 for
2326 2883 44 23 the

1813 2911 155 31 depasturing
1980 2912 26 24 of
2018 2911 68 25 stock
2100 2919 31 16 on
2146 2913 40 24 the
2203 2919 161 25 commonage.

1812 2943 72 25 —All
1903 2944 41 24 the
1956 2952 86 23 money
2062 2944 114 25 collected
2194 2948 25 20 at
2232 2944 41 24 the
2292 2951 73 25 punts

1811 2975 87 31 during
1913 2976 41 24 the
1968 2977 92 28 month,
2080 2980 84 28 except
2180 2985 14 16 a
2210 2985 64 16 mere
2293 2977 71 33 trifle,

1813 3015 45 17 was
1870 3009 108 24 received
1988 3011 25 22 at
2028 3010 131 30 Roxburgh
2171 3013 70 28 punt.
2274 3010 58 24 This
2345 3019 21 16 is

1811 3049 13 15 a
1832 3041 47 23 fact
1894 3043 24 23 to
1930 3041 77 25 which
2018 3049 37 17 wo
2067 3041 76 25 desire
2155 3045 25 21 to
2190 3043 75 23 direct
2277 3044 86 29 special

1810 3073 126 26 attention.
1970 3073 52 26 The
2041 3081 137 25 upcountry
2199 3075 98 31 Hidings
2316 3077 47 24 will

1811 3109 42 21 not
1865 3107 91 24 submit
1966 3109 26 22 to
2004 3107 29 24 be
2045 3108 113 29 deprived
2177 3108 150 31 indefinitely
2338 3111 26 22 of

1810 3138 41 24 the
1866 3139 94 31 bridges
1971 3142 24 21 at
2011 3139 134 25 Beaumont
2164 3141 46 23 and
2224 3140 142 33 Roxburgh

1810 3172 37 24 for
1874 3172 74 24 which
1977 3172 41 25 the
2052 3172 97 32 County
2176 3173 100 26 Council
2301 3175 61 25 have

1810 3205 105 24 received
1934 3207 41 23 the
1988 3213 96 24 money.
2129 3207 54 24 The
2199 3207 115 32 hardship
2336 3208 29 25 of

1809 3237 105 34 crossing
1946 3240 81 28 eattle,
2055 3240 88 29 horses,
2173 3241 48 23 and
2253 3248 108 25 waggons

1809 3271 137 33 (especially
1956 3273 25 24 in
1994 3274 94 27 winter)
2099 3274 20 22 is
2126 3273 85 25 almost
2221 3274 140 30 incredible;

1809 3304 46 23 and
1869 3305 40 22 the
1931 3308 106 27 patience
2049 3306 25 22 of
2089 3305 40 24 the
2148 3307 96 23 settlers
2264 3307 58 24 here
2341 3307 20 23 is

1801 3332 1 40 !
1809 3335 56 32 long
1880 3337 63 24 since
1954 3337 139 24 exhausted.
2129 3337 73 25 When
2215 3339 41 24 the
2267 3339 92 33 history

1808 3368 25 24 of
1843 3368 41 25 the
1896 3369 93 32 bridges
2001 3370 21 24 is
2033 3370 51 25 told
2099 3371 25 23 in
2136 3372 40 24 the
2192 3370 83 28 House
2293 3373 36 32 (as
2339 3374 20 25 it

1807 3409 57 16 soon
1877 3407 62 20 must
1952 3403 38 31 be)
2001 3403 41 24 the
2052 3408 67 27 story
2132 3404 48 26 will
2194 3408 44 21 not
2249 3407 110 24 redound

1808 3436 24 20 to
1843 3435 41 22 the
1895 3436 148 23 commercial
2058 3437 77 23 credit
2154 3438 26 22 of
2194 3438 42 23 the
2249 3438 108 24 Council.

1809 3464 39 24 Mr
1863 3465 122 33 Mcrvyn's
1999 3468 122 25 exertions
2135 3467 26 27 in
2176 3469 83 32 regard
2273 3473 25 22 to
2317 3471 42 27 the

1807 3497 82 33 bridge
1908 3508 39 17 are
1976 3502 94 30 beyond
2091 3503 32 24 all
2145 3504 84 30 praise,
2251 3506 47 23 and
2321 3514 35 16 we

1808 3530 60 30 hope
1891 3532 30 24 he
1943 3533 48 24 will
2017 3535 44 21 not
2085 3535 54 28 give
2155 3543 50 22 way
2230 3538 63 21 until
2322 3538 37 23 his

1805 3561 83 24 efforts
1905 3570 39 16 are
1956 3565 109 23 crowned
2086 3565 57 23 with
2164 3573 91 16 success
2296 3568 47 24 Con-

1805 3596 60 24 tract
1879 3595 42 26 110
1932 3603 48 19 was
1994 3595 32 27 let
2036 3600 25 23 to
2075 3596 40 27 Mr
2125 3597 73 34 Coop,
2215 3600 43 26 117
2274 3603 24 23 to
2320 3601 39 26 Mr

1808 3628 76 33 Kelly,
1898 3631 43 23 118
1961 3633 26 22 to
2007 3631 39 24 Mr
2060 3632 124 30 M'Ginty,
2206 3636 47 22 and
2274 3636 43 22 119
2333 3641 24 18 to

1807 3661 40 25 Mr
1857 3664 19 22 A
1881 3663 64 27 hern,
1958 3664 47 23 and
2016 3671 14 16 a
2042 3665 103 29 promise
2161 3673 45 15 was
2222 3666 67 29 given
2305 3668 52 23 that

1804 3693 97 27 tenders
1921 3695 48 24 will
1991 3695 29 25 be
2034 3695 75 25 called
2126 3699 24 22 at
2164 3705 30 16 an
2208 3698 65 30 early
2300 3699 56 26 date

1804 3725 37 24 for
1863 3734 14 17 a
1897 3727 67 24 track
1988 3728 61 24 from
2076 3728 136 27 Horseshoe
2238 3730 67 26 Bend
2329 3736 9 19 t
2347 3742 7 14 >

1805 3757 91 27 Millers
1908 3759 145 27 Flat.—Our
2062 3765 89 28 report,
2161 3770 34 18 we
2205 3771 55 25 may
2267 3765 55 29 add,
2335 3765 21 25 is

1802 3792 117 31 compiled
1940 3793 62 25 from
2018 3794 42 25 the

1801 3826 47 22 and
1860 3826 69 24 other
1940 3833 104 18 sources.

1800 3899 121 68 Local
1945 3899 73 68 and
2042 3899 169 68 General
2235 3899 121 68 News.

1825 4035 35 24 Mr
1869 4035 80 23 Burton
1963 4035 77 30 (Town
2048 4037 73 29 Clerk,
2132 4040 125 30 Roxburgh)
2269 4043 85 23 notifies

1797 4064 45 23 that
1853 4065 36 22 the
1907 4066 87 28 burgess
2011 4066 35 23 list
2063 4069 42 22 and
2125 4070 120 24 defaulters'
2260 4072 36 24 list
2317 4081 36 15 are

1795 4101 56 21 open
1873 4095 33 22 for
1925 4096 118 28 inspection
2070 4102 22 18 at
2112 4099 36 23 the
2177 4101 69 21 Town
2267 4103 87 22 Clerk's,

1796 4124 68 22 Office
1874 4124 55 24 until
1940 4125 36 22 the
1986 4125 49 28 15th
2046 4126 86 29 instant,
2144 4129 109 24 inclusive.

1822 4165 42 24 We
1875 4165 51 24 hear
1936 4166 46 24 that
1993 4167 31 23 St.
2039 4167 69 28 Tames
2118 4171 87 25 Chutch
2223 4174 118 25 Committee-

1792 4197 45 21 will
1848 4202 60 17 meet
1922 4197 42 22 this
1973 4199 91 29 evening
2074 4205 22 18 to
2107 4204 97 22 consider
2217 4212 12 14 a
2250 4206 101 28 proposal

1791 4226 56 22 from
1859 4227 36 22 the
1907 4227 80 29 Bishop
2000 4236 22 15 re
2039 4233 128 28 Clergyman
2179 4235 32 22 for
2222 4236 126 28 Roxburgh,

1791 4258 45 22 and
1843 4258 97 28 Tapanui
1952 4258 87 28 jointly,

138 72 16 30 4

829 73 83 25 THE
943 73 148 26 MOUNT
1123 72 179 27 BENGEK
1335 75 108 25 MAIL

2017 70 162 33 Wednesday,
2195 71 71 32 April
2285 73 38 30 13,
2343 73 54 25 1381

111 148 185 31 SATURDAY,
322 150 63 23 16th
407 147 110 31 APRIL,
545 147 67 30 1881,

216 194 33 24 At
264 201 45 17 one
322 191 88 26 o'clock
423 191 82 32 sharp.
610 185 29 29 /

84 280 87 61 JA
195 278 64 25 BE
281 277 22 31 #
378 276 263 27 BURTON

158 323 43 26 has
221 322 108 26 received
350 322 153 24 instructions
519 322 62 25 from
600 322 41 25 the

85 370 126 25 Chairman
223 369 26 26 of
263 369 42 25 the
318 366 97 26 Ettrick
438 367 105 26 Domain
560 368 81 24 Board

85 417 26 22 to
126 414 43 24 Bell
182 414 32 30 by
231 412 81 32 public
326 412 105 29 auction,
449 414 26 24 at
490 411 151 26 Nicholson's

86 456 82 30 Hotel,
182 465 32 16 on
232 455 41 26 the
287 455 75 26 above
372 453 87 28 date—

144 512 54 26 The
219 511 73 25 Lease
306 518 28 20 or
348 510 106 32 Grazing
470 510 76 31 Right
561 510 27 26 of
600 510 41 26 the

205 554 96 26 Ettrick
331 554 114 31 Domain,
475 554 38 26 for
541 562 47 18 one
614 562 27 18 or

204 607 67 16 mora
290 605 77 24 years.

160 680 146 29 Particulars
314 680 48 28 and
372 679 84 26 Terms
468 681 25 24 at
504 679 63 30 Sale.

264 734 105 25 JABEZ
398 734 150 30 BURTON,

452 778 159 24 Auctioneer.

111 841 166 30 TUESDAY,
302 841 67 24 26th
396 839 114 31 APRIL,
541 841 68 29 1881,

256 886 34 24 At
301 892 45 21 ope
360 883 96 27 o'clock.

144 966 159 27 ABEZ
369 965 271 31 BURTON,

82 1014 31 13 **
157 1008 131 27 instructed
307 1007 34 32 by
360 1006 33 26 K.
413 1008 152 26 Maclennan,
581 1007 56 32 Esq.

78 1056 65 32 (who
158 1055 19 25 is
191 1053 95 33 leaving
304 1052 42 26 the
367 1051 116 33 district),
496 1051 47 27 will
553 1051 42 27 sell
607 1051 32 33 by

79 1099 104 28 auction,
206 1100 25 22 at
246 1096 43 25 the
312 1095 166 25 Auctioneer's
499 1095 140 29 Sale-room,

79 1141 143 32 Roxburgh,
236 1147 32 20 on
280 1139 118 31 Tuesday,
418 1140 29 24 26
452 1138 25 26 th
491 1138 101 30 instant,
612 1140 27 23 at

79 1193 45 18 one
137 1185 89 25 o'clock
240 1192 93 24 p.m.-r

245 1232 51 26 The
310 1233 75 24 whole
401 1232 25 27 of
438 1232 37 25 his

80 1276 266 33 HOUSEHOLD
376 1274 260 31 FURNITURE,

260 1320 140 34 Consisting
411 1319 43 26 of:

139 1373 134 23 First-class
280 1371 147 28 Pianoforte,
438 1370 33 31 by
485 1370 96 23 Collard
589 1370 48 24 and

199 1409 98 27 Collard

139 1454 138 22 Handsome
300 1451 195 31 Drawing-room
511 1451 76 28 Suite,
609 1451 26 23 in

190 1490 103 24 Maroon
302 1489 61 32 Rep.
371 1488 81 26 Inlaid
465 1488 69 26 Pearl
543 1488 93 29 Chairs,

191 1529 127 30 Whatnot,
327 1528 109 26 Brussels
451 1528 95 31 Carpet,
558 1528 78 25 Cedar

198 1568 61 26 Oval
264 1568 87 30 Table,
357 1567 64 25 Card
429 1567 75 25 Table
512 1567 123 33 (walnut),

198 1606 113 27 Window
332 1606 70 26 Poles
423 1605 68 31 (with
505 1606 67 32 rings
588 1606 47 25 and

198 1646 112 24 brackets
347 1643 135 31 complete),
522 1643 114 33 Superior

199 1683 171 31 Dining-room
383 1681 69 26 Suite
473 1681 25 26 in
517 1681 117 27 haircloth

198 1723 59 25 with
299 1720 87 27 stuffed
398 1733 10 7 *
419 1719 90 26 backed
550 1720 85 31 chairs,

200 1763 143 29 ChetTonier,
392 1761 128 25 American
571 1761 64 31 Easy

198 1803 93 28 Chairs,
303 1801 98 25 Double
413 1799 82 32 (black
506 1799 47 25 and
569 1799 66 31 gold)

198 1839 94 28 French
333 1838 128 31 Bedstead,
499 1837 75 25 Chest
608 1838 27 24 of

197 1880 109 24 Drawers
339 1877 46 32 (2),
418 1876 97 25 Double
555 1876 78 24 China

70 1922 7 28 \
198 1918 81 24 Toilet
314 1916 43 24 Set
398 1915 47 24 and
477 1914 155 31 Washstand,

197 1955 137 28 Chcffonier
351 1952 47 27 and
413 1953 137 26 Work-case
567 1961 48 18 com-

197 1995 83 30 bined,
297 1994 94 24 Bronze
404 1992 127 25 Umbrella
546 1992 84 28 Stand,

197 2034 47 25 and
257 2032 70 27 other
340 2031 49 25 hall
403 2031 128 29 furniture,
543 2038 14 17 a
567 2031 65 30 large

196 2071 114 33 quantity
334 2069 29 24 of
384 2067 107 26 Kitchen
518 2068 112 29 Utensils,

70 2105 4 34 |
195 2109 138 24 Chinawarc
359 2107 46 23 and
428 2106 134 24 Glassware
587 2107 44 23 Set
641 2105 1 34 j

197 2146 148 34 (complete),
363 2143 189 30 Breechloading
574 2144 53 24 Gun
639 2137 3 43 j

69 2174 53 33 ...
171 2174 3 33 .
195 2187 46 18 -*-•
266 2184 129 23 Jiv«rfwsr,
423 2182 95 20 <3f»raen
540 2174 81 30 Tools,
637 2174 3 33 I

192 2222 48 25 two
251 2219 74 24 Hives
336 2217 61 25 Bees
412 2216 67 32 (with
491 2215 102 31 honey).

313 2291 67 30 Also,

129 2344 10 21 1
157 2340 84 32 Buggy
255 2337 81 27 Horse

122 2387 17 25 \
153 2384 87 30 Lady's
254 2380 77 30 Hack,
345 2382 13 21 5
372 2386 70 24 years
450 2379 39 24 old

124 2427 58 26 Side
202 2425 95 30 Saddle,
313 2423 94 25 Gent's
425 2422 95 30 Saddle,
536 2421 84 32 Whips

186 2466 48 26 and
247 2464 83 33 Spurs.

303 2538 59 24 Also
364 2550 29 5 —

127 2585 108 25 Sections
244 2586 21 26 2,
277 2584 22 27 4,
311 2581 47 26 and
370 2581 21 30 8,
404 2580 74 25 Block
491 2580 44 30 IV,
546 2580 75 25 Town

188 2627 28 25 of
224 2625 140 30 Roxburgh.

96 2697 129 30 Intending
241 2695 141 32 purchasers
396 2702 55 23 may
467 2694 92 31 inspect
580 2694 42 24 the

66 2740 120 25 furniture
207 2746 31 17 on
252 2740 41 22 the
316 2738 119 30 Saturday
452 2738 47 23 and
514 2737 107 31 Monday

65 2781 66 33 prior
146 2784 26 23 to
190 2780 41 27 the
244 2781 55 26 date
320 2780 25 27 of
357 2779 57 31 sale,
430 2787 31 18 on
478 2779 143 33 application

65 2828 27 20 to
108 2824 41 24 the
160 2824 143 25 auctiouoer.

96 2873 141 33 Catalogues
249 2881 40 18 are
299 2874 25 24 in
335 2873 162 33 preparation,
508 2872 45 25 and
568 2880 53 26 may

64 2918 30 24 be
107 2918 48 25 had
165 2925 32 17 on
211 2917 147 32 application
366 2920 25 21 to
403 2917 41 25 the
455 2917 150 25 Auctioneer

234 2980 84 24 Teems
335 2987 30 16 at
378 2981 70 24 Sale.

284 3054 103 26 JABEZ
405 3054 142 30 BURTON,

436 3093 154 25 Auctioneer.

62 3160 129 28 SOIREE,
224 3159 152 25 CONCERT
414 3158 71 25 AND
527 3158 93 31 BALL,

172 3205 42 23 AT
244 3204 80 24 RAES
352 3203 166 30 JUNCTION,

330 3253 25 18 IN

61 3292 104 33 Mackay
177 3291 123 27 Brothers'
310 3291 84 25 House
404 3290 58 32 (late
470 3290 149 32 M'Cunn's).

75 3372 22 25 A
132 3371 130 31 SOIREE,
278 3370 154 27 CONCERT
445 3370 73 26 AND
531 3370 87 25 BALL

63 3396 55 40 A
129 3419 8 27 \
149 3416 59 25 Will
231 3416 30 25 be
277 3414 55 26 held
358 3414 26 26 in
397 3414 114 26 Mackay
532 3414 85 26 Bros.'

61 3460 93 25 Hocsi
165 3460 58 31 (late
235 3459 150 31 M'Cunn's),
402 3467 33 16 on

82 3507 113 30 GOOD
235 3508 167 28 FRIDAY
443 3508 150 33 NIGHT,

209 3553 57 23 15th
289 3552 77 30 April,
395 3552 66 24 1881.
626 3536 4 58 j

87 3595 40 32 (In
139 3595 40 26 aid
190 3595 26 26 of
228 3594 44 27 the
280 3594 114 26 Erection
406 3594 25 25 of
444 3601 14 20 a
468 3593 117 35 Church.)

125 3677 48 26 Tea
186 3685 32 18 on
229 3676 41 26 the
281 3676 86 25 Tables
379 3678 26 24 at
418 3677 55 26 7.30
484 3685 57 25 p.m.

160 3755 71 28 Come
247 3755 54 26 One
313 3757 5 22 !
350 3756 73 25 Come
436 3758 51 25 All
499 3758 6 28 \

174 3844 108 27 JAMES
301 3844 229 33 RICHARDSON,

440 3889 134 34 Secretary.

178 3948 297 28 NOTICE.

107 4034 42 25 LL
159 4033 66 31 Dogs
232 4033 77 24 found
318 4034 142 30 trespassing
469 4043 30 16 on
509 4036 92 25 Section
630 4040 12 15 2

145 4077 38 30 35,
197 4074 76 26 Block
284 4075 34 30 X,
329 4075 95 32 Benger
432 4077 109 32 District,
553 4080 49 24 will
629 4063 13 52 \

39 4122 32 24 be
82 4118 139 33 destroyed.
628 4129 12 14 c

253 4158 140 28 ROBERT
415 4158 152 30 TUBMAN.
626 4151 16 21 sl

68 4212 42 28 6tb
124 4208 79 33 April,
217 4206 68 27 1881.
608 4201 5 40 |
625 4221 17 16 n,

769 151 182 25 WESLEYAN
979 153 148 25 CHURCH.

671 231 94 27 HHHE
781 234 78 24 REV.
877 236 27 23 F.
921 236 142 31 MARTIN,
1081 236 41 25 the
1137 236 74 32 newly-

676 271 36 19 ■*-
749 278 130 30 appointed
893 278 118 30 minister,
1024 280 142 30 Roxburgh,
1179 280 46 23 will

671 315 85 30 preach
769 315 43 31 (D.
817 315 43 32 V.)
874 324 32 17 on
917 316 98 32 Sunday
1024 316 76 34 tfe*t,
1115 318 42 26 the
1169 318 56 28 17th

671 353 99 32 instant,
783 358 54 21 at—

731 404 59 25 Moa
804 405 55 26 Flat
978 425 27 10 ,„
1069 409 26 26 }1
1108 416 57 18 a.m.

730 442 59 26 Coal
800 444 77 28 Creek
979 464 26 7 ...
1085 449 14 25 3
1111 456 55 24 pm,

730 482 134 31 Roxburgh
981 502 28 7 ...
1083 487 13 23 7
1109 494 59 23 p.m.

729 962 189 28 ROXBURGH
948 966 213 27 ATHENJEUM.

682 1111 128 27 EASTER
833 1115 158 32 MONDAY,
1019 1117 63 28 18tj?
1098 1117 108 27 APRIL.

724 1268 94 27 RAND
851 1271 181 29 /CONCERT
1044 1275 21 27 <fc
1082 1275 140 29 TRANCE

687 1371 28 26 In
727 1372 40 25 aid
778 1374 26 22 of
815 1374 41 25 the
868 1375 82 26 Fundi
962 1376 29 28 of
1004 1377 41 29 the
1056 1378 151 30 Institution,

665 1538 73 23 NEW
783 1542 99 24 SONGS
898 1538 4 36 1
972 1547 72 22 NEW
1073 1548 126 22 DANCES
1216 1550 6 24 J

770 1622 74 21 NEW
875 1624 212 25 RECITATIONS
1106 1631 6 20 !

713 1781 140 28 ApMISSION

730 1943 79 26 Doors
825 1952 61 26 open
901 1948 25 24 at
942 1948 53 24 730
1005 1957 59 25 p.m.
1077 1950 78 34 ebarp.

683 2046 23 37 /
820 2057 26 24 J.
880 2055 247 37 WIBATHERALL,

1069 2116 116 29 tcretary.

710 2555 165 28 BOROUGH
892 2559 42 25 OF
950 2561 196 29 ROXBURGH.

712 2620 115 31 Proposal
837 2625 28 22 to
878 2624 61 23 raise
954 2632 13 16 a
983 2624 94 29 Special
1097 2626 66 26 Loan
1183 2629 24 24 of

772 2653 59 26 Five
851 2655 118 25 Hundred
988 2657 104 31 Founds,
1111 2660 39 24 fox
1165 2661 42 24 the

771 2693 103 25 purpose
888 2688 29 23 of
932 2691 164 30 constructing
1107 2699 15 17 a
1138 2693 68 25 small

772 2718 117 31 Filtering
902 2719 134 30 Reaervoir,
1051 2725 47 22 and
1113 2727 26 20 to
1149 2733 42 16 con-

770 2751 60 23 duct
853 2753 43 22 the
918 2756 74 22 water
1016 2754 132 26 therefrom
1174 2757 31 35 ly

773 2787 72 21 water
852 2794 11 11 •
872 2784 66 32 pipes
970 2787 133 32 extending
1135 2790 71 31 along

772 2815 113 25 Scotland
899 2822 85 26 street;
1002 2819 48 26 and
1074 2824 25 20 to
1120 2822 85 31 pledge

770 2855 27 17 as
809 2850 104 32 security
925 2850 37 26 for
976 2857 140 26 repayment
1127 2854 26 24 of
1164 2855 41 24 the

770 2882 118 33 proposed
901 2885 62 29 loan,
975 2884 78 26 Rents
1064 2886 28 25 of
1099 2885 89 27 Endow-

771 2918 78 23 ments
871 2917 47 24 and
939 2918 126 31 Reserves,
1086 2919 119 31 Licenses,

773 2947 74 26 Rates
880 2950 59 30 (and
965 2950 92 32 Special
1088 2951 75 27 Rates
1186 2952 19 26 if

772 2982 144 31 necessary),
928 2983 50 24 also
988 2982 42 28 the
1045 2984 160 29 Waterworks

772 3013 70 25 when
858 3015 139 31 completed,

683 3052 25 25 N
723 3055 142 26 accordance
877 3057 55 25 with
944 3059 86 27 Clause
1048 3062 10 23 1
1072 3061 26 23 of
1108 3060 95 27 Section

720 3088 43 23 142
784 3088 26 24 of
828 3090 41 24 the
887 3090 134 34 Municipal
1033 3093 171 32 Corporations

650 3126 53 27 Aet,
715 3125 41 29 187
756 3125 28 29 C,
797 3126 12 24 I
822 3127 89 33 hereby
922 3132 99 29 appoint
1033 3131 168 32 TUESDAY,

649 3161 41 25 the
712 3164 57 24 19th
782 3164 48 34 day
852 3167 25 25 of
889 3170 78 31 April,
990 3172 67 29 1881,
1078 3179 32 17 on
1125 3172 77 24 which

649 3199 41 27 the
711 3201 54 25 Poll
786 3205 62 25 shall
871 3208 29 23 be
926 3209 80 30 taken,
1028 3213 24 22 at
1066 3211 42 25 the
1129 3211 73 25 Town

649 3238 91 28 Clerk's
752 3241 81 33 Office,
845 3245 105 27 between
959 3248 41 26 the
1011 3249 73 25 hours
1090 3250 25 24 of
1126 3251 15 23 9
1150 3257 52 20 a.m.

649 3279 46 25 and
708 3281 13 23 6
732 3288 58 21 p.m.

677 3321 79 25 Dated
780 3327 25 22 at
831 3326 132 35 Roxburgh
975 3329 48 27 this
1036 3331 44 25 Bth
1103 3331 48 31 day
1174 3332 27 25 of

649 3360 74 31 April,
741 3361 66 28 1881.

807 3401 111 28 JAMES
933 3405 189 33 BBIGHTON,

1072 3442 97 29 Mayor.

687 3486 163 30 BOROUGH
884 3492 43 26 OF
953 3493 199 30 ROXBURGH.

649 3567 149 29 DUBLIC
812 3570 128 29 NOTICE
953 3576 33 24 la-
998 3577 100 32 Hereby
1118 3578 79 26 Given

649 3605 24 26 *■
727 3612 55 29 that
807 3615 42 28 the
872 3616 104 38 Burgess
1000 3620 54 28 List
1078 3623 49 27 and
1149 3624 38 27 De

650 3657 97 26 aulters'
767 3660 52 25 List
835 3669 41 19 are
894 3671 61 24 open
975 3666 39 24 for
1028 3667 132 31 inspection
1172 3672 25 22 at

650 3700 32 26 he
704 3702 73 26 Town
791 3704 92 28 Clerk's
897 3707 73 27 Office
988 3709 64 26 until
1073 3711 42 26 the
1137 3713 58 26 15th

649 3745 69 32 Ipril,
727 3746 126 29 inclusive.

816 3799 108 28 JABEZ
955 3800 145 36 BURTON,

990 3842 74 25 Town
1079 3844 83 27 Clerk.

663 3876 101 28 Council
779 3880 92 34 Offices,
884 3883 42 28 7th
939 3884 77 33 April,
1031 3888 67 26 18S0.

659 3945 119 29 Thomson,
804 3950 85 29 Strang,
908 3953 43 21 and
967 3953 40 25 Co,
1021 3961 55 15 were
1098 3955 92 29 brought

649 3975 55 22 efore
713 3975 37 23 the
760 3977 51 30 City
823 3979 73 27 Policy
906 3981 73 28 Court,
993 3989 27 16 on
1032 3983 37 24 the
1084 3984 35 23 <th
1131 3984 56 30 test,

649 4005 74 29 urged
734 4007 51 22 with
795 4009 127 31 employing
932 4013 87 23 Amelia
1026 4014 37 22 Ah
1077 4015 47 23 Loo
1134 4016 54 23 after

654 4042 52 21 p.m.
715 4043 29 15 on
755 4044 13 15 a
777 4038 112 30 Saturday,
901 4046 98 25 contrary
1011 4047 22 19 to
1044 4044 36 23 the
1089 4045 99 25 Females

651 4066 132 28 mployment
793 4069 50 26 Act,
857 4069 61 29 1874.
946 4070 48 24 The
1004 4073 74 24 Bench
1088 4075 98 28 imposed

652 4095 43 21 fine
704 4095 25 22 of
737 4101 24 22 5s
772 4098 42 21 and
821 4101 177 24 costs.—Robert
1014 4102 117 24 Lockhead
1142 4112 43 15 was
1196 4095 4 32 I

649 4125 71 26 larged
739 4125 52 22 with
808 4134 13 14 a
838 4128 82 22 similar
939 4130 87 28 offence,
1044 4132 38 23 but
1103 4133 17 22 it
1141 4141 42 15 was

649 4159 52 15 lown
712 4153 46 24 that
769 4155 37 22 the
815 4156 40 29 girl
863 4158 92 23 referred
965 4163 22 19 to
995 4168 42 15 was
1047 4162 80 30 merely
1138 4170 29 16 em-

650 4183 56 28 oyed
716 4188 22 19 to
751 4184 59 25 show
825 4186 36 24 the
880 4190 101 27 practical
993 4192 97 30 working
1108 4193 25 22 of
1144 4195 37 22 the

649 4215 92 27 achmes,
754 4216 43 23 and
814 4217 45 23 that
875 4219 36 22 the
927 4221 42 21 Act
986 4228 44 16 was
1044 4222 102 25 intended
1157 4229 22 18 to
1206 4215 1 32 '

624 4245 93 28 regulate
725 4247 80 28 factory
813 4247 71 24 labor.
897 4250 47 23 The
953 4257 47 17 case
1007 4259 43 18 was
1057 4253 119 25 dismissed.
1188 4251 5 24 I
1206 4245 1 33 '

1453 152 157 33 [circular]

1256 197 31 59 I
1303 195 66 25 BEG
1385 198 25 22 to
1431 196 110 25 intimate
1559 197 53 24 that
1635 195 12 25 I
1671 195 60 25 have
1746 201 45 18 com-

1319 228 99 24 menced
1432 228 106 24 business
1550 236 24 16 as

1300 265 193 31 FINANCIAL,
1508 266 101 31 LAND,
1625 265 132 30 ESTATE,

1500 298 64 26 AJiTD

1240 327 2 31 !
1270 327 162 30 GENERAL
1449 328 208 27 COMMISSION
1674 327 118 31 AGENT,

1240 362 145 34 (MONEY,
1416 363 204 30 INSURANCE,
1648 362 21 28 &
1700 361 111 27 SHARE

1453 395 154 30 BROKER;

1240 433 3 33 ;
1256 433 47 27 and
1315 433 25 26 in
1359 434 128 32 tendering
1505 442 40 24 ray
1559 433 101 26 services
1674 433 78 25 would
1764 433 44 32 beg

1258 471 24 21 to
1294 470 62 23 state
1377 468 54 26 that
1442 475 40 24 my
1494 467 145 32 lengthened
1660 467 47 25 and
1729 466 82 25 varied

1241 500 3 32 '
1256 500 170 32 acquaintance
1452 500 57 25 with
1531 500 42 25 the
1588 501 100 28 Colony,
1702 500 49 25 and
1769 500 41 24 the

1242 528 2 37 I
1256 533 120 26 extended
1398 533 48 26 and
1458 533 137 24 diversified
1618 533 141 32 experience
1772 541 24 16 ac-

1242 566 2 32 ;
1257 566 85 32 quired
1357 566 87 31 during
1458 574 13 16 a
1486 567 74 24 series
1576 566 24 24 of
1620 574 67 23 years
1708 566 25 24 in
1754 574 41 16 con-

1242 598 2 31 ;
1258 599 92 23 nection
1365 599 56 22 with
1436 606 44 17 one
1491 599 25 22 of
1529 599 40 24 the
1587 599 88 30 largest
1687 598 123 24 Financial

1240 629 4 39 j
1258 630 149 25 institutions
1430 631 24 24 in
1478 630 59 25 New
1560 630 112 31 Zealaud,
1698 629 76 26 afford
1796 638 13 16 a

1240 656 4 40 I
1256 664 141 24 substantial
1409 667 127 29 guarantee
1546 664 53 24 that
1612 663 41 26 the
1661 664 112 25 interests
1785 663 26 24 of

1240 696 3 34 j
1256 696 67 26 those
1347 697 55 23 who
1423 704 53 24 may
1497 700 95 24 entrust
1612 705 38 15 me
1666 696 57 25 with
1747 696 64 24 their

1240 727 2 36 i
1257 729 107 24 business
1380 729 46 24 will
1449 730 28 24 be
1503 733 61 23 most
1585 729 113 34 carefully
1715 729 94 25 studied

1240 759 2 34 !
1255 761 47 24 and
1316 762 131 31 protected.

1255 829 144 32 Mortgages,
1416 830 85 30 Loans,
1516 830 46 25 and
1574 831 148 24 Guarantees
1736 837 60 25 nego-

1313 862 86 25 tiated.
1431 863 168 33 Partnerships
1613 863 125 32 arranged.

1254 901 162 25 Investments
1435 903 99 24 effected
1549 910 64 24 upon
1630 903 136 31 Mortgage,
1784 903 25 24 in

1280 934 143 32 Properties,
1433 934 89 30 Bonds,
1534 934 159 31 Debentures,
1702 934 81 30 Stock,

1370 973 27 16 or
1405 966 93 30 Shares,
1510 974 25 16 as
1546 967 141 24 instructed.

1254 1002 129 32 Municipal
1401 1004 85 27 Loans,
1509 1005 48 24 and
1580 1005 80 24 Loans
1681 1004 38 24 for
1739 1005 70 23 other

1283 1037 81 31 public
1371 1036 87 31 bodies,
1469 1037 147 32 Companies'
1624 1037 160 31 Debentures,

1353 1069 54 31 4c,
1420 1070 136 31 negotiated
1567 1079 28 17 or
1611 1070 94 26 floated.

1252 1107 77 30 Land,
1340 1108 104 30 Estates,
1460 1108 76 26 Town
1548 1109 48 24 and
1608 1108 129 25 Suburban
1749 1109 45 26 Pro-

1343 1141 89 30 perties
1442 1141 52 25 sold
1512 1142 47 25 and
1574 1141 140 32 purchased.

1252 1179 81 31 Agent
1351 1180 37 24 for
1403 1180 116 24 Resident
1531 1188 28 16 or
1572 1181 121 24 Absentee
1707 1181 101 25 Owners

1433 1213 26 25 of
1480 1213 144 32 Properties.

1252 1249 119 27 Purchase
1383 1258 28 18 or
1428 1250 53 27 Sale
1497 1251 29 24 of
1545 1251 104 26 General
1667 1251 140 27 Businesses

1461 1285 126 30 arranged.

1251 1321 167 27 Transactions
1444 1322 25 27 in
1491 1322 77 30 Bank,
1593 1322 140 32 Insurance,
1760 1323 49 26 and

1296 1355 97 32 Mining
1404 1356 73 25 Stock
1492 1357 48 26 and
1553 1357 87 24 Shares
1653 1357 108 25 effected-

1515 1399 37 26 W.
1570 1399 27 26 C.
1616 1399 158 26 ROBERTS.

1329 1473 99 32 Offices:

1251 1506 164 25 STEiNHoFr's
1426 1505 92 28 Build*

1342 1547 57 18 IHOB

1266 1573 129 32 (Opposite
1406 1573 90 31 Cargill

1310 1606 155 31 Monumeut)

1267 1638 95 24 Princes
1376 1651 9 5 -
1397 1641 83 28 street,

1318 1670 121 24 JDunedin.

1532 1473 82 24 Postal
1621 1474 46 23 and
1680 1474 127 32 Telegraph

1612 1507 105 24 Address
1726 1518 5 15 :

1552 1540 41 26 W.
1610 1543 27 23 U.
1652 1541 122 30 RoanßTs,

1599 1572 123 27 Duuedin.
