2440 4400
93 170 83 23 Letters
186 170 24 24 of
217 170 160 24 naturalisation
392 170 55 23 have
464 170 54 23 been
531 170 88 30 granted
633 170 1 30 I

64 204 23 18 to
99 202 46 21 Fuh
156 202 36 21 Ah
203 203 56 25 You,
271 203 23 21 of
304 203 53 20 Bald
371 202 46 22 Hill
430 203 54 21 Flat.

94 235 115 22 Lawrence
229 237 49 25 gaol
296 236 38 21 has
345 237 53 20 been
417 236 80 25 closed,
521 236 42 21 and
584 235 36 21 the
633 235 1 27 j

66 265 106 29 prisoners
184 267 68 26 (three
268 267 21 22 in
305 266 99 30 numbei)
421 266 54 23 have
491 266 52 23 beea
554 270 55 19 trans-

65 296 69 22 ierred
144 301 23 17 to
178 297 108 21 Dunedin.

95 332 48 23 The
155 334 94 29 Marquis
267 333 22 23 of
309 334 133 28 Normanby,
463 334 114 23 Governor
597 332 24 24 of

66 363 102 26 Victoria,
181 365 17 19 is
209 363 99 28 suffering
318 364 54 22 from
383 365 56 21 fever
449 365 42 21 a»d
503 372 62 21 ague.

97 402 26 23 77
134 398 92 21 millions
234 399 25 20 of
267 400 83 25 pounds
360 399 88 28 sterling
460 400 17 21 is
488 400 50 21 held
549 400 27 26 by
586 398 37 22 the

70 428 123 28 Paymaster
211 428 22 21 of
245 428 37 22 the
299 429 67 21 Court
374 430 27 20 -of
409 430 111 27 Chancery
532 430 21 20 in
565 428 44 28 Eng-

68 457 57 28 land,
137 465 27 15 on
174 457 75 23 behalf
256 458 24 22 of
288 459 36 21 the
336 459 83 23 suitors.
451 459 48 23 The
510 467 58 15 same
579 459 36 22 offi-

66 489 44 21 cial
120 489 17 21 is
148 489 47 21 also
205 489 65 22 about
285 493 22 18 to
323 490 89 21 become
430 490 36 21 the
484 490 107 21 custodier
603 489 23 22 of

68 519 29 20 all
109 519 35 21 the
163 525 87 21 moneys
259 520 52 28 paid
330 520 45 21 iuto
390 519 35 24 the
440 515 109 28 Common
571 520 53 22 Law

69 549 84 21 Courts.

98 584 64 23 Since
172 585 37 24 the
217 585 60 24 close
285 586 26 23 of
322 586 37 23 the
370 587 84 23 harvest
465 593 74 16 season
550 586 22 23 in
583 584 42 24 this

70 615 88 27 district,
167 616 110 29 threshing
285 617 120 28 operations
413 617 54 23 have
475 618 54 20 been
537 616 88 28 making

69 645 61 26 rapid
141 646 42 20 and
198 646 39 21 sati
250 646 80 28 fictoiy
340 654 104 21 progress.
477 647 34 21 Mr
522 646 104 28 Waugh's

69 674 111 28 threshing
190 675 45 21 mill
245 675 38 21 has
294 676 64 22 found
369 677 74 28 steady
454 677 68 26 work,
536 677 42 21 and
590 675 36 22 the
635 674 1 36 j

70 704 76 21 results
156 705 22 20 of
188 705 36 21 the
239 704 75 29 yitlds,
334 714 24 13 as
369 706 172 22 communicated
557 710 22 17 to
592 713 32 18 us,
635 698 1 38 j

70 732 55 22 have
136 733 53 21 been
200 734 24 21 of
231 741 13 14 a
254 735 115 27 gratifying
381 736 118 22 character.
635 732 1 30 1

99 767 48 22 The
156 767 110 30 following
277 770 97 28 misprint
385 770 20 21 in
417 771 35 22 the
538 768 90 30 Passing
635 767 1 31 .

73 797 59 22 Note
209 799 41 21 last
273 798 56 23 issue
353 800 91 28 escaped
468 800 158 23 correction:—

97 832 79 20 20,000
184 829 66 20 cattle
260 831 21 18 at
292 834 24 22 3s
326 829 28 21 6d
370 830 70 21 would
461 830 52 21 total

71 856 22 23 It
103 856 76 22 should
190 858 57 27 read,
285 864 56 16 2000
351 858 64 24 cattle
425 863 22 19 at
467 865 24 24 3s
515 860 29 21 6d
556 859 70 23 would

71 887 54 21 total

99 922 37 21 On
146 922 37 21 the
202 923 98 22 occasion
320 924 25 21 of
364 924 38 22 the
421 924 93 28 Queen's
534 925 49 21 visit
604 928 23 18 to

73 951 111 29 Killarney
195 952 21 22 in
230 952 60 29 1861,
307 954 57 22 Lord
376 954 148 23 Castlerosse's
543 958 84 19 tenants

71 988 58 16 wore
143 983 48 21 hats
200 983 50 21 with
259 985 36 20 the
315 985 118 21 landlord's
450 992 63 15 name
532 986 95 21 branded

72 1018 28 14 on
112 1011 64 28 them,
185 1011 43 29 just
242 1012 53 30 (said
311 1014 35 21 Mr
362 1014 95 23 Sullivan
478 1015 32 23 M.
531 1016 22 21 P.
574 1015 22 22 in
615 1023 21 22 a,

71 1046 73 19 recent
154 1042 77 24 debate
241 1044 21 22 in
271 1044 36 23 the
324 1045 74 23 House
417 1045 25 23 of
456 1045 127 30 Commons)
605 1053 23 15 as

70 1072 55 27 dogs
136 1079 55 14 wear
200 1073 84 22 collars.

101 1105 48 22 The
402 1110 106 22 mentions
527 1110 47 23 that
591 1110 37 22 the

73 1135 148 32 Immigration
237 1138 140 32 Department
386 1139 55 27 have
452 1141 110 26 intimated
583 1142 45 24 that

71 1169 69 21 under
163 1176 28 14 no
215 1170 162 23 circumstances
410 1174 44 20 will
477 1181 42 20 any
548 1174 80 21 further

71 1197 133 23 nomination
224 1206 77 23 papers
319 1200 34 23 for
371 1200 43 25 free
437 1202 145 30 immigration
602 1203 27 22 be

73 1228 139 29 entertained,
229 1230 53 22 until
294 1230 36 23 the
339 1232 96 23 decision
456 1233 25 22 of
499 1234 128 22 Parliament

73 1257 38 21 has
136 1258 54 22 been
214 1260 63 27 given
299 1268 29 15 on
350 1262 37 22 the
409 1263 82 28 subject
514 1264 27 21 of
561 1265 68 21 future

71 1286 152 29 immigration.

102 1323 47 23 The
170 1325 96 27 gazetted
286 1329 112 21 statement
417 1328 26 22 of
455 1329 70 22 affairs
549 1328 23 23 of
593 1328 36 24 the

73 1352 159 26 Wetherstones
254 1357 89 23 Cement
360 1358 140 30 Goldmining
517 1360 112 29 Company

73 1383 71 23 «hows
152 1385 36 22 the
196 1386 77 28 capital
282 1390 22 19 to
313 1388 26 22 be
347 1388 85 22 divided
438 1389 44 22 into
492 1395 53 16 1000
551 1390 78 26 shares,

73 1413 29 21 all
126 1414 72 27 taken,
225 1417 51 21 total
301 1418 122 22 subscribed
443 1420 79 28 capital
542 1418 86 30 £ISOO,

72 1443 113 24 dividends
211 1445 98 25 declared
331 1446 85 31 £3750,
434 1450 43 22 and
497 1451 90 22 number
607 1451 22 22 of

69 1472 149 26 shareholders
228 1481 34 24 34.

102 1509 21 22 A
143 1510 72 28 public
235 1513 94 31 meeting
346 1523 43 15 was
407 1516 110 24 convened
537 1517 22 23 in
577 1517 51 23 Port

73 1539 112 23 Chalmers
195 1549 28 14 on
235 1544 111 29 Thursday
356 1545 47 26 last,
416 1551 22 17 to
446 1547 66 28 adopt
523 1554 106 16 measures

73 1568 34 21 for
125 1571 97 28 securing
242 1579 12 14 a
267 1573 100 23 Resident
388 1576 125 28 Magistrate
532 1577 32 21 for
584 1577 44 21 that

74 1597 108 31 Borough,
194 1601 37 23 but
242 1602 36 23 the
288 1604 126 23 attendance
424 1612 42 15 was
476 1613 25 16 so
510 1606 62 23 small
582 1607 46 22 that

73 1628 36 23 the
120 1631 92 29 meeting
221 1632 38 23 did
269 1637 37 19 not
316 1634 49 23 take
380 1636 67 28 place,

102 1665 35 21 Mr
146 1666 60 23 Isaac
224 1668 92 23 Newton
338 1670 66 28 Watt,
426 1672 69 28 R.M.,
516 1674 109 26 Dunedin,

74 1694 39 22 has
124 1695 53 23 been
188 1699 116 27 appointed
313 1704 22 19 to
345 1701 102 27 Oamaru,
464 1704 70 20 where
548 1704 27 21 he
584 1704 42 21 will

75 1725 88 22 succeed
181 1727 36 22 Mr
235 1728 87 28 Parker,
346 1730 71 28 R.M.,
439 1731 49 23 who
508 1732 72 22 retires
598 1741 28 13 on

71 1760 90 22 pension
170 1757 43 21 and
225 1762 80 19 returns
315 1763 23 19 to
346 1760 106 30 England.
478 1763 35 21 Mr
520 1763 106 28 Simpson.

75 1784 68 27 R.M.,
157 1786 43 22 will
215 1787 21 23 in
247 1788 69 23 future
326 1791 84 28 preside
424 1791 61 24 twice
496 1799 12 16 a
523 1792 61 24 week
605 1793 21 23 in

70 1813 38 23 the
123 1815 100 24 Dunedin
235 1818 49 29 City
300 1820 72 25 Police
383 1822 73 24 Court.

101 1851 35 22 Mr
163 1853 126 25 M'Culloch
316 1857 68 29 R.M,
419 1859 136 30 Invercargill
588 1860 38 23 has

71 1881 91 23 decided
186 1885 45 21 that
254 1893 12 14 a
290 1888 83 22 market
396 1890 103 27 gardener
524 1891 105 28 hawkiig;

72 1912 121 28 vegetables
208 1914 21 22 in
245 1916 36 22 the
304 1920 74 20 streets
402 1919 17 21 is
442 1924 38 18 not
503 1927 13 15 a
540 1921 86 22 hawker

72 1940 74 23 within
155 1944 36 21 the
201 1947 98 28 meaning
309 1947 25 22 of
351 1947 36 23 the
397 1949 96 28 Ly-laws,
512 1951 42 21 and
572 1958 52 15 even

73 1970 19 21 if
99 1971 28 21 he
146 1979 61 20 were,
235 1976 35 21 the
290 1979 135 26 corporation
449 1980 63 21 could
528 1984 37 17 not
588 1987 38 14 sue

72 2000 53 20 until
134 2001 49 28 they
197 2003 55 23 have
268 2006 129 23 established
416 2014 13 15 a
447 2008 73 28 public
543 2010 81 22 market

68 2036 22 17 in
101 2029 36 24 the
149 2034 65 21 town.
245 2035 36 22 Mr
292 2035 64 28 Finn,
365 2038 49 21 who
426 2039 105 27 appeared
543 2039 32 23 for
589 2040 40 25 the,

68 2062 106 26 gardener
188 2065 119 20 contended
315 2066 45 21 also
370 2067 48 28 tha£
426 2074 11 14 a
447 2067 92 23 kawktr
552 2064 77 26 T'Tone

73 2090 49 22 who
135 2090 266 38 sell«^«nds,ijjjj?i£tfg
410 2097 31 22 tlit
447 2097 53 23 min
522 2105 12 15 a
558 2098 71 30 public

73 2120 68 28 place.
173 2122 46 22 Tiie
230 2123 135 24 information
377 2135 43 14 was
434 2128 119 28 dismissal.
565 2147 10 10 m

104 2162 48 22 The
166 2165 78 22 annual
262 2166 94 30 meeting
372 2168 25 22 of
414 2168 129 24 subscribers
557 2173 23 19 to
593 2170 36 23 the

78 2192 130 24 Benevolent
221 2195 121 23 Institution
355 2198 37 21 has
401 2199 53 21 been
463 2199 50 21 held
524 2200 21 21 in
557 2201 57 21 Dune-

75 2222 45 27 din,
134 2223 61 22 when
207 2224 36 22 the
254 2226 115 22 Directors'
384 2232 70 24 report
473 2236 43 14 was
527 2230 100 29 adopted.

76 2252 49 21 The
139 2259 72 22 report
231 2261 47 21 says
296 2256 36 22 the
353 2257 88 28 chaiyes
462 2259 63 21 made
544 2260 27 27 by
593 2260 35 21 W.

78 2281 78 22 Martin
168 2284 42 21 and
221 2284 28 22 D.
264 2285 74 22 Walsh
346 2286 83 28 agaimt
438 2287 37 22 the
482 2294 147 22 management

78 2310 42 23 had
141 2312 52 22 been
214 2313 139 30 investigated
370 2317 42 21 and
433 2317 120 29 disproved.
583 2319 46 22 The

75 2348 48 15 sum
134 2342 24 21 of
165 2343 32 27 £I
202 2348 41 24 SOO
254 2344 38 22 has
303 2345 52 23 been
372 2347 74 24 placed
463 2356 27 14 on
509 2349 83 28 deposit
608 2348 21 24 in

76 2373 37 20 the
123 2373 100 23 Colonial
235 2375 60 23 Bank
307 2377 42 22 and
440 2379 82 22 carried
538 2379 91 23 forward

75 2405 24 17 to
109 2406 49 18 next
168 2408 96 17 account.

105 2443 47 23 The
165 2444 63 23 death
240 2446 24 23 of
273 2447 34 22 Sir
322 2448 88 23 Charles
428 2450 68 28 Reed,
514 2451 116 23 Chairman

76 2473 26 20 of
109 2473 36 22 the
165 2475 91 23 London
277 2477 79 23 School
377 2480 70 22 Board
459 2481 17 21 is
496 2482 132 22 announced.

80 2504 35 21 Sir
132 2504 89 26 Charles
238 2513 43 16 was
292 2513 21 17 at
330 2508 37 24 the
387 2509 54 23 head
461 2510 26 23 of
500 2518 27 15 an
537 2511 94 24 eminent

79 2534 164 32 type-founding
250 2537 46 23 firm
304 2539 21 22 in
333 2539 97 29 London,
440 2542 42 21 and
491 2549 43 16 was
540 2543 92 29 actively

80 2565 114 22 interested
202 2567 20 20 in
232 2568 35 21 the
275 2569 116 22 charitable
402 2571 128 23 institutions
541 2572 91 22 founded

80 2594 29 28 by
121 2594 32 23 bis
163 2595 77 29 father,
251 2598 36 22 the
297 2598 43 22 late
351 2600 52 22 Rev.
417 2601 32 22 Dr
459 2601 94 23 Andrew
564 2603 68 22 Reed.

82 2624 37 21 He
130 2633 42 14 was
186 2627 52 21 bom
249 2635 27 14 on
288 2629 49 21 20th
347 2629 63 28 June,
425 2631 53 21 1810
487 2633 43 20 and
546 2640 43 13 was
598 2633 36 20 the

80 2654 77 22 author
167 2655 24 22 of
198 2657 80 23 several
295 2659 134 24 educational
440 2661 76 28 works,
529 2662 83 23 besides
622 2669 12 16 a

81 2685 36 21 life
127 2686 22 21 of
159 2685 32 22 his
202 2686 75 24 father.

95 2734 7 6 •
110 2727 65 23 From
189 2728 36 23 the
246 2734 70 25 report
333 2732 20 22 in
365 2733 89 23 another
466 2735 87 22 column
563 2734 25 23 of
599 2734 36 23 the

83 2758 94 29 meeting
186 2758 24 23 of
218 2765 121 25 ratepayers
348 2764 23 22 of
388 2764 127 30 Roxburgh,
534 2765 52 22 held
595 2765 41 22 )a<*

81 2787 112 30 Thuisday
213 2791 97 29 evening,
333 2793 15 23 it
368 2794 44 22 will
424 2795 27 22 be
468 2803 49 15 seen
529 2796 45 22 that
585 2796 50 28 they

83 2826 36 14 are
129 2821 23 19 to
162 2819 55 23 have
226 2827 29 15 an
269 2824 138 28 opportunity
417 2824 25 22 of
449 2826 121 28 expressing
581 2826 54 21 their

85 2848 76 22 wishes
168 2857 24 14 as
202 2854 23 18 to
235 2850 36 23 the
282 2854 135 22 waterworks
428 2855 91 28 scheme,
530 2861 28 16 on
568 2855 53 23 Tues-

83 2879 50 27 day,
158 2880 36 22 the
217 2881 48 28 19th
285 2883 85 24 instant.
411 2886 37 21 An
470 2886 165 21 advertisement

83 2909 107 21 mentions
200 2910 45 22 that
262 2912 37 21 the
316 2913 46 28 poll
377 2914 44 21 will
441 2915 27 20 be
485 2921 56 21 open
558 2918 23 18 at
599 2915 37 21 the

85 2937 68 23 Town
165 2939 84 22 Clerk's
258 2941 60 22 office
329 2949 27 15 on
367 2943 45 22 that
422 2944 42 30 day
474 2948 22 18 at
505 2949 14 23 9
529 2951 51 16 a.m.
593 2944 42 23 and

83 2967 59 24 close
151 2974 22 18 at
183 2970 14 22 6
207 2978 62 21 p.m.,
283 2973 42 21 and
336 2981 32 15 we
377 2982 49 21 may
437 2975 81 21 remind
530 2975 36 22 the
582 2979 43 18 rate-

84 3005 76 21 payers
170 3000 45 22 that
226 3001 60 22 there
303 3007 55 18 must
370 3003 26 23 be
414 3011 13 15 a
444 3004 100 29 majority
554 3005 25 22 of
586 3011 37 15 one-

83 3028 47 22 fifth
149 3029 21 23 in
188 3030 59 23 favor
257 3031 23 23 of
289 3032 37 23 the
341 3033 85 24 scheme
443 3034 72 23 before
533 3034 36 23 the
588 3034 48 23 loan

83 3058 44 23 will
139 3059 26 22 be
175 3061 123 23 sanctioned
308 3063 27 28 by
346 3064 153 23 Government.
529 3065 48 22 The
587 3072 37 21 sup-

84 3093 82 23 porters
175 3091 24 21 of
208 3091 35 22 the
255 3096 120 19 movement
386 3093 43 23 will
447 3094 82 29 require
539 3098 23 18 to
578 3094 59 22 bhow

87 3127 58 14 --ome
162 3121 87 29 activity
261 3122 22 22 in
303 3123 99 29 bringing
422 3128 121 25 ratepayers
560 3128 22 18 to
602 3124 35 22 the

83 3149 53 28 poll.

112 3192 20 21 A
141 3192 92 30 meeting
243 3192 25 23 of
275 3193 36 22 the
320 3194 99 23 Dunedm
428 3194 83 31 Jockey
519 3195 56 23 Club
586 3195 52 23 took

85 3221 62 30 place
159 3223 62 22 there
238 3231 28 14 on
278 3224 108 29 Tuesday,
408 3226 36 21 the
465 3227 36 28 sth
520 3227 85 26 instant,
617 3231 22 17 to

85 3252 98 22 consider
193 3252 36 22 the
243 3253 147 29 explanations
407 3259 46 19 sent
473 3257 28 28 by
520 3256 37 23 the
577 3257 59 21 Hon.

87 3281 36 23 W.
138 3282 110 22 Robinson
269 3291 22 14 re
303 3285 36 21 the
353 3285 120 29 scratching
483 3286 25 23 of
524 3286 36 23 the
577 3286 62 22 horse

87 3311 93 22 Natator
203 3315 22 18 at
249 3312 36 22 the
310 3319 70 17 recent
403 3315 102 22 Dunedin
536 3316 100 28 meeting.

88 3340 83 24 Letters
181 3347 56 16 were
245 3342 49 22 read
306 3342 54 23 from
371 3344 36 21 Mr
418 3344 111 23 Robinson
539 3345 43 22 and
592 3345 47 22 also

87 3371 54 23 bom
150 3371 36 24 Mr
197 3371 30 23 H.
239 3372 24 23 P.
277 3372 78 29 Lance,
369 3373 48 23 who
428 3374 38 22 has
483 3374 79 29 charge
570 3375 23 23 of
602 3378 37 20 the

86 3401 97 21 business
202 3407 157 23 arrangements
386 3405 117 22 connected
527 3405 52 22 with
604 3406 35 21 Mr

87 3430 131 23 Robinson's
230 3431 79 28 horses,
321 3433 43 22 and
381 3433 54 23 after
452 3441 59 17 some
521 3435 117 23 discussion

86 3461 157 22 consideration
277 3464 26 19 of
319 3464 36 21 the
380 3464 70 22 whole
473 3465 98 28 question
595 3472 44 14 was

87 3489 119 28 adjourned
218 3490 32 23 for
266 3498 12 14 a
292 3492 66 26 week,
378 3492 21 22 in
415 3500 145 23 consequence
570 3494 25 22 of
602 3495 37 21 the

87 3519 62 22 small
159 3520 126 23 attendance
296 3521 23 23 of
334 3522 105 23 members
449 3527 23 20 at
490 3525 36 22 the
536 3525 102 27 meeting.

88 3550 48 22 The
145 3550 86 27 general
245 3551 87 28 opinion
344 3552 25 23 of
384 3552 60 23 those
461 3559 84 22 present
563 3561 43 15 was
617 3555 21 20 in

86 3580 60 21 favor
165 3579 25 22 of
213 3580 113 29 disqualify
335 3588 29 22 ng
383 3581 91 24 Natator
500 3583 55 22 from
574 3584 63 28 again

86 3609 93 30 running
189 3617 28 15 on
228 3610 102 24 Dunedin
345 3619 47 16 race
400 3619 82 17 course.

114 3648 35 21 Mr
157 3648 73 28 James
242 3648 70 22 Smith
329 3647 33 30 (of
370 3649 131 29 Greenfield)
521 3649 116 23 Chairman

87 3678 25 22 of
120 3678 35 22 the
168 3678 105 22 Balmoral
286 3678 61 22 Road
358 3679 78 27 Board,
449 3681 63 21 sends
522 3687 12 15 a
545 3681 61 22 letter
616 3685 22 18 to

87 3709 37 21 the
163 3708 68 22 Bruce
242 3709 83 22 Herald
360 3716 23 16 re
400 3709 35 22 Mr
452 3709 84 23 Walter
551 3710 88 22 Miller's

87 3739 78 27 charge
175 3738 25 22 of
207 3738 116 23 unfairness
339 3739 83 28 against
435 3739 37 22 the
489 3740 78 22 Board.
596 3741 34 21 Ac

89 3769 88 28 coraing
196 3772 23 18 to
245 3768 36 22 the
308 3768 132 23 Chairman's
461 3772 119 24 statement,
604 3770 35 21 Mr

88 3798 73 22 Miller
171 3799 38 21 has
219 3798 50 29 paid
286 3799 52 28 only
353 3798 56 28 ,£96,
428 3799 97 22 one-half
537 3799 25 23 of
570 3799 67 22 which

87 3834 43 15 was
141 3828 91 27 subsidy,
254 3828 43 22 and
311 3829 47 21 that
375 3829 37 21 the
426 3829 71 21 Board
517 3829 62 21 vo:ed
590 3827 50 28 £2O

88 3857 32 22 for
131 3857 35 23 the
176 3858 69 28 repair
254 3857 25 23 of
291 3866 13 15 a
319 3857 52 24 road
388 3859 92 29 running
497 3858 91 30 through
605 3858 35 23 Mr

89 3887 89 24 Miller's
203 3893 106 25 property,
337 3889 37 24 but
398 3888 37 24 the
465 3890 76 21 Mount
569 3889 72 22 Stuart

89 3918 88 22 Boards
195 3919 111 29 Inspector
315 3920 99 29 reported
429 3919 36 23 the
482 3920 51 22 road
550 3922 22 20 to
583 3920 27 22 be
619 3919 21 21 in

90 3949 56 26 good
157 3950 75 27 repair.
263 3950 48 23 The
322 3951 61 22 letter
393 3951 18 21 is
425 3950 95 29 lengthy,
539 3950 42 23 and
591 3956 38 16 con-

91 3977 73 21 cludes
173 3979 29 27 by
212 3979 74 29 saying
296 3980 45 23 that
352 3980 36 25 Mr
398 3980 72 23 Miller
487 3980 38 23 has
535 3987 75 15 reason
620 3983 22 21 to

92 4007 67 21 thank
169 4008 37 22 the
216 4008 108 24 Balmoral
336 4010 69 23 Board
418 4010 22 24 in
452 4010 59 30 place
520 4010 25 24 of
553 4010 77 28 malign-

92 4036 37 29 ing
139 4037 101 24 i».—The
247 4040 136 29 complexion
400 4041 25 23 of
432 4045 87 20 matters
529 4048 28 17 on
574 4039 70 24 which

93 4073 32 15 we
143 4069 135 21 commented
300 4071 52 22 does
372 4074 38 19 not
430 4078 80 22 appear
525 4070 119 27 materially

92 4095 88 24 altered.
211 4096 45 24 The
264 4098 41 23 fact
315 4106 92 16 remains
416 4100 52 28 that,
481 4100 98 23 however
588 4099 57 29 good

95 4125 36 22 the
149 4126 115 24 intentions
281 4129 22 22 of
322 4130 36 23 the
378 4130 108 24 Balmoral
506 4130 70 23 Board
597 4137 48 21 may

94 4155 55 22 have
161 4156 62 26 been,
237 4158 48 28 they
297 4159 54 23 have
368 4161 57 22 done
443 4161 55 23 little
515 4168 24 15 or
555 4161 90 28 nothing

94 4185 32 23 for
138 4186 35 21 Mr
183 4186 79 28 Miller,
272 4189 41 21 and
324 4196 24 14 so
358 4190 31 22 far
398 4198 24 14 as
437 4191 45 23 that
496 4191 121 29 gentleman
628 4190 17 22 is

93 4215 119 23 concerned
224 4215 49 30 they
289 4219 68 28 might
367 4224 21 18 at
398 4228 54 16 once
468 4222 56 23 wind
543 4229 29 22 up
591 4220 54 24 their

91 4243 76 25 affairs.

677 174 45 24 Our
732 174 84 24 readers
838 181 36 15 are
884 171 101 31 specially
995 169 108 25 reminded
1128 169 24 22 of
1165 168 38 24 the

650 206 109 26 following
769 205 72 27 public
849 207 180 18 announcements
1045 200 69 23 which
1124 207 80 21 appear

649 235 22 20 in
679 240 41 14 our
737 233 129 26 advertising
880 233 96 19 columns
995 231 42 20 this
1054 230 42 27 day
1105 228 99 22 :—Good

651 263 84 29 Friday,
747 263 36 22 the
796 263 48 29 15th
856 263 85 22 instant.
952 260 81 28 Soiree,
1050 259 93 23 Concert
1162 257 43 23 and

651 294 46 22 Ball
717 297 21 19 at
761 294 94 28 Mackay
876 291 105 23 Brothers'
994 290 52 28 (late
1062 288 124 29 M'Cunn's)
1197 296 9 17 -.

651 324 104 29 Saturday
764 324 35 23 the
812 323 56 28 16th,
882 327 21 18 at
913 329 42 16 one
964 320 84 26 o'clock
1059 327 61 24 p.m.,
1132 319 71 29 sharp,

650 360 21 17 at
684 355 135 22 Nicholson's
828 354 66 22 Hotel
905 352 114 29 (Ettrick),
1030 354 56 20 lease
1093 351 25 22 of
1122 350 84 24 Ettrick

652 386 100 25 Reserve,
760 384 33 23 for
803 391 41 16 one
855 391 24 14 or
898 390 60 16 more
972 388 63 23 years
1044 389 6 19 ;
1068 380 139 28 Wednesday

651 416 36 21 the
698 414 58 28 20th,
769 417 21 18 at
800 414 73 21 eleven
892 412 85 23 o'clock
997 419 43 15 a.m
1050 419 8 19 ;
1083 410 60 21 R.M.
1163 409 44 22 and

652 444 112 23 Warden's
775 444 74 26 Court,
864 442 124 30 Roxburgh.

680 482 21 22 A
717 482 47 21 nke
774 481 61 29 point
845 487 42 15 was
897 479 68 23 raised
976 478 22 23 in
1011 477 35 24 the
1058 477 61 23 R.M.
1129 476 76 27 Court,

656 512 127 25 Alexandra,
806 511 72 21 before
896 510 71 27 Major
992 508 102 26 Keddell,
1113 515 28 14 on
1155 506 53 28 29th

654 542 80 22 March.
765 542 21 21 A
802 541 69 22 minor
884 540 52 22 sued
953 539 32 21 for
1000 539 101 25 damages
1115 536 92 28 through

653 572 32 22 his
704 574 48 19 next
767 571 68 22 friend
859 570 44 28 (his
927 568 90 29 father).
1061 567 36 22 Mr
1124 567 84 22 Wilson

654 602 89 29 (Clyde)
756 600 98 31 objected
866 601 46 21 that
922 600 21 21 in
955 600 51 21 such
1016 606 12 15 a
1039 605 49 15 case
1105 597 36 23 the
1157 597 51 29 only

653 635 122 24 competent
794 632 69 21 Court
886 637 43 15 was
943 630 37 21 the
1002 630 106 26 Supreme
1133 628 73 21 Court.

654 662 47 22 The
709 668 50 15 case
769 668 43 15 was
828 659 119 30 adjourned
957 658 32 22 till
1007 659 37 21 the
1058 658 47 27 13th
1118 657 88 27 instant,

654 696 23 19 to
686 691 76 23 enable
771 691 35 23 the
815 691 66 22 Court
892 694 23 19 to
929 689 98 23 consider
1037 688 36 23 the
1084 687 69 30 point.

826 726 22 21 in
860 724 97 28 Friday's
969 725 12 11 u
991 724 101 27 Morning

654 763 70 15 recurs
735 759 22 18 to
768 756 36 22 the
820 755 140 29 expenditure
974 760 30 15 on
1025 753 38 22 the
1082 752 126 23 Goldfields'

656 788 83 20 Courts.
772 786 37 21 He
818 785 104 22 contends
933 785 45 20 that
989 784 36 21 the
1042 783 61 22 work
1112 783 57 22 done
1179 783 29 27 by

656 816 36 21 the
700 814 69 23 whole
779 814 25 22 of
812 815 37 21 the
852 812 63 25 jhree
927 814 105 21 Wardens
1041 813 64 22 could
1116 812 27 23 be
1151 812 57 23 done

656 846 28 29 by
691 852 47 19 one,
752 844 88 29 holding
851 851 13 14 a
872 844 67 21 Court
947 843 21 22 in
979 842 53 23 each
1040 842 106 29 township
1155 849 53 15 once

656 877 22 20 iu
693 875 34 21 six
742 875 77 22 weeks.
858 873 47 22 The
922 873 82 21 routine
1016 872 59 22 work
1093 873 71 21 would
1182 872 26 22 be

656 906 55 21 done
722 905 28 27 by
760 905 36 20 the
807 903 83 26 Clerks,
902 903 43 21 and
957 903 69 21 minor
1037 902 66 22 Court
1114 902 94 22 business

656 936 28 28 by
694 938 43 19 two
743 934 20 29 J.
769 932 93 24 P.'sand
872 939 12 14 a
895 932 83 29 weekly
988 932 74 23 Court.
1079 933 13 11 •'
1101 931 86 22 Reform

656 965 73 23 claims
739 968 23 19 to
777 962 66 26 know
854 962 56 23 what
920 962 28 23 he
959 962 71 23 writes
1040 961 72 28 about,
1131 961 77 30 having

655 995 57 23 lived
722 1001 63 21 many
863 993 22 21 in
896 1000 12 14 a
918 992 119 29 goldfields'
1044 992 113 28 township,
1166 993 42 21 and

656 1032 46 23 says
713 1025 35 22 the
759 1024 59 23 work
830 1023 17 23 ia
858 1023 81 29 greatly
950 1022 42 23 less
999 1023 51 22 than
1059 1021 16 24 it
1086 1029 43 16 was
1139 1026 21 19 at
1167 1029 41 16 one

656 1058 57 20 time.
746 1056 36 21 He
794 1054 46 22 also
851 1054 81 28 objects
943 1058 22 17 to
976 1054 36 21 the
1023 1053 106 22 Wardens
1139 1053 69 29 hiring

655 1091 37 14 out
703 1085 54 20 their
771 1085 73 20 horses
854 1087 22 18 to
887 1084 35 21 the
933 1084 153 21 Government.

684 1121 36 22 Mr
729 1117 146 26 Maclennan's
885 1117 101 25 furniture
997 1117 42 24 and
1047 1117 72 24 effects
1133 1124 36 17 are
1186 1120 24 22 to

656 1154 27 22 be
697 1152 94 30 exposed
801 1152 33 23 for
843 1151 45 24 sale
903 1151 27 29 by
938 1151 85 23 auction
1034 1154 21 20 at
1066 1150 36 23 Mr
1111 1150 99 24 Burton's

656 1184 113 21 sale-room
780 1189 29 14 on
819 1182 100 27 Tuesday
934 1182 36 21 the
981 1181 52 21 26th
1050 1181 78 21 instant
1138 1184 22 18 at
1169 1188 42 15 one

656 1213 82 24 o'clock
758 1211 132 32 p.m.—The
912 1210 101 24 furniture
1037 1209 17 23 is
1078 1210 25 22 of
1123 1217 13 15 a
1160 1217 51 22 very

656 1244 96 29 superior
762 1244 61 25 class,
836 1243 42 21 and
894 1242 36 22 the
944 1242 62 22 other
1017 1241 72 22 effects
1103 1241 85 22 include
1198 1250 13 13 a

656 1274 77 23 breech
744 1273 72 22 loader
825 1272 43 21 and
875 1271 101 27 revolver,
992 1275 45 18 two
1051 1270 60 23 hives
1120 1270 24 23 of
1152 1271 59 27 bees,

657 1309 42 18 two
720 1304 72 22 horses
817 1302 52 23 with
892 1302 92 26 saddles,
1000 1300 76 30 whips,
1086 1300 43 23 and
1141 1308 68 22 spurs,

657 1333 137 24 &c—Three
819 1333 98 22 valuable
944 1331 92 23 sections
1052 1331 21 22 in
1094 1331 117 30 Roxburgh

657 1366 68 21 Town
736 1363 43 22 will
790 1364 27 21 be
826 1363 47 22 sold
883 1367 22 18 at
922 1362 37 23 the
978 1368 59 15 same
1057 1361 140 24 time.—Cata-

656 1396 73 28 logues
739 1401 37 14 are
786 1394 21 21 in
819 1393 135 29 preparation
969 1391 43 23 and
1031 1398 49 22 may
1092 1392 27 23 be
1136 1392 42 23 had
1189 1392 23 22 of

656 1425 36 22 the
701 1424 128 22 auctioneer.

683 1461 48 22 The
743 1461 54 22 Rev.
807 1459 21 29 J.
840 1458 30 23 A.
893 1457 93 24 Luxford
1009 1457 109 30 (formerly
1137 1457 25 22 of
1173 1457 38 23 the

657 1491 113 30 Wesleyan
788 1490 86 22 Church
894 1488 134 29 Lawrence),
1050 1488 38 22 has
1110 1488 100 23 removed

657 1523 53 22 from
721 1522 93 26 Marton,
838 1519 131 30 Rangitikei,
988 1523 23 19 to
1031 1519 72 23 Patea.
1134 1518 76 24 Before

656 1553 85 22 leaving
755 1552 86 21 Marton
851 1551 27 20 he
889 1557 43 14 was
941 1549 120 28 presented,
1073 1553 22 17 at
1106 1556 12 14 a
1137 1549 72 27 public

657 1582 101 28 meeting,
783 1580 50 22 with
858 1586 13 15 a
895 1579 103 22 beautiful
1022 1582 43 19 mot
1068 1578 72 22 her-of
1151 1578 58 28 pearl

656 1612 83 27 album,
750 1611 20 22 in
782 1609 69 23 which
859 1610 37 22 the
906 1610 100 27 portraits
1016 1608 24 24 of
1047 1615 14 16 a
1080 1608 90 23 number
1188 1608 24 23 of

656 1643 33 22 his
701 1642 87 28 Sunday
798 1640 73 22 school
881 1640 95 22 scholars
989 1646 37 16 are
1035 1643 23 18 to
1070 1639 27 22 be
1107 1639 100 27 inserted,

655 1672 42 23 and
716 1679 14 15 a
753 1677 32 17 set
805 1671 25 21 of
852 1670 64 22 silver
941 1670 76 22 butter-
1022 1669 76 24 knires
1112 1669 33 22 for
1164 1669 46 22 Mrs

656 1702 101 22 Luxford.
795 1700 48 22 The
871 1700 94 28 meeting
986 1708 44 15 was
1055 1700 102 22 attended
1181 1701 28 27 by

655 1731 105 23 members
769 1730 22 22 of
801 1730 37 22 the
848 1729 84 22 various
948 1730 172 22 denominations
1139 1730 23 22 in
1173 1730 37 22 the

654 1761 88 26 district,
752 1759 43 24 and
810 1766 43 16 was
868 1765 50 22 very
928 1760 143 24 enthusiastic.

682 1798 36 22 Mr
742 1797 63 26 Dow,
831 1794 80 31 special
934 1795 167 25 Commissioner
1124 1798 26 23 of
1173 1797 37 24 the

654 1828 152 23 '•-Melbourne
951 1826 39 23 has
1009 1827 54 23 been
1077 1836 29 15 on
1130 1836 13 15 a
1162 1832 47 19 tour

654 1859 91 29 through
759 1857 42 23 this
811 1857 91 29 Colony,
914 1857 43 23 and
967 1857 113 24 addressed
1091 1866 13 16 a
1113 1859 96 30 meeting

653 1895 22 17 at
684 1889 107 25 Dunedin,
805 1888 40 21 last
854 1888 119 28 Thursday.
1004 1889 36 21 He
1056 1890 46 21 said
1122 1890 54 22 after
1195 1897 12 14 a

653 1924 43 18 two
710 1916 91 25 months'
815 1921 48 19 tour
877 1918 33 21 his
925 1918 136 29 impressions
1079 1926 56 16 were
1152 1922 56 20 most

652 1950 115 22 favorable.
800 1948 36 22 Ile
843 1955 42 15 was
893 1948 105 29 surprised
1008 1952 22 18 at
1037 1949 37 22 the
1083 1949 123 28 production

646 1976 30 25 Vof
683 1980 35 21 the
733 1978 46 23 soil,
792 1979 37 21 the
839 1977 51 29 high
900 1978 68 28 yields
986 1978 23 21 of
1031 1979 68 27 grain,
1118 1979 43 22 and
1171 1978 37 23 the

651 2009 125 23 luxuriance
786 2006 24 25 of
823 2006 36 23 the
872 2007 98 22 artificial
991 2015 88 21 grasses,
1101 2009 43 21 and
1155 2015 52 23 jffiii

657 2065 115 25 Australia,
783 2065 42 21 and
835 2065 22 21 in
872 2071 60 16 some
943 2066 71 27 places
1032 2065 60 21 three
1106 2065 63 22 times
1190 2062 23 23 is

657 2099 66 28 great.
755 2095 59 23 With
826 2101 39 16 our
875 2094 85 23 ciimate
968 2094 42 22 and
1030 2100 100 16 nearness
1144 2097 23 20 to
1177 2093 36 23 the

657 2135 11 14 c
676 2131 47 21 -ast,
732 2126 56 21 New
797 2125 93 21 Zealand
902 2125 41 20 had
956 2125 89 27 nothing
1053 2129 22 16 to
1095 2125 44 21 fear
1158 2125 53 21 from

658 2156 114 23 American
783 2154 147 28 competition.

686 2193 36 21 Mr
729 2191 95 24 Manuel,
837 2189 114 22 Chairman
960 2189 26 22 of
993 2189 35 22 the
1040 2190 77 22 Mount
1130 2191 82 28 Benger

659 2222 84 27 Mining
749 2219 142 26 Association,
904 2219 122 22 mentioned
1035 2223 21 18 at
1076 2220 37 21 the
1133 2220 78 22 School

658 2250 128 24 Committee
797 2249 98 28 meeting,
908 2248 39 22 last
960 2249 78 27 Friday
1056 2249 97 28 evening,
1167 2249 51 22 thaf

657 2283 28 20 he
696 2280 48 26 had,
753 2286 28 15 on
792 2278 71 22 behalf
873 2278 25 22 of
903 2278 37 22 the
948 2278 142 28 Association,
1099 2278 114 23 addressed

657 2319 13 14 a
687 2312 158 21 remonstrance
869 2314 23 16 to
913 2308 37 22 the
975 2308 98 23 Minister
1097 2308 24 23 of
1143 2309 70 23 Mines

657 2341 82 29 against
750 2339 111 30 depriving
872 2339 43 22 this
934 2339 82 22 district
1038 2338 25 23 of
1075 2339 38 22 the
1124 2339 89 23 services

658 2373 23 21 of
701 2379 13 14 a
739 2370 92 23 resident
850 2369 66 23 Clerk
936 2370 42 21 and
999 2369 102 23 Receiver
1119 2370 25 22 of
1156 2370 56 23 Gold

661 2403 106 24 Revenue,
791 2401 47 25 &o,
866 2400 36 20 but
927 2406 23 14 as
965 2403 35 24 yet
1014 2399 28 21 he
1057 2399 44 21 had
1117 2400 96 22 received

659 2438 28 15 no
697 2429 134 30 reply.—Mr
842 2429 88 21 Manuel
941 2429 97 22 deserves
1058 2429 37 23 the
1104 2429 78 23 thanks
1191 2429 25 23 of

660 2462 37 22 the
706 2460 78 23 miners
794 2458 43 23 and
848 2459 82 22 settlers
970 2459 20 22 It
1002 2459 17 22 is
1030 2464 22 17 to
1067 2459 27 23 be
1110 2459 104 29 regretted

659 2492 46 22 that
725 2490 42 22 this
785 2496 43 15 was
852 2492 37 19 not
910 2489 56 22 done
990 2488 73 23 before
1078 2490 37 22 the
1131 2489 83 29 change

659 2520 92 29 actually
764 2519 109 28 occurred.

689 2554 32 20 Dr
730 2551 102 28 Douglas,
842 2550 23 22 of
877 2549 106 30 Tapanui,
994 2550 36 23 the
1051 2550 74 23 health
1144 2551 72 22 officer

661 2582 22 23 of
690 2582 46 22 that
744 2580 100 29 Borough
855 2580 17 22 is
880 2579 80 23 knowu
968 2587 23 16 as
999 2587 12 15 a
1019 2579 74 25 skilful
1099 2580 116 30 physician,

661 2613 42 22 and
715 2618 68 16 seems
792 2610 86 29 equally
889 2614 22 19 to
921 2610 60 23 shine
996 2617 25 16 as
1040 2619 13 14 a
1066 2611 141 22 letter-writer

662 2642 51 22 —lf
721 2641 27 22 he
758 2640 73 22 wields
842 2640 36 22 the
888 2640 70 22 lancet
968 2647 23 15 as
1005 2641 122 28 vigorously
1136 2648 24 16 as
1181 2640 35 22 the

663 2680 41 20 pen
715 2673 26 21 he
757 2670 43 23 will
812 2676 66 23 prove
889 2678 28 14 an
934 2671 177 28 unquestionable
1128 2677 88 17 success.

663 2702 53 22 This
723 2702 17 21 is
750 2700 50 22 how
810 2700 28 21 he
848 2700 93 22 scarifies
950 2707 13 15 a
982 2702 167 28 correspondent
1169 2700 48 23 who

663 2732 41 22 had
715 2731 36 23 the
766 2730 100 28 temerity
875 2730 25 23 of
918 2730 84 29 writing
1016 2734 24 19 to
1054 2730 37 24 the
1115 2730 101 24 Dunedin

824 2760 103 29 touching
958 2760 92 24 medical
1080 2765 87 19 matters
1196 2760 20 23 in

663 2791 170 31 Tapanui:—ln
843 2791 37 23 the
888 2791 62 23 items
960 2796 46 18 sent
1017 2792 29 28 by
1056 2800 54 21 your
1119 2791 97 31 Tapanui

663 2822 165 28 correspondent
850 2821 22 21 in
887 2821 92 29 to-day's
996 2821 56 24 issue
1066 2822 28 23 he
1113 2822 105 23 mentions

663 2854 47 21 that
812 2858 37 15 are
859 2855 43 18 two
910 2858 58 15 cases
977 2850 26 23 of
1019 2852 94 23 German
1130 2851 87 23 measles

662 2883 21 22 in
694 2883 36 22 the
849 2881 48 23 The
920 2888 58 15 cases
995 2883 28 23 he
1042 2887 66 19 terms
1125 2883 91 22 German

663 2913 88 21 measles
759 2918 37 14 are
806 2918 59 14 cases
872 2911 22 21 of
903 2914 47 18 true
956 2913 98 21 measks;
1084 2913 26 20 In
1120 2920 13 12 a
1141 2913 77 20 former

663 2941 178 23 communication
863 2944 23 18 to
910 2946 42 22 you
976 2941 28 24 he
1028 2941 123 23 mentioned
1171 2941 46 22 that

663 2972 90 29 typhoid
771 2971 57 23 fever
849 2970 43 23 had
911 2970 77 24 almost
1009 2972 141 29 disappeared
1164 2972 53 22 from

663 3001 106 30 Tapanui,
781 3001 64 22 while
852 3001 37 22 the
899 3001 42 22 fact
957 3001 17 23 is
981 3002 46 23 that
1035 3006 22 19 at
1064 3003 38 22 the
1115 3002 50 23 date
1184 3001 33 23 his

663 3032 51 23 item
725 3031 107 30 appeared
844 3031 9 22 I
865 3031 43 22 had
918 3031 59 24 three
988 3040 58 15 cases
1054 3032 24 23 of
1085 3032 46 23 that
1138 3032 79 23 disease

664 3063 67 22 under
746 3064 119 19 treatment.
897 3062 21 21 It
937 3062 19 21 is
979 3067 37 18 not
1040 3062 33 23 for
1084 3069 35 16 me
1141 3068 23 17 to
1181 3069 36 21 say

665 3092 95 22 whether
767 3092 90 21 medical
869 3095 87 18 matters
965 3099 36 16 are
1008 3092 25 23 of
1038 3092 87 23 interest
1134 3097 23 18 to
1166 3099 53 22 your

666 3128 62 22 many
739 3121 92 27 readers,
847 3121 37 22 but
895 3121 15 23 it
929 3123 72 21 would
1016 3123 28 22 be
1062 3130 24 14 as
1103 3123 49 22 well
1171 3123 47 22 that

665 3158 52 23 your
739 3151 165 29 correspondent
929 3151 77 23 should
1029 3153 85 22 confine
1135 3152 86 23 himself

665 3182 80 27 strictly
753 3184 22 20 to
783 3181 57 23 truth
851 3181 21 22 in
881 3181 32 23 his
924 3182 90 23 medical
1029 3191 66 16 news.

694 3218 65 23 Little
770 3217 96 23 business
877 3219 21 21 of
913 3218 55 23 local
983 3220 87 23 interest
1089 3229 44 15 was
1152 3224 55 20 trans-

665 3249 61 22 acted
737 3253 22 18 at
767 3248 39 22 last
815 3248 79 22 week's
903 3250 94 29 meeting
1005 3251 25 22 of
1035 3251 36 22 the
1080 3252 61 22 Land
1150 3252 69 21 Board

665 3280 24 22 of
698 3278 148 29 Otago—The
866 3279 72 22 Board
955 3280 125 24 considered
1091 3281 38 23 the
1147 3282 60 22 condi-

666 3310 56 21 tions
737 3316 58 21 upon
813 3309 69 21 which
899 3309 88 23 licenses
1007 3315 23 17 to
1046 3319 78 21 quarry
1139 3312 80 23 marble

666 3338 54 23 shall
734 3338 28 23 be
780 3338 50 22 held
850 3338 29 28 by
904 3338 80 24 Messrs
1009 3340 111 29 Malcolm,
1142 3342 74 27 Wade,

666 3370 80 22 Manro
762 3368 44 23 and
824 3369 88 26 M'Rae,
926 3373 22 19 at
965 3371 93 23 Caswell
1079 3372 81 28 Sound,
1177 3373 42 22 and

665 3399 78 23 annual
754 3399 34 22 fee
800 3402 23 19 to
833 3399 28 21 be
871 3399 92 29 charged
974 3400 33 22 for
1023 3403 37 21 the
1077 3409 68 16 same.
1172 3403 47 22 The

665 3431 79 22 license
754 3429 32 23 fee
797 3436 43 16 was
853 3429 55 22 fixed
918 3434 22 18 at
1010 3439 38 22 per
1059 3439 50 22 year
1120 3432 32 23 for
1166 3432 52 24 each

666 3460 84 26 license,
769 3459 132 22 conditional
917 3460 45 23 that
973 3463 116 28 quarrying
1098 3464 120 27 operation?

666 3490 26 22 be
708 3489 70 29 befeun
799 3489 57 21 bona
866 3488 43 22 fide
926 3490 74 22 within
1018 3492 32 21 six
1065 3493 86 21 months
1165 3493 53 21 from

665 3519 49 23 date
739 3519 23 23 of
786 3518 88 27 license,
898 3519 43 23 and
974 3521 116 23 continued
1115 3518 104 34 regularly

665 3549 114 23 thereafter
818 3549 77 28 during
924 3557 101 22 currency
1062 3552 24 22 of
1113 3552 106 23 license—

665 3579 112 22 otherwise
785 3579 79 21 license
878 3582 22 17 to
908 3579 27 21 be
943 3580 200 24 withdrawn.—An
1151 3581 56 30 appli-

665 3610 69 21 cation
752 3609 27 30 by
801 3608 35 23 Mr
859 3608 75 31 Angus
955 3610 99 24 MThail
1073 3615 24 20 to
1117 3612 102 31 purchase

665 3641 79 21 section
754 3646 34 23 31,
801 3640 66 24 block
883 3641 18 26 I,
920 3641 83 31 Benger
1018 3643 92 26 district,
1124 3651 43 15 was
1179 3650 37 22 ap«

665 3670 87 27 proved.

691 3734 116 26 LODGE
825 3735 92 25 HOPE
933 3736 44 24 OF
993 3737 200 31 ROXBURGH,

863 3766 22 26 I.
901 3768 28 24 O.
945 3768 31 24 G.
992 3769 28 23 T.

696 3835 51 25 The
759 3835 75 25 above
846 3835 80 32 Lodge
945 3838 50 23 met
1013 3837 38 25 for
1066 3837 110 26 business
1190 3846 32 17 on

667 3868 120 31 Saturday
807 3868 102 32 evening
929 3868 54 31 last,
1009 3870 63 25 after
1093 3870 76 26 which
1192 3879 30 17 an

668 3909 61 22 open
741 3901 118 31 harmony
869 3902 106 31 meeting
988 3910 47 18 was
1049 3903 66 26 held.
1147 3904 76 25 There

670 3943 47 16 was
729 3943 14 16 a
752 3933 65 32 large
828 3933 143 26 attendance
980 3936 26 25 of
1017 3936 119 28 members
1147 3940 27 22 of
1182 3938 42 24 the

670 3968 85 28 Order,
776 3966 47 25 and
837 3966 49 24 also
904 3968 26 23 of
950 3968 65 25 their
1036 3969 100 25 friends.
1174 3971 50 24 The

671 4000 117 30 harmony
815 3999 104 31 meeting
945 4000 92 32 opened
1063 4004 25 23 at
1111 4002 114 32 half-past

670 4032 74 33 eight,
757 4031 40 25 Mr
813 4031 144 32 Fitzgerald,
970 4032 112 33 W.C.T.,
1093 4037 132 31 occupying

672 4067 42 24 the
726 4065 75 25 chair.
830 4064 52 24 The
903 4066 153 31 proceedings
1077 4067 149 32 throughout

673 4105 62 17 were
750 4096 25 25 of
789 4104 14 17 a
816 4103 59 26 very
896 4096 125 34 enjoyable
1036 4099 130 32 character,
1178 4100 47 24 and

673 4129 170 27 refreshments
859 4136 62 19 were
934 4129 127 34 dispensed
1076 4133 86 31 during
1184 4132 42 25 the

672 4163 101 30 evening
785 4162 59 23 with
861 4170 15 16 a
887 4162 122 26 bountiful
1027 4164 73 25 hand.
1131 4166 81 24 Recita-

674 4197 62 23 tions
747 4194 47 26 and
810 4201 72 24 songs
893 4201 61 19 were
964 4195 70 30 given
1050 4204 27 17 as
1088 4197 94 26 follows
1190 4207 36 15 :

674 4230 55 24 Bro.
748 4227 144 31 Fi'zgerald,
907 4228 114 32 readiug;
1038 4229 57 27 Bro.
1118 4229 107 27 William

673 4263 86 30 Smith,
778 4269 57 24 song
846 4270 7 21 ;
868 4260 61 27 Miss
945 4261 80 25 Annie
1037 4262 88 31 Broad,
1142 4264 72 25 recita-

1214 148 2 27 j

1214 168 3 38 ;
1233 168 49 26 tion
1295 178 5 21 ;
1317 168 40 27 Mr
1371 168 26 28 J.
1413 169 24 27 J.
1448 169 86 32 Smith,
1546 178 58 25 song
1616 179 7 22 ;
1639 171 55 26 Bro.
1711 170 73 25 Robt.

1216 203 2 31 I
1232 203 85 26 Smith,
1342 204 140 28 recitation;
1510 205 61 23 Mist
1597 204 85 30 Higgs,
1707 212 77 22 song;

1217 233 2 34 >
1233 233 54 23 Bro.
1305 233 95 27 Wilkes,
1422 242 72 23 soug;
1523 235 56 24 Bro.
1601 235 102 30 Mercer,
1715 242 68 25 song,

1218 264 2 41 |
1233 264 46 25 and
1291 266 84 25 chorus
1388 267 101 31 (Messrs
1501 267 131 33 Hyndman
1643 268 48 25 and
1704 267 80 30 Fish);

1218 295 56 33 iMr
1296 298 66 30 Fish,
1385 309 61 24 song
1467 301 47 24 and
1539 301 105 29 chorus;
1677 300 53 25 Mrs
1757 301 27 24 F.

1218 330 3 35 !
1234 330 162 33 Woodhduse,
1409 342 57 23 song
1478 335 129 30 (encored);
1620 334 40 25 Mr
1670 334 114 30 Holman,

1219 359 2 37 !
1235 373 57 21 song
1307 365 46 24 and
1366 365 99 31 chorus;
1485 367 41 23 Mr
1539 367 27 25 J.
1581 368 25 23 J.
1621 367 87 29 Smith,
1722 367 52 24 reci-

1235 398 77 22 tation
1321 407 6 18 ;
1346 398 55 26 Bro.
1418 399 101 28 Mercer,
1543 407 59 22 song
1619 400 47 23 and
1688 401 95 22 chorus.

1235 428 80 25 —The
1326 429 135 31 Chairman,
1472 434 26 21 at
1509 431 41 24 the
1559 432 73 30 close,
1646 430 48 25 said
1716 439 14 16 a
1741 432 42 24 few

1236 462 77 24 words
1341 463 96 31 bearing
1462 471 31 18 on
1521 464 42 25 the
1585 464 62 31 good
1671 463 116 33 resulting

1235 495 62 24 from
1309 496 58 24 such
1384 496 124 32 meetings.
1542 498 35 23 He
1594 496 105 32 thought
1715 505 70 24 many

1236 527 107 32 pleasant
1354 528 72 25 hours
1438 529 70 25 could
1520 529 28 25 be
1559 533 69 26 spent
1648 529 86 31 during
1745 530 42 25 the

1236 559 86 25 winter
1329 561 114 32 evenings
1451 561 31 33 by
1491 561 99 32 holding
1596 562 58 25 such
1664 563 120 30 meetings.

1237 592 39 25 He
1292 593 124 26 remarked
1437 594 53 25 that
1506 603 72 23 many
1602 596 70 24 times
1686 594 30 26 he
1739 595 46 25 had

1239 625 113 26 attended
1378 627 115 30 meetings
1523 627 24 24 in
1577 627 114 24 Dunedin
1716 629 25 23 of
1774 636 13 16 a

1221 656 3 35 |
1239 658 90 25 similar
1339 662 91 28 nature,
1446 660 47 24 and
1505 658 76 25 which
1592 666 61 18 were
1665 662 43 22 not
1717 660 70 31 equal

1237 693 25 22 to
1275 690 41 26 the
1324 698 45 18 one
1377 691 56 32 they
1443 692 45 25 had
1500 691 100 32 enjoyed
1613 691 54 25 that
1677 699 106 25 evening.

1237 723 77 24 There
1327 731 46 16 was
1387 724 81 31 plenty
1480 724 28 24 of
1512 724 75 25 talent
1600 724 25 23 in
1635 725 40 23 the
1684 724 102 30 district,

1237 754 22 24 if
1274 754 57 33 they
1343 755 70 25 could
1435 756 58 32 only
1515 757 28 24 be
1566 756 102 25 induced
1682 758 26 22 to
1723 763 65 18 come

1237 787 186 26 forward—Mr
1433 789 96 24 Burton
1541 788 84 32 kindly
1641 789 112 32 presided
1762 792 25 21 at

1237 819 41 25 the
1289 820 70 30 piano
1371 820 89 31 during
1473 821 42 25 the
1526 822 111 31 evening,
1650 820 46 24 and
1710 824 25 21 at
1745 821 43 24 the

1237 851 61 26 close
1309 852 41 25 the
1362 852 129 25 Chairman
1502 853 136 26 mentioned
1651 853 54 24 that
1720 854 68 24 those

1238 884 51 25 who
1301 885 89 25 wished
1400 886 71 24 could
1482 886 92 25 remain
1583 894 12 16 a
1606 886 68 24 short
1682 886 59 24 time
1752 886 36 24 for

1236 925 14 16 a
1275 917 82 25 dance.
1397 918 76 24 These
1493 919 115 31 meetings
1632 918 80 24 would
1734 919 54 23 take

1237 949 52 26 well
1301 949 87 33 during
1401 949 41 27 the
1456 950 84 25 winter
1555 950 123 34 evenings,
1696 950 47 27 and
1756 958 32 17 we

1237 982 61 32 hope
1308 987 25 20 to
1345 990 38 17 see
1396 984 65 23 them
1472 984 55 24 held
1541 992 64 16 more
1616 985 144 31 frequently.

1297 1051 190 26 ROXBURGH
1512 1052 217 26 ATHENÆUM.

1267 1127 39 28 An
1320 1126 130 34 adjourned
1466 1127 80 35 public
1562 1127 103 34 meeting
1677 1136 45 18 was
1736 1126 53 29 held

1237 1164 25 23 in
1284 1163 41 25 the
1335 1164 153 22 'Atheoseura
1508 1172 32 15 on
1560 1164 108 29 Monday
1683 1165 106 28 evening.

1238 1193 219 27 Present—Messrs
1465 1194 128 32 Beighton,
1605 1195 102 30 Burton,
1716 1195 73 30 Coop,

1237 1227 123 32 Cormack,
1381 1226 83 33 Davit,
1489 1228 83 32 Higgs,
1588 1228 78 32 Ryan,
1687 1226 48 27 and
1751 1228 37 25 W.

1238 1261 88 24 Smitb.

1269 1293 40 26 Mr
1323 1292 117 32 Beighton
1459 1301 47 17 was
1524 1293 75 26 called
1618 1294 25 23 to
1661 1291 41 27 the
1718 1292 71 28 chair,

1238 1326 48 26 and
1297 1326 125 33 explained
1432 1326 53 24 that
1497 1326 43 26 the
1554 1326 105 33 meeting
1670 1326 47 24 had
1731 1326 58 24 been

1238 1359 134 31 adjourned
1387 1359 24 24 in
1424 1359 71 24 order
1506 1360 51 24 that
1568 1359 20 24 it
1601 1359 77 31 might
1694 1359 28 24 be
1734 1366 55 17 seen

1238 1392 104 25 whether
1375 1392 42 25 the
1452 1392 133 30 gentlemen
1616 1391 118 32 proposed
1762 1399 27 16 as

1238 1425 116 24 members
1388 1425 25 23 of
1436 1424 143 25 Committee
1605 1423 81 25 would
1707 1427 82 27 accept

1236 1458 67 26 office
1313 1458 127 24 if'elected.

1266 1490 41 26 Mr
1322 1490 66 32 Coop
1401 1489 98 33 said£he
1520 1489 47 26 had
1582 1496 56 19 seen
1657 1497 14 17 a
1688 1488 101 26 number

1238 1523 28 27 of
1274 1525 117 24 members
1401 1524 26 24 of
1441 1524 42 24 the
1500 1522 157 32 community,
1675 1522 47 25 and
1734 1531 54 16 now

1238 1556 94 25 handed
1351 1557 25 23 in
1393 1564 14 16 a
1429 1555 40 25 list
1480 1555 28 25 of
1517 1555 134 30 gentlemen
1665 1555 55 23 who
1741 1554 47 24 had

1237 1588 124 32 expressed
1391 1587 62 25 their
1483 1587 143 29 willingness
1652 1588 26 23 to
1707 1589 38 22 act
1770 1587 18 24 if

1236 1621 89 26 elected
1336 1621 48 25 and
1394 1620 32 25 do
1435 1620 64 26 their
1514 1620 53 25 best
1582 1623 25 21 to
1620 1619 115 26 extricate
1747 1619 41 25 the

1236 1654 138 26 institution
1386 1654 61 24 from
1455 1653 30 25 its
1496 1656 135 28 temporary
1644 1653 128 25 embarrass-

1237 1689 71 24 ment.

1267 1719 50 26 The
1340 1719 129 26 Chairman
1492 1719 59 24 then
1574 1717 57 26 read
1652 1717 42 25 the
1707 1717 42 26 list
1763 1724 25 18 as

1237 1752 90 26 follows
1337 1752 128 24 :—Messrs
1475 1750 132 29 Chisholm,
1620 1750 73 30 Coop,
1707 1750 81 30 Davis,

1238 1785 99 32 Mercer,
1355 1783 112 33 Mervyn,
1490 1784 71 28 Reea,
1577 1783 24 25 J.
1614 1783 24 24 J.
1652 1782 85 31 Smith,
1751 1782 36 25 VV.

1236 1819 85 31 Smith,
1333 1819 49 25 and
1393 1817 25 26 J.
1430 1816 153 26 Weatherall.

1266 1853 40 26 Mr
1315 1853 68 32 Coop
1393 1852 52 25 said
1464 1852 53 24 that
1527 1852 39 24 for
1576 1851 42 24 the
1631 1850 50 25 first
1695 1851 58 24 time
1763 1850 26 25 in

1235 1887 42 25 the
1285 1886 93 30 history
1386 1885 26 24 of
1423 1885 41 23 the
1473 1884 142 24 Athenaum
1623 1891 15 16 a
1645 1883 144 24 Committee

1234 1919 26 25 of
1271 1917 48 27 like
1326 1917 106 26 -minded
1443 1923 56 19 men
1509 1916 48 25 had
1569 1916 59 24 been
1645 1914 144 25 nominated.

1236 1952 39 25 He
1285 1950 85 26 moved
1381 1949 53 26 that
1445 1949 42 24 the
1492 1948 138 31 gentlemen
1642 1947 50 31 just
1704 1947 86 24 named

1236 1985 28 25 be
1276 1983 42 25 the
1328 1982 143 26 Committee
1485 1980 38 24 for
1538 1980 41 24 the
1590 1979 104 32 ensuing
1704 1982 68 20 term.

1226 2015 16 28 4
1267 2012 267 34 l£tft,7an-seco?itred'
1539 2011 41 23 the
1598 2009 98 30 motion,
1718 2009 74 24 which

1226 2042 1 33 <
1241 2053 45 16 was
1297 2049 43 26 put
1351 2046 47 23 and
1410 2042 92 27 carried
1515 2051 50 16 nem
1575 2050 40 16 con
1622 2042 4 33 ■

1270 2075 29 25 In
1315 2076 42 25 the
1366 2083 83 17 course
1457 2075 26 24 of
1494 2083 13 16 a
1520 2074 95 31 general
1624 2074 166 25 conversation

1241 2108 76 27 which
1340 2108 97 28 ensued,
1459 2107 21 25 it
1500 2115 46 17 was
1560 2106 125 27 remarked
1699 2108 31 30 by
1753 2107 39 24 Mr

1241 2141 92 25 Burton
1345 2141 54 24 that
1411 2140 20 25 it
1450 2140 76 24 would
1541 2140 29 24 be
1589 2140 52 24 well
1657 2143 25 21 to
1696 2142 42 29 get
1751 2140 41 24 the

1239 2176 125 30 payments
1387 2175 26 22 to
1434 2172 41 26 the
1491 2172 114 30 Building
1631 2172 95 31 Society
1752 2180 26 16 ex-

1238 2206 88 26 tended
1346 2209 26 21 to
1394 2205 68 24 three
1487 2211 78 25 years,
1589 2204 47 24 and
1657 2204 70 24 make
1749 2204 42 24 the

1238 2239 85 31 charge
1333 2238 37 25 for
1380 2237 70 32 using
1460 2236 41 25 the
1510 2236 110 31 building
1630 2243 57 24 very
1695 2242 81 18 reason-

1239 2270 51 25 able
1311 2278 27 17 so
1360 2278 26 17 as
1408 2272 26 21 to
1458 2276 131 23 encourage
1605 2268 42 24 the
1661 2268 83 32 people
1765 2270 27 23 to

1226 2300 1 39 |
1238 2311 89 24 engage
1339 2303 27 29 it,
1380 2310 14 18 a
1405 2300 129 27 difference
1553 2302 22 23 bt
1581 2300 41 32 ing
1642 2300 69 25 made
1729 2300 46 25 how-

1226 2331 1 36 |
1238 2344 57 19 aver
1316 2335 106 27 between
1445 2333 59 26 local
1532 2333 89 34 parties
1641 2333 47 26 and
1712 2331 79 27 casual

1226 2366 1 40 j
1239 2369 126 32 travelling
1375 2367 143 33 companies.
1551 2366 38 24 He
1606 2366 49 24 also
1666 2366 125 33 suggested

1241 2403 52 23 that
1305 2403 42 23 the
1357 2401 63 25 rules
1431 2408 27 15 or
1467 2399 100 32 by-laws
1578 2398 84 25 should
1678 2399 29 23 be
1722 2400 69 22 made

1240 2434 87 33 public,
1336 2441 26 17 so
1374 2432 52 26 that
1437 2432 41 25 the
1489 2431 84 33 people
1581 2438 55 25 may
1648 2431 70 25 know
1731 2431 61 25 what

1240 2469 67 21 those
1318 2467 64 23 rules
1397 2473 48 17 are.

1270 2499 41 25 Mr
1320 2499 67 32 Coop
1396 2497 51 25 said
1456 2505 13 17 a
1480 2496 59 26 code
1550 2496 26 25 of
1584 2496 63 25 rides
1656 2503 47 18 was
1710 2496 82 25 drawn

1242 2541 31 25 up
1287 2540 64 17 some
1372 2540 69 24 years
1457 2539 44 23 ago
1522 2530 38 25 for
1586 2529 40 26 the
1641 2530 106 32 working
1768 2529 29 25 of

1242 2566 40 24 the
1293 2565 100 31 library.
1424 2564 79 24 Those
1513 2563 65 24 rules
1590 2562 78 25 would
1680 2563 28 24 be
1718 2564 74 22 found

1242 2599 24 24 in
1280 2597 42 26 the
1337 2598 93 24 minute
1441 2595 72 26 book.

1270 2630 52 25 The
1334 2630 128 25 Chairman
1484 2628 50 25 said
1548 2628 20 24 it
1590 2635 47 18 was
1654 2627 139 26 considered

1242 2663 33 32 by
1290 2671 67 18 some
1379 2666 26 21 to
1426 2662 30 25 be
1470 2660 120 25 beneficial
1614 2663 26 21 to
1653 2660 87 26 reduce
1753 2660 40 26 the

1242 2696 61 25 eca'e
1315 2696 26 24 of
1351 2695 107 31 charges,
1472 2695 45 24 but
1529 2693 30 24 be
1568 2693 69 24 could
1651 2696 42 22 not
1710 2701 43 24 say
1765 2694 28 24 he

1242 2728 130 26 concurred
1386 2728 27 25 in
1424 2727 61 25 that.
1530 2725 53 26 The
1598 2726 98 32 charges
1705 2726 88 25 should

1244 2762 27 25 be
1281 2769 32 17 on
1324 2760 41 25 the
1380 2768 65 18 same
1458 2759 62 26 scale
1536 2767 25 17 as
1575 2759 25 24 in
1612 2759 70 24 other
1693 2759 86 32 places.

1273 2794 40 24 Mr
1324 2794 67 31 Coop
1402 2793 51 25 said
1465 2793 43 25 the
1524 2791 106 32 working
1647 2792 145 30 committee,

1244 2827 51 24 who
1317 2826 64 25 lived
1402 2826 64 24 close
1486 2825 48 24 and
1558 2824 90 31 bandy,
1671 2832 61 17 were
1753 2825 42 24 Mr

1243 2858 101 33 Mackay
1364 2858 68 31 (who
1444 2858 47 25 had
1513 2865 54 18 now
1589 2858 112 25 returned
1713 2862 26 21 to
1755 2854 40 29 the

1242 2892 110 31 Colony),
1374 2891 40 25 Mr
1428 2891 111 30 Morgan,
1555 2891 47 24 and
1623 2890 104 30 himself,
1748 2891 47 23 and

1242 2924 56 31 they
1310 2930 61 18 were
1376 2923 88 31 always
1476 2923 74 32 ready
1562 2924 25 23 to
1598 2923 42 23 tell
1649 2923 43 24 the
1698 2923 98 31 charges

1241 2959 25 25 to
1279 2956 32 26 all
1322 2956 127 29 inquirers.

1271 2990 52 25 Tbe
1348 2989 129 24 Chairman
1503 2988 124 25 reminded
1642 2989 40 24 the
1693 2989 104 31 meeting

1242 3023 52 26 that
1307 3023 57 32 they
1373 3029 51 19 now
1437 3022 60 25 have
1508 3022 42 25 the
1560 3021 145 32 advantages
1720 3022 26 24 of
1757 3021 41 25 the

1244 3057 69 24 Press
1326 3059 108 27 amongst
1446 3055 74 24 them.
1552 3054 23 25 It
1590 3054 79 25 would
1683 3055 28 24 be
1720 3055 78 23 better

1244 3090 51 24 that
1304 3088 41 24 the
1357 3087 98 31 charges
1466 3086 87 25 should
1566 3088 29 22 be
1605 3086 135 32 published,
1750 3086 47 24 aud

1244 3119 162 35 permanently
1417 3123 43 28 put
1471 3128 33 22 up
1515 3128 32 15 on
1557 3119 41 25 the
1609 3119 117 31 building.
1760 3118 38 25 He

1244 3154 48 25 also
1300 3152 105 26 referred
1417 3156 25 22 to
1452 3152 41 25 the
1504 3152 112 32 question
1625 3152 26 25 of
1657 3151 88 31 having
1755 3150 43 25 the

1244 3186 136 27 institution
1400 3185 175 33 incorporated.
1621 3184 43 26 Mr
1692 3185 103 30 [.eland,

1247 3219 110 31 M.H.R,
1383 3219 48 25 had
1457 3218 153 26 undertaken
1643 3220 25 24 to
1691 3222 41 28 get
1756 3217 41 26 tbe

1245 3260 122 25 necessary
1379 3252 46 25 Act
1437 3251 92 33 passed,
1540 3251 45 25 but
1597 3251 120 25 informed
1730 3250 67 25 them

1246 3288 18 23 it
1274 3293 48 18 was
1332 3289 41 21 too
1384 3286 47 23 late
1447 3285 26 24 in
1491 3284 42 25 the
1552 3285 90 24 session
1665 3288 26 21 to
1707 3284 59 24 have
1778 3283 19 25 it

1245 3319 67 28 done,
1339 3317 49 25 and
1412 3317 38 24 his
1475 3317 80 29 death,
1581 3316 77 25 which
1684 3316 113 24 occurred

1245 3351 91 31 shortly
1346 3349 148 30 afterwards,
1515 3349 130 33 prevented
1658 3349 41 25 the
1715 3355 70 18 neces-

1245 3392 52 23 sary
1313 3385 66 30 steps
1395 3383 71 30 being
1482 3383 81 24 taken.
1594 3382 51 24 Tbe
1660 3382 99 24 absence
1772 3381 26 24 of

1245 3425 28 17 an
1284 3415 166 32 incorporated
1466 3415 63 31 body
1545 3415 132 31 prevented
1696 3423 14 16 a
1725 3415 72 29 grant

1245 3450 24 25 of
1280 3449 54 25 land
1348 3448 71 30 being
1431 3448 79 25 issued
1522 3451 25 21 to
1565 3448 73 24 them.
1670 3446 67 29 They
1750 3446 47 24 had

1245 3483 58 23 been
1314 3480 50 25 told
1378 3480 53 25 that
1443 3480 105 30 through
1561 3478 235 29 non-incorporation

1244 3521 29 18 no
1284 3512 143 33 application
1443 3514 37 24 for
1491 3520 14 18 a
1515 3514 71 30 grant
1596 3511 70 26 could
1679 3511 29 24 be
1718 3512 66 24 enter-

1244 3547 79 24 tained

1268 3576 30 27 It
1313 3573 48 29 Was
1376 3578 58 24 then
1451 3576 114 30 arranged
1587 3576 53 24 that
1663 3575 41 24 the
1725 3575 55 22 Com-

1246 3611 79 27 mittee
1334 3610 88 26 should
1429 3611 58 25 hold
1497 3618 14 18 a
1518 3609 104 30 meeting
1631 3611 57 22 next
1696 3606 102 33 evening

1246 3646 42 24 and
1302 3652 100 23 arrange
1421 3653 15 16 a
1447 3651 149 25 programme
1616 3642 37 24 for
1667 3648 30 17 an
1717 3643 67 21 enter-

1248 3678 113 25 tainment
1383 3680 26 21 to
1425 3677 29 24 be
1469 3676 55 24 held
1535 3684 31 16 on
1586 3674 85 24 Easter
1685 3672 108 31 Monday

1250 3711 34 24 for
1297 3710 42 24 the
1351 3709 87 24 benefit
1452 3710 26 23 of
1488 3709 41 23 the
1540 3707 145 24 institution.

1278 3743 20 25 A
1311 3745 55 21 vote
1380 3742 25 23 of
1415 3741 88 23 thanks
1517 3742 25 22 to
1554 3739 42 25 the
1617 3738 80 30 Chair,
1719 3735 79 26 closed

1249 3775 40 26 the
1301 3773 161 32 proceedings.

1834 166 188 27 ROXBURGH
2038 166 153 27 DISTRICT
2209 166 139 28 SCHOOL.

1843 236 23 23 A
1882 236 104 32 meeting
2009 236 25 25 of
2052 237 43 25 the
2113 236 145 26 Committee
2279 237 26 24 of
2324 238 43 25 the

1812 268 75 26 above
1896 269 81 26 school
1987 270 57 25 took
2053 270 64 33 place
2125 270 25 25 in
2159 270 40 25 the
2207 270 160 26 schoolhouse

1812 309 32 17 on
1856 302 40 25 the
1907 303 101 31 evening
2018 303 25 24 of
2051 303 99 33 Friday,
2162 303 41 25 the
2210 304 44 23 Bth
2265 303 100 26 instant.

1813 335 222 27 Present—Messrs
2050 336 100 26 Manuel
2162 336 95 33 (chair),
2274 336 76 33 Brigh-

1812 371 51 27 ton,
1875 369 102 29 Grover,
1990 369 120 29 Michelle,
2124 370 29 25 G.
2171 369 32 26 A.
2217 370 88 30 Smith,
2317 370 49 25 and

1812 400 25 24 J.
1853 400 143 24 Weatherall
2011 401 152 32 (Secretary).

1844 432 49 24 The
1915 433 103 24 minutes
2038 433 27 25 of
2078 435 41 23 the
2132 433 112 33 previous
2258 433 107 33 meeting

1814 473 61 17 were
1898 466 62 27 read,
1985 466 48 25 and
2051 475 33 17 on
2105 468 43 24 the
2169 468 91 24 motion
2275 468 29 24 of
2324 468 42 24 Mr

1814 498 125 31 Beighton,
1960 499 118 26 seconded
2098 500 31 31 by
2143 499 42 26 Mr
2199 501 85 30 Smith,
2305 508 61 17 were

1813 532 135 23 continued.

1844 563 41 26 Mr
1897 563 128 32 Beighton,
2044 572 32 18 on
2094 564 85 26 behalf
2187 565 29 26 of
2224 565 41 25 the
2277 565 88 25 Works

1814 595 150 31 Committee,
1975 598 110 30 reported
2096 598 52 26 that
2157 599 55 32 they
2223 599 47 24 had
2280 598 86 26 visited

1814 629 41 24 the
1865 629 113 25 teacher's
1990 630 120 24 residence
2125 631 46 24 and
2183 632 75 24 found
2270 631 97 25 various

1814 661 80 30 things
1907 661 24 24 in
1952 662 60 23 need
2026 663 26 22 of
2073 663 85 31 repair.
2192 664 29 24 In
2236 664 130 31 particular

1815 693 41 25 the
1871 692 114 33 spouting
1997 694 92 25 around
2101 696 42 24 the
2158 695 74 26 house
2247 704 47 17 was
2306 697 26 23 in
2351 704 15 16 a

1815 725 147 31 dilapidated
1973 729 71 26 state,
2054 726 46 24 and
2112 727 57 31 they
2183 728 44 23 had
2239 729 127 30 employed

1815 765 14 18 a
1858 764 55 18 man
1941 760 26 21 to
1996 758 79 32 repair
2099 766 72 18 same.
2217 759 51 25 The
2299 760 68 25 fence

1816 791 92 23 around
1921 790 41 24 the
1979 790 75 25 house
2066 798 48 18 was
2125 794 48 22 also
2188 792 25 24 in
2226 800 13 16 a
2251 799 57 25 very
2320 793 46 24 bad

1815 825 71 27 state,
1901 822 40 25 the
1955 825 66 28 posts
2033 823 46 24 and
2099 824 56 24 wire
2175 824 71 32 being
2259 827 69 23 down
2340 825 27 24 in

1816 861 64 19 some
1894 854 209 33 places.—lnside,
2115 864 14 17 a
2138 861 66 21 stove
2216 866 45 16 was
2273 859 95 23 wanted

1816 889 25 22 in
1855 887 41 25 the
1915 887 102 30 kitchen,
2030 888 78 24 where
2124 892 24 21 at
2161 894 96 26 present
2268 890 67 25 there
2346 891 21 24 is

1816 919 57 32 only
1884 927 14 16 a
1909 919 63 31 large
1983 927 61 23 open
2055 920 115 31 fireplace,
2184 922 56 24 with
2249 930 31 16 no
2291 926 75 27 grate.

1818 951 29 26 In
1867 951 53 25 cold
1941 951 106 26 weather
2058 953 20 25 it
2099 953 20 25 is
2132 955 86 24 almost
2231 955 137 31 impossible

1818 989 24 20 to
1858 985 55 24 heat
1925 985 42 24 the
1978 986 167 24 room—while
2159 986 32 25 all
2204 987 41 25 the
2266 987 101 31 cooking

1818 1018 43 24 has
1880 1019 25 23 to
1927 1016 28 27 be
1971 1017 63 26 done
2058 1018 25 24 in
2101 1025 30 19 an
2156 1021 69 23 outer
2250 1019 117 34 building.

1818 1050 50 25 The
1878 1050 77 33 lining
1967 1051 85 25 boards
2068 1059 61 18 were
2141 1051 49 26 also
2205 1052 73 25 found
2296 1054 71 24 much

1818 1084 25 22 in
1867 1085 64 21 want
1952 1084 26 22 of
1990 1084 83 29 repair.
2117 1084 79 24 There
2222 1092 62 16 were
2303 1086 65 29 large

1818 1113 113 35 openings
1945 1114 114 27 observed
2079 1114 77 27 which
2172 1116 21 25 it
2206 1124 47 18 was
2265 1117 102 33 thought

1819 1149 79 26 would
1927 1150 30 25 be
1985 1150 70 25 much
2082 1150 124 32 improved
2234 1152 31 31 by
2295 1152 72 32 being

1818 1182 161 31 papered.—A
1991 1183 53 22 lock
2057 1184 46 21 and
2118 1185 45 29 key
2174 1183 47 24 had
2238 1185 56 22 been
2309 1192 45 24 pro-

1817 1214 72 26 cured
1898 1214 37 26 for
1947 1214 41 26 the
1998 1214 80 26 school
2089 1218 61 28 gate,
2161 1215 56 26 thus
2226 1220 141 29 preventing

1818 1247 40 25 the
1873 1248 76 30 swing
1962 1247 70 32 being
2042 1248 89 25 abused
2145 1250 30 29 by
2188 1252 68 21 those
2272 1254 43 21 not
2327 1252 41 23 be*

1818 1280 96 31 longing
1927 1284 26 20 to
1964 1279 41 25 the
2017 1280 86 24 school.

1847 1313 25 25 It
1884 1320 45 17 was
1942 1313 108 24 resolved
2062 1315 25 21 to
2106 1313 70 33 delay
2196 1314 95 32 dealing
2310 1315 58 26 with

1818 1345 41 25 the
1887 1345 93 32 fencing
2004 1346 38 24 for
2062 1346 42 25 the
2126 1352 102 26 present,
2254 1348 45 24 aud
2327 1349 42 25 Mr

1818 1378 94 25 Grover
1926 1379 95 29 moved,
2038 1379 117 25 seconded
2174 1381 30 30 by
2223 1381 40 24 Mr
2282 1381 87 30 Smith,

1932 1410 42 25 the
1998 1410 85 25 Works
2103 1412 143 25 Committee
2270 1413 29 26 be
2319 1421 34 18 em-

1816 1442 109 33 powered
1942 1447 24 19 t)
1985 1442 53 26 deal
2053 1443 57 25 with
2124 1444 41 24 the
2185 1445 88 32 repairs
2287 1453 68 19 neces-

1816 1482 53 25 sary
1880 1475 76 25 inside
1967 1475 40 25 the
2018 1476 111 25 teacher's
2142 1477 128 31 residence,
2277 1480 80 24 includ-

1817 1510 39 30 ing
1870 1508 41 26 the
1931 1509 123 31 obtaining
2078 1509 26 25 of
2126 1517 14 18 a
2160 1513 68 23 stove
2250 1520 27 16 or
2299 1515 70 23 other

1816 1542 102 24 suitable
1952 1543 130 23 substitute
2111 1542 37 24 for
2174 1543 41 24 the

1816 1573 104 24 Carried.

1845 1604 51 26 The
1910 1604 127 26 Chairman
2048 1606 111 33 reported
2181 1607 52 25 that
2252 1608 59 27 with
2327 1611 43 25 the

1816 1638 123 32 Secretary
1950 1639 29 24 he
1989 1639 48 24 had
2050 1640 86 24 waited
2145 1647 31 17 on
2185 1641 52 24 Mrs
2249 1642 120 32 Beighton

1816 1680 24 14 re
1858 1671 106 25 division
1979 1671 67 25 fence
2067 1672 105 24 between
2195 1673 43 25 her
2254 1680 116 28 property

1815 1705 49 25 and
1887 1704 41 24 the
1941 1703 88 29 school,
2043 1705 48 22 aud
2113 1705 53 24 that
2185 1713 14 16 a
2218 1708 153 30 satisfactory

1816 1734 189 32 understanding
2017 1736 46 24 bad
2075 1736 60 24 been
2154 1737 95 25 arrived
2267 1742 32 25 at,
2319 1740 53 23 Mrs

1818 1769 119 31 Beighton
1958 1767 88 33 paying
2065 1768 34 25 £9
2116 1777 26 16 as
2157 1769 42 25 her
2211 1771 68 23 share
2291 1772 29 23 of
2330 1776 44 21 the

1816 1800 200 34 expense.—This
2043 1809 46 17 was
2119 1804 122 30 approved
2265 1804 32 33 by
2330 1806 42 24 the

1817 1835 109 31 meeting.

1847 1866 97 27 Several
1964 1867 70 26 small
2052 1870 114 23 accounts
2181 1868 47 26 due
2245 1869 38 26 for
2298 1872 75 24 book*

1819 1907 61 17 were
1896 1899 94 25 handed
2010 1903 25 21 to
2049 1900 41 24 Mr
2106 1901 87 32 Smith,
2211 1903 51 23 who
2282 1905 75 24 under-

1819 1932 58 25 took
1888 1933 26 22 to
1928 1930 84 25 collect
2023 1931 42 26 the
2077 1940 71 18 same.

1851 1963 61 25 Miss
1929 1963 127 25 Lawrence
2070 1969 74 19 wrote
2156 1966 88 22 ftsVinot
2259 1976 15 12 &
2286 1969 86 21 -w-ccVs

1819 1995 99 29 holiday
1931 1999 25 19 at
1976 1995 146 26 Easter-tide
2138 2000 26 20 to
2188 1997 84 25 enable
2291 1998 43 24 her
2350 2003 24 20 to

1822 2034 29 25 go
1859 2028 26 23 to
1894 2025 117 26 liunedin.
2016 2028 85 23 —T'ue
2110 2032 94 28 request
2212 2038 45 18 was
2265 2033 108 28 granted.

1854 2059 41 24 Mr
1905 2059 123 31 Campbell
2037 2061 50 23 also
2097 2067 70 18 wrote
2176 2063 38 23 for
2224 2063 152 27 information

1823 2100 24 17 as
1859 2096 26 21 to
1895 2091 40 25 the
1946 2093 101 22 number
2059 2094 26 23 of
2096 2093 108 33 holidays
2223 2098 24 21 to
2259 2096 28 25 be
2304 2098 73 30 given

1811 2118 1 39 I
1821 2128 25 21 at
1860 2125 90 29 Easter,
1964 2124 48 24 and
2031 2127 137 30 requesting
2187 2132 24 20 to
2226 2129 28 23 be
2271 2130 104 25 relieved

1821 2158 29 23 of
1858 2157 41 24 the
1913 2156 80 25 duties
2004 2159 128 23 connected
2152 2160 57 24 with
2230 2161 40 24 the
2291 2162 83 33 Penny

1820 2189 105 31 Savings'
1940 2188 76 30 Bank,
2035 2190 47 23 and
2100 2192 110 31 pointing
2232 2198 42 19 out
2288 2195 52 23 that
2355 2197 21 23 it'

1820 2220 125 26 Fawcett's
1955 2225 96 27 system,
2066 2223 77 23 which
2155 2225 47 23 had
2223 2225 57 24 been
2296 2227 65 25 intro-

1820 2254 77 23 duced
1917 2254 25 23 in
1963 2256 41 21 the
2027 2255 91 29 Colony
2137 2263 60 17 were
2217 2258 110 30 adopted,
2343 2260 31 24 he

1822 2286 78 23 would
1918 2286 29 23 be
1965 2285 101 25 relieved
2080 2288 29 22 of
2124 2288 69 24 much
2212 2296 159 27 unnecessary

1821 2319 73 29 labor,
1905 2318 47 25 and
1967 2326 66 17 more
2046 2320 57 23 time
2123 2321 28 23 be
2168 2321 98 26 allowed
2280 2323 49 24 him
2346 2328 27 21 to

1821 2352 82 24 attend
1917 2355 24 21 to
1957 2350 40 25 the
2010 2351 150 26 educational
2171 2354 109 26 interests
2293 2357 27 23 of
2331 2357 41 25 the

1820 2383 145 26 school.—lt
1976 2392 46 16 was
2033 2385 108 24 resolved
2151 2387 53 24 that
2212 2388 42 24 the
2261 2388 110 33 holidays

1821 2416 85 25 should
1920 2416 27 24 be
1960 2416 70 25 Good
2038 2416 89 32 Friday
2138 2420 47 22 and
2199 2420 41 24 the
2250 2421 122 32 following

1811 2448 1 41 J
1823 2449 71 26 week.
1929 2448 52 25 The
1992 2453 86 22 matter
2091 2451 26 23 of
2127 2450 41 25 the
2179 2451 82 33 Penny
2270 2453 101 31 Savings

1823 2482 68 24 Bank
1901 2488 46 18 was
1958 2481 42 24 left
2009 2482 24 24 in
2044 2482 118 32 abeyance
2170 2483 37 24 for
2216 2484 42 25 the
2266 2491 104 25 present.

1852 2514 120 26 Accounts
1986 2522 61 18 were
2065 2515 83 33 passed
2162 2515 38 26 for
2214 2522 113 28 payment
2345 2528 28 17 as

1821 2549 92 25 follows
1924 2557 5 17 :
1992 2548 133 25 Education
2155 2550 80 25 Board
2272 2553 101 29 (science

1811 2581 1 35 !
1821 2581 144 33 apparatus),
1982 2582 32 26 *'s
2031 2582 51 29 10s;
2103 2581 29 27 £.
2155 2582 84 26 Butler
2253 2583 119 33 (cleaning

1811 2614 1 32 I
1822 2615 100 30 school),
1945 2614 33 25 £2
1992 2616 36 27 88;
2046 2614 27 24 T.
2099 2614 113 32 Andrew,
2229 2616 39 25 17s
2284 2618 88 24 6d—in

1821 2646 40 31 all,
1871 2646 36 26 £S
1925 2648 39 22 15s
1974 2646 42 25 6d.

1851 2683 22 21 A
1884 2679 99 25 circular
1997 2679 61 24 from
2075 2679 112 26 Dunedin
2199 2681 86 25 School
2299 2683 57 24 Com-

1822 2712 83 26 mittee
1916 2719 26 17 re
1959 2712 101 23 election
2079 2712 29 24 of
2123 2713 86 25 School
2219 2714 154 28 Committees

1823 2753 46 18 was
1884 2745 55 24 read
1952 2745 46 24 and
2014 2745 116 24 received.

1853 2778 53 26 The
1918 2776 105 34 Visiting
2030 2778 143 26 Committee
2184 2780 100 31 (Messrs
2295 2781 80 25 Smith

1823 2813 48 24 and
1882 2812 105 29 Grover)
1998 2812 109 31 reported
2119 2812 40 24 the
2174 2814 78 22 school
2271 2817 24 20 to
2306 2815 30 23 be
2348 2815 28 23 in

1811 2843 1 36 i
1823 2853 14 16 a
1847 2843 150 31 satisfactory
2007 2846 69 28 state,
2084 2844 48 26 and
2139 2846 40 24 the
2188 2845 80 33 pupils
2277 2846 97 33 making

1823 2878 119 25 excellent
1957 2885 116 24 progress.

1855 2910 41 23 Mr
1912 2910 78 25 Smiih
2006 2909 124 32 proposed,
2148 2911 117 24 seconded
2280 2912 33 30 by
2334 2912 44 23 Mr

1827 2942 117 30 Michelle,
2081 2942 88 25 Messrs
2188 2943 118 33 Beighton
2328 2944 50 25 and

1826 2975 148 26 Weatherall
1996 2975 29 24 be
2045 2975 42 25 the
2108 2975 106 33 Visiting
2234 2978 143 24 Committee

1826 3008 37 26 for
1876 3008 42 25 the
1931 3010 59 22 next
2004 3011 48 21 two

1856 3043 21 22 A
1898 3043 82 29 report
1997 3040 29 32 by
2049 3041 42 24 the
2107 3044 89 22 master
2217 3042 107 32 showing
2337 3043 44 24 the

1826 3074 141 25 attendance
1980 3074 25 23 of
2016 3074 78 31 pupils
2105 3074 38 24 for
2159 3074 45 24 last
2221 3079 98 26 quarter
2331 3084 49 16 waa

1811 3100 1 44 j
1826 3106 47 25 laid
1884 3114 31 16 on
1936 3105 41 25 the
1989 3106 72 24 table.
2092 3105 25 25 It
2139 3105 98 26 showed
2258 3107 40 24 the
2317 3107 61 24 total

1811 3131 1 40 !
1826 3138 101 25 number
1940 3146 32 16 on
1986 3138 42 24 the
2046 3138 45 24 roll
2105 3140 26 23 at
2149 3139 42 24 the
2212 3139 127 32 beginning
2353 3139 27 24 of

1826 3172 42 27 the
1887 3173 99 30 quarter
2002 3173 25 23 to
2044 3170 156 32 be:—Males,
2212 3172 46 30 73;
2273 3171 108 31 females,

1826 3205 127 28 66—total,
1971 3204 50 27 139.
2054 3203 111 27 Number
2183 3212 52 18 now
2257 3213 30 18 on
2310 3203 60 30 roll:

1826 3237 83 30 Males,
1920 3240 44 27 77;
1983 3237 104 30 females,
2106 3239 58 23 76
2165 3238 59 24 total
2239 3239 52 23 153.
2323 3238 50 24 The

1825 3278 98 24 average
1948 3269 91 33 weekly
2059 3269 141 26 attendance
2223 3269 87 32 during
2335 3269 42 26 the

1825 3306 97 29 quarter
1939 3302 160 29 waa—Males,
2119 3302 69 28 58.9;
2204 3302 101 25 females,
2322 3304 53 20 55.2

1811 3334 1 32 j
1825 3335 97 31 —total,
1927 3335 75 24 114.1.
2004 3334 78 24 —The
2091 3337 80 28 report
2181 3340 46 18 was
2238 3334 138 23 considered

1811 3364 1 37 |
1825 3368 160 31 satisfactoiy.

1856 3400 54 25 The
1918 3400 104 28 meeting
2033 3399 56 24 then
2100 3398 85 25 closed.

63 97 162 32 Wednesday,
250 97 70 32 April
347 97 36 29 13,
399 96 57 26 1881

899 93 92 25 THE
1026 89 153 27 MOUNT
1214 88 183 28 BENGER
1428 91 114 26 MAIL.

2308 114 0 0 5

1278 3846 51 25 The
1358 3845 134 32 Roxburgh
1519 3843 152 29 Athenaeum,
1701 3848 36 17 we
1760 3846 41 18 are

1251 3880 52 34 glad
1314 3883 25 22 to
1361 3878 58 30 find,
1432 3877 20 25 in
1475 3877 74 25 about
1570 3879 26 21 to
1617 3874 56 24 take
1700 3881 14 17 a
1737 3872 62 25 fresh

1251 3915 132 30 departure,
1395 3910 48 25 and
1457 3910 25 25 iu
1503 3909 40 25 the
1567 3915 87 25 proper
1673 3905 124 25 direction.

1252 3948 33 25 At
1299 3945 41 26 tbe
1369 3943 104 32 meeting
1484 3950 31 17 on
1534 3940 108 32 Monday
1659 3938 101 31 evening
1787 3945 14 17 a

1251 3978 140 28 committee,
1402 3975 55 25 who
1470 3975 47 25 had
1529 3973 135 33 previously
1675 3970 125 26 intimated

1252 4011 61 26 their
1324 4008 144 32 willingness
1478 4010 26 23 to
1524 4009 38 23 act
1586 4006 19 24 if
1631 4004 98 29 elected,
1751 4011 49 17 was

1252 4042 136 36 appointed,
1396 4040 47 27 and
1450 4040 46 26 last
1506 4038 101 32 evening
1617 4037 58 32 they
1685 4036 115 31 arranged

1252 4086 30 16 an
1303 4074 117 26 excellent
1442 4079 151 25 programme
1614 4070 39 26 for
1673 4077 30 18 an
1725 4074 64 19 enter-

1254 4109 113 26 tainment
1394 4106 26 24 in
1445 4105 40 25 aid
1500 4104 29 25 of
1551 4103 42 25 the
1616 4102 73 24 funds
1713 4101 26 25 of
1761 4101 41 25 the

1254 4140 149 28 Institution.
1435 4137 24 25 It
1474 4137 21 25 is
1515 4140 26 21 to
1563 4135 56 26 take
1631 4137 66 31 plaee
1718 4142 32 17 on
1762 4134 41 25 the

1254 4174 99 30 evening
1370 4171 29 25 of
1417 4170 107 31 Monday
1547 4171 65 28 next,
1638 4167 165 31 beinpJGaster

1255 4206 112 31 Monday,
1378 4204 46 25 and
1442 4211 35 16 we
1493 4202 61 32 hope
1568 4204 25 21 to
1609 4208 38 17 see
1668 4207 14 17 a
1704 4199 99 32 bumper

1254 4240 75 25 house
1354 4244 32 18 on
1412 4236 54 26 that
1483 4234 116 27 occasion.
1631 4233 75 34 Price,
1721 4234 25 23 of
1764 4232 39 32 §4*

1254 4271 96 25 miuion
1362 4271 33 24 2s.

1856 3478 41 24 Mr
1907 3477 38 25 W.
1962 3478 26 24 C.
2004 3477 111 29 Roberts,
2133 3477 111 29 formerly
2261 3476 113 27 Manager

1826 3511 25 24 of
1859 3511 41 24 the
1912 3509 67 25 Bank
1992 3509 28 25 of
2028 3509 58 25 New
2094 3509 108 28 Zealand,
2218 3508 24 24 in
2254 3506 120 31 Dunediu,

1826 3551 135 16 amiouncos
1996 3542 53 23 that
2085 3542 30 23 he
2151 3541 42 24 has
2224 3541 151 24 commenced

1827 3575 105 23 business
1946 3574 25 22 in
1983 3574 52 22 tbat
2044 3573 47 30 city
2099 3580 25 16 as
2134 3580 14 16 a
2157 3572 128 30 Financial,
2299 3572 75 30 Land,

1826 3608 91 28 Estate,
1930 3605 46 25 and
1990 3605 101 24 General
2105 3604 156 25 Commission
2284 3605 87 30 Agent-

1828 3640 36 24 He
1871 3639 96 25 intends
1974 3641 25 22 to
2007 3638 68 24 make
2083 3638 154 24 transactions
2245 3638 21 23 in
2278 3638 96 29 mining,

1826 3673 124 23 insurance
1973 3671 48 24 and
2043 3670 79 26 shares
2141 3679 14 17 a
2179 3669 123 32 specialty,
2327 3671 48 23 and

1828 3706 59 23 from
1910 3703 36 24 bis
1962 3703 122 24 extensive
2106 3702 108 25 financial
2236 3702 139 31 experience

1826 3736 49 25 and
1899 3738 68 29 great
1993 3734 106 25 business
2112 3734 83 30 talent,
2217 3741 44 17 our
2280 3734 94 24 readers

1828 3775 54 25 may
1908 3771 49 20 rest
1981 3767 97 24 assured
2115 3767 52 24 that
2200 3765 32 26 all
2268 3765 108 25 business

1827 3799 122 26 entrusted
1962 3803 25 20 to
2007 3799 50 24 him
2072 3799 47 24 will
2142 3802 62 21 meet
2230 3798 56 25 with
2308 3798 57 24 satis-

1828 3831 91 32 factory
1931 3833 128 23 treatment
2075 3835 26 20 at
2122 3830 37 25 his
2181 3831 84 25 hands.
2299 3829 79 27 When

1826 3864 134 32 gentlemen
1974 3863 48 25 like
2042 3863 41 24 Mr
2103 3863 104 26 Roberta
2232 3863 59 26 offer
2314 3862 64 25 their

1827 3897 96 31 service,
1934 3896 58 33 they
2008 3904 39 17 are
2066 3896 80 32 public
2168 3896 149 25 benefectors
2332 3896 47 24 and

1827 3930 77 33 ought
1929 3933 24 22 to
1988 3930 30 24 be
2034 3929 90 33 largely
2152 3929 138 33 supported.
2338 3929 42 25 Mr

1831 3964 106 24 Ruuerts'
1952 3962 108 25 business
2072 3963 76 24 notice
2159 3964 20 23 is
2190 3963 51 25 well
2253 3962 92 32 worthy
2353 3962 31 24 of

1829 3996 69 31 being
1916 3996 66 30 read,
2002 3995 48 24 and
2075 4003 15 17 a
2101 3998 56 21 note
2179 3995 28 24 of
2221 3995 38 24 his
2281 3995 100 25 address

1828 4029 112 33 specially
1954 4029 72 25 taken
2038 4028 39 25 for
2097 4030 143 29 subsequent
2253 4028 128 26 reference.

1858 4073 51 25 The
1928 4074 60 23 Rev.
2011 4072 40 24 Mr
2062 4071 98 31 Martin,
2186 4072 42 25 the
2244 4073 78 31 newly
2338 4082 28 22 ap-

1830 4105 99 34 paiuted
1939 4104 107 25 minister
2059 4106 25 23 of
2092 4104 40 25 the
2146 4104 124 33 Wesleyan
2279 4106 104 30 Church,

1830 4138 141 32 Roxburgh,
2004 4137 57 33 will,
2093 4137 20 25 it
2143 4137 21 25 is
2194 4138 125 26 intimated
2350 4140 31 32 by

1830 4174 193 26 advertisement,
2049 4171 86 32 preach
2159 4174 58 21 next
2238 4171 99 32 Sunday
2359 4177 24 20 at

1833 4207 56 23 Moa
1912 4204 62 31 Flat,
1998 4209 23 20 at
2048 4205 26 24 11
2100 4211 64 24 a.m.,
2183 4204 56 25 Coal
2254 4205 84 30 Creek,
2359 4210 37 23 at.

1834 4241 88 29 3p.m.,
1937 4237 46 26 and
1995 4237 141 32 Roxburgh,
2152 4240 25 23 at
2193 4237 13 24 7
2220 4245 58 24 p.m.
