2510 4010
680 120 57 22 Lord
760 120 58 22 Eliot
836 120 40 21 has
892 121 66 26 given
976 120 84 22 offence
1080 124 22 18 to
1121 121 37 21 the
1177 122 58 22 Irish

655 147 74 21 Tories
743 146 29 27 by
787 146 141 27 subscribing
944 147 49 24 £50
1008 146 94 22 towards
1118 147 118 28 defraying

656 173 36 21 the
702 179 91 21 expense
803 173 26 21 of
840 180 14 13 a
863 173 44 21 late
918 173 140 28 prosecution
1073 173 24 21 of
1112 174 37 21 the
1161 176 74 20 World

654 199 33 21 for
695 198 57 23 libel.
780 199 47 21 The
836 200 80 20 Dublin
923 200 95 25 Evening
1026 200 56 20 Mail
1097 200 40 22 has
1151 202 83 22 named

654 225 33 22 his
695 225 95 28 lordship

680 251 47 23 The
734 252 57 26 Pope
801 252 39 22 has
850 255 50 19 sent
908 260 14 14 a
930 252 103 28 splendid
1041 252 54 28 gold
1111 260 59 15 cross
1188 254 45 22 and

655 278 72 22 medal
735 282 21 18 to
763 278 44 22 Mr.
819 279 132 26 O'Connell,
963 286 23 14 as
1000 286 14 14 a
1027 279 119 27 testimony
1156 280 26 21 of
1195 281 38 21 the

653 305 78 27 regard
738 305 23 22 in
770 305 72 22 which
850 306 49 21 that
911 306 129 26 gentleman
1050 305 35 22 his
1094 305 51 22 held
1155 306 31 28 by
1196 307 37 22 the

653 330 58 23 head
720 331 23 22 of
753 330 36 23 the
800 332 87 21 Roman
897 332 101 21 Catholic
1005 331 97 23 Church.

679 358 48 21 The
742 358 87 22 harvest
847 359 23 21 in
889 357 104 28 England
1012 358 41 21 has
1070 358 83 28 proved
1172 362 61 20 most

655 384 115 26 abundant,
804 384 74 22 Bread
887 386 18 21 is
914 384 80 27 selling
1001 384 23 22 in
1036 384 92 23 London
1139 388 24 19 at
1171 386 59 22 from

653 410 34 22 sd.
697 414 24 18 to
729 410 32 23 6d.
772 411 36 21 the
818 414 103 28 quartern
935 411 53 21 loaf.

680 438 67 26 Large
757 438 118 26 quantities
882 437 27 22 of
913 437 122 22 American
1047 436 55 23 flour
1111 438 57 22 have
1174 438 57 23 been

653 464 95 26 recently
758 463 109 27 imported
875 464 49 21 into
935 463 99 27 Ireland,

678 490 47 22 The
734 492 80 26 steeple
824 490 26 21 of
861 491 31 21 St.
903 490 103 22 Martin's
1022 490 94 27 Church,
1134 490 96 29 Charing

653 516 69 27 Cross,
739 516 40 22 has
793 517 59 21 been
868 516 66 23 taken
951 517 73 26 down,
1043 516 19 22 it
1078 516 81 28 having
1175 518 55 23 been

652 543 95 27 severely
754 542 89 28 injured
853 543 28 28 by
897 542 118 28 lightning.

679 570 34 21 Sir
729 570 80 21 Robert
824 570 84 22 Wilson
924 569 41 22 has
980 570 59 21 been
1053 570 119 26 appointed
1183 571 47 22 Go-

652 603 78 14 vernor
738 596 24 21 of
770 596 118 27 Gibraltar,
898 596 23 21 in
932 597 125 21 succession
1069 601 21 16 to
1101 597 129 23 Alexander

652 622 122 27 Woodford,
794 622 93 28 X.C.8.,
904 622 73 23 whose
992 626 58 19 term
1070 623 25 21 of
1113 624 84 22 service
1211 624 20 23 is

652 649 94 26 expired.

676 676 47 21 The
744 676 31 21 St.
800 675 87 27 Ledger
909 676 40 21 has
968 675 58 22 been
1050 683 49 14 won
1119 676 29 27 by
1168 676 60 23 Lord
1237 673 2 26 j

651 702 133 26 Eglintoun's
793 702 57 21 Blue
858 703 94 26 Bonnet,
964 702 79 22 ridden
1053 702 30 27 by
1094 702 54 28 Lye.

676 728 47 22 The
741 728 114 22 Governor
874 728 25 22 of
920 728 97 27 Canada,
1038 728 23 22 in
1079 736 13 14 a
1107 729 62 27 reply
1179 733 23 18 to
1217 738 13 14 a

650 755 109 22 memorial
769 756 25 21 of
806 755 37 21 the
854 755 118 22 dissenters
989 755 27 22 of
1026 753 121 24 Montreal,
1158 757 72 22 stated

650 781 46 22 that
706 782 27 22 he
742 782 75 21 should
824 782 50 26 give
885 786 89 23 support
984 786 23 17 to
1017 789 30 14 no
1053 782 119 27 particular
1181 788 47 17 sect

649 808 23 21 in
681 808 122 28 promoting
809 808 125 27 education,
942 808 34 22 his
982 808 145 23 instructions
1134 808 95 28 binding

649 835 45 22 him
714 838 21 19 to
751 835 78 27 regard
848 835 30 21 all
898 842 24 15 as
937 843 29 14 on
981 842 13 14 a
1009 835 86 27 footing
1110 835 25 22 of
1146 836 84 26 perfect

650 862 102 28 equality.

676 889 66 22 Great
751 888 87 22 distress
850 887 41 23 has
899 888 59 22 been
969 888 40 21 felt
1019 889 24 21 in
1052 889 91 22 Canada
1152 889 30 27 by
1193 890 36 21 the

649 915 72 27 newly
730 915 84 22 arrived
827 916 126 26 emigrants.
996 915 48 21 Not
1059 915 68 27 being
1140 915 51 22 able
1205 920 23 19 to

648 948 90 19 procure
746 942 156 27 employment,
914 949 67 20 many
990 941 74 22 would
1073 943 55 20 have
1139 943 89 22 starved

648 967 45 22 had
716 971 36 19 not
768 968 74 28 public
862 968 85 27 charity
966 968 107 27 provided
1097 968 60 22 them
1176 969 54 22 with

648 1002 61 14 some
727 1002 73 14 means
820 995 27 21 of
864 995 134 21 subsistence
1019 995 58 21 until
1094 995 53 27 they
1162 996 67 22 could

648 1021 65 27 bring
721 1028 13 15 a
741 1021 54 22 little
805 1021 86 27 ground
901 1021 46 21 into
958 1021 137 22 cultivation.

675 1048 47 21 The
732 1048 116 21 American
865 1049 109 25 Congress
988 1047 58 22 have
1060 1049 79 26 passed
1152 1056 14 15 a
1179 1057 50 14 new

648 1074 71 22 Tariff
724 1075 41 21 and
775 1075 105 21 Revenue
891 1074 50 27 Bill,
953 1075 102 27 omitting
1065 1075 36 21 the
1109 1076 73 22 clause
1194 1078 36 21 for

648 1100 136 28 distributing
807 1100 36 22 the
866 1101 106 28 proceeds
996 1101 26 21 of
1047 1102 127 27 land-sales,
1201 1111 27 14 on

648 1132 92 17 account
749 1129 25 20 of
786 1127 70 22 which
869 1128 37 21 the
916 1128 116 21 President
1041 1128 44 22 had
1095 1130 80 21 vetoed
1185 1132 44 19 two

648 1154 101 27 previous
758 1154 59 22 bills.
854 1155 48 21 The
918 1154 120 23 President
1048 1158 23 18 at
1080 1162 54 15 once
1145 1156 84 22 affixed

648 1179 35 23 his
691 1181 107 26 signature
807 1185 23 17 to
840 1181 69 22 them.

676 1207 122 28 Emigrants
809 1208 105 22 continue
925 1210 22 20 to
957 1210 77 20 return
1045 1208 56 22 from
1112 1209 116 22 America.

648 1234 46 22 The
704 1236 124 25 Hottinguer
837 1235 104 27 bringing
951 1236 40 20 250
1000 1235 46 21 and
1055 1235 37 22 the
1109 1237 51 20 New
1172 1238 57 19 York

647 1262 80 20 Packet
740 1263 46 21 300.
824 1262 72 27 Many
915 1269 29 14 on
955 1261 68 22 board
1033 1261 38 22 the
1080 1262 66 23 latter
1156 1264 73 21 vessel

647 1289 73 21 would
728 1289 52 21 have
790 1288 95 27 starved,
904 1287 45 23 had
968 1292 40 18 not
1023 1289 38 21 the
1077 1289 87 27 captain
1175 1297 53 21 sup-

648 1314 59 27 plied
727 1315 58 22 them
808 1314 54 22 with
881 1315 124 27 provisions
1026 1315 57 22 from
1104 1316 38 22 the
1161 1316 68 28 ship's

647 1344 77 19 stores.

674 1367 58 23 Lord
741 1367 58 23 John
810 1368 96 26 Russell,
921 1368 20 21 it
949 1367 21 23 is
979 1368 54 27 said,
1045 1368 40 22 has
1095 1369 55 22 been
1161 1377 67 15 occu-

646 1394 67 27 pying
732 1395 29 21 his
779 1395 80 21 leisure
878 1395 75 26 hours,
968 1394 60 22 since
1043 1395 35 21 his
1095 1396 134 23 retirement

647 1421 56 21 from
714 1421 66 26 office,
791 1421 23 22 in
823 1421 120 28 preparing
958 1421 35 21 for
1008 1421 136 27 publication
1159 1423 70 22 selec-

647 1447 58 22 tions
715 1448 53 22 from
779 1448 37 22 the
833 1447 189 28 correspondence
1038 1448 26 22 of
1079 1448 59 23 John
1153 1449 75 23 fourth

647 1474 66 22 Duke
723 1475 23 21 of
757 1475 105 21 Bedford.

675 1501 89 28 Captain
776 1501 90 22 Liardet
874 1501 40 21 has
924 1501 88 21 arrived
1024 1501 24 23 in
1057 1501 102 23 London.

674 1528 21 21 A
715 1531 60 24 great
793 1529 39 21 fire
852 1528 40 21 has
911 1528 67 21 taken
988 1527 64 28 place
1066 1532 23 18 at
1103 1530 123 27 Liverpool,

648 1553 72 23 which
736 1554 119 22 consumed
871 1558 104 23 property
993 1558 23 18 to
1035 1555 39 21 the
1091 1560 93 18 amount
1205 1557 26 22 of

647 1581 55 22 from
712 1581 96 23 between
817 1581 110 27 £300,000
934 1584 22 18 to
964 1581 117 27 £400,000.
1110 1584 38 20 An
1159 1583 69 22 Irish-

647 1614 57 21 man,
716 1608 78 22 named
805 1608 88 22 Patrick
902 1608 84 25 Doran,
1003 1608 19 21 is
1032 1609 72 21 under
1114 1610 114 22 examina-

647 1635 46 21 tion
703 1642 30 14 on
742 1642 12 14 a
762 1635 80 26 charge
853 1635 27 21 of
890 1635 165 21 incendiarism.

673 1661 47 21 The
730 1661 64 23 Court
800 1662 26 21 of
829 1661 123 22 Aldermen
960 1661 26 21 of
993 1661 38 22 the
1039 1662 45 27 city
1094 1663 26 21 of
1126 1663 100 28 London,

647 1688 56 22 have
714 1688 83 22 elected
812 1688 123 22 Alderman
951 1687 136 28 Humphery
1102 1689 87 23 instead
1206 1691 25 22 of

648 1715 117 22 Alderman
775 1715 26 21 T.
812 1715 79 26 Wood,
902 1714 48 22 who
960 1715 64 21 stood
1032 1715 48 21 first
1088 1715 23 22 in
1122 1718 104 26 rotation,

648 1745 23 18 to
680 1741 26 22 be
716 1742 35 21 the
761 1741 60 22 Lord
832 1741 81 27 Mayor
922 1741 34 21 for
968 1741 36 21 the
1014 1746 88 26 present
1113 1750 59 19 year.

674 1768 46 22 The
730 1768 96 28 Marquis
836 1768 26 21 of
871 1767 119 28 Wellesley
1000 1767 52 23 died
1062 1776 29 14 on
1101 1771 36 20 the
1146 1771 53 21 26th
1205 1771 26 21 of

648 1795 131 27 September,
790 1795 64 26 being
864 1794 149 27 eighty-three
1019 1802 65 20 years
1094 1797 24 21 of
1125 1804 48 19 age.

676 1822 26 22 In
711 1822 36 22 the
756 1822 62 22 West
829 1821 76 21 Indies
914 1820 63 23 there
991 1821 19 21 is
1026 1829 14 14 a
1054 1826 62 22 great
1130 1823 98 22 demand

647 1849 34 21 for
688 1849 82 22 labour.
809 1848 22 22 A
848 1851 64 24 great
925 1847 95 22 number
1034 1849 27 21 of
1071 1849 92 22 African
1174 1851 54 27 boys

647 1875 55 22 have
712 1875 55 23 been
777 1875 97 26 brought
882 1875 59 21 from
951 1875 75 21 Sierra
1036 1875 83 23 Leone.

674 1902 60 22 Lord
742 1901 125 23 Ashburton
876 1901 40 22 has
926 1901 107 22 returned
1041 1902 58 22 from
1109 1904 117 23 America.

648 1929 22 21 A
679 1928 60 27 large
745 1929 86 26 portion
840 1928 27 21 of
877 1928 37 21 the
923 1934 62 21 press
996 1928 26 21 of
1032 1928 30 22 all
1079 1930 79 26 parties
1174 1938 54 15 con-

648 1955 65 21 demn
725 1955 34 22 the
763 1958 68 18 terms
840 1961 30 15 on
877 1954 73 22 which
956 1954 38 22 the
999 1954 119 29 boundary
1125 1958 102 27 question

647 1982 40 22 has
696 1982 54 22 been
760 1981 87 22 settled.

674 2009 67 21 Louis
749 2008 118 27 Philippe's
878 2007 115 28 daughter,
1005 2008 38 22 the
1059 2009 101 23 Princess
1177 2011 51 22 Cle-

647 2035 184 27 mentine,'whose
840 2035 63 21 hand
911 2042 44 14 was
962 2035 81 26 sought
1047 2036 22 20 in
1078 2037 110 27 marriage
1198 2038 30 28 by

647 2069 13 15 a
671 2062 75 22 Prince
755 2061 25 22 of
791 2061 179 27 Saxe-Cobourg.
986 2062 69 21 asked
1065 2062 62 23 three
1137 2065 90 22 months

647 2092 23 18 to
678 2089 80 23 reflect.
786 2089 47 21 The
843 2089 54 21 time
905 2087 104 28 specified
1019 2087 40 23 has
1071 2089 47 26 just
1128 2092 98 27 expired,

647 2115 43 22 and
699 2115 38 22 the
747 2115 98 22 Princess
854 2115 41 21 has
904 2115 113 21 answered
1027 2115 24 21 in
1066 2116 37 22 the
1116 2119 110 25 negative.

646 2153 28 5 —
674 2144 72 20 Letter
754 2143 22 19 in
785 2143 34 20 the
827 2143 63 19 Post.

674 2170 21 21 A
714 2170 61 22 letter
789 2170 57 22 from
863 2168 125 23 Christiana
1001 2169 23 23 in
1035 2170 103 29 Norway,
1150 2179 50 21 says
1201 2184 28 4 —

668 2196 47 22 The
727 2196 138 27 Oldelsthing
873 2196 59 22 have
941 2203 64 15 come
1015 2200 23 18 to
1054 2197 37 22 the
1106 2200 122 21 extraordi-

647 2230 55 20 nary
710 2223 115 22 resolution
838 2224 25 20 of
868 2222 142 28 prohibiting,
1022 2228 24 18 at
1055 2224 38 22 the
1102 2226 124 27 expiration

647 2250 26 22 of
683 2254 37 18 ten
728 2258 67 19 years,
806 2249 28 23 all
845 2249 129 22 distillation
992 2250 27 21 of
1032 2251 99 28 brandy!

675 2277 36 21 An
735 2277 121 21 Awkward
879 2277 126 23 Question.
1012 2278 73 21 —An
1108 2280 121 22 eccentrict

647 2303 116 27 character,
781 2303 73 22 called
994 2303 96 29 Tommy
1215 2314 13 15 a

645 2331 99 21 resident
755 2333 22 19 at
786 2329 120 28 Uxbridge,
922 2330 45 22 and
977 2330 57 22 Miss
1048 2331 95 23 Tabitha
1153 2333 73 28 Ruby,

647 2364 12 14 a
670 2357 82 22 damsel
760 2357 97 27 residing
866 2362 24 16 at
900 2357 107 27 Langley,
1019 2358 80 27 Bucks,
1110 2361 118 25 presented

647 2384 126 22 themselves
782 2384 75 22 before
865 2383 37 22 the
912 2384 58 21 altar
977 2385 26 20 of
1008 2384 39 22 the
1054 2386 74 27 parish
1135 2386 91 28 church,

645 2410 24 22 in
680 2411 64 22 order
756 2414 21 18 to
787 2411 27 21 be
827 2410 80 28 joined
920 2410 101 27 together
1036 2412 25 21 in
1073 2412 38 21 the
1125 2413 70 22 bonds
1205 2414 26 21 of

645 2437 52 28 holy
706 2438 137 27 matrimony,
862 2437 45 22 and
921 2437 39 21 the
970 2444 119 21 ceremony
1099 2439 26 21 of
1134 2440 94 28 making

645 2465 61 21 them
723 2465 63 21 twain
797 2472 41 14 one
848 2464 56 22 flesh
914 2464 124 27 proceeded
1048 2465 110 28 regularly
1169 2468 57 21 until

645 2491 38 21 the
699 2491 122 27 clergyman
840 2491 47 26 (the
902 2491 57 21 Rev.
975 2491 44 22 Mr.
1038 2492 71 26 Price)
1125 2501 63 14 came
1205 2498 22 17 to

644 2518 49 22 that
706 2522 47 23 part
762 2518 25 21 of
794 2518 37 22 the
839 2517 90 26 service,
964 2517 69 22 What
1040 2519 51 21 God
1100 2519 39 22 has
1145 2520 81 26 joined

645 2545 101 26 together
753 2545 30 21 let
791 2552 29 14 no
833 2552 52 14 man
894 2548 40 24 put
1068 2545 64 23 when
1142 2547 86 22 Master

643 2572 95 27 Tommy
754 2571 109 28 appeared
881 2578 54 20 very
950 2571 102 28 fidgetty,
1072 2573 46 21 and
1135 2574 91 28 politely

645 2599 102 26 touching
759 2598 34 22 his
802 2597 106 23 forehead
918 2598 52 21 with
980 2598 35 22 his
1028 2599 127 28 forefinger,
1165 2600 62 23 look-

643 2625 38 27 ing
690 2625 73 28 archly
772 2628 24 19 at
803 2625 38 22 the
850 2632 46 15 rev.
904 2625 137 28 gentleman,
1053 2625 117 24 addressed
1179 2628 47 22 him

644 2653 50 21 thus
702 2660 5 14 :
711 2664 26 4 —
739 2653 10 21 I
758 2652 41 28 beg
808 2659 42 27 yur
859 2653 92 26 pardon,
963 2651 35 22 Sir
1004 2659 7 20 ;
1027 2653 40 21 but
1074 2660 110 21 supposen
1193 2662 33 15 we

643 2679 80 22 should
732 2687 26 20 go
767 2682 22 18 to
800 2680 37 20 the
974 2679 47 21 The
1032 2687 70 20 query
1109 2681 26 21 of
1141 2681 86 22 Master

642 2706 95 28 Tommy
743 2706 83 21 excited
831 2705 151 22 considerable
988 2706 95 27 surprise
1089 2707 44 22 and
1139 2715 87 15 amuse-

643 2736 63 18 ment
715 2736 100 23 amongst
824 2733 37 21 the
871 2739 92 20 persons
969 2732 49 22 who
1026 2732 47 22 had
1083 2733 56 23 been
1149 2734 76 23 drawn

644 2759 102 27 together
753 2759 31 21 for
793 2759 37 21 the
839 2766 95 21 purpose
944 2759 27 21 of
981 2759 127 28 witnessing
1118 2760 37 23 the
1165 2769 62 14 cere-

642 2793 68 21 mony
718 2787 45 26 ;but
772 2786 17 21 it
798 2785 109 28 appeared
917 2788 22 19 to
948 2785 59 22 have
1016 2787 61 26 quite
1088 2794 28 15 an
1127 2788 99 27 opposite

643 2813 64 22 effect
716 2820 57 21 upon
784 2813 36 21 the
829 2812 61 22 mind
898 2812 25 22 of
930 2812 37 22 the
974 2819 46 15 rev.
1031 2813 134 28 clergyman,
1175 2815 51 22 who

643 2839 91 28 slightly
743 2839 142 22 admonished
894 2839 87 22 Master
993 2839 97 28 Tommy
1099 2841 35 21 for
1149 2841 34 22 his
1192 2842 35 22 ill-

643 2867 68 21 timed
722 2866 102 28 question,
835 2865 45 22 and
894 2866 38 21 the
947 2865 75 28 happy
1030 2867 49 27 pair
1088 2868 85 26 quitted
1188 2869 38 22 the

643 2893 83 22 church
736 2893 88 22 without
833 2893 114 26 Tommy's
955 2893 102 27 problem
1064 2893 68 28 being
1141 2894 83 23 solved.

671 2920 122 22 Imitation
810 2920 156 21 Punishable.
967 2930 27 4 —
996 2919 54 22 Five
1066 2927 94 21 paupers
1169 2929 57 15 were

642 2947 118 22 sentenced
774 2949 23 19 to
807 2947 27 21 14
843 2946 61 27 days'
918 2945 56 23 hard
988 2945 76 23 labour
1076 2950 23 18 at
1114 2948 112 23 Leicester

642 2973 74 28 lately,
732 2974 33 21 for
780 2973 134 27 ''laughing,
931 2973 100 28 braying,
1048 2974 45 21 and
1106 2974 94 28 making
1213 2983 13 14 a

642 3000 60 22 noise
722 3007 25 15 as
760 2999 19 22 if
794 3000 53 27 they
864 3007 57 14 were
939 2999 89 28 driving
1167 3002 59 23 Such

642 3030 146 19 amusements
805 3034 36 14 are
850 3026 111 28 practised
977 3027 30 27 by
1016 3026 125 28 legislators
1153 3028 24 22 in
1188 3030 38 21 the

642 3054 77 21 House
729 3054 25 21 of
759 3054 117 21 Commons
885 3053 53 22 with
946 3053 121 28 impunity.

669 3081 38 21 An
717 3081 131 21 Uninvited
857 3081 98 21 Dinner
966 3081 88 21 Party.
1055 3091 28 5 —
1083 3081 23 21 A
1120 3081 106 24 Stafford-

642 3107 58 22 shire
709 3107 132 27 gentleman,
857 3114 26 14 or
891 3107 75 21 rather
974 3107 36 22 his
1021 3107 59 28 lady,
1092 3108 44 21 had
1145 3115 29 15 an
1184 3116 42 15 un-

641 3133 123 22 looked-for
772 3134 50 21 visit
831 3133 38 21 the
876 3133 63 21 other
947 3134 50 27 day.
1020 3133 74 23 When
1101 3135 37 22 the
1146 3135 80 23 dinner

641 3160 46 22 bell
695 3168 61 19 rang,
770 3166 60 15 some
846 3166 63 15 score
919 3167 25 14 or
960 3167 61 15 more
1038 3161 26 22 of
1076 3162 150 28 unemployed

641 3194 51 15 men
700 3187 122 27 responded
827 3188 23 20 to
860 3186 38 22 the
906 3186 48 28 call,
966 3187 45 22 and
1019 3187 38 22 the
1068 3191 80 19 master
1155 3189 26 21 of
1186 3189 39 23 the

641 3213 68 22 house
727 3213 65 28 being
806 3214 56 21 from
877 3213 67 22 home
954 3213 35 22 his
998 3214 50 22 wife
1059 3222 44 14 was
1116 3215 72 23 afraid
1203 3219 23 19 to

641 3240 88 22 dismiss
747 3239 37 23 her
800 3240 141 27 unexpected
958 3244 83 23 guests.
1079 3241 88 22 Dinner
1179 3250 47 15 was

642 3267 109 22 therefore
759 3266 77 23 served
841 3274 30 20 up
880 3269 23 20 to
912 3267 69 28 them,
991 3267 44 22 and
1042 3268 122 23 consumed
1172 3270 53 21 with

633 3301 37 14 :an
686 3293 106 22 excellent
805 3293 104 28 appetite.
939 3294 37 21 On
990 3294 38 21 the
1042 3294 113 28 following
1169 3296 52 28 day,

642 3319 136 28 encouraged
794 3319 30 29 by
840 3319 59 23 their
916 3320 59 25 good
994 3321 74 27 cheer,
1089 3322 53 28 they
1160 3324 66 26 again

632 3353 2 27 [
664 3347 110 22 answered
782 3347 37 21 the
901 3346 79 29 taking
985 3347 53 22 with
1044 3352 61 18 them
1110 3356 13 14 a
1130 3350 95 22 number

632 3387 2 21 I
642 3374 26 21 of
681 3373 57 22 their
746 3373 87 26 friends,
850 3373 42 22 but
904 3373 38 22 the
956 3374 106 22 husband
1074 3382 46 15 was
1134 3383 50 14 now
1201 3380 23 19 at

632 3396 2 25 !
641 3400 72 27 home,
730 3400 42 22 and
784 3402 50 20 sent
848 3400 63 22 them
925 3400 34 22 off
968 3401 94 22 without
1071 3408 125 22 ceremony.
1196 3415 30 4 —

643 3427 115 21 Gateshead
767 3428 106 20 Giserver.

668 3453 133 29 Despatches
823 3461 59 15 were
904 3457 50 20 sent
976 3455 58 22 from
1058 3455 38 22 the
1120 3456 101 24 Colonial

641 3481 78 27 Office,
741 3488 26 15 on
785 3481 89 27 Friday,
884 3481 36 22 for
939 3481 38 22 the
997 3482 116 23 Governor
1130 3483 25 22 of
1167 3484 58 23 New

641 3507 132 23 Zealand.—
775 3509 92 20 Colonial
878 3509 92 26 Gazette,
982 3509 59 26 Sept.
1053 3510 34 26 18,
1101 3511 60 21 1842.

669 3535 22 21 A
700 3535 81 22 second
791 3535 131 27 incendiary
931 3539 96 25 attempt
1036 3539 24 19 to
1069 3537 57 22 burn
1132 3538 38 22 the
1175 3538 51 28 ship

639 3562 102 20 Adelaide
749 3562 21 21 in
779 3562 101 28 Bombay
895 3562 105 28 harbour,
1015 3562 67 23 laden
1097 3564 36 23 for
1148 3565 77 28 Singa-

640 3596 54 20 pore
705 3589 45 22 and
759 3588 65 28 Siam,
834 3588 46 23 had
890 3589 83 27 proved
989 3590 127 27 successful,
1133 3592 45 22 and
1195 3592 30 23 all

640 3622 47 15 ■was
696 3615 123 28 destroyed.
855 3615 50 23 The
915 3615 50 29 ship
974 3623 45 16 -was
1026 3616 99 29 insured,
1134 3618 42 23 but
1184 3623 42 18 not

639 3642 39 21 the
691 3649 71 20 cargo.

666 3669 50 21 The
730 3669 87 22 Income
831 3669 57 22 Tax.
890 3680 28 5 —
918 3669 129 28 According
1061 3672 23 20 to
1094 3670 37 23 the
1142 3672 45 22 Act
1200 3672 28 23 of

640 3694 134 23 Parliament
790 3696 62 21 strict
869 3703 90 21 secrecy
975 3697 21 21 is
1014 3697 106 27 enjoined
1139 3705 28 15 on
1185 3698 39 23 the

639 3721 173 23 commissioners
821 3722 45 22 and
880 3723 154 22 subordinates
1048 3724 122 27 appointed
1177 3732 44 16 un-

639 3749 40 22 der
687 3749 43 22 this
742 3749 143 24 inquisitorial
899 3749 50 22 law.
977 3749 23 22 A
1017 3750 96 28 striking
1125 3751 99 24 illustra-

638 3775 50 22 tion
704 3775 20 22 is
742 3775 96 22 afforded
854 3776 31 27 by
899 3775 39 22 the
952 3776 133 28 knowledge
1103 3777 38 23 the

638 3802 44 22 end
713 3802 113 22 collectors
836 3809 37 14 are
882 3804 24 21 to
915 3802 29 22 be
958 3803 70 22 heard
1036 3803 72 29 freely
1118 3811 105 17 canvass-

637 3829 41 28 ing
690 3829 37 22 the
742 3831 85 20 returns
836 3829 26 22 of
877 3829 37 22 the
954 3830 51 26 City
1041 3830 132 29 merchants,
1188 3833 35 22 in-

638 3856 101 27 stancing
747 3856 46 22 that
801 3863 14 15 a
823 3855 50 22 well
883 3856 82 23 known
979 3855 52 23 firm
1041 3857 58 22 have
1116 3860 107 21 returned

637 3882 58 23 their
709 3883 73 27 profits
798 3886 23 19 at
831 3883 97 27 £60,000
938 3890 14 15 a
967 3890 55 20 year
1029 3891 7 20 ;
1054 3887 43 19 two
1111 3885 73 22 others
1199 3889 25 20 at

637 3909 110 28 £40,000;
758 3909 42 23 and
808 3909 86 23 several
902 3917 62 15 more
972 3917 15 15 a
996 3910 110 28 £30,000:
1116 3912 47 22 also
1174 3912 49 23 that

637 3943 14 16 a
657 3936 77 28 highly
743 3936 123 23 influential
874 3936 61 28 body
941 3937 59 22 have
1007 3937 74 23 stated
1088 3938 58 23 their
1155 3945 68 17 aver-

554 34 99 47 ©ije
676 34 115 41 Keto
818 34 211 41 Zealand
1054 34 189 47 i&wtttt
1269 38 91 40 antr
1384 38 301 47 WLWUuqton
1708 36 251 51 StpttMot.

51 129 41 15 was
101 127 28 15 on
140 120 109 27 Saturday
254 120 42 21 last
305 120 12 22 I
327 120 92 27 believe,
427 127 41 15 one
479 127 25 15 or
513 123 41 19 two
561 120 66 23 white

52 146 73 31 people
133 153 58 15 were
200 146 68 24 fined,
279 146 44 22 and
333 154 29 14 on
368 147 49 22 that
426 154 54 20 very
490 147 42 27 day
537 154 90 15 swarms

52 175 22 21 of
85 173 96 22 Maories
191 179 57 15 were
259 173 96 27 walking
371 174 34 21 off
419 173 54 22 with
488 173 58 22 their
560 173 67 22 back-

49 200 65 25 loads,
126 202 21 18 to
158 198 128 23 endeavour
295 203 23 17 to
333 200 39 21 sell
382 200 24 21 it.
435 200 58 22 Now
502 200 40 26 Sir,
553 200 73 22 whilst

51 227 39 22 this
107 226 20 21 is
140 225 101 27 allowed,
257 226 125 26 grumbling
396 226 43 22 will
455 226 115 27 continue;
593 227 34 21 for

51 254 54 21 what
113 252 19 21 is
139 252 73 26 guilty
218 252 23 22 in
253 252 36 22 the
299 252 82 27 settler,
389 252 19 22 is
414 254 48 26 just
471 260 24 15 as
504 252 122 22 blameable

50 281 19 21 in
79 279 36 21 the
126 278 90 22 Native.

262 305 12 21 I
283 304 91 28 remain,
386 306 41 26 Sir,

288 331 79 22 Your's
375 332 150 28 respectfully,

459 365 22 22 A
495 365 103 22 Reader.

195 424 143 24 COUNTY
356 426 124 24 COURT.

48 470 116 24 BEFORE
184 470 54 22 HIS
260 469 113 23 HONOR
394 471 27 22 E.
443 471 177 23 HALSWLEL.

1262 130 41 20 age
1313 125 77 25 profits
1399 127 23 19 to
1431 125 28 21 be
1472 125 104 27 upwards
1585 125 27 22 of
1623 125 49 23 half
1684 133 14 14 a
1712 127 78 22 milion
1804 135 41 14 an-

1262 149 77 28 nually
1345 151 6 21 !
1380 151 29 21 So
1417 151 68 22 much
1494 152 35 21 for
1542 160 97 19 secrecy.
1667 153 102 22 Another
1781 161 64 19 prac-

1262 176 52 21 tical
1323 177 131 22 illustration
1464 178 19 21 is
1493 179 67 26 given
1570 179 23 21 in
1603 179 36 21 the
1649 180 57 25 fact,'
1711 179 47 22 that
1768 187 27 14 an
1805 180 39 22 old

1261 202 45 21 and
1320 202 113 29 respected
1448 203 129 23 inhabitant
1590 205 27 21 of
1629 204 92 23 Pimlico
1736 205 40 22 has
1791 214 54 20 very

1261 229 99 28 recently
1369 230 82 22 broken
1461 238 31 20 up
1501 231 35 21 his
1546 231 171 28 establishment,
1728 232 117 23 dismissed

1261 254 34 22 his
1301 259 106 24 servants,
1419 257 44 21 and
1469 256 47 22 sold
1523 257 34 21 off
1563 257 33 22 his
1602 257 120 23 household
1727 259 115 27 furniture,

1260 281 104 28 alleging,
1379 290 24 14 as
1413 283 37 22 the
1459 283 45 21 sole
1514 290 87 21 reason,
1616 284 38 22 the
1664 285 60 21 cruel
1734 286 110 27 operation

1261 307 25 22 of
1294 308 72 22 Peel's
1376 309 76 22 odious
1461 310 89 22 income
1555 313 47 19 tax.
1624 310 42 22 His
1671 311 87 22 income
1764 318 81 21 ranges

1260 337 22 19 to
1291 335 79 27 nearly
1378 335 60 23 £200
1447 342 41 21 per
1496 343 95 20 annum;
1607 337 43 21 and
1659 337 28 22 he
1697 337 22 24 is.
1724 344 50 15 now
1784 346 61 14 com-

1259 360 75 27 pelled
1343 365 21 18 to
1369 361 116 23 furnished
1494 362 102 28 lodgings
1601 363 53 22 with
1662 363 35 22 his
1703 364 83 27 family,
1799 365 44 22 and

1261 391 21 18 to
1292 387 70 23 debar
1367 387 92 23 himself
1466 389 26 21 of
1497 396 70 20 many
1572 389 103 22 comforts
1680 390 71 22 which
1762 391 27 21 he
1798 391 46 22 had

1259 414 126 27 previously
1394 415 101 28 enjoyed.
1497 426 28 5 —
1528 416 68 22 Globe.
1638 414 4 22 !

1286 446 92 23 Prices.
1379 458 28 5 —
1407 447 22 22 It
1437 448 20 21 is
1466 455 14 14 a
1489 448 80 23 fearful
1579 449 64 28 thing
1652 453 22 19 to
1683 457 64 16 rouse
1759 458 14 15 a
1782 452 63 27 spirit

1259 473 26 21 of
1298 473 119 28 indignant
1433 474 85 23 virtue!
1553 476 47 22 The
1620 476 77 23 bakers
1716 478 56 22 have
1787 478 56 23 been

1261 499 88 27 (honest
1357 501 58 22 folks
1429 501 16 26 !)
1462 509 24 14 so
1491 501 95 23 -worked
1595 510 60 20 upon
1668 504 30 28 by
1707 504 37 22 the
1753 511 90 21 rumpus

1258 525 83 23 kicked
1350 534 30 25 up
1396 528 68 21 about
1480 528 57 22 their
1547 528 92 32 ,doings,
1656 530 48 22 that
1720 531 52 27 they
1786 531 57 22 have

1258 553 60 21 risen
1327 560 31 21 up
1367 561 23 14 m
1400 561 126 20 vengeance
1536 556 87 26 against
1632 556 29 22 all
1671 556 62 23 other
1746 558 97 27 people's

1259 579 84 28 doings.
1372 580 44 22 For
1431 581 43 21 this
1487 581 43 22 last
1539 582 63 21 week
1617 590 25 13 or
1656 591 24 14 so
1697 591 66 21 every
1771 586 72 21 man's

1257 606 63 22 hand
1330 606 39 23 has
1378 607 57 22 been
1450 608 87 26 against
1553 608 68 28 them,
1637 610 43 21 and
1694 617 50 15 now
1753 612 19 21 is
1786 611 58 22 their

1257 632 63 22 hand
1329 633 87 27 against
1427 633 29 22 all
1471 635 63 22 other
1544 642 60 15 men.
1628 636 62 28 Tbey
1700 644 56 15 were
1770 641 39 18 not
1819 641 23 19 to

1257 659 27 21 be
1294 659 95 22 insulted
1399 661 52 21 with
1460 661 111 27 impunity
1577 669 6 19 ;
1595 662 45 22 and
1650 663 64 22 when
1724 664 36 21 the
1767 668 44 17 rest
1820 666 25 21 of

1258 686 37 21 the
1309 686 101 22 retailers
1424 694 58 15 were
1497 687 91 28 dealing
1603 692 38 18 out
1654 690 57 21 their
1727 690 115 23 wholesale

1258 713 76 26 abuse,
1344 713 53 27 they
1406 714 98 21 retorted
1513 722 29 14 on
1556 715 38 22 the
1604 715 99 23 virtuous
1713 716 129 24 declaimers

1257 739 70 21 about
1340 739 42 23 fair
1392 739 89 28 dealing
1495 741 23 21 in
1527 741 59 22 their
1602 749 48 14 own
1665 743 93 27 charges
1764 751 5 20 ;
1787 751 53 21 nay,

1257 765 70 22 threw
1337 767 45 21 into
1396 767 38 21 the
1444 767 67 22 midst
1521 768 26 21 of
1559 768 38 22 the
1606 768 117 29 fraternity
1732 777 28 15 an
1777 772 65 26 apple

1258 793 25 20 of
1290 792 38 22 fell
1339 793 94 27 discord,
1442 793 104 27 whereby
1555 795 30 22 all
1600 802 51 15 men
1661 803 80 21 appear
1751 801 23 18 to
1784 797 58 22 have

1257 819 57 21 been
1331 823 34 18 set
1378 821 105 26 accusing
1497 821 54 22 each
1568 822 75 22 other!
1683 823 65 22 What
1763 831 79 15 scenes

1257 845 25 21 of
1287 845 123 29 iniquity—
1411 847 59 21 what
1476 850 126 20 monstrous
1609 848 111 28 ill-doings
1727 850 56 22 have
1791 850 51 23 thus

1257 872 56 22 been
1323 873 94 27 brought
1431 876 21 19 to
1467 873 56 28 light
1530 874 7 21 !
1567 875 42 22 We
1623 875 45 23 find
1679 876 56 22 from
1750 884 41 15 one
1805 877 37 22 in-

1255 899 98 23 furiated
1372 900 148 28 bread-seller,
1539 901 49 22 that
1604 902 181 28 cabbage-leaves
1803 911 38 15 are

1257 925 49 21 sold
1316 926 33 22 for
1360 927 97 26 tabacco,
1468 934 24 15 as
1509 927 133 23 sloe-leaves
1652 930 50 25 (but
1715 930 43 22 this
1774 930 18 21 is
1802 935 41 18 not

1257 952 75 27 novel)
1344 960 37 15 are
1391 954 48 22 sold
1447 954 36 21 for
1499 957 43 19 tea.
1571 955 102 23 Another
1686 963 102 21 proposes
1804 958 37 21 the

1256 977 116 30 searching
1382 981 42 21 and
1433 981 112 22 invidious
1552 981 96 28 inquiry,
1683 983 60 27 Why
1753 984 17 21 is
1780 984 60 26 ham,

1255 1005 87 27 bought
1350 1014 45 14 raw
1405 1014 13 14 a
1427 1007 35 22 sd.
1471 1015 40 20 per
1520 1008 38 27 lb,,
1572 1008 48 22 sold
1627 1010 82 21 cooked
1720 1014 22 17 at
1751 1013 38 23 25.,
1797 1012 45 21 and

1257 1033 42 21 salt
1319 1033 53 22 beef
1386 1036 23 18 at
1424 1035 29 21 Is.
1470 1034 34 22 Bd.
1513 1035 10 21 ?
1551 1034 44 28 Ah,
1614 1036 75 27 verily,
1706 1036 136 23 wherefore?

1257 1059 54 21 And
1320 1059 44 22 this
1372 1060 20 22 is
1401 1061 39 21 but
1450 1060 38 22 the
1494 1061 123 28 beginning
1626 1062 26 21 of
1662 1063 37 21 the
1709 1064 89 21 terrible
1805 1064 36 22 in-

1256 1086 144 27 vestigation;
1412 1087 37 22 the
1459 1094 51 15 men
1517 1088 27 21 of
1546 1088 57 22 flour
1609 1096 36 14 are
1651 1089 65 27 fairly
1722 1097 28 21 up
1756 1091 87 26 against

1257 1112 37 22 the
1309 1120 53 15 men
1373 1114 25 21 of
1409 1113 62 28 pork,
1488 1122 23 14 so
1529 1115 45 21 will
1589 1115 38 22 the
1642 1123 50 15 men
1708 1117 24 21 of
1743 1117 55 27 pork
1812 1118 29 21 be

1256 1139 99 28 speedily
1361 1148 29 19 up
1400 1141 85 26 against
1495 1142 37 21 the
1542 1148 51 15 men
1604 1143 26 21 of
1636 1150 66 20 every
1711 1144 63 21 other
1780 1151 60 16 com-

1257 1166 92 27 modity.
1377 1167 48 22 The
1435 1167 78 22 bakers
1519 1168 91 28 already
1616 1169 56 22 have
1680 1170 97 23 directed
1784 1170 58 23 their

1360 1197 63 19 canst
1441 1197 40 19 not
1499 1202 39 20 say
1547 1195 48 22 that
1607 1203 31 14 we
1657 1196 37 22 did
1766 1201 22 17 to
1803 1198 38 22 the

1256 1219 90 23 millers.
1375 1221 33 21 As
1416 1221 35 21 for
1461 1221 37 21 the
1529 1222 74 21 miller
1617 1222 44 22 and
1669 1223 35 22 his
1796 1224 17 22 it
1822 1226 20 21 is

1256 1246 99 28 edifying
1364 1250 22 18 to
1397 1247 91 22 observe
1498 1248 58 22 their
1566 1249 95 22 discreet
1671 1250 82 22 silence
1762 1251 81 22 amidst

1255 1273 44 21 this
1382 1274 25 21 of
1409 1277 147 25 controversy,
1564 1275 45 22 and
1616 1276 41 21 this
1665 1283 44 15 war
1715 1278 25 21 of
1743 1278 71 22 words
1817 1286 7 19 ;
1828 1279 5 8 '
1836 1279 5 8 '

1256 1306 42 15 one
1309 1299 53 23 does
1375 1304 39 18 not
1429 1301 64 22 know
1508 1301 52 22 how
1569 1302 54 28 they
1631 1304 72 21 would
1718 1308 37 22 get
1770 1308 38 19 out
1818 1305 27 22 of

1257 1325 37 23 the
1305 1334 88 21 scrape;
1409 1327 19 22 it
1435 1328 18 21 is
1464 1328 65 25 clear,
1545 1331 24 19 at
1582 1329 31 21 all
1624 1334 82 23 events,
1722 1331 52 27 they
1782 1332 60 21 can't

1255 1352 37 28 lay
1302 1353 18 21 it
1329 1360 29 15 on
1367 1353 38 23 the
1415 1355 98 21 farmers.
1542 1355 84 22 Where
1637 1357 42 22 will
1692 1357 62 22 these
1768 1358 74 28 things

1256 1379 59 22 end?
1344 1381 81 27 People
1438 1381 44 22 will
1497 1382 27 21 be
1540 1385 35 18 set
1593 1383 127 28 athinking;
1738 1384 104 23 "there's

1256 1406 37 22 the
1379 1408 43 21 and
1433 1408 55 22 each
1497 1416 53 14 man
1562 1409 42 22 will
1614 1409 47 22 find
1671 1414 38 18 out
1719 1418 13 13 a
1741 1411 56 22 little
1807 1412 35 22 in-

1255 1433 72 28 iquity
1336 1434 35 21 for
1385 1433 98 23 himself!
1513 1435 71 22 These
1600 1437 28 21 be
1643 1438 113 26 mysteries
1770 1445 24 15 as
1807 1439 35 22 in-

1255 1461 110 22 scrutable
1379 1468 24 14 as
1419 1461 48 22 that
1476 1461 73 23 which
1564 1470 34 14 we
1613 1464 123 22 remember
1751 1473 14 13 a
1780 1464 60 29 witty

1256 1487 98 27 political
1363 1487 73 23 writer
1442 1495 53 15 once
1502 1489 136 28 suggesting,
1649 1490 29 28 by
1683 1497 48 21 way
1737 1492 26 21 of
1770 1492 72 21 diver-

1333 1515 58 26 Why
1397 1514 28 22 do
1431 1515 103 22 dustmen
1540 1523 58 14 wear
1603 1517 38 21 red

1255 1552 28 5 —
1283 1543 67 19 Herts
1360 1543 78 25 County
1447 1543 73 20 Press.

1372 1612 358 35 MISCELLANEOUS.

1283 1670 138 23 Badgering
1442 1680 29 14 an
1495 1673 66 21 Irish
1578 1673 87 23 Voter.
1676 1686 28 4 —
1713 1675 101 23 "You're
1828 1684 14 15 a

1255 1697 89 22 Roman
1355 1699 97 21 Catholic
1657 1702 49 22 said
1716 1702 36 22 the
1760 1703 80 23 fellow.

1335 1732 44 19 you
1477 1726 127 23 demanded
1614 1727 36 23 the
1665 1732 72 24 agent.

1256 1758 38 20 say
1314 1751 12 21 I
1429 1760 42 14 was
1491 1753 37 22 the
1548 1760 91 16 answer.
1703 1757 74 26 Come,
1798 1757 41 27 Sir,

1255 1784 114 16 answer—
1371 1779 76 22 what's
1463 1787 56 20 your
1776 1783 64 22 thrue

1513 1807 94 28 religion
1626 1809 19 21 is

1482 1833 77 23 what's
1567 1841 55 19 your

1255 1858 107 23 mother's
1560 1862 54 22 And
1637 1863 59 21 what
1715 1870 44 15 was
1783 1871 57 20 your

1256 1884 105 23 mother's
1546 1889 43 21 She
1606 1891 39 19 tuk
1661 1891 89 26 whiskey
1765 1891 23 20 in
1803 1892 39 19 her

1366 1913 75 27 Come,
1459 1920 56 21 now,
1534 1915 38 22 I'll
1588 1916 48 22 find
1646 1924 43 20 you
1698 1922 44 21 out,
1754 1925 23 14 as
1787 1925 53 14 cun-

1254 1945 55 19 ning
1318 1946 24 14 as
1351 1947 44 20 you
1473 1941 49 22 said
1530 1942 39 22 the
1580 1946 73 24 agent,
1663 1945 83 26 piqued
1755 1945 45 21 into
1809 1952 28 15 an

1256 1969 122 19 encounter
1386 1967 26 21 of
1417 1968 47 20 wits
1471 1968 52 22 with
1531 1968 45 23 this
1584 1970 81 27 fellow,
1670 1972 73 21 whose
1750 1971 90 28 baffling

1256 1992 26 20 of
1296 1998 68 22 every
1381 1995 101 25 question
1497 1995 90 27 pleased
1602 1997 38 21 the
1655 1998 80 21 crowd.
1788 1998 52 22 You

1255 2018 59 22 bless
1323 2020 104 26 yourself,
1436 2021 62 21 don't
1506 2029 45 20 you
1633 2023 73 22 When
1717 2025 57 21 I'am
1781 2024 58 23 done

1256 2045 51 21 with
1325 2053 44 20 you
1385 2047 12 21 I
1412 2047 63 22 think
1492 2048 11 22 I
1666 2050 67 23 What
1744 2052 63 27 place
1816 2052 26 22 of

1255 2072 94 27 worship
1359 2073 29 22 do
1398 2080 44 21 you
1450 2081 28 20 go
1592 2076 49 23 The
1650 2080 57 19 most
1717 2079 122 26 convayni-

1255 2102 46 18 ent.
1365 2101 5 9 '
1377 2100 45 22 But
1440 2101 26 22 of
1479 2101 60 23 what
1556 2104 129 27 persuasion
1704 2112 37 15 are

1282 2126 41 25 My
1332 2128 128 25 persuasion
1469 2128 25 27 is,
1505 2129 49 22 that
1563 2137 46 21 you
1617 2132 68 21 won't
1694 2131 47 23 find
1750 2132 17 22 it

1280 2153 68 21 What
1362 2154 19 22 is
1390 2161 55 20 your
1664 2158 71 22 belief
1740 2159 19 22 is
1767 2160 72 25 you're

1468 2189 45 20 you

1374 2215 49 15 now
1443 2209 11 21 I
1474 2209 56 22 have
1549 2217 51 20 you.
1629 2211 58 22 Who
1701 2212 74 23 would
1793 2221 45 19 you

1255 2233 55 21 send
1320 2235 33 20 for
1362 2235 20 21 if
1395 2242 44 20 you
1449 2243 57 15 were
1521 2237 70 28 likely
1602 2242 21 17 to

1498 2263 33 22 for
1537 2263 37 23 the
1709 2266 129 23 Imustfirst

1255 2291 37 22 get
1301 2294 15 14 a
1321 2295 130 21 messenger.
1520 2291 121 22 Confound
1650 2299 55 20 your
1710 2294 114 28 quibbling
1831 2295 5 21 !

1254 2324 29 5 —
1284 2314 90 28 tellnie,
1388 2317 58 26 then,
1459 2316 58 22 what
1531 2324 57 21 your
1604 2319 101 26 opinions
1719 2327 36 15 are
1756 2332 27 4 —
1783 2328 55 19 your

1255 2341 163 23 conscientious
1434 2344 101 27 opinions
1550 2352 45 19 are,
1606 2345 12 22 I

1255 2374 37 15 arc
1308 2368 38 22 the
1361 2376 60 15 same
1437 2378 24 14 as
1474 2378 38 20 my
1521 2371 144 23 landlord's."
1716 2374 54 23 And
1779 2374 59 23 what

1255 2401 37 15 are
1310 2402 57 20 your
1386 2396 120 23 landlord's
1524 2399 102 26 opinions
1723 2401 60 27 Faix,
1805 2402 33 21 his

1255 2422 89 26 opinion
1361 2423 40 26 his,
1413 2424 48 22 that
1476 2425 11 21 I
1499 2425 67 22 won't
1574 2433 44 20 pay
1628 2426 46 22 him
1682 2426 39 23 the
1729 2428 43 22 last
1781 2428 57 22 half-

1254 2448 73 27 year's
1337 2449 56 28 rint;
1409 2451 44 22 and
1470 2451 42 22 I'm
1529 2453 27 20 of
1569 2453 37 21 the
1617 2459 59 16 same
1692 2455 87 26 opinion
1791 2463 47 20 my-

1348 2477 22 21 A
1379 2484 51 15 roar
1438 2477 26 22 of
1470 2478 102 28 laughter
1582 2479 101 24 followed
1692 2481 44 22 this
1745 2489 91 21 answer,

1255 2502 45 22 and
1311 2502 200 25 dumb-foundered
1520 2506 38 21 the
1568 2510 68 23 agent
1642 2507 34 22 for
1685 2515 14 14 a
1707 2509 53 22 time
1769 2517 5 19 ;
1790 2509 46 27 but,

1255 2530 98 25 angered
1358 2534 23 18 at
1387 2531 37 21 the
1435 2533 118 21 successful
1560 2533 115 27 quibbling
1685 2534 25 22 of
1716 2535 37 22 the
1760 2536 77 26 sturdy

1255 2557 44 20 and
1309 2557 51 26 wily
1369 2557 73 23 fellow
1452 2559 75 22 before
1537 2559 54 28 him,
1602 2560 30 21 he
1642 2564 22 18 at
1673 2561 42 22 last
1724 2562 111 28 declared,

1254 2582 54 22 with
1327 2584 66 22 much
1408 2586 95 26 severity
1518 2587 26 20 of
1560 2593 99 21 manner,
1676 2588 49 22 that
1738 2589 28 22 he
1781 2595 58 16 must

1254 2609 57 23 have
1330 2618 14 14 a
1362 2611 69 22 direct
1449 2613 71 27 reply.
1599 2614 70 27 insist,
1683 2615 37 27 sir,
1739 2623 28 15 on
1782 2623 57 20 your

1254 2639 125 26 answering
1388 2641 22 19 at
1420 2646 62 20 once,
1490 2647 36 14 are
1536 2647 45 20 you
1591 2647 12 14 a
1612 2640 87 23 Roman

1265 2663 4 10 1
1277 2663 11 22 1
1370 2665 47 22 said
1427 2666 37 21 the
1474 2667 80 22 fellow.
1608 2668 53 21 And
1671 2668 64 23 could
1745 2677 45 20 you
1798 2673 40 19 not

1255 2697 39 20 say
1302 2697 25 15 so
1342 2695 22 19 at
1480 2694 105 27 repeated
1602 2694 37 21 the
1656 2695 80 23 officer.

1253 2724 69 15 never
1332 2719 57 22 axed
1469 2721 105 22 returned
1584 2721 38 22 the
1633 2721 68 23 other.
1753 2724 11 21 I

1254 2744 48 22 said
1319 2745 38 22 the
1373 2747 81 22 officer.
1616 2755 45 19 you
1680 2749 78 23 didn't.
1787 2751 51 22 You

1254 2772 48 22 said
1317 2773 11 21 I
1339 2781 43 14 was
1398 2781 12 14 a
1419 2776 63 24 great
1497 2781 68 20 many
1574 2775 71 27 thing,
1662 2776 39 22 but
1716 2784 44 20 you
1770 2785 69 14 never

1254 2800 54 20 axed
1325 2807 35 15 me
1362 2812 27 4 —
1389 2807 46 21 you
1453 2808 46 14 wor
1517 2801 97 22 dhrivin'
1635 2808 55 16 crass
1708 2804 71 22 words
1794 2804 44 22 and

1255 2828 77 19 cruhed
1348 2828 112 27 questions
1476 2831 23 18 at
1515 2835 42 19 me,
1569 2829 46 22 and
1632 2830 11 21 I
1656 2837 42 20 gey
1707 2838 94 15 answers
1816 2834 22 19 to

1254 2854 74 22 metch
1341 2854 41 22 'em
1389 2862 6 19 ;
1410 2854 35 22 for
1454 2861 50 15 sure
1522 2855 11 21 I
1544 2855 96 28 thought
1649 2856 17 23 it
1681 2865 44 14 was
1736 2865 102 14 manners

1254 2884 22 18 to
1287 2884 38 19 cut
1334 2885 38 18 out
1381 2889 38 19 my
1429 2882 87 20 behavor
1526 2889 29 15 on
1565 2890 58 20 your
1638 2890 48 16 own

1254 2908 81 26 Handy
1344 2910 69 24 Andy.

1318 2960 21 21 A
1355 2960 82 23 SONG
1451 2961 62 22 FOR
1527 2961 73 22 NEW
1614 2962 161 23 ZEALAND.

1337 3011 70 17 FROM
1417 3012 50 16 THE
1497 3013 95 16 NELSON

70 528 54 23 This
133 528 68 22 Court
210 528 87 28 opened
311 536 30 15 on
355 529 104 27 Tuesday
472 529 50 22 last.
560 530 64 22 After

48 556 33 21 the
99 554 66 28 panel
182 554 45 22 had
244 556 58 21 been
321 555 72 22 called
412 562 60 20 over,
490 556 34 21 his
543 556 81 23 Honor

48 581 113 23 addressed
170 581 38 22 the
217 581 57 27 Jury
284 586 22 17 at
312 589 61 14 some
379 582 82 26 length.
490 582 37 22 He
536 583 88 22 advert-

48 608 24 23 ed
90 611 24 18 to
128 608 38 21 the
180 607 74 29 heavy
272 608 104 22 calendar
390 608 77 22 before
476 608 54 27 him,
532 621 28 5 —
560 610 63 22 there

46 635 61 27 being
128 636 104 19 seventeen
254 635 111 27 prisoners
382 638 24 19 to
426 635 27 21 be
473 636 55 22 tried
544 640 23 18 at
584 636 37 23 the

46 664 82 25 present
145 661 87 27 sittings
248 661 26 22 of
293 662 39 21 the
349 661 74 27 Court,
438 662 49 21 nine
502 662 45 23 had
565 664 55 21 been

46 688 54 22 tried
108 687 44 22 last
159 688 87 27 month,
253 688 44 22 and
300 688 79 27 fifteen
385 688 37 22 the
428 689 78 22 month
513 690 109 26 previous.

47 714 67 23 There
128 722 57 15 were
200 715 47 21 also
263 722 69 20 many
346 722 67 19 grave
429 715 92 28 charges
536 716 87 27 against

46 748 55 15 some
111 741 26 21 of
147 741 38 22 the
194 741 108 27 prisoners
309 741 131 23 committed
448 742 36 22 for
493 742 49 22 trial
547 743 75 22 before

46 768 32 21 the
88 768 106 26 Supreme
203 768 76 21 Court.
307 768 39 22 He
354 775 45 15 was
408 768 75 28 happy
491 772 23 19 to
525 777 39 20 say
574 770 49 21 that

46 794 55 22 these
118 801 55 14 were
187 794 31 21 all
234 798 111 23 strangers
353 803 5 19 ;
379 802 58 15 none
448 796 26 21 of
485 796 60 21 them
556 796 66 23 could

46 822 23 20 be
78 821 101 26 properly
188 821 73 22 called
271 822 127 27 emigrants,
414 829 25 14 or
454 829 57 15 even
527 823 93 22 settlers.

47 847 58 22 After
113 854 61 15 some
182 847 102 22 remarks
294 855 60 21 upon
368 848 39 22 the
424 853 90 23 present
527 852 56 19 state
600 850 24 21 of

45 875 32 21 the
86 873 56 28 gaol,
152 874 47 22 and
205 875 28 21 its
240 875 103 22 crowded
350 877 63 25 state,
419 876 58 21 from
483 876 37 22 the
527 876 95 22 number

45 900 73 22 locked
126 908 30 20 up
166 901 55 22 each
228 901 69 27 night,
309 909 24 14 as
345 902 49 21 well
405 909 24 14 as
440 902 38 22 the
488 906 134 24 consequent

46 929 55 20 want
110 927 25 21 of
145 927 154 22 classification
310 929 26 20 of
347 935 43 27 any
399 929 63 26 kind,
478 929 48 22 that
540 933 43 18 two
599 930 25 21 of

48 954 31 22 the
93 953 80 21 female
192 954 109 26 prisoners
317 954 45 22 had
377 955 59 22 been
450 956 100 26 engaged
569 955 52 23 with

45 981 30 21 the
95 986 50 15 men
159 980 46 22 and
215 987 14 14 a
242 980 65 22 fidler
317 981 24 21 in
351 981 87 26 getting
451 989 32 20 up
492 989 14 14 a
514 982 78 27 dance,
593 994 29 4 —

47 1006 37 22 and
93 1005 62 23 other
164 1009 93 20 matters
267 1007 122 22 connected
403 1008 54 21 with
473 1009 38 21 the
526 1009 94 22 absence

46 1033 21 22 of
76 1033 29 21 all
112 1033 79 27 regard
201 1036 23 19 to
234 1034 37 22 the
281 1034 84 22 several
379 1037 47 19 acts
441 1035 80 27 passed
535 1036 35 21 for
580 1036 37 21 the

46 1059 122 27 regulation-
180 1059 26 22 of
225 1060 68 27 gaols.
331 1061 48 21 The
394 1061 58 27 Jury
468 1069 57 14 were
540 1069 78 20 sworn,

47 1086 38 22 and
95 1085 37 23 the
139 1086 115 28 following
266 1087 111 27 prisoners
391 1094 58 15 were
464 1091 40 24 put
521 1096 26 14 on
563 1090 58 21 their

45 1113 50 22 trial.

67 1141 73 25 Joseph
161 1141 108 26 Anthony.
269 1152 29 4 —
299 1141 104 22 Indicted
425 1141 34 22 for
482 1142 137 27 embezzling

47 1168 80 21 various
144 1167 65 22 small
224 1176 61 14 sums
304 1169 25 20 of
346 1175 88 20 money,
455 1169 59 21 from
533 1170 86 26 George

48 1194 79 27 Phelps,
152 1195 25 24 (a
199 1195 79 26 baker)
302 1195 35 21 his
359 1199 90 17 mastei.
490 1195 66 22 After
582 1196 37 21 the

47 1221 97 21 evidence
153 1221 36 21 for
198 1221 37 22 the
245 1221 138 28 prosecution
393 1221 45 22 had
446 1229 58 19 gone
514 1222 102 27 through,

47 1247 63 22 which
120 1247 82 28 clearly
211 1249 133 21 established
354 1248 37 22 the
401 1249 87 26 charge,
500 1249 36 21 the
546 1250 73 26 gaoler

46 1281 35 15 was
90 1273 76 28 called,
177 1275 54 21 with
241 1282 14 15 a
264 1276 55 21 view
326 1275 26 22 of
362 1275 93 27 proviug
469 1275 49 22 that
533 1276 28 21 he
576 1283 43 14 was

47 1301 78 26 subject
134 1304 20 18 to
165 1301 128 22 alterations
302 1302 26 21 of
334 1301 74 28 mind;
424 1302 40 21 but
474 1302 18 21 it
500 1303 117 27 appeared,

46 1328 45 26 they
104 1334 56 15 were
175 1331 132 27 temporary,
328 1328 83 27 arising
423 1328 59 22 from
497 1329 38 21 the
545 1330 74 21 effects

48 1355 21 21 of
78 1353 99 23 delirium
191 1357 106 20 tremens:
326 1355 79 22 Found
419 1356 76 26 guilty,
513 1356 43 21 and
570 1363 49 14 sen-

47 1380 68 22 tenced
125 1383 22 19 to
156 1382 49 19 nine
219 1382 106 21 calendar
339 1382 88 21 months
441 1381 176 28 imprisonment.

66 1407 45 23 The
120 1411 54 19 next
184 1414 50 16 case
245 1416 44 14 was
300 1408 54 22 nine
365 1408 74 22 sailors
453 1409 97 26 charged
566 1409 53 22 with

47 1434 85 27 stealing
141 1435 83 27 sundry
233 1435 79 21 bottles
319 1435 25 21 of
349 1434 40 26 ale,
401 1435 100 26 walnuts,
509 1435 108 28 almonds,

48 1461 65 21 bouilli
123 1468 59 20 soup,
194 1461 45 22 and
248 1468 60 15 some
319 1461 30 22 oil
365 1462 25 21 of
401 1463 135 26 turpentine.
570 1463 47 22 The

47 1490 93 25 property
157 1489 28 25 of,
206 1495 26 14 or
249 1488 25 22 in
292 1488 38 22 the
345 1488 79 22 'lawful
443 1489 122 27 possession
587 1489 30 27 of,

48 1514 74 22 Robert
140 1515 97 21 Glaister
255 1514 91 27 Sharpe,
365 1518 82 18 master
466 1516 26 21 of
513 1515 37 22 the
570 1515 49 29 ship

49 1543 77 19 Thomas
133 1542 97 25 Sparkes.
269 1542 27 21 In
307 1542 44 21 this
359 1548 57 20 case,
425 1541 18 21 it
452 1542 109 27 appeared
571 1543 48 21 that

49 1569 29 21 the
86 1568 48 27 ship
143 1568 45 22 nad
197 1569 58 21 been
270 1567 112 23 unloaded
397 1572 23 18 at
437 1569 37 21 the
491 1569 65 27 Cape,
575 1570 44 21 and

48 1595 23 21 all
78 1595 36 21 the
128 1602 57 15 crew
201 1595 131 27 discharged
340 1602 5 19 ;
361 1595 46 21 and
420 1595 60 21 fresh
497 1596 69 21 hands
580 1604 38 13 en-

48 1622 61 27 gaged
126 1621 56 23 from
197 1621 81 23 thence
295 1625 22 18 to
334 1621 43 22 this
392 1624 56 25 port.
492 1622 22 22 It
530 1630 43 14 was
589 1630 28 14 an

49 1649 96 26 emigrant
154 1648 56 27 ship,
221 1649 52 26 and,
283 1649 19 21 it
309 1656 45 14 was
364 1648 89 27 argued,
465 1648 49 22 that
521 1648 36 22 the
566 1656 51 15 men

48 1675 59 27 might
119 1675 57 22 have
189 1675 47 21 had
250 1675 38 22 the
298 1675 70 21 above
378 1675 145 22 enumerated
533 1676 86 21 articles

48 1703 55 26 given
122 1701 60 23 them
200 1702 32 27 by
245 1702 40 22 the
294 1708 137 21 passengers,
443 1702 44 22 and
497 1701 52 28 they
560 1710 56 15 were

48 1729 22 22 all
78 1729 116 27 acquitted.

67 1755 42 22 The
126 1758 54 20 next
195 1763 50 15 case
260 1764 44 14 was
317 1756 49 22 that
375 1757 26 21 of
411 1757 77 21 Robert
502 1758 65 25 Field,
584 1757 35 22 in-

48 1783 61 21 dicted
114 1782 36 22 for
158 1782 94 28 robbing
260 1783 38 22 the
308 1783 33 21 till
346 1783 27 22 of
380 1783 37 22 the
427 1784 54 27 Ship
492 1784 49 22 Inn.
543 1796 28 4 —
572 1784 46 21 The

48 1809 41 27 only
99 1809 104 22 evidence
210 1810 24 21 in
242 1809 46 22 this
297 1817 50 14 case
357 1817 43 14 was
410 1811 56 21 Mrs.
483 1811 80 27 Fuller,
582 1811 37 21 the

48 1836 39 22 wife
103 1836 23 22 of
137 1836 37 22 the
191 1837 120 24 Landlord,
329 1835 73 23 which
411 1844 33 14 we
458 1844 102 20 presume
575 1845 44 14 was

48 1866 31 18 not
86 1863 92 27 thought
183 1863 110 22 sufficient
299 1863 26 22 of
330 1863 63 21 itself
399 1866 22 19 to
428 1864 81 27 justify
515 1871 13 14 a
535 1864 84 23 verdict

48 1890 21 21 of
72 1889 73 28 guilty,
156 1889 107 28 although
272 1890 37 21 the
317 1889 106 22 evidence
431 1891 71 21 would
513 1891 106 27 certainly

48 1917 50 21 leave
111 1923 54 20 very
178 1917 58 21 little
251 1917 68 22 doubt
332 1924 59 19 upon
408 1917 37 21 the
459 1917 63 22 mind
536 1918 25 21 of
574 1925 45 20 any

48 1943 120 27 byestander
176 1944 26 21 of
209 1943 37 22 the
255 1944 57 27 guilt
318 1944 27 21 of
351 1943 36 21 the
396 1943 106 28 prisoner.
531 1945 35 21 He
574 1951 45 15 was

48 1969 90 23 however
151 1970 113 27 detained,
280 1970 84 27 having
379 1971 55 21 been
448 1971 100 21 indicted
557 1971 34 22 for
606 1978 13 15 a

48 1997 67 21 second
133 1997 84 22 offence
233 1998 26 20 of
273 1997 38 22 the
327 2004 61 15 same
404 1997 55 21 kind
473 1997 24 22 in
511 2005 108 20 company

48 2023 40 22 with
100 2025 85 20 Thomas
192 2025 115 20 Anderson.

68 2051 22 21 In
102 2051 41 22 this
152 2058 50 15 case
212 2052 38 21 the
260 2052 106 21 evidence
377 2052 26 21 of
413 2051 37 22 the
460 2051 116 22 Landlord
586 2052 36 26 (of

48 2078 28 21 the
85 2078 142 22 Commercial
242 2078 77 27 Hotel)
332 2079 45 22 Mr.
390 2079 87 26 Brown,
493 2085 44 16 was
546 2086 73 14 corro-

48 2105 77 22 berated
133 2105 29 27 by
172 2105 61 22 John
245 2105 125 27 Cracknall,
385 2105 44 22 and
441 2105 51 27 they
500 2113 58 14 were
568 2105 51 22 ulti-

49 2132 67 27 mately
126 2131 70 22 found
208 2133 78 25 Guilty,
297 2132 44 22 and
351 2132 118 22 sentenced
478 2136 22 18 to
512 2134 25 20 12
545 2134 74 21 calen-

50 2159 29 20 dar
88 2159 84 21 months
181 2159 62 27 each,
254 2159 53 22 with
314 2160 56 20 hard
379 2160 78 21 labour.

68 2185 41 22 The
119 2188 53 19 next
181 2193 51 14 case
246 2193 46 15 was
301 2186 49 22 that
358 2187 27 21 of
398 2188 92 19 William
502 2187 63 21 Clark
573 2188 47 21 and

50 2214 54 19 James
114 2213 66 26 Clark,
198 2212 110 28 (engaged
323 2216 24 19 to
356 2221 63 14 come
434 2214 52 21 here
496 2214 56 22 from
567 2214 51 22 Van

50 2239 89 22 Diemans
149 2239 71 26 Land,
231 2240 23 21 in
263 2247 13 14 a
285 2240 66 22 cattle
361 2240 49 23 shin
415 2241 71 22 under
495 2240 37 22 the
541 2249 78 14 names

52 2266 17 21 of
78 2266 71 22 Black.
178 2266 104 23 Indicted
295 2266 34 23 for
346 2267 96 27 robbing
460 2268 38 21 the
516 2268 70 21 house
596 2268 25 21 of

52 2292 91 23 Rowland
156 2293 35 22 Da
192 2294 56 26 vies,
259 2293 26 22 of
295 2293 85 27 sundry
389 2294 87 22 articles
486 2294 26 22 of
523 2294 96 28 wearing

52 2320 78 26 apparel,
152 2320 38 21 the
213 2324 103 24 property
335 2320 25 22 of
380 2320 39 23 the
437 2321 48 22 said
508 2320 108 23 RoSvland

52 2346 73 22 Davies.
152 2347 66 21 After
227 2354 14 14 a
250 2346 51 23 trial
309 2346 27 22 of
341 2354 60 15 some
412 2348 76 27 length
498 2347 53 29 they
560 2356 56 14 were

52 2373 53 22 found
116 2375 77 25 Guilty,
205 2374 43 21 and
258 2374 121 21 sentenced
384 2374 55 22 each
446 2379 21 17 to
478 2382 66 15 seven
554 2383 63 19 years

52 2401 160 27 transportation.
240 2400 72 23 There
322 2407 45 15 was
378 2400 93 23 another
483 2401 134 23 indictment

51 2426 23 21 for
85 2426 78 29 having
177 2426 86 24 broken
278 2430 38 19 out
330 2427 27 22 of
366 2428 57 27 gaol,
441 2428 40 22 but
493 2429 20 22 it
520 2436 45 15 was
578 2432 40 19 not

50 2454 78 25 pressed.

69 2480 35 23 We
112 2481 54 28 fully
176 2489 83 14 concur
269 2481 52 22 with
336 2482 35 21 his
387 2482 80 22 Honor
481 2482 37 22 the
535 2482 80 28 Judge,

50 2506 15 21 in
73 2506 29 23 his
110 2509 98 21 remarks
217 2515 29 15 on
257 2508 38 21 the
304 2512 57 18 state
371 2509 25 21 of
406 2509 40 22 the
460 2509 58 27 gaol,
530 2510 45 21 and
583 2517 32 14 we

52 2533 41 22 have
102 2538 35 18 too
147 2535 67 22 much
222 2542 78 15 reason
311 2539 22 18 to
344 2536 110 26 complain
463 2536 26 21 of
497 2536 37 22 the
543 2536 74 22 settle-

52 2565 46 17 ment
106 2562 81 27 having
195 2562 57 21 been
268 2569 24 14 so
306 2562 53 27 long
367 2562 41 22 left
423 2563 52 22 with
492 2570 24 15 so
532 2562 84 23 insuffi-

52 2587 45 22 cient
105 2595 12 15 a
125 2588 61 27 place
196 2589 26 21 of
233 2588 156 28 confinement,
406 2597 24 14 as
446 2590 51 21 well
511 2597 24 14 as
543 2590 72 27 police

51 2613 51 23 force.
128 2616 64 21 From
203 2615 38 22 the
250 2622 116 21 necessary
377 2616 68 28 slight
452 2620 79 18 nature
541 2618 26 20 of
579 2617 36 22 the

51 2642 91 21 materials
151 2642 24 22 of
186 2642 73 22 which
270 2649 55 15 even
334 2650 41 15 our
387 2643 49 22 best
452 2643 111 27 buildings
578 2651 37 14 are

52 2669 126 26 constructed,
189 2676 25 15 as
224 2668 50 23 well
284 2676 23 15 as
316 2669 59 22 their
384 2670 68 27 being
461 2670 53 22 with
523 2670 43 23 few
577 2678 38 15 ex-

52 2694 78 27 ceptions
146 2696 29 21 all
189 2703 29 14 on
235 2696 39 22 the
288 2696 87 27 ground
389 2696 66 28 floor;
476 2697 70 22 afford
564 2704 51 20 easy

51 2726 58 17 means
114 2722 26 21 of
142 2722 159 28 depredations,
307 2723 46 22 and
358 2723 66 22 when
429 2731 33 14 we
467 2724 103 22 consider
577 2724 38 21 the

52 2753 36 21 very
95 2748 57 28 large
162 2757 49 14 sum
220 2750 50 21 that
279 2749 37 22 the
331 2754 102 24 property
445 2750 25 22 of
480 2750 45 23 this
540 2750 76 23 settle-

52 2778 43 18 ment
109 2776 130 22 contributes
255 2780 24 18 to
294 2776 38 22 the
351 2784 102 20 revenue,
471 2784 35 15 we
525 2777 57 22 have
602 2785 14 14 a

52 2800 41 27 right
101 2805 20 19 to
130 2802 50 23 look
189 2802 36 23 for
234 2810 63 15 more
311 2803 96 22 efficient
423 2804 122 28 protection
560 2804 55 22 than

52 2833 20 16 «c
79 2828 51 23 have
139 2829 97 22 hitherto
252 2830 100 27 enjoyed.
385 2830 30 22 At
429 2830 38 24 the
482 2837 61 16 same
551 2831 62 27 time,

52 2860 20 15 we
80 2858 53 19 must
140 2856 26 23 be
175 2856 96 23 allowed
287 2860 22 18 to
326 2864 39 20 say
375 2856 55 28 that,
441 2864 30 15 no
488 2860 91 19 amount
593 2858 24 21 of

52 2879 41 25 force
111 2889 40 16 can
163 2887 86 23 protect
262 2886 110 26 property,
388 2884 21 21 if
419 2883 38 23 the
471 2891 85 15 owners
570 2884 44 22 will

52 2911 26 18 not
84 2908 46 23 take
140 2910 103 28 ordinary
252 2917 113 15 measures
371 2910 25 21 of
402 2912 131 26 precaution
542 2910 73 23 them-

53 2934 57 23 selves.
137 2936 40 23 We
191 2937 118 27 therefore,
320 2936 44 23 call
380 2938 107 26 seriously
502 2945 59 20 upon
575 2938 39 21 the

52 2960 112 25 inhabitants
172 2964 120 27 generally,
304 2967 22 18 to
343 2964 63 21 assist
420 2964 39 22 the
473 2964 71 28 police
553 2964 61 23 force

52 2990 14 18 »t
71 2993 85 24 present,
164 2990 31 28 by
200 2990 99 28 keeping
307 2997 14 15 a
325 2990 104 23 look-out
436 2991 36 22 for
481 2991 134 22 themselves

53 3020 21 15 »r
81 3023 10 14 a
98 3016 56 23 short
163 3017 61 27 time,
233 3017 59 22 until
302 3017 36 22 the
353 3023 50 16 new
417 3017 50 27 gaol
481 3017 56 23 shall
551 3018 29 22 be
590 3025 24 15 so

53 3039 21 23 far
80 3042 107 24 advanced
196 3051 24 14 as
230 3047 23 19 to
263 3044 28 21 be
300 3043 69 28 ready
375 3046 24 20 to
408 3044 87 22 receive
505 3051 13 15 a
526 3045 87 27 portion

53 3069 14 19 at
71 3067 47 24 least
126 3070 26 21 of
161 3070 37 23 the
203 3070 130 28 vagabonds
342 3070 57 28 who,
410 3074 23 19 at
438 3074 90 24 present
538 3072 75 21 crowd

53 3101 23 14 we
83 3096 108 23 miserable
208 3098 75 21 Maori
297 3098 48 25 hut,
353 3114 4 3 .
362 3098 83 28 yclept
453 3098 39 22 the
506 3098 64 28 gaol;
587 3106 26 13 so

53 3119 32 24 that
90 3122 35 23 the
133 3126 88 26 greater
229 3127 52 24 part
289 3124 26 21 of
325 3123 39 22 the
368 3124 78 27 .police
455 3125 60 22 force
525 3131 51 21 may
585 3125 28 22 be

52 3148 95 29 employed
162 3154 22 18 to
192 3153 96 24 prevent
304 3150 37 22 the
358 3157 77 21 escape
451 3151 25 22 of
487 3150 63 23 those
563 3159 51 14 now

53 3175 82 24 confined
142 3177 70 22 there.

86 3234 195 26 ENGLISH
308 3236 244 25 EXTRACTS.

67 3291 38 24 The
116 3293 76 24 Queen
201 3294 45 22 and
255 3295 80 22 Prince
344 3296 81 23 Albert
431 3295 108 23 returned
553 3296 59 21 from

55 3317 33 25 fteir
96 3320 44 32 trip
154 3323 23 19 to
192 3321 105 22 Scotland
311 3329 29 15 on
356 3323 38 22 the
408 3322 52 24 17th
476 3322 137 29 September.

54 3344 29 23 Her
90 3347 95 28 Majesty
192 3354 57 19 gave
263 3352 63 24 great
340 3350 87 21 offence
437 3352 24 19 to
470 3349 39 22 the
518 3350 95 26 Presby-

54 3372 57 24 terians
117 3374 26 21 of
147 3374 105 22 Scotland
255 3375 32 27 by
291 3378 40 19 not
340 3376 117 26 attending
464 3375 39 22 the
513 3376 100 21 national

53 3399 76 28 Worship.
166 3401 23 22 A
202 3401 102 22 member
312 3402 27 22 of
349 3402 38 21 the
396 3402 117 28 Episcopal
523 3402 90 22 Church

53 3429 11 15 ff
65 3431 16 16 as
88 3424 66 25 called
163 3428 24 21 in
197 3430 23 19 to
231 3428 95 23 conduct
335 3429 41 22 her
386 3429 121 22 devotions.

69 3451 37 25 The
121 3455 89 22 various
229 3455 100 22 German
344 3455 73 22 States
432 3462 38 15 are
485 3455 78 27 crying
573 3458 40 19 out

53 3483 22 15 •or
81 3481 112 24 protective
203 3481 73 22 duties
285 3485 23 18 to
318 3481 94 22 exclude
419 3481 40 22 the
469 3481 142 29 importation

54 3503 15 21 tf
76 3503 72 26 British
157 3508 173 23 manufactures.
337 3516 3 3 ■
372 3508 50 23 The
432 3508 110 22 Germans
551 3509 62 22 attri-

54 3531 34 22 bute
95 3533 32 23 the
133 3535 124 28 prosperity
266 3535 27 21 of
304 3534 103 28 England
416 3538 23 19 to
450 3535 40 22 her
497 3536 116 21 manufac-

54 3557 46 29 tures,
109 3562 42 21 and
159 3569 37 15 are
206 3561 106 28 desirous,
323 3562 21 21 if
347 3562 103 27 possible,
461 3562 25 22 of
492 3561 121 29 becoming

53 3587 7 15 a
60 3588 123 34 a^exporting
192 3592 95 24 country
295 3589 24 21 in
328 3588 45 22 this
383 3592 93 29 respect.

69 3611 38 24 The
123 3615 66 28 King'
201 3616 27 21 of
248 3615 91 23 Prussia
354 3615 42 22 has
415 3618 48 25 just
480 3615 95 23 ordered
598 3623 15 15 a

54 3640 108 23 Memorable
176 3649 110 21 measure,
304 3642 23 23 in
337 3642 37 22 the
386 3642 167 22 establishment
562 3643 26 22 of
598 3650 14 15 a

55 3664 38 36 jj°<ly
100 3667 23 22 of
128 3668 112 28 Deputies,
251 3672 25 19 to
285 3669 27 22 be
319 3669 83 23 chosen
407 3669 30 28 by
441 3669 38 22 the
486 3669 125 22 Provincial

54 3691 56 24 totes.
147 3695 48 22 The
211 3696 110 28 Deputies
339 3703 39 15 are
396 3699 24 19 to
434 3696 30 21 sit
478 3695 81 29 during
573 3696 40 23 the

55 3721 52 20 recess
122 3721 24 21 of
163 3722 38 22 the
219 3723 73 22 States
309 3723 26 22 of
355 3723 83 26 Berlin,
459 3723 45 22 and
520 3723 57 22 form
596 3730 15 15 a

55 3745 78 29 •tending
145 3749 141 22 commission
306 3750 35 22 for
358 3750 38 21 the
415 3750 155 22 Government
587 3752 24 19 to

55 3773 119 24 wnniltwith
184 3782 29 15 on
223 3775 30 22 all
262 3776 104 28 subjects.

71 3797 16 21 A
92 3797 84 30 Belgian
186 3803 123 22 consultate
318 3804 19 21 is
346 3803 68 23 about
425 3806 22 20 to
456 3803 27 22 be
494 3803 116 23 establish-

57 3826 15 15 «
79 3830 18 16 m
104 3826 52 24 New
165 3829 107 22 Zealand.
285 3851 3 6 ,

57 3851 48 37 J-ne
123 3853 83 24 French
228 3855 80 24 consul
330 3857 45 22 and
398 3858 102 22 fourteen
524 3857 86 23 French

134 3880 56 23 have
198 3883 57 22 been
266 3883 119 22 murdered
394 3888 24 18 at
426 3884 93 25 Tripoli.

72 3905 35 21 Ahe
121 3907 135 29 Archbishop
273 3909 27 22 of
315 3910 138 28 Canterbury
466 3919 20 15 is
500 3911 60 27 quite
574 3918 35 16 re-
616 3910 2 17 '

57 3931 5 14 c
63 3931 62 23 overed
132 3933 54 24 from
194 3935 36 23 his
239 3937 45 21 late
293 3936 160 28 indisposition.

1386 3044 33 11 Air
1419 3048 21 4 —
1456 3044 34 12 Old
1497 3044 77 17 English

1373 3067 46 16 from
1429 3072 11 12 a
1454 3067 68 17 distant
1534 3068 51 20 land,
1599 3068 55 17 we've
1668 3074 50 12 come
1733 3075 58 12 across
1805 3071 30 17 the

1296 3091 56 15 wave,

1253 3108 25 16 To
1285 3108 44 16 seek
1335 3112 49 17 upon
1391 3108 32 21 thy
1429 3110 82 19 stranger
1518 3110 54 16 shore
1579 3115 12 11 a
1597 3110 61 21 fitting
1664 3111 52 17 home
1727 3112 36 16 and
1776 3117 59 16 grave,

1252 3129 26 16 To
1285 3133 42 16 reap
1335 3129 32 16 the
1374 3129 73 17 harvest
1454 3130 40 16 that
1501 3135 33 12 our
1541 3131 33 16 toil
1580 3136 43 16 may
1630 3136 36 12 sow
1673 3136 47 17 upon
1727 3133 33 20 thy
1766 3133 49 20 hills,

1253 3150 41 16 And
1305 3149 60 20 drink,
1379 3150 106 21 unmingled
1495 3152 44 16 with
1551 3156 12 12 a
1572 3156 58 15 curse,
1646 3152 31 22 thy
1689 3153 71 22 flowing
1772 3155 63 20 crystal

1296 3170 44 20 rillt,

1252 3190 45 18 Like
1311 3191 53 17 noble
1376 3192 83 17 freeborn
1473 3192 120 22 Englishmen
1607 3194 41 17 who
1663 3195 41 16 seek
1718 3199 12 12 a
1743 3195 92 18 freeman's

1295 3212 60 17 home.

1253 3242 39 21 Thy
1299 3246 64 17 craggy
1370 3244 94 17 mountain
1476 3245 60 21 steeps
1548 3245 73 21 upraise
1633 3246 46 17 their
1689 3246 52 21 giant
1751 3248 54 17 forms
1813 3253 22 12 on

1294 3263 51 21 high,

1252 3284 40 21 Thy
1298 3284 78 22 glowing
1387 3289 35 13 sun
1434 3286 105 21 outspreads
1550 3286 24 17 its
1586 3288 62 16 beams
1646 3286 3 7 1
1659 3288 52 20 along
1723 3288 49 17 thine
1783 3293 52 13 azure

1252 3325 38 17 The
1297 3325 50 17 birds
1356 3327 20 16 of
1384 3331 55 17 many
1445 3328 52 16 lands
1510 3333 31 12 are
1553 3328 50 17 there
1605 3336 21 6 —
1626 3329 47 17 their
1683 3329 59 17 music
1752 3330 50 19 gives
1813 3335 22 13 us

1292 3347 36 19 joy,

1252 3367 38 16 Our
1297 3366 83 23 industry
1387 3368 37 17 will
1431 3369 59 21 surely
1497 3369 47 21 yield
1551 3374 23 13 us
1581 3375 54 17 peace
1642 3370 75 18 without
1724 3371 51 22 alloy,

1378 3389 45 17 Like
1429 3390 60 20 noble,
1497 3391 30 17 Sec,

1252 3418 40 21 Thy
1298 3418 46 20 lofty
1352 3420 47 16 trees
1406 3420 36 17 and
1449 3420 59 21 lovely
1515 3420 49 17 vales
1572 3422 44 16 with
1623 3422 39 17 rich
1668 3422 91 21 profusion
1766 3424 53 19 teem,

1252 3440 42 16 And
1304 3438 66 23 rolling
1382 3444 24 12 on
1419 3441 33 21 thy
1461 3442 64 20 pebbly
1536 3442 57 17 beach
1607 3442 30 17 old
1649 3443 73 17 Ocean's
1732 3448 59 13 waves
1804 3448 30 14 are

1294 3465 43 12 seen
1342 3467 6 14 ;

1252 3481 32 17 We
1298 3485 51 13 come
1360 3482 19 17 to
1389 3482 31 17 bid
1431 3483 31 17 the
1474 3483 79 17 crimson
1563 3484 53 16 feuds
1627 3484 21 16 of
1661 3484 24 17 all
1696 3484 33 21 thy
1741 3484 93 19 chieftains

1294 3507 57 15 cease,

1252 3523 42 17 And
1300 3523 43 17 offer
1349 3525 18 15 to
1375 3524 33 20 thy
1414 3524 61 17 native
1482 3525 57 17 bands
1546 3529 24 12 an
1578 3524 109 23 everlasting
1694 3531 59 16 peace,

1379 3544 45 17 Like
1431 3544 58 20 noble,
1497 3545 30 17 &c.

1252 3574 27 16 No
1287 3575 61 16 sordid
1355 3575 52 21 spirit
1413 3575 51 17 dares
1471 3576 18 15 to
1497 3575 48 17 taint
1556 3576 31 16 the
1595 3576 79 21 teeming
1680 3582 33 16 cup
1720 3578 21 16 of
1749 3578 42 18 bliss

1252 3595 46 17 That
1305 3595 69 17 Nature
1381 3596 52 15 offers
1440 3594 49 22 ev'ry
1494 3600 43 13 man
1544 3596 19 16 in
1572 3597 45 16 such
1628 3601 12 12 a
1645 3597 42 17 land
1694 3602 20 13 as
1721 3598 37 17 this
1765 3603 5 15 ;

1252 3615 30 17 All
1288 3616 66 17 servile
1360 3620 62 13 means
1429 3616 37 17 and
1471 3616 43 21 wily
1521 3618 37 16 arts
1564 3618 29 16 for
1600 3622 31 16 aye
1638 3622 27 12 we
1671 3618 79 18 disavow
1754 3625 5 14 ;

1252 3637 37 16 Our
1302 3641 58 16 spear,
1371 3637 15 16 it
1396 3637 17 16 is
1424 3637 32 16 the
1466 3637 82 21 pruning
1558 3637 68 18 hook—
1626 3643 35 12 our
1670 3640 62 20 sword,
1744 3639 15 17 it
1772 3641 16 15 is
1802 3640 31 17 the

1292 3657 74 21 plough,

1375 3678 46 17 Like
1428 3678 57 20 noble,
1493 3679 30 17 &c.

1252 3709 63 16 Where
1323 3708 101 18 Motuaka't
1431 3709 61 18 native
1499 3714 42 12 sons
1549 3710 19 16 in
1576 3715 66 16 savage
1648 3711 84 17 wildness
1739 3711 41 20 live,

1252 3730 37 17 The
1296 3729 89 21 blessings
1392 3735 27 12 we
1426 3735 20 12 so
1452 3731 57 20 freely
1515 3735 39 12 won
1562 3735 19 12 as
1589 3731 57 21 freely
1652 3731 35 18 will
1694 3736 27 13 we
1728 3732 48 21 give;

1252 3750 32 17 For
1290 3754 44 13 men
1341 3751 21 16 of
1369 3750 66 18 wealth
1442 3756 59 12 across
1512 3751 32 17 the
1551 3752 51 17 brine
1612 3756 25 13 no
1648 3754 59 19 tyrant
1716 3753 63 17 chains
1786 3753 46 18 have

1278 3773 4 2 '
1292 3771 61 19 born*,

1252 3792 35 17 But
1300 3791 52 21 plant
1363 3792 61 17 beside
1436 3793 32 17 the
1478 3793 70 21 cottage
1557 3793 55 17 home
1622 3794 32 17 the
1737 3794 75 17 without
1822 3800 11 13 a

1375 3833 46 18 Like
1428 3834 58 19 notile,
1494 3834 31 17 &c.

1252 3863 42 17 New
1301 3863 85 21 Zealand,
1393 3869 28 12 we
1428 3864 68 20 delight
1503 3866 19 15 to
1527 3865 23 16 be
1557 3865 76 18 wher'er
1640 3866 31 21 thy
1677 3866 75 17 verdure
1758 3871 64 17 grows.

1252 3884 23 17 To
1282 3888 58 13 swear
1345 3884 98 21 allegiance
1450 3887 18 15 to
1475 3885 33 20 thy
1515 3886 48 19 dust,
1571 3886 93 17 confusion
1672 3888 17 15 to
1696 3886 33 21 thy
1734 3888 38 16 foes
1778 3893 5 14 ;

1252 3905 45 20 And,
1304 3905 38 17 like
1349 3905 109 18 Britannia's
1465 3905 91 18 deathless
1563 3907 46 19 soul,
1617 3907 21 17 of
1647 3908 43 20 duty
1697 3912 57 13 never
1760 3909 52 20 tired,

1252 3926 49 19 Show
1307 3930 27 13 we
1341 3926 47 17 have
1394 3931 48 12 arms
1449 3927 40 16 that
1499 3927 42 17 due
1550 3928 64 17 unfurl
1626 3928 83 20 defiance,
1718 3928 17 17 if
1742 3930 89 20 required.

1374 3947 45 18 Like
1426 3947 58 21 noble,
1492 3948 30 17 &c.

2042 129 64 22 THE
2121 129 163 22 LINKMAM.

1878 176 39 17 The
1930 176 39 16 first
1983 177 47 16 Link
2047 177 21 16 in
2082 177 31 16 the
2125 177 47 17 scale
2187 178 21 16 of
2219 179 118 17 creation."'—
2339 179 114 19 Occarianal

2103 208 3 7 ,
2126 198 84 18 Sermon.

1998 234 73 26 [From
2085 234 54 21 Bent
2140 234 51 26 ley's

1897 274 42 23 We
1954 282 37 15 are
2007 275 47 22 told
2064 276 47 22 that
2125 276 62 23 there
2202 277 21 22 is
2233 277 40 21 but
2282 285 42 14 one
2341 281 49 24 step
2400 279 58 21 from

1871 300 38 23 the
1918 302 94 21 sublime
2028 306 22 17 to
2067 303 37 21 the
2119 303 128 22 ridiculous.
2276 303 23 22 It
2311 311 53 20 may
2373 305 27 21 be
2417 306 41 21 ob-

1871 328 78 21 served
1967 328 54 22 with
2045 329 64 27 equal
2131 330 69 26 truth,
2228 330 47 21 that
2292 330 102 23 between
2419 332 40 22 the

1871 354 63 22 mobs
1954 354 25 21 of
1993 354 38 22 the
2050 358 61 24 great
2125 356 68 21 world
2209 356 45 22 and
2268 356 38 22 the
2326 357 61 22 swell
2405 358 54 22 mob

1872 381 61 21 there
1938 381 19 21 is
1962 381 53 27 only
2020 388 13 14 a
2040 381 60 22 Link
2106 382 5 21 !
2127 383 22 20 A
2155 382 109 23 Linkman
2271 383 26 27 is,
2306 384 105 26 bonafide,
2421 384 38 22 the

1872 407 82 27 beggar
1972 407 90 22 defined
2081 408 28 27 by
2134 409 97 27 Hamlet,
2252 417 23 14 as
2420 410 39 22 the

1872 434 105 21 courtiers
1987 434 51 21 kibe
2078 442 13 14 a
2099 435 70 21 moral
2176 436 81 26 parody
2263 443 25 14 or
2296 443 15 14 a
2320 436 72 27 lady's
2400 443 58 21 page

1872 461 25 20 of
1910 461 37 20 the
1963 461 57 26 days
2035 461 26 21 of
2074 461 110 27 chivalry;
2186 473 27 4 —
2215 462 23 21 in
2257 462 55 27 spite
2324 462 23 22 of
2355 462 36 23 bis
2401 470 57 20 rags,

1871 486 38 22 the
1918 487 52 27 only
1979 487 108 22 favoured
2097 488 78 21 mortal
2183 488 118 27 permitted
2312 493 22 18 to
2344 490 113 27 approach

1871 520 24 14 so
1910 520 53 15 near
1979 513 38 22 the
2033 514 64 27 Lady
2107 514 124 23 Dalcibella
2243 522 23 15 as
2281 515 40 22 she
2334 520 61 23 steps
2411 516 47 22 into

1871 539 40 22 her
1936 540 98 26 carriage
2050 541 56 20 after
2122 548 14 14 a
2150 541 54 26 ball,
2221 542 49 21 that
2287 542 35 21 his
2341 542 118 28 begrimed

1871 565 49 23 face
1930 567 42 21 and
1988 567 95 21 tattered
2097 570 113 23 garments
2228 575 36 14 are
2280 568 84 23 fanned
2381 570 28 27 by
2420 569 39 22 the

1870 592 100 27 fragrant
1985 593 79 21 breath
2079 593 44 22 and
2139 594 93 21 oriental
2251 595 112 26 perfumes
2383 596 26 21 of
2420 596 39 22 the

1871 619 155 27 court-beauty
2033 619 6 21 !

1897 645 56 23 Like
1973 646 37 22 the
2027 645 87 23 heralds
2132 647 25 21 of
2171 647 44 27 old,
2232 647 36 22 the
2286 647 112 23 Linkman
2409 649 17 22 is
2446 657 14 14 a

1870 672 120 27 privileged
1999 680 79 20 person
2085 680 7 20 ;
2093 684 27 4 —
2120 680 52 20 nay,
2183 673 28 22 he
2227 674 77 27 enjoys
2321 675 79 26 higher
2413 676 46 26 pri-

1871 698 70 27 vilege
1959 699 53 21 than
2029 706 56 15 even
2095 699 37 22 the
2146 700 85 26 herald,
2243 700 74 22 whose
2327 702 63 21 office
2407 709 53 14 con-

1870 725 67 22 sisted
1946 725 22 21 in
1978 725 94 28 bearing
2082 726 36 22 the
2131 727 69 22 words
2210 727 25 21 of
2244 727 80 28 others,
2336 727 66 22 while
2418 728 39 22 the

1871 751 110 22 Linkman
1991 752 19 22 is
2021 753 92 21 allowed
2123 756 22 18 to
2155 753 51 27 give
2216 756 115 19 utterance
2348 758 23 17 to
2390 756 70 21 senti-

1871 781 73 19 ments
1960 779 82 27 wholly
2050 779 35 21 his
2101 786 54 16 own.
2184 781 23 21 A
2217 781 146 26 court-jester,
2380 788 25 15 or
2421 789 39 19 my

1870 804 61 22 Lord
1941 805 99 27 Mayor's
2049 805 45 22 fool
2107 806 20 22 is
2142 807 97 26 scarcely
2249 814 61 14 more
2326 808 132 23 sanctioned

1870 831 22 21 in
1902 831 37 22 the
1949 831 101 23 freedom
2061 832 25 22 of
2100 833 80 27 speech
2193 833 73 21 which
2276 834 106 27 tramples
2391 842 28 14 on
2429 835 30 22 all

1871 857 138 23 distinctions
2019 859 25 21 of
2056 859 56 22 rank
2129 859 46 22 and
2191 861 89 26 station,
2292 860 52 22 than
2361 861 38 21 the
2409 868 51 21 pro-

1870 884 105 22 fessional
1986 885 69 22 Link.

1896 911 48 21 The
1956 911 110 23 Linkman
2077 919 58 21 may,
2146 913 24 21 in
2181 913 52 27 fact,
2243 913 27 21 be
2281 913 131 22 considered
2421 914 38 22 the

1870 937 73 28 public
1953 941 74 19 orator
2035 939 26 21 of
2071 939 37 22 the
2117 940 90 22 kennel.
2237 940 42 21 His
2289 940 133 29 knowledge
2433 941 28 22 of

1870 963 37 23 the
1919 971 51 15 men
1984 965 44 21 and
2040 972 104 16 manners
2155 967 49 21 that
2216 967 37 26 be,
2266 971 103 18 amounts
2379 969 82 21 almost

1871 993 21 19 to
1899 991 148 23 omniscience
2053 1000 6 19 ;
2071 993 51 26 and,
2130 993 79 27 saving
2214 1000 38 21 my
2259 993 59 22 Lord
2324 994 135 27 Brougham,

1871 1017 59 22 there
1939 1018 98 28 scarcely
2048 1019 67 22 exists
2130 1027 14 14 a
2153 1027 59 18 man,
2224 1019 74 23 either-
2304 1021 23 21 in
2337 1021 85 26 private
2432 1029 26 14 or

1871 1044 79 22 official
1960 1045 45 26 life,
2017 1045 49 22 who
2078 1046 73 22 excels
2161 1046 45 22 him
2217 1047 23 21 in
2251 1046 36 22 the
2298 1047 77 28 manly
2381 1047 77 22 frank-

1870 1078 50 15 ness
1934 1071 26 21 of
1971 1071 80 28 telling
2065 1073 78 27 people
2156 1073 104 28 personal
2275 1073 73 23 truths
2361 1077 24 19 to
2400 1074 58 22 their

1870 1097 66 23 faces.
1937 1108 28 5 —
1966 1099 48 21 Not
2031 1106 14 14 a
2064 1099 75 28 dandy
2156 1099 27 22 of
2203 1099 147 28 Crockford's,
2353 1111 27 5 —
2381 1104 40 18 not
2445 1109 14 14 a

1871 1123 101 28 dowager
1982 1125 27 22 of
2020 1125 116 23 Grovenor
2150 1127 89 26 Square,
2242 1137 26 5 —
2270 1127 73 21 whose
2359 1134 66 15 name
2440 1126 19 23 is

1870 1154 39 18 not
1922 1151 97 23 familiar
2032 1152 24 22 in
2070 1153 38 21 the
2126 1153 79 22 mouth
2220 1154 27 21 of
2258 1153 36 23 the
2306 1154 112 22 Linkman
2433 1162 25 14 as

1870 1177 121 23 household
2009 1179 83 27 words;
2095 1190 27 5 —
2123 1188 24 13 so
2164 1180 67 22 much
2247 1188 30 19 so,
2296 1181 50 21 that
2363 1181 29 21 he
2411 1188 48 15 sees

1870 1203 59 23 them
1941 1212 23 14 as
1973 1205 119 28 cavalierly
2103 1214 22 14 as
2135 1207 34 21 his
2178 1207 69 26 goods
2259 1207 44 22 and
2315 1207 101 26 chattels,
2427 1208 31 27 by

1870 1231 149 28 superadding
2029 1240 136 19 cognomens
2178 1240 62 15 more
2251 1234 138 27 appropriate
2403 1234 56 22 than

1870 1259 126 26 acceptable
2001 1263 23 17 to
2031 1259 37 22 the
2076 1267 12 14 o
2090 1267 33 14 wn
2127 1267 40 15 crs.
2188 1261 108 26 Posterity
2304 1260 72 27 might
2383 1261 76 22 obtain

1871 1285 148 22 considerable
2028 1285 83 28 insight
2120 1287 47 21 into
2176 1287 38 21 the
2224 1287 125 22 characters
2357 1288 26 21 of
2390 1295 69 19 many

1870 1311 73 22 whom
1953 1311 37 23 the
2009 1312 104 22 Herald's
2128 1313 70 22 Office
2212 1313 68 28 styles
2313 1308 145 33 illustrious/

1870 1337 45 23 and
1923 1337 84 29 history
2017 1339 19 21 is
2046 1340 117 27 preparing
2175 1343 20 18 to
2211 1340 45 22 call
2398 1347 59 16 were

1870 1363 17 22 it
1896 1367 22 19 to
1929 1365 88 28 employ
2026 1370 110 23 reporters
2150 1370 23 18 to
2188 1367 142 28 stenograph,
2346 1368 81 27 during
2444 1376 15 14 a

1871 1390 70 28 single
1957 1392 103 27 evening,
2078 1393 38 21 the
2130 1393 122 23 ex-official
2266 1393 92 23 debates
2374 1402 84 20 among

1871 1417 37 23 the
1918 1419 124 22 henchmen
2054 1421 26 21 of
2090 1421 37 20 the
2142 1420 114 22 flambeau
2271 1423 24 19 at
2310 1421 37 22 the
2363 1421 56 22 door
2433 1422 29 21 of

1870 1443 37 23 the
1918 1445 77 22 House
2010 1446 27 21 of
2052 1447 127 26 Commons,
2198 1447 39 21 the
2257 1447 80 33 Opera,
2356 1448 46 22 and
2416 1448 42 22 Al-

1872 1471 83 23 macks.
1956 1483 27 4 —
1983 1472 50 22 The
2052 1473 111 22 Linkman
2179 1474 27 21 of
2221 1474 38 21 the
2274 1476 52 26 day,
2344 1482 26 14 or
2384 1475 72 27 night,

1871 1498 72 22 would
1952 1499 72 22 throw
2033 1499 151 23 considerable
2193 1500 59 27 light
2261 1508 28 14 on
2304 1501 39 22 the
2358 1502 96 27 subject.

1897 1530 82 22 Unlike
2001 1530 64 23 other
2087 1532 93 28 popular
2202 1533 191 27 representatives,
2418 1533 40 22 the

1872 1557 109 22 Linkman
1988 1565 48 14 sees
2044 1558 52 22 with
2106 1559 118 22 unbiassed
2233 1567 56 19 eyes,
2299 1560 44 22 and
2351 1560 108 22 declaims

1871 1583 52 22 with
1938 1584 138 28 unblushing
2090 1586 154 22 enunciations
2276 1587 49 22 The
2344 1586 114 23 Linkman

1870 1609 19 22 is
1898 1617 69 15 never
1981 1612 119 21 inaudable
2116 1612 23 22 in
2155 1612 38 23 the
2209 1612 92 28 gallery.
2331 1613 37 22 He
2384 1614 20 21 is
2418 1617 40 18 not

1872 1637 52 27 only
1934 1637 102 23 initiated
2054 1640 48 21 into
2115 1639 39 22 the
2171 1644 82 17 secrets
2267 1640 25 21 of
2314 1640 37 22 the
2370 1640 89 28 prison-

1870 1663 75 28 house,
1957 1672 39 20 per
2004 1666 107 26 privilege
2120 1666 28 21 of
2157 1666 70 28 place,
2240 1674 24 14 as
2280 1666 90 23 auditor
2380 1668 26 21 of
2418 1668 40 22 the

1872 1690 43 23 few
1929 1691 41 22 last
1984 1692 73 22 words
2073 1692 98 23 drawled
2185 1693 99 22 between
2303 1694 38 21 the
2358 1694 101 22 Premier

1872 1717 45 22 and
1927 1717 37 22 the
1977 1719 75 21 Home
2070 1720 122 26 Secretary,
2211 1727 25 14 as
2251 1720 52 28 they
2320 1725 101 23 separate
2435 1725 25 18 at

1870 1743 37 22 the
1917 1744 53 23 door
1981 1746 25 21 of
2017 1745 58 22 their
2083 1746 174 28 parliamentary
2266 1747 42 22 den
2315 1756 5 18 ;
2331 1755 25 14 or
2365 1748 39 21 the
2413 1748 44 22 few

1870 1770 43 22 last
1923 1771 105 29 whispers
2038 1772 165 28 cnterchanged
2212 1774 101 22 between
2326 1774 38 21 the
2381 1781 77 21 young

1870 1797 108 29 Duchess,
1990 1799 46 22 and
2045 1799 37 22 the
2091 1799 46 22 idol
2148 1800 26 21 of
2184 1800 41 22 her
2241 1801 46 22 soul
2303 1809 25 14 as
2339 1801 30 22 he
2384 1802 75 21 hands

1870 1823 39 22 her
1929 1824 47 23 into
1998 1826 42 21 her
2054 1826 92 27 chariot,
2164 1827 57 22 after
2244 1835 14 14 a
2275 1828 61 21 third
2354 1828 66 22 waltz
2434 1832 24 18 at

1870 1858 59 15 some
1937 1852 42 22 fete
1990 1852 23 22 in
2024 1852 187 29 Berkley-square
2218 1862 6 19 j
2236 1854 39 22 but
2285 1855 28 22 he
2318 1855 40 22 has
2368 1859 40 18 not
2417 1854 40 23 the

1870 1877 100 28 slightest
1985 1880 83 21 motive
2079 1879 34 22 for
2127 1880 112 28 rounding
2248 1881 57 22 their
2322 1881 89 27 periods
2430 1889 26 15 or

1870 1905 122 27 qualifying
2006 1906 58 22 their
2084 1907 139 27 expressions
2240 1908 56 22 after
2311 1910 37 20 the
2364 1908 89 23 fashion

1870 1931 25 21 of
1906 1932 38 21 the
1961 1932 115 23 chartered
2097 1934 129 21 fabricators
2241 1934 26 22 of
2282 1935 172 28 parliamentary

1870 1958 127 28 eloquence,
2009 1967 26 14 or
2044 1960 138 22 fashionable
2197 1961 149 27 intelligence.

1895 1990 47 22 The
1959 1991 112 23 Linkman
2089 1992 95 27 nothing
2200 1997 138 23 extenuates,
2355 1994 48 22 and
2412 1998 44 18 sets

1868 2016 62 22 down
1941 2019 85 26 nought
2036 2019 23 21 in
2065 2019 87 21 malice.
2198 2020 49 22 The
2256 2020 36 22 old
2299 2021 56 27 chap
2363 2020 49 22 told
2417 2020 39 23 the

1869 2044 85 22 Markis
1964 2044 48 22 that
2021 2045 35 21 for
2065 2045 29 22 all
2104 2045 33 22 his
2146 2046 84 27 player,
2240 2046 37 22 the
2285 2047 58 22 Irish
2353 2048 105 27 question

1868 2077 45 15 was
1928 2071 29 21 all
1974 2078 38 21 my
2122 2073 19 21 is
2151 2074 33 19 his
2200 2072 73 24 literal
2287 2074 171 27 interpretation

1868 2097 26 22 of
1905 2105 14 14 a
1929 2098 131 22 ministerial
2076 2099 114 28 colloquy;
2193 2112 27 3 —
2221 2100 47 22 and
2371 2101 87 28 Capp'n

1868 2131 68 15 swore
1965 2128 22 18 to
2014 2132 38 21 my
2077 2126 54 27 lady
2150 2134 24 14 as
2200 2127 42 22 'ow
2268 2127 40 22 her
2337 2134 52 21 eyes
2412 2127 46 23 had

1868 2151 89 25 pitched
1965 2152 18 21 it
1995 2152 49 22 into
2053 2152 37 22 'im
2197 2164 27 5 —
2225 2154 19 22 is
2249 2153 34 23 his
2294 2155 89 27 equally
2389 2154 68 23 faith-

1867 2177 32 22 ful
1908 2179 118 25 transcript
2035 2179 25 21 of
2074 2187 14 14 a
2097 2179 136 23 declaration
2243 2181 25 21 of
2279 2181 60 26 love,
2356 2181 103 23 couched

1867 2204 23 21 in
1906 2204 29 22 all
1951 2205 37 21 the
1998 2205 90 28 flowery
2102 2207 141 26 generalities
2255 2207 25 21 of
2292 2207 65 23 Lalla
2373 2208 81 22 Rookh

1868 2238 24 14 or
1911 2231 37 22 the
1965 2232 49 22 Life
2033 2233 94 22 Guards.
2128 2244 28 5 —
2157 2233 47 23 The
2221 2234 110 22 Linkman
2345 2235 20 21 is
2378 2242 78 15 conse-

1867 2258 91 27 quently
1974 2266 29 14 an
2012 2260 105 27 accusing
2131 2261 73 26 angel,
2214 2261 52 22 who
2274 2261 97 23 incribes
2380 2262 25 22 in
2420 2261 36 23 his

1867 2284 146 24 black-books
2028 2286 30 22 all
2073 2287 38 21 the
2125 2288 137 22 aristocratic
2270 2288 155 22 indiscretions
2433 2289 26 22 of

1868 2312 38 21 the
1918 2319 86 16 season.

1894 2339 68 21 What
1979 2348 15 14 a
2011 2340 99 27 singular
2129 2342 99 28 destiny!
2275 2343 21 21 A
2315 2350 55 21 very
2389 2343 69 28 slight

1867 2366 82 22 stretch
1969 2367 26 21 of
2015 2368 149 27 imagination
2184 2369 71 28 might
2275 2370 120 22 transform
2417 2371 39 22 the

1868 2392 81 27 ragged
1959 2394 64 22 catiff
2028 2395 111 23 stationed
2148 2396 53 22 with
2209 2397 36 21 his
2254 2397 47 21 link
2308 2400 24 19 at
2341 2397 38 22 the
2388 2400 64 25 gates

1868 2419 25 21 of
1908 2427 60 14 some
1984 2421 73 27 lordly
2071 2422 84 28 palace,
2175 2424 48 21 into
2238 2432 14 14 a
2267 2424 62 27 spirit
2342 2425 112 21 stationed

1868 2446 52 21 with
1929 2446 34 22 his
1972 2447 94 28 flaming
2075 2449 72 22 sword
2157 2453 22 19 at
2188 2451 38 21 the
2236 2453 63 25 gates
2304 2451 27 21 of
2337 2451 104 22 Paradise
2451 2452 7 21 I

1868 2473 102 23 Celestial
1983 2475 83 21 odours
2082 2476 78 22 exhale
2177 2483 60 22 upon
2256 2477 47 22 him
2317 2477 60 22 from
2392 2478 64 22 those

1868 2506 57 21 open
1930 2502 90 27 portals,
2022 2513 27 4 —
2050 2501 28 23 he
2085 2510 90 15 savours
2181 2504 37 22 the
2224 2504 120 27 garnished
2349 2504 107 23 thickens

1868 2527 26 21 of
1910 2527 94 28 Gunter,
2005 2540 28 4 —
2035 2529 27 21 he
2080 2529 92 23 beholds
2191 2534 37 18 the
2246 2531 103 27 tripsome
2369 2531 47 22 feet
2433 2532 28 21 of

1868 2553 62 27 Lady
1948 2554 142 24 Wilhelmine
2105 2564 24 14 or
2143 2557 63 27 Lady
2223 2557 139 23 Clementina
2376 2558 35 22 flit
2425 2558 31 27 by

1868 2580 52 27 him,
1922 2592 26 4 —
1950 2581 45 22 and
2004 2582 22 22 lo
2033 2583 6 21 !
2051 2583 28 21 he
2091 2586 87 19 returns
2188 2587 23 19 to
2221 2585 38 21 the
2270 2585 103 26 gnawing
2383 2585 26 21 of
2419 2584 37 22 his

1867 2611 86 18 mutton
1969 2608 65 27 bone,
2050 2609 45 22 and
2114 2610 36 21 the
2165 2611 113 26 twanging
2291 2611 27 21 of
2332 2611 35 21 his
2385 2611 70 22 Jew's

1866 2633 91 28 harp,—
1957 2635 95 22 mocked
2066 2636 29 27 by
2111 2644 13 14 a
2139 2637 151 23 Barmecide's
2299 2638 58 22 feast
2373 2638 26 22 of
2415 2638 39 22 the

1867 2660 153 27 imagination.

1894 2689 29 21 So
1938 2689 41 26 far,
1990 2689 59 22 from
2060 2689 149 29 complaining
2219 2691 26 22 of
2255 2690 34 22 his
2300 2691 114 28 destinies,
2424 2691 30 23 he

1868 2714 53 22 feels
1936 2715 48 22 that
1992 2716 19 21 is
2020 2716 20 21 is
2050 2717 126 27 something
2190 2721 22 18 to
2221 2717 58 23 have
2293 2719 96 26 enjoyed
2398 2726 58 15 even

1867 2741 43 22 this
2002 2743 146 26 imagination
2159 2744 26 22 of
2191 2752 14 14 a
2299 2756 30 4 —
2329 2745 129 28 something

1868 2771 21 18 to
1898 2768 56 22 have
1962 2769 36 22 fed
2009 2777 29 14 on
2048 2770 38 22 the
2097 2771 89 22 crumbs
2194 2771 79 28 falling
2280 2771 58 23 from
2348 2771 37 23 the
2395 2772 61 23 table

1868 2795 24 21 of
1896 2795 81 28 beauty
1981 2804 5 19 ;
1988 2807 28 5 —
2016 2797 125 28 something
2147 2801 22 19 to
2174 2798 56 22 have
2237 2799 56 21 been
2299 2799 119 22 sanctified
2425 2799 31 28 by

1868 2828 13 14 a
1890 2822 67 22 touch
1966 2823 56 22 from
2031 2823 39 22 the
2087 2824 50 22 hem
2149 2824 25 23 of
2187 2825 37 21 the
2233 2828 113 25 garments
2355 2826 25 21 of
2393 2826 63 22 those

1868 2849 148 26 superhuman
2037 2854 116 19 creatures.
2191 2852 44 22 His
2254 2851 106 24 brethern
2374 2853 27 21 of
2417 2853 37 21 the

1857 2875 91 27 •puddle
1963 2883 37 16 are
2017 2877 91 23 divided
2124 2878 29 27 by
2163 2886 13 14 a
2192 2881 50 20 vast
2251 2879 65 27 abyss
2331 2879 56 22 from
2397 2879 56 22 such

1868 2902 85 27 angelic
1960 2910 116 21 company.
2106 2904 22 22 It
2136 2912 20 14 13
2166 2905 53 27 only
2229 2905 39 21 the
2277 2905 66 28 filthy
2353 2906 64 22 torch
2425 2906 30 22 he

1868 2929 80 21 carries
1963 2929 23 23 in
1997 2930 34 22 his
2042 2930 60 22 hand
2117 2931 48 22 that
2183 2932 88 21 entitles
2283 2931 48 23 him
2348 2934 23 20 to
2381 2936 75 18 accost

1867 2955 36 21 the
1911 2955 116 28 shrinking
2033 2957 82 27 beauty
2120 2958 59 27 with,
2220 2958 60 22 Take
2285 2966 58 19 your
2348 2959 61 27 time,
2416 2966 40 21 my

1866 2981 52 28 lady
1927 2983 27 21 !—
1954 2983 82 27 -please
2052 2987 23 19 to
2090 2984 51 22 take
2157 2992 55 20 your
2228 2985 53 21 time
2287 2986 5 20 !
2296 2997 27 4 —
2325 2985 61 28 Only
2398 2993 58 20 your

1867 3008 121 29 ladyship's
1994 3017 55 20 poor
2054 3010 101 23 linkman
2162 3012 5 22 !
2187 3011 74 28 Rainy
2265 3012 69 27 night,
2341 3019 39 20 my
2390 3012 50 27 lady
2445 3020 8 20 ;

1867 3042 52 20 may
1930 3036 11 22 I
1957 3037 40 21 ask
2012 3037 38 21 the
2061 3041 89 18 servant
2161 3039 34 21 for
2204 3039 106 27 sixpence
2341 3050 28 4 —
2369 3047 25 14 so
2409 3039 46 22 dis-

1867 3063 80 26 posing
1955 3063 35 21 his
1999 3063 48 22 link
2057 3063 80 28 during
2147 3064 34 22 his
2191 3065 140 28 apostrophe,
2341 3065 49 23 that
2397 3065 31 23 he
2433 3066 21 22 is

1868 3089 94 22 enabled
1971 3093 22 18 to
2000 3090 78 22 decide
2084 3090 100 24 whether
2192 3098 39 21 my
2235 3091 71 28 lady's
2317 3091 71 24 silken
2398 3093 56 22 hose

1866 3122 42 25 are_
1911 3116 63 22 laced
1984 3124 25 14 or
2023 3117 61 27 plain
2090 3125 6 20 ;
2113 3119 45 21 and
2168 3118 100 23 whether
2277 3119 39 21 her
2329 3119 125 28 ladyship's

1867 3142 66 22 white
1951 3143 93 28 slippers
2056 3144 28 22 be
2094 3144 26 22 of
2131 3145 43 22 silk
2184 3152 25 14 or
2223 3145 68 23 satin!
2294 3157 28 5 —
2322 3146 48 22 Not
2378 3154 43 14 one
2430 3147 28 21 of

1865 3168 41 22 her
1911 3169 89 23 adorers
2006 3170 58 22 have
2070 3171 141 28 approached
2220 3171 41 23 her
2266 3180 62 15 more
2334 3173 121 28 familiarly

1865 3195 24 22 in
1897 3197 37 21 the
1945 3204 76 15 course
2031 3197 26 22 of
2068 3199 38 21 the
2117 3199 94 27 evening
2228 3199 61 28 than,
2307 3199 43 23 her-

1866 3223 68 27 ship's
1943 3230 55 21 poor
2006 3224 102 23 linkman

1893 3256 22 22 It
1931 3256 20 23 is
1964 3257 137 28 astonishing
2117 3258 37 23 the
2169 3262 46 19 tact
2227 3259 95 23 evinced
2336 3260 31 27 by
2387 3260 62 22 these

1864 3282 84 23 fellows
1956 3283 25 22 in
1990 3284 108 28 ferreting
2107 3289 39 18 out
2155 3286 133 28 everything
2296 3286 26 22 in
2334 3287 38 21 the
2382 3287 69 27 shape

1866 3310 26 21 of
1902 3317 28 15 an
1941 3310 178 28 entertainment,
2129 3312 59 21 from
2207 3313 101 22 Pimihco
2325 3316 23 19 to
2364 3313 87 22 White-

1864 3336 86 28 chapel.
1985 3337 111 23 Provided
2110 3338 50 22 half
2171 3345 14 14 a
2198 3338 73 23 dozen
2284 3340 111 26 carringes
2407 3340 46 22 and

1864 3362 58 23 hack
1932 3363 52 22 cabs
2000 3364 28 21 be
2038 3365 106 26 gathered
2158 3365 109 27 together,
2282 3365 83 22 thither
2376 3366 75 22 crowd

1865 3389 38 22 the
1911 3390 108 28 linkmen,
2021 3402 29 4 —
2052 3391 92 27 varying
2150 3391 57 22 their
2212 3392 86 23 oration
2304 3392 56 22 from
2390 3392 62 23 Take

1864 3423 56 20 your
1927 3417 52 22 time
1988 3425 39 19 my
2125 3421 21 18 to
2184 3418 61 22 Take
2256 3426 55 19 your
2321 3418 60 28 time,
2393 3419 56 22 Mrs.

1988 3451 26 14 or
2136 3444 12 22 I
2164 3444 43 23 call
2224 3452 31 20 up
2264 3452 57 20 your
2334 3445 117 29 lordship's

1987 3473 23 19 to
2131 3474 23 19 to
2169 3474 62 19 want
2244 3479 14 14 a
2268 3472 39 22 cab

1892 3502 48 22 One
1953 3502 76 22 knows
2041 3502 62 22 them
2114 3502 46 22 like
2175 3502 37 22 the
2228 3503 84 22 cuckoo
2327 3503 30 28 by
2394 3503 57 23 their

1863 3531 58 19 most
1926 3532 66 18 sweet
2106 3529 74 22 rather
2185 3529 55 22 than
2249 3529 30 28 by
2285 3529 60 23 their
2351 3530 99 22 outward

1861 3557 159 26 presentment,
2039 3556 70 22 albeit
2127 3556 103 22 revealed
2247 3559 24 19 to
2285 3557 57 23 view
2358 3557 33 27 by
2409 3557 38 22 the

1861 3581 80 28 flaring
1947 3582 26 21 of
1979 3582 58 22 their
2046 3582 66 25 links,
2124 3589 22 15 as
2157 3582 38 22 the
2204 3583 97 27 ugliness
2311 3583 27 22 of
2344 3583 37 22 the
2391 3583 58 28 imps

1861 3608 27 22 of
1892 3608 105 23 darkness
2005 3609 25 22 in
2035 3609 54 21 Don
2098 3608 69 28 Juan,
2177 3609 30 27 by
2213 3608 39 23 the
2258 3609 95 28 flashing
2360 3610 26 22 of
2391 3610 59 22 their

1862 3635 94 23 torches.
1984 3636 72 21 These
2296 3636 62 22 these

2011 3671 76 20 tongues
2095 3671 39 17 that
2141 3671 73 21 syllable
2221 3670 58 18 men's

1861 3703 94 20 connect
1959 3700 135 23 themselves
2102 3708 24 15 as
2132 3702 124 27 intimately
2263 3702 52 22 with
2321 3702 37 22 the
2364 3705 86 26 gaeties

1861 3728 26 22 of
1899 3728 107 22 Almacks
2015 3735 25 15 as
2049 3728 21 22 if
2081 3728 37 22 the
2129 3728 111 22 Linkman
2256 3728 52 23 held
2323 3729 35 23 his
2371 3734 80 22 patent

1861 3755 26 21 of
1894 3754 62 22 office
1965 3754 58 22 from
2033 3754 38 22 the
2082 3754 137 22 Patroness's
2233 3755 85 23 Bench.
2348 3757 73 23 There
2430 3759 19 21 is

1861 3789 15 14 a
1991 3781 133 22 hoarseness
2132 3781 23 22 in
2170 3780 57 23 their
2236 3785 96 25 accents,
2348 3790 24 15 as
2381 3784 22 22 is
2411 3784 38 23 the

1858 3808 88 28 larynx,
1963 3808 117 22 harrassed
2089 3808 29 26 by
2128 3815 28 14 an
2172 3808 86 22 eternal
2273 3808 82 29 calling
2364 3811 26 21 of
2401 3819 48 15 car-

1859 3835 79 27 riages,
1950 3834 45 23 had
2004 3834 100 23 imbibed
2113 3841 59 15 some
2179 3834 131 28 mysterious
2320 3836 127 30 distemper.

1859 3861 63 27 They
1941 3862 68 27 speak
2027 3868 25 15 as
2070 3861 96 27 through
2184 3868 15 15 a
2218 3862 228 31 speaking-trumpet;

1859 3895 51 21 nay,
1931 3888 126 22 sometimes
2075 3887 45 22 like
2139 3888 171 29 Demosthenes,
2331 3891 74 28 trying
2423 3894 26 19 to.

1859 3919 89 18 outroar
1958 3914 37 23 the
2005 3921 80 20 surges,
2090 3914 27 21 of
2124 3914 36 22 the
2171 3914 88 28 chafing
2269 3923 69 17 ocean
2345 3917 5 22 !

2061 3949 29 20 To
2100 3949 24 19 be
2132 3949 119 23 continued.

99 91 22 14 S9C

82 92 3 14 s
