3550 4590
112 204 120 31 marked
247 204 42 37 by
304 198 97 33 broad
419 197 59 31 and
505 206 134 30 compre-

111 245 124 31 hensive
262 243 103 34 views,
388 239 61 30 and
483 248 96 29 many
607 238 33 29 of

112 287 52 30 the
179 288 77 28 most
271 281 102 32 useful
387 281 75 30 laws
482 279 62 31 and
561 278 79 40 bye-

109 329 75 28 laws
203 325 33 30 of
247 325 52 30 the
327 322 162 31 Westland
515 320 123 41 County

109 366 125 31 Council
248 375 51 19 are
311 365 59 29 due
390 367 34 25 to
438 362 73 30 hina.

147 406 60 30 For
229 416 19 19 a
270 405 129 30 number
428 404 33 29 of
483 412 91 31 years
598 403 39 30 he

107 458 60 20 was
182 458 18 19 a
214 446 134 30 member
368 445 33 30 of
416 444 53 30 the
483 444 106 31 Board
604 445 33 30 of

106 488 175 36 Education,
306 485 62 32 and
389 487 117 38 always
522 486 74 30 took
618 498 18 18 a

103 530 76 30 keen
203 529 129 29 interest
358 527 34 30 m
419 527 40 30 its
488 529 146 38 proceed-

102 572 31 28 in
138 581 39 20 sfs.
221 570 50 29 He
285 569 89 29 made
401 567 124 30 himself
550 568 84 30 thor-

104 611 114 40 oughly
252 609 183 40 acquainted
470 609 76 29 with
581 609 53 30 the

46 673 7 12 i.
103 655 122 37 present
259 654 113 36 system
396 651 33 29 of
457 651 174 37 education,

103 693 58 30 and
173 703 61 19 was
263 691 93 40 quick
382 694 33 26 to
435 694 128 37 suggest
577 692 55 29 im-

103 737 191 37 provements
306 744 35 19 or
355 732 158 31 denounce
523 734 110 29 abuses

100 778 32 27 m
147 776 40 29 its
208 774 258 30 administration.
523 774 108 30 What-

101 826 67 20 ever
191 815 35 29 he
252 815 73 29 took
349 816 33 28 m
405 816 83 27 hand
509 816 39 28 he
574 816 53 28 did

46 870 27 33 -j
99 856 195 39 thoroughly,
357 856 61 28 and
450 855 91 29 when
577 855 49 30 his

52 894 156 39 p^ourse
222 898 28 28 ol
264 888 104 38 ist&abn
398 906 60 20 was
473 906 75 20 once
574 897 58 29 de-

100 938 84 30 cided
221 947 90 29 upon,
375 938 131 38 nothing
541 938 91 29 could

102 989 113 19 swerve
231 978 63 29 him
314 978 82 29 from
420 978 46 29 his
487 988 142 30 purpose.

102 1020 83 30 Thus
199 1030 45 20 we
260 1030 50 20 see
320 1019 64 30 him
414 1023 31 26 at
464 1020 63 30 this
544 1023 87 36 stage

99 1061 31 30 of
141 1061 45 29 his
201 1071 113 25 career,
323 1071 19 19 a
352 1071 72 19 man
436 1061 195 29 well-known

97 1103 31 28 m
144 1101 103 40 public
261 1101 55 30 life
328 1112 7 19 :
358 1111 18 19 a
399 1112 73 19 man
500 1102 129 38 disting-

97 1141 107 32 uished
221 1145 40 36 by
278 1143 124 39 probity
416 1143 36 28 of
462 1143 167 33 character,

97 1184 177 39 originality
330 1184 33 29 of
400 1183 132 39 thought
568 1183 61 30 and

97 1225 183 39 pertinacity
296 1224 34 30 of
342 1233 142 30 purpose.

97 1266 49 30 He
161 1268 75 27 next
250 1265 150 40 prepared
415 1264 125 30 himself
554 1265 47 28 for
612 1275 18 19 a

96 1318 83 18 more
193 1307 153 29 extended
368 1306 73 30 field
455 1306 33 30 of
516 1306 113 30 useful-

95 1357 79 25 ness,
197 1348 59 28 and
273 1347 127 30 decided
415 1351 31 25 to
461 1350 87 26 enter
563 1347 65 29 into

95 1387 135 40 political
246 1387 60 30 life.
366 1388 50 29 He
431 1388 55 29 has
509 1388 77 28 been
610 1397 19 19 a

95 1430 135 28 member
245 1428 33 30 of
300 1428 54 30 the
369 1428 107 30 House
501 1427 34 30 of
548 1427 80 40 Rep-

46 1485 28 21 V
91 1470 204 28 resentatives
330 1469 48 29 for
417 1468 143 40 upwards
596 1468 32 29 of

95 1513 117 36 twenty
226 1519 98 30 years.
378 1510 46 28 At
436 1509 54 29 the
504 1512 124 36 present

95 1552 73 28 time
186 1550 38 30 he
249 1555 175 35 represents
453 1549 173 36 Westland,

94 1592 56 29 but
163 1592 49 29 for
225 1602 94 29 many
330 1601 88 29 years
433 1590 38 30 he
496 1600 63 20 was
574 1590 52 29 the

94 1633 137 30 member
245 1632 50 29 for
309 1632 148 29 Kumara.
509 1630 31 31 It
564 1641 62 20 was

94 1684 40 19 no
149 1684 81 19 mere
244 1674 109 38 vanity
377 1672 70 30 that
462 1672 162 40 prompted

92 1715 64 29 him
173 1719 30 25 to
228 1714 112 29 launch
365 1724 39 19 on
428 1714 53 28 the
505 1715 119 35 storm}-

94 1766 52 19 sea
160 1756 33 29 of
206 1754 129 40 politics.
384 1754 39 30 In
451 1753 47 30 his
527 1753 96 39 youth

92 1797 40 29 he
147 1796 62 30 had
222 1796 78 30 been
320 1794 124 31 imbued
469 1794 75 31 with
573 1793 51 30 the

92 1837 194 39 progressive
314 1837 93 29 views
435 1835 32 30 of
497 1834 125 31 Cobden

93 1878 63 29 and
170 1877 120 39 Bright.
316 1875 49 31 He
380 1875 88 31 stood
483 1875 139 40 appalled

94 1922 32 25 at
141 1918 77 30 class
233 1917 205 35 distinctions,
455 1916 73 30 land
537 1926 84 19 mon-

94 1959 114 38 opolies
233 1957 61 30 and
329 1957 104 30 vested
467 1957 154 28 interests,

92 2009 62 20 saw
183 1999 69 30 that
279 1999 55 30 the
361 2007 133 21 avenues
522 1997 33 29 of
569 1997 52 29 ad-

89 2039 243 32 vaneeraeßt-ia
355 2037 267 44 raaay-^arksrof

157 2093 79 20 were
250 2082 119 30 limited
384 2086 31 26 to
438 2092 18 20 a
471 2081 150 32 favoured

86 2125 59 29 few
158 2136 7 18 :
187 2124 70 30 that
272 2124 86 30 there
382 2134 81 20 were
486 2122 33 30 m
544 2122 77 31 New

87 2165 137 30 Zealand
240 2165 119 30 certain
377 2164 143 39 reigning
541 2164 78 29 fam-

87 2206 66 29 ilies
167 2213 7 30 ;
210 2206 69 28 that
302 2206 176 38 legislation
508 2205 33 29 m
568 2204 53 30 the

86 2249 70 37 past
176 2246 61 30 had
252 2246 78 31 been
344 2246 96 40 solely
457 2246 33 30 m
502 2246 53 30 the
574 2246 46 30 ij-

85 2292 111 25 terests
211 2288 32 28 of
257 2288 195 38 pastoi'alists
464 2287 61 30 and
549 2297 70 29 cap-

85 2328 124 35 italists,
232 2327 60 29 and
306 2328 27 29 it
347 2337 63 20 was
422 2331 32 25 to
478 2328 78 29 raise
572 2328 48 29 his

85 2369 86 29 voice
187 2368 123 40 against
318 2368 188 39 monopolies
515 2369 31 28 m
558 2379 60 28 any

85 2410 94 38 shape
203 2419 34 19 or
256 2410 91 34 form,
370 2409 68 30 that
453 2410 38 29 he
506 2410 114 38 sought

87 2462 17 18 a
119 2453 66 27 seat
199 2450 32 29 m
255 2451 53 29 the
330 2450 117 30 House.
492 2450 49 30 He
556 2460 63 21 was

86 2491 149 30 returned
269 2501 35 20 as
347 2501 18 19 a
398 2491 134 30 member
570 2491 50 30 for

86 2531 138 30 Kumara
240 2532 88 29 when
344 2542 18 20 a
377 2532 241 39 comparatively

85 2583 108 30 young
215 2582 80 26 man,
332 2576 111 35 strong
473 2573 33 29 m
537 2573 83 40 body

85 2614 62 29 and
166 2614 145 39 vigorous
341 2614 33 29 m
400 2614 95 30 mind.
560 2613 57 32 His

83 2655 85 38 early
183 2655 241 39 parliamentary
440 2664 102 21 career
555 2666 63 19 was

83 2695 226 29 characterised
334 2697 41 37 by
404 2705 18 18 a
452 2697 167 38 volubility

82 2736 33 28 of
134 2736 111 39 speech
261 2735 59 29 and
335 2736 284 39 uncompromising

83 2776 172 39 opposition
278 2778 32 28 to
346 2777 53 29 the
435 2777 183 30 continuous

82 2817 158 38 Ministry.
287 2817 40 29 As
365 2827 19 19 a
408 2817 140 39 speaker,
584 2818 31 29 m

81 2858 88 30 those
192 2858 86 39 days,
301 2858 25 29 it
339 2860 84 28 must
437 2858 39 30 be
499 2858 118 30 confes-

83 2899 54 30 sed
174 2898 67 30 that
277 2898 47 30 his
360 2899 116 29 diction
499 2909 64 20 was
585 2909 34 20 as

80 2939 87 30 weak
184 2949 33 19 as
233 2939 47 29 his
291 2940 93 38 lungs
400 2949 81 21 were
496 2943 119 35 strong.

81 2980 58 30 His
172 2980 169 30 somewhat
370 2980 152 31 defective
543 2980 74 30 edu-

80 3022 102 29 cation
207 3022 126 29 became
361 3025 159 36 apparent,
558 3022 60 29 and

80 3063 47 29 his
154 3067 169 35 opponents
356 3062 52 30 did
429 3067 55 25 not
508 3063 56 29 sail
586 3068 31 24 to

78 3103 90 30 make
183 3104 53 29 the
250 3107 82 26 most
360 3103 35 30 of
406 3103 34 30 it.
494 3104 64 29 But
579 3104 39 29 he

81 3144 130 34 studied,
229 3144 61 30 and
302 3144 122 31 studied
436 3144 180 31 successful-

81 3185 32 40 ly
121 3203 33 3 —
156 3189 33 26 to
208 3196 161 19 overcome
407 3185 62 30 this
504 3185 112 36 defect,

80 3227 61 29 and
167 3227 52 29 the
242 3226 100 31 North
358 3238 132 28 country
508 3231 108 26 accent

79 3268 77 29 with
172 3268 89 29 other
278 3267 205 40 peculiarities
492 3269 125 29 became

80 3319 18 19 a
113 3309 91 39 tiling
215 3308 33 30 of
258 3308 53 30 the
325 3311 80 36 past.
428 3308 43 30 As
480 3311 135 27 a'stone-

80 3349 114 31 waller'
238 3349 40 30 he
323 3349 152 40 probably
509 3349 106 30 stands

46 3391 20 23 ►
80 3391 97 29 alone.
221 3389 50 31 He
294 3390 92 30 could
408 3382 126 49 address
562 3390 54 30 the

79 3431 108 30 House
201 3431 50 29 for
264 3431 97 30 hours
374 3431 144 40 together
532 3441 83 30 upon

80 3482 61 29 any
176 3472 131 39 subject,
344 3472 62 29 and
440 3472 64 30 still
529 3472 85 30 show

80 3513 68 28 that
163 3512 47 30 his
224 3523 118 30 powers
368 3523 79 20 were
475 3516 57 26 not
564 3521 51 22 ex-

46 3551 13 12 '
81 3553 139 31 hausted.

121 3592 46 30 On
200 3594 53 31 the
294 3594 168 31 formation
494 3594 34 31 of
565 3596 50 29 the

80 3632 146 32 Ballance
252 3634 210 32 Government
490 3636 40 30 he
551 3646 64 20 was

83 3674 114 30 offered
222 3676 62 29 and
298 3676 143 40 accepted
466 3686 19 21 a
500 3681 66 25 seat
582 3677 32 29 m

81 3714 53 31 the
149 3714 156 42 Ministry,
328 3717 61 30 and
403 3727 40 20 on
457 3717 54 30 the
520 3718 92 29 death

81 3756 33 29 of
136 3756 50 30 Mr
200 3757 146 31 Ballance
370 3768 63 21 was
448 3759 166 39 appointed

82 3796 146 30 Premier.
281 3797 108 30 Under
402 3798 49 30 his
466 3799 144 29 adminis-

80 3836 117 30 tration
212 3838 54 30 the
279 3838 77 31 lines
370 3838 65 31 laid
455 3838 91 30 down
572 3840 42 39 by

80 3876 54 31 the
148 3878 62 31 late
222 3879 48 30 Mi
287 3878 146 32 Ballance
447 3880 80 30 have
539 3885 72 25 been

81 3928 84 21 more
179 3929 35 20 or
228 3920 61 30 less
302 3921 137 30 adhered
453 3924 43 26 to.
525 3921 86 39 They

81 3960 130 40 embody
259 3960 110 31 liberal
417 3961 73 30 land
524 3961 85 33 laws,

83 3998 96 40 slight
206 4002 172 38 protection
412 4002 111 37 duties,-

81 4048 96 23 man's
200 4042 164 37 franchise,
399 4043 65 30 free
490 4043 122 30 secular

81 4081 169 39 education,
258 4084 193 39 progressive
462 4083 75 31 land
548 4088 63 33 tax,

82 4121 144 33 electoral
252 4124 141 39 reforms,
416 4125 63 30 and
506 4134 104 31 co-op-

83 4163 111 31 erative
207 4165 102 30 works
309 4182 41 6 —
350 4166 104 30 which
467 4175 81 21 owes
570 4167 42 30 its

80 4203 154 40 inception
249 4208 34 28 to
297 4204 51 32 Mr
363 4205 134 33 Seddon.

120 4245 121 41 During
248 4246 52 31 Mr
308 4246 147 33 Seddon's
466 4247 144 41 premier-

81 4283 86 42 ship^
187 4285 39 32 he
254 4287 54 31 has
337 4288 107 32 shown
473 4288 70 32 that
571 4289 39 30 he

78 4334 101 27 posses
187 4328 41 29 all
238 4328 54 30 the
303 4328 143 40 qualities
456 4330 34 30 of
504 4330 105 38 a|born

79 4365 110 32 leader.

119 4407 51 31 He
183 4409 27 30 is
224 4419 19 21 a
255 4411 82 38 good
355 4411 157 37 tactician,
541 4412 68 30 len-

78 4447 65 32 ient
173 4452 130 30 towards
338 4451 48 32 his
422 4456 185 36 opponents,

78 4490 203 39 sympathetic
295 4492 76 32 with
385 4493 55 30 the
462 4494 145 31 imfortu-

668 199 82 34 nrte,
772 197 61 31 and
859 207 75 22 ever
958 199 96 41 ready
1076 204 32 27 to
1134 199 73 32 hold

668 241 55 27 out
737 238 56 31 the
809 238 87 40 right
918 240 85 30 hand
1031 242 33 29 of
1091 241 114 31 fellow-

666 278 70 42 ship
765 283 32 28 to
826 280 89 31 those
951 282 103 31 whom
1082 283 38 30 he
1150 283 55 31 has

667 321 229 32 out-distanced
925 324 33 30 m
1000 325 54 30 tho
1082 335 70 21 race
1175 325 34 31 of

666 362 68 30 life.

697 505 92 26 Ka-Ka
807 506 144 26 Essence—
953 517 14 15 a
985 508 112 31 splendid
1117 509 85 25 Tonic.

664 542 22 25 A
702 543 68 31 large
782 545 89 30 supply
889 545 37 24 for
938 545 50 25 sale
1000 548 26 23 at
1038 546 63 25 East
1110 546 92 26 Oxford

663 583 78 24 Towa
758 583 70 29 Hall,
847 585 109 30 tonight.

712 673 134 26 FOREST
870 675 279 27 CONSERVATION.

695 740 21 25 A
729 741 110 31 meeting
852 743 146 24 summoned
1021 745 31 29 by
1073 743 38 24 Mr
1130 743 70 32 Byde

661 785 50 23 and
728 784 82 26 others
827 785 133 26 interested
981 786 27 25 m
1021 786 43 25 the
1085 786 63 25 bush
1160 786 37 25 in-

661 826 86 32 dustry
769 835 51 17 was
840 828 58 23 held
930 828 26 24 m
983 828 43 24 the
1049 829 149 23 Oddfellows

661 869 61 25 Hall
733 870 70 25 West
816 870 93 24 Oxford
921 878 32 16 on
966 870 109 32 Monday
1089 871 43 24 the
1144 873 52 23 Bth.

659 912 60 26 inst.

694 956 52 25 The
758 956 127 32 following
906 958 85 24 letters
1003 957 87 31 kindly
1101 958 96 24 handed

661 1000 24 24 to
703 1007 30 18 us
751 999 32 32 by
806 1000 41 24 Mr
869 1000 126 26 Meredith
1017 1000 105 25 M.H.R.
1146 1001 51 25 will

660 1044 100 30 explain
772 1043 43 25 the
828 1044 79 31 object
919 1044 27 24 of
955 1045 43 23 the
1010 1045 118 31 meeting.

692 1087 31 23 B.
737 1087 34 24 H.
785 1086 123 25 Meredith
916 1087 61 32 Esq.
988 1087 106 26 M.H.R.

872 1130 144 30 Tullimore,
1031 1131 164 31 Springbank.

659 1172 49 25 Sir.

690 1214 14 25 I
716 1215 63 25 have
791 1216 43 24 the
843 1216 81 25 honor
936 1216 31 31 by
979 1216 118 26 direction
1110 1216 27 26 of
1151 1216 44 26 the

657 1257 89 30 Board,
759 1260 26 22 to
796 1260 70 24 write
878 1260 51 24 and
940 1261 45 23 ask
996 1268 63 24 your
1070 1260 124 24 influence

657 1300 26 25 m
695 1300 93 33 having
795 1302 41 25 the
849 1302 88 26 Forest
945 1303 61 25 from
1019 1303 43 25 the
1071 1303 123 25 Freehold

656 1343 52 26 line
728 1347 26 22 at
774 1345 116 31 Cooper's
911 1346 77 24 Creek
1009 1350 25 21 to
1046 1346 43 25 the
1108 1348 42 30 top
1169 1347 27 24 of

657 1386 46 24 Mt.
734 1387 100 29 Oxford,
881 1389 53 30 part
962 1389 28 24 of
1012 1388 44 25 the
1082 1389 111 24 Midland

656 1428 110 33 Railway
779 1430 111 30 Reserve,
908 1431 73 25 made
993 1439 16 17 a
1023 1431 88 25 Forest
1126 1433 65 24 Con-

656 1473 125 24 servation
802 1473 113 30 Reserve,
934 1475 47 23 and
1005 1475 25 24 m
1054 1475 43 25 the
1120 1477 73 24 event

655 1515 27 24 of
692 1522 15 18 a
722 1517 96 30 request
829 1515 75 32 being
922 1517 121 31 complied
1064 1519 68 29 with,
1157 1527 34 18 no

655 1558 90 24 timber
773 1558 103 26 allowed
904 1561 26 24 to
960 1560 30 25 be
1020 1563 43 23 cut
1085 1569 34 18 on
1147 1563 44 25 the

654 1601 114 26 Reserve.
821 1602 53 25 The
900 1602 83 26 Board
1007 1605 113 25 consider
1148 1606 43 24 the

654 1645 90 23 matter
760 1652 46 18 one
824 1645 28 25 of
871 1646 159 31 importance,
1049 1655 27 18 as
1096 1649 40 25 the
1148 1649 41 25 de-

654 1688 122 24 struction
796 1688 28 25 of
840 1688 44 26 the
896 1689 71 26 Bush
991 1691 51 24 will
1053 1691 74 26 affect
1148 1692 42 25 the

652 1729 57 25 flow
720 1731 28 23 of
764 1733 75 22 water
849 1732 27 24 m
897 1733 116 31 Cooper's
1033 1734 82 30 Creek,
1140 1736 50 23 and

652 1780 27 16 as
691 1781 49 23 you
761 1781 42 17 are
822 1782 87 19 aware.
931 1776 92 25 Oxford
1035 1778 22 24 is
1077 1778 113 32 supplied

653 1815 30 32 by
695 1816 51 25 this
757 1825 92 17 source.

718 1860 32 24 G.
769 1860 179 27 JOHNSTON
966 1863 180 31 WEBSTER,

916 1906 48 24 Ist.
983 1905 96 33 March,
1102 1908 74 26 1897.

651 1966 36 25 Gv
696 1967 126 26 Johnston
836 1970 115 24 Webster
960 1971 60 31 Esq.

649 1996 136 39 Engineer,
803 2000 147 28 W.A.W.S.
964 2003 89 31 Board,

683 2073 50 37 jSir,
750 2080 14 24 I
776 2088 45 17 am
834 2076 354 45 in^reqeipJD^^^S^lit^

650 2123 74 24 24fchv
736 2123 60 26 inst.
817 2125 93 32 asking,
915 2134 56 21 me.,
976 2128 91 34 tp^use
1086 2136 43 24 my
1146 2130 38 25 in-

649 2165 96 26 fluence
756 2167 62 25 with
836 2167 43 26 the
891 2168 174 33 Government,
1084 2173 27 25 to
1122 2172 63 27 have

649 2208 44 25 the
705 2209 86 25 Forest
814 2210 62 25 from
888 2214 40 22 the
949 2212 123 26 Freehold
1095 2215 50 25 line
1158 2217 26 23 at

650 2251 116 33 Cooper's
778 2252 75 26 Creek
862 2255 25 25 to
897 2255 41 25 the
950 2257 42 31 top
999 2256 27 25 of
1035 2257 47 26 Mt.
1091 2258 93 26 Oxford

649 2296 70 24 made
731 2297 22 31 [a
774 2297 85 25 Forest
882 2298 177 27 Conservation
1077 2301 107 27 Eeserve

648 2338 60 23 with
720 2348 13 14 a
745 2339 62 24 view
818 2341 26 22 of
856 2342 145 31 conserving
1011 2342 44 25 the
1068 2343 116 32 Cooper's

649 2381 75 26 Creek
738 2382 85 25 Water
836 2383 101 32 Supply.

681 2425 33 23 la
737 2426 70 31 reply
819 2426 13 24 I
856 2426 47 32 beg
914 2428 24 23 to
960 2429 63 23 state
1035 2429 56 25 that
1102 2430 26 24 m
1140 2438 43 24 my

647 2466 109 31 opinion,
775 2467 43 25 the
842 2471 100 28 request
960 2470 21 24 is
1004 2478 16 17 a
1039 2472 145 25 reasonable

647 2510 49 24 and
707 2518 89 23 proper
813 2518 56 23 one,
888 2520 26 16 as
933 2512 21 24 if
973 2513 42 25 the
1034 2516 150 25 reservation

646 2553 23 25 is
679 2555 45 24 not
750 2554 70 24 made
832 2555 50 24 and
905 2555 43 25 the
970 2558 99 31 cutting
1094 2558 27 24 of
1140 2558 44 26 the

646 2596 82 26 whole
750 2596 28 26 of
797 2597 43 25 the
860 2598 66 26 bush
945 2600 138 30 continues,
1119 2603 21 24 it
1162 2603 22 25 is

646 2640 138 32 infalliably
793 2643 91 23 certain
896 2643 42 25 the
949 2645 76 24 water
1034 2646 87 31 supply
1132 2647 52 24 will

646 2682 44 25 fail
702 2683 68 25 when
782 2685 66 24 most
859 2686 121 30 required.
1015 2687 35 24 As
1060 2688 70 25 there
1142 2697 42 17 are

646 2725 123 30 however,
806 2727 72 24 other
906 2728 117 25 interests
1047 2732 26 23 at
1097 2731 85 29 stake;

646 2767 82 26 before
740 2768 14 24 I
765 2776 72 17 move
855 2770 28 23 m
906 2770 153 42 th^matter
1078 2774 27 24 of
1121 2781 64 24 your

646 2810 97 25 Boards
760 2814 106 28 request,
886 2814 13 22 I
911 2805 62 33 hWe
985 2817 199 25 communicated

647 2854 59 24 with
734 2854 41 24 Mr
794 2855 71 31 Eyde
895 2857 146 32 suggesting
1068 2859 56 24 that
1152 2860 33 23 he

647 2897 86 24 should
756 2897 48 25 call
825 2906 14 16 a
851 2899 110 31 meeting
983 2900 28 24 of
1026 2901 70 24 thosa
1109 2901 75 26 inter-

647 2939 68 24 ested
727 2941 25 22 m
765 2939 43 25 the
820 2941 91 24 limber
923 2943 78 29 trade,
1032 2951 67 17 some
1111 2951 73 18 even-

645 2981 43 32 ing
707 2982 51 25 this
770 2983 67 24 week
850 2991 27 16 or
900 2984 67 33 early
988 2987 62 23 next
1071 2987 67 24 week
1157 2988 27 24 to

646 3025 83 24 confer
740 3026 59 24 with
817 3033 40 18 me
869 3034 33 17 on
923 3028 41 24 the
982 3030 96 24 matter.
1114 3030 13 24 I
1146 3038 38 17 re-

646 3070 101 30 quested
755 3068 40 25 Mr
807 3069 70 32 Eyde
887 3070 73 24 when
967 3070 33 26 he
1007 3071 50 25 had
1064 3073 121 31 arranged

645 3112 110 31 meeting
777 3113 25 23 to
814 3113 79 24 invite
914 3121 50 24 you
981 3117 26 21 to
1027 3115 30 24 be
1075 3118 107 28 present.

646 3153 45 26 We
703 3155 80 31 might
806 3155 30 25 be
848 3155 55 26 able
922 3157 26 24 at
966 3156 50 25 this
1034 3158 112 33 meeting
1157 3161 27 24 to

645 3206 104 25 arrange
767 3198 28 24 m
820 3198 42 25 the
890 3200 115 25 interests
1018 3200 27 25 of
1069 3202 33 24 all
1125 3210 56 17 con-

644 3242 96 24 cerned.
793 3242 53 24 The
869 3244 107 31 meeting
998 3252 59 24 may
1076 3245 31 25 be
1131 3247 52 24 said

645 3287 25 22 to
678 3284 64 26 have
754 3284 61 25 been
824 3285 151 33 thoroughly
986 3289 196 30 lepresentative.

646 3327 146 26 Sawmillers
803 3328 50 25 and
872 3328 119 26 bushmen
1015 3332 74 31 being
1112 3332 70 25 there

644 3371 27 24 m
683 3371 81 33 [force.
807 3371 94 27 Messrs
928 3373 31 25 G.
990 3374 29 25 A.
1044 3374 93 30 White,
1156 3377 26 25 C.

644 3414 85 32 Lugar
740 3415 50 24 and
802 3415 31 25 E.
853 3416 82 25 Wratt
953 3419 167 31 representing
1140 3419 43 25 the

643 3458 99 31 general
770 3458 81 31 public
880 3460 50 24 and
954 3461 88 25 tourist
1070 3462 111 25 interest.

631 3510 1 26 j
644 3501 54 25 The
717 3501 87 26 Water
828 3502 96 33 Supply
947 3504 83 24 Board
1053 3504 74 33 being
1145 3513 37 17 re-

631 3558 1 11 i
643 3545 130 31 presented
792 3545 33 32 by
848 3546 93 25 Messrs
964 3546 152 27 O'Halloran
1133 3549 50 25 and

644 3587 99 25 Horrell
754 3588 50 24 and
822 3588 64 25 their
909 3589 127 32 Engineer
1048 3590 40 24 Mr
1111 3591 31 25 G.
1156 3591 24 25 J.

644 3631 121 28 Webster,
794 3631 51 25 and
865 3631 40 25 Mr
925 3632 25 24 J.
970 3633 34 23 H.
1028 3634 94 31 Sliarpe
1144 3642 36 16 re-

644 3674 140 32 presenting
795 3674 43 25 the
851 3675 72 24 Eoad
939 3675 91 25 Board.

676 3718 92 25 Messrs
788 3718 126 25 Meredith
935 3718 51 25 and
997 3718 85 25 Moore
1105 3719 76 31 spoke

642 3762 26 24 at
680 3768 68 18 some
759 3761 101 32 length,
881 3762 59 24 both
952 3762 107 31 arguing
1071 3763 55 24 that
1139 3763 42 25 the

641 3804 153 24 destruction
806 3804 27 24 of
843 3804 44 24 the
905 3804 89 24 Forest
1005 3812 51 17 was
1069 3813 13 15 %
1095 3812 85 18 source

641 3846 26 24 of
683 3846 92 31 danger
794 3847 27 23 to
842 3845 44 25 the
908 3847 75 23 water
1005 3845 96 33 supply,
1131 3847 49 24 and

641 3889 82 26 would
733 3889 31 24 be
781 3889 58 31 glad
851 3890 25 23 to
898 3896 42 17 sea
951 3889 43 25 the
1015 3889 89 25 Forest
1121 3898 57 17 con-

641 3933 86 25 served
735 3932 105 25 without
850 3932 113 32 injuring
972 3932 42 25 the
1025 3932 154 32 Sawmilling

640 3976 123 32 industry.
797 3975 58 24 And
862 3975 94 25 Messrs
966 3975 153 25 O'Halloran
1130 3976 48 24 and

640 4018 99 26 Horrell
752 4018 75 32 spoke
839 4019 27 24 m
878 4018 43 26 the
933 4027 70 17 same
1015 4019 87 25 strain.
1137 4019 41 25 Mr

642 4063 93 32 Sharpe
747 4063 53 24 also
811 4070 63 24 gave
885 4070 70 17 pome
973 4063 80 24 useful
1075 4063 103 24 inform-

640 4106 69 26 ation
726 4105 141 33 pertaining
878 4107 26 23 to
921 4105 42 25 the
982 4105 59 26 flow
1060 4105 28 25 of
1103 4106 74 25 water

639 4151 45 25 but
695 4150 81 26 would
793 4150 51 24 like
861 4152 27 22 to
907 4148 80 30 know,
1004 4148 23 25 if
1048 4148 42 26 the
1109 4148 69 27 W.S.

639 4192 84 28 Board
733 4193 100 25 secured
846 4192 43 25 the
907 4192 121 25 Beserves
1044 4192 57 30 they
1115 4199 63 17 were

639 4239 74 24 about
733 4238 24 24 to
776 4236 46 25 ask
833 4236 39 25 for
883 4235 53 25 how
955 4235 44 25 the
1011 4234 70 26 Eoad
1093 4234 85 25 Board

639 4281 82 26 would
740 4282 42 30 get
804 4280 65 25 their
890 4286 107 17 revenue
1019 4277 39 25 for
1075 4277 103 31 making

637 4325 73 27 roads
728 4324 82 25 which
833 4329 61 19 were
916 4329 58 18 sure
999 4322 26 24 to
1048 4320 31 25 be
1100 4319 78 26 asked

637 4369 46 24 for.

670 4410 54 26 The
736 4409 135 27 Chairman
891 4408 51 34 (Mr
952 4407 42 25 W.
1014 4406 81 33 Ryde)
1116 4405 60 25 then

636 4453 94 27 invited
749 4453 47 26 full
806 4452 148 29 discussion,
966 4451 51 24 and
1027 4449 44 25 the
1082 4449 95 25 matter

635 4507 49 17 was
695 4499 81 32 pretty
787 4496 59 26 well
862 4492 151 29 overhauled
1030 4491 62 25 from
1104 4498 71 24 every

1233 206 71 31 point
1316 206 27 26 of
1354 207 70 31 view,
1444 207 50 26 and
1512 208 43 27 the
1567 209 103 33 passing
1681 210 25 25 of
1729 210 43 26 the

1233 250 127 33 following
1382 253 136 25 resolution
1544 256 228 31 accompaniecMby

1233 294 92 26 thanks
1336 296 26 24 to
1374 296 43 26 the
1435 296 137 26 Chairman
1591 297 49 25 and
1658 298 44 25 the
1722 300 49 24 two

1233 338 118 26 M.H.R's
1363 340 51 25 and
1425 340 43 25 the
1484 342 111 31 meeting
1614 342 155 25 terminated.

1265 382 125 32 Proposed
1401 383 34 32 by
1447 384 41 25 Mr
1501 384 32 25 G.
1555 385 29 24 A.
1607 385 91 29 White,
1718 393 51 17 sec-

1231 424 80 26 onded
1320 424 33 33 by
1364 426 42 24 Mr
1418 426 24 24 J.
1456 426 39 24 Hr
1505 426 94 33 Sharpe
1611 428 50 24 and
1668 428 99 24 carried.

1231 468 65 26 That
1313 477 15 16 a
1348 469 149 26 Committee
1520 470 28 25 of
1566 470 150 26 Sawmillers
1739 470 30 26 be

1231 513 133 30 appointed
1376 513 32 31 by
1420 513 73 25 those
1515 514 132 25 interested
1658 515 27 23 m
1697 514 72 24 Bush

1230 557 102 24 matters
1362 557 26 24 to
1416 556 85 25 confer
1529 557 57 24 with
1609 557 42 25 the
1674 557 41 25 W.
1740 559 26 24 S.

1229 598 82 26 Board
1323 607 32 16 on
1367 599 130 32 Thursday
1509 600 42 24 the
1564 600 70 24 18th.
1646 601 59 24 inst.
1718 602 49 23 and

1229 642 43 24 the
1295 642 108 25 decision
1432 644 27 23 to
1481 642 30 24 be
1539 643 134 25 submitted
1702 645 27 23 to
1752 652 15 16 a

1228 684 82 31 public
1320 685 110 31 meeting
1442 686 25 23 at
1479 692 15 17 a
1505 684 83 26 future
1600 685 65 25 date.

1259 846 27 23 If
1299 853 48 24 you
1367 846 77 24 suffer
1469 846 65 24 from
1558 846 165 29 billiousness,
1750 855 13 15 a

1225 883 57 25 dose
1300 883 27 25 of
1342 883 89 25 Ka-Ka
1459 883 108 25 Essence
1590 884 53 25 ■will
1664 884 99 32 quickly

1225 931 59 16 cure
1301 931 47 22 you
1350 937 33 4 —
1384 922 46 26 call
1448 924 41 24 &c.

1225 1087 87 30 THE
1329 1087 175 31 OXFORD
1517 1087 113 31 NOTE
1644 1088 118 30 BOOK

1399 1187 43 22 BY
1456 1188 127 22 PENNIB.

1255 1228 25 24 It
1288 1228 68 24 often
1376 1236 86 18 occurs
1483 1231 25 23 to
1521 1237 41 17 me
1583 1230 54 25 that
1649 1238 15 17 a
1675 1238 85 18 course

1221 1271 26 24 of
1261 1271 146 25 ambulance
1427 1271 107 26 lectures
1555 1273 84 24 would
1666 1273 30 25 be
1718 1282 41 23 ap-

1220 1315 123 31 preciated
1362 1315 30 31 by
1403 1317 44 24 not
1459 1323 15 18 a
1485 1315 47 27 few
1543 1316 28 25 of
1579 1316 45 26 the
1637 1317 87 32 people
1736 1317 26 26 of

1220 1357 42 24 the
1274 1358 105 25 district.
1414 1358 14 25 I
1440 1359 73 24 think
1524 1360 21 24 it
1565 1360 83 24 would
1666 1363 45 23 not
1729 1361 29 25 be

1219 1407 16 17 a
1246 1400 104 25 difficult
1360 1403 92 23 matter
1463 1404 27 23 to
1501 1403 115 25 institute
1628 1411 31 17 an-

1220 1442 103 26 bluance
1468 1445 91 32 during
1604 1445 43 26 the
1671 1447 88 24 winter

1219 1485 108 25 months.
1374 1487 47 24 We
1449 1487 62 25 have
1533 1489 28 23 m
1578 1497 46 16 our
1649 1489 75 25 midst
1744 1498 15 16 a

1219 1529 104 24 medical
1342 1529 93 25 Doctor
1463 1531 118 31 qualified
1610 1533 26 23 to
1654 1533 94 24 lecture

1218 1571 49 25 and
1291 1572 84 25 whose
1400 1573 105 25 services
1531 1574 82 25 would
1641 1576 29 24 be
1692 1579 66 21 most

1218 1615 162 31 appreciable.
1415 1616 14 24 I
1449 1618 160 24 recommend
1619 1618 45 24 the
1680 1618 78 25 above

1218 1658 142 32 suggestion
1372 1660 26 24 to
1414 1659 35 25 all
1460 1659 72 26 those
1543 1660 144 31 interested,
1706 1662 50 24 and

1218 1701 63 31 hope
1289 1701 56 26 that
1365 1710 60 17 soon
1444 1704 21 23 it
1476 1711 60 25 may
1548 1704 58 25 take
1618 1712 15 17 a
1645 1707 112 24 concrete

1217 1745 74 24 form.

1250 1825 25 24 It
1286 1825 47 25 has
1345 1826 62 24 been
1416 1826 144 26 mentioned
1575 1826 56 26 that
1642 1827 21 25 it
1674 1828 80 25 would

1216 1867 31 25 be
1259 1876 15 16 a
1285 1868 64 31 good
1361 1868 72 31 thing
1451 1869 22 24 if
1488 1877 15 17 a
1520 1870 92 32 society
1630 1870 28 26 of
1671 1878 84 25 young

1216 1910 61 25 New
1289 1910 153 26 Zealanders
1452 1919 65 18 were
1534 1912 102 31 formed,
1654 1915 40 23 for
1712 1913 43 26 the

1216 1953 135 25 discussion
1365 1953 27 25 of
1400 1954 84 31 public
1494 1956 136 30 questions,
1649 1956 43 25 the
1704 1957 50 24 free

1214 1995 162 33 interchange
1390 1996 27 25 of
1425 1997 76 29 ideas,
1520 1997 51 25 and
1581 1998 39 25 for
1632 1999 42 24 the
1689 2005 63 18 con-

1214 2032 168 43 sld,erlftl^|£of
1393 2040 72 25 those
1477 2042 104 23 matters
1588 2041 84 25 which
1680 2041 73 25 make

1213 2080 39 39 forj
1262 2081 44 26 the
1318 2082 60 28 wal
1390 2091 28 16 or
1426 2083 44 25 the
1479 2091 52 18 woe
1543 2084 27 25 of
1579 2091 46 18 our
1636 2085 114 32 country.

1210 2120 204 40 Ti^ishguggested
1427 2127 55 25 that
1494 2127 43 25 the
1556 2128 146 25 association
1722 2127 30 26 be

1212 2172 159 32 a'nbn-pOTty
1383 2181 46 18 one
1447 2181 27 17 so
1486 2171 51 27 far-
1542 2178 29 20 as
1587 2171 102 30 liberals
1701 2172 51 25 and

1212 2216 178 24 conservatives
1407 2224 41 16 are
1471 2216 142 28 concerned,
1631 2216 46 24 but
1698 2216 52 24 that

1212 2258 42 25 the
1273 2266 85 25 young
1378 2258 60 26 New
1461 2258 150 26 Zealanders
1630 2259 70 25 unite
1724 2260 26 24 to

1211 2309 114 18 conserve
1337 2302 50 24 and
1404 2303 117 24 advocate
1532 2303 44 24 the
1596 2304 117 23 interests
1725 2303 27 24 of

1211 2344 43 24 the
1266 2346 110 30 country,
1395 2345 50 24 and
1464 2346 27 23 to
1502 2345 119 25 cultivate
1639 2345 44 24 the
1694 2347 54 29 pat-

1211 2388 69 24 riotic
1291 2387 111 25 instinct.
1438 2388 55 23 The
1514 2388 145 32 suggestion
1670 2389 22 24 is
1703 2390 45 23 not

1211 2438 32 17 an
1254 2430 181 25 unreasonable
1447 2439 57 16 one.
1531 2430 53 25 The
1595 2431 113 32 question
1717 2431 29 30 is,

1212 2473 50 25 will
1273 2473 43 25 the
1325 2481 84 24 young
1419 2473 62 26 New
1494 2473 151 26 Zealanders
1657 2474 70 25 unite
1736 2475 12 23 ?

1212 2517 69 31 They
1298 2518 62 23 have
1379 2517 58 31 grit,
1456 2517 51 24 and
1526 2517 130 31 gumption
1658 2531 32 5 —
1691 2517 57 30 ,and

1211 2559 91 25 should
1312 2560 73 24 make
1397 2560 109 25 advance
1517 2567 33 18 on
1562 2560 43 25 the
1616 2560 133 32 principles

1211 2603 27 24 of
1249 2602 67 25 older
1328 2602 120 25 societies.

1245 2684 34 23 As
1290 2683 41 25 the
1453 2685 27 23 m
1634 2683 115 31 question

1211 2727 23 23 is
1254 2735 13 15 a
1289 2734 58 24 very
1366 2728 135 30 important
1519 2735 54 20 one,
1599 2727 14 23 I
1638 2734 58 22 may
1719 2727 30 24 be

1212 2769 102 24 excused
1324 2770 38 23 for
1374 2769 86 31 giving
1472 2777 14 17 a
1493 2768 86 26 rather
1587 2769 60 32 long
1656 2770 94 24 extract

1212 2819 33 17 on
1262 2812 42 23 the
1316 2812 120 31 question,
1455 2812 33 31 by
1507 2812 42 24 the
1567 2811 90 25 Editor
1669 2820 26 16 or
1707 2812 43 24 the

1305 2854 110 25 Zealand
1432 2855 129 25 Primitive

1214 2897 38 23 He
1265 2904 56 23 says
1332 2906 5 15 :
1340 2912 33 4 —
1474 2898 43 24 the
1527 2897 93 31 subject
1631 2898 28 25 of
1668 2898 82 30 public

1211 2940 139 28 education,
1369 2948 37 17 we
1418 2948 28 17 as
1458 2948 14 16 a
1484 2941 93 24 church
1589 2949 43 17 aro
1643 2941 106 28 divided,

1212 2983 50 24 and
1273 2984 45 23 not
1336 2991 14 16 a
1368 2983 46 25 few
1432 2982 49 26 feel
1501 2983 111 31 strongly
1634 2991 32 17 on
1689 2984 61 24 both

1213 3026 72 25 sides.
1322 3026 48 25 We
1382 3028 91 23 cannot
1483 3026 59 32 help
1562 3026 119 32 thinking
1696 3028 54 24 that

1212 3077 75 24 many
1310 3069 26 25 of
1362 3077 46 17 our
1435 3069 94 26 friends
1555 3069 56 25 look
1644 3071 27 24 at
1699 3070 51 25 this

1211 3111 138 31 important
1361 3112 123 30 question,
1497 3120 27 16 as
1536 3112 110 31 through
1658 3120 15 16 a
1684 3113 66 30 glass

1212 3154 95 32 darkly.
1342 3155 53 24 For
1418 3161 45 18 our
1482 3162 53 18 own
1555 3156 56 30 part
1631 3163 36 16 we
1679 3155 72 25 think

1211 3198 56 24 that
1280 3198 60 25 New
1353 3198 111 25 Zealand
1486 3205 125 24 possesses
1623 3206 33 17 an
1676 3198 74 25 excel-

1212 3242 51 24 lent
1277 3243 93 30 system
1388 3241 27 25 of
1429 3241 83 32 public
1524 3241 132 26 education
1659 3256 28 5 —
1690 3242 60 29 free,

1210 3284 158 32 compulsory
1395 3284 49 25 and
1470 3285 194 30 non-sectarian,
1702 3286 49 23 and

1212 3328 82 25 where
1317 3335 56 18 race
1393 3328 156 25 distinctions
1567 3335 41 17 are
1617 3328 132 32 forgotten.

1213 3372 42 25 We
1278 3372 31 24 do
1330 3373 43 23 not
1392 3373 75 27 want,
1486 3372 50 24 and
1555 3379 37 17 we
1615 3373 69 23 must
1705 3374 46 22 not

1210 3415 64 25 have
1302 3414 213 26 denominational
1559 3423 27 17 or
1629 3415 121 25 sectarian

1211 3457 96 26 schools
1320 3458 134 31 supported
1474 3457 32 32 by
1518 3459 42 24 the
1572 3459 178 25 Government.

1212 3501 43 25 Wo
1265 3501 96 25 confess
1380 3509 36 17 we
1425 3501 62 25 have
1499 3509 34 18 no
1545 3501 134 33 sympathy
1689 3502 61 25 with

1211 3545 94 31 theory
1328 3544 27 25 of
1375 3544 97 32 godless
1491 3545 98 25 schools
1612 3545 93 25 echoed
1722 3553 28 17 so

1211 3588 148 31 frequently,
1378 3588 68 24 often
1467 3589 114 30 showing
1592 3590 65 24 utter
1668 3589 81 31 ignor-

1210 3638 62 16 ance
1284 3638 28 16 or
1333 3629 111 32 political
1467 3638 100 17 reasons
1588 3632 42 24 &c.
1677 3631 33 25 As
1735 3640 14 16 a

1209 3675 89 29 parent
1319 3682 37 16 we
1375 3673 63 24 have
1457 3673 59 30 had,
1548 3674 51 23 and
1620 3674 64 25 have
1703 3682 46 17 our

1210 3719 57 31 boys
1280 3718 49 23 and
1351 3717 62 32 girls
1424 3719 27 23 at
1471 3717 44 24 the
1526 3724 116 18 common
1665 3718 84 30 public

1209 3761 107 30 schools,
1335 3761 50 24 and
1398 3760 95 32 though
1513 3768 37 18 we
1561 3760 68 25 sball
1648 3760 31 25 be
1690 3761 59 31 glad

1209 3806 26 22 to
1247 3803 62 25 send
1328 3803 71 25 them
1416 3812 16 15 a
1449 3810 58 25 year
1527 3811 28 16 or
1578 3805 49 23 two
1653 3804 26 24 at
1705 3804 43 24 the

1209 3845 86 32 higher
1307 3845 104 28 schools,
1429 3853 38 17 we
1479 3853 78 24 pause
1568 3846 26 24 to
1614 3852 52 25 say,
1690 3853 58 24 very

1208 3888 166 32 deliberately,
1394 3888 56 25 that
1461 3896 37 17 we
1509 3888 81 32 prefer
1609 3888 58 25 that
1688 3889 57 31 they

1208 3932 90 25 should
1309 3939 31 24 go
1361 3931 107 32 through
1491 3931 42 26 the
1557 3931 38 26 six
1616 3931 131 26 standards
1754 3929 2 41 |

1207 3974 28 26 of
1243 3983 46 17 our
1300 3974 83 32 public
1399 3974 96 25 schools
1507 3974 56 25 first

1241 4017 51 25 Our
1319 4017 84 32 public
1432 4016 96 26 schools
1561 4017 50 25 aim
1639 4018 28 25 at
1702 4017 44 26 the

1207 4059 121 33 physical,
1347 4060 102 26 mental,
1468 4060 49 25 and
1538 4060 80 26 moral
1633 4060 111 32 develop-

1207 4104 69 24 ment
1288 4103 28 24 of
1337 4110 45 17 our
1404 4102 122 30 children,
1552 4103 50 24 and
1620 4111 42 17 are
1681 4103 62 24 indi-

1206 4146 77 31 rectly
1302 4145 125 32 religious.
1462 4145 126 32 Certainly
1599 4153 38 18 we
1648 4146 33 25 do
1699 4146 46 24 not

1206 4189 74 25 think
1291 4188 70 26 them
1566 4188 68 26 Here
1644 4188 98 25 cleanli-

1206 4240 65 22 ness,
1306 4231 141 30 obedience,
1482 4231 44 26 the
1554 4231 56 25 first
1638 4231 62 25 Jaws
1719 4231 28 25 of

1206 4275 148 30 mechanics,
1389 4277 135 30 geometry,
1555 4275 44 25 the
1622 4273 122 33 principal

1205 4318 63 25 facts
1296 4318 28 25 of
1367 4317 159 33 Geography,
1546 4315 119 33 Geology,
1695 4315 49 26 and

1206 4361 158 31 Astronomy,
1390 4362 42 24 the
1454 4361 110 25 outlines
1586 4360 39 25 or
1632 4358 111 32 History,

1205 4405 42 24 &c.
1260 4411 40 18 arc
1320 4404 91 33 taught
1422 4404 63 25 alike
1496 4405 27 24 to
1539 4402 55 26 rich
1605 4402 50 24 and
1674 4409 68 24 poor,

1204 4446 92 26 Maoris
1308 4447 50 24 and
1368 4447 156 33 Europeans.
1726 4470 26 3 ....

1237 4489 55 26 The
1303 4491 79 25 moral
1390 4490 130 26 education
1531 4489 26 26 of
1576 4495 46 20 our
1630 4487 113 27 children

1800 173 21 24 is
1833 172 98 26 derived
1939 174 65 24 from
2016 181 76 23 many
2101 181 105 20 sources,
2216 173 28 24 m
2252 172 84 25 which

1800 216 115 32 teaching
1926 216 71 33 plays
2009 224 14 18 a
2040 216 73 26 small
2133 218 65 30 part.
2233 216 105 26 Parents

1799 259 64 24 need
1881 261 26 23 to
1918 260 154 25 understand
2094 261 56 24 that
2167 261 60 31 they
2247 268 40 17 are
2305 268 31 17 an

1798 302 136 32 important
1962 303 77 26 factot
2079 303 57 26 here
2138 318 31 4 —
2171 303 57 26 that
2273 303 63 26 book

1798 346 114 31 learning
1924 347 22 23 is
1958 348 43 24 not
2014 347 42 25 the
2068 346 75 26 be-all
2162 347 49 25 and
2223 348 42 24 the
2289 347 48 25 end

1798 390 33 24 all
1844 390 27 24 of
1880 390 138 24 education.
2052 390 27 25 Ie
2090 390 22 24 is
2135 391 43 23 the
2200 391 73 29 voice,
2292 391 44 24 the

1798 431 70 29 book,
1887 433 41 23 the
1940 433 74 28 word,
2036 432 42 25 the
2102 433 93 24 actions
2216 433 26 24 of
2264 433 70 24 those

1798 475 60 24 with
1870 475 81 26 whoEi
1962 475 111 26 children
2085 476 48 25 live
2146 477 56 24 that
2221 478 112 30 penetra-
2340 485 2 19 ;

1798 519 37 24 tes
1863 518 50 25 and
1935 520 124 30 permeats
2089 519 66 25 their
2179 520 154 31 disposition.

1797 561 115 30 Parents,
1931 562 137 26 remember
2092 563 44 25 the
2159 564 112 24 children
2294 571 40 18 see

1797 604 108 31 through
1920 612 61 23 your
2002 613 65 23 eyes,
2087 605 50 24 and
2155 606 57 23 hear
2224 605 110 32 through

1795 655 62 22 your
1875 655 61 16 ears.
1988 648 143 24 Education
2160 648 27 24 m
2207 648 44 25 the
2279 649 55 24 best

1795 697 71 17 sense
1885 689 87 33 begins
1998 691 58 24 with
2074 691 43 24 the
2141 691 146 25 cultivation
2309 691 27 26 of

1795 734 40 23 the
1847 732 78 26 heart.
1959 733 49 25 Let
2024 741 30 17 us
2067 736 39 29 try
2117 734 50 24 and
2183 734 150 26 understand

1793 783 67 17 more
1868 776 63 31 fully
1943 776 43 24 the
1995 778 184 31 responsibility
2188 779 25 23 of
2225 778 107 25 mother-

1792 819 66 25 hood
1869 819 50 24 and
1930 819 152 25 fatherhood.
2118 820 65 25 True
2202 821 131 25 education

1791 861 122 30 produces
1940 861 113 31 physical
2082 863 122 30 strength,
2235 863 97 25 mental

1791 911 89 24 power,
1915 905 80 24 moral
2024 905 78 25 worth
2137 906 50 25 and
2215 906 117 32 religious

1791 948 133 24 character.
1967 948 41 24 He
2030 950 53 24 who
2110 949 68 32 gives
2200 950 40 24 his
2261 950 68 24 child

1791 998 16 17 a
1818 992 47 24 fair
1877 991 139 30 education,
2035 992 44 25 the
2101 992 85 25 habits
2204 993 27 25 of
2249 993 79 30 truth,

1790 1035 121 32 industry,
1929 1035 125 33 frugality,
2084 1036 164 33 punctuality,
2274 1044 53 25 per-

1791 1086 138 23 severance,
1948 1080 50 24 and
2019 1080 104 32 healthy
2144 1080 111 33 reading,
2274 1089 54 23 pro-

1790 1122 69 25 vides
1877 1122 38 25 for
1938 1122 54 25 him
2011 1122 81 26 better
2112 1123 62 25 than
2196 1124 27 24 m
2246 1124 85 31 giving

1790 1165 53 25 him
1856 1173 14 17 a
1882 1165 74 26 small
1967 1167 101 24 fortune
2084 1166 28 25 m
2135 1174 97 25 money.
2278 1166 53 25 Our

1790 1207 83 32 public
1896 1208 103 29 schools,
2028 1209 28 24 m
2073 1217 46 16 our
2147 1209 111 31 opinion,
2288 1218 42 16 are

1790 1251 74 31 doing
1877 1251 65 25 their
1965 1254 65 29 part,
2049 1252 51 24 and
2122 1260 33 16 on
2175 1252 44 25 the
2241 1252 87 29 whole,

1788 1294 77 32 doing
1884 1294 22 25 it
1917 1294 64 25 well.
2017 1294 49 25 Let
2089 1303 30 17 us
2139 1303 28 17 as
2190 1295 137 31 Ministers,

1789 1345 27 17 as
1828 1338 129 29 churches,
1976 1345 28 17 as
2026 1340 111 29 parents,
2156 1338 51 26 and
2225 1338 104 33 Sunday

1788 1379 98 26 schools
1915 1380 31 25 do
1972 1388 58 17 ours
2052 1390 28 16 as
2108 1381 158 33 thoroughly,
2298 1390 28 17 as

1788 1423 125 31 honestly,
1931 1430 28 17 as
1979 1424 62 24 well.
2088 1424 25 24 It
2125 1424 21 25 is
2158 1432 15 17 a
2190 1424 66 32 joint
2276 1433 51 17 res-

1788 1465 151 32 ponsibility.
1974 1466 50 25 Let
2033 1474 30 17 us
2075 1468 43 24 not
2136 1466 69 27 shirk
2213 1475 45 18 our
2271 1470 56 29 part

1787 1508 78 26 under
1876 1510 42 23 the
1940 1509 55 32 plea
2018 1510 28 23 of

1787 1551 50 25 and
1852 1551 44 25 the
1915 1559 43 25 cry
1981 1552 27 25 of
2141 1553 28 25 m

1786 1595 63 25 This
1869 1603 59 24 may
1946 1595 31 26 be
1994 1596 75 31 right.
2111 1596 53 25 But
2186 1597 97 25 outside
2301 1597 28 25 of

1786 1638 51 25 this
1848 1646 36 17 we
1896 1638 64 26 have
1979 1647 14 16 a
2004 1639 195 33 responsibility,
2221 1647 15 18 a
2254 1640 70 32 duty.

1785 1682 49 25 Let
1846 1689 29 18 us
1886 1682 131 32 discharge
2027 1684 21 24 it
2059 1684 209 31 conscientiously
2276 1684 50 24 and

1786 1725 157 33 thoroughly.
1981 1726 49 26 Let
2052 1734 31 18 us
2106 1727 32 25 do
2157 1734 46 18 our
2221 1729 56 30 part
2298 1727 26 25 m

1785 1768 119 32 teaching
1914 1776 46 18 our
1971 1769 113 25 children
2092 1777 70 25 grace
2171 1769 28 26 of
2208 1778 114 21 manner,

1785 1813 115 31 courtesy
1928 1813 27 24 of
1982 1813 97 31 speech,
2120 1821 131 19 reverence
2286 1814 38 25 for

1785 1856 86 29 elders,
1891 1858 94 30 respect
1995 1858 41 24 for
2044 1857 130 34 superiors,
2185 1858 139 31 gentleness

1785 1899 106 23 towards
1920 1899 44 25 the
1995 1900 70 24 weak
2088 1900 50 24 and
2163 1900 44 26 the
2230 1909 92 24 young,

1783 1941 183 26 consideration
1978 1947 26 20 to
2014 1942 122 31 inferiors,
2154 1943 120 25 kindness
2295 1945 27 24 to

1783 1984 116 28 animals,
1933 1985 50 24 and
2005 1985 61 24 with
2089 1986 77 24 much
2188 1986 134 31 emphasis,

1782 2026 55 25 love
1848 2026 51 25 and
1910 2028 95 31 respect
2016 2027 39 25 for
2066 2028 173 26 womanhood.
2273 2028 48 26 Let

1781 2077 31 17 us
1825 2071 53 23 root
1890 2071 33 30 by
1940 2070 68 24 word
2030 2070 50 25 and
2099 2071 120 31 example,
2239 2072 81 31 greed,

1771 2122 2 23 I
1780 2112 114 30 idleness,
1931 2113 151 30 selfishness,
2109 2115 141 31 cowardice,
2271 2115 50 25 and

1780 2157 118 24 cultivate
1918 2157 173 30 truthfulness,
2120 2157 124 32 industry,
2265 2166 55 24 per-

1779 2208 139 19 severance,
1935 2201 189 29 -self-reliance,
2154 2201 94 32 loyalty
2271 2201 51 24 and

1779 2249 72 17 sense
1869 2241 27 25 of
1919 2241 70 32 duty.
2042 2243 46 24 bee
2092 2250 6 2 ~
2111 2243 66 24 that-
2188 2243 64 31 body
2272 2244 51 24 and

1778 2285 69 24 mind
1859 2292 40 17 are
1910 2284 138 26 cultivated
2065 2285 27 24 m
2103 2284 130 33 harmony.
2269 2284 51 25 Let

1778 2336 29 16 us
1924 2336 45 16 our
1982 2328 112 24 children
2106 2329 26 23 to
2150 2328 31 24 be
2193 2330 81 29 happy
2294 2328 28 23 m

1955 2369 122 25 unselfish
2098 2370 50 24 and
2169 2369 147 25 serviceable

1778 2416 26 23 to
1821 2413 94 25 others.

1851 2609 405 31 CORRESPONDENCE.

1781 2675 67 19 While
1858 2679 38 14 our
1905 2675 90 18 columns
2008 2678 36 15 are
2059 2679 51 18 open
2120 2675 20 16 to
2150 2672 39 23 all,
2203 2678 30 13 we
2243 2672 26 19 do
2282 2675 39 16 not

1805 2711 92 25 identify
1917 2710 101 20 ourselves
2034 2710 53 19 with
2105 2709 95 25 opinions
2216 2708 107 26 expressed

1807 2748 88 19 therein.

1848 2795 34 23 To
1894 2794 38 25 the
1943 2795 89 23 Editor
2041 2794 31 31 of
2079 2794 36 23 the
2130 2792 122 25 Observer.

1836 2886 72 24 TEE
1927 2885 126 25 TICKET
2071 2884 184 26 NUISANCE.

1780 2974 102 24 Madam

1813 3016 78 25 Allow
1898 3023 41 17 me
1950 3017 26 24 to
1988 3014 69 33 reply
2069 3016 26 24 to
2107 3015 43 25 the
2168 3023 59 24 very
2239 3015 79 25 court-

1780 3068 59 17 eous
1850 3060 73 24 letter
1943 3059 25 25 of
1982 3058 118 32 Salopian
2124 3066 33 17 on
2174 3059 44 24 the
2241 3059 77 24 above

1780 3104 103 30 subject,
1901 3102 14 25 I
1926 3110 42 17 am
1985 3103 69 31 quite
2066 3109 81 18 aware
2158 3111 14 15 a
2185 3103 136 24 statement

1780 3145 26 25 of
1815 3146 64 23 facts
1888 3144 127 33 generally
2025 3144 81 30 hurts,
2119 3144 45 26 but
2176 3144 14 24 I
2199 3144 121 31 certainly

1780 3187 42 25 did
1831 3189 43 23 not
1885 3187 74 25 think
1971 3188 120 30 Salopian
2103 3195 51 17 was
2162 3187 39 25 hit
2217 3195 26 17 so
2255 3187 62 24 hard

1780 3238 26 17 as
1818 3233 26 23 to
1856 3231 73 25 make
1941 3231 54 24 him
2007 3238 60 18 rave
2078 3238 28 18 so
2117 3230 113 32 insanely
2243 3229 76 26 about

1780 3275 68 31 gout,
1862 3274 90 30 brains,
1970 3274 64 25 dead
2054 3273 78 25 heads
2150 3273 49 24 and
2220 3273 94 28 tailors,

1780 3317 37 24 for
1829 3318 41 24 the
1881 3317 55 24 first
1948 3317 14 24 I
1973 3316 65 32 hope
2260 3323 59 24 may

1779 3367 76 18 never
1882 3360 29 24 be
1939 3359 105 25 affected
2072 3359 59 25 with
2154 3359 29 29 it,
2208 3358 39 26 for
2275 3360 43 24 the

1780 3403 90 25 second
1882 3403 13 24 I
1914 3410 42 18 am
1974 3410 56 18 sure
2042 3401 33 26 he
2097 3402 22 25 is
2139 3402 46 24 not
2204 3400 114 26 troubled

1779 3446 62 25 with
1853 3454 33 16 an
1896 3454 59 17 over
1967 3445 97 31 supply,
2086 3444 95 32 thirdly
2199 3444 15 25 I
2224 3444 51 25 fear
2286 3444 33 24 he

1778 3490 22 25 is
1811 3497 48 18 one
1868 3490 25 24 of
1910 3489 57 26 that
1978 3488 195 32 comparatively
2185 3494 133 18 numerous

1778 3534 51 24 and
1847 3533 83 31 lastly,
1955 3540 28 17 as
2017 3531 132 32 according
2171 3532 26 24 to
2221 3538 34 17 an
2277 3530 42 25 old

1778 3572 78 32 adage
1867 3574 57 24 that
1935 3579 15 18 a
1975 3572 83 25 Tailor
2078 3572 22 24 is
2112 3571 59 32 only
2189 3570 43 25 the
2243 3570 76 25 ninth

1778 3618 56 29 part
1844 3624 15 17 o
1860 3616 9 19 f
1881 3624 15 16 a
1907 3623 69 20 man,
1988 3615 69 24 there
2069 3614 75 31 really
2155 3614 22 24 is
2189 3614 45 24 not
2244 3613 74 24 much

1778 3660 26 23 to
1816 3659 68 31 reply
1896 3660 35 29 to,
1950 3659 44 24 but
2006 3657 80 32 surely
2105 3657 21 25 it
2145 3657 80 25 shows
2238 3656 81 25 which

1778 3709 52 23 way
1851 3701 44 24 the
1914 3703 41 22 cat
1973 3701 94 31 jumps,
2095 3699 73 25 when
2189 3701 45 23 two
2258 3706 58 17 men

1778 3744 49 25 and
1839 3751 14 18 a
1864 3744 76 25 ninth
1956 3744 56 24 rush
2033 3744 53 24 into
2106 3743 68 31 print
2185 3746 27 21 to
2223 3742 95 32 uphold

1776 3795 33 16 an
1822 3786 120 25 admitted
1962 3786 119 24 nuisance
2093 3787 48 23 viz.
2159 3785 44 25 the
2215 3785 102 31 making

1776 3829 101 30 cadgers
1890 3828 26 24 of
1925 3836 45 16 our
1985 3828 114 24 children
2110 3828 57 24 that
2186 3828 76 30 being
2273 3828 44 24 the

1775 3871 115 33 question
1902 3871 14 24 I
1928 3873 65 23 want
2012 3873 25 22 to
2057 3870 33 25 tie
2110 3877 44 24 my
2173 3871 141 31 opponents

1775 3923 32 23 up
1827 3916 35 27 to,
1881 3915 44 25 but
1948 3922 28 17 as
1999 3922 14 16 a
2041 3913 99 33 parting
2169 3913 58 26 shot
2255 3921 27 18 as
2283 3927 33 5 —

1776 3959 119 31 Salopian
1914 3958 33 24 he
1964 3958 58 25 well
2040 3957 138 25 remember
2200 3958 15 23 I
2237 3965 77 18 never

1774 4000 127 33 suspected
1921 4000 54 24 him
1989 4000 28 24 of
2026 4000 74 32 being
2117 4000 55 25 able
2183 4002 27 22 to
2227 4001 42 30 get
2281 4008 33 23 up

1773 4054 16 16 a
1813 4052 99 18 sermon
1929 4043 14 25 I
1965 4043 58 32 only
2047 4042 110 33 thought
2176 4043 33 25 he
2229 4042 54 26 had
2300 4051 14 17 a

1772 4095 90 24 proper
1872 4088 105 23 amount
1989 4087 26 24 of
2032 4086 136 32 ignorance
2189 4087 26 24 to
2225 4085 89 33 justify

1773 4132 53 24 him
1844 4134 26 21 to
1893 4137 91 25 appear
2004 4131 28 24 m
2055 4137 30 18 an
2110 4129 94 26 Oxford
2230 4129 82 32 pulpit

1773 4174 81 25 which
1865 4174 23 24 is
1900 4181 15 17 a
1926 4181 59 24 very
1996 4173 116 25 different
2124 4172 80 32 thing.
2253 4172 58 31 Yes,

1773 4217 97 25 madam
1882 4217 14 23 I
1916 4216 55 26 also
1983 4224 42 18 see
2042 4224 102 25 persons
2155 4216 74 31 using
2248 4215 65 25 their

1771 4261 74 24 horse
1857 4259 51 25 and
1928 4261 55 31 trap
1996 4268 33 17 on
2041 4259 155 32 Sundays.—
2197 4265 71 18 some
2279 4265 32 24 go

1772 4304 25 24 to
1809 4311 16 16 a
1836 4303 70 31 place
1923 4303 29 25 of
1967 4302 109 32 worship
2095 4302 28 24 m
2135 4301 20 25 it
2173 4300 51 25 and
2243 4308 70 17 some

1771 4353 32 24 go
1814 4347 26 23 to
1851 4345 66 26 their
1938 4346 78 25 farms
2027 4345 90 32 during
2131 4344 49 28 ,the
2192 4344 122 25 intervals

1771 4388 27 25 of
1808 4388 87 26 school
1906 4389 51 25 and
1973 4388 117 31 worship.
2126 4386 122 32 Salopian
2256 4393 58 24 says

1771 4438 70 19 some
1863 4439 65 18 wear
1958 4431 104 33 spotless
2085 4430 76 24 white
2180 4432 133 29 garments,

1771 4482 68 19 some
1855 4475 88 26 choose
1962 4473 72 26 black
2053 4480 70 22 ones,
2140 4472 50 26 and
2211 4471 37 28 let
2270 4478 42 20 me

2371 213 48 25 add
2432 221 68 18 some
2512 223 65 18 wear

2472 289 12 23 I
2503 297 46 20 am,
2569 289 109 30 Madam,

2569 363 72 23 yours
2659 355 66 31 truly

2679 420 203 25 DISGUSTED.

2541 551 185 25 OBITUARY.

2493 616 65 24 Ebv.
2577 617 29 23 P.
2624 617 31 24 R.
2674 617 100 25 Monro.

2364 671 3 4 •
2400 652 47 26 We
2457 656 81 29 regret
2548 656 26 23 to
2583 655 84 24 record
2678 656 41 24 the
2729 656 93 24 sudden
2831 656 72 24 death

2366 696 27 25 of
2403 696 43 25 the
2458 696 59 25 Rev.
2530 697 29 24 P.
2579 697 30 24 R.
2633 697 97 31 Monro,
2749 698 80 26 which
2846 699 57 25 took

2366 739 67 32 place
2460 747 33 17 on
2517 739 155 33 Wednesday
2690 741 125 31 morning.
2862 741 41 25 Mr

2366 782 89 25 Monro
2467 790 48 17 was
2527 783 52 25 well
2592 783 87 26 known
2691 784 28 25 m
2736 784 52 25 this
2807 784 95 26 district

2366 833 27 18 as
2405 833 15 18 a
2442 826 175 32 Presbyterian
2640 827 122 29 minister,
2781 827 50 25 and
2849 836 51 16 was

2364 866 118 33 formerly
2493 869 26 23 m
2531 869 90 30 charge
2633 869 27 25 of
2675 870 44 23 the
2729 870 172 31 Presbyterian

2364 910 91 25 church
2473 911 27 24 at
2520 911 134 32 liangiora.
2689 911 40 25 On
2747 912 155 31 Wednesday

2364 955 124 31 morning,
2507 953 75 26 about
2592 954 123 32 half-past
2727 956 61 24 nine
2800 964 56 16 a.m.
2870 955 31 25 he

2363 997 46 25 left
2420 997 40 25 his
2472 997 78 24 house
2562 1005 31 16 on
2606 998 43 25 the
2671 998 78 32 Ferry
2772 998 79 31 Road,
2874 1000 28 23 m

2363 1047 123 26 company
2498 1040 61 26 with
2571 1041 41 25 the
2624 1040 61 26 Rev.
2698 1041 30 25 L.
2741 1042 35 24 M.
2787 1042 64 30 Isitt,
2864 1042 38 26 for

2363 1092 15 17 a
2390 1085 94 31 bicycle
2496 1084 60 25 ride.
2592 1085 38 24 On
2642 1085 43 25 the
2694 1085 126 25 Waltham
2831 1086 70 25 Road

2364 1127 57 33 they
2433 1128 82 24 rested
2527 1135 14 17 a
2560 1128 82 31 while,
2663 1128 49 25 and
2721 1129 34 24 he
2766 1129 135 31 complain-

2363 1171 29 24 ed
2414 1170 28 25 of
2461 1170 75 32 being
2560 1171 73 29 faint,
2660 1171 48 25 and
2732 1171 169 34 immediately

2362 1214 107 32 expired.
2505 1216 34 24 At
2559 1216 42 24 the
2612 1215 101 32 inquest
2732 1217 26 24 at
2770 1218 24 24 6.
2807 1224 60 24 p.m.
2886 1225 15 16 a

2362 1258 93 25 verdict
2466 1266 50 17 was
2527 1259 117 24 returned
2655 1259 57 25 that
2731 1259 43 25 the
2787 1267 73 17 cause
2877 1259 27 25 of

2362 1301 76 26 death
2447 1309 49 18 was
2505 1302 64 25 from
2581 1305 103 29 rupture
2693 1303 26 24 of
2729 1303 42 24 the
2779 1303 120 29 aneuism,

2362 1346 51 24 and
2421 1354 47 17 was
2481 1346 28 25 of
2515 1346 59 32 long
2581 1346 127 33 standing.
2722 1346 53 27 The
2784 1346 114 27 deceased

2362 1397 49 17 was
2423 1389 147 32 forty-eight
2581 1398 72 23 years
2665 1392 24 24 of
2701 1399 45 23 age
2757 1391 50 25 and
2818 1391 82 25 leaves

2360 1439 16 18 a
2404 1432 85 26 widow
2515 1433 50 25 and
2588 1434 67 24 three
2675 1433 120 26 children.
2847 1435 54 24 The

2359 1475 106 29 funeral,
2478 1477 81 24 which
2571 1477 59 25 took
2641 1477 68 31 place
2720 1479 27 24 at
2759 1477 43 26 the
2811 1477 89 26 Public

2360 1518 138 32 Cemetery,
2522 1519 129 31 Linwood,
2679 1521 27 23 at
2729 1522 24 23 3.
2779 1529 62 23 p.m.
2865 1530 33 16 on

2359 1560 140 33 Thursday,
2529 1569 50 18 was
2602 1562 118 25 attended
2740 1563 33 32 by
2795 1572 16 17 a
2832 1564 68 33 large

2359 1612 136 18 concourse
2506 1604 28 26 of
2543 1605 98 25 friends.

2544 1747 172 25 LECTURE.

2391 1810 107 33 Captain
2522 1811 90 30 Willis,
2640 1813 38 32 (of
2703 1813 44 25 the
2771 1813 126 26 Salvation

2357 1854 97 33 Army),
2473 1854 122 26 delivered
2616 1856 42 25 bis
2677 1856 104 32 popular
2803 1857 95 25 lecture

2357 1905 33 16 on
2513 1898 34 24 its
2559 1899 109 25 custom
2663 1899 23 25 3
2679 1899 50 25 and
2871 1901 26 24 at

2356 1939 43 25 the
2420 1939 77 26 Town
2508 1939 62 26 Hall
2588 1948 34 17 on
2643 1941 167 33 Wednesday.
2856 1941 41 26 He

2356 1990 50 18 was
2418 1983 99 24 dressed
2528 1983 26 24 m
2566 1984 42 24 the
2616 1984 159 32 picturesque
2785 1987 111 24 costume

2357 2025 26 26 of
2393 2024 42 25 the
2447 2028 121 29 country..
2602 2025 47 26 We
2665 2026 83 26 would
2759 2026 63 27 have
2830 2027 66 26 liked

2357 2069 26 23 to
2394 2067 64 24 have
2470 2075 59 17 seen
2540 2075 16 17 a
2575 2068 84 31 larger
2669 2070 107 24 number
2787 2073 108 28 present,

2357 2117 28 18 as
2397 2111 42 23 tne
2450 2109 94 25 lecture
2553 2118 51 18 was
2616 2110 61 26 both
2688 2112 147 27 instructive
2847 2115 49 24 and

2357 2154 122 31 amusing.
2515 2154 53 25 The
2580 2155 116 31 proceeds
2716 2164 52 17 was
2787 2159 35 22 £2
2842 2160 53 23 10s.

2358 2196 48 26 We
2425 2197 96 31 reprint
2543 2197 43 26 the
2611 2197 127 34 following
2766 2200 64 26 from
2853 2202 44 24 the

2358 2239 100 25 Calcutt
2475 2240 148 25 Statesman.

2559 2286 109 30 Outrage
2681 2292 31 17 on
2728 2285 43 25 the
2790 2286 106 29 Queen's

2360 2322 96 24 Statue.
2491 2320 122 32 Bombay,
2627 2320 55 25 Oct.
2696 2326 39 19 I?.
2755 2324 52 21 Tfe<?
2818 2313 90 39 IMIM

2359 2367 68 17 some
2439 2359 74 24 white
2525 2359 94 25 marble
2631 2361 82 22 statue
2725 2360 27 24 of
2761 2360 43 24 the
2813 2359 94 34 Qfft?e?fr

2359 2397 139 31 -Empress,
2526 2397 94 24 erected
2642 2404 61 17 near
2723 2397 42 24 the
2787 2393 118 41 GoyJ&n^

2359 2439 71 22 ment
2447 2437 138 31 Telegraph
2599 2437 75 24 Office
2685 2437 67 28 here,
2771 2439 26 23 at
2815 2428 90 43 ajbgs^

2357 2476 26 23 of
2395 2475 123 28 £13.000,
2538 2482 48 17 was
2602 2475 50 24 last
2672 2474 71 32 night
2762 2475 130 32 disfigured

2357 2515 31 31 by
2401 2522 102 24 persons
2515 2514 51 25 still
2578 2514 153 30 undetected,
2751 2515 55 24 who
2823 2515 70 25 clim-

2357 2553 44 24 bed
2413 2560 33 24 up
2457 2552 79 24 under
2554 2552 43 24 the
2609 2559 96 24 canopy
2724 2552 116 31 covering
2851 2552 42 25 the

2356 2590 89 25 throne
2457 2590 50 24 and
2529 2590 92 31 poured
2632 2597 16 17 a
2665 2590 127 24 bucketful
2812 2590 27 24 of
2855 2592 38 22 tar

2356 2637 57 16 over
2433 2628 44 25 the
2500 2627 88 32 figure,
2606 2627 116 31 covering
2745 2628 42 23 the
2801 2635 90 21 crown,

2355 2667 61 29 face,
2435 2665 51 25 and
2508 2667 11 23 t
2521 2665 13 14 K
2539 2674 13 16 e
2564 2665 79 25 whole
2655 2666 67 30 right
2745 2665 51 25 side
2808 2665 27 26 of
2853 2666 40 25 the

2355 2706 79 25 robes.
2470 2705 31 24 In
2519 2705 110 24 addition
2648 2706 26 23 to
2696 2705 52 24 this
2767 2705 43 24 the
2832 2706 59 24 mis-

2355 2745 99 22 creants
2465 2743 51 24 had
2528 2743 50 24 tied
2590 2751 14 15 a
2624 2743 54 30 pair
2689 2742 27 25 of
2730 2742 42 24 old
2792 2743 100 24 sandals

2357 2781 30 32 by
2399 2790 14 14 a
2425 2781 80 31 string
2517 2780 79 25 round
2608 2780 43 24 the
2665 2780 106 29 Queen's

2388 2818 25 25 It
2425 2826 104 24 appears
2541 2818 56 25 that
2614 2818 52 25 this
2681 2820 82 23 statue
2773 2818 23 25 is
2813 2825 16 17 a
2840 2826 52 16 new

2355 2867 53 20 one,
2425 2860 46 23 not
2493 2860 43 29 yet
2558 2857 123 31 unveiled,
2699 2858 20 23 if
2742 2865 35 16 we
2799 2857 93 32 rightly

2355 2898 152 25 understand
2519 2898 43 24 the
2574 2897 124 25 reference
2715 2900 27 22 to
2754 2898 41 24 the-

2442 2938 44 24 &c.
2514 2938 81 24 There
2608 2945 48 17 was
2668 2945 15 17 a
2695 2938 97 24 terrible
2799 2937 94 25 famine

2354 2978 26 23 m
2392 2977 96 31 Bengal
2500 2977 73 24 when
2585 2977 43 24 the
2649 2977 105 29 Queen's
2766 2984 56 17 new
2839 2978 53 24 title

2354 3023 51 18 was
2422 3015 151 33 proclaimed
2594 3016 28 23 m
2649 3016 65 25 1877
2723 3023 6 21 ;
2766 3015 49 24 and
2835 3015 57 24 that

2354 3063 80 18 seems
2444 3057 26 23 to
2482 3056 65 24 have
2558 3055 62 25 been
2633 3055 63 24 done
2708 3055 80 24 either
2800 3056 25 22 to
2836 3055 55 24 feed

2354 3096 43 24 the
2408 3095 113 31 starving
2533 3103 28 16 or
2581 3096 27 23 to
2627 3095 80 24 insult
2725 3095 65 24 their
2802 3102 88 24 agony,

2353 3136 82 23 which
2446 3136 12 22 ?
2486 3135 54 24 The
2566 3134 92 24 absurd
2684 3142 131 23 ceremony
2839 3136 52 22 cost

2353 3174 76 23 about
2441 3172 56 25 half
2515 3180 14 17 a
2549 3171 96 26 million
2646 3185 33 5 —
2680 3171 82 25 which
2788 3171 43 25 the
2853 3172 37 23 in-

2352 3217 99 24 ventors
2464 3215 49 24 and
2524 3218 140 28 promoters
2676 3215 43 24 did
2731 3216 45 23 not
2783 3223 47 23 pay
2848 3216 43 23 out

2352 3260 26 24 of
2387 3259 66 25 their
2467 3267 54 16 own
2529 3258 111 31 pockets.

2385 3302 64 25 Who
2472 3302 43 24 the
2528 3301 128 31 disgusted
2675 3301 93 31 parties
2778 3309 61 17 were
2862 3301 28 23 m

2351 3345 41 24 the
2400 3344 115 25 outburst
2522 3343 27 25 of
2555 3344 89 25 honest
2651 3344 155 31 indignation
2814 3343 75 26 above

2350 3385 122 31 reported,
2507 3384 28 24 of
2560 3391 93 22 course,
2688 3384 23 24 is
2754 3383 135 26 unknown,

2352 3423 113 25 whether
2487 3422 148 31 Europeans
2656 3430 28 16 or
2700 3421 191 32 long-suffering

2352 3460 113 25 Hindoos
2477 3469 34 15 we
2531 3460 30 24 do
2584 3461 44 23 not
2648 3459 94 32 profess
2761 3460 27 24 to
2808 3458 80 26 know.

2352 3501 52 24 But
2423 3509 38 16 we
2473 3508 42 16 are
2526 3499 96 32 pleased
2637 3502 26 22 to
2675 3507 39 17 see
2725 3500 54 23 that
2787 3498 71 25 there
2867 3498 23 25 is

2352 3540 61 26 such
2425 3548 16 17 a
2449 3540 93 31 feeling
2554 3547 27 17 as
2598 3539 157 32 indignation
2766 3539 28 24 m
2811 3538 77 30 India,

2351 3578 57 25 that
2433 3578 71 25 there
2521 3578 21 24 is
2562 3585 16 18 a
2599 3578 71 31 point
2693 3576 95 33 beyond
2808 3576 82 25 which

2352 3616 140 25 endurance
2503 3615 50 24 will
2566 3616 43 24 not
2631 3615 61 24 hold
2714 3616 45 23 out
2767 3622 7 21 *,
2792 3615 50 24 and
2853 3622 37 17 we

2352 3654 89 32 rejoice
2452 3655 27 23 to
2503 3653 51 24 find
2566 3653 43 24 the
2628 3652 158 32 indignation
2804 3651 86 33 taking

2352 3694 63 24 such
2427 3702 15 16 a
2465 3695 85 30 shape.
2559 3717 3 2 .
2595 3693 26 24 It
2644 3693 84 24 would
2755 3700 69 17 serve
2847 3691 42 26 the

2352 3731 165 32 worshippers
2540 3731 28 24 of
2587 3731 140 28 worthless,
2755 3729 135 26 ridiculous

2350 3770 66 31 right
2426 3770 22 24 if
2456 3777 73 24 every
2540 3771 83 23 statue
2635 3768 27 26 of
2682 3768 42 26 the
2735 3775 80 25 queen
2825 3776 65 18 were

2351 3808 93 24 treated
2454 3808 27 24 m
2493 3808 96 24 similar
2596 3807 72 31 style.
2687 3807 26 24 A
2721 3814 68 17 more
2799 3806 90 26 useless

2349 3853 28 16 or
2396 3844 87 25 selfish
2501 3853 88 22 person
2613 3843 119 32 probably
2766 3843 59 25 does
2846 3845 43 24 not

2349 3883 65 24 exist
2425 3890 6 22 ;
2450 3882 50 24 and
2522 3884 27 23 to
2562 3882 106 32 worship
2689 3881 45 25 her
2753 3883 27 23 at
2801 3881 62 25 such
2874 3890 15 17 a

2348 3923 61 29 cost,
2421 3929 29 18 as
2463 3921 61 26 such
2537 3930 15 17 a
2564 3923 59 24 time
2624 3937 34 4 —
2658 3921 73 26 while
2742 3921 74 24 India
2827 3921 22 24 is
2860 3922 28 25 m

2347 3970 90 24 agony,
2454 3963 23 24 is
2489 3970 16 17 a
2521 3963 78 24 crime
2621 3962 44 25 the
2684 3963 65 25 most
2766 3961 123 26 hearties?

2348 3999 56 25 that
2420 3999 73 26 cculd
2505 3999 30 26 be
2545 4000 162 31 perpetrated.

2346 4110 191 60 LOCAL
2559 4118 36 54 and
2615 4111 272 59 GENERAL

2383 4225 131 32 Lecture,
2517 4240 32 5 —
2550 4225 41 26 Mr
2603 4225 80 26 Crook
2694 4233 61 25 gave
2764 4234 15 17 a
2790 4227 99 31 portion

2346 4266 28 25 of
2389 4267 42 25 his
2450 4268 104 32 popular
2574 4269 96 24 lecture
2680 4276 34 17 on
2733 4268 86 34 Egypt
2838 4270 51 25 and

2347 4309 43 26 the
2401 4309 56 26 Nile
2470 4312 26 24 at
2508 4311 42 25 the
2570 4311 77 24 Town
2659 4310 61 26 Hall
2731 4319 32 17 on
2787 4312 102 34 Sunday

2345 4351 72 32 night
2428 4352 56 30 last,
2519 4352 45 26 the
2575 4352 62 26 Hall
2648 4362 53 18 was
2711 4354 48 25 full
2769 4353 120 29 notwith-

2346 4394 127 33 standing,
2485 4394 43 26 the
2565 4396 105 26 counter
2700 4398 135 27 attraction
2864 4399 27 25 of

2346 4436 102 28 harvest
2465 4436 182 36 thanksgiving
2664 4441 93 27 servica
2776 4443 27 24 at
2814 4442 73 27 West

2347 4473 101 39 Oxford.
2482 4480 55 29 The
2554 4482 93 29 lecture
2657 4483 62 36 |was
2741 4485 147 36 beautifully

2936 215 138 25 illustrated
3086 206 418 47 *^^^^^^^^^^^H^HHI

2937 259 58 25 time
3018 260 27 24 at
3063 259 41 25 the
3123 250 348 40 disposafflffWßWectuver

2935 301 56 31 only
3000 301 103 25 allowed
3115 302 53 23 him
3182 304 25 22 to
3215 301 75 24 reach
3302 302 49 23 and
3360 301 110 24 describe
3483 313 19 13 -.

2935 344 43 24 the
2989 351 117 25 accuracy
3118 344 26 25 of
3161 344 43 25 the
3217 344 125 33 Egyptian
3360 344 109 25 builders

2933 388 28 23 m
2989 389 169 30 constructing
3186 388 43 24 the
3261 388 137 31 Pyramids,
3429 389 40 24 the

2935 437 130 17 enormous
3085 431 51 23 size
3154 431 50 23 and
3222 431 140 30 proportion
3384 431 27 25 of
3427 431 42 25 tho

2933 474 66 23 most
3017 473 153 31 stupendous
3187 473 49 24 and
3255 474 214 32 mathematically

2932 516 26 24 m
2987 524 70 24 every
3086 517 75 24 detail
3189 520 145 21 monument
3369 517 27 26 of
3422 526 47 17 our

2933 560 98 25 ancient
3043 560 145 25 forefathers
3199 560 89 31 genius
3305 561 50 24 and
3365 560 57 25 skill
3441 562 28 23 m

2932 602 126 32 Building,
3078 604 46 23 and
3138 604 132 30 exceeding
3291 604 26 24 m
3337 604 132 24 wonderful

2931 652 119 25 accuracy
3061 645 48 23 and
3120 644 77 25 finish
3215 652 49 25 any
3283 645 66 25 work
3367 645 27 25 of
3410 653 57 17 man

2931 687 44 24 the
2986 687 78 25 world
3083 688 45 24 has
3140 687 99 25 known.
3274 687 40 25 He
3333 696 52 17 was
3402 695 66 17 com-

2930 730 80 30 pelled
3023 732 25 23 to
3059 732 43 23 cut
3113 731 71 24 short
3200 730 41 25 his
3258 731 150 31 description
3419 731 50 25 and

2931 778 66 26 story
3017 774 50 24 and
3078 774 127 32 discovery
3225 774 28 25 of
3269 774 43 26 the
3332 773 137 27 wonderful

2930 818 130 24 mummies
3072 818 65 24 until
3151 818 101 31 Sunday
3264 818 40 24 the
3322 818 63 24 21sf.
3406 818 60 25 inst.

2931 860 72 24 when
3015 860 31 24 he
3067 868 117 22 proposes
3205 864 26 20 to
3250 861 85 23 devote
3356 863 63 22 most
3442 861 28 24 of

2930 901 42 24 the
2984 902 104 31 evening
3107 904 26 22 to
3145 903 43 24 the
3212 903 87 24 details
3311 903 25 24 of
3355 903 57 24 how
3423 903 44 24 the

2930 945 129 24 mummies
3088 953 59 17 were
3175 945 146 30 discovered,
3350 946 50 25 and
3423 946 43 25 the

2930 987 40 25 life
2982 988 94 32 history
3088 989 27 24 of
3124 989 43 24 the
3179 992 66 22 most
3257 989 137 25 celebrated
3405 997 61 17 ones

2930 1039 26 16 as
2968 1032 115 24 recorded
3094 1039 33 17 on
3138 1032 63 24 their
3214 1032 93 25 several
3330 1034 132 29 sarcopha-

2929 1082 45 24 gus
2983 1075 81 25 which
3076 1075 52 25 said
3138 1075 159 31 inscriptions
3318 1084 47 17 can
3375 1077 46 24 not
3432 1075 32 26 be

2929 1117 145 31 deciphered
3102 1119 49 24 and
3175 1118 136 25 translated
3338 1118 61 25 with
3422 1117 45 26 the

2930 1161 108 31 greatest
3049 1168 128 24 accuracy.
3212 1161 153 31 Interesting
3375 1168 28 17 as
3415 1161 50 25 last

2931 1202 123 33 Sunday's
3079 1204 93 24 lecture
3200 1203 170 32 unbouhtedly
3403 1212 59 21 was^

2929 1247 56 25 that
2995 1247 27 24 of
3031 1248 57 24 next
3097 1247 102 32 Sunday
3212 1247 66 25 week
3287 1247 50 25 will
3349 1247 28 25 be
3391 1247 74 25 much

2929 1298 69 17 more
3016 1298 35 18 so.

2962 1351 78 26 Don't
3052 1351 76 32 spend
3140 1350 33 26 all
3190 1359 62 24 your
3263 1359 97 25 money,
3370 1375 2 3 .
3379 1357 59 26 Keep
3450 1359 16 16 a

2928 1392 49 26 bob
2989 1400 28 17 or
3027 1393 27 24 to
3065 1392 120 32 purchase
3198 1400 15 16 a
3438 1394 27 22 at

2930 1430 63 26 East
3006 1430 91 25 Oxford
3109 1430 78 25 Town
3198 1430 69 30 Hall;
3287 1432 51 24 this
3350 1431 113 31 evening.

2962 1496 44 25 Mb
3023 1497 30 25 F.
3071 1498 31 23 B.
3120 1496 79 25 Lane.
3202 1512 32 3 —
3234 1496 178 26 Watchmaker
3439 1496 27 24 of

2928 1540 132 31 Rangiora,
3079 1540 101 26 notifies
3213 1547 30 19 us
3272 1540 57 26 that
3361 1540 33 25 he
3411 1540 53 26 will

2927 1584 58 25 visit
2997 1585 93 23 Oxford
3098 1592 34 17 on
3144 1585 89 28 Thurs,
3246 1585 91 30 Friday
3349 1584 49 25 and
3418 1585 46 24 Sat

2927 1625 86 31 urday.
3042 1625 96 31 March,
3170 1626 40 23 18.
3241 1627 39 27 19,
3298 1625 49 24 and
3359 1626 42 27 20,
3422 1625 42 24 Mr

2926 1668 72 25 Lane
3008 1668 50 25 will
3071 1676 71 24 carry
3159 1676 16 17 a
3186 1676 59 25 very
3262 1669 121 31 .complete
3395 1668 71 25 stock

2926 1712 28 26 of
2968 1712 108 26 watches
3088 1712 50 25 and
3147 1712 117 31 jewellry,
3278 1712 27 24 of
3314 1712 150 31 guaranteed

2926 1752 103 31 quality,
3064 1751 130 31 including
3228 1750 95 26 several
3358 1750 64 26 lines
3439 1749 28 25 of

2926 1795 106 25 watches
3057 1795 52 31 just
3140 1798 26 21 to
3201 1792 79 30 hand,
3312 1793 153 32 comprising

2926 1835 185 28 Rotherham's,
3152 1834 162 28 Ehrhardt's,
3347 1834 117 24 Baume's

2925 1875 51 25 and
2992 1884 16 16 a
3024 1875 98 32 youth's
3150 1874 79 26 watch
3254 1874 27 24 m
3307 1874 63 24 solid
3388 1874 76 25 silver

2924 1926 77 22 cases,
3020 1926 16 17 a
3051 1918 96 25 marvel
3165 1918 27 24 of
3213 1917 146 31 cheapness.

2958 1961 104 31 Repairs
3074 1961 117 24 executed
3210 1960 28 24 m
3250 1968 15 15 a
3281 1959 181 25 workmanlike

2924 2006 106 17 manner
3041 2000 26 23 at
3084 2006 60 24 very
3159 1998 48 25 low
3217 1999 78 23 rates.

2958 2058 106 24 Market
3081 2058 109 24 Report.
3191 2072 33 3 —
3225 2057 53 25 The
3295 2056 50 26 sale
3370 2057 27 24 at
3417 2056 45 25 the

2926 2101 91 24 Oxfrrd
3030 2100 131 32 Saleyards
3174 2108 33 17 on
3224 2100 131 31 Thursday
3372 2098 89 33 passed

2924 2144 37 26 off
2984 2152 56 23 very
3062 2144 151 32 favourably.
3261 2144 75 29 1,000
3353 2143 64 25 lines
3436 2142 27 26 of

2925 2189 74 31 sheep
3017 2195 62 17 were
3096 2187 114 32 pisposed
3221 2187 28 25 of
3264 2188 26 23 at
3302 2189 37 22 Is.
3351 2187 109 24 advance

2924 2238 33 17 on
2968 2232 92 24 former
3071 2232 74 30 price.

2914 2311 10 17 4
2928 2312 7 5 ,
2935 2319 3 2 _
2942 2311 7 6 ,
2955 2291 74 25 -Land
3045 2289 313 40 Boßi&A^^Wejjisrdttld
3364 2282 140 47 remH^feO

2923 2414 87 31 cupie3
3027 2416 33 29 by
3143 2415 118 26 Sneehau
3272 2408 23 31 is
3307 2414 38 24 for
3356 2411 59 28 sale^
3433 2406 71 33 Kl?^

2923 2460 21 24 is
2958 2459 41 25 the
3011 2458 58 32 only
3081 2458 172 31 conveniently
3266 2458 107 24 situated
3392 2464 67 24 piece

2923 2502 26 26 of
2958 2502 59 25 land
3027 2502 37 24 for
3084 2502 51 24 sale
3147 2502 25 23 m
3184 2502 55 24 that
3251 2500 107 31 locality.

2955 2566 25 23 If
3000 2573 46 24 you
3067 2565 75 25 suffer
3165 2564 64 25 from
3249 2563 164 29 billiousness,
3443 2571 15 16 a

2922 2604 58 24 dose
3003 2604 26 23 of
3050 2603 90 24 Ka-Ka
3159 2602 108 25 Essence
3289 2601 48 24 will
3359 2601 99 31 quickly

2921 2650 58 16 cure
2991 2649 48 23 you
3039 2656 32 3 —
3072 2641 46 24 call
3131 2642 41 22 &c.

2953 2717 148 25 Influenza.
3104 2731 28 4 —
3138 2717 60 25 Now
3217 2716 50 24 ibis
3296 2716 119 30 epidemic
3435 2716 24 24 is

2919 2761 131 30 becoming
3059 2759 128 31 prevalent
3196 2767 36 16 we
3244 2758 112 31 strongly
3365 2766 90 15 recom-

2920 2803 72 25 mend
3004 2803 42 24 the
3058 2803 49 24 free
3119 2810 43 17 use
3174 2801 27 25 of
3210 2801 122 31 Platypus
3339 2800 84 24 Brand
3432 2800 28 24 of

2919 2846 154 32 Eucalyptus
3087 2845 123 25 Grlobulus
3239 2844 112 27 Extract,
3380 2843 76 25 taken

2921 2897 67 24 upon
3010 2897 73 23 sugar
3111 2897 27 16 or
3157 2888 28 24 m
3207 2887 71 24 milk.
3302 2886 64 25 JFhe
3389 2887 68 23 most

2919 2933 116 31 pleasant
3045 2940 54 23 way
3110 2933 26 22 to
3144 2931 57 24 tako
3208 2929 159 34 Eucalyptus
3389 2928 21 24 is
3428 2929 29 24 m

2921 2976 43 24 the
2996 2975 115 31 Platypus
3139 2974 86 24 Brand
3254 2973 27 25 of
3302 2973 155 31 Eucalyptus

2920 3008 116 32 Jujubes.
3072 3008 69 31 They
3152 3015 43 16 are
3205 3007 26 23 m
3246 3006 63 25 such
3321 3013 15 17 a
3346 3004 112 33 portable

2919 3049 72 27 form,
3003 3048 115 31 pleasant
3129 3049 25 23 to
3166 3048 73 28 taste,
3258 3046 50 25 and
3325 3046 132 31 antiseptic

2919 3086 142 26 stimulant.

2952 3146 91 24 Ka-Ka
3060 3146 110 24 Essence
3172 3159 31 4 —
3205 3153 14 16 a
3235 3144 112 32 splendid
3367 3144 86 24 Tonic.

2920 3184 25 24 A
2956 3184 68 31 large
3036 3183 89 32 supply
3143 3183 38 25 for
3190 3184 51 24 sale
3252 3184 26 23 at
3291 3182 61 24 East
3361 3180 93 26 Oxford

2919 3222 75 24 Town
3006 3221 68 30 Hall,
3093 3221 117 32 to-night.

2953 3287 36 24 To
3001 3294 50 16 the
3064 3286 138 24 Electors.
3205 3300 31 3 —
3237 3285 25 24 It
3274 3293 59 23 may
3349 3285 104 23 interest

2919 3330 43 25 the
2973 3331 104 23 electors
3102 3328 28 25 of
3150 3328 92 24 Oxford
3265 3329 27 23 to
3314 3327 70 25 know
3397 3327 56 25 that

2919 3373 59 31 they
2995 3380 46 16 can
3065 3371 72 32 study
3161 3378 117 24 economy
3302 3370 33 32 by
3359 3370 96 31 buying

2918 3416 65 25 their
3003 3415 111 31 Drapery
3134 3415 50 24 and
3196 3414 120 31 Clothing
3328 3415 26 23 at
3366 3413 32 25 R.
3416 3413 37 26 H.

2918 3460 119 27 Parish's,
3049 3459 69 31 High
3132 3458 89 30 Street,
3234 3458 80 25 where
3330 3457 60 31 they
3401 3458 54 25 will

2918 3504 41 29 get
2971 3502 117 24 Trousers
3099 3501 64 25 from
3184 3503 36 23 6s.
3238 3508 45 25 per
3301 3500 55 32 pair
3366 3507 9 23 ;
3391 3500 64 26 Col-

2918 3545 67 26 onial
2998 3545 88 25 Tweed
3099 3544 69 26 Suits
3180 3544 62 24 from
3255 3546 44 22 21s
3305 3545 54 24 also
3370 3544 83 31 splen-

2918 3589 43 24 did
2977 3588 73 25 value
3067 3588 28 25 m
3107 3588 76 32 Boy's
3205 3587 110 25 Knicker
3328 3587 108 26 Suitsss.

2951 3655 84 24 Local
3069 3653 136 26 Option.—
3206 3653 79 26 Wl.at
3320 3653 24 25 is
3377 3652 78 26 Local

2919 3698 91 32 Option
3018 3698 11 23 ?
3048 3697 75 31 Why,
3152 3697 112 24 whether
3292 3704 48 24 you
3368 3702 42 25 go~
3426 3697 39 24 tor

2918 3740 178 26 Christchurch
3116 3740 48 24 and
3188 3747 50 25 pay
3249 3741 55 24 30s.
3323 3739 38 25 for
3371 3747 15 16 a
3403 3739 55 26 suit

2917 3784 27 26 of
2975 3784 106 32 Kaiapoi
3114 3784 91 24 Tweed
3237 3791 29 18 or
3292 3784 41 31 get
3355 3791 46 17 one
3426 3784 28 24 at

2917 3828 120 27 Parish's,
3057 3827 65 25 East
3145 3827 101 28 Oxford,
3264 3827 38 24 for
3323 3827 55 24 21s.

2950 3871 32 24 R.
2998 3870 34 24 H.
3044 3869 89 26 Parish
3144 3870 23 24 is
3178 3869 57 26 how
3246 3869 104 31 making
3370 3869 84 25 Men's

2919 3913 70 26 Suits
3000 3914 26 25 to
3038 3913 72 26 order
3121 3913 64 25 from
3199 3913 38 24 <£2
3249 3914 53 23 15s.

2957 4037 123 31 NEWS
3095 4037 53 31 OF
3163 4035 90 32 THE
3274 4034 133 33 WEEK.

2949 4135 21 25 A
2983 4143 83 25 young
3077 4142 60 18 man
3147 4133 92 26 named
3258 4131 105 26 Edward
3373 4131 79 33 Brog-

2916 4173 49 28 den
2977 4183 48 18 was
3037 4175 96 26 thrown
3144 4175 65 24 from
3220 4180 16 17 a
3252 4170 202 27 horse-breakers

2915 4215 53 23 cart
2988 4213 196 26 atTamukaon
3202 4210 114 31 Tuesday
3322 4209 121 32 inorning
3443 4226 10 13 t

2916 4253 51 25 and
2978 4261 49 17 was
3048 4251 87 34 picked
3145 4258 35 24 up
3202 4250 70 25 man
3288 4248 166 28 unconscious

2916 4293 134 26 condition.

2950 4331 55 25 The
3017 4330 91 26 Senate
3127 4330 27 24 at
3165 4327 166 32 Washington
3350 4326 47 25 has
3413 4332 39 19 re-

2915 4371 81 25 ferred
3008 4370 43 26 the
3061 4366 225 35 Anglo-American
3297 4365 156 27 Arbitration

2917 4409 81 32 treaty
3020 4409 26 25 to
3068 4406 44 27 the
3123 4405 108 33 Foreign
3248 4404 148 29 Committee
3414 4402 40 28 fo*

2916 4448 193 27 consideration.
3312 4445 5 7 '

2951 4486 54 28 The
3025 4484 127 30 Canadian
3174 4485 88 29 House
3278 4483 27 29 of
3323 4481 81 29 Lords
3413 4488 41 21 ro-
