3550 4590
54 220 441 41 withoutgoing^PWr^^^^^^

88 270 74 31 Steps
175 279 39 16 are
228 271 74 33 being
325 273 74 25 taken
410 275 25 24 m
456 275 102 27 Canada
569 279 28 24 to

52 308 120 25 establish
193 315 132 21 seventeen
349 315 153 30 creameries,
530 318 27 22 to
569 316 30 25 be

54 349 96 24 worked
163 358 32 16 on
220 353 165 30 co-operative
405 354 72 31 line?,
494 356 38 25 for
555 357 43 26 the
607 373 2 3 •

54 397 106 23 purpose
174 390 27 24 of
221 393 130 31 exporting
362 394 108 30 produce
490 398 27 23 to
529 397 69 31 Eng-

56 429 67 24 land.

88 470 53 24 The
155 470 88 25 Cretan
256 471 143 34 insurgents
419 477 138 30 attempted
568 479 29 22 to

54 507 66 26 blow
142 517 32 24 up
205 518 14 16 a
243 510 153 27 blockhouse
419 515 26 23 at
475 514 123 26 Kalatide.

56 549 53 24 The
122 550 129 26 explosion
274 552 74 24 made
372 553 117 25 breaches
510 555 27 23 m
553 557 42 23 the

57 590 69 23 walls
139 590 47 24 and
201 590 74 25 killed
288 592 54 24 four
355 600 66 18 men.

92 629 53 24 The
155 630 67 31 Pope
234 631 22 24 is
266 631 75 25 about
353 635 26 23 to
393 634 59 24 send
461 642 14 15 a
487 634 111 32 delegate

59 669 25 23 to
97 676 35 16 cai
146 669 47 24 ala
205 671 25 23 to
250 670 106 25 mediate
379 672 59 24 wiih
462 674 88 30 regard
573 676 27 22 to

59 707 42 24 the
114 707 130 26 Manitoba
257 710 83 24 school
350 710 128 31 difficulty.

96 747 106 31 Colliery
216 750 25 22 at
259 748 82 26 Dover
353 750 105 30 flooded,
472 752 50 23 and
532 752 69 31 eight

61 785 95 24 miners
176 786 124 24 drowned.

96 828 92 24 Messrs
221 829 102 29 Holder,
354 830 172 31 Maepherson,
556 833 48 23 and

65 868 141 30 O'Loglilin
231 877 41 16 are
296 877 55 17 now
374 870 118 25 included
515 872 25 23 m
559 872 43 24 the

64 907 42 22 ten
120 907 134 24 successful
263 908 104 25 Federal
377 910 152 25 candidates.
548 910 54 25 The

64 950 98 23 returns
175 958 39 16 are
226 952 158 29 incomplete.

98 990 60 25 Five
179 991 114 25 hurdred
304 994 98 29 pounds
422 995 75 24 worth
510 995 26 24 of
552 1004 52 16 am-

64 1030 80 31 algam
159 1030 45 25 has
217 1033 61 23 been
288 1033 80 24 stolen
380 1034 63 24 from
456 1034 43 25 tha
512 1035 50 24 safe
574 1037 26 23 at

66 1069 40 24 Sir
118 1069 86 32 Henry
217 1070 69 25 Loch
300 1072 76 29 Mine,
396 1072 118 25 Ballarat.

99 1110 41 23 Mr
169 1110 136 31 Kingston,
336 1112 112 24 Premier
473 1113 28 23 of
525 1114 80 24 South

64 1149 134 28 Australia,
229 1150 82 24 denies
331 1151 55 25 that
406 1152 32 24 he
461 1152 45 24 has
530 1154 72 24 made

65 1189 98 23 definite
177 1193 185 28 arrangements
372 1194 23 21 to
407 1192 56 24 visit
475 1192 126 32 England.

100 1227 60 23 M:iil
172 1228 97 23 advices
294 1230 28 29 by
344 1229 41 24 the
409 1230 102 25 Austral
530 1231 68 24 show

65 1263 56 23 that
133 1263 197 33 Lord'Bosebery
343 1267 90 24 booked
445 1267 40 24 his
497 1276 103 22 passage

64 1301 37 23 for
122 1309 31 15 an
166 1302 123 30 incognita
311 1305 58 23 visit
387 1308 25 20 to
434 1305 44 24 the
495 1306 107 23 colonies

48 1349 2 12 k
66 1342 43 19 but
122 1343 24 18 at
158 1340 41 22 the
211 1340 48 24 last
270 1341 95 24 minute
378 1342 158 31 tekgraphed
544 1343 55 25 that

48 1376 48 26 the
108 1386 48 17 w.is
170 1379 89 25 unable
273 1383 23 21 to
308 1381 71 25 make
398 1382 43 24 the
453 1383 111 31 journey.

835 78 801 54 ■■^■■^■PFMVuBbERVER
1653 92 238 37 SATURDAY,
1907 90 148 31 MAYCH
2081 90 36 30 13
2175 86 91 32 1897.

3060 4259 2 2 •
3137 4259 3 2 •
3147 4259 3 4 -
3166 4258 9 3 -
3185 4250 1 8 :
3234 4252 5 9 i
3259 4254 47 9 ■■■■:.
3344 4250 5 10 >
3358 4254 3 5 ■
3385 4255 22 11 ,:■

2946 4282 102 28 Printed
3083 4288 49 24 and
3140 4299 4 18 ;
3160 4289 132 31 published
3293 4290 31 28 .'.-.
3332 4291 43 34 by*
3497 4301 8 19 :•
3514 4301 5 19 -'

2977 4327 120 32 Eklund,
3123 4332 38 25 for
3182 4333 91 26 Laura
3289 4335 72 25 Anne
3378 4337 94 27 Pakish

2977 4372 27 24 at
3020 4372 46 26 her
3088 4374 145 33 Eegistered
3255 4378 117 34 Printing
3394 4381 77 28 CflSce

2979 4414 71 33 High
3065 4417 84 26 Street
3167 4419 66 26 Bast
3250 4410 219 42 Gxlord^Oaiitej

2976 4455 70 35 bury.
3137 4465 15 17 ■;:
3234 4466 3 2 •
3260 4454 105 28 .-•"'I-.--
3383 4466 11 3 •■
3405 4456 23 15 i;:
3441 4459 14 25 '•.
3486 4479 22 7 .

3041 4503 130 28 SATfEDAY
3182 4505 94 27 March'
3282 4508 32 26 18
3332 4510 64 27 1897
3401 4507 25 18 V:i
3456 4513 5 5 '

2986 213 117 43 HELP
3119 215 83 43 FOR
3219 217 85 42 THE
3328 219 146 43 WEAK.

2962 323 180 28 itfERVOUS
3163 325 70 25 AND
3251 326 244 32 DEBILITATED,

2962 360 32 21 JA
3020 357 64 28 who,
3097 358 110 31 through
3218 359 61 31 folly
3298 360 48 24 and
3357 362 139 30 ignorance,
3513 379 9 3 -

2962 388 63 25 have
3038 389 80 25 trifled
3130 398 69 23 away
3211 392 62 23 their
3284 392 85 31 vigour
3389 393 26 24 of
3424 394 71 31 body,

2962 421 78 27 mind,
3053 422 50 23 and
3115 423 135 28 manhood,
3263 425 100 31 causing
3380 426 115 24 exhaust-

2961 452 44 32 ing
3022 453 83 26 drains
3117 463 67 22 upon
3195 456 44 25 the
3261 456 127 27 fountains
3409 460 25 23 of
3445 459 48 30 life,

2961 485 64 25 Loss
3033 486 26 24 of
3068 487 101 32 Energy
3178 489 49 24 and
3237 489 127 32 Strength,
3377 491 118 32 Timidity

2961 518 164 26 Bashfulness
3159 520 28 24 m
3223 522 107 32 Society,
3354 523 139 32 Headache,

2961 550 134 31 Backache,
3116 553 179 30 Nervousness,
3318 556 135 25 Weakness
3471 558 27 24 of

2961 583 120 32 Memory,
3093 585 111 25 Restless
3215 586 81 32 Sleep,
3306 588 114 29 Dreams,
3430 590 64 24 Loss

2960 615 75 25 Flesh
3048 617 50 24 and
3110 617 68 25 Vital
3198 619 92 30 Powei-,
3314 621 135 31 Eruptions
3461 630 32 17 on

2959 648 43 24 the
3011 649 63 24 Face
3086 650 49 25 acd
3147 651 79 32 Body,
3240 652 76 26 Want
3338 654 28 24 of
3376 654 117 33 Develop-

2959 684 77 27 ment,
3058 682 115 28 Varicose
3190 684 82 31 Veins,
3296 687 142 33 Incapacity
3455 689 38 25 for

2959 713 111 27 business
3082 725 28 16 or
3119 718 121 30 pleasure,
3255 719 104 32 Urinary
3368 720 122 31 Diseases,

2958 747 50 24 and
3023 748 38 24 all
3083 749 43 25 the
3150 751 84 25 effects
3256 753 100 31 leading
3378 757 25 21 to
3425 755 66 33 eariy

2957 779 85 31 decay,
3066 782 105 31 perhaps
3194 784 182 32 Consumption
3400 795 28 15 or
3450 787 41 23 In-

2957 813 91 29 sanity,
3062 821 45 17 can
3133 815 28 24 be
3173 816 115 25 obtained
3300 817 31 31 by
3352 819 139 31 consulting

2957 846 139 31 personally
3114 855 28 16 or
3149 847 31 32 by
3192 850 63 29 post,
3291 850 93 25 FREE
3394 851 82 25 PROP
3485 861 6 5 •

2957 877 177 33 NOTMANN,
3165 881 201 32 M.E.,E.M*th,
3408 884 119 29 ,Cam-^

2957 910 85 32 bridge
3055 912 108 31 Terrace,
3189 916 111 30 opposite
3324 917 115 26 Colombo
3453 918 37 25 St.

2957 943 99 31 Bridge,
3087 945 187 28 Chrisfoharch.
3338 950 52 24 The
3432 951 59 28 only

2956 975 227 28 Electrobotanical
3211 980 97 31 Expert
3320 1002 3 2 .
3342 982 150 32 advertising

2956 1007 55 24 who
3022 1009 51 24 will
3085 1013 136 27 guarantee
3238 1021 15 16 a
3270 1014 126 32 thorough
3420 1023 70 24 pure.

2958 1040 57 25 Sole
3030 1044 136 29 proprietor
3194 1045 50 24 and
3260 1048 115 29 patentee
3404 1048 26 25 of
3448 1048 43 25 the

2955 1074 60 31 only
3037 1078 149 28 guaranteed
3209 1078 109 26 Electric
3340 1080 71 26 Belts
3441 1082 50 24 and

2956 1107 71 24 other
3039 1109 89 30 special
3152 1111 124 25 electiical
3299 1113 141 31 appliances
3463 1115 27 24 m

2955 1139 42 25 the
3006 1141 115 24 colonies.
3156 1143 99 26 Ladies'
3267 1145 96 25 French
3375 1146 115 26 herbace-

2955 1181 43 16 ous
3009 1174 59 30 pills
3089 1174 37 25 for
3154 1176 177 32 irregularities
3353 1179 65 25 from
3441 1189 49 23 any

2955 1213 81 22 cause,
3062 1209 42 22 10s
3126 1210 95 27 posted.
3256 1211 145 31 Pamphlets

2955 1238 205 27 Testimonial:—
3161 1242 99 31 Napier,
3270 1244 149 31 Augusf7fh
3426 1247 64 23 1895

2955 1270 65 24 Prof.
3032 1272 131 26 Notmann.
3165 1289 34 3 —
3199 1275 158 31 Dear.Sir,—
3360 1278 13 23 I

2954 1311 61 22 your
3020 1304 75 25 letter
3103 1306 49 24 last
3163 1308 76 28 week,
3258 1310 49 23 and
3319 1310 14 23 I
3349 1318 41 16 am
3399 1311 91 23 thank-

2953 1335 38 23 ful
3014 1339 27 21 to
3062 1337 54 25 find
3137 1346 49 24 you
3199 1348 41 17 are
3251 1342 104 25 anxious
3372 1345 27 22 to
3419 1343 71 25 know

2955 1368 42 25 the
3009 1368 106 28 benefits
3132 1372 13 24 I
3157 1372 63 26 have
3232 1374 98 26 derived
3349 1376 61 24 from
3427 1385 62 23 your

2955 1403 152 25 treatment.-
3133 1405 47 30 fair,
3208 1406 22 25 it
3256 1407 68 32 gives
3352 1417 40 16 me
3420 1412 69 28 great

2954 1433 113 31 pleasure
3080 1438 25 22 to
3116 1437 92 24 inform
3219 1447 49 22 you
3277 1440 56 23 that
3342 1449 15 14 a
3368 1443 121 30 ""'ri.rJjate

2945 1498 209 38 Jbyg|ils^^i
3152 1495 14 17 B
3166 1490 163 44 f^p|^j*Qed
3349 1505 26 24 of
3386 1506 25 24 to
3434 1514 57 24 you.

2957 1538 13 16 i
2982 1538 41 17 am
3035 1533 114 31 enjoying
3160 1536 63 28 good
3241 1536 92 29 health,
3346 1539 101 23 andarn
3456 1548 36 15 re-

2948 1564 91 26 stored
3059 1566 25 23 to
3104 1567 86 32 manly
3212 1569 95 31 vigour.
3342 1571 93 24 P.S.—
3436 1572 56 31 Any

2956 1596 103 24 sufferer
3067 1598 111 26 desirous
3185 1600 28 23 of
3216 1603 210 32 communicating
3430 1604 62 24 with

2956 1636 40 17 me
3005 1637 49 23 you
3066 1639 41 16 are
3120 1633 26 23 at
3162 1632 89 34 liberty
3274 1636 26 23 to
3320 1637 55 30 give
3395 1644 42 24 my
3450 1638 41 24 ad-

2955 1662 76 30 dress,
3044 1663 38 25 for
3092 1664 15 24 I
3123 1665 47 25 like
3182 1674 60 24 your
3258 1670 118 29 practical
3389 1670 102 26 method

2956 1695 26 24 of
2994 1698 175 24 treatment.—
3172 1699 29 25 T.
3216 1699 28 25 C.
3258 1702 116 24 Simpson.

2993 1815 499 84 J[ANNINe|fJOfIIPANY

3097 1925 3 2 .
3155 1906 138 24 LIMITED.

2986 1960 270 31 CHRISTCHURCH
3276 1967 184 31 BREWERY.
3476 1993 12 2 ..

3185 2025 63 21 THE
3263 2036 3 4 ■
3439 2026 4 2 '
3462 2035 7 6 »
3511 2040 1 2 ■

2986 2108 4 15 :
3089 2109 131 23 BREWED
3230 2113 40 20 BY
3284 2115 71 21 THIS

3141 2204 84 23 FROM
3237 2207 62 21 THE

2949 2253 540 54 'CttQICEBT'MAITOftOpB

3069 2307 45 21 Are
3124 2309 174 29 acknowledged
3307 2314 24 20 to
3340 2315 28 21 be

2953 2343 148 23 SUPERIOR
3110 2348 36 20 IN
3156 2348 137 24 QUALITY
3302 2354 38 20 TO
3347 2355 66 21 ANY
3418 2353 71 31 PRO-

3020 2385 102 22 DUCED
3130 2388 41 21 -IN
3185 2390 75 21 NEW
3272 2393 149 23 ZEALAND.

2981 2421 108 27 Supplied
3095 2425 24 20 to
3123 2425 81 22 Hotels
3210 2428 46 20 and
3263 2428 93 23 Private
3362 2432 127 23 Customers

2952 2454 25 13 m
2987 2450 142 26 Hogsheads,
3140 2453 99 27 Barrels,
3250 2456 139 27 Kilderkins,
3399 2461 44 20 and
3454 2463 35 19 10-

2953 2477 88 24 --gallons
3052 2478 62 27 Kegs
3124 2481 60 26 only.

2955 2528 117 43 PALE
3095 2531 90 42 ALE
3208 2535 95 42 MB
3333 2538 157 43 EXTBA

3148 2583 133 46 STOUT

3037 2632 93 23 Bottled
3152 2636 25 20 m
3187 2637 83 25 Quarts
3281 2640 47 21 and
3335 2641 71 22 Pints.

3002 2743 44 56 S.
3081 2747 48 46 B.
3153 2749 305 62 SEYMOUR,

3150 2815 138 30 DENTIST,

2993 2855 41 21 215
3049 2854 105 23 Colombo
3169 2856 81 27 Street,
3274 2860 168 25 Christchurch.

2997 2942 109 7 ..--..-
3121 2929 177 24 CHARGES:—

3020 2967 92 27 Filling,
3127 2969 24 20 ss
3158 2978 8 16 ;
3201 2971 133 24 Extraction
3343 2976 25 20 2s
3382 2976 37 21 6d.

2978 3030 95 21 Nitrous
3083 3032 60 21 Oxid
3152 3033 46 22 Gas
3209 3035 170 25 Administered
3384 3039 37 22 for
3427 3041 59 22 Pain

2950 3070 45 20 less
3006 3071 132 22 Extraction
3148 3074 23 20 of
3180 3075 80 22 Teeth.
3295 3079 45 21 Pee
3349 3079 36 21 for
3394 3081 93 21 Admin-

2950 3108 108 21 istration
3069 3110 31 20 ss.

2949 3579 251 50 JOSEPH
3242 3585 240 50 LOUGH.

2940 3657 2 25 I
2950 3667 4 4 •
3094 3657 244 35 UNDERTAKER.

3062 3700 109 31 EAST
3196 3704 184 35 OXFORD.

2983 3749 103 34 Having
3092 3751 53 33 just
3153 3752 124 33 imported
3284 3756 64 26 from
3355 3758 127 33 England,

2950 3800 54 17 new
3026 3793 117 33 Designs,
3175 3805 57 17 new
3260 3799 150 35 Trimmings
3434 3805 49 26 and

2950 3835 88 32 Robes,
3050 3838 22 24 is
3081 3841 118 29 prepared
3210 3843 26 24 to
3246 3844 105 26 conduct
3359 3845 124 29 Funerals

2950 3876 97 30 Adults,
3066 3879 26 23 at
3105 3879 45 25 £5.
3164 3881 51 23 and
3225 3884 127 29 upwards,,
3371 3886 112 30 polished

2950 3919 80 29 coffin,
3055 3921 48 25 and
3134 3923 192 29 silvermounted
3348 3928 135 30 Furniture

2950 3962 77 25 From
3039 3964 47 25 £8.
3105 3966 130 33 according
3246 3970 26 24 to
3294 3970 115 33 Designs.
3444 3974 51 27 No.

2949 4007 71 24 extra
3031 4008 88 32 charge
3129 4010 40 24 for
3180 4010 96 28 Hearse
3298 4021 28 17 or
3345 4023 63 23 open
3424 4017 59 26 Car-

2948 4048 76 32 riage.
3183 4052 97 15 -••••:
3354 4053 143 19 ••-..■

2981 4091 32 25 N.
3043 4091 39 27 B.
3104 4094 92 27 Coffins
3218 4097 59 33 kept
3298 4099 27 24 m
3354 4097 69 30 stook
3444 4103 39 27 for

2947 4152 97 30 urgent
3056 4161 86 21 cases..
3243 4177 2 3 .
3357 4177 3 6 :
3396 4172 7 14 ;
3479 4166 4 18 ;

2410 342 231 26 .OXS-'OIE&ID
2686 349 245 30 BAKBBY,

2409 404 19 18 :■
2471 384 7 4 *
2501 389 213 32 Established
2739 395 80 29 1862
2842 392 4 4 '
2864 398 4 2 '

2401 476 4 5 .
2444 450 125 33 FLOUR,
2581 454 56 27 best
2647 456 81 26 brand
2739 459 60 31 only
2810 460 67 32 kept.

2398 491 144 34 SHARPS,
2578 498 208 32 OATMEAL,
2822 503 111 26 BEAN

2485 538 293 35 CHICKENWHEAT,
2797 547 42 24 &c.

2422 577 40 22 AT
2490 580 124 23 LOWEST
2643 584 142 24 CURRENT
2822 588 111 31 RATESJ

2481 720 54 43 F.
2568 720 49 45 B.
2640 723 188 59 LANE.

2498 798 91 40 (Late
2604 800 38 31 E.
2663 802 160 44 Butcher.)

2394 853 250 43 Watchmaker,
2675 862 183 40 Jeweller,
2875 867 52 32 &c.

2391 904 124 32 Importer
2549 910 27 22 of
2616 910 106 27 Musical
2759 915 170 29 Instruments

2491 945 111 27 Victoria
2623 949 38 25 St.
2692 951 134 31 Eangiora.

2393 1018 98 32 Special
2504 1023 70 25 value
2597 1024 27 25 m
2647 1025 80 27 Extra
2750 1030 88 32 strong
2849 1031 78 26 Cased

2390 1062 88 34 highly
2487 1065 109 27 finished
2609 1068 110 33 English
2736 1072 81 26 Lever
2826 1075 100 26 Watch-

2391 1113 34 17 es.
2473 1108 190 29 Manufactured
2680 1115 26 24 to
2729 1123 43 24 my
2801 1118 72 25 order
2895 1120 33 31 by

2391 1144 55 26 best
2458 1146 104 27 London
2582 1151 106 26 makers.
2724 1155 157 33 Unequalled
2889 1160 39 25 for

2391 1190 122 26 excellent
2527 1193 178 35 Timekeeping
2721 1199 50 24 and
2782 1200 144 35 durability.

2423 1233 30 23 F.
2471 1234 31 25 B.
2515 1235 96 26 LANE
2624 1241 140 32 personally
2786 1244 72 24 visits
2879 1246 48 24 Ox-

2391 1274 54 25 ford
2465 1279 125 32 monthly,
2614 1283 115 32 carrying
2748 1292 16 17 a
2786 1285 69 33 large
2877 1290 49 24 and

2391 1317 85 26 choice
2510 1322 71 24 stock
2609 1323 28 25 of
2668 1325 127 32 Watches,
2823 1330 103 31 Chains,

2391 1359 134 32 Brooches,
2535 1364 87 33 Rings,
2635 1367 84 31 Studs,
2738 1370 128 29 Pendants
2879 1377 47 28 etc,

2394 1403 141 31 Spectacles
2557 1408 122 32 (Pebbles,
2697 1412 168 35 Pantoscopsc
2877 1419 52 23 and

2393 1445 108 35 Crystal)
2515 1449 96 30 Clocks,
2630 1452 108 31 (Marble
2758 1457 50 23 and
2826 1459 101 33 Wood,)

2492 1489 155 30 Accordeons
2659 1496 51 24 and
2721 1497 106 27 Violins.
2877 1524 5 5 .

2425 1552 82 26 Exact
2518 1555 58 26 date
2589 1557 27 24 of
2626 1565 62 18 Saou
2699 1560 60 25 visit
2781 1561 23 25 is
2815 1564 104 26 notified

2540 1598 28 25 m

2391 1638 149 28 Repahjs.—
2542 1642 42 25 All
2594 1645 95 30 repairs
2707 1654 42 18 are
2766 1651 120 25 executed
2897 1652 29 32 by

2390 1684 92 30 myself
2503 1693 28 17 or
2548 1687 80 24 under
2644 1697 43 23 my
2706 1693 222 29 superintendence

2390 1733 28 17 so
2440 1727 57 25 that
2515 1731 103 29 patrons
2630 1740 47 17 can
2700 1736 53 31 rely
2775 1744 33 17 on
2830 1739 99 33 getting

2391 1769 154 28 satisfaction
2555 1775 26 23 at
2593 1774 44 26 the
2648 1784 61 25 very,
2717 1778 87 27 lowest
2813 1781 113 33 charges.

2423 1813 104 32 Repairs
2539 1825 28 16 or
2576 1819 83 25 orders
2668 1828 59 24 may
2739 1822 30 25 be
2777 1824 44 25 left
2833 1826 61 23 at—

2389 1860 26 24 J.
2434 1861 133 32 Weeber's,
2603 1866 65 25 East
2691 1868 101 30 Oxford,

2388 1904 26 23 at
2438 1903 39 26 W.
2502 1906 36 25 M.
2563 1907 37 29 C,
2624 1910 65 26 East
2713 1912 101 27 Oxford.
2907 1912 4 3 '

2388 1945 24 25 J.
2430 1946 99 33 Brown,
2543 1950 160 34 Bootmaker,
2729 1955 69 26 West
2823 1958 90 31 Oxford
2918 1948 20 40 -J

2478 2292 119 40 FRED
2640 2297 188 42 FULLER.

2576 2352 162 25 SOLICITOR.

2427 2386 13 20 9
2451 2386 123 23 Cathedral
2585 2390 92 26 Square,
2693 2393 191 25 Chkistchtjrch.

2389 2418 116 26 (Between
2514 2422 110 22 Morten's
2633 2425 117 28 buildings
2761 2428 17 20 &
2788 2429 56 21 Post
2851 2430 40 21 Off
2894 2437 25 15 cc

2427 2497 189 58 Money
2644 2503 54 42 to
2734 2505 143 45 Lend

2386 2568 30 13 on
2426 2563 33 19 all
2467 2564 58 19 kind
2534 2565 24 19 of
2569 2566 112 27 Security,
2691 2569 25 19 at
2735 2569 57 21 Low
2806 2571 78 21 Rates
2902 2573 24 20 of

2414 2606 106 22 Interest.
2552 2607 88 28 Special
2653 2611 78 22 Terras
2741 2613 35 22 for
2785 2614 110 23 Farmers.

2446 2731 426 49 EUCALYPTUS

2445 2830 60 20 THE
2521 2830 72 21 BEST
2608 2831 88 20 HOME
2712 2831 142 21 REMEDIE

2502 2869 36 14 are
2552 2863 36 20 the
2598 2863 136 26 preparation
2743 2863 26 22 of
2776 2863 36 21 the

2386 2898 171 23 TASMANIAN
2575 2900 187 21 EUCALYPTUS
2776 2901 48 21 OIL
2838 2901 77 21 COMP

2416 2937 135 25 Universally
2561 2937 104 20 admitted
2673 2938 37 19 the
2719 2938 79 24 BEST,
2809 2938 115 21 PUREST

2386 2973 44 21 and
2440 2974 57 19 most
2506 2974 94 20 effective
2611 2974 134 25 Eucalyptus
2768 2974 104 21 Glohulus
2889 2975 26 20 Oi

2385 3004 33 20 for
2437 3004 174 26 INFLUENZA,
2632 3005 92 26 Coughs,
2744 3006 63 21 Colds
2833 3007 44 20 and
2893 3007 31 20 all

2385 3036 66 20 Chest
2467 3036 43 20 and
2519 3037 63 24 Lung
2598 3037 114 21 affections
2725 3037 77 26 speedy
2811 3039 61 21 relief
2880 3038 44 21 and

2385 3068 55 20 Cure
2459 3068 33 20 for
2508 3068 158 25 Rheumatism,
2686 3070 123 25 Neuralgia,
2824 3071 100 25 Sprains-

2384 3094 72 21 Burns
2477 3095 33 20 &c.

2411 3128 134 26 Eucalyptus
2563 3129 104 21 Glohulus
2685 3129 93 23 Extract
2787 3131 90 26 sprayed
2890 3131 33 21 in-

2384 3160 63 21 haled
2463 3161 43 21 and
2520 3162 66 20 taken
2595 3161 117 27 internally
2730 3163 34 20 for
2778 3164 36 20 the
2832 3164 87 26 Throat,

2388 3197 99 26 Catarrh,
2505 3198 59 26 Hay,
2590 3199 99 25 Typhoid
2706 3200 44 20 and
2764 3201 82 21 Scarlet
2856 3202 66 21 Fever

2385 3230 130 21 MEASLES
2525 3231 37 20 the
2568 3232 55 19 most
2633 3232 137 25 satisfactory
2779 3235 143 23 preventative

2384 3261 43 20 and
2442 3262 61 20 Cure.
2531 3262 55 21 Send
2600 3263 52 20 Post
2668 3263 55 21 Card
2734 3265 21 19 to
2766 3265 36 19 the
2812 3265 63 21 Office
2888 3266 34 20 for

2384 3291 96 23 Circular
2494 3293 120 26 describing
2633 3295 121 21 treatment.
2782 3296 138 27 Eucalyptus,

2383 3326 112 21 Ointment
2505 3328 36 20 the
2551 3328 70 25 Magic
2630 3329 80 20 Healer
2724 3329 26 25 of.
2760 3330 70 24 Sores,
2843 3331 78 25 Burns,

2383 3357 103 25 Wounds,
2503 3359 59 20 Boils
2581 3361 45 23 &c,
2649 3361 136 26 Eucalyptus
2804 3362 57 26 Soap
2877 3363 43 20 Fra

2382 3390 63 23 grant
2455 3390 43 20 and
2507 3392 125 24 refreshing.
2657 3392 133 26 Eucalyptus
2796 3390 92 30 'Jujubes
2898 3401 24 14 or

2381 3420 103 22 Pastilles
2494 3422 33 20 for
2538 3422 35 21 the
2599 3423 80 21 Throat
2690 3424 43 20 and
2743 3425 63 21 Voice
2823 3432 29 14 an
2866 3427 54 20 anti-

2383 3453 68 26 septic
2460 3455 43 20 and
2513 3455 121 22 stimulant.

2381 3487 127 26 Veterinary
2525 3489 36 20 Oil
2571 3489 43 20 and
2624 3490 112 20 Ointment
2745 3491 33 19 for
2788 3491 37 21 the
2835 3493 85 21 stables.

2410 3521 30 19 Be
2450 3527 49 14 sure
2508 3528 44 19 you
2560 3523 110 20 Purchase
2684 3523 39 20 the
2733 3524 105 26 Platypus
2854 3525 68 21 brand

2382 3552 51 25 only
2443 3553 22 19 of
2473 3553 29 20 all
2512 3554 113 25 Chemists,
2631 3555 88 21 Grocers
2725 3556 44 19 and
2776 3556 146 27 Storekeepers

2383 3583 43 20 and
2440 3585 23 19 at
2477 3584 36 21 the
2525 3585 63 21 Office
2598 3587 13 20 9
2620 3586 114 21 Cathedral
2744 3593 76 19 square
2830 3589 92 20 between

2382 3615 102 21 Morten's
2498 3616 113 27 Buildings
2619 3619 42 20 and
2672 3619 36 20 the
2717 3620 52 19 Post
2779 3619 70 22 Office.

2548 3651 88 21 Oxford
2647 3652 79 27 Agent

2436 3686 27 21 R.
2473 3686 30 21 H.
2517 3687 120 27 PARISH,
2661 3689 77 21 EAST
2752 3684 120 28 OXFORD
2884 3688 9 11 *

2462 3724 142 27 Eucalyptus
2614 3727 38 20 Oil
2666 3728 31 26 1/-
2710 3735 42 19 per
2761 3729 78 21 bottle.

2484 3900 40 30 T.
2562 3901 247 34 PICKARD.

2456 3963 76 20 BOOT
2545 3961 64 21 AND
2629 3961 78 23 SHOE
2725 3963 117 33 MAKER,

2525 4008 77 21 EAST
2643 4010 121 21 OXFORD

2373 4044 107 56 BEGS
2492 4047 26 24 to
2530 4050 87 22 return
2642 4048 40 26 his
2706 4051 98 26 sincere
2827 4053 93 27 thanks

2428 4081 27 20 to
2478 4079 44 23 the
2543 4079 158 27 inhabitants
2717 4083 28 24 of
2778 4085 141 26 OXFORD

2373 4109 50 24 and
2434 4110 163 27 DISTRICT
2616 4113 68 25 since
2696 4115 31 25 he
2739 4117 104 31 started,
2870 4121 50 24 and

2374 4142 58 32 begs
2442 4168 3 2 .
2453 4145 38 25 to.,
2499 4145 94 25 inform
2606 4146 71 25 them
2698 4149 33 24 he
2743 4149 47 26 has
2802 4154 117 24 removed

2373 4177 27 22 to
2412 4184 68 17 more
2490 4178 169 26 commodious
2671 4182 123 29 premises
2807 4188 112 27 opposite

2373 4206 44 26 the
2430 4208 69 25 W.M
2510 4210 38 28 C,
2573 4211 49 23 and
2642 4212 79 29 hopes
2741 4214 33 32 by
2786 4216 73 25 strict
2880 4220 37 23 at-

2374 4240 96 25 tention
2490 4244 25 22 to
2542 4242 114 27 business
2682 4247 25 22 to
2731 4250 67 23 meet
2821 4250 63 24 -with
2903 4260 14 16 a

2373 4273 166 26 continuance
2551 4276 27 24 of
2588 4276 68 26 their
2666 4281 113 30 support.
2821 4283 15 21 .X
2842 4287 4 7 !

2406 4318 78 27 Boots
2508 4319 78 26 Hand
2598 4321 110 27 stitched
2731 4332 27 17 or
2774 4328 96 30 pegged
2888 4330 27 24 to

2372 4352 80 25 order.
2487 4353 106 32 Kepairs
2614 4356 86 31 neatly
2720 4358 49 24 and
2786 4361 129 31 promptly

2381 4385 114 29 xecuted,
2903 4396 2 1 ■

2640 4443 30 26 T.
2682 4445 162 29 PICKARD.

2604 4499 67 28 Easfc
2689 4502 103 27 Oxford.

1297 220 117 89 R.
1498 222 132 89 H.
1689 222 515 110 PARISH;

1485 370 198 58 EAST
1729 375 328 58 OXFORD

1516 486 41 31 IS
1594 487 101 32 NOW
1716 489 47 31 IN
1786 491 186 32 RECEIPT
1995 480 61 43 o*l

1415 564 41 24 Ex
1475 565 114 24 AOTEA
1609 567 71 24 AND
1693 568 119 26 OTHEE
1823 570 130 26 DIRECT
1967 572 184 25 STEAMEBS

1315 643 5 6 •
1377 682 4 3 .
1440 636 271 47 SUMMER
1733 640 239 48 SEASON
2005 643 124 48 1897.

1620 737 99 32 THIS
1742 738 204 33 SEASON'S

1207 833 522 92 PRINTS!
1818 841 542 85 PRINTS'*

1432 1000 161 83 3d.
1650 1029 185 82 per
1875 997 267 118 yard.

1282 1167 586 116 Ginghams,
1941 1177 338 102 Drills,

1205 1327 350 84 -Ladies
1591 1327 312 89 Black
1953 1331 407 90 Jackets

1240 1473 151 85 for
1433 1477 113 85 5s
1589 1481 129 84 9d
1794 1484 309 87 worth
2146 1490 165 85 20s

1203 1628 350 92 Ladies
1625 1635 381 91 Corsets
2056 1645 121 84 Is.
2205 1646 149 85 9d.

1380 1868 339 51 ENORMOUS
1780 1876 390 47 REDUCTIONS

1202 1965 433 115 Kaiapoi
1680 1972 355 92 Tweed
2094 1981 274 127 Sui|g

1236 2102 458 88 Reduced
1738 2113 102 80 to
1889 2113 174 86 21s
2148 2093 219 111 6dP

1474 2243 324 85 worth
1888 2248 194 86 30so

1203 2366 232 85 This
1479 2369 271 90 beats
1788 2378 170 86 the
2001 2385 350 85 travel-

1198 2670 80 25 rriHE
1297 2672 116 31 question
1424 2672 21 24 is
1457 2674 134 24 natural—
1592 2677 15 12 «
1616 2675 67 32 Why
1694 2677 61 24 send
1770 2680 26 23 to
1809 2679 177 28 Christchurch
2006 2684 39 24 for
2062 2693 62 23 your
2141 2687 130 30 Drapery?
2306 2691 52 25 The

1203 2703 22 24 1
1262 2704 103 31 drapery
1377 2705 54 23 sold
1439 2713 26 16 m
1474 2705 56 24 that
1542 2708 51 30 city
1604 2715 72 24 every
1689 2717 45 16 one
1746 2711 95 31 knows,
1854 2713 22 25 is
1887 2716 46 23 not
1943 2716 73 25 made
2028 2717 76 30 there,
2124 2719 45 26 but
2180 2721 120 31 imported
2345 2726 14 23 I

1198 2738 93 30 import
1302 2737 65 25 from
1379 2737 43 25 the
1434 2737 53 25 best
1499 2738 106 33 English
1617 2741 51 25 and
1685 2742 88 26 Scotch
1786 2745 99 26 houses.
1932 2748 72 26 lam
2016 2751 105 25 enabled
2132 2754 26 24 to
2170 2757 122 28 purchase
2310 2758 48 26 low

1199 2771 50 24 and
1259 2771 45 24 sell
1316 2772 26 23 at
1351 2779 16 16 a
1377 2773 54 22 rate
1443 2771 26 23 of
1478 2772 74 30 profit
1565 2773 54 32 (my
1630 2782 120 24 expenses
1762 2777 72 32 being
1845 2780 82 31 small)
1941 2782 56 24 that
2009 2785 81 23 would
2103 2785 29 25 be
2151 2789 144 25 considered
2315 2792 31 24 ab

1198 2804 59 23 surd
1269 2803 32 31 by
1317 2811 48 23 any
1386 2803 179 25 Christchurch
1589 2807 199 27 establishment.
1842 2811 44 31 My
1908 2813 76 25 Stock
2003 2815 21 24 is
2044 2816 42 25 the
2106 2818 94 31 largest
2218 2822 51 23 and
2291 2827 67 22 most

1197 2837 85 23 vaned
1301 2836 57 24 that
1368 2836 45 24 has
1425 2844 57 16 ever
1492 2837 63 24 been
1566 2837 88 26 shown
1664 2847 28 16 m
1703 2841 44 24 the
1758 2842 104 32 district,
1876 2845 49 24 and
1937 2846 39 24 for
1986 2848 92 32 quality
2099 2851 49 24 and
2167 2853 72 25 value
2256 2857 59 29 puts
2331 2858 18 24 h

1196 2870 32 23 he
1239 2869 77 25 shade
1334 2869 76 32 goods
1422 2869 92 25 offered
1526 2870 32 31 by
1570 2875 103 28 visiting
1685 2874 117 26 hawkers
1816 2878 61 23 from
1890 2878 44 25 the
1951 2880 182 28 Christchurch
2145 2893 45 24 rag
2202 2890 87 23 marts.

1229 2922 94 25 Dress
1335 2922 165 32 Materials,
1514 2924 87 24 Plain
1613 2927 60 23 and
1683 2927 105 32 Fancy

1228 2980 27 24 A
1273 2979 110 30 Strong
1400 2980 87 26 Stout
1503 2981 133 26 Durable
1654 2982 127 33 Kaiapoi
1798 2986 113 26 Tweed
1927 2990 52 31 2/6
1991 2997 55 24 per
2057 2995 75 28 yard

1828 3029 108 30 Majies
1948 3034 155 27 first-class
2120 3037 92 33 Boys'
2231 3041 90 28 Suits,

1228 3073 57 24 Art
1302 3073 140 31 Muslins,
1462 3073 156 34 Cretones,
1638 3077 79 24 Lace
1736 3078 139 27 Curtains
1894 3081 53 25 &c.

1226 3138 26 30 A
1270 3138 110 26 Choice
1398 3139 167 27 Collection
1583 3142 34 25 of
1631 3142 120 34 Gloves,
1779 3145 78 33 Ttes,
1887 3147 130 35 Aprons,
2047 3150 167 31 Insertions
2232 3157 54 26 &c.

1227 3201 102 26 Prints
1341 3203 80 24 from
1433 3203 52 25 4d.
1498 3210 55 24 per
1563 3206 85 29 yard.
1662 3206 139 33 Muslins,
1815 3208 138 34 Selesias,
1968 3212 126 34 Calicos,
2108 3216 55 26 &c.

1813 3251 87 26 With
1918 3255 87 24 other
2023 3256 193 29 Manchester
2232 3263 86 31 lines.

1226 3297 88 32 Hats,
1333 3298 103 31 Fancy
1454 3300 59 24 and
1530 3299 106 33 Sailor,
1656 3302 31 24 m
1703 3302 104 26 White
1825 3305 60 24 and
1903 3305 116 28 Colors.

1770 3347 126 26 Newest
1913 3349 124 33 Shapes.
2072 3353 97 32 Large
2186 3357 132 35 Variety,

1224 3393 149 32 Flowers,
1391 3394 155 32 Feathers,
1565 3395 148 34 Ribbons,
1732 3397 106 33 Laces,
1857 3400 75 32 Jets,
1952 3402 55 25 &c.

1697 3437 87 26 With
1802 3441 40 24 all
1859 3444 185 24 necessaries
2061 3445 48 25 for
2126 3446 191 35 Trimmings.

1223 3481 104 31 Fancy
1343 3483 140 31 Frillings
1502 3486 77 30 3yds
1591 3487 47 23 for
1647 3488 36 31 1/-
1701 3490 102 23 worth
1815 3490 49 30 9d,
1883 3495 56 26 per
1950 3494 82 28 yard,

1760 3531 182 35 Umbrellas,
1961 3535 151 34 Parasols,
2132 3538 184 37 Sunshades,

1509 3580 244 45 DOUBLE
1814 3585 214 47 WIDTH

1193 3655 293 88 Dress
1564 3660 397 90 Tweeds
2044 3671 101 85 Is
2214 3676 129 85 4d

1490 3797 329 84 worth
1892 3802 134 85 2s.

1268 3916 459 91 Costume
1792 3924 287 88 Cloth
2160 3935 124 83 Is.

1422 4043 319 84 worth
1782 4048 101 82 Is
1947 4051 161 87 6do

1189 4249 134 41 EngHsh
1337 4250 127 42 Witney
1473 4250 149 34 Blankets
1636 4258 34 27 to
1686 4257 37 31 be
1737 4258 68 30 sold
1820 4264 32 26 at
1863 4261 59 30 less
1930 4262 78 31 than
2021 4262 181 35 Melbourne
2216 4267 130 33 Whole-

1191 4303 68 30 sale
1403 4304 121 32 Double
1539 4305 70 30 Bed
1625 4305 69 33 Size
1717 4311 64 30 12s.
1808 4312 49 32 6d.
1909 4316 102 29 worth
2027 4316 66 31 16s.
2132 4318 50 30 6d.
2204 4328 57 28 per
2275 4322 70 34 pair

1219 4356 16 16 \
1357 4345 130 41 cheaper
1501 4345 77 31 than
1593 4346 234 44 Ghristchurch,
1832 4354 112 33 houses
1959 4356 65 31 will
2038 4357 57 30 sell
2110 4357 94 32 them.

1226 4436 82 47 i*.
1357 4451 80 34 H.
1484 4452 297 41 PARISH
1846 4464 156 36 East
2036 4465 261 38 Oxford.

673 207 54 38 R.
756 209 56 38 h.
849 205 280 51 pTSPTsh's

627 298 218 36 BARGAINS
901 306 48 30 for
978 308 62 32 this
1063 312 108 30 month

762 430 176 25 COLONIAL
981 432 22 22 T
1025 432 107 23 Will)

805 496 190 26 TROUSERS
1035 498 35 22 6s.
1126 520 3 2 .

819 563 70 24 ALL
938 562 106 25 WOOL.

718 658 146 30 STRAW
887 657 145 31 HATS!!
1056 660 33 27 Is

805 699 145 31 STRAW
965 699 164 31 HATS!!!

793 740 92 24 EALF
903 740 112 24 PRICE.

633 794 85 25 JUST
730 795 26 23 to
768 794 69 24 hand
838 808 31 3 —
871 793 47 24 late
931 794 38 23 for
986 793 44 25 the
1040 802 93 21 season,
1146 796 27 22 to

635 827 28 24 be
684 827 53 24 sold
760 828 26 23 at
812 825 128 31 half-price
942 840 32 3 —
974 825 91 25 Ladies
1094 827 80 24 Saiolr

634 860 66 24 Hats
713 861 25 23 at
751 860 36 24 Is.
823 858 78 25 worth
918 860 37 22 2s.
992 859 81 24 Men's
1108 859 64 30 Leg-

635 893 60 23 horn
704 893 74 24 Hats.
812 892 73 30 Boy's
898 891 105 24 Boaters
1017 894 25 21 at
1051 893 35 22 Is.
1096 892 76 24 worth

635 926 36 24 2s.

764 985 85 30 Must
863 986 39 29 be
917 986 130 30 cleared.

637 1152 120 30 Double
772 1152 99 31 width
889 1151 105 32 Check
1010 1151 162 31 Costumes

795 1200 111 30 Tweed
938 1201 67 36 6£d.

635 1287 119 30 Melton
776 1287 135 35 Tweeds,
934 1288 50 29 6d.
1007 1298 56 28 per
1084 1289 87 38 yard.

635 1383 103 32 White
769 1385 153 31 Blankets
957 1383 43 33 7s.
1030 1385 48 30 6d.
1116 1396 56 28 pev

636 1440 76 39 pair.
770 1441 101 37 Large
909 1440 68 29 Size
1009 1439 161 36 Blankets,

739 1486 64 29 10s.
828 1484 49 31 6d.
910 1495 57 29 per
988 1484 77 40 pair.

636 1533 66 40 Boy
739 1533 82 30 Pilot
835 1533 129 29 Jackets
980 1535 34 27 6s
1030 1533 49 30 6d.
1096 1533 73 30 each

677 1620 50 30 All
747 1621 86 30 these
856 1622 95 38 goods
974 1630 52 21 are
1041 1620 130 41 cheaper

633 1669 77 31 than
733 1680 58 20 can
812 1670 37 30 be
871 1670 174 39 purchased
1061 1674 31 25 at
1108 1680 62 30 any
1178 1676 2 25 !

635 1716 223 31 Christchurch
889 1717 118 40 Selling
1039 1717 43 30 off
1110 1717 59 30 Es-

633 1763 202 31 tablishment
856 1773 35 20 or
911 1764 81 30 from
1020 1764 151 30 itinerant

633 1805 139 39 drapers.

818 1858 57 21 JOB
906 1858 74 21 LINE

624 1921 184 46 ;KAIAPOI
843 1921 152 31 TWEED
1018 1923 129 30 SUITS.

860 2001 64 30 21s.

677 2106 80 30 1897
804 2105 184 30 SUMMER
1031 2105 91 32 1897.

635 2182 63 40 T^T
713 2181 53 25 OW
779 2182 114 31 showing
906 2189 16 17 a
935 2182 84 24 choice
1030 2182 139 24 assortmen

640 2206 54 39 1^
738 2215 26 24 of
810 2222 102 17 summer
958 2222 78 17 gooi/S
1059 2215 110 31 ccinpris

630 2253 33 23 ng
673 2246 58 25 New
744 2248 77 24 Dress
834 2248 142 28 Materials,
991 2248 94 27 Prints,
1109 2248 59 23 Del-

630 2279 83 29 aines,^
737 2280 120 31 Zephyrs,
891 2279 116 32 Crepons,
1041 2280 126 29 Galateas,

631 2308 237 33 NorMntlliStiripc-s,
889 2312 85 28 Fancy
998 2310 101 30 Striped
1120 2310 50 24 and

626 2340 88 30 ,Cliibki
729 2342 115 29 MUSlins,
873 2342 94 25 Cotton
990 2342 108 30 Pongee,
1120 2343 50 24 and

624 2416 249 88 Miff©!
915 2455 253 49 TWIIBS.

628 2535 83 20 SUITS
722 2535 86 19 MADE
819 2535 37 20 TO
867 2535 145 20 MEASURE
1026 2535 79 21 FROM
1124 2537 45 21 50s.

626 2594 122 79 FULL
764 2593 143 31 RANGE
920 2594 34 30 of
962 2593 63 31 this
1039 2592 127 32 Season'

706 2636 145 30 Patterns
871 2638 33 26 to
934 2636 94 29 hand.

883 2687 27 22 at

729 2731 37 32 R,
793 2730 41 30 .H
856 2728 199 32 PARISH'S

771 2791 92 26 EAST
881 2791 147 24 OXFORD.

706 2843 72 20 WHO
793 2842 135 21 INTENDS
944 2842 38 19 TO
997 2841 74 20 SELL

626 2892 177 29 seasonable
813 2892 96 38 goods
920 2893 31 27 at
957 2892 101 38 prices
1068 2891 99 29 below

625 2943 69 29 that
714 2943 32 29 of
762 2953 61 28 any
847 2941 225 31 Christchurch
1096 2942 69 29 firm

878 3023 36 15 «*p

670 3095 167 32 JLJL,Tj
880 3094 241 33 WOOL

624 3148 198 50 Cfttoaial
862 3148 178 48 Ftesmil
1088 3147 76 49 tl.

625 3226 131 38 cheaper
770 3226 77 28 than
863 3234 56 20 can
940 3226 38 28 be
990 3225 173 39 purchased

624 3280 33 26 at
686 3276 125 30 auction
839 3286 35 18 or
892 3276 84 29 from
1013 3276 151 30 itinerant

808 3325 137 38 drapers:

877 3455 34 18 «$,
948 3462 2 3 .

722 3554 342 39 PARISH'S

626 3614 190 548 f
865 3836 262 44 YOUTHS*

896 3929 65 37 Ml
990 3932 105 35 Wool

826 4015 179 25 COLONIAL
1028 4016 129 24 TWEED

873 4087 216 21 QTTTTG

661 4177 129 32 From
814 4175 89 40 12/6
925 4181 72 33 per
1020 4175 94 36 suit.

690 4240 80 33 (three
779 4238 137 33 garments,
935 4235 80 27 worth
1027 4236 66 33 253.)

625 4285 93 26 Cannot
729 4285 26 25 be
762 4284 137 33 purchased
910 4287 26 20 at
951 4280 172 28 Christchurch
1134 4289 28 16 or

739 4328 123 24 elsewhere
873 4330 26 20 at
906 4327 36 23 the
950 4327 77 30 price.

630 4361 167 31 JAMen's
812 4359 101 32 Black
923 4358 70 32 S.B.
1001 4360 60 30 Sac
1072 4358 90 32 Coats

624 4396 72 46 T;||
722 4403 52 29 for
796 4400 129 40 Sunday
939 4400 63 29 and
1025 4400 139 38 Holiday

625 4454 82 21 wear
715 4441 148 32 Eeduced
871 4441 87 34 from,
965 4438 68 41 25/-
1045 4443 33 27 to
1088 4435 75 45 15/6

34 1779 16 35 F
71 1783 122 38 EVENTS
211 1785 38 36 OF
271 1785 67 37 THE
356 1785 130 38 COMING
501 1787 102 37 WEEK.

66 1875 115 32 Monday,
202 1876 75 24 Court
289 1877 63 31 Day.

66 1915 120 31 Tuesday,
205 1915 103 32 Library
327 1924 62 23 open
402 1917 64 24 from
480 1919 12 22 6
513 1920 39 22 15.
573 1920 27 23 to

135 1955 14 21 8
162 1961 59 23 p.m.

64 1992 138 32 Thursday,
223 1994 71 23 Bank
316 2002 70 23 open.
434 1995 112 32 Meeting
577 1996 28 24 of

135 2035 86 23 Water
240 2035 93 32 Supply
351 2035 90 25 Board.

69 2074 131 32 Saturday,
219 2075 101 32 Library
332 2083 63 24 open
419 2076 62 25 from
502 2078 23 24 6.
550 2078 26 23 to
588 2079 15 23 8

132 2121 59 21 p.m,
239 2113 110 31 Meeting
370 2113 26 23 of
417 2113 65 25 East
511 2114 92 24 Oxford

132 2152 152 24 Oddfellows.

103 2436 78 29 Late
203 2434 79 28 from
298 2422 189 40 tHe^rCf'''
489 2429 31 14 5Cs
522 2427 52 35 We
575 2428 2 15 !
579 2429 28 32 l-''

59 2478 130 39 lington.

101 2519 80 36 Begs
216 2521 32 24 to
277 2517 115 28 inform
425 2515 55 28 her
510 2514 90 39 Lady

56 2559 118 29 friends
189 2558 69 27 that
274 2557 54 28 she
355 2557 27 28 is
397 2555 151 39 prepared
566 2558 33 25 to

56 2599 90 30 make
188 2597 118 30 dresses
336 2597 33 29 m
405 2595 193 30 fashionable

56 2641 61 29 and
135 2641 90 28 latest
241 2639 106 38 styles,
372 2641 31 26 at
419 2637 179 30 reasonable

55 2683 138 37 charges.

97 2729 60 30 She
188 2728 54 29 has
265 2726 154 39 arranged
443 2726 49 29 for
520 2735 77 30 pre-

67 2776 52 25 ont
156 2769 173 30 workroom
359 2771 77 26 next
466 2774 33 22 to
530 2766 65 30 Mrs

57 2812 121 38 Hugh's,
229 2809 131 30 Oxford.

195 2931 117 28 Copies
334 2937 39 21 of
395 2937 62 20 the

109 2990 174 32 OXFORD
318 2988 224 32 OBSERVER

34 3035 12 35 I
165 3055 47 16 can
235 3046 31 24 bo
290 3045 120 25 obtained
432 3046 27 23 at

34 3070 13 45 I
56 3092 179 24 CAEGILL'S
248 3098 86 17 comer
356 3090 28 24 of
398 3088 138 26 OASHEL
548 3088 49 24 and

34 3125 14 47 I
158 3148 162 25 COLOMBO
341 3145 155 28 STREETS

34 3221 18 70 |
77 3239 172 30 OXFORD
282 3237 113 31 ROAD
418 3236 156 31 BOARD.

34 3294 23 83 I
200 3334 257 44 NOTICE.

34 3418 277 50 loUBSCRIBERS
340 3446 25 22 to
391 3444 42 23 the
456 3443 137 25 OXFORD

34 3469 54 34 ■0
99 3477 154 23 LLBHAHY
267 3485 41 15 are
318 3477 126 23 reminded
451 3478 54 22 that
518 3476 76 24 books

34 3509 81 30 ■kepi;
140 3509 95 29 beyond
259 3510 41 22 the
323 3509 102 24 allotted
447 3510 61 22 time
529 3512 65 21 must

34 3542 53 24 ■be
104 3541 117 24 returned
233 3543 26 22 at
271 3549 68 16 once.
375 3541 53 24 The
439 3549 86 22 person
537 3541 56 25 who

34 3565 69 33 Bias
134 3575 41 23 the
205 3573 61 25 book
287 3575 101 23 entitled
550 3575 43 23 the

34 3608 129 23 ■Dreams
187 3607 27 24 of
374 3606 22 25 is
416 3607 127 31 requested
567 3610 25 21 to

34 3643 107 21 wetttun
174 3640 40 23 the
243 3647 65 15 same
336 3641 26 22 to
390 3639 43 24 the
461 3639 130 24 Librarian

34 3674 135 23 ■without,
182 3672 78 31 delay,
280 3679 27 16 or
326 3671 8 24 l
334 3679 24 16 ie
369 3680 21 15 w
393 3672 24 23 '^
436 3672 31 24 be
487 3672 104 32 charged

34 3698 65 32 Hhe
109 3709 53 20 cost
174 3707 25 22 of
209 3705 123 30 replacing
343 3705 42 23 the
398 3712 76 17 same.

34 3731 30 51 I
222 3757 31 30 L.
278 3757 147 29 BEEVES,
447 3765 3 2 •

34 3831 33 28 ■
176 3824 6 24 :
203 3835 42 24 TO
262 3833 175 27 FARMERS.
562 3824 18 5 ~~

34 3905 68 35 H~F
120 3921 47 25 you
186 3914 66 23 want
269 3914 26 23 to
324 3913 46 25 sell
398 3922 61 23 your
476 3915 114 31 produce.

34 3938 39 33 ■
97 3947 121 25 advertise
230 3947 27 23 m
269 3947 43 24 the
577 3957 14 16 a

34 3971 79 34 Hure
137 3980 51 26 sale
204 3979 48 26 will
269 3979 31 25 be
316 3979 44 25 the
376 3981 84 24 result.

34 4029 35 42 I
90 4046 160 25 TERMS.—
252 4046 37 25 2s.
312 4053 43 20 per
382 4045 60 25 inch
470 4046 39 25 for
536 4046 57 26 first

34 4071 152 34 H:sertion.

34 4146 38 35 H
91 4157 42 25 All
150 4156 74 25 small
240 4157 204 25 advertisements
461 4158 27 24 to
501 4158 26 23 be
535 4157 58 31 paid

34 4188 51 34 Hi
118 4197 103 24 dvance.
396 4219 3 3 .

34 4307 131 44 ■W.
195 4306 66 45 H.
290 4306 275 45 ALFOED

34 4403 271 39 WATCHMAKER.
340 4403 173 38 JEWELLER
550 4403 26 31 &

34 4448 44 51 I
139 4474 87 26 MAIN
241 4472 134 29 STREET
393 4473 139 27 OXFORD

99 1503 24 23 If
145 1512 46 23 you
212 1505 63 25 have
287 1513 33 17 no
344 1507 65 28 luck,
428 1515 69 17 come
515 1509 26 23 to
559 1508 44 25 the

161 1545 69 28 Hall,
250 1547 49 22 and
318 1546 78 32 forget
416 1556 61 22 your
495 1548 57 24 luck
577 1549 28 24 m

50 1583 56 111 Ithe
118 1583 112 25 fountain
243 1585 27 23 of
280 1586 77 24 mirth
374 1586 83 24 which
477 1587 45 24 has
539 1587 63 25 been

65 1623 116 28 provided
194 1623 37 25 for
242 1632 49 24 you
303 1633 27 17 as
343 1633 14 17 a
484 1626 38 25 for
540 1628 62 25 such

65 1668 29 26 p*s
116 1669 58 23 you.
319 1661 71 18 ■■■'""
