2540 4020
595 499 221 36 PUBLISHED
861 498 133 37 EVERY
1037 494 254 39 WEDNESDAY
1335 488 88 44 AND
1468 494 227 38 SATURDAY
1741 495 204 37 MORNING.

2260 614 97 41 [Vol.
2380 612 69 37 ni.

64 48 2404 193 THE

64 241 380 70 NEW
570 241 885 70 ZEALAND
1582 241 886 70 GAZETTE

64 311 2404 69 AND

64 380 961 70 WELLINGTON
1121 380 289 70 AND
1506 380 962 70 SPECTATOR.

578 615 130 32 PORT
731 614 286 38 NICHOLSON,
1041 609 256 36 SATURDAY
1320 609 239 41 MORNING,
1582 614 172 31 MARCH
1777 616 50 35 18,
1852 617 88 28 1843.

64 622 62 32 No.
143 621 87 39 229.]

221 713 52 21 For
290 708 169 28 Valparaiso.

212 744 91 30 npHE
312 744 83 27 barque
405 744 53 19 New
474 741 58 21 York
545 741 88 26 Packet,

63 764 111 37 'jtpfjL
219 763 29 31 X
286 772 40 20 269
343 773 56 20 tons,
419 769 21 22 J.
459 769 101 26 Gregory
576 774 61 15 com-

57 793 140 36 jflßtfttfe,
225 797 98 26 mander,
341 795 45 23 will
400 795 41 22 sail
457 795 35 22 for
511 795 35 21 the
565 794 72 22 above

56 818 151 36 *2n^^K£
225 827 49 25 port
283 831 23 14 m
315 830 14 15 a
339 823 12 22 f
348 830 33 14 ew
390 821 62 28 days.
496 838 7 7 .

54 844 162 47 Wj^^^So-
252 857 44 21 For
313 861 100 23 passage,
431 853 66 29 apply
512 861 29 14 on
559 852 77 28 board,

312 909 110 22 William
438 908 171 22 Fitzherbert.

82 939 81 23 March
173 934 33 32 14,
218 938 60 22 1843.
400 941 4 28 ;

180 995 64 23 *?&%
265 978 5 11 '
268 986 5 9 >
268 983 17 25 J
284 983 39 21 olo
324 987 15 16 *
340 986 39 16 eTy
375 987 11 24 !
387 986 13 16 fs
403 980 6 10 '
407 985 6 17 1""'
442 978 16 20 ■'
480 986 20 6 ""'
540 977 6 11 ''

52 1018 72 47 OM
138 1007 90 37 %AlfE;
240 1019 23 18 at
270 1014 38 23 £he
319 1014 74 22 Stores
400 1013 24 22 of
431 1009 37 25 tTie
477 1011 166 28 undersigned,,

130 1043 101 27 Raisins/
237 1041 107 27 almonds,
354 1040 44 22 and
404 1039 94 22 walnuts
504 1039 32 21 x>f
541 1038 99 28 superior

54 1069 92 29 quality,
157 1068 53 22 with
227 1076 13 14 a
255 1067 76 23 choice
348 1067 114 22 selection'
469 1065 27 22 of
502 1066 76 27 cigars,
594 1065 45 21 and

54 1096 111 28 groceries
174 1095 26 22 of
207 1102 66 18 every
286 1093 138 27 description.

270 1125 33 21 M.
319 1124 292 26 AsHEß,^Lambton-quay.

279 1169 53 21 For
347 1169 68 23 Sale,

55 1205 91 50 THE
162 1203 144 23 COTTAGE
321 1202 93 22 situated
425 1202 24 21 in
466 1200 100 23 Oriental
582 1201 55 26 Bay,

129 1231 45 22 and
188 1230 69 28 lately
266 1229 107 27 occupied
387 1229 30 26 by
427 1228 36 22 the
480 1227 158 27 undersigned.

56 1260 21 22 A
91 1259 53 27 long
160 1258 61 21 lease
240 1257 25 21 of
280 1256 39 22 the
333 1256 84 21 section
430 1261 59 21 upon
509 1253 72 23 which
601 1253 38 22 the

56 1287 68 21 house
133 1284 76 23 stands
219 1284 44 21 will
272 1284 28 21 be
310 1282 101 28 granted.

82 1311 133 23 Town-land
224 1310 44 23 will
277 1310 28 22 be
313 1310 67 21 taken
390 1310 23 21 in
424 1308 121 27 exchange.

83 1340 43 21 For
133 1338 85 22 further
226 1336 135 29 particulars,
374 1336 65 27 apply
448 1338 23 19 to

376 1373 96 21 George
486 1371 90 26 Duppa,
590 1377 24 15 or

376 1399 34 21 W.
427 1399 28 21 V.
470 1399 102 21 Brewer

59 1448 66 49 TO
143 1447 39 22 BE
202 1446 87 25 SOLD,
304 1446 24 21 in
343 1445 42 22 lo(s
399 1447 23 18 to
442 1444 44 22 suit
503 1442 139 29 purchasers

123 1474 39 22 the
176 1473 71 22 whole
265 1472 94 23 of.town
374 1479 50 14 acre
440 1471 44 22 No.
495 1472 47 24 134,
559 1477 28 14 on
602 1468 39 22 the

58 1502 51 28 plan
120 1501 25 21 of
147 1500 38 22 the
188 1501 68 21 Town
264 1499 25 22 of
293 1498 140 28 Wellington,
439 1498 84 26 having
528 1497 114 26 frontages

58 1534 21 16 to
89 1527 189 23 Taranaki-street
288 1525 45 23 and
343 1526 193 26 Ingestrie-street.
564 1524 77 22 Terms

56 1554 83 23 liberal.
169 1554 76 28 Apply
254 1557 23 17 to

392 1579 35 21 W.
439 1578 28 21 V.
478 1578 108 26 13rewer,

448 1606 193 21 Manners-street.

85 1636 58 22 June
153 1635 32 25 17,
197 1636 60 20 1842.

250 1680 24 20 J.
289 1679 38 20 M.
342 1677 108 26 Taylor,

72 1714 153 23 LICENSED
249 1710 237 25 CUSTOM-HOUSE
510 1710 115 27 AGENT,

164 1755 5 7 t
304 1747 27 13 TE
346 1745 51 15 ARO.

61 1786 86 51 FOR
160 1786 86 25 SALE,
262 1792 28 15 ex
301 1785 116 25 Margaret,
428 1783 49 26 &c,

130 1814 27 21 25
171 1813 79 22 tierces
259 1811 58 27 beef,

86 1842 14 20 3
113 1843 51 19 tons
173 1835 94 27 colonial
277 1838 50 28 hay,

87 1869 12 20 3
112 1870 51 18 tons
173 1867 59 21 Siam
242 1872 71 21 sugar,

86 1896 26 20 30
126 1893 81 22 barrels
216 1891 85 23 bottled
312 1891 40 26 ale,

87 1922 26 21 50
126 1920 66 22 boxes
203 1922 43 25 te.a,

87 1948 26 21 50
126 1947 40 22 ash
175 1954 55 18 oars,

86 1976 27 20 30
126 1977 48 18 tons
183 1973 65 26 coals,

87 2001 57 26 Port,
156 2001 83 26 sherry,
250 1999 44 21 and
305 1999 102 22 Madeira
421 1998 25 22 in
454 1997 77 26 bottle,
543 1996 98 22 Ruther-

38 2048 4 1 -
61 2025 214 31 foj-d^o.d-ClfUKX's-
277 2026 78 23 brand,
367 2043 26 12 ,_„
411 2042 4 6 ,
487 2048 4 3 .
567 2044 4 4 .
603 2042 13 6 ..

87 2051 100 27 Liquers,
197 2058 24 14 in
233 2051 70 21 dozen
314 2056 67 20 cases,

87 2077 150 27 Champagne,

87 2104 97 27 Brandy,
193 2110 58 19 rum,
262 2102 46 22 and
315 2102 37 27 gin
362 2102 25 22 in
395 2102 73 26 hhds.,

87 2133 26 19 30
127 2134 51 18 tons
186 2131 49 20 best
246 2129 88 27 Sydney
343 2129 63 27 flour,

87 2158 26 21 50
127 2160 49 19 tons
186 2156 86 23 Chilian
282 2156 61 26 flour,
356 2163 27 14 ex
395 2156 103 25 Cheerful.
524 2166 3 5 •

371 2189 84 22 Waitt
470 2189 45 22 and
528 2190 85 21 Tyser.

87 2217 112 27 February
212 2218 33 26 10,
257 2217 60 21 1843.

181 2262 39 21 To
237 2262 84 21 Cover
336 2261 54 21 this
404 2262 110 20 Season.

62 2296 89 23 fTIHE
166 2295 109 29 imported
293 2295 174 27 thorough-bred
479 2295 64 21 horse
554 2294 85 27 iEther,

68 2316 29 30 X
120 2323 30 27 by
162 2324 30 21 St.
204 2323 95 24 Patrick,
312 2326 38 17 out
359 2323 25 20 of
395 2322 90 21 Pastille
494 2322 31 27 by
536 2322 91 21 Rubens
633 2329 6 20 ;

60 2350 74 22 foaled
148 2351 24 20 in
183 2351 60 21 1836.
277 2349 42 21 For
333 2349 163 27 performances
506 2349 135 26 seejßacing

60 2376 108 23 Calander
181 2376 35 22 for
236 2377 60 26 1839,
313 2375 45 22 and
368 2376 59 21 1840.
469 2375 48 23 Ten
526 2376 91 25 guineas
627 2382 14 14 a

59 2410 68 15 mare.

85 2437 48 23 The
148 2436 112 29 imported
275 2435 173 28 thorough-bred
458 2436 64 22 horse
539 2435 102 22 Riddles-

59 2464 76 27 worth,
146 2464 30 27 by
186 2463 100 27 Emilius,
304 2465 37 19 out
357 2463 26 21 of
393 2463 77 21 Be-in-
473 2470 20 14 a-
498 2463 96 26 Bonnet,
610 2463 31 27 by

61 2490 120 22 Blacklock
199 2493 40 19 out
258 2490 26 21 of
308 2489 105 27 Maniac;
437 2489 74 22 foaled
536 2489 24 21 in
579 2490 60 22 1837.

59 2518 46 21 Ten
114 2517 92 28 guineas
216 2524 14 14 a
239 2524 67 15 mare.

139 2544 74 28 Apply
222 2547 24 18 to

226 2577 63 23 Hon.
305 2577 49 22 Mr.
371 2577 84 27 Pe^tre,
467 2576 144 28 Wellington.

86 2610 113 26 February
213 2611 33 25 16,
258 2610 59 20 1843.

62 2659 88 23 Union
179 2659 89 21 Steam
297 2659 60 21 Saw
384 2660 55 19 and
467 2658 83 21 Flour
577 2658 63 21 Mill

275 2686 148 26 Company.

61 2717 89 49 THE
178 2717 251 23 SHAREHOLDERS
456 2717 26 21 of
502 2717 38 21 the
564 2716 75 23 Union

113 2763 2 3 .
133 2745 73 21 Steam
217 2745 49 21 Saw
275 2745 46 21 and
330 2744 67 22 Flour
412 2744 52 22 Mill
479 2744 115 27 Company
603 2751 37 14 are

60 2771 116 27 requested
197 2775 24 17 to
244 2774 59 19 meet
326 2774 23 18 at
373 2771 90 21 Messrs.
487 2770 90 22 Brewer
597 2771 44 21 and

61 2797 142 29 Blathwayt's
209 2797 78 28 Office,
293 2798 193 26 Manners-street,
493 2801 22 17 at
524 2799 27 20 12
557 2797 85 22 o'clock

62 2831 26 15 on
103 2825 122 27 Thursday,
235 2824 38 22 the
289 2824 45 22 2nd
347 2825 62 26 May,
421 2827 21 19 to
458 2824 50 22 take
525 2824 47 22 into
587 2831 54 15 con-

61 2851 117 23 sideration
188 2855 91 19 matters
289 2851 27 21 of
320 2851 144 26 importance.

193 2879 35 26 By
239 2878 64 22 order
313 2877 25 23 of
345 2878 36 22 the
392 2878 111 26 Trustees,

410 2912 35 22 W.
461 2912 29 22 V.
506 2912 107 23 Brewer.

87 2940 112 28 February
208 2941 34 26 25,
255 2941 60 21 1843.

223 2992 90 21 Beach
329 2992 145 27 Frontage.

63 3026 63 47 TO
140 3025 39 23 BE
194 3025 65 27 LET,
273 3024 71 24 beach
353 3025 101 28 frontage
468 3025 43 23 lots
522 3026 24 22 in
556 3029 85 18 sect/on

131 3054 42 20 490
183 3059 28 15 on
226 3052 39 22 the
275 3052 56 22 Plan
341 3053 26 21 of
374 3052 37 22 the
421 3053 66 21 Town
501 3053 27 21 of
534 3052 107 28 Welling-

61 3080 44 25 ton,
116 3079 114 26 adjoining
240 3079 44 21 Mr.
291 3079 89 21 Taine's
386 3082 68 24 store;
470 3079 44 21 and
522 3080 25 20 in
557 3080 84 22 section

61 3106 44 26 616,
113 3105 100 25 between
221 3105 75 27 Major
304 3105 90 22 Baker's
404 3105 44 24 and
456 3105 44 23 Mr.
508 3106 133 22 Swainson's

60 3130 87 24 houses.

86 3158 55 22 Also
147 3158 42 26 ,the
197 3158 113 27 following
319 3158 96 22 sections
424 3165 29 15 on
461 3158 39 22 the
506 3159 58 22 Plan
573 3159 24 22 of
603 3159 38 23 the

61 3184 75 28 Town,
146 3185 46 21 viz:
194 3196 28 4 —

161 3212 28 21 55
270 3227 5 5 ,
324 3213 41 20 319
512 3213 42 20 922

148 3239 42 23 240
325 3239 40 22 718
500 3239 54 22 1079

86 3265 74 28 Apply
174 3268 23 19 to

89 3295 5 7 '
233 3292 28 22 E.
276 3292 22 22 J.
313 3292 150 27 Wakefieed,
479 3299 24 15 or

232 3323 37 21 W.
283 3324 29 22 V.
327 3324 107 28 Brewer,
449 3325 192 22 Manners-street.

286 3370 41 21 On
342 3370 69 25 Sale,

62 3401 88 49 THE
179 3401 73 23 NEW
277 3402 151 23 ZEALAND
455 3403 186 28 PORTFOLIO,

131 3428 128 22 conducted
276 3429 30 28 by
324 3429 31 23 H.
372 3431 21 21 S.
412 3431 122 27 Chapman,
557 3431 35 26 (of
604 3431 37 22 the

62 3453 84 24 Middle
153 3455 110 28 Temple,)
274 3456 212 23 Barrister-at-Law.

86 3482 43 22 No.
141 3481 19 23 I.
162 3493 28 4 —
191 3482 22 22 A
228 3482 76 22 Letter
318 3486 24 18 to
359 3483 38 23 the
414 3484 70 27 Right
501 3484 62 23 Hon.
581 3485 61 22 Lord

63 3507 93 29 Stanley,
175 3509 118 27 Secretary
312 3510 26 22 of
352 3511 60 21 State
432 3511 35 22 for
484 3511 37 22 the
543 3512 99 22 Colonial

62 3534 151 28 Department,
288 3535 39 23 the
332 3537 187 23 Administration
525 3539 26 22 of
555 3539 86 22 Justice

62 3560 23 22 in
93 3561 54 23 New

88 3587 42 23 No.
143 3589 32 22 II.
177 3600 28 5 —
206 3589 77 22 Letter
298 3593 22 18 to
336 3589 59 23 John
409 3591 59 22 Abel
483 3592 79 28 Smith,
578 3593 61 28 Esq.,

63 3613 65 30 M.P.,
206 3616 38 22 the
251 3617 143 27 Advantages
400 3618 72 23 which
479 3620 73 21 would
562 3627 78 16 accrue

62 3642 22 20 to
93 3641 92 28 English.
194 3643 125 28 Capitalists
329 3643 57 23 from
395 3641 44 25 the'
442 3646 168 23 establishment
618 3648 25 21 of

64 3673 13 15 a
84 3669 55 20 Loan
150 3671 102 26 Company
261 3670 35 22 for
304 3671 53 20 New
365 3671 99 28 Zealand,
475 3673 84 28 similar
570 3677 22 18 to
602 3674 37 22 the

64 3693 121 26 Australian
194 3697 67 23 Trust

89 3720 40 24 No.
238 3725 38 21 An
287 3723 98 26 Address
393 3728 23 18 to
426 3725 38 22 the
474 3726 55 23 New
540 3727 99 23 Zealand

64 3747 60 24 Land
133 3749 137 29 Proprietors
279 3751 97 22 resident
389 3751 24 23 in
421 3752 38 22 the
468 3753 84 27 United.
567 3754 72 27 King-

64 3773 55 28 dom,
130 3782 29 16 on
172 3777 86 23 several
272 3780 90 22 matters
373 3779 26 21 of
404 3779 136 27 importance
550 3784 23 19 to
583 3781 56 23 their

246 3838 68 16 PRICE
333 3839 116 16 SIXPENCE.
585 3853 8 10 ,

91 3859 82 22 Gazette
183 3862 77 27 Office,
272 3863 87 27 March,
370 3866 61 21 1843.

70 3900 81 25 TUST
164 3904 130 24 OPENED,
302 3907 45 23 and
357 3914 28 16 on
390 3904 55 26 Sale
455 3912 23 19 at
487 3909 37 25 the
534 3910 70 23 Office
616 3910 25 22 of

63 3932 26 16 v
123 3930 43 23 tlus
173 3931 78 28 Pacer,
258 3933 42 23 jak
310 3932 111 29 stanaii.o/
427 3936 87 28 various
524 3937 63 23 sizes.

820 704 87 20 Town
922 703 30 21 of
969 703 135 20 Moreton.

671 738 88 50 FOR
773 736 85 27 SALE,
874 736 38 21 the
926 736 55 21 land
995 734 93 23 situated
1105 738 23 19 at
1142 734 36 23 the
1191 734 62 29 point

752 763 88 22 formed
857 763 31 27 by
906 762 38 21 the
964 761 128 23 confluence
1109 761 26 22 of
1149 760 38 23 the
1205 762 48 21 four

669 791 70 23 rivers
749 798 5 14 :
764 801 30 5 —
803 790 65 26 Hutt,
895 789 112 25 Oukoutu,
1032 788 55 22 Awa
1111 788 73 26 Motu,
1209 786 44 23 and

756 816 113 23 Waiwatu
878 815 53 22 with
940 815 38 22 the
989 822 48 20 sea,-
1044 814 44 23 laid
1098 817 38 19 out
1145 822 24 15 as

670 851 23 22 A
720 849 101 27 TOWN,
852 849 36 22 IN
923 847 208 23 ALLOTMENTS
1165 847 39 23 OF
1232 847 22 21 A

724 875 150 27 QUARTER
894 875 39 23 OF
948 875 46 22 AN
1008 875 81 22 ACRE
1107 875 92 26 EACH,

855 908 53 21 with
919 907 152 22 commodious

670 941 141 28 STREETS,
846 940 115 23 PUBLIC
976 956 6 4 .
995 940 92 26 QUAY,
1121 938 134 24 MARKET

658 973 34 13 «»*
697 969 109 26 MACE,
815 967 144 28 =CHURCH,
974 967 156 27 CEMETRY,
1141 966 86 23 &c.&c.

670 1004 54 22 This
733 1006 50 25 spot
790 1002 20 22 is
820 1002 50 22 well
879 1002 82 22 known
971 1009 24 15 as
1006 1001 38 22 the
1053 1000 52 28 only
1113 1000 63 28 place
1185 1000 24 22 in
1218 1000 36 21 the

672 1031 73 22 Riveil
757 1029 61 22 Hutt
832 1028 74 23 where
917 1035 12 15 a
937 1027 73 28 vesse.l
1027 1027 26 22 of
1063 1035 61 14 more
1139 1027 52 22 than
1207 1027 48 21 four

670 1056 55 30 topil
729 1053 52 29 fa»u
795 1054 106 30 upwards
915 1058 24 19 to
947 1054 78 28 «Jg*ty
1034 1058 42 19 c3n
1089 1054 67 23 reach
1166 1053 43 22 and
1218 1053 38 28 lay-

670 1084 24 22 in
713 1084 71 26 safety
793 1083 25 22 in
837 1089 44 20 any
896 1082 105 27 weather,
1016 1082 46 21 and
1075 1082 24 21 in
1115 1080 55 28 deep
1189 1084 66 19 water

672 1111 57 22 close
740 1113 22 19 to
772 1110 38 21 the
820 1109 72 22 shore.
922 1109 21 22 It
953 1109 18 22 is
981 1108 90 28 pointed
1084 1110 39 19 out
1136 1107 30 27 by
1176 1110 78 19 nature

931 1143 24 14 as
965 1135 38 22 the

672 1170 102 22 DEPOT
794 1170 64 22 FOR
877 1169 64 23 THE
966 1168 144 22 PRODUCE
1129 1168 39 22 OF
1190 1166 65 24 THE

839 1196 86 22 HUTT
937 1195 152 23 DISTRICT.

672 1230 47 23 The
729 1229 122 22 advertiser
859 1229 75 22 leaves
943 1229 18 21 it
970 1231 24 18 to
1002 1228 40 22 the
1050 1228 57 27 good
1117 1235 63 15 sense
1190 1228 26 22 of
1222 1228 33 21 his

672 1256 72 22 fellow
755 1256 103 21 colonists
874 1260 24 17 to
910 1256 72 26 judge
998 1255 25 21 of
1035 1254 37 23 the
1081 1255 99 22 ultimate
1191 1255 64 22 value

672 1283 25 22 of
704 1290 13 15 a
727 1285 89 25 quarter
832 1282 25 22 of
870 1289 28 14 an
915 1289 57 19 acre,
988 1281 73 22 which
1076 1284 22 18 at
1112 1281 38 22 the
1166 1284 89 24 present

671 1312 100 20 moment
778 1309 20 22 is
809 1308 82 22 offered
903 1312 23 18 at
935 1308 36 21 the
981 1308 42 22 low
1033 1308 58 27 price
1102 1308 26 21 of
1137 1309 53 26 £10,
1201 1308 54 21 with

673 1343 13 16 a
694 1336 60 27 right
769 1336 25 21 of
806 1336 94 26 priority
915 1335 24 22 of
952 1334 83 26 choice,
1053 1334 111 28 regulated
1175 1336 29 26 by
1218 1334 37 21 the

672 1363 92 27 priority
782 1362 27 22 of
823 1362 118 27 purchase.
968 1361 50 22 The
1035 1365 46 18 rest
1096 1362 27 21 of
1138 1362 37 21 the
1194 1361 58 26 land,

672 1390 106 26 reaching
787 1390 59 21 from
856 1389 40 22 Dr.
908 1388 94 27 Healy's
1012 1388 37 21 old
1059 1395 67 15 warre
1135 1391 22 18 to
1175 1388 48 22 that
1232 1388 26 21 of

673 1417 39 21 the
733 1416 146 25 advertiser's,
900 1416 68 26 being
985 1415 47 22 laid
1051 1418 49 21 out.
1106 1415 23 21 in
1146 1415 110 22 suburban

674 1443 128 22 allotments
818 1443 25 21 of
855 1445 43 19 two
919 1449 60 14 acres
998 1442 62 21 each.
1088 1442 132 21 Purchasers
1234 1441 24 22 of

674 1474 59 18 town
743 1470 54 21 land
807 1469 57 22 have
874 1477 14 14 a
898 1468 118 23 chance-of
1030 1468 101 27 securing
1140 1475 14 15 a
1161 1469 62 27 piece
1234 1468 24 21 of

674 1496 84 28 garden
782 1496 55 22 land
860 1496 25 21 in
908 1496 38 21 the
969 1494 129 23 immediate
1120 1495 93 27 vicinity
1234 1495 26 21 of

673 1524 113 22 Moreton.

701 1558 82 27 Apply,
799 1564 29 15 on
846 1557 109 27 Tuesday,
967 1556 148 27 Wednesday,
1133 1555 121 27 Thursday,

675 1585 89 27 Friday,
776 1584 44 22 and
832 1584 110 27 Saturday
957 1584 121 26 mornings,
1089 1587 23 17 at
1125 1583 37 21 the
1180 1582 76 22 adver-

674 1611 71 22 tiser's
768 1611 72 27 office,
864 1614 57 18 next
942 1610 54 22 door
1018 1613 23 19 to
1064 1610 36 21 the
1120 1609 135 28 Wellington

673 1639 95 25 Tavern,
781 1637 72 22 where
863 1637 38 21 the
910 1637 53 27 plan
980 1637 48 26 lays
1038 1637 35 21 for
1081 1636 121 27 inspection
1210 1644 6 19 ;
1232 1643 24 14 or

674 1668 22 18 at
706 1672 44 19 any
764 1665 61 26 time,
837 1665 57 21 from
912 1664 108 26 Saturday
1030 1663 33 21 till
1081 1663 99 27 Monday
1190 1670 67 14 even-

672 1692 46 26 ing,
729 1694 23 18 at
761 1691 34 22 his
806 1690 122 27 residence,
941 1697 31 15 on
980 1690 38 22 the
1030 1690 65 22 Hutt.

883 1722 108 22 Charles
1006 1721 26 22 E.
1048 1721 50 22 Yon
1114 1722 115 21 Alzdorf.

700 1757 114 27 February
825 1758 34 25 24,
873 1757 61 21 1843.

858 1808 114 20 Gazette
987 1806 89 21 Office.

673 1840 201 24 STATIONERY
888 1839 195 24 WHOLESALE
1097 1839 21 21 &
1133 1838 122 23 RETAIL.

672 1876 88 48 WE
783 1875 44 27 beg
849 1878 23 18 to
896 1881 115 15 announce
1030 1874 38 21 the
1089 1873 86 26 arrival,
1199 1873 58 21 from

768 1902 111 27 England,
891 1902 25 21 of
924 1902 37 20 the
977 1901 48 21 first
1033 1904 49 23 part
1091 1900 24 21 of
1126 1907 40 14 our
1180 1903 78 18 exten-

671 1929 46 22 sive
727 1930 75 21 orders
811 1929 24 21 in
846 1929 44 21 this
900 1928 142 27 department
1051 1928 26 20 ef
1083 1927 106 21 business.
1211 1926 47 22 Our

672 1956 62 22 stock
744 1955 91 27 already
846 1955 92 22 consists
953 1955 26 21 of
991 1961 67 19 every
1067 1954 74 21 article
1156 1953 102 28 required

671 1983 35 22 for
721 1983 97 26 Schools,
835 1982 82 29 Bank?,
935 1982 85 25 Courts,
1038 1980 54 22 Law
1106 1980 88 24 Offices,
1213 1980 45 21 and

672 2009 89 28 Artists,
773 2011 40 21 &c.
823 2017 4 19 ;
844 2009 74 21 whilst
927 2008 37 22 the
981 2006 136 23 ornamental
1128 2006 43 22 and
1188 2006 69 22 draw-

660 2039 125 23 .irrgrtixTi
800 2035 178 27 ■jta.rfiDnerj'-hM
992 2038 42 17 r_et
1044 2034 26 21 fc»
1077 2040 30 15 .»
1116 2033 141 22 -•TerWkec!.

672 2063 47 22 The
730 2062 128 22 difficulties
867 2061 116 25 attending
991 2060 39 21 the
1038 2059 50 22 first
1094 2058 164 23 establishment

672 2089 82 27 having
763 2089 58 21 been
838 2095 122 19 overcome,
971 2086 45 21 and
1027 2093 66 20 every
1107 2086 80 21 arrival
1201 2086 55 21 from

673 2115 105 28 England
796 2115 85 27 adding
896 2114 59 22 fresh
972 2112 110 23 additions
1096 2116 22 18 to
1133 2119 39 15 our
1187 2112 68 26 stock,

673 2143 45 23 will
734 2142 79 22 enable
827 2149 28 14 us
863 2144 24 18 to
903 2141 80 21 reduce
1001 2147 40 15 our
1056 2140 91 26 charges
1156 2146 29 15 on
1201 2142 57 19 most

672 2170 88 22 articles
769 2173 25 17 at
801 2169 59 21 least
868 2169 27 21 50
903 2175 40 20 per
952 2171 59 18 cent.

701 2196 155 27 Storekeepers
874 2195 43 21 and
936 2194 117 22 wholesale
1073 2193 83 22 dealers
1174 2200 41 14 can
1230 2192 27 22 be

673 2223 101 28 supplied
789 2226 23 18 to
828 2230 43 19 any
881 2225 85 23 extent,
984 2220 43 23 and
1044 2227 29 14 on
1090 2224 65 17 terms
1171 2219 87 27 equally

673 2251 165 25 advantageous
847 2252 23 18 to
880 2256 44 20 any
933 2247 104 23 obtained
1047 2247 23 22 in
1081 2246 94 28 Sydney,

701 2277 94 26 Writing
803 2283 76 20 paper,

701 2303 112 28 Imperial,

701 2330 78 28 Royal,

700 2358 114 26 Foolscap,
827 2356 88 22 various
925 2356 108 27 qualities,

701 2385 71 26 Large
780 2383 62 22 thick
850 2387 57 28 post,
918 2390 62 15 wove
990 2382 47 22 and
1046 2382 52 26 laid,

700 2411 57 22 Thin
767 2413 56 24 post,
834 2410 64 26 ditto,

702 2439 55 21 Fine
766 2437 54 22 bath
830 2440 56 25 post,
898 2436 47 28 gilt.

701 2464 88 23 Double
804 2464 113 27 elephant,
933 2463 149 27 antiquarian,
1096 2462 106 29 imperial,
1214 2462 44 22 and

673 2491 63 28 royal
745 2492 100 26 drawing
853 2498 74 21 paper,

702 2519 90 26 Oblong
802 2517 91 28 clasped
902 2516 169 23 memorandum
1081 2516 75 27 books,

701 2546 86 22 French
796 2545 86 26 tracing
891 2551 74 21 paper,

700 2573 89 22 Ladies'
799 2572 45 22 and
853 2570 148 29 gentlemen's
1011 2570 54 22 card
1074 2577 66 19 cases,

701 2600 63 22 Ditto
834 2599 36 21 do.
926 2597 73 22 tinted
1008 2597 47 22 and
1065 2596 114 23 embossed
1185 2596 71 28 cards,

701 2627 94 27 Sponge,
806 2625 79 23 wafers
894 2625 24 21 in
927 2626 14 20 2
950 2632 34 14 oz.
993 2625 77 25 boxes,

700 2654 69 22 Black
785 2653 56 26 edge
861 2651 46 23 and
924 2651 116 27 bordered,
1060 2651 64 22 letter
1142 2650 45 22 and
1206 2653 51 19 note

673 2688 74 20 paper.

701 2707 91 22 Invoice
802 2707 75 26 books,
888 2705 54 22 with
952 2705 99 28 indexes,
1062 2705 88 22 various
1159 2705 63 26 sizes,

701 2734 58 22 Cash
764 2733 78 28 books,
853 2733 64 22 ruled
927 2731 89 28 double,
1026 2732 86 22 various
1122 2732 62 26 sizes,

701 2761 131 26 Envelopes,

701 2788 85 22 Pewter
792 2787 125 26 inkstands,

701 2815 80 26 Ebony
789 2814 125 27 inkstands,
924 2813 54 22 with
987 2813 102 26 drawers,

701 2841 73 22 Broad
786 2841 44 21 and
839 2848 86 14 narrow
935 2847 67 20 green
1012 2840 42 22 silk
1065 2839 85 26 ribbon,

701 2867 65 23 Brief
773 2867 46 23 and
828 2867 59 23 deed
894 2874 75 21 paper,

701 2894 74 23 Ruled
785 2902 68 20 paper
861 2894 35 22 for
905 2893 40 23 bill
954 2893 76 26 heads,

701 2921 73 28 Royal
790 2921 68 27 nand,
871 2920 81 22 double
968 2920 62 22 hand
1044 2921 85 26 brown,
1145 2919 45 23 and
1198 2919 61 28 royal

673 2949 76 22 brown
759 2948 116 27 wrapping
882 2954 75 21 paper,

701 2975 100 28 Ledgers
811 2975 45 21 and
865 2977 96 19 account
969 2973 77 27 books,
1058 2973 86 23 various
1155 2974 61 26 sizes,

701 3002 84 22 Pocket
792 3001 89 28 ledgers
891 3001 44 22 and
944 3000 169 23 memorandum
1121 3001 77 26 books,

701 3029 120 27 Engraved
831 3036 57 20 copy
895 3029 54 27 slips
957 3027 46 23 and
1012 3027 78 27 books,

701 3057 53 21 Best
762 3055 81 23 Welch
853 3055 67 23 slates
935 3055 62 27 large
1004 3054 45 23 and
1059 3053 70 28 small,

701 3083 74 22 Blank
784 3083 72 21 music
865 3083 60 21 book

701 3110 104 27 Message
814 3109 72 28 cards,

701 3136 110 22 Coloured
822 3144 81 20 papers

701 3165 72 25 Sugar
781 3170 87 21 papers,

702 3190 59 22 Note
771 3197 87 21 papers,
878 3208 4 3 .

700 3217 94 27 Playing
804 3217 70 27 cards,
885 3217 105 23 coloured
1001 3217 43 22 and
1050 3216 53 29 gold
1112 3216 73 29 backs,

701 3245 61 26 Copy
771 3243 78 28 books,

700 3270 71 23 Black
779 3269 53 23 lead
839 3269 92 29 pencils,

701 3297 65 22 India
774 3297 89 26 rubber,
875 3297 71 22 bottle
956 3297 45 22 and
1013 3300 86 25 patent,

677 3340 5 4 -
700 3324 68 28 Ivory
777 3323 84 23 folders
870 3323 47 23 and
925 3324 86 27 knives,

701 3351 47 22 Pen
759 3351 85 26 knives,

701 3377 86 27 Rulers,
797 3377 84 28 pocket
889 3377 77 28 books,

701 3404 73 23 Blank
782 3404 53 22 bills
845 3405 25 21 of
877 3405 124 27 exchange,

701 3431 77 22 Letter
786 3431 46 21 and
841 3431 41 22 bill
892 3431 60 27 files;

701 3457 44 22 Ink
754 3457 43 22 and
806 3458 40 21 ink
855 3458 107 28 powders,

701 3483 75 23 Bibles
785 3484 44 22 and
839 3488 135 25 testaments,

701 3510 98 28 Spelling
807 3511 77 27 books,
894 3513 95 27 various,

701 3537 100 27 Primers,

701 3563 124 23 Children's
834 3565 71 22 books
914 3565 25 22 in
948 3568 63 25 great
1019 3565 94 29 variety,

700 3591 115 22 Seamen's
824 3591 89 23 articles
922 3593 26 20 of
954 3596 138 23 agreement.

700 3617 73 24 Blank
783 3618 171 23 Custom-house
968 3620 75 26 forms,
1061 3619 37 22 for
1113 3620 142 26 auctioneers,

672 3644 47 22 and
728 3643 29 23 all
766 3644 38 22 the
821 3645 64 22 other
894 3645 176 26 Custom-house,
1075 3646 68 23 forms
1152 3646 33 23 for
1195 3647 61 22 Mer-

671 3671 85 21 chants.
1090 3670 10 10 *

700 3697 113 23 Seamen's
822 3697 101 23 advance
933 3702 72 19 notes.

700 3724 138 27 Log-books.

698 3751 74 22 Blank
782 3752 68 26 writs,

725 3796 65 21 Port
804 3796 155 22 Nicholson
971 3798 59 23 and
1039 3798 162 27 Wanganui.

671 3828 165 50 SEVERAL
851 3830 70 22 Town
936 3831 46 22 and
998 3832 100 27 Country
1117 3833 98 24 Sectipns
1233 3833 25 21 in

736 3855 61 23 these
808 3857 95 23 districts
912 3860 24 20 to
945 3858 29 22 be
983 3858 51 22 sold
1043 3866 25 14 or
1082 3856 39 25 let.
1150 3859 44 22 For
1206 3866 51 21 par-

668 3882 92 22 ticulars
769 3883 46 22 and
824 3886 75 25 terms,
910 3884 66 29 apply
986 3888 24 18 to

976 3916 96 22 Robert
1087 3916 27 22 R.
1129 3916 100 23 Strang,

664 3960 3 5 ,
697 3940 89 27 Anguit
794 3942 21 25 4,
827 3942 62 22 1842.
901 3960 5 3 .
992 3941 42 26 T.
1072 3940 4 6 '

1307 701 59 21 Sale
1383 701 32 21 of
1427 701 93 20 Books
1535 701 38 25 by
1591 701 96 21 Public
1702 700 129 22 Auction.

1286 734 88 47 MR.
1399 732 221 24 FITZHERBERT
1644 733 40 22 has
1707 734 104 22 received
1833 734 34 21 in-

1373 760 118 22 structions
1498 760 58 22 from
1567 767 13 14 a.
1589 760 133 22 Gentleman
1730 761 90 26 leaving
1830 760 37 22 the

1284 786 89 28 Colony,
1383 790 23 19 to
1417 786 40 23 sell
1507 786 79 22 Public
1601 786 103 28 Auction,
1716 795 28 14 on
1755 786 110 28 Tuesday,

1284 814 46 21 21st
1340 814 90 21 instant.

1310 840 149 22 Avaluable
1474 847 139 14 collection
1629 847 26 14 of
1670 840 91 27 Books,,
1765 840 102 27 together

1285 866 52 22 with
1346 873 13 15 a
1368 866 41 23 few
1419 867 108 22 Musical
1543 866 169 23 Instruments.

1300 903 3 4 1
1333 899 120 26 Catalogues
1460 900 45 20 will
1513 900 23 20 be
1542 900 88 26 printed
1637 900 44 20 and
1689 900 131 22 distributed.

1283 943 13 8 ./
1310 930 49 23 The
1376 931 58 26 Sale,
1441 931 45 22 will
1492 929 62 27 Jake
1568 931 72 28 place,
1647 936 24 17 at
1684 939 44 15 one
1742 932 92 23 o'clock,
1845 935 24 20 at

1287 957 33 22 •he
1331 957 135 28 Exchanger

1476 992 74 15 TERMS
1565 992 29 15 AT
1608 993 62 16 SALE.

1295 1015 96 22 wMarch
1402 1016 32 26 17,
1448 1017 58 21 1843.
1701 1033 7 6 ,

1368 1061 246 27 GOVERNMENT
1642 1065 140 24 NOTICE.

1512 1110 2 5 ■
1523 1101 75 22 Police
1608 1101 76 27 Office,
1695 1101 143 29 Wellington,

1576 1127 80 23 March
1665 1130 34 25 10,
1710 1130 61 21 1843.

1364 1159 112 21 Annual
1489 1159 148 26 Licensing
1650 1159 134 29 Meeting.

1284 1193 145 49 NOTICE
1453 1193 28 23 IS
1505 1193 129 22 HEREBY
1657 1193 107 28 GIVEN,
1786 1194 48 22 that
1854 1202 13 14 a

1366 1220 98 22 General
1483 1220 100 27 Meeting
1603 1220 24 22 of
1645 1220 97 22 Justices
1758 1221 26 21 of
1803 1221 64 27 Petty

1286 1247 103 27 Sessions,
1401 1247 76 27 acting
1490 1247 24 21 in
1530 1247 44 21 and
1589 1247 34 21 for
1632 1247 39 21 the
1681 1246 85 23 district
1778 1247 26 21 of
1816 1248 53 21 Port

1284 1273 127 28 Nicholson,
1423 1273 44 23 will
1476 1274 27 21 be
1514 1273 53 23 held
1582 1277 24 19 at
1620 1273 43 23 this
1674 1274 70 22 Office
1755 1281 28 15 on
1799 1274 68 22 Tues-

1285 1300 49 28 day,
1347 1301 36 21 the
1398 1301 53 21 18th
1463 1301 43 26 day
1521 1301 28 21 of
1560 1300 71 27 April,
1643 1301 59 25 1843,
1715 1303 23 19 to
1753 1301 52 22 take
1821 1301 46 21 into

1285 1327 161 22 consideration
1457 1327 57 22 such'
1526 1327 143 28 application^
1683 1327 34 22 for
1727 1327 105 23 Licenses
1846 1335 23 13 as

1284 1360 47 21 may
1339 1356 50 19 have
1399 1355 49 20 been
1457 1355 72 25 lodged
1536 1355 53 19 with
1601 1361 32 14 me
1648 1360 26 14 on
1689 1360 25 14 or
1723 1355 69 25 before
1804 1355 64 21 Tues-

1285 1382 46 27 day,
1338 1382 38 21 the
1385 1381 40 22 4th
1434 1381 43 26 day
1484 1381 25 21 of
1516 1381 65 27 April
1590 1384 60 23 next,
1661 1381 72 22 under
1744 1382 125 27 provisions

1288 1409 24 21 of
1324 1409 37 21 the
1372 1409 48 21 Act
1426 1408 26 22 of
1458 1408 99 27 Council,
1569 1409 13 21 2
1594 1408 104 27 Victoria,
1709 1409 44 21 No.
1764 1408 103 28 XVIII.,

1286 1436 26 21 of
1319 1437 61 21 1838.

1500 1462 98 22 Alfred
1611 1461 28 22 R.
1655 1462 122 28 Ciietiiam,

1343 1506 4 5 ■
1556 1493 64 22 Clerk
1630 1494 26 21 of
1662 1494 64 27 Petty
1735 1494 106 23 Sessions.

1288 1538 191 23 BOROUGH
1509 1538 48 22 OF
1585 1538 282 23 WELLINGTON.

1461 1593 95 21 Public
1585 1594 105 20 Notice.

1288 1627 95 49 ANY
1406 1627 121 22 PERSON
1552 1627 96 22 desirous
1673 1627 25 22 of
1718 1628 88 26 cutting
1825 1627 45 21 and

1353 1654 101 27 carrying
1464 1661 60 19 away
1532 1654 91 22 Timber
1632 1661 25 14 or
1663 1654 136 21 Brushwood
1808 1654 63 27 lying

1289 1689 22 13 or
1325 1681 105 26 standing
1446 1688 28 13 on
1490 1688 43 20 any
1543 1681 25 20 of
1585 1681 36 21 the
1636 1681 57 21 lines
1703 1681 25 21 of
1740 1681 38 22 the
1789 1682 82 21 Streets

1270 1703 2 25 I
1288 1708 75 21 within
1373 1708 36 21 the
1420 1708 47 21 said
1477 1708 112 27 Borough,
1601 1715 24 14 or
1634 1715 61 20 upon
1705 1708 63 21 those
1778 1710 61 25 parts
1848 1708 26 21 of

1288 1735 36 21 the
1333 1735 76 21 Public
1418 1735 96 22 Reserve
1525 1741 24 15 as
1559 1742 52 20 may
1618 1735 29 21 be
1657 1738 33 18 set
1700 1738 38 18 out
1745 1735 35 21 for
1788 1734 81 27 Roads,
1876 1753 2 4 .

1288 1765 59 18 must
1365 1761 67 28 apply
1446 1764 24 19 to
1485 1761 38 22 the
1539 1762 70 21 Town
1626 1761 72 22 Clerk.
1727 1761 39 22 All
1780 1768 93 21 persons,

1289 1788 68 22 found
1368 1789 90 26 cutting,
1469 1788 101 28 carrying
1585 1795 67 20 away,
1664 1795 24 14 or
1703 1788 115 22 otherwise
1834 1788 37 21 da-

1266 1834 2 5 .
1289 1816 90 26 .naging
1389 1823 24 14 or
1423 1815 128 27 destroying
1560 1815 39 22 the
1605 1822 65 19 same,
1679 1815 56 22 after
1739 1815 44 21 this
1789 1815 81 26 notice,

1288 1842 92 22 without
1389 1842 71 26 leave,
1471 1842 44 22 will
1525 1842 29 22 be
1568 1842 131 28 prosecuted
1714 1841 120 27 according
1848 1845 23 18 to

1288 1868 50 23 Taw.

1587 1896 58 22 Geo.
1660 1896 92 26 White,

1690 1929 67 22 Town
1771 1929 73 22 Clerk.

1316 1956 72 22 Dated
1399 1957 50 21 10th
1461 1957 86 26 March,
1559 1957 61 21 1843.

1271 1997 3 35 j
1474 2002 92 20 House
1583 2002 30 20 to
1627 2002 57 20 Let.

1270 2031 52 28 t^A
1368 2035 238 23 eOOIX-^scL'e.texitial
1625 2035 73 25 ho-ree,
1716 2035 50 20 viHi
1781 2034 90 22 \if-he-i

1289 2065 51 18 XX.
1367 2062 42 20 and
1419 2061 135 26 out-houses,
1567 2065 22 17 to
1598 2062 32 20 let
1639 2062 23 20 in
1679 2062 192 20 Manners-street.

1289 2088 44 22 For
1347 2088 137 28 particulars,
1496 2088 65 27 apply
1573 2091 22 18 to
1608 2088 43 21 Mr.
1663 2088 118 21 Bkbwer's
1794 2088 78 21 Office.

1335 2133 272 20 ROWLAND'S
1633 2133 194 24 ODONTO,

1565 2172 36 19 OR,

1417 2198 103 22 PEARL
1544 2198 198 27 DENTIFRICE,

1279 2234 49 48 A
1358 2234 102 20 WHITE
1476 2233 134 26 POWDER,
1622 2233 27 25 of
1660 2233 96 20 Oriental
1763 2234 71 19 Herbs
1851 2233 25 21 of

1369 2260 36 21 the
1425 2263 59 18 most
1493 2260 112 26 delightful
1608 2260 123 26 fragrance.
1733 2271 27 4 —
1761 2260 22 21 It
1803 2260 70 21 eradi-

1290 2290 58 19 cates
1361 2288 76 20 Tartar
1447 2286 44 22 and
1502 2286 98 28 decayed
1611 2287 63 25 Spots
1684 2288 56 21 from
1752 2286 36 22 the
1800 2288 70 25 Teeth,

1289 2321 112 24 preserves
1410 2314 38 21 the
1458 2315 92 25 Enamel,
1562 2314 43 21 and
1616 2314 54 21 fixes
1681 2313 36 22 the
1728 2315 62 20 Teeth
1801 2314 71 27 firmly

1289 2348 23 14 in
1320 2341 57 22 their
1384 2340 93 27 sockets,
1484 2341 122 26 rendering
1612 2340 61 22 them
1680 2342 107 25 delicately
1795 2342 76 20 White.

1289 2367 73 28 Being
1384 2375 28 14 an
1437 2368 188 26 Anti-Scorbutic,
1650 2368 18 21 it
1690 2368 121 22 eradicates
1835 2368 37 21 the

1290 2394 85 28 Scurvy
1384 2398 57 18 trom
1458 2394 38 22 the
1507 2396 70 25 Gums,
1590 2396 135 26 strengthens,
1740 2396 77 26 braces,
1829 2394 43 22 and

1289 2421 91 22 renders
1389 2422 61 21 them
1467 2422 24 21 of
1503 2429 13 14 a
1524 2422 91 27 healthy
1625 2422 50 22 reds
1689 2423 18 21 it
1714 2430 103 14 removes
1830 2429 41 14 un-

1289 2447 100 27 pleasant
1407 2451 67 18 tastes
1488 2448 57 22 from
1563 2449 38 21 the
1617 2449 85 27 mouth,
1719 2449 72 22 which
1811 2449 61 22 often

1289 2476 85 21 remain
1385 2475 57 22 after
1457 2475 79 28 fevers,
1548 2476 77 27 taking
1640 2476 117 26 medicine,
1769 2477 48 26 &c,
1829 2475 45 23 and

1289 2501 91 28 imparts
1390 2510 13 13 a
1411 2502 113 26 delightful
1530 2503 118 26 fragrance
1658 2505 22 19 to
1690 2503 37 21 the
1737 2503 86 22 breath.

1357 2536 63 22 Price
1430 2538 32 20 2s.
1472 2537 37 21 9d.
1518 2544 40 20 per
1566 2537 54 27 box,
1630 2537 56 27 duty
1695 2537 115 22 included.

1289 2571 51 23 Sag'
1357 2570 127 22 Notice—
1484 2571 47 21 The
1547 2571 73 22 Name
1630 2571 45 22 and
1690 2571 100 23 Address
1799 2571 27 22 of
1836 2571 37 22 the

1511 2597 142 28 Proprietors,

1288 2630 29 20 A.
1336 2630 154 21 ROWLAND
1505 2630 19 27 8f
1539 2630 65 25 SON,
1620 2631 34 26 20,
1674 2631 83 20 Hatton
1783 2630 88 26 Garden,

1513 2667 3 5 •
1536 2658 94 21 London.

1289 2695 38 16 are
1337 2689 112 27 engraved
1460 2697 28 14 on
1497 2688 38 23 the
1547 2690 150 21 Government
1707 2690 82 27 Stamp,
1801 2689 73 22 which

1289 2716 20 21 is
1318 2716 76 27 pasted
1406 2723 28 15 on
1446 2716 37 22 the
1662 2716 44 22 and
1745 2717 97 21 Odonto

1290 2742 45 22 also
1341 2742 94 28 printed,
1448 2743 26 21 in
1488 2744 43 26 red,
1542 2751 28 13 on
1587 2743 37 21 the
1638 2743 108 28 Wrapper
1760 2743 25 22 in
1802 2743 72 22 which

1291 2769 37 22 the
1338 2770 101 27 Kalydor
1448 2770 20 22 is
1477 2770 110 22 enclosed.

1318 2804 108 21 Beware
1446 2804 31 21 of
1489 2804 183 21 Counterfeits
1681 2804 5 21 !
1694 2804 6 21 !
1716 2803 117 29 composed
1850 2803 26 22 of

1291 2829 37 22 the
1337 2834 59 18 most
1404 2831 124 27 pernicious
1538 2831 45 21 and
1593 2831 74 27 trashy
1676 2831 142 27 ingredients,
1830 2830 43 22 and

1289 2857 73 22 which
1373 2865 37 14 are
1424 2858 126 28 frequently
1559 2858 89 27 pressed
1665 2864 61 21 upon
1735 2858 36 21 the
1782 2864 92 20 unwary

1289 2884 72 22 under
1371 2884 37 22 the
1417 2884 49 23 lure
1477 2885 26 21 of
1509 2885 57 26 being
1576 2886 70 25 cheap.

1311 2918 31 22 Be
1352 2925 50 15 sure
1411 2922 23 18 to
1446 2919 38 21 ask
1558 2919 159 21 Rowland's
1750 2918 103 22 Articles.

1291 2952 51 23 Sold
1349 2953 31 27 by
1385 2961 67 19 exery
1460 2954 128 22 Perfumer
1594 2953 45 22 and
1646 2953 122 22 Medicine
1775 2953 98 22 Vender

1392 2980 136 28 throughout
1536 2980 38 22 the
1583 2980 103 22 civilized
1695 2980 76 25 world.

1314 3027 35 18 The
1359 3027 79 18 FIRST
1446 3027 188 19 PRODUCTIONS
1643 3028 22 17 in
1676 3027 31 18 the
1716 3025 94 20 WORLD
1818 3028 35 21 for

1290 3057 54 21 The
1355 3057 104 22 HAIR!
1475 3057 55 21 The
1540 3056 101 22 SKIN!!
1657 3057 55 21 The
1724 3057 148 22 TEETH!!!

1456 3106 251 24 ROWLAND'S

1375 3140 31 20 M
1420 3140 26 21 A
1462 3139 59 21 C-A
1535 3139 48 20 SS
1597 3140 26 20 A
1637 3140 24 21 R
1698 3140 94 25 OIL,

1418 3181 14 15 A
1447 3180 131 15 VEGETABLE
1593 3180 152 15 PRODUCTION.

1291 3207 92 27 rpHE
1394 3207 53 27 only
1456 3207 77 22 article
1548 3206 49 22 that
1606 3207 108 27 produces
1724 3207 44 22 and
1781 3210 93 19 restores

1298 3225 30 31 X
1339 3234 93 26 HAIR;
1440 3234 47 22 also
1492 3233 380 29 WHISKERS,MUSTACHIOS,

1290 3260 45 22 and
1343 3260 181 23 EYE-BROWS
1531 3269 5 19 ;
1552 3264 105 24 prevents
1662 3262 59 19 Hair
1726 3262 59 22 from
1794 3261 80 28 falling

1291 3288 33 21 off
1329 3295 25 14 or
1363 3288 90 28 turning
1468 3295 54 21 grey
1532 3292 22 17 to
1570 3287 38 22 the
1623 3287 66 24 latest
1695 3288 79 28 period
1790 3288 26 22 of
1821 3288 39 22 life
1867 3296 5 20 ;

1291 3314 96 28 changes
1396 3322 53 20 grey
1459 3314 50 23 hair
1518 3318 23 19 to
1550 3315 29 21 its
1589 3314 94 27 original
1694 3323 94 14 -colour
1788 3326 27 4 —
1815 3315 59 22 frees

1288 3341 19 22 it
1321 3342 57 22 from
1387 3342 67 27 scurf,
1466 3342 43 22 and
1526 3341 77 22 makes
1617 3342 19 21 it
1648 3341 132 28 beautifully
1790 3342 82 27 SOFT,

1290 3368 110 28 CURLY,
1418 3368 45 23 and
1481 3367 125 24 GLOSSY.
1635 3367 27 22 In
1674 3368 99 28 dressing
1782 3368 90 28 HAIR,

1288 3394 19 21 it
1320 3394 69 29 keeps
1396 3396 19 22 it
1423 3396 51 21 firm
1488 3395 73 22 inthe
1576 3396 54 23 curl,
1639 3394 119 28 uninjured
1773 3396 31 26 by
1813 3397 61 25 damp

1288 3423 97 27 weather,
1403 3423 95 21 crowded
1512 3429 73 19 rooms,
1602 3422 38 21 the
1653 3422 70 23 dance,
1747 3429 25 15 or
1789 3424 24 21 in
1834 3423 37 22 the

1289 3450 98 22 exercise
1395 3450 25 22 of
1425 3450 77 26 riding.
1531 3450 32 21 To
1571 3450 104 26 Children,
1681 3450 20 21 it
1710 3450 18 21 is
1737 3450 134 27 invaluable,

1289 3483 25 14 as
1331 3477 18 21 it
1362 3476 48 28 lays
1429 3478 18 21 a'
1456 3476 133 23 foundation
1608 3476 36 23 for
1661 3483 15 15 a
1693 3476 180 23 BEAUTIFUL

1288 3502 91 23 HEAD
1394 3504 40 22 OF
1449 3503 90 23 HAIR.

1299 3549 8 5 *
1316 3538 43 21 ON
1373 3537 212 27 PURCHASING,
1601 3537 120 27 (Beware
1738 3537 32 22 of
1782 3537 91 22 Coun-

1288 3564 104 22 terfeits
1403 3565 5 21 !
1417 3565 17 26 !)
1453 3564 40 23 ask
1510 3564 34 22 for
1589 3564 137 22 Rowland's
1746 3564 128 23 Macassar

1353 3603 29 4 —
1383 3592 44 22 and
1446 3598 37 15 see
1502 3591 50 22 that
1567 3591 64 22 those
1648 3591 73 22 words
1736 3598 37 15 are
1790 3598 29 15 on
1835 3591 38 22 the

1288 3617 113 29 envelope,
1410 3619 54 22 with
1473 3618 38 22 the
1521 3618 118 27 Signature
1648 3617 43 23 and
1697 3617 106 28 Address,
1813 3619 58 26 thus,

1315 3652 28 22 A.
1354 3652 162 23 ROWLAND
1526 3652 21 22 &
1557 3651 66 28 SON,
1635 3653 32 26 20,
1676 3651 86 23 Hatton
1773 3652 98 28 Garden,

1552 3678 103 23 London.

1387 3713 193 27 Counter-signed,
1592 3712 94 23 ALEX.
1702 3713 170 22 ROWLAND.

1279 3763 2 4 .
1315 3746 33 22 To
1364 3753 80 15 ensure
1458 3746 37 22 the
1514 3746 95 28 genuine
1623 3746 86 27 article;
1721 3753 35 15 see
1773 3747 48 21 that
1834 3749 38 19 the

1288 3773 61 23 word
1364 3773 137 22 "Rowland's
1520 3774 110 20 Macassar
1711 3780 38 15 are
1759 3780 113 20 engraven

1288 3807 29 14 on
1328 3800 37 22 the
1372 3800 59 22 back
1443 3801 26 21 of
1475 3801 39 23 the
1524 3800 108 28 envelope
1648 3800 78 26 nearly
1736 3801 58 21 1500-
1800 3801 71 26 times,

1288 3827 129 27 containing
1425 3828 78 26 29,028
1512 3827 76 23 letters
1588 3838 27 5 —
1617 3833 105 15 without
1739 3834 54 15 this
1810 3834 62 15 none

1288 3861 22 14 is
1326 3860 110 22 genuine

1288 3885 64 22 Price
1361 3887 33 20 3s.
1404 3884 35 22 6d.
1447 3893 6 18 ;
1466 3885 31 22 75.
1504 3893 6 18 ;
1526 3885 88 26 Family
1630 3884 91 28 Bottles,
1734 3884 138 28 (containing

1314 3912 50 21 four
1372 3911 83 26 small,)
1462 3912 45 21 10s.
1516 3912 44 26 6d.,
1571 3911 45 22 and
1625 3911 82 22 double
1717 3911 49 22 that
1775 3912 45 22 size
1825 3913 48 21 21s.

1315 3945 39 20 per
1362 3937 78 23 bottle.

1900 703 44 26 f^\
1954 701 105 22 EORGE
2084 701 114 23 BRIGGS
2219 703 54 29 beg>
2295 707 23 18 to
2340 705 84 22 inform
2442 705 38 22 the

1900 726 53 24 VJ
1980 731 79 24 gentry
2078 729 43 21 and
2135 729 139 23 inhabitants
2292 729 32 23 of
2334 731 144 28 Wellington,

1897 753 50 22 that
1952 753 29 23 he
1991 755 41 21 has
2042 754 67 23 taken
2123 755 37 22 the
2175 755 69 23 Hotel
2258 757 67 28 lately
2335 759 107 26 occupied
2450 759 30 26 by

1898 780 44 21 Mr.
1958 780 85 27 Lodge,
2058 785 25 19 at
2101 781 45 23 Kai
2162 781 86 28 Warra,
2259 783 73 22 which
2349 784 29 23 he
2394 785 86 28 opened

1896 807 125 28 yesterday,
2046 807 109 28 Tuesday,
2180 809 82 22 March
2282 809 37 23 the
2350 810 57 28 14th,
2435 811 45 22 and

1897 833 106 28 trust3T)y
2013 835 116 27 attention,
2140 835 45 22 and
2192 835 85 28 having
2291 837 81 28 always
2382 844 34 15 on
2420 837 60 22 hand

1897 859 78 23 Wines
1980 861 48 23 and
2040 861 120 28 Spirits^of
2174 861 37 23 the
2228 870 54 20 very
2291 863 49 23 best
2349 865 93 27 quality,
2457 867 22 19 to

1897 887 67 22 merit
1973 894 13 15 a
1994 887 64 23 sliare
2069 888 26 22 of
2102 888 57 22 their
2167 892 97 25 support.

1925 918 117 31 G.Bngffa
2059 920 100 29 intend
2164 920 110 28 iipishing.
2286 921 38 23 the
2340 922 83 28 house,'
2435 922 45 23 aiul

1897 945 159 28 faraishibg*i£
2061 945 31 24 Yin
2102 948 105 21 iirst-rate
2215 952 63 23 style,
2288 950 24 20 in
2321 949 36 21 the
2371 954 77 17 course
2458 949 22 21 of

1898 979 13 14 a
1926 971 44 22 few
1973 997 5 6 4
1985 973 79 26 weeks,
2080 973 52 27 and,
2148 973 25 22 in
2189 974 38 21 the
2241 981 66 15 mean
2321 974 73 28 while,
2415 982 65 21 every

1896 999 105 27 requisite
2018 1001 108 20 attention
2141 1000 48 22 will
2200 1001 28 21 be
2243 1001 52 27 paid
2304 1004 24 19 to
2337 1001 38 22 the
2385 1002 95 22 comfort

1898 1025 25 21 of
1930 1025 38 22 the
1977 1025 82 28 public.

1928 1059 78 21 March
2018 1061 33 25 11,
2063 1061 59 20 1843.

2136 1105 109 21 Notice.

1899 1136 90 36 rpHE
2005 1137 240 28 UNDERSIGNED,,
2265 1138 83 28 having
2367 1139 83 28 caught
2469 1147 11 14 a

1906 1159 29 26 X
1974 1164 59 21 Goat
2041 1165 23 21 in
2074 1164 35 22 his
2120 1164 97 28 Garden,
2226 1166 57 21 after
2292 1165 69 28 doing
2369 1166 111 22 consider-

1899 1190 49 22 able
1965 1190 99 28 damage,
2073 1192 62 26 gives
2149 1192 80 26 notice,
2246 1192 49 22 that
2309 1193 18 21 it
2338 1192 43 22 will
2397 1193 28 21 be
2435 1193 45 22 sold

1897 1219 24 19 to
1937 1216 77 29 defray
2024 1225 116 20 expences,
2156 1218 21 21 if
2187 1221 40 19 not
2242 1219 96 21 claimed
2351 1219 79 22 within
2443 1223 37 18 ten

1899 1243 62 27 days.

2180 1271 35 22 W.
2231 1272 141 27 Bannister,

2271 1305 188 28 Lambton-quay.

1929 1329 82 23 March
2022 1331 33 26 14,
2067 1330 59 24 1843.

2136 1384 106 20 Notice.

1900 1414 91 49 ALL
2005 1414 93 23 Persons
2113 1415 105 23 indebted
2233 1420 22 18 to
2274 1416 37 24 the
2325 1418 158 27 undersigned,

1965 1441 22 22 J.
1994 1441 97 27 Scholes,
2100 1449 37 15 are
2143 1444 118 26 requested
2268 1446 22 19 to
2298 1451 43 20 pay
2349 1444 37 22 the
2392 1448 92 19 amount

1900 1468 25 21 of
1937 1468 55 21 their
2011 1469 85 21 several
2111 1468 62 23 debts
2187 1473 22 18 to
2228 1470 44 22 Mr.
2290 1470 67 28 King,
2373 1472 108 26 Solicitor,

1900 1494 50 22 who
1959 1495 19 22 is
1987 1494 126 23 authorised
2122 1496 29 27 by
2161 1503 36 15 me
2206 1500 23 18 to
2238 1498 87 21 receive
2339 1498 37 21 the
2387 1505 68 16 same.

2309 1530 23 22 J.
2348 1531 109 23 Scholes.

1901 1581 300 22 HOLLOWAY'S
2229 1583 255 23 OINTMENT.

2007 1615 233 26 HOLLOWAY'S
2262 1616 111 26 PILLS.

1901 1669 312 23 EXTRAORDINARY
2223 1672 93 21 CURE
2332 1672 31 22 of
2370 1679 17 14 a
2397 1674 87 21 CASE

2075 1698 227 26 ABANDONED,

1902 1729 34 22 By
1947 1729 97 27 GUY'S,
2056 1738 45 14 the
2111 1731 254 28 METROPOLITAN,
2376 1733 107 24 KING'S

1952 1756 149 28 COLLEGE,
2117 1765 46 14 and
2178 1758 147 22 CHARING
2339 1760 92 22 CROSS

2104 1784 179 23 HOSPITALS.

1902 1816 54 22 This
1971 1816 54 22 Fact
2041 1824 42 15 was
2100 1817 109 23 SWORN
2229 1818 40 23 TO
2285 1818 43 23 this
2346 1820 37 21 Bth
2403 1820 44 28 day
2461 1821 23 21 of

1930 1843 86 27 March,
2025 1845 59 23 1842,
2093 1844 77 21 before
2182 1844 36 23 the
2227 1845 71 27 Right
2307 1846 132 22 Honorable
2446 1848 38 22 the

1930 1870 61 21 Lord
2000 1870 86 27 Mayor,
2098 1874 23 18 at
2130 1870 36 23 the
2182 1872 192 23 Mansion-house.

2020 1904 139 25 Summary
2181 1904 30 21 of
2229 1905 137 21 Affidavit.

1902 1935 101 48 WM.
2019 1935 134 27 BROOKE,
2170 1936 137 28 Messenger,
2328 1938 25 21 of
2363 1940 19 24 2,
2399 1938 85 23 Union-

1998 1964 73 24 street,
2079 1962 136 27 Southwark,
2222 1963 102 26 London,
2333 1965 151 23 makethoath

1904 1988 44 21 and
1958 1988 64 27 saith,
2040 1988 46 21 that
2100 1989 29 21 he
2140 1989 52 26 (this
2203 1990 120 27 deponent)
2334 1997 44 16 was
2387 1992 97 23 afflicted

1904 2015 51 22 with
1959 2015 77 27 fifteen
2046 2016 89 26 running
2144 2017 67 20 ulcers
2225 2023 28 15 on
2271 2016 34 23 his
2318 2017 42 22 left
2373 2025 55 21 arm,
2439 2020 45 22 and

1886 2056 3 16 I
1902 2042 113 30 ttu^r&icZ
2028 2040 60 22 dun/*
2094 2038 53 25 iani
2164 2043 91 23 vfO&adti
2274 2051 30 14 on
2318 2044 52 21 hoth
2384 2045 55 27 legs,
2450 2046 34 21 for

1905 2067 71 21 which
1997 2067 109 28 deponent
2129 2075 43 15 was
2196 2069 108 22 admitted
2326 2077 30 14 an
2379 2072 105 22 out-door

1903 2093 86 27 patient
1998 2097 23 19 at
2030 2093 37 23 the
2082 2094 157 28 Metropolitan
2256 2095 110 28 Hospital,
2376 2098 24 21 in
2410 2098 73 28 April,

1905 2122 58 24 1841,
1975 2121 71 21 which
2056 2121 28 21 he
2092 2121 118 22 continued
2217 2122 35 22 for
2258 2123 77 27 nearly
2345 2123 49 23 four
2402 2126 81 22 weeks.

1904 2143 88 26 Unable
2007 2151 23 18 to
2044 2148 87 21 receive
2146 2156 13 13 a
2174 2156 51 15 cure
2239 2148 74 29 there/
2319 2150 39 21 the
2372 2151 112 27 deponent

1903 2174 80 26 sought
1991 2175 66 21 relief
2064 2178 22 18 at
2094 2174 39 23 the
2143 2175 62 22 three
2213 2175 114 27 following
2335 2175 106 29 hospitals
2449 2187 5 14 :
2456 2191 28 5 —

1904 2200 79 27 King's
1994 2201 88 28 College
2091 2201 104 26 Hospital
2205 2202 23 22 in
2236 2203 61 27 May,
2307 2204 80 26 forjfoe
2398 2206 83 28 weeks;

1905 2227 72 27 Guy's
1986 2227 102 28 Hospital
2104 2228 22 21 in
2138 2229 61 27 July,
2210 2230 34 20 for
2258 2231 35 19 six
2307 2230 84 28 weeks;
2407 2233 45 22 and
2462 2237 22 19 at

1904 2253 97 28 Charing
2010 2255 65 21 Cross
2090 2255 101 27 Hospital
2206 2258 23 20 at
2242 2256 39 22 the
2292 2256 43 23 end
2350 2258 25 21 of
2387 2258 96 30 August,

1904 2280 33 22 for
1953 2288 60 15 some
2031 2281 71 22 weeks
2118 2288 73 21 more;
2213 2283 73 22 which
2304 2283 113 28 deponent
2435 2286 48 28 left,

1904 2307 67 28 being
1979 2308 24 21 in
2011 2316 14 13 a
2034 2309 35 20 far
2076 2316 68 14 worse
2151 2309 110 22 condition
2268 2310 53 22 than
2330 2310 63 23 when
2402 2312 29 23 he
2439 2313 45 23 had

1904 2334 87 27 quitted
2000 2335 78 27 Guy's,
2087 2335 74 22 where
2177 2336 35 21 Sir
2226 2336 100 27 Bransby
2337 2338 91 28 Cooper,
2439 2340 45 22 and

1904 2361 63 21 other
1976 2361 94 22 medical
2084 2361 86 23 officers
2180 2363 26 20 of
2215 2363 37 22 the
2262 2364 168 23 establishment
2439 2366 45 23 had

1904 2388 47 21 told
1961 2388 111 27 deponent
2079 2389 49 21 that
2137 2389 36 21 the
2184 2389 52 27 only
2246 2390 84 23 chance
2341 2392 27 21 of
2372 2394 71 25 saving
2451 2395 33 20 his

1904 2415 38 24 life
1955 2422 43 14 was
2011 2418 22 18 to
2042 2416 40 20 lose
2096 2416 32 20 his
2138 2423 44 14 arm
2189 2418 9 18 !
2225 2416 49 23 The
2292 2418 109 27 deponent
2410 2420 74 23 there-

1904 2449 59 20 upon
1973 2442 70 22 called
2052 2450 59 20 upon
2121 2444 40 21 Dr.
2172 2443 85 28 Bright,
2269 2444 61 22 chief
2335 2444 115 29 physician
2460 2448 24 22 of

1906 2469 78 27 Guy's,
2001 2470 54 26 who,
2067 2477 28 14 on
2112 2470 95 27 viewing
2222 2470 110 27 deponent
2340 2479 10 14 s
2363 2473 120 29 condition,

1904 2495 78 28 kindly
1992 2496 43 21 and
2044 2496 101 28 liberally
2154 2498 55 26 said,
2241 2499 15 19 I
2262 2505 35 14 am
2304 2500 79 26 utterly
2391 2502 24 19 at
2424 2508 14 13 a
2445 2503 39 20 loss

1904 2524 56 19 what
1970 2525 22 18 to
2001 2524 24 20 do
2032 2524 42 25 for
2081 2530 41 19 you
2128 2526 10 19 !
2151 2524 36 21 but
2196 2526 49 19 here
2256 2526 20 20 is
2285 2527 185 28 half-a-sovereign
2477 2538 7 12 :

1902 2557 28 19 go
1939 2552 22 19 to
1970 2552 43 19 Mr.
2022 2552 116 26 Holloway,
2151 2552 41 21 and
2198 2554 35 24 try
2242 2554 58 20 what
2314 2554 60 25 effect
2387 2556 34 20 his
2429 2557 55 21 Pills

1904 2578 42 20 and
1957 2579 102 20 Ointment
2076 2580 43 19 will
2128 2580 56 26 have,
2196 2587 24 13 as
2227 2581 16 19 I
2249 2581 51 20 have
2302 2582 123 27 frequently
2437 2585 47 20 wit-

1904 2606 71 20 nessed
1983 2606 34 20 the
2024 2606 116 26 wonderful
2148 2607 70 24 effects
2230 2608 49 26 they
2287 2609 50 21 have
2345 2610 24 20 in
2377 2610 106 27 desperate

1905 2639 61 15 cases.
1998 2634 43 19 You
2050 2640 38 13 can
2097 2635 29 19 let
2135 2641 31 13 me
2175 2641 33 14 see
2215 2641 41 20 you
2380 2637 54 23 This
2443 2646 41 15 un-

1904 2660 128 28 prejudiced
2039 2661 77 21 advice
2125 2668 42 15 was
2174 2661 105 23 followed
2286 2663 28 27 by
2321 2664 39 21 the
2366 2664 117 28 deponent,

1904 2689 45 20 and
1959 2694 13 14 a
1980 2687 84 28 perfect
2080 2695 51 14 cure
2142 2688 91 22 effected
2246 2688 25 23 in
2287 2689 61 22 three
2358 2691 81 25 weeks,
2455 2693 29 27 by

1905 2714 37 22 the
1951 2721 39 15 use
1997 2714 64 22 alone
2072 2715 24 21 of
2102 2714 137 28 Holloway's
2245 2716 55 22 Pills
2309 2717 43 22 and
2359 2717 124 29 Ointment,

1905 2741 55 22 after
1969 2741 49 22 four
2034 2741 113 28 Hospitals
2160 2742 45 22 had
2220 2742 69 22 failed
2299 2744 5 20 !
2312 2744 5 21 !
2326 2744 6 20 !
2346 2746 4 5 '
2361 2744 74 23 When
2444 2745 40 23 Dr.

1905 2768 79 27 Bright
1994 2775 43 15 was
2051 2768 75 22 shown
2140 2769 30 27 by
2180 2768 38 22 the
2234 2770 118 27 deponent,
2364 2771 37 22 the
2415 2773 69 21 result

1905 2795 26 21 of
1938 2795 33 22 his
1982 2795 77 22 advice
2073 2795 45 22 and
2126 2796 92 27 charity,
2230 2796 28 22 he
2272 2797 54 27 said,
2436 2800 48 20 both

1904 2823 112 20 astounded
2030 2823 42 20 and
2085 2823 103 26 delighted
2195 2825 9 18 I
2211 2824 42 25 for
2248 2843 4 8 t
2261 2825 17 19 I
2288 2825 87 26 thought
2385 2827 48 21 that
2441 2827 24 26 if
2468 2828 16 20 I

1904 2856 46 15 ever
1958 2856 42 15 saw
2008 2856 40 20 you
2057 2851 67 25 again,
2132 2851 59 24 alive,
2199 2852 19 19 it
2226 2852 71 20 would
2305 2853 22 19 be
2335 2854 89 20 without
2431 2861 53 19 your

1904 2883 53 15 arm.
1976 2878 16 20 I
1997 2884 38 14 can
2044 2879 47 25 only
2097 2884 94 20 compare
2198 2879 42 20 this
2247 2885 50 15 cure
2305 2881 21 19 to
2335 2887 12 13 a
2358 2882 71 20 charm
2439 2879 45 25 ''//.'

1932 2913 75 21 Sworn
2017 2915 23 18 at
2045 2912 37 21 the

1959 2939 26 21 of
1991 2938 36 22 the
2035 2938 46 28 city
2088 2938 25 22 of
2120 2938 100 27 London,
2227 2939 44 22 this
2278 2933 11 28 I
2295 2941 52 22 Wm.
2358 2943 125 23 BROOKE.

1958 2966 40 21 Bth
2007 2965 43 27 day
2059 2965 26 21 of
2090 2965 86 27 March,
2187 2967 59 20 1842.
2271 2960 13 36 J

1959 3002 75 24 Before
2041 3008 38 20 me,
2136 3001 84 22 JOHN
2234 3003 93 28 PIRIE,
2344 3005 94 23 Mayor.

1905 3037 36 21 IN
1955 3036 62 22 ALL
2031 3035 102 22 Diseases
2142 3035 25 22 of
2178 3036 37 21 the
2231 3036 62 28 Skin,
2305 3038 47 22 Bad
2363 3039 64 28 Legs,
2441 3041 43 22 Old

1905 3062 108 27 Wounds,
2021 3062 44 23 and
2073 3063 85 26 Ulcers,
2165 3062 48 23 Bad
2219 3063 95 29 Breasts,
2323 3065 54 23 Sore
2384 3065 100 30 Nipples,

1906 3089 133 29 Stoneyand
2049 3089 117 22 Ulcerated
2173 3090 102 27 Canoer?,
2284 3092 114 27 Teimours,
2407 3094 76 22 Swell-

1904 3117 57 27 ings,
1980 3116 67 26 Gout,
2061 3116 159 27 Rheumatism,
2236 3116 44 22 and
2295 3119 121 28 Lumbago,
2427 3121 57 23 like-

1905 3145 51 20 wise
1964 3143 26 22 in
1999 3150 61 22 cas§s
2069 3143 26 22 of
2101 3143 59 22 Piles
2165 3151 6 19 ;
2182 3143 38 22 the
2231 3144 60 27 Pills,
2298 3145 25 21 in
2332 3145 31 22 all
2370 3146 37 22 the
2413 3148 71 22 above

1905 3177 68 19 cases,
1984 3170 69 28 ought
2067 3173 22 18 to
2103 3170 28 21 be
2140 3170 55 22 used
2210 3170 52 22 with
2276 3172 39 21 the
2328 3173 122 28 Ointment,
2461 3182 23 15 as

1905 3198 28 27 by
1953 3197 44 22 this
2015 3204 77 15 means
2111 3203 62 15 cures
2191 3196 45 24 will
2248 3194 33 25 *be
2298 3198 92 24 effected
2405 3201 53 22 with
2472 3209 12 15 a

1905 3224 68 22 much
1987 3227 85 24 greater
2087 3223 115 28 certainty,
2218 3224 46 22 and
2277 3224 26 23 in
2318 3225 49 22 half
2379 3227 37 21 the
2430 3228 54 22 time

1905 3250 48 22 that
1968 3250 19 22 it
2003 3251 71 22 would
2090 3250 86 27 require
2191 3250 30 28 by
2233 3251 67 27 using
2314 3252 37 22 the
2367 3253 116 23 Ointment

1905 3278 72 21 alone.
2004 3278 47 21 The
2062 3277 115 23 Ointment
2185 3278 19 21 is
2213 3278 83 27 proved
2307 3282 21 18 to
2338 3279 28 22 be
2375 3287 14 15 a
2399 3281 84 22 certain

1904 3304 92 29 remedy
2005 3304 34 22 for
2048 3304 37 22 the
2094 3304 45 22 bite
2150 3304 25 21 of
2181 3304 153 24 moschettoes.

1932 3339 78 26 Burns,
2031 3337 83 28 Scalds,
2131 3337 129 28 Chilblains,
2280 3339 105 28 Chapped
2404 3340 80 23 Hands

1905 3365 46 22 and
1960 3365 59 31 Lips,
2031 3365 46 21 also
2087 3365 98 21 Bunions
2200 3365 45 22 and
2260 3366 48 21 Soft
2318 3366 74 26 Corns,
2403 3368 45 21 will
2457 3368 26 22 be

1904 3391 151 28 immediately
2065 3391 67 22 cured
2141 3392 29 27 by
2177 3391 41 22 the
2228 3399 39 16 use
2278 3392 25 22 of
2314 3393 36 22 the
2361 3394 122 23 Ointment.

1932 3422 71 25 TtXE
2017 3426 97 20 PILLS
2124 3433 37 15 are
2170 3429 40 19 not
2219 3426 52 27 only
2278 3426 37 22 the
2321 3427 66 22 finest
2392 3429 92 27 remedy

1904 3453 81 23 known
1995 3452 63 23 when
2068 3452 55 22 used
2131 3452 54 23 with
2197 3453 38 22 the
2252 3453 122 28 Ointment,
2385 3455 39 21 but
2432 3462 24 14 as
2471 3462 13 15 a

1906 3479 98 23 General
2023 3479 113 23 Medicine
2154 3479 61 23 there
2231 3481 18 21 is
2267 3480 93 27 nothing
2379 3481 64 27 equal
2459 3485 22 18 to

1905 3507 68 21 them.
2003 3507 27 21 In
2039 3513 96 15 nervous
2141 3507 114 23 affections
2265 3507 52 28 they
2325 3507 42 22 will
2377 3507 27 21 be
2413 3508 71 22 found

1904 3534 28 21 of
1938 3533 37 23 the
1984 3535 95 26 greatest
2089 3533 88 22 service.
2206 3533 73 23 These
2294 3533 53 23 Fills
2359 3540 44 20 are,
2420 3534 64 23 with-

1905 3564 39 19 out
1953 3559 124 29 exception,
2089 3560 36 22 the
2142 3561 66 21 finest
2217 3560 93 22 Purifier
2323 3561 24 21 of
2358 3559 38 23 the
2410 3560 74 24 Blood

1904 3594 52 16 ever
1966 3586 136 27 discovered,
2111 3587 46 21 and
2173 3587 109 23 OUGHT
2296 3585 39 23 TO
2349 3586 39 22 BE
2401 3586 82 24 USED

1904 3614 42 22 BY
1959 3613 63 23 ALL
2036 3612 151 24 FEMALES.

1923 3647 81 23 Orders
2013 3647 101 22 received
2124 3651 23 18 at
2156 3646 37 22 the
2228 3647 107 22 Gazette
2372 3646 100 24 Office.-

1931 3679 81 23 March
2023 3680 33 26 10,
2067 3680 61 21 1843.
2259 3692 3 5 .

1903 3725 87 21 Town
2013 3725 54 21 and
2091 3725 120 23 Country
2229 3722 78 21 Land
2328 3723 28 21 to
2379 3723 50 22 Let
2448 3730 36 16 on

2092 3751 78 26 Long
2188 3750 108 20 Leases.

1902 3786 100 49 NOS.
2019 3784 25 23 of
2060 3784 37 22 the
2114 3787 59 18 town
2191 3789 62 16 acres
2271 3789 29 16 on
2318 3782 37 24 the
2375 3785 109 28 Surveyor

2101 3809 114 24 General's
2224 3809 64 28 Plan,
2373 3820 26 16 k>.
2426 3820 20 13 .<„
2459 3826 3 6 

1996 3846 55 21 '224
2173 3843 42 22 510
2335 3846 42 21 263

1904 3872 44 22 For
1956 3871 137 28 particulars,
2104 3869 65 28 apply
2179 3873 23 20 to

2065 3904 121 26 Wallace,
2198 3904 92 28 White,
2303 3906 44 22 and
2360 3906 124 24 Walxace.

1932 3938 55 28 May
1996 3939 33 26 31,
2041 3937 60 23 1842.
2383 3960 4 3 .
2401 3944 5 3 •
2441 3944 7 4 -
