2540 4020
1920 1099 51 22 The
1985 1099 131 23 Pleasures
2131 1108 27 14 of
2173 1101 127 23 Steaming.
2307 1113 30 5 —
2344 1103 48 22 Our
2410 1103 64 22 cabin

1894 1126 39 22 has
1949 1130 41 17 two
2010 1127 69 21 boxes
2093 1127 23 21 in
2131 1127 24 26 it,
2173 1129 72 21 called
2391 1129 85 28 though

1895 1153 76 21 coffins
1990 1153 71 22 would
2080 1154 25 22 be
2125 1161 78 15 nearer
2221 1155 36 21 the
2276 1155 69 28 thing.
2385 1157 47 21 One
2453 1157 26 22 of

1895 1179 62 22 these
1963 1180 18 20 is
1992 1180 94 22 situated
2094 1188 53 14 over
2157 1181 36 21 the
2204 1181 66 28 other,
2278 1183 45 21 like
2334 1187 41 17 two
2382 1183 92 27 shelves,

1895 1206 44 21 and
1957 1206 59 22 these
2028 1211 42 17 two
2081 1207 101 26 together
2191 1208 64 22 make
2267 1209 59 21 what
2341 1210 52 27 they
2408 1209 47 23 call-
2464 1218 14 15 a

2098 1235 39 26 My
2146 1235 62 21 berth
2215 1235 17 21 is
2242 1235 35 22 the
2288 1240 129 23 uppermost
2425 1244 51 20 one,

1895 1259 43 22 and
1950 1259 11 22 I
1978 1260 57 21 have
2044 1263 23 18 to
2083 1261 66 21 climb
2167 1268 29 19 up
2206 1265 22 17 to
2237 1262 24 25 it,
2277 1263 89 26 putting
2378 1270 42 14 one
2430 1264 47 21 foot

1895 1294 27 14 on
1937 1287 37 21 the
1991 1287 66 21 lower
2072 1294 40 15 one
2129 1287 44 21 and
2189 1288 35 22 the
2240 1289 63 21 other
2323 1296 61 20 away
2394 1297 28 14 on
2437 1290 39 23 the

1896 1313 202 27 washhand-stand,
2114 1314 71 21 which
2201 1314 17 22 is
2228 1322 12 14 a
2255 1319 62 22 great
2332 1316 88 27 stretch,
2431 1318 46 21 and

1896 1340 75 22 makes
1983 1341 16 21 it
2009 1348 52 19 very
2072 1341 115 26 straining.
2215 1341 62 21 Then
2289 1342 11 21 I
2317 1343 35 21 lift
2367 1350 43 14 one
2420 1343 57 23 knee

1896 1374 28 14 on
1935 1367 36 21 the
1982 1367 63 21 berth
2055 1367 43 21 and
2107 1367 42 21 roll
2158 1367 23 21 in
2192 1367 111 28 sideways.
2333 1369 53 22 This
2395 1370 19 21 is
2424 1378 52 21 very

1895 1393 159 22 inconvenient
2064 1398 22 17 to
2096 1402 13 13 a
2119 1401 85 15 woman
2220 1395 25 21 of
2256 1402 37 21 my
2303 1396 51 25 size,
2367 1396 44 22 and
2424 1404 53 21 very

1896 1420 131 27 dangerous.
2055 1421 54 21 Last
2117 1421 66 26 night
2198 1421 10 21 I
2222 1426 39 23 put
2276 1430 37 19 my
2324 1423 46 21 foot
2380 1430 28 14 on
2422 1424 54 23 Mrs.

1896 1447 98 21 Brown's
2014 1447 55 26 face,
2089 1454 23 14 as
2127 1448 39 20 she
2182 1448 35 27 lay
2234 1449 71 27 asleep
2323 1449 57 22 close
2396 1458 28 14 on
2439 1451 46 22 the.

1896 1474 56 26 edge
1968 1475 25 20 of
2006 1473 37 22 the
2057 1474 66 21 lower
2133 1481 50 18 one,
2195 1475 43 22 and
2253 1476 77 27 nearly
2339 1480 39 23 put
2387 1477 39 21 her
2436 1485 41 20 eye

1896 1505 44 21 out,
1953 1501 44 21 and
2014 1501 9 20 I
2036 1501 54 21 have
2108 1504 46 18 torn
2165 1501 27 21 all
2203 1501 36 22 the
2250 1502 48 22 skin
2309 1503 30 21 off
2347 1510 38 20 my
2395 1504 67 22 knees
2468 1513 6 18 ;

1896 1527 44 21 and
1952 1528 50 21 then
2010 1527 11 21 I
2032 1527 56 22 have
2099 1535 12 14 a
2119 1528 63 26 large
2187 1528 64 22 black
2260 1532 48 24 spot
2317 1529 72 22 where
2402 1530 10 21 I
2418 1531 58 21 have

1896 1554 58 21 been
1964 1554 94 26 bruised,
2071 1554 43 22 and
2124 1562 39 19 my
2171 1555 58 21 head
2237 1556 19 20 is
2266 1556 97 22 swelled.
2391 1557 33 21 To
2434 1557 45 22 dis-

1896 1584 79 18 mount
1985 1581 18 21 is
2013 1581 90 21 another
2112 1581 45 21 feat
2170 1582 25 21 of
2208 1581 167 28 horsemanship
2392 1583 51 28 only
2453 1585 26 21 fit

1896 1609 34 20 for
1940 1615 12 13 a
1962 1607 72 22 sailor.
2062 1607 50 23 You
2121 1608 60 22 can't
2189 1608 28 22 sit
2225 1616 30 19 up
2265 1609 33 21 for
2304 1609 38 21 the
2350 1609 56 22 floor
2414 1618 64 14 over-

1895 1634 66 27 head,
1972 1642 22 14 so
2004 1642 44 24 you
2057 1634 56 22 have
2124 1639 23 17 to
2164 1639 49 17 turn
2228 1635 71 21 round
2314 1636 43 22 and
2368 1637 40 21 roll
2422 1645 55 20 your

1896 1661 46 27 legs
1953 1665 37 17 out
1999 1663 52 24 first,
2068 1661 44 21 and
2128 1661 54 21 then
2197 1661 53 21 hold
2260 1669 28 15 on
2303 1663 35 21 till
2350 1670 44 19 you
2410 1665 66 21 touch

1896 1689 84 21 bottom
1990 1687 139 27 somewhere,
2141 1688 45 21 and
2202 1688 51 22 then
2262 1689 31 21 let
2302 1690 101 26 yourself
2411 1691 65 22 down

1896 1715 94 26 upright.
2020 1715 23 21 It
2059 1715 20 21 is
2098 1714 101 22 dreadful
2216 1715 65 26 work,
2300 1716 44 21 and
2363 1720 40 18 not
2421 1725 55 20 very

1895 1742 99 24 pleasant
2013 1745 21 17 to
2053 1748 14 14 a
2086 1741 94 22 delicate
2197 1741 80 22 female
2292 1743 20 21 if
2330 1743 37 21 the
2385 1745 92 21 steward

1896 1768 98 28 happens
2005 1771 22 18 to
2044 1775 61 14 come
2119 1768 23 21 in
2157 1768 63 22 when
2236 1776 43 19 you
2297 1776 37 15 are
2348 1770 22 21 in
2385 1771 37 21 the
2432 1775 43 18 act-.

1897 1795 11 21 I
1919 1795 62 21 don't
1989 1795 66 21 know
2065 1795 72 21 which
2146 1795 19 21 is
2173 1795 88 22 hardest
2262 1807 26 4 —
2291 1799 21 18 to
2328 1800 37 23 get
2374 1797 22 21 in
2405 1805 24 14 or
2438 1802 40 18 out

1896 1822 26 21 of
1929 1830 13 13 a
1952 1822 70 21 berth.
2051 1821 58 22 Both
2116 1829 38 13 are
2162 1821 35 23 the
2206 1826 57 18 most
2270 1822 128 24 difficultest
2403 1825 74 27 things

1896 1849 23 21 in
1929 1849 37 21 the
1983 1848 73 27 world,
2073 1848 44 22 and
2135 1849 10 20 I
2162 1848 54 22 shall
2232 1849 28 21 be
2273 1849 53 28 glad
2340 1850 64 22 when
2420 1851 10 22 I
2441 1860 37 14 am

1896 1875 58 22 done
1964 1875 52 21 with
2027 1876 22 20 it.
2079 1875 11 21 I
2105 1882 36 14 am
2158 1875 110 27 obligated
2285 1880 22 18 to
2319 1876 60 22 dress
2389 1877 22 22 in
2426 1879 50 26 bed,

1896 1903 61 21 afore
1968 1902 10 22 I
1990 1903 61 21 leave
2062 1901 23 26 it,
2097 1902 45 21 and
2151 1902 88 27 nobody
2249 1903 48 21 that
2307 1903 73 22 hasn't
2390 1905 55 22 tried
2455 1909 22 18 to

1896 1933 40 22 put
1952 1936 27 14 on
1989 1929 57 21 their
2062 1929 83 21 clothes
2160 1929 62 26 lying
2236 1937 40 14 can
2288 1930 39 22 tell
2340 1930 58 22 what
2407 1939 14 14 a
2429 1933 50 21 task

1896 1956 18 20 it
1924 1956 25 21 is.
1980 1956 80 26 Lacing
2070 1959 58 22 stays
2136 1955 84 22 behind
2230 1964 55 19 your
2295 1957 64 26 back,
2371 1958 45 22 and
2423 1966 56 19 your

1896 1983 49 21 face
1959 1983 77 26 nearly
2046 1982 125 21 smothered
2187 1983 22 20 in
2226 1983 36 21 the
2277 1983 145 28 bed-clothes,
2433 1986 46 21 and

1896 2009 82 26 feeling
1993 2009 34 21 for
2043 2008 36 22 the
2096 2008 72 27 eyelet
2183 2009 49 21 hole
2243 2009 50 22 with
2304 2017 41 15 one
2361 2010 61 23 hand
2432 2013 46 21 and

1897 2035 72 27 trying
1982 2039 22 17 to
2018 2039 39 22 put
2072 2035 37 21 the
2124 2037 39 26 fag
2176 2035 23 21 in
2217 2036 56 23 with.
2278 2037 36 21 the
2330 2037 68 26 other,
2414 2037 79 24 while'

1896 2069 45 18 you
1955 2069 36 14 are
2006 2061 80 26 rolling
2099 2061 69 21 about
2182 2061 55 23 from
2253 2062 46 22 side
2316 2067 23 17 to
2349 2063 54 26 side,
2415 2064 19 22 is
2449 2072 30 15 no

1896 2088 107 27 laughing
2020 2091 86 18 matter.
2137 2087 48 23 Oh!
2202 2088 65 27 John,
2284 2097 45 19 you
2345 2091 73 21 would
2430 2091 50 28 pity

1896 2122 36 14 me
1942 2115 20 21 if
1969 2122 44 20 you
2023 2114 66 22 could
2099 2115 39 21 but
2147 2115 57 21 form
2215 2122 27 14 an
2252 2115 50 23 idea
2311 2117 27 21 of
2343 2124 37 19 my
2390 2118 87 28 misery,

1896 2142 40 21 but
1945 2149 44 20 you
1999 2142 64 21 can't.
2093 2141 95 27 Nobody
2199 2148 40 15 can
2252 2142 35 22 tell
2300 2143 59 21 what
2368 2151 14 14 a
2391 2152 86 15 woman

1895 2169 26 20 of
1928 2176 36 19 my
1973 2176 71 19 years,
2053 2170 33 25 52,
2094 2168 44 22 and
2147 2168 76 22 rather
2229 2169 36 26 fat,
2273 2169 76 23 suffers
2359 2171 23 21 in
2390 2173 87 26 putting

1896 2202 28 14 on
1934 2195 40 21 her
1983 2196 112 26 stockings
2103 2195 23 21 in
2135 2195 38 22 the
2183 2195 63 22 berth
2253 2196 25 21 of
2284 2204 14 14 a

1896 2234 27 3 —
1928 2223 81 25 Weekly
2019 2223 109 26 Dispatch.

1924 2249 59 22 Base
1994 2250 86 21 Piracy
2093 2258 25 12 of
2130 2257 12 14 a
2155 2250 78 22 Name.
2235 2261 27 4 —
2264 2251 66 27 Dirty
2340 2251 59 23 Dick
2409 2260 43 15 was
2462 2262 14 13 a

1896 2279 45 19 sort
1951 2277 24 21 of
1987 2277 89 26 Jemmy
2087 2276 72 22 Wood
2173 2277 22 21 in
2210 2277 120 23 hardware.
2359 2279 66 22 From
2435 2280 43 23 low

1898 2303 137 27 beginnings,
2043 2310 24 14 or
2076 2303 74 22 rather
2160 2303 56 22 from
2227 2312 28 14 no
2266 2305 131 27 beginnings
2407 2311 23 17 at
2439 2307 38 27 all,

1897 2330 28 21 he
1935 2329 115 23 contrived
2060 2335 22 16 to
2097 2338 76 19 scrape
2188 2331 105 26 together,
2305 2331 30 27 by
2344 2333 86 22 intense
2444 2334 35 22 in-

1897 2357 76 26 dustry
1983 2357 43 21 and
2036 2364 163 20 perseverance,
2211 2364 40 15 one
2267 2359 26 21 of
2305 2359 37 21 the
2352 2359 46 22 first
2406 2360 20 21 if
2438 2364 39 19 not

1898 2383 37 22 the
1954 2391 52 20 very
2029 2384 52 26 first,
2103 2384 65 22 retail
2189 2385 121 21 businesses
2333 2385 23 22 in
2376 2386 101 23 London.

1898 2411 99 26 Nothing
2004 2418 44 14 was
2053 2410 57 27 good
2120 2411 48 21 that
2178 2411 36 21 did
2224 2416 38 18 not
2272 2420 64 14 come
2345 2413 57 21 from
2412 2415 65 27 Dirty

1898 2437 58 22 Dick
1964 2446 5 13 :
1980 2437 29 22 all
2020 2437 78 22 Dick's
2107 2438 47 21 iron
2164 2445 42 14 was
2217 2439 104 25 Swedish,
2333 2439 29 21 all
2372 2440 34 21 his
2415 2441 62 22 brass

1898 2464 127 22 Corinthian
2034 2465 5 21 !
2069 2464 51 22 And
2136 2465 107 27 although
2258 2465 37 22 the
2307 2466 37 21 old
2354 2466 37 22 file
2401 2474 43 15 was
2455 2475 24 14 as

1896 2494 63 23 great
1974 2499 13 13 a
2002 2499 80 19 savage
2098 2491 21 21 in
2136 2491 35 21 his
2186 2499 47 20 way
2248 2500 23 14 as
2287 2493 137 28 Abernethy,
2441 2495 37 22 the

1896 2525 101 19 surgeon,
2009 2525 67 20 every
2087 2517 56 27 body
2154 2518 61 22 dealt
2225 2519 51 21 with
2286 2519 55 27 him,
2352 2521 43 21 and
2405 2522 73 22 would

1896 2544 50 22 deal
1969 2545 103 21 nowhere
2097 2545 51 26 else,
2168 2545 106 28 probably
2297 2546 34 22 for
2354 2547 49 22 that
2424 2555 55 21 very

1895 2578 84 16 reason.
2016 2572 134 27 Prosperous
2165 2579 23 14 as
2204 2580 44 14 was
2263 2573 67 27 Dirty
2341 2573 65 28 Dick,
2418 2575 60 22 how-

1896 2605 58 20 ever,
1969 2599 28 21 he
2015 2606 41 14 was
2074 2602 39 18 not
2127 2599 117 26 permitted
2260 2603 23 18 to
2300 2601 85 21 remain
2402 2609 28 14 on
2439 2602 39 22 the

1896 2633 72 20 sunny
1978 2625 46 22 side
2036 2626 24 20 of
2071 2625 45 21 life.
2147 2625 71 23 When
2227 2626 23 22 in
2261 2634 13 14 a
2283 2627 43 21 fair
2336 2634 48 21 way
2394 2629 25 20 of
2425 2635 53 16 con-

1898 2652 83 27 verting
1996 2653 34 21 his
2041 2653 61 21 brass
2117 2653 49 21 into
2180 2652 57 27 gold,
2250 2653 43 21 and
2307 2654 46 27 just
2370 2655 62 21 when
2450 2656 28 22 he

1896 2679 71 27 began
1979 2683 22 17 to
2012 2679 62 21 think
2085 2679 25 21 of
2121 2679 101 28 washing
2230 2680 34 22 his
2274 2681 49 21 face
2333 2681 44 21 and
2387 2682 92 28 retiring

1896 2706 56 22 from
1969 2706 106 27 business,
2092 2706 36 22 the
2144 2706 71 22 vision
2230 2707 25 21 of
2272 2714 14 14 a
2302 2707 55 28 shop
2371 2709 108 28 precisely

1896 2733 83 21 similar
1990 2736 22 18 to
2029 2733 33 21 his
2077 2740 49 14 own
2141 2733 23 21 in
2181 2740 64 21 every
2255 2735 97 21 outward
2364 2735 114 26 attribute,

1897 2759 86 28 exactly
1994 2760 99 27 opposite
2104 2760 32 21 his
2147 2759 60 28 door,
2218 2761 74 22 struck
2307 2761 35 21 his
2351 2762 128 23 astonished

1896 2787 56 21 view
1960 2794 5 19 ;
1987 2787 40 21 but
2038 2787 70 27 judge
2122 2787 35 21 his
2173 2790 138 19 amazement
2324 2788 44 21 and
2385 2789 94 27 despair,

1895 2813 65 22 when
1969 2818 23 17 at
2003 2813 36 23 the
2050 2813 55 22 door
2120 2814 109 27 appeared
2244 2822 13 14 a
2272 2822 52 14 man
2341 2815 51 22 with
2406 2823 14 14 a
2429 2816 50 23 face

1896 2844 23 18 at
1929 2841 54 21 least
1992 2848 24 14 as
2025 2841 59 26 ugly,
2096 2839 46 23 and
2151 2841 66 22 much
2228 2841 76 22 dirtier
2314 2842 54 21 than
2378 2842 33 21 his
2422 2850 57 20 own,

1895 2867 56 22 who.
1962 2867 102 28 stepping
2074 2874 73 15 across
2160 2867 34 21 the
2206 2875 54 20 way,
2270 2872 40 23 put
2325 2869 22 21 in
2364 2869 34 22 his
2407 2869 72 23 hands

1895 2901 14 13 a
1919 2895 82 26 staring
2010 2894 46 25 bill,
2069 2895 144 26 announcing
2225 2894 91 22 himself
2328 2903 23 14 as
2362 2896 37 21 the

1896 2921 99 26 Original
2006 2921 66 27 Dirty
2176 2921 43 21 and
2229 2921 120 28 informing
2358 2929 13 15 a
2382 2923 96 22 discern-

1895 2947 39 26 ing
1942 2948 73 27 public
2027 2947 48 21 that
2085 2947 28 21 all
2123 2947 75 22 others
2215 2955 54 14 were
2286 2950 101 25 spurious
2394 2950 6 21 !
2429 2950 48 22 The

1895 2973 55 23 little
1960 2973 134 28 blackguard
2105 2974 54 26 boys
2171 2974 46 22 who
2232 2981 56 15 were
2303 2976 142 21 accustomed
2455 2980 22 18 to

1894 3001 67 21 infest
1971 3000 36 22 the
2019 3007 121 21 emporium
2149 3000 26 21 of
2183 3000 35 22 the
2228 3001 96 26 genuine
2335 3002 64 27 Dirty
2408 3003 68 27 Dick,

1895 3027 43 22 and
1951 3027 46 22 who
2009 3034 56 15 were
2074 3034 22 14 as
2106 3026 59 27 good
2174 3031 21 17 to
2204 3027 47 22 him
2261 3035 23 15 as
2295 3036 13 14 a
2317 3028 110 23 thousand
2438 3030 39 22 ad-

1895 3055 157 26 vertisements,
2072 3061 55 14 were
2145 3061 49 14 now
2211 3054 82 28 cruelly
2304 3055 97 22 seduced
2417 3063 62 22 away

1894 3081 29 26 by
1933 3081 34 21 his
1977 3081 74 21 dirtier
2062 3080 61 22 rival.
2154 3081 123 22 Customers
2290 3089 56 14 were
2357 3083 121 27 perplexed

1893 3107 46 22 and
1950 3107 139 22 confounded
2096 3115 6 18 ;
2119 3107 43 21 and
2180 3114 23 15 as
2212 3107 37 22 the
2260 3109 99 22 business
2369 3110 26 21 of
2405 3117 72 18 a.cus-

1895 3138 69 18 tomer
1973 3135 18 21 is
2001 3139 21 17 to
2034 3135 36 25 lay
2078 3138 37 18 out
2123 3134 36 21 his
2170 3141 78 21 money
2257 3138 22 18 to
2290 3135 37 22 the
2338 3136 47 21 best
2394 3137 85 22 advan-

1895 3165 57 23 tage,
1964 3161 36 22 the
2010 3161 73 27 public
2094 3168 53 14 soon
2164 3161 133 22 transferred
2312 3163 58 21 their
2379 3163 98 23 business

1893 3192 23 17 to
1933 3189 45 21 the-
1989 3188 85 22 dirtiest
2091 3187 56 22 face.
2187 3188 26 21 In
2229 3189 50 21 vain
2295 3189 38 22 the
2349 3190 130 23 undoubted

1894 3215 93 26 original
1998 3215 65 27 Dirty
2075 3215 58 21 Dick
2142 3216 111 26 protested
2270 3216 45 21 and
2324 3218 153 26 paragraphed

1892 3253 28 4 —
1921 3243 22 20 in
1954 3241 51 23 vain
2015 3241 28 22 he
2053 3241 89 28 applied
2154 3241 35 22 his
2203 3241 127 29 oil-rubber,
2342 3244 44 21 and
2396 3244 82 26 polish-

1893 3269 28 21 ed
1935 3269 34 21 his
1985 3269 49 21 face
2049 3269 46 21 and
2110 3267 73 23 hands
2197 3276 30 26 up
2242 3267 30 23 to*
2281 3269 38 22 the
2330 3270 115 23 blackness
2454 3271 26 22 of

1893 3296 85 21 Erebus
1987 3303 5 14 :
2007 3295 139 27 impudence,
2157 3295 96 28 novelty,
2264 3297 45 21 and
2326 3297 37 22 the
2372 3297 104 22 careless-

1893 3330 50 14 ness
1963 3321 26 23 of
2004 3323 38 20 the
2057 3321 74 27 public
2151 3321 85 23 carried
2255 3323 36 22 the
2307 3323 50 28 day,
2377 3324 44 22 and
2439 3324 38 23 the

1893 3349 99 32 spurious
2003 3348 66 27 Dirty
2079 3348 58 22 Dick
2148 3349 133 22 transferred
2296 3350 37 22 the
2344 3351 100 22 business
2455 3352 26 21 of

1892 3376 34 21 his
1935 3375 55 22 rival
2001 3379 22 17 to
2034 3375 34 21 his
2078 3382 49 14 own
2138 3375 47 22 side
2194 3375 26 22 of
2231 3377 36 22 the
2279 3384 55 20 way.
2335 3389 28 3 —
2363 3378 55 21 Ibid.

1918 3403 20 21 A
1949 3403 81 20 Great
2041 3402 175 21 Consolation.
2218 3414 27 4 —
2248 3403 9 21 I
2265 3405 121 24 remember,
2397 3406 59 21 when
2464 3407 10 20 1

1885 3437 46 17 .was
1943 3437 13 13 a
1964 3436 70 21 young
2043 3430 85 20 student
2138 3430 25 20 of
2175 3431 88 27 divipiry
2271 3434 22 18 at
2309 3432 36 21 the
2354 3432 123 28 University

1891 3458 24 21 of
1928 3458 101 25 Glasgow,
2047 3458 46 20 that
2103 3464 27 14 an
2147 3458 36 20 old
2192 3465 54 20 man,
2263 3459 28 27 by
2307 3460 35 20 his
2357 3461 118 20 confession

1891 3486 40 19 and
1948 3486 27 25 by
1985 3485 84 26 general
2083 3486 120 25 reputation
2220 3492 12 14 a
2248 3490 58 22 great
2315 3488 78 26 sinner,
2411 3488 65 20 called

1890 3519 57 21 upon
1957 3519 32 14 me
2004 3512 41 20 and
2054 3512 79 26 begged
2149 3519 34 14 me
2192 3516 23 17 to
2230 3514 81 26 explain
2322 3516 35 19 the
2371 3515 102 26 scripture

1890 3540 94 21 doctrine
1994 3547 22 13 as
2034 3542 22 17 to
2067 3540 70 21 future
2152 3541 152 25 punishments.
2335 3542 40 21 His
2392 3542 83 26 anxiety

1889 3575 41 13 was
1941 3571 21 17 to
1973 3568 104 20 ascertain
2086 3568 93 20 whether
2196 3568 50 26 they
2255 3575 52 14 were
2317 3571 23 18 to
2355 3575 119 15 commence
2487 3577 3 3 -

1889 3596 140 25 immediately
2039 3595 54 20 after
2102 3594 70 23 death,
2183 3601 23 14 or
2222 3596 48 26 only
2279 3596 55 21 after
2342 3596 43 22 J;he
2394 3596 40 26 day
2450 3597 26 21 of

1887 3623 116 26 judgment.
2034 3622 9 21 I
2051 3622 45 20 told
2105 3622 44 21 him
2155 3623 47 20 that
2212 3622 10 21 I
2229 3629 40 14 was
2278 3624 38 19 but
2321 3630 14 13 a
2340 3629 41 14 raw
2389 3623 86 22 student

1889 3650 25 21 of
1925 3650 105 26 theology,
2041 3649 38 20 but
2090 3650 10 20 1
2111 3650 112 20 conceived
2236 3650 18 20 it
2263 3652 21 18 to
2302 3650 26 21 be
2338 3650 35 20 the
2389 3651 85 25 general

1889 3678 86 27 opinion
1992 3678 24 20 of
2036 3677 79 20 divines
2133 3678 47 19 that
2196 3683 27 14 no
2240 3677 145 26 punishments
2404 3679 70 20 would

1890 3702 118 30 comjnence
2023 3705 35 20 till
2067 3704 52 21 after
2136 3705 37 20 the
2183 3704 39 26 day
2236 3704 25 20 of
2267 3704 118 26 judgment,
2396 3711 24 15 or
2436 3706 38 21 tho

1889 3732 82 27 general
1977 3732 129 22 destruction
2114 3732 24 20 of
2145 3732 38 19 the
2190 3730 69 21 world.
2288 3732 7 10 '
2298 3730 6 10 '
2310 3731 50 20 And
2369 3732 48 20 how
2423 3733 52 26 long

1888 3759 43 21 will
1940 3760 19 20 it
2034 3759 26 21 he
2070 3759 70 23 asked,
2182 3758 31 20 till
2222 3758 45 20 that
2280 3758 74 27 period
2370 3765 69 18 comes

1912 3787 62 26 Why,
1986 3788 10 19 1
2008 3788 78 21 canrjot
2094 3785 94 28 possibly
2196 3785 37 20 tell
2242 3791 48 20 you,
2290 3786 18 11 J>
2329 3786 45 20 Baia
2385 3785 11 22 I
2434 3787 40 22 but

1889 3815 10 20 I
1916 3814 80 21 believe
2010 3817 142 17 astronomers
2162 3812 117 25 conjecture
2295 3813 48 20 that
2357 3820 40 14 oar
2412 3815 63 26 globe

1888 3841 43 21 will
1947 3841 25 21 be
1982 3841 43 20 safe
2041 3840 34 21 for
2091 3839 112 26 1,000,000
2333 3841 14 11 »
2354 3841 43 25 Oh,
2414 3848 59 16 come

1987 3867 46 21 said
2062 3867 36 21 the
2119 3866 44 24 old,
2179 3866 76 27 sinner,
2345 3869 55 22 shall
2421 3870 53 21 have

1881 3895 121 24 .1,000,000
2011 3900 60 20 years
2080 3897 22 17 to
2112 3895 44 19 rest
2164 3892 23 21 in
2196 3899 35 20 my
2239 3900 90 19 grave—
2330 3896 41 21 and
2386 3897 87 26 therejs

1889 3928 27 14 no
1935 3922 73 26 saying
2023 3922 56 20 what
2098 3926 51 20 may
2163 3920 81 27 happen
2263 3922 22 21 in
2305 3923 45 21 that

1891 3949 121 26 Campbell's
2018 3948 51 25 Life
2077 3947 26 26 of
2112 3947 111 22 Petrarch.

1282 132 82 22 inches.
1401 134 92 27 Pow,der
1507 135 17 22 it
1540 142 52 16 over
1607 136 52 22 with
1674 136 41 27 dry
1729 137 43 21 and
1790 137 76 23 rather

1282 166 77 15 coarse
1373 160 63 26 sand,
1453 162 45 21 and
1511 169 51 20 pass
1578 169 14 14 a
1601 162 66 22 roller
1676 170 53 14 over
1737 164 25 21 it.
1780 182 3 4 .
1790 164 75 22 Leave

1282 186 18 21 it
1314 186 34 21 for
1362 193 14 14 a
1388 186 46 23 -few
1448 187 54 27 days
1516 192 23 18 to
1554 188 92 26 harden,
1657 189 44 21 and
1718 189 36 21 the
1770 190 60 22 work
1846 191 19 21 is

1284 212 64 21 done.
1384 212 87 23 Worms
1487 214 43 22 will
1545 217 40 19 not
1601 216 43 20 rise
1658 215 24 21 in
1696 216 25 25 it,
1731 216 73 22 weeds
1820 217 45 21 will

1282 242 40 17 not
1329 245 61 19 grow
1401 246 27 15 on
1437 240 24 26 it,
1471 241 17 21 it
1497 241 18 21 is
1530 241 102 27 pleasant
1647 238 27 24 to'
1681 242 57 22 walk
1747 249 36 20 on,
1795 243 44 21 and
1848 243 18 21 it

1283 264 41 22 will
1334 265 44 21 last
1388 266 33 21 for
1431 273 53 21 very
1493 274 68 20 many
1570 274 71 20 years.

1309 290 81 23 Noble
1409 293 190 22 Self-devotion.
1601 304 27 5 —
1630 294 21 21 A
1670 294 42 22 few
1731 295 72 21 weeks
1821 303 43 19 ago

1282 315 42 24 two
1334 317 90 27 miners,
1435 318 86 23 Verran
1531 320 45 21 and
1593 320 101 27 Roberts,
1707 328 55 15 were
1772 325 23 18 at
1805 322 60 21 work

1281 343 24 22 in
1316 343 70 22 South
1397 345 101 22 Caradon
1508 353 50 15 new
1567 346 59 22 shaft
1637 347 80 26 (which
1731 348 19 21 is
1759 348 115 27 intended,

1282 373 23 18 to
1319 369 28 22 be
1362 371 59 21 sunk
1435 372 198 28 perpendicularly,
1651 373 92 27 through
1757 382 14 13 a
1780 375 85 26 granite

1282 400 100 23 country,
1395 401 23 18 to
1427 398 104 23 intersect
1540 400 38 21 the
1584 400 49 21 lode
1644 404 21 17 at
1675 400 37 21 the
1719 400 67 28 depth
1793 401 21 21 of
1825 402 40 21 140

1281 423 113 26 fathoms.)
1428 424 47 22 The
1491 428 88 23 present
1595 426 67 26 depth
1677 426 18 21 is
1712 427 67 22 about
1794 429 25 20 10
1832 428 33 21 fa-

1281 450 80 26 thoms,
1377 450 46 21 and
1433 450 52 28 they
1494 450 45 23 had
1549 452 106 28 prepared
1665 460 14 14 a
1688 453 51 22 hole
1749 454 34 21 for
1798 454 67 21 blast-

1281 476 44 27 ing,
1336 476 38 21 the
1385 477 47 21 fuse
1441 478 104 25 inserted,
1557 478 89 28 tamped
1655 486 36 20 up,
1702 480 45 21 and
1756 480 30 21 all
1797 480 68 27 ready

1281 502 33 21 for
1329 501 72 28 firing.
1437 504 34 21 On
1486 505 61 21 these
1567 506 112 21 occasions
1698 506 37 21 the
1755 513 53 15 men
1827 514 38 14 are

1282 528 75 22 drawn
1374 537 29 19 up
1417 530 29 26 by
1456 537 14 15 a
1481 531 107 26 windlass,
1607 532 42 22 and
1663 539 24 14 as
1696 532 53 28 they
1759 540 37 15 are
1812 533 53 27 only

1281 555 60 22 three
1352 555 22 22 in
1387 563 12 14 a
1408 563 83 21 corpse,
1508 557 63 22 there
1581 559 18 20 is
1609 559 51 27 only
1672 566 42 15 one
1729 566 52 15 man
1795 563 23 18 at
1828 560 37 21 the

1281 582 71 26 brace,
1368 583 45 21 and
1427 583 27 22 he
1465 591 41 14 can
1518 584 53 27 only
1581 585 60 22 draw
1651 593 28 19 up
1690 593 43 14 one
1747 589 22 18 at
1780 593 13 14 a
1803 586 61 27 time,

1281 610 165 26 consequently,
1462 610 57 21 after
1529 610 37 22 the
1577 612 69 21 whole
1655 612 18 22 i
1669 612 22 22 3
1682 612 68 27 ready
1761 619 42 15 one
1813 620 53 14 man

1280 634 18 22 is
1314 634 74 22 drawn
1398 643 36 20 up,
1453 637 46 20 and
1515 637 37 21 the
1567 637 75 23 kibble
1656 638 93 23 lowered
1766 639 67 27 ready
1844 643 21 18 to

1280 661 85 22 receive
1376 662 37 21 the
1424 663 41 21 last
1481 670 59 20 man,
1559 664 49 21 who
1618 664 39 23 has
1666 668 23 18 to
1698 669 38 23 put
1747 665 39 22 fire
1796 670 21 17 to
1828 666 38 21 the

1279 687 54 27 fuse,
1352 689 44 21 and
1412 689 52 22 then
1474 689 54 22 both
1543 697 51 14 men
1606 695 21 17 at
1645 691 35 22 the
1691 692 102 21 windlass
1803 692 60 21 draw

1280 714 45 22 him
1336 721 30 20 up
1375 716 53 21 with
1439 717 36 20 the
1490 720 84 18 utmost
1583 717 73 27 speed,
1671 718 24 21 in
1706 718 64 22 order
1780 718 47 22 that
1837 719 29 22 he

1281 748 50 19 may
1339 745 38 22 get
1388 746 38 18 out
1435 743 26 21 of
1468 743 36 21 the
1513 750 48 19 way
1569 744 63 21 when
1641 744 36 21 the
1684 744 113 27 explosion
1805 745 61 22 takes

1279 767 69 28 place,
1360 768 72 22 which
1442 770 18 20 is
1477 770 126 21 sometimes
1619 777 24 14 so
1654 771 81 21 violent
1743 770 48 23 that
1804 772 62 26 large

1280 798 75 17 stones
1365 801 36 15 are
1418 795 85 22 thrown
1517 803 30 20 up
1562 800 23 18 at
1595 796 37 22 the
1643 800 43 25 top,
1703 798 102 27 carrying
1815 798 53 22 with

1281 820 59 22 them
1355 825 49 22 part
1414 823 25 20 of
1453 823 36 21 the
1500 823 64 22 roller
1581 823 44 21 and
1636 823 102 22 windlass
1752 828 22 17 to
1789 832 14 14 a
1812 831 54 16 con-

1279 847 108 21 siderable
1395 848 69 27 hight.
1486 849 21 22 It
1514 850 166 27 unfortunately
1687 851 116 27 happened
1810 851 54 27 that,

1280 880 23 15 as
1322 873 37 22 the
1377 875 69 28 safety
1467 875 48 22 fuse
1536 876 51 22 with
1606 877 71 22 which
1695 877 38 22 the
1750 877 52 22 hole
1822 885 45 14 was

1281 900 93 26 charged
1391 908 43 15 was
1451 902 78 27 longer
1543 903 52 21 than
1613 911 43 14 was
1672 911 122 20 necessary,
1813 904 52 28 they

1280 927 184 28 inconsiderately
1475 930 52 21 took
1536 937 14 14 a
1559 930 65 28 sharp
1631 934 60 18 stone
1703 934 22 18 to
1736 934 38 19 cut
1783 939 14 14 a
1804 932 62 26 piece

1281 953 22 21 of
1311 952 17 22 it
1337 953 36 26 off,
1391 955 43 21 and
1450 956 93 26 ignition
1553 957 191 27 instantaneously
1754 965 112 15 commen-

1280 979 39 22 ced
1326 980 5 21 !
1361 980 64 28 They
1435 982 53 22 both
1498 983 48 21 flew
1556 986 22 18 to
1594 983 36 22 the
1648 984 81 27 kibble,
1747 985 43 21 and
1805 985 61 22 cried

1281 1010 38 18 out
1327 1010 22 18 to
1360 1007 37 21 the
1408 1015 51 15 man
1470 1012 23 18 at
1507 1009 37 22 the
1554 1010 65 22 brace
1630 1018 23 14 ro
1685 1011 58 22 wind
1825 1012 42 21 but

1280 1033 58 21 alas!
1360 1034 57 22 after
1434 1035 71 27 trying
1520 1036 28 21 all
1564 1036 34 22 his
1615 1037 69 27 might
1700 1038 28 21 he
1744 1038 64 21 coulil
1825 1042 41 18 not

1280 1064 53 18 start
1348 1060 68 22 them,
1445 1063 32 20 At
1494 1062 42 22 this
1551 1064 67 21 awful
1634 1068 99 18 moment
1743 1064 73 26 (while
1827 1065 38 22 the

1279 1086 83 23 furious
1368 1087 83 27 hissing
1459 1088 25 21 of
1491 1089 38 21 the
1536 1089 47 22 fuse
1590 1091 89 21 assured
1688 1091 58 21 them
1754 1092 48 21 that
1809 1091 58 22 their

1281 1113 135 23 destruction
1428 1122 42 14 was
1482 1115 75 22 within
1568 1116 50 22 half
1624 1124 14 14 a
1647 1118 102 21 minute's
1757 1118 77 21 march
1842 1118 26 21 of

1279 1140 70 25 them)
1359 1140 85 22 Verran
1452 1149 83 20 sprang
1540 1146 38 18 out
1583 1143 27 20 of
1616 1143 37 22 the
1660 1143 87 27 kebble,
1758 1145 107 21 exclaim-

1279 1167 37 27 ing
1325 1171 23 17 to
1359 1167 34 21 his
1402 1168 110 27 comrade,
1530 1169 100 27 Roberts,
1723 1178 29 13 on
1768 1171 97 27 brother,

1281 1193 10 22 I
1310 1194 57 22 shall
1380 1194 29 21 be
1427 1195 22 21 in
1468 1195 86 22 heaven
1573 1196 22 21 in
1613 1203 14 14 a
1760 1209 27 3 —
1789 1205 78 14 conse-

1280 1221 96 26 quently,
1397 1221 94 22 Roberts
1512 1230 42 14 was
1574 1223 74 21 drawn
1667 1231 36 20 up,
1721 1224 43 21 and
1782 1225 85 20 Verran

1280 1248 67 21 threw
1355 1248 89 22 himself
1448 1248 72 27 down,
1532 1249 43 22 and
1585 1249 78 28 placed
1670 1251 33 21 his
1710 1258 54 19 poor
1772 1251 95 22 devoted

1281 1274 57 21 head
1349 1275 70 21 under
1428 1282 13 14 a
1449 1275 61 27 piece
1518 1276 25 21 of
1550 1276 68 27 plank
1627 1277 24 21 in
1662 1284 41 14 one
1714 1284 76 15 corner
1797 1277 24 22 of
1828 1278 39 21 the

1280 1301 65 25 shaft,
1364 1302 104 26 awaiting
1478 1301 37 23 the
1525 1306 99 18 moment
1635 1303 60 22 when
1712 1304 28 21 he
1750 1304 78 22 should
1839 1305 28 21 be

1280 1327 72 23 blown
1370 1332 23 18 to
1410 1332 77 18 atoms.
1526 1329 51 21 Just
1594 1337 23 15 as
1633 1330 94 22 Roberts
1742 1334 39 24 got
1796 1335 20 17 to
1829 1331 38 21 the

1280 1355 72 26 brace,
1364 1355 44 21 and
1414 1362 43 14 was
1466 1355 93 27 looking
1569 1356 61 22 down
1639 1357 52 21 with
1702 1358 116 26 trembling
1829 1365 38 20 ap-

1279 1381 134 28 prehension
1421 1389 27 14 on
1458 1382 37 21 the
1504 1383 43 20 fate
1555 1382 26 22 of
1587 1390 54 20 poor
1648 1383 91 27 Verran,
1751 1385 37 20 the
1797 1385 70 21 whole

1282 1412 56 18 went
1348 1409 34 21 off
1394 1409 50 21 with
1460 1416 13 14 a
1487 1409 156 22 tremenduous
1658 1411 118 26 explosion,
1795 1411 44 22 and
1855 1419 14 14 a

1281 1435 62 21 small
1354 1439 64 17 stone
1428 1435 74 21 struck
1511 1435 94 22 Roberts
1615 1437 99 27 severely
1724 1445 27 14 on
1761 1439 38 20 the
1809 1438 60 21 fore-

1280 1461 57 22 head
1347 1470 23 14 as
1379 1462 29 22 he
1419 1469 43 15 was
1472 1462 89 27 looking
1571 1462 63 22 down
1645 1463 36 22 the
1691 1465 65 21 shaft.
1786 1465 30 21 To
1830 1465 38 21 the

1280 1489 159 26 inexpressible
1449 1489 94 26 surprise
1555 1490 43 20 and
1606 1491 39 26 joy
1655 1491 25 21 of
1688 1491 35 21 the
1733 1498 52 14 men
1796 1495 22 17 at
1828 1492 39 21 the

1279 1515 75 26 brace,
1372 1516 53 27 they
1435 1515 69 22 heard
1520 1515 86 23 Verran
1622 1524 37 20 cry
1674 1522 40 17 out
1753 1519 70 20 Don't
1841 1519 26 20 be

1281 1542 77 27 afraid,
1373 1543 57 21 lam
1441 1546 39 18 not
1608 1543 92 22 Roberts
1715 1545 153 26 immediately

1281 1569 132 26 descended,
1430 1569 45 21 and
1485 1569 71 22 found
1567 1569 48 22 that
1623 1571 37 21 the
1670 1574 64 23 great
1750 1572 82 21 burden
1846 1572 25 21 of

1281 1595 36 22 the
1328 1595 58 22 blast
1395 1604 44 14 was
1453 1595 86 22 thrown
1553 1597 23 21 in
1587 1604 67 19 every
1663 1600 50 24 part
1722 1599 25 20 of
1759 1598 38 21 the
1809 1598 60 21 shaft

1281 1628 78 21 except
1369 1623 37 21 the
1416 1630 77 14 corner
1505 1623 71 21 where
1585 1631 54 20 poor
1648 1623 83 23 Verran
1742 1632 43 14 was
1795 1625 73 21 coiled

1281 1649 40 27 up!
1351 1650 53 21 This
1415 1649 167 28 extraordinary
1594 1651 158 22 circumstance
1764 1652 38 21 has
1815 1659 53 20 pro-

1281 1675 71 22 duced
1363 1684 12 13 a
1387 1676 151 22 considerable
1556 1677 110 21 sensation
1683 1678 132 27 throughout
1829 1679 38 21 the

1281 1702 90 22 district.
1402 1703 46 21 Not
1463 1703 51 26 only
1526 1703 28 21 do
1570 1703 52 28 they
1632 1705 55 20 view
1702 1705 37 21 the
1755 1712 77 21 escape
1844 1713 24 14 as

1281 1736 13 14 a
1300 1729 132 22 miraculous
1437 1730 153 27 interposition
1600 1731 25 21 of
1632 1731 81 22 Divine
1724 1732 142 24 Providence,

1282 1756 37 21 but
1331 1756 35 22 the
1378 1756 97 22 conduct
1486 1757 25 21 of
1526 1757 85 22 Verran
1622 1765 24 13 as
1663 1765 14 14 a
1685 1759 65 21 noble
1768 1759 99 22 instance

1282 1783 25 21 of
1321 1782 57 22 what
1388 1791 14 13 a
1409 1783 47 22 real
1466 1783 110 21 Chvistian
1587 1784 43 22 will
1641 1785 27 21 do
1679 1785 22 21 in
1718 1785 36 22 the
1770 1789 99 18 moment

1282 1810 25 20 of
1310 1811 125 26 extremity.
1437 1821 28 4 —
1465 1811 63 20 Prom
1535 1817 12 13 a
1553 1813 157 24 correspondent
1716 1813 22 20 in
1744 1813 35 20 the
1785 1814 84 25 Mining

1280 1837 96 21 Journal.

1308 1864 115 22 Rennie's
1438 1865 57 21 New
1509 1865 71 22 Boat.
1582 1877 27 4 —
1611 1866 61 21 With
1687 1874 13 14 a
1709 1868 46 21 first
1766 1868 50 21 trial
1824 1868 45 21 her

1282 1898 93 19 average
1387 1894 45 18 rate
1444 1899 42 13 was
1495 1893 40 20 16i
1545 1892 70 27 miles,
1627 1893 96 27 through
1732 1894 44 22 still
1792 1898 75 22 water,

1283 1917 50 21 writh
1343 1919 27 21 32
1380 1918 85 21 strokes
1479 1926 40 19 per
1536 1919 91 22 minute.
1664 1920 63 28 They
1746 1925 79 23 expect
1842 1922 27 21 17

1282 1943 63 22 miles
1357 1945 64 21 when
1439 1944 50 22 with
1506 1947 27 19 33
1548 1945 84 22 strokes
1648 1951 22 16 at
1687 1947 40 22 her
1741 1952 54 17 next
1809 1948 58 21 trial.

1282 1971 105 26 Nothing,
1401 1978 31 14 we
1441 1971 62 27 hear,
1514 1979 41 14 can
1573 1973 83 21 exceed
1671 1973 37 22 the
1725 1974 81 27 beauty
1821 1974 45 21 and

1282 2004 49 14 ease
1348 1997 51 21 with
1415 1997 71 22 which
1506 1998 37 22 the
1558 1999 53 21 boat
1626 2007 73 20 passes
1715 2000 96 28 through
1830 2001 38 22 the

1283 2027 73 22 w.ftter.
1400 2024 105 25 Tonnage
1524 2027 40 19 219
1583 2029 63 22 tons;
1668 2034 81 19 power,
1775 2032 93 22 seventy

1281 2049 71 26 horse,
1365 2056 24 14 or
1399 2058 24 13 as
1431 2057 40 15 one
1489 2050 65 22 horse
1571 2054 21 18 to
1610 2051 61 23 three
1689 2056 54 19 tons.
1747 2065 26 3 —
1774 2055 95 25 Railway

1282 2077 119 24 Magazine.

1308 2104 47 21 The
1376 2104 98 22 German
1491 2105 102 26 journals
1609 2107 105 22 continue
1731 2112 22 17 to
1769 2108 28 21 be
1806 2108 63 22 filled

1281 2131 52 21 with
1343 2134 106 18 accounts
1461 2131 24 21 of
1498 2132 176 27 conflagrations.
1714 2135 35 20 On
1766 2134 38 21 the
1815 2135 52 22 11th

1281 2157 90 26 instant,
1381 2157 37 21 the
1427 2158 62 21 small
1500 2161 56 19 town
1563 2159 25 21 of
1595 2159 120 28 Tombach,
1722 2168 53 14 near
1784 2161 82 27 Gotha,

1282 2191 42 14 was
1335 2185 80 20 almost
1425 2184 89 27 intirely
1531 2187 132 24 consumed;
1679 2188 28 21 50
1722 2188 53 27 only
1792 2188 24 21 of
1829 2188 38 21 the

1281 2212 26 20 50
1314 2214 6 16 )
1331 2211 78 21 houses
1418 2211 24 21 of
1449 2211 37 21 the
1495 2212 62 25 place
1564 2220 56 14 were
1632 2214 38 21 left
1679 2214 109 27 standing.
1818 2215 49 22 The

1281 2237 80 27 village
1377 2237 25 21 of
1414 2238 100 26 Bechtof,
1536 2239 23 21 in
1573 2239 161 29 Wurtemberg,
1750 2241 46 22 had
1809 2242 58 21 been

1281 2264 97 21 likewise
1389 2263 79 23 visited
1479 2265 28 26 by
1517 2271 14 15 a
1543 2265 132 24 destructive
1691 2267 46 27 fire,
1755 2268 23 21 in
1794 2268 74 22 which

1281 2291 43 21 five
1334 2290 86 22 chilren
1431 2291 43 21 had
1484 2291 44 22 lost
1536 2291 57 23 their
1604 2293 61 22 lives.

1307 2318 48 21 The
1367 2319 115 24 Frankfort
1491 2320 90 20 Journal
1596 2327 128 15 announces
1738 2321 38 22 the
1797 2322 66 21 death

1281 2345 26 21 of
1318 2345 34 21 M.
1364 2345 64 21 Isaac
1439 2345 101 26 Harlwij*
1550 2347 101 27 d'Essen,
1662 2355 42 14 one
1714 2348 24 21 of
1751 2348 36 22 the
1796 2348 73 23 heads

1282 2371 26 21 of
1327 2371 38 22 the
1397 2372 99 22 German
1527 2373 100 22 Israelite
1653 2374 167 28 Congregation,
1846 2380 23 17 at

1282 2398 143 27 Hamburgh.
1454 2399 91 28 Having
1557 2408 28 13 no
1595 2401 105 26 children,
1713 2402 27 21 he
1748 2402 121 27 bequeath-

1282 2425 27 21 ed
1327 2425 34 22 his
1385 2427 94 24 fortune,
1496 2427 131 26 amounting
1649 2430 20 18 to
1688 2430 90 25 800,000
1798 2436 71 15 marcs

1280 2452 74 21 banco
1374 2452 124 27 (£80,000,)
1519 2456 22 19 to
1557 2454 119 22 charitable
1693 2455 136 22 institutions
1845 2457 23 21 in

1282 2479 141 27 Hamburgh,
1434 2480 90 26 Altona,
1537 2481 42 21 and
1590 2481 155 27 Copi-nhagen.
1747 2494 28 3 —
1778 2484 75 20 Times.

1308 2510 73 22 Wood
1408 2519 120 14 rendered
1560 2512 212 24 Uninflammable.
1782 2527 27 4 —
1818 2516 49 22 The

1280 2544 87 20 process
1378 2538 26 21 of
1415 2539 124 27 saturating
1550 2540 61 21 wood
1629 2540 52 22 with
1696 2542 96 22 metallic
1808 2543 61 21 solu-

1281 2564 64 26 tions,
1358 2564 55 22 such
1424 2573 22 14 as
1459 2566 65 21 oxide
1536 2566 25 21 of
1572 2566 55 26 iron,
1640 2566 46 25 has,
1696 2568 27 21 of
1740 2568 51 27 late,
1809 2570 58 21 been

1281 2590 70 22 found
1369 2595 22 18 to
1411 2592 81 22 render
1515 2593 19 21 it
1553 2593 106 28 perfectly
1677 2595 190 24 uninflammable.

1282 2617 77 22 Pieces
1369 2619 115 22 Canadian
1495 2620 33 25 fir,
1541 2620 48 21 thus
1599 2620 160 28 impregnated,
1771 2630 37 15 are
1816 2631 51 15 now

1281 2644 76 26 placed
1367 2653 60 19 upon
1438 2653 13 14 a
1461 2646 65 22 fierce
1538 2646 54 23 coke
1602 2647 46 27 fire,
1659 2648 44 22 and
1711 2649 92 23 become
1814 2651 53 28 only

1280 2669 46 28 hot,
1337 2672 46 21 and
1394 2674 96 26 scarcely
1503 2674 99 21 charred.

1307 2703 49 23 The
1374 2704 114 28 following
1504 2706 130 26 particulars
1650 2714 35 15 are
1704 2711 68 24 gtven
1794 2710 24 21 of
1830 2709 38 22 the

1281 2729 52 23 Earl
1343 2731 26 21 of
1381 2731 89 23 Rosse's
1480 2733 98 26 gigantic
1589 2733 109 28 telescope
1705 2743 5 18 ;
1723 2735 36 22 the
1772 2737 67 21 metal
1849 2738 20 20 is

1281 2757 32 21 six
1324 2759 44 20 feet
1378 2758 119 28 diameter;
1517 2759 19 22 it
1552 2761 19 21 is
1590 2759 44 23 five
1651 2761 75 22 inches
1740 2762 44 22 and
1798 2771 13 14 a
1820 2764 50 21 half

1281 2783 60 22 thick
1351 2788 22 18 at
1385 2785 36 21 the
1432 2786 73 27 edges,
1517 2787 45 21 and
1571 2786 42 23 five
1619 2787 76 22 inches
1702 2793 22 17 at
1732 2789 37 22 the
1781 2794 86 22 centre;

1280 2809 28 22 its
1319 2811 81 27 weight
1409 2813 19 21 is
1437 2813 69 22 about
1514 2813 62 22 three
1583 2818 58 18 tons.
1669 2815 34 27 By
1712 2816 104 28 grinding
1822 2818 45 21 and

1281 2837 109 28 polishing
1399 2839 28 22 its
1437 2839 113 23 thickness
1561 2841 43 21 will
1614 2841 106 28 probably
1730 2843 26 21 be
1768 2844 98 21 reduced

1281 2865 116 22 one-tenth
1408 2874 24 14 or
1442 2867 131 26 one-eighth
1583 2868 26 21 of
1626 2876 29 13 an
1669 2869 64 27 inch;
1748 2870 19 21 it
1782 2870 43 21 will
1840 2871 27 21 be

1280 2891 86 22 formed
1375 2893 48 21 into
1433 2900 13 15 a
1456 2893 109 28 telescope
1575 2895 26 21 of
1607 2895 49 27 fifty
1663 2895 47 22 feet
1716 2896 57 22 local
1779 2897 85 27 length,

1279 2917 42 22 and
1345 2919 49 26 will,
1415 2919 62 23 there
1497 2921 18 21 is
1533 2928 68 21 every
1620 2928 79 15 reason
1716 2926 21 17 to
1754 2923 62 28 hope,
1839 2924 28 21 be

1279 2945 97 28 actually
1385 2947 23 21 in
1420 2954 38 14 use
1474 2947 43 22 this
1534 2955 59 18 year.
1632 2949 47 21 The
1695 2950 110 26 speculem
1822 2950 43 23 will

1280 2971 56 22 have
1347 2980 13 14 a
1369 2973 117 27 reflecting
1495 2975 85 21 surface
1590 2975 26 21 of
1622 2976 58 25 4,071
1693 2983 78 20 square
1781 2977 84 26 inches,

1279 2997 71 23 whilst
1360 2999 48 22 that
1422 3001 25 21 of
1460 3001 36 21 the
1511 3001 110 28 telescope
1635 3001 63 23 made
1715 3003 28 26 by
1760 3003 105 27 Hershel,

1279 3025 70 22 under
1359 3026 37 22 the
1408 3027 100 28 auspices
1524 3028 26 21 of
1561 3028 62 27 King
1639 3029 87 26 George
1746 3029 53 26 111.,
1820 3030 45 22 had

1279 3053 38 21 but
1329 3054 69 25 1,811.

1303 3086 141 23 Unrolling
1459 3095 26 14 of
1500 3096 14 14 a
1531 3088 129 22 Mummy.—
1662 3091 34 20 On
1712 3090 122 28 Thursday,
1852 3100 13 12 a

1279 3112 78 23 female
1367 3121 107 21 mummy,
1491 3115 118 27 presented
1623 3120 23 18 to
1655 3116 36 22 the
1703 3117 94 22 Natural
1812 3118 53 22 His-

1278 3143 46 23 tory
1343 3141 88 27 Society
1449 3142 26 21 of
1491 3142 151 28 Shrewsburj',
1662 3144 29 26 by
1708 3144 37 22 the
1761 3144 44 22 late
1822 3145 42 22 Dr.

1277 3166 83 28 Butler,
1377 3175 45 15 was
1437 3169 103 22 unrolled
1554 3170 23 21 in
1593 3170 37 22 the
1646 3178 104 20 presence
1761 3171 25 21 of
1798 3172 68 22 about

1277 3195 38 20 200
1333 3193 77 29 highly
1420 3196 136 26 respectable
1571 3200 125 24 spectators,
1714 3205 12 14 a
1740 3202 62 23 great
1816 3203 50 22 part

1277 3220 24 21 of
1309 3219 72 24 whom
1392 3229 56 15 were
1459 3223 76 27 ladies,
1546 3224 18 21 it
1575 3224 83 27 having
1667 3225 56 21 been
1734 3225 72 22 stated
1814 3225 51 22 that

1276 3246 60 22 there
1343 3248 73 22 would
1427 3249 26 21 be
1461 3250 93 26 nothing
1561 3250 118 23 indelicate
1687 3251 23 21 in
1716 3251 37 24 the
1759 3252 106 22 interest-

1275 3273 38 27 ing
1329 3276 120 25 operation.
1488 3277 45 21 Mr.
1554 3277 73 27 Birch,
1643 3277 62 25 .from
1724 3278 38 22 the
1782 3279 82 22 British

1277 3300 111 28 Museum,
1410 3303 171 32 superintended
1656 3305 113 27 unrolling
1784 3306 25 21 of
1825 3306 38 21 the

1524 3334 23 17 to
1566 3330 72 22 which
1653 3331 27 21 he
1695 3331 115 23 described
1825 3333 38 21 the

1380 3356 26 21 of
1422 3357 135 27 embalming
1576 3364 81 21 among
1675 3357 37 23 the
1731 3358 131 28 Egyptains.

1279 3380 42 22 The
1336 3384 64 19 outer
1409 3383 66 21 coffin
1491 3384 24 22 in
1526 3384 71 22 which
1613 3384 36 22 the
1662 3389 90 23 present
1767 3386 96 22 remains

1275 3415 55 14 were
1341 3408 114 26 deposited
1465 3411 133 21 announced
1611 3410 48 22 that
1668 3411 18 21 it
1696 3412 119 22 contained
1823 3413 39 21 the

1275 3434 58 27 body
1623 3437 105 23 Priestess
1733 3438 24 22 of

1275 3460 47 23 who
1334 3469 44 14 was
1414 3463 117 23 dedicated
1541 3467 21 19 to
1574 3464 76 27 Osiris,
1667 3465 115 26 Presiding
1790 3466 23 21 in
1824 3467 38 21 the

1275 3488 68 26 West,
1357 3488 58 23 Lord
1423 3490 25 21 of
1455 3490 99 28 Abydos,
1567 3490 48 22 that
1623 3491 29 22 he
1660 3491 71 22 would
1740 3492 50 26 give
1797 3493 65 21 offer-

1274 3515 47 26 ings
1327 3515 36 22 for
1373 3516 36 21 the
1418 3516 52 22 sake
1479 3518 26 20 of
1509 3517 38 22 the
1713 3518 46 23 The
1767 3518 95 24 lecturer

1277 3542 68 26 began
1357 3546 23 17 at
1390 3543 38 21 the
1436 3544 46 21 feet
1489 3544 25 21 of
1522 3544 37 22 the
1570 3551 76 20 corpse
1656 3548 21 18 to
1686 3545 60 22 untie
1754 3545 36 22 the
1800 3545 61 23 linen

1276 3568 112 27 bandages
1399 3570 71 23 which
1481 3570 124 27 enveloped
1614 3571 25 22 it.
1667 3571 71 23 These
1749 3573 113 22 consisted

1276 3595 24 21 of
1313 3596 86 22 several
1408 3596 103 23 hundred
1519 3597 80 28 pieces,
1611 3598 26 21 of
1651 3598 37 22 the
1696 3599 46 21 hue
1751 3599 25 21 of
1789 3599 72 23 wash-

1275 3621 89 25 leather,
1379 3622 42 23 but
1430 3624 105 27 capitally
1543 3631 78 15 woven
1630 3624 66 28 cloth,
1713 3625 44 22 and
1766 3625 24 23 in
1800 3634 60 14 some

1274 3650 57 26 parts
1340 3651 40 19 not
1394 3651 67 21 much
1472 3650 146 28 discoloured,
1635 3651 44 22 and
1694 3655 72 25 pretty
1776 3657 84 24 strong,

1275 3675 33 22 On
1319 3681 44 16 one
1374 3676 26 21 of
1414 3677 37 21 the
1460 3678 75 27 pieces
1541 3685 44 15 was
1595 3685 29 15 an
1634 3678 128 29 inscription
1779 3680 83 27 stating

1274 3701 36 22 the
1319 3708 42 20 age
1371 3702 27 22 of
1404 3704 37 21 the
1451 3712 102 20 mummy
1562 3707 23 19 to
1594 3705 28 21 be
1632 3706 25 22 21
1672 3713 71 20 years.
1773 3707 35 22 On
1818 3714 43 16 un-

1274 3728 88 28 lapping
1370 3729 38 22 the
1418 3730 113 28 bandages
1546 3732 72 22 ruund
1626 3732 37 22 the
1673 3733 65 27 neck,
1754 3733 38 23 the
1802 3733 59 25 head

1273 3755 37 22 fell
1319 3755 37 27 off,
1374 3756 46 22 and
1430 3765 43 14 was
1482 3757 72 23 found
1564 3758 61 27 quite
1634 3759 92 28 perfect,
1741 3760 84 22 several
1835 3761 30 21 of

1274 3781 34 22 the
1328 3782 60 22 teeth
1406 3783 24 22 in
1450 3784 62 22 front
1529 3784 69 28 being
1616 3785 44 22 still
1679 3785 60 23 fixed
1759 3787 24 21 in
1803 3787 58 23 their

1273 3808 91 28 sockets,
1381 3817 42 15 one
1437 3811 26 21 of
1475 3811 62 23 them
1550 3812 68 22 loose.
1648 3812 47 22 The
1712 3812 115 28 cartilages
1836 3814 28 21 of

1274 3834 35 22 the
1319 3841 49 16 ears
1374 3843 57 16 were
1440 3838 93 26 perfect,
1543 3838 38 22 the
1592 3838 63 22 dried
1663 3838 56 22 flesh
1728 3838 84 29 having
1820 3839 40 23 the

1272 3861 127 24 semblance
1409 3863 26 22 of
1442 3864 56 21 dark
1506 3864 152 28 gingerbread.
1686 3864 49 23 The
1743 3865 62 28 body
1813 3873 45 15 was

1273 3887 108 23 disclosed
1397 3890 52 21 with
1460 3897 14 14 a
1482 3894 51 17 vast
1548 3891 51 21 deal
1613 3897 60 15 more
1688 3891 108 32 difficulty
1806 3892 53 22 than

1272 3914 36 22 the
1317 3914 67 26 head,
1401 3916 37 21 the
1452 3916 132 23 embalmers
1597 3916 83 28 having
1689 3917 82 28 dipped
1779 3920 19 20 it
1811 3918 49 23 into

1272 3940 36 23 the
1317 3940 40 23 hot
1366 3941 99 24 bitumen
1475 3949 25 15 so
1508 3942 54 28 long
1573 3943 44 22 and
1630 3950 26 16 so
1663 3942 128 30 frequently
1801 3952 22 15 as
1835 3948 25 18 to

565 40 99 46 grt|g
687 38 119 44 Wfrto
833 41 210 42 ggatattt*
1068 45 305 47 lfia?tttrait&
1396 48 301 47 metttngton
1720 46 253 51 ggurtatoi.

1893 137 86 27 destroy
1988 137 37 21 the
2041 137 56 23 flesh
2112 139 45 21 and
2172 140 79 22 render
2265 141 37 22 the
2317 141 51 22 skin
2383 142 43 21 arid
2442 143 29 22 its*

1893 163 106 28 envelope
2015 170 42 16 one
2073 172 64 14 mass.
2167 165 126 29 Gradually,
2309 167 108 28 however,
2432 169 38 22 the

1892 193 46 17 toes
1948 190 121 27 appeared,'
2078 191 29 21 all
2115 191 86 27 perfect
2210 198 77 22 except
2300 194 38 22 the
2353 195 64 26 nails,
2432 195 38 22 the

1894 216 44 21 feet
1954 216 67 27 being
2039 217 64 21 small
2120 217 46 22 and
2185 226 51 19 very
2253 221 134 21 attenuated.
2423 221 47 21 The

1892 242 93 21 muscles
1995 242 44 22 and
2050 243 36 22 the
2095 243 49 22 skin
2155 244 27 22 of
2188 244 35 22 the
2233 245 52 28 legs,
2299 247 44 22 and
2354 247 36 21 the
2400 254 40 21 cap
2450 247 27 22 of

1893 268 36 21 the
1940 268 63 26 knee,
2021 273 55 18 next
2090 269 91 23 became
2191 271 83 27 visible,
2290 273 45 21 and
2343 273 39 22 the
2392 273 78 28 hands,

1893 294 87 22 crossed
1990 302 26 14 on
2029 296 36 21 the
2075 296 115 27 abdomen,
2203 304 55 14 were
2265 299 75 21 traced
2347 300 57 22 after
2410 304 63 22 great

1893 321 82 22 labour.
2003 322 47 21 The
2060 322 38 27 hip
2107 323 75 26 bones,
2197 323 37 21 the
2243 324 120 28 shoulders,
2380 327 44 21 and
2434 326 38 22 the

1893 347 50 25 ribs,
1956 355 54 14 were
2020 348 95 28 exposed
2126 356 42 14 one
2179 350 54 21 after
2241 350 101 27 another,
2357 352 33 21 till
2399 356 23 18 at
2430 352 44 24 last

1893 373 36 22 the
1946 374 56 27 fully
2015 374 119 28 developed
2150 376 69 21 frame
2234 376 26 21 of
2272 384 13 14 a
2300 377 83 22 human
2399 378 73 27 being,

1892 401 63 25 3,000
1963 407 62 20 years
2036 401 42 26 old,
2094 401 36 27 lay
2138 409 44 20 exp
2190 403 45 21 >sed
2250 407 21 17 to
2282 403 37 21 the
2331 411 55 20 gaze
2396 405 26 21 of
2435 405 38 21 the

1893 433 114 21 company.
2045 427 106 27 Upwards
2166 429 24 21 of
2204 428 68 22 three'
2283 429 66 23 hours
2364 438 57 14 were
2436 438 38 14 oc-

1893 452 78 25 cupied
1980 453 23 21 in
2013 453 36 22 the
2059 461 93 19 process.
2154 466 28 4 —
2182 457 64 19 Local
2249 463 75 19 paper.
2402 457 4 3 '
2465 467 11 7 -

1920 479 47 22 The
1975 479 76 27 Decay
2058 481 25 21 of
2090 481 36 21 the
2136 481 70 22 Teeth
2211 483 44 21 and
2265 483 71 22 Gums
2345 483 129 24 arisesfrom

1894 506 88 21 various
1997 513 89 20 causes;
2100 507 47 26 but,
2157 509 136 27 principally,
2304 510 18 22 it
2338 511 87 26 maybe
2440 515 35 17 at-

1893 532 97 21 tributed
1999 535 22 18 to
2032 534 57 25 early
2098 536 86 25 neglect,
2194 537 26 19 ill
2228 537 75 25 health,
2316 537 43 21 and
2368 537 35 21 the
2408 544 36 14 me
2450 538 27 25 of

1894 559 35 20 the
1948 560 65 19 Tooth
2028 561 87 20 Powder
2128 563 117 25 containing
2260 565 89 19 mineral
2358 565 42 19 and
2414 566 60 20 other

1893 586 122 21 deleterious
2024 588 63 26 acids,
2098 589 66 20 which
2173 591 56 24 gives
2237 597 13 13 a
2265 595 127 22 momentary
2401 593 73 20 white-

1893 619 45 14 ness
1949 615 20 18 to
1979 614 33 20 Ihe
2022 616 61 25 teeth,
2092 616 61 21 while
2163 617 47 25 they
2218 619 83 19 corrode
2310 619 35 19 the
2353 621 77 18 enamel
2436 621 10 19 /—/
2446 630 28 5 —

1893 640 48 21 The
1952 643 97 20 extreme
2060 642 131 26 prevalence
2202 644 25 20 of
2234 643 42 23 this
2284 644 44 22 last
2337 652 65 15 cause
2411 647 18 20 is
2437 650 37 18 too

1894 666 50 22 well
1960 667 79 22 known
2056 672 23 17 to
2095 670 55 20 need
2170 674 116 18 comment.
2314 671 33 21 To
2364 671 44 22 this
2420 672 57 27 fact,'

1893 692 88 27 indeed,
1993 694 18 21 is
2025 695 131 27 principally
2166 699 22 18 to
2204 697 26 21 be
2239 697 122 22 attributed
2371 697 37 22 the
2422 698 54 28 long

1896 719 111 22 Botanical
2019 720 117 28 Research,
2149 723 69 21 which
2229 730 43 15 was
2284 724 91 27 happily
2385 726 91 21 termin-

1895 746 50 21 ated
1956 746 26 27 by
1994 746 37 22 the
2041 751 57 18 most
2107 748 108 22 felicitous
2225 750 115 27 discovery
2348 758 51 14 ever
2408 751 66 27 given

1895 776 21 17 to
1928 773 35 21 the
1970 773 68 22 world
2046 774 33 21 for
2086 774 34 21 the
2129 775 172 23 Preservation
2310 778 26 20 of
2342 777 36 21 the
2388 777 86 28 Teeth,

1896 798 73 26 Gums,
1994 800 44 21 and
2069 800 103 27 Breath,
2201 803 42 20 viz.
2253 814 28 4 —
2293 804 183 22 ROWLAND'S

1896 825 134 28 ODONTO,
2051 834 25 15 or
2096 828 100 22 PEARL
2211 828 202 29 DENTIFRICE;
2432 831 44 23 this

1896 852 90 21 Powder
1996 860 49 15 now
2061 855 102 26 occupies
2179 863 13 14 a
2203 856 157 27 distinguished
2379 857 61 26 place
2453 862 24 18 at

1895 878 36 22 the
1949 879 81 22 Toilets
2046 880 24 21 of
2077 881 37 21 the
2128 882 132 27 Sovereigns
2270 883 44 22 and
2328 884 37 21 the
2375 884 101 28 Nobility

1895 906 132 26 throughout
2043 907 93 28 Europe,
2149 909 64 22 while
2223 910 35 21 the
2273 910 91 27 general
2377 910 97 23 demand

1895 932 34 21 for
1938 934 18 20 it
1964 937 23 17 at
1997 940 55 15 once
2063 941 116 16 announce
2194 936 37 21 the
2246 936 77 22 favour
2337 937 24 21 in
2377 937 72 23 which
2458 938 18 22 it

1894 959 18 21 is
1923 958 50 23 held
1983 960 30 26 by
2023 960 37 21 the
2070 961 73 27 public
2154 965 24 18 at
2187 962 66 27 large.

2229 991 38 19 See
2277 990 172 22 Advertisement.

2006 1045 358 26 MISCELLANEOUS.

44 140 3 17 I
91 129 11 22 I
118 134 62 16 come
196 132 49 16 now
259 129 24 18 to
299 125 71 27 speak,
381 125 29 21 of
423 125 37 22 the
478 133 165 21 consequences

63 155 73 22 ■which
144 155 56 20 have
210 151 72 22 arisen
291 155 37 17 out
335 151 26 22 of
368 151 36 22 the
414 156 93 24 attempt
514 157 21 18 to
541 160 103 21 suppress

64 182 61 21 these
143 182 66 19 street
228 177 139 23 exhibitions.
396 179 22 21 A
434 179 41 21 few
495 179 55 28 days
568 180 76 22 before

64 209 37 20 the
121 206 117 22 Christmas
256 203 99 28 holidays
374 204 24 21 of
414 206 60 25 1840,
496 207 43 21 Mr.
559 206 86 22 Hector

66 232 99 24 Mitchel.
181 231 38 21 the
233 230 82 27 Mayor
325 230 24 22 of
363 230 119 28 Kingston,
492 233 74 21 issued
576 240 14 14 a
600 234 44 25 pri-

65 263 50 18 vate
126 257 63 22 order
195 260 22 18 to
226 256 39 22 the
275 256 71 22 Police
353 262 23 16 to
383 261 94 24 prevent
482 259 30 21 all
519 259 126 28 drumming

65 285 43 23 and
119 283 95 24 dancing
221 283 23 21 in
256 282 39 22 the
310 286 76 19 streets
395 283 82 28 during
487 285 36 22 the
533 285 109 28 holidays.

64 311 53 22 This
127 309 63 23 order
205 311 26 19 lie
242 309 73 22 issued
329 310 92 22 without
430 312 125 27 consulting
564 319 43 20 any
621 313 26 21 of

64 338 34 22 his
107 336 90 22 brother
204 336 148 26 Magistrates,
360 343 24 15 or
393 344 58 15 even
458 338 120 27 informing
583 338 61 23 them

64 365 51 21 that-
120 363 28 21 he
158 362 42 21 had
212 362 58 22 done
282 370 31 14 so.
341 363 37 22 He
392 369 80 22 quotes
487 372 25 15 as
524 365 33 21 his
566 366 78 21 autho-

63 391 42 26 rity
114 389 33 21 for
157 389 42 21 this
209 388 106 28 arbitrary
326 389 111 28 mandate,
449 398 42 15 one
501 392 25 21 of
537 391 36 21 the
585 391 58 23 loose

64 418 136 21 enactments
217 415 26 21 of
257 423 13 13 a
280 416 51 26 law,'
339 423 52 20 very
401 417 149 28 significantly
559 419 84 21 termed

64 443 36 22 the
240 442 124 22 Gatherum
371 444 48 21 Auc
441 455 28 4 —
470 452 27 14 an
505 445 44 21 Act
558 445 84 21 framed

61 471 21 21 in
93 476 13 14 a
117 475 52 20 very
178 468 102 28 slovenly
286 476 97 20 manner,
393 478 25 13 so
430 471 39 21 full
479 471 26 21 of
512 471 130 22 absurdities

62 496 42 22 and
111 495 164 26 incongruities,
284 495 47 22 that
339 496 37 22 the
383 496 83 27 Judges
474 497 55 22 have
540 497 102 23 declared

60 523 17 22 it
93 525 21 18 to
133 522 27 21 be
179 521 124 27 altogether
317 523 76 21 unsafe
407 527 23 17 to
446 531 64 20 carry
523 531 42 20 any
576 524 26 21 of
613 524 29 22 its

62 548 120 29 provisions
191 549 47 20 into
249 549 102 27 practice.

87 575 28 22 In
126 575 102 27 carrying
236 576 48 21 into
301 576 115 22 execution
433 576 113 22 Mitchel's
557 576 82 28 orders,

61 602 36 22 the
108 601 73 22 Police
191 602 75 21 seized
281 609 29 15 on
324 602 37 22 ihe
376 602 81 27 drums,
469 603 49 27 &c,
529 603 45 21 and
591 605 50 20 took

61 627 83 23 several
164 627 25 22 of
210 628 37 22 the
271 628 119 22 drummers
412 630 47 21 into
479 630 98 27 custody,
597 631 45 21 and

59 654 79 28 lodged
147 654 60 22 them
218 655 22 21 in
256 655 38 22 the
310 663 59 19 cage.
397 656 48 22 The
459 656 77 27 people
548 657 92 22 became

60 680 84 24 excited
152 689 5 17 ;
183 689 14 13 a
210 681 62 27 large
292 682 57 25 body
367 682 125 22 assembled
511 683 72 22 before
604 683 36 22 the

59 712 56 18 store
131 708 25 21 of
168 708 44 21 Mr.
224 708 82 22 Daniel
321 709 62 27 Hart,
400 716 13 14 a
426 710 136 26 respectable
585 717 56 15 mer-

59 735 72 25 chant,
142 734 122 27 proprietor
270 735 26 21 of
303 735 79 27 a'large
393 739 76 22 estate,
477 736 44 21 and
531 744 14 13 a
555 737 84 27 Magis-

57 765 54 18 trate
122 761 25 21 of
154 760 36 22 the
200 762 57 25 city;
274 768 42 15 one
325 762 24 21 in
361 762 69 21 whom
442 762 36 22 the
488 763 77 27 people
583 763 56 23 have

59 791 62 24 great
144 787 138 22 confidence.
324 788 61 28 They
410 789 107 27 appealed
544 793 22 19 to
595 790 46 22 him

59 814 96 23 whether
171 814 37 21 the
225 814 74 21 Police
315 814 43 22 had
374 822 42 20 any
425 816 59 26 right
501 820 22 18 to
537 817 103 22 interfere

60 841 51 22 with
127 840 56 22 their
198 844 126 24 customary
333 846 156 18 amusements.
519 843 43 22 Mr.
574 844 65 27 Hart,

59 868 56 21 after
133 867 125 28 consulting
278 868 52 21 with
349 869 84 21 several
455 870 25 21 of
499 869 32 22 his
551 871 90 22 brother

59 894 147 27 Magistrates,
223 894 102 22 declared
343 895 47 22 that
409 896 62 22 there
489 904 44 14 was
552 904 30 15 no
599 898 40 22 law

59 921 124 26 forbidding
197 921 37 22 the
249 922 62 24 usual
327 922 121 22 Christmas
463 923 121 28 festivities,
596 925 44 22 and.

59 948 92 22 ordered
162 948 36 21 the
215 948 74 22 Police
305 951 38 18 not
352 952 21 18 to
386 949 108 22 interfere
505 950 52 22 with
567 953 59 21 them
634 960 5 19 ;

57 974 37 23 the
115 974 82 27 Police,
218 975 107 27 however,
343 975 151 29 immediately
513 978 128 23 afterwards

59 1002 66 26 again
136 1001 73 22 seized
219 1002 36 21 the
273 1002 80 27 drums,
366 1003 44 21 and
420 1004 52 20 took
482 1011 28 20 up
520 1004 36 21 the
566 1005 76 23 drum-

59 1035 66 16 mer?.
155 1029 64 20 Some
229 1028 27 21 of
262 1028 37 22 the
310 1029 141 27 Magistrates
460 1031 64 26 again
531 1032 71 21 called
612 1040 28 15 on

60 1054 37 22 the
108 1054 75 21 Police
193 1059 22 16 to
230 1054 75 26 desist,
315 1056 39 21 but
367 1056 23 21 in
402 1057 51 21 vain
461 1065 5 18 ;
484 1058 36 21 the
535 1059 106 26 populace

59 1082 71 25 began
141 1083 23 18 to
172 1080 46 22 lose
228 1084 92 23 temper,
327 1082 44 21 and
380 1089 13 14 a
402 1084 45 20 riot
452 1085 195 26 wasapprehend-'

61 1108 34 21 cd.
124 1107 31 21 At
164 1107 43 21 this
219 1107 103 27 juncture
332 1115 11 14 a
353 1109 95 21 number
463 1110 26 21 of
501 1111 139 27 Magistrates

61 1133 121 22 assembled
193 1136 22 19 at
224 1134 37 21 the
273 1134 151 27 Court-house,
440 1136 43 21 and
501 1139 107 25 proposed
618 1143 22 17 to

61 1160 42 22 call
118 1167 14 14 a
148 1160 97 26 meeting
263 1160 26 21 of
305 1160 140 27 Magistrates
465 1166 21 17 to
501 1164 101 22 consider
611 1173 28 14 on

62 1188 36 21 the
109 1194 75 15 means
195 1186 26 21 of
227 1187 132 26 preventing
373 1187 37 22 the
424 1195 68 20 peace
503 1190 24 21 of
538 1190 36 22 the
585 1195 55 19 town

63 1215 55 20 from
132 1214 66 26 being
211 1213 119 22 disturbed.
361 1214 92 22 Mitchel
464 1223 44 14 was
520 1216 83 22 invited
618 1223 21 17 to

61 1240 85 28 preside
157 1247 28 14 on
196 1240 36 21 the
243 1240 109 22 occasion.
381 1240 37 22 He
428 1242 88 22 refused
525 1247 21 17 to
557 1246 81 26 attend,

61 1267 38 22 but
104 1270 50 18 sent
162 1266 60 22 word
230 1266 49 22 that
285 1267 28 21 he
320 1266 44 23 had
371 1268 95 22 recalled
475 1268 36 22 the
519 1270 120 24 obnoxious

61 1294 62 22 order
132 1293 72 22 which
213 1293 45 22 had
268 1294 87 21 created
365 1294 37 21 the
413 1295 146 23 disturbance.
581 1298 59 22 Hart

61 1322 53 21 then
125 1320 71 21 called
205 1324 39 17 out
261 1324 23 18 to
294 1320 36 22 the
346 1321 76 27 people
432 1322 48 22 that
489 1322 52 28 they
552 1331 55 15 were
617 1329 23 18 at

59 1348 79 26 liberty
156 1350 22 18 to
197 1346 71 22 dance
292 1348 43 21 and
358 1348 65 21 drum
443 1356 23 14 as
484 1350 70 21 usual.
592 1352 47 22 The

62 1374 138 26 Magistrates
210 1374 124 27 compelled
343 1374 37 22 the
392 1375 74 22 Police
476 1378 22 19 to
508 1377 84 22 release
602 1378 37 22 the

61 1401 76 27 people
146 1400 53 27 they
209 1400 44 21 had
268 1400 66 22 taken
350 1409 35 19 up,
397 1402 43 21 and
451 1405 22 18 to
487 1409 82 17 restore
583 1405 57 22 their

60 1429 148 20 instruments.
237 1427 29 21 In
284 1428 36 21 the
331 1435 75 14 course
416 1429 27 21 of
456 1429 36 22 the
503 1430 42 27 day
555 1433 83 21 several

61 1454 80 26 trifling
150 1453 127 22 skirmishes
292 1454 102 21 occurred
405 1454 99 23 between
517 1458 35 21 the
565 1459 74 22 Police

62 1481 42 22 and
118 1481 37 21 the
169 1480 84 28 people,
270 1481 40 21 but
324 1486 38 16 not
378 1481 37 22 the
432 1482 100 27 slightest
546 1484 93 28 damage

62 1516 42 13 was
119 1508 69 26 done;
202 1507 18 21 it
235 1514 45 15 was
298 1507 77 27 chiefly
390 1509 102 22 confined
508 1513 21 18 to
549 1512 90 22 abusive

61 1534 107 27 language
184 1534 44 21 and
242 1534 90 21 threats.
360 1536 160 28 Subsequently
536 1537 40 22 the'
588 1540 51 21 mob

63 1561 120 22 assembled
202 1560 75 23 before
292 1561 111 22 Mitchel's
419 1562 60 27 door,
497 1564 42 21 and
559 1567 80 21 vented

62 1588 55 22 their
125 1588 138 26 indignation
278 1588 23 21 in
313 1588 51 21 loud
374 1588 55 27 yells
440 1590 44 21 and
495 1593 142 21 execrations.

63 1615 60 27 They
132 1622 55 14 were
201 1614 151 28 immediately
361 1615 111 27 dispersed
486 1616 31 28 by
526 1618 111 29 Moresby,

63 1649 39 14 one
122 1642 26 21 of
162 1642 38 21 the
217 1641 146 27 Magistrates,
385 1642 48 21 who
449 1651 43 17 wag
512 1644 125 24 afterwards

63 1668 53 22 tried
127 1668 33 21 for
169 1667 91 27 inciting
276 1668 35 21 the
325 1669 78 26 people
414 1673 23 18 to
446 1670 53 22 riot!
529 1672 59 21 Such
599 1673 17 21 is
627 1680 12 14 a

62 1696 58 26 plain
138 1694 82 28 history
238 1695 28 21 of
282 1694 56 23 what
358 1702 42 15 was
419 1697 121 26 magnified
559 1699 52 21 into-
626 1707 13 14 a

63 1723 81 21 serious
152 1722 48 21 riot.

89 1748 98 27 Mitchel,
198 1751 67 25 stung
274 1752 22 18 to
307 1749 34 22 the
352 1750 65 27 quick
428 1750 30 27 by
467 1751 38 22 the
515 1753 122 27 opposition

64 1776 23 20 of
93 1776 57 21 Hart
157 1776 43 21 and
207 1776 37 21 the
252 1776 63 21 other
320 1776 75 22 liberal
405 1778 146 27 Magistrates,
559 1781 80 21 caused

61 1809 13 14 a
84 1802 98 22 criminal
191 1803 136 26 prosecution
338 1811 28 14 on
377 1804 33 21 his
419 1811 48 14 own
477 1807 163 28 responsibility

61 1832 21 18 to
92 1829 26 21 be
129 1829 111 22 instituted
251 1830 84 26 against
346 1830 59 22 them
415 1831 34 21 for
457 1839 13 13 a
480 1833 128 27 conspiracy
618 1839 21 17 to

61 1859 71 18 create
151 1863 13 14 a
179 1856 47 27 riot,
245 1857 148 27 encouraging
408 1858 135 22 tumultuous
558 1868 81 14 assem-

61 1882 80 26 blages,
158 1882 93 27 inciting
260 1886 24 18 to
298 1891 12 13 a
327 1884 78 21 breach
416 1885 27 20 of
456 1885 37 22 the
508 1893 75 20 peace,
599 1889 38 21 &c.

63 1908 47 22 The
133 1909 46 22 trial
203 1917 62 14 came
289 1917 27 14 on
338 1911 23 20 in
386 1912 87 26 August
491 1912 47 28 last,
564 1913 75 23 before

64 1935 127 27 M'Dougal,
200 1943 40 14 one
249 1936 24 21 of
279 1936 35 22 the
323 1938 70 27 newly
400 1938 86 21 created
492 1939 55 26 legal
555 1940 84 27 Judges

64 1962 51 24 (one
125 1963 25 20 of
252 1964 18 25 ,)
282 1964 42 21 and
334 1972 12 13 a
356 1964 74 27 nicely
441 1966 81 25 packed
535 1968 101 26 (special)

62 1988 54 26 Jury
127 1989 24 20 of
157 1988 36 22 the
203 1989 35 21 old
254 1990 81 21 school.
364 1991 124 27 M'Dougal
504 1993 135 28 throughout

60 2014 232 26 the^trialcqnducted
310 2018 89 20 himself
412 2025 25 14 as
447 2019 82 25 though
545 2020 27 20 he
584 2028 55 14 were

60 2038 138 23 Counsellor
208 2040 36 21 the
254 2047 134 21 prosecutor;
398 2042 29 21 he
439 2042 43 23 had
491 2048 101 19 notevan
602 2047 37 21 the

59 2074 99 13 common
177 2074 63 13 sense
259 2067 44 20 and
319 2067 117 22 discretion
455 2073 22 17 to
494 2072 92 21 conceal
606 2073 34 21 his

59 2093 120 26 partiality!
214 2094 145 21 Incredituble
376 2102 23 14 as
415 2095 17 21 it
449 2103 50 19 may
510 2105 87 19 appear,
612 2100 27 21 he

60 2119 93 28 actually
163 2119 91 22 allowed
268 2121 97 26 Mitchel,
382 2122 36 21 the
430 2129 55 20 open
498 2124 43 21 and
550 2126 90 21 avowed

58 2150 125 23 prosecutor
191 2147 23 20 in
224 2147 37 20 the
271 2154 71 19 cause,
359 2152 22 17 to
391 2149 28 20 sit
429 2156 27 13 on
469 2149 35 22 the
518 2151 70 22 bench
604 2153 36 21 be-

59 2173 45 21 side
115 2173 43 21 him
171 2173 79 27 during
266 2173 37 21 the
312 2174 71 22 whole
398 2176 58 26 trial,
474 2176 45 21 and
534 2185 44 14 was
588 2187 52 14 con-

59 2199 81 28 stantly
146 2199 91 28 holding
244 2201 85 26 private
338 2203 151 21 conversation
499 2204 49 21 with
560 2206 46 21 him
616 2214 24 13 as

59 2226 36 21 the
106 2227 49 21 trial
165 2227 124 26 proceeded
296 2227 5 21 !
329 2228 50 21 You
389 2236 51 20 may
446 2237 64 18 guess
520 2231 36 21 the
564 2233 75 21 result.

59 2252 59 22 Hart
127 2253 43 21 and
179 2253 61 22 three
252 2254 26 21 of
291 2254 32 21 his
332 2254 89 23 brother
435 2257 139 27 Magistrates
585 2267 54 14 were

57 2279 68 22 found
135 2280 76 27 guilty.
240 2281 68 21 Their
317 2286 101 18 sentence
426 2290 45 15 was
480 2286 120 26 postponed
607 2287 32 21 till

59 2307 95 21 October
164 2307 62 21 when
236 2307 54 27 they
299 2315 55 14 were
367 2309 95 27 brought
472 2318 29 19 up
517 2312 73 22 before
602 2314 35 20 the

59 2333 105 27 Supreme
171 2334 73 21 Court.
274 2334 23 21 It
303 2342 42 15 was
353 2337 113 27 generally
475 2339 107 26 supposed
593 2340 46 21 that

59 2359 37 22 the
106 2364 101 18 sentence
218 2361 74 22 would
308 2366 38 17 not
360 2363 82 22 extend
458 2364 85 26 beyond
553 2373 12 14 a
576 2368 63 21 small

58 2387 120 26 pecuniary
194 2387 58 28 fine;
271 2388 44 27 but,
332 2393 22 17 to
369 2389 38 22 the
423 2397 137 17 amazement
574 2394 27 21 of
609 2394 29 22 all

57 2413 86 27 parties,
154 2414 17 21 it
181 2415 78 21 turned
269 2418 39 18 out
317 2423 41 14 one
367 2416 26 21 of
404 2417 37 21 the
451 2417 98 23 heaviest
559 2427 28 14 on
603 2428 34 14 re-

59 2440 58 21 cord.
152 2441 132 27 M'Dougal,
301 2442 48 22 who
364 2445 142 25 pronounced
522 2446 36 22 the
572 2447 67 27 judg-

61 2470 60 18 ment
127 2467 26 21 of
157 2468 36 21 the
200 2468 75 27 Court,
284 2469 54 22 after
343 2470 129 28 addressing
479 2472 158 29 theprisoners,

59 2498 22 17 at
91 2493 36 22 the
137 2494 46 27 bar,
200 2495 22 21 in
237 2503 14 13 a
266 2496 79 26 speech
360 2497 84 27 replete
454 2499 51 21 with
521 2500 71 22 brutal
604 2502 35 20 in-

54 2521 82 21 vective
146 2521 44 22 and
198 2521 77 27 insult,
289 2524 120 21 gentenced
421 2525 58 22 Hart
493 2529 22 18 to
524 2526 27 22 be
560 2528 75 26 impri-

57 2547 66 22 soned
136 2548 23 21 in
175 2548 37 21 the
227 2556 104 15 common
346 2551 50 25 gaol
411 2552 36 21 for
462 2552 61 23 three
540 2555 96 27 months,

59 2575 42 20 and
120 2578 21 18 to
159 2582 44 20 pay
218 2583 12 13 a
245 2576 44 21 fine
305 2577 25 20 of
341 2578 60 21 £200
418 2579 99 27 sterling.
545 2582 91 22 Messrs.

59 2601 72 21 Salom
141 2602 43 21 and
191 2602 79 23 Quabo
281 2606 22 18 to
311 2607 41 18 two
358 2605 96 22 months'
462 2606 174 29 imprisonment,

59 2628 40 21 and
114 2629 60 22 £100
191 2629 44 21 fine
256 2630 61 26 each,
333 2632 39 21 but
391 2632 111 28 Moresby,
519 2635 21 21 in
560 2642 78 15 conse-

59 2662 82 19 quence
155 2656 26 21 of
192 2655 34 22 his
240 2657 122 28 producing
378 2658 75 23 letters
470 2668 24 13 as
512 2665 20 17 to
547 2663 92 26 general

59 2681 109 22 character
181 2684 44 20 and
242 2684 96 22 conduct
348 2686 55 21 from
414 2688 85 21 certain
513 2689 125 22 merchants

59 2708 24 21 of
95 2709 114 27 Kingston,
224 2717 44 14 was
282 2710 30 22 let
322 2712 33 21 ofF
367 2712 51 22 with
436 2721 13 14 a
466 2714 78 27 simple
559 2716 45 21 fine
615 2717 26 21 of

60 2735 50 26 £50,
122 2743 55 14 even
185 2736 24 21 in
219 2736 43 21 this
268 2744 51 15 case
329 2738 116 28 betraying
453 2740 57 22 their
519 2749 61 19 gross
589 2750 50 19 par-

60 2762 102 28 tisanship
169 2763 9 21 ?
206 2762 12 22 I
235 2764 45 21 will
294 2768 38 18 not
345 2769 93 24 attempt
453 2770 22 18 to
486 2767 99 23 describe
602 2770 36 22 the

60 2788 81 23 intense
151 2790 111 21 sensation
275 2791 68 22 which
361 2792 42 21 this
412 2793 111 23 infamous
532 2799 105 19 sentence

59 2815 107 26 produced
174 2816 24 21 in
214 2816 37 22 the
262 2819 143 27 community,
422 2819 37 22 the
470 2825 101 19 warmest
580 2830 58 20 sym-

58 2841 80 26 pathies
148 2850 55 15 even
215 2843 24 22 of
251 2844 38 21 the
301 2845 94 22 enemies
407 2846 25 21 of
444 2846 36 23 the
489 2848 80 27 parties
579 2857 58 15 were

59 2870 87 21 aroused
155 2877 28 14 on
193 2870 58 21 their
258 2870 82 23 behalf.

84 2902 10 21 I
104 2910 60 15 come
174 2911 49 15 now
233 2908 22 18 to
265 2905 67 27 speak
343 2907 25 21 of
379 2907 37 22 the
425 2909 130 26 particulars
565 2911 27 21 of
598 2911 37 22 the

58 2930 65 26 tragic
139 2938 75 15 scenes
228 2931 73 23 which
316 2940 55 15 were
381 2936 94 21 enacted
489 2936 23 21 in
525 2937 110 28 Kingston

58 2958 39 18 last
106 2957 119 23 Christmas
239 2959 60 27 Day.
337 2961 84 22 Hector
437 2963 92 22 Mitchel
545 2971 91 21 appears

59 2985 21 17 to
89 2983 54 22 have
153 2985 65 21 made
231 2992 31 21 up
271 2986 35 22 his
322 2988 61 22 mind
393 2992 23 18 to
426 2997 63 20 carry
498 2990 34 22 his
541 2992 63 26 point
613 2997 23 17 at

59 3011 26 19 all
95 3011 98 26 hazards,
209 3013 44 21 and
265 3013 10 21 I
285 3020 53 21 pray
348 3022 42 20 you
405 3019 22 18 to
438 3017 63 22 mark
517 3018 36 21 the
564 3022 71 19 extra-

58 3037 99 28 ordinary
174 3046 113 15 measures
305 3041 27 27 by
352 3042 69 22 which
446 3043 27 22 he
492 3044 143 28 deliberately

56 3064 78 25 sought
148 3067 23 18 to
188 3066 133 27 accomplish
336 3068 25 21 it.
394 3069 102 22 Without
511 3072 125 26 consulting

56 3091 50 19 with
115 3097 43 20 any
169 3091 24 21 of
204 3091 35 22 his
248 3092 90 23 brother
346 3095 148 28 Magistrates,
510 3097 28 22 he
553 3106 13 14 a
575 3099 61 23 short

57 3118 49 19 time
116 3117 75 21 before
201 3117 37 22 the
249 3126 190 17 commencement
447 3123 25 20 of
479 3124 36 21 the
525 3124 101 26 holidays

57 3143 70 21 issued
136 3143 38 22 the
183 3143 115 29 following
306 3146 58 22 brief
370 3148 72 22 notice
449 3156 5 14 :
456 3160 28 4 —

158 3175 74 22 Police
243 3177 46 21 will
299 3181 89 23 prevent
397 3178 29 23 all
444 3180 127 30 drumming
587 3185 45 21 and

58 3207 59 22 noisy
126 3203 192 22 desturbances.—
320 3204 84 23 Hector
411 3206 101 28 Mitchel,

59 3228 95 29 Mitchel,
174 3237 30 14 on
214 3230 34 23 his
258 3238 49 15 own
322 3232 168 30 responsibility,
507 3235 43 22 and
564 3241 24 16 at
601 3237 33 23 his

59 3261 45 16 own
115 3264 101 20 expense,
226 3258 122 27 purchased
358 3258 68 29 thirty
436 3267 24 15 or
474 3262 57 27 forty
547 3263 87 23 saddles

59 3283 38 21 and
108 3283 79 22 bridles
197 3284 33 22 for
239 3284 39 23 the
288 3293 37 14 use
336 3286 25 21 of
372 3286 37 22 the
420 3287 82 28 Police,
515 3289 44 21 and
573 3290 61 22 hired

59 3308 34 22 the
103 3309 43 22 like
156 3311 95 22 number
260 3312 26 21 of
293 3312 74 22 horses
376 3313 34 22 for
416 3314 59 23 their
484 3316 89 27 service,
586 3317 48 22 thus

59 3335 89 28 altering
158 3337 36 22 the
204 3338 59 27 legal
273 3339 112 23 character
394 3341 27 22 of
431 3342 37 21 the
483 3342 74 22 Police
574 3344 59 22 force

59 3363 26 25 by
103 3365 127 26 converting
245 3366 62 22 them
320 3367 47 22 into
383 3367 36 22 the
436 3368 63 23 horse
515 3370 78 27 patrol,
609 3371 24 22 in

58 3389 93 22 defiance
171 3391 27 21 of
216 3392 92 26 positive
331 3397 144 20 enactments.
519 3397 37 21 He
580 3404 54 16 nexi

59 3416 66 21 levied
135 3424 60 15 some
205 3420 137 26 unoccupied
352 3422 104 26 premises
471 3422 114 31 adjoining
599 3424 33 22 his

59 3448 43 15 own
111 3444 61 27 place
183 3444 26 21 of
216 3444 106 29 business,
333 3447 44 22 and
387 3451 119 21 converted
517 3451 60 21 them
587 3451 46 22 into

59 3469 75 22 stables
143 3471 43 21 and
197 3471 106 22 barracks
315 3473 34 21 for
368 3474 36 22 the
413 3476 78 26 police.
530 3478 37 21 He
578 3481 55 19 next

58 3496 88 22 induced
157 3498 99 21 M'Leod.
265 3502 23 17 to
299 3501 88 21 commit
404 3503 93 21 another
513 3504 81 22 breach
611 3505 25 22 of

59 3524 42 24 law,
112 3524 30 32 by
151 3524 100 27 drawing
261 3526 27 20 of
294 3533 13 14 a
315 3527 85 26 portion
410 3530 27 21 of
444 3529 35 22 the
491 3530 73 23 Police
575 3531 57 23 from

59 3551 33 18 the
102 3551 111 27 adjoining
221 3552 99 27 parishes
329 3556 23 18 to
364 3558 36 17 act
414 3555 25 22 in
455 3556 117 29 Kingston,
588 3559 44 21 and

59 3577 33 18 tne
102 3581 66 18 entire
179 3578 58 28 body
245 3586 58 15 were
311 3578 114 25 furnished
442 3583 52 22 with
512 3592 27 14 an
558 3585 73 26 ample

59 3604 72 25 supply
141 3605 24 20 of
176 3605 45 22 ball
237 3605 126 28 cartridges.
401 3608 39 22 All
455 3610 42 22 this
516 3618 44 15 was
574 3611 57 23 done

58 3631 85 20 without
160 3638 44 21 any
219 3632 132 28 application
369 3633 67 29 being
453 3637 66 21 made
543 3638 33 22 for
594 3639 37 21 the

59 3658 127 26 governor's
196 3659 109 27 sanction,
318 3659 71 23 which
400 3661 38 22 the
448 3662 41 23 law
498 3664 85 26 strictly
593 3672 38 15 en-

55 3686 58 19 joins
122 3690 22 14 as
153 3684 169 29 indispensahle.

82 3715 68 25 These
158 3719 130 23 formidable
294 3722 149 26 preparations
449 3723 79 28 clearly
533 3725 98 24 indicate

59 3744 45 18 that
113 3744 42 22 Mr.
172 3746 84 23 Hector
273 3748 94 22 Mitchel
383 3749 45 22 had
444 3750 73 28 firmly
529 3753 102 22 resolved

59 3770 46 19 that
125 3770 117 26 bloodshed
265 3774 78 23 should
366 3775 76 23 follow
469 3777 37 22 the
530 3778 101 27 slightest

57 3797 114 21 resistance
179 3801 21 19 to
209 3799 33 23 his
252 3801 108 28 arbitrary
369 3803 45 21 and
418 3803 75 27 illegal
505 3806 124 23 tnenifesto.

58 3825 114 20 Christmas
183 3825 42 27 day
240 3829 78 25 passed
333 3829 33 21 off
377 3829 23 22 in
417 3830 105 27 quietude
531 3839 24 14 as
564 3840 14 14 a
588 3833 42 26 day

58 3852 22 15 ol
89 3852 99 22 religious
198 3853 137 29 observance,
346 3856 39 22 but
393 3855 39 22 the
444 3859 103 21 mounted
559 3859 71 26 police

57 3899 20 13 n
78 3880 22 15 er
101 3878 42 34 ti°
153 3892 25 20 V
188 3884 34 15 Bee
218 3904 6 8 ,
224 3886 13 14 n
247 3881 106 28 Parading
363 3882 28 22 all
400 3886 61 24 parts
475 3884 26 21 of
511 3885 37 22 the
563 3889 65 19 town.

57 3905 35 28 JJn
103 3905 97 26 Monday
209 3906 36 22 the
254 3908 77 27 people
341 3909 89 22 learned
440 3909 48 23 that
496 3911 24 21 in
536 3912 93 26 Spanish

61 3930 62 19 ■lown
133 3930 35 21 the
183 3932 59 22 usual
256 3934 114 24 festivities
387 3943 58 15 were
461 3937 66 26 being
545 3940 84 22 carried

673 134 28 14 on
713 127 91 22 without
815 129 149 27 molestation,
975 130 44 22 and
1028 131 52 28 they
1091 132 138 23 determined
1235 137 21 18 to

673 153 65 22 make
748 155 37 20 the
795 158 95 24 attempt
900 159 22 18 to
933 156 64 22 claim
1009 157 56 22 their
1072 159 123 29 privileges.
1223 160 34 26 By

674 187 48 19 way
740 181 26 21 of
781 181 56 27 trial,
854 189 14 14 a
883 189 53 14 man
953 182 52 22 with
1023 191 12 14 a
1050 185 67 22 fiddle
1136 186 80 26 (which
1229 186 27 23 he

672 207 66 21 could
748 211 41 17 not
799 208 67 27 play,)
879 209 47 21 and
935 209 92 22 another
1034 212 52 21 with
1097 219 13 14 a
1120 213 136 22 tamboorine

672 233 109 27 appeared
792 234 21 22 in
825 236 36 20 the
870 235 61 26 large
941 243 81 19 square
1034 238 71 22 called
1115 238 36 21 the
1162 239 93 28 Parade,

672 259 101 23 followed
785 261 54 26 by*
851 261 76 27 parcel
943 263 26 20 of
984 269 75 21 young
1074 265 78 27 people
1171 266 86 28 singing

672 287 44 20 and
727 287 136 26 shoutmgMn
875 287 56 23 their
943 289 62 21 usual
1022 297 98 15 manner.
1159 292 22 21 A
1199 293 57 27 body

673 313 25 21 of
710 313 75 22 Police
795 313 103 29 galloped
907 322 29 20 up
946 315 44 22 and
999 316 76 23 seized
1085 317 36 22 the
1131 317 71 28 fidler,
1214 320 42 21 and

672 339 114 27 conveyed
797 340 45 22 him
853 341 76 22 before
936 349 13 14 a
958 342 135 28 Magistrate,
1105 343 29 28 by
1147 344 71 23 whom
1228 346 28 22 lie

673 372 42 14 was
727 366 109 22 forthwith
847 369 122 20 sentenced
978 372 21 17 to
1006 369 37 21 the
1052 369 75 22 House
1134 371 26 20 of
1167 371 89 23 Correc-

672 391 52 23 tion.
762 393 54 21 This
833 398 67 18 event
909 395 111 26 produced
1030 403 13 14 a
1052 396 57 27 good
1120 396 49 23 deal
1180 398 26 21 of
1218 407 38 14 ex-

672 418 113 23 citement.
823 420 21 21 A
863 421 61 25 large
941 422 72 21 crowd
1030 423 90 27 quickly
1131 425 125 22 assembled

672 452 28 14 on
711 445 37 21 the
759 446 92 27 Parade,
863 444 45 25 and
917 447 52 23 loud
982 449 137 26 expressions
1129 450 26 21 of
1168 450 88 23 discon-

670 473 49 20 tent
729 479 56 15 were
795 473 94 22 uttered.
919 475 21 20 A
948 475 72 26 parcel
1030 475 24 21 of
1061 475 52 26 boys
1120 476 133 25 andwomen

671 499 124 21 assembled
804 500 24 20 in
838 499 37 22 the
886 500 151 27 Churchyard,
1049 502 46 21 and
1111 506 144 21 commenced

671 525 86 26 pelting
766 526 38 21 the
814 526 75 22 Police
900 534 24 14 as
935 527 50 26 they
995 528 88 27 passed.
1124 529 65 27 They
1200 539 55 15 were

672 552 122 27 compelled
805 556 21 18 to
836 552 30 28 fly
878 553 63 21 down
953 553 35 21 the
999 558 78 22 street;
1087 555 21 21 in
1118 555 56 22 their
1183 557 70 28 flight,

670 577 53 28 they
735 586 56 14 were
806 583 45 18 met
867 580 30 25 by
912 580 37 21 the
967 579 121 28 Inspector,
1104 582 44 21 and
1165 591 13 13 a
1197 585 57 21 rein-

670 605 124 22 forcement
817 606 25 21 of
868 606 82 21 Police.
993 607 98 21 M'Leod
1115 609 70 22 called
1209 616 44 22 out,

692 631 60 22 Turn
762 632 64 26 back,
839 640 36 19 my
886 632 61 27 boys,
959 632 44 22 and
1023 633 11 21 I
1050 634 43 22 will
1108 634 56 23 head

670 657 63 28 They
749 658 39 22 did
802 662 49 18 turn
869 659 62 26 back,
949 659 44 21 and
1012 667 13 13 a
1043 659 111 29 desperate
1173 664 81 26 charge

672 692 42 14 was
724 685 66 21 made
801 692 29 14 on
840 685 37 21 the
886 685 86 28 people,
988 686 42 22 but
1046 686 52 29 they
1116 696 54 15 were
1190 692 63 26 again

670 711 94 22 assailed
787 712 52 22 with
858 716 73 18 stones
950 713 42 21 and
1012 713 83 23 broken
1111 715 88 24 bottles.
1242 719 11 20 I

670 737 86 23 believe
766 738 18 21 it
795 746 42 14 was
847 743 23 17 at
880 739 44 21 this
938 739 106 27 juncture
1060 741 36 21 the
1112 743 70 26 police
1199 744 54 23 fired

670 772 82 19 among
767 765 38 21 the
823 765 83 28 people,
923 766 41 21 but
979 765 51 22 with
1045 767 67 22 blank
1130 770 122 29 cartridge;

671 791 49 28 this,
739 792 25 21 of
786 799 84 20 course,
891 793 52 26 only
959 792 79 22 tended
1058 797 22 18 to
1093 800 104 22 agravate
1212 789 42 31 the

670 819 98 27 passions
779 819 25 21 of
817 819 35 21 the
863 820 86 26 people.
978 819 47 22 The
1037 820 72 23 Police
1120 830 57 15 were
1188 826 64 25 again

811 849 22 17 to
850 849 83 18 retreat
948 845 75 23 within
1041 847 36 22 the
1093 849 59 21 walls
1172 851 26 20 of
1218 851 36 22 the

671 872 97 27 military
787 872 99 22 barrack.
925 873 48 21 The
988 874 73 22 crowd
1077 882 28 14 on
1122 876 36 21 the
1169 877 84 23 Parade

670 899 86 28 rapidly
766 899 112 22 increased
890 903 23 17 to
922 899 37 21 the
970 904 92 18 amount
1077 902 25 21 of
1113 910 61 15 some
1190 904 64 23 thou-

670 926 71 26 sands,
754 926 37 22 the
808 930 87 23 greater
908 930 56 23 part,
980 926 109 26 however,
1108 929 67 28 being
1194 938 60 15 mere

670 955 137 25 spectators,.
822 953 85 21 Hector
929 953 101 27 Mitchel,
1049 955 44 22 and
1112 964 59 14 some
1192 958 62 22 other

670 981 149 26 Magistrates,
830 980 66 21 made
906 980 57 21 their
982 988 143 21 appearance,
1142 991 24 14 as
1183 984 71 28 might

670 1007 28 21 be
708 1007 118 26 expected.
867 1007 48 21 The
929 1007 58 27 sight
997 1008 26 21 of
1035 1008 92 23 Mitchel
1138 1011 115 22 increased

670 1033 37 23 the
717 1034 143 22 commotion,
872 1033 28 22 he
911 1041 43 15 was
964 1034 103 22 attacked
1077 1036 43 22 and
1131 1038 123 26 compelled

671 1064 21 18 to
701 1064 84 18 retreat
794 1064 22 18 to
827 1060 36 22 the
874 1061 93 21 officer's
977 1066 105 22 quarters.
1115 1064 49 21 One
1175 1065 27 20 of
1218 1064 36 23 the

670 1087 149 28 Magistrates,
832 1087 42 21 Mr.
887 1088 28 21 G.
926 1087 24 21 B.
962 1089 78 26 Smith,
1052 1089 62 22 made
1125 1098 27 13 an
1162 1094 93 25 attempt

670 1118 22 17 to
703 1114 52 22 read
767 1113 36 22 the
814 1113 51 22 Riot
875 1115 45 21 Act
928 1122 5 19 ;
952 1114 21 22 in
984 1115 69 27 doing
1069 1124 23 13 so
1108 1117 27 21 he
1152 1118 101 22 received

670 1148 12 13 a
692 1141 67 26 slight
769 1141 80 21 wound
860 1141 30 21 in,
893 1148 41 14 one
945 1142 26 20 of
981 1141 33 21 his
1025 1143 88 26 fingers.
1143 1144 64 21 After
1218 1145 36 22 the

669 1167 93 26 reading
773 1167 26 21 of
805 1167 36 21 the
851 1167 54 21 Riot
915 1167 51 26 Act,
976 1168 73 22 which
1058 1170 9 20 1
1075 1169 84 22 believe
1166 1176 39 15 not
1212 1179 41 14 one

668 1193 249 22 infivehundredheard
924 1201 24 13 or
953 1194 63 22 knew
1026 1195 35 21 the
1071 1197 102 26 meaning
1181 1198 28 27 of,
1217 1198 36 22 the

668 1220 77 27 people
755 1219 114 22 remained
879 1220 107 27 perfectly
993 1221 68 27 quiet,
1072 1223 133 28 standingin
1217 1225 37 22 de-

669 1247 90 21 tatched
768 1254 87 23 groups,
866 1247 86 26 talking
962 1254 52 14 over
1032 1247 36 23 the
1079 1256 143 17 occurrances
1232 1252 26 21 of

669 1273 37 21 the
716 1280 124 19 evening—
842 1273 37 21 the
891 1273 96 27 military
994 1282 57 14 were
1062 1275 90 23 ordered
1162 1285 39 14 out
1211 1279 43 21 and

668 1299 87 22 formed
769 1301 23 19 in
808 1299 51 22 line.
888 1300 64 27 They
962 1301 52 21 then
1032 1301 54 23 fired
1101 1310 13 14 a
1126 1305 40 24 fue
1175 1306 25 20 de
1209 1307 45 25 joie

669 1326 51 22 with
734 1326 70 22 blank
820 1326 114 27 cartridge,
953 1328 101 27 pointing
1072 1329 55 23 their
1141 1339 58 19 guns
1214 1340 40 20 up-

668 1353 77 21 wards.
774 1353 49 22 The
830 1358 101 16 moment
937 1354 37 21 the
981 1354 66 28 firing
1053 1357 83 27 ceased,
1148 1358 106 28 although

669 1380 36 21 the
717 1380 51 22 Riot
778 1381 45 20 Act
832 1380 43 21 had
887 1385 38 16 not
940 1381 55 21 been
1012 1383 52 21 read
1075 1390 60 15 more
1150 1385 55 22 than
1216 1390 37 18 ten

669 1407 102 26 minutes,
784 1407 44 21 and
835 1407 37 21 the
883 1407 79 27 people
975 1415 57 15 were
1040 1410 101 27 standing
1147 1414 107 26 perfectly

669 1433 66 27 quiet.
775 1433 115 28 Inspector
905 1433 97 23 M'Leod
1016 1442 56 19 gave
1089 1438 73 21 orders
1178 1443 22 18 to
1217 1440 37 21 the

670 1460 73 22 Police
759 1464 23 18 to
798 1461 79 26 charge
894 1468 59 19 upon
971 1461 35 21 the
1021 1463 84 28 people,
1123 1465 43 22 and
1178 1470 22 17 at
1218 1467 36 21 the

668 1494 60 14 same
739 1487 53 21 time
803 1487 27 21 he
839 1494 44 14 was
898 1487 68 22 heard
976 1491 23 18 to
1010 1489 41 21 call
1061 1494 39 18 out
1139 1492 33 27 By
1183 1494 70 21 virtue

668 1514 25 21 of
701 1521 37 20 my
749 1514 140 21 commission
901 1522 23 14 as
938 1522 14 14 a
962 1515 138 28 Magistrate,
1115 1518 23 21 in
1148 1522 45 19 and
1204 1527 51 14 over

668 1541 43 21 this
720 1541 81 26 island,
813 1541 12 21 I
834 1541 65 21 order
912 1548 45 19 you
967 1545 21 18 to
999 1542 39 22 fire
1098 1545 27 21 In
1134 1553 28 14 an
1172 1546 82 22 instant

668 1567 52 26 they
730 1567 102 28 galloped
842 1574 82 20 among
934 1568 36 22 the
978 1569 78 27 crowd,
1068 1571 74 26 pistols
1152 1573 22 20 in
1186 1573 66 27 hand,

668 1595 45 20 and
728 1594 57 22 tired
799 1595 59 25 right
872 1595 43 21 and
930 1595 41 21 left
986 1601 101 22 amongst
1101 1605 28 14 an
1145 1601 108 20 unarmed

668 1621 117 21 multitude
793 1628 5 19 ;
817 1625 43 17 two
870 1628 57 15 were
943 1622 69 22 killed
1028 1623 56 23 dead
1099 1632 27 14 on
1142 1626 38 21 the
1198 1630 55 23 spot,

668 1647 44 21 and
722 1652 37 16 ten
770 1655 25 13 or
810 1648 77 21 twelve
903 1649 116 26 wounded,
1037 1651 24 20 of
1074 1651 71 22 whom
1161 1654 92 26 several,

669 1674 11 22 I
691 1674 142 27 understand,
845 1675 57 21 have
912 1675 61 22 since
983 1676 58 22 died.
1070 1677 58 27 Two,
1139 1679 49 21 who
1198 1687 55 14 wore

668 1701 50 21 shot
728 1705 22 17 to
758 1701 73 26 death,
839 1708 57 14 were
906 1708 74 21 young
986 1710 60 20 men,
1053 1704 48 21 who
1107 1705 44 22 had
1160 1707 94 26 nothing

669 1731 21 18 to
701 1727 29 22 do
740 1728 53 22 -with
803 1727 36 22 the
851 1728 69 26 affair,
939 1729 39 21 but
989 1729 43 21 had
1048 1732 82 26 merely
1140 1740 63 14 come
1218 1739 37 16 out

669 1758 22 18 to
701 1755 109 21 ascertain
821 1755 36 21 the
868 1762 65 14 cause
945 1756 25 20 of
981 1756 37 22 the
1029 1757 147 24 disturbance.
1207 1761 49 21 One'

669 1788 43 15 was
728 1782 102 27 recently
846 1781 102 28 married,
967 1783 93 22 another
1076 1785 25 21 of
1114 1785 36 22 the
1167 1786 87 23 victims

668 1816 44 14 was
722 1816 13 14 a
746 1816 54 19 poor
809 1816 94 19 woman,
913 1809 35 21 far
957 1809 113 23 advanced
1084 1811 23 22 in
1113 1820 128 20 pregnancy
1247 1823 6 18 ;

668 1835 40 21 hut
717 1836 59 21 what
786 1835 67 22 cared
866 1835 38 22 the
915 1836 73 22 brutal
1005 1837 44 21 and
1059 1838 108 23 ferocious
1184 1840 70 27 police

669 1863 34 21 for
713 1870 47 19 age,
776 1870 47 19 sex,
834 1870 26 14 or
873 1863 120 21 condition.
1023 1865 48 21 The
1087 1866 80 21 terrific
1178 1868 77 22 confu-

668 1889 49 21 sion
728 1889 72 21 which
806 1889 88 25 ensued,
903 1896 50 20 may
961 1891 26 20 be
994 1898 60 14 more
1061 1893 66 26 easily
1134 1894 120 22 conceived

668 1915 52 22 than
729 1916 120 22 described.
868 1931 4 3 .
879 1916 47 21 The
933 1920 55 18 most
995 1917 82 22 serious
1084 1919 170 27 apprehensions

668 1950 56 14 were
739 1942 138 22 entertained
888 1943 53 26 that,
957 1943 22 21 in
992 1944 38 22 the
1046 1947 143 26 exasperated
1199 1952 55 17 state

668 1969 25 21 of
701 1969 91 27 popular
802 1969 87 26 feeling,
906 1969 36 21 the
953 1971 68 21 entire
1030 1974 57 18 town
1100 1973 72 21 would
1185 1974 26 20 be
1222 1979 33 16 set

668 2003 28 14 on
707 1997 39 20 fire
759 1996 29 27 by
798 1996 37 22 the
844 1996 120 22 infuriated
973 1997 86 27 people,
1071 1997 36 22 the
1118 1999 76 22 drums
1204 2000 52 21 beat

668 2025 23 17 to
701 2029 67 18 wins,
785 2023 45 21 and
846 2023 38 21 the
900 2023 78 21 militia
988 2030 56 15 were
1062 2025 76 21 turned
1149 2030 46 21 out,
1213 2027 40 22 and

669 2047 36 21 the
720 2048 82 26 guards
819 2048 121 26 appointed
953 2051 24 19 at
992 2049 101 22 different
1110 2056 58 21 parts
1180 2053 25 20 of
1218 2053 36 21 the

670 2077 63 17 Wwn.
764 2074 34 26 By
806 2076 23 19 11
839 2074 92 26 o'clock,
944 2082 55 19 p.m.,
1011 2075 38 22 the
1059 2077 67 21 entire
1134 2079 72 21 crowd
1211 2079 44 22 had

670 2100 111 32 dispensed
792 2100 43 21 and
842 2100 37 21 the
889 2105 57 17 town
956 2102 90 21 became
1054 2104 66 25 quiet.
1149 2105 48 21 The
1202 2110 53 18 next

669 2127 102 27 morning
788 2127 37 21 tlit
840 2127 120 27 indignant
978 2128 92 27 feelings
1087 2130 24 21 of
1124 2131 36 21 the
1176 2133 78 27 people

670 2161 56 14 were
736 2154 66 26 again
814 2154 143 27 manifested;
976 2155 117 23 whenever
1101 2164 14 14 a
1129 2157 125 28 policeman

668 2188 43 14 was
721 2188 52 14 seen
790 2181 21 21 in
827 2181 36 21 the
879 2185 85 22 streets,
981 2189 12 14 a
1004 2181 43 23 hue
1063 2183 44 22 and
1117 2192 38 19 cry
1166 2193 43 14 was
1223 2192 33 16 set

668 2215 37 19 up,
720 2207 44 22 and
779 2207 27 21 he
818 2215 42 14 was
874 2208 123 27 compelled
1013 2214 22 16 to
1049 2209 38 27 fly.
1115 2211 101 28 Mitchel,
1232 2214 22 21 in

669 2235 89 26 passing
767 2234 64 22 down
848 2242 44 14 one
903 2235 24 21 of
940 2235 38 22 the
992 2240 84 23 slreets,
1093 2244 44 15 was
1153 2240 101 27 assailed,

668 2261 44 21 and
727 2261 52 22 with
796 2261 106 27 difficulty
912 2262 104 27 escaped;
1033 2263 34 21 for
1080 2263 36 22 the
1131 2266 125 22 remainder

668 2288 26 21 of
701 2288 37 22 the
748 2288 44 26 day
802 2288 28 21 he
839 2295 44 14 was
895 2288 88 27 obliged
999 2292 22 18 to
1031 2291 84 21 remain
1126 2298 28 14 on
1165 2293 69 22 board
1244 2301 12 14 a

668 2315 70 21 vessel
752 2315 24 21 in
791 2315 38 21 the
839 2315 101 22 harbour.
971 2316 21 21 Is
1007 2317 18 21 it
1042 2317 57 26 right
1109 2318 49 22 that
1173 2319 82 22 human

668 2341 78 27 beings
765 2341 79 22 should
860 2342 27 21 be
903 2343 143 26 slaughtered
1060 2344 44 22 like
1119 2345 46 27 pigs
1181 2346 23 22 in
1218 2347 38 22 the

668 2372 73 23 street,
758 2369 84 26 merely
853 2369 94 21 because
962 2370 52 27 they
1024 2371 77 26 persist
1114 2372 22 21 in
1153 2375 102 26 amusing

668 2395 133 22 themselves
820 2396 22 21 in
858 2402 13 14 a
887 2403 93 15 manner
999 2398 129 22 sanctioned
1146 2399 30 27 by
1192 2401 62 26 long-

668 2422 134 22 established
818 2426 85 18 custom
918 2423 43 21 and
975 2424 112 22 universal
1096 2427 108 21 consent?
1232 2428 22 21 Is

667 2449 18 21 it
695 2449 58 26 right
764 2449 47 22 that
821 2456 43 21 any
874 2456 43 15 one
934 2458 51 14 man
1000 2451 80 22 should
1089 2459 84 20 possess
1183 2461 24 14 or
1218 2461 37 15 ex-

668 2476 66 21 ercise
751 2476 55 22 such
822 2477 142 21 tremendous
980 2478 108 27 authority
1100 2487 24 13 as
1141 2479 39 22 has
1199 2481 55 22 been

668 2503 57 21 done
739 2503 28 27 by
783 2503 38 21 the
837 2504 156 27 unprincipled
1013 2505 76 26 despot
1107 2506 107 23 Mitchel?
1244 2508 10 21 I

668 2533 56 18 trust
739 2530 39 22 the
793 2531 102 26 question
906 2531 44 21 will
964 2531 28 21 be
1007 2532 68 22 taken
1090 2540 30 20 up
1133 2533 22 22 in
1172 2534 82 22 Parlia-

666 2560 68 23 ment,
746 2557 48 21 that
804 2558 35 20 the
846 2557 81 22 official
936 2565 78 20 papers
1025 2559 94 27 relating
1127 2564 21 18 to
1156 2561 36 21 the
1201 2562 51 21 sub-

665 2584 48 26 ject
724 2584 43 22 will
783 2584 26 22 be
820 2585 79 21 moved
909 2585 39 26 for,
966 2585 44 21 and
1022 2586 153 23 Government
1187 2589 67 26 urged

668 2616 21 15 to
700 2618 62 14 some
778 2611 112 26 energetic
903 2616 64 22 steps.
997 2612 12 22 I
1020 2616 75 24 repeat
1108 2614 24 26 it,
1145 2615 82 26 justice
1237 2616 17 21 is

666 2641 39 17 not
715 2642 22 16 to
748 2638 27 21 be
786 2637 108 28 expected
905 2638 42 21 this
955 2639 46 21 side
1012 2639 37 22 the
1061 2644 72 18 water.
1162 2641 23 22 It
1197 2646 57 17 must

668 2672 61 14 come
739 2665 74 21 homo.
842 2665 48 22 The
901 2665 154 23 cold-blooded
1066 2668 128 21 miscreants
1205 2669 46 22 who

667 2690 55 22 have
740 2692 128 21 committed
884 2691 62 22 these
960 2693 47 21 foul
1023 2694 105 27 murders,
1145 2699 40 17 not
1200 2696 54 27 only

666 2719 85 21 remain
760 2718 150 27 unpunished,
922 2719 40 21 but
973 2726 36 15 are
1019 2721 95 27 stalking
1123 2722 68 21 about
1201 2723 52 21 with

668 2745 67 21 heads
743 2745 94 27 proudly
848 2750 67 22 erect,
934 2754 24 13 as
973 2746 83 27 though
1073 2749 53 27 they
1138 2749 46 21 had
1197 2750 57 21 been

668 2773 98 25 engaged
776 2772 23 21 in
809 2779 59 15 some
879 2773 137 22 meritorious
1023 2775 89 22 service.
1114 2787 25 3 —
1140 2777 112 25 Dispatch.

694 2799 130 21 Memorial
839 2806 27 14 to
882 2799 58 22 Stop
955 2801 117 22 Supplies.
1073 2813 28 4 —
1101 2802 47 23 The
1165 2811 87 15 memo-

666 2825 42 21 rial
717 2825 96 27 adopted
825 2826 26 27 by
868 2826 38 22 the
923 2827 143 22 Manchester
1082 2829 171 24 Anti-corn-law

668 2852 140 22 Association
819 2860 27 13 on
858 2853 82 27 Friday
956 2855 95 26 evening
1067 2855 48 28 last,
1135 2857 72 22 called
1223 2866 30 13 on

666 2879 37 21 the
713 2879 111 21 members
833 2879 33 21 for
875 2879 45 22 this
931 2881 97 26 borough
1039 2886 21 17 to
1070 2889 38 16 use
1119 2891 66 21 erery
1197 2892 55 15 con-

666 2905 122 23 stitutional
803 2914 77 14 means
896 2907 24 21 in
941 2907 56 22 their
1016 2916 72 19 power
1106 2913 21 18 to
1143 2914 49 24 stop
1206 2919 47 20 any

666 2932 85 22 further
764 2933 96 27 supplies
879 2937 22 17 to
922 2933 35 22 the
978 2934 155 24 Government
1143 2938 58 22 until
1216 2939 37 22 the

666 2967 53 14 corn
729 2960 45 21 and
784 2960 110 27 provision
905 2960 52 22 laws
967 2968 57 14 were
1035 2962 120 24 abolished.

692 2994 58 21 New
764 2994 116 22 Balloon.
881 3006 29 4 —
910 2996 33 19 La
962 2996 74 20 Presse
1053 2999 72 25 states,
1147 2999 48 21 that
1214 3000 37 22 M.

665 3020 140 28 Leinberger,
818 3022 44 21 and
871 3022 115 27 ingenious
995 3023 116 23 mechanic
1119 3025 26 21 of
1152 3026 99 23 Nurem-

664 3048 61 27 berg,
742 3049 18 20 is
776 3048 68 22 about
860 3051 22 19 to
894 3052 112 19 construct
1016 3058 14 14 a
1040 3051 87 22 balloon
1139 3053 25 21 of
1175 3054 76 25 metal,

653 3072 2 24 I
665 3074 71 22 which
747 3075 28 22 he
786 3078 88 24 expects
885 3079 22 18 to
917 3076 66 27 guide
992 3084 23 14 as
1026 3077 28 21 he
1071 3078 91 26 pleases.
1206 3081 45 21 For

665 3101 42 22 this
727 3109 95 19 purpose
841 3110 13 13 a
872 3103 148 28 subscription
1044 3104 40 22 has
1103 3105 56 22 been
1178 3107 74 22 raised

664 3128 110 22 sufficient
792 3131 22 19 to
833 3137 68 14 cover
920 3130 37 22 the
978 3138 108 20 expenses
1112 3133 25 21 of
1157 3134 55 22 such
1239 3142 13 14 a

664 3155 110 22 machine.
816 3156 54 21 This
894 3160 70 19 steam
983 3157 98 29 balloon,
1101 3159 72 23 which
1190 3161 18 21 is
1227 3161 23 22 in

663 3188 100 20 progress
782 3182 25 21 of
828 3185 156 26 construction,
1004 3192 52 20 may
1077 3187 90 22 contain
1192 3188 57 22 from

663 3208 61 22 three
735 3213 22 17 to
767 3209 51 27 fifty
826 3217 99 20 persons,
937 3211 51 21 with
999 3213 122 25 provisions
1130 3213 36 23 for
1173 3215 77 21 fifteen

664 3234 60 28 days.
762 3236 81 27 Every
854 3238 130 26 precaution
1004 3239 40 21 has
1061 3240 56 22 been
1139 3241 67 23 taken
1227 3245 22 19 to

663 3265 93 23 prevent
774 3262 37 22 the
832 3263 122 28 possibility
970 3265 26 21 of
1011 3266 102 22 accident
1129 3267 56 23 from
1199 3269 49 26 fire,

663 3288 120 28 explosion,
796 3297 25 13 or
830 3293 60 18 want
900 3291 25 21 of
936 3298 46 19 gas,
1000 3292 45 22 and
1055 3300 55 15 even
1120 3294 81 23 should
1211 3295 37 22 the

663 3314 87 23 balloon
760 3316 40 21 fall
809 3317 47 21 into
867 3317 37 21 the
914 3324 46 20 sea,
969 3318 29 22 its
1008 3321 148 22 construction
1163 3321 20 22 is
1194 3322 54 22 such

664 3341 47 22 that
729 3342 17 22 it
764 3351 51 19 may
832 3344 106 22 continue
956 3348 21 18 to
992 3347 97 25 proceed
1105 3347 96 28 through
1211 3349 38 21 the

663 3371 66 19 water
736 3377 23 14 as
771 3370 85 27 rapidly
866 3378 25 14 as
901 3378 13 14 a
931 3373 140 22 steam-boat.
1109 3375 33 21 As
1152 3382 28 14 an
1192 3375 68 23 ordi-

663 3401 54 21 nary
727 3396 87 22 balloon
826 3404 40 14 can
877 3402 96 18 ti'averse
983 3400 41 21 500
1035 3401 61 21 miles
1105 3401 141 28 in24Kours,

663 3421 36 22 the
709 3422 95 28 rapidity
821 3424 25 20 of
862 3431 13 14 a
893 3425 171 23 steam-balloon
1080 3428 74 22 whose
1169 3429 78 27 wheel,

661 3448 84 22 similar
759 3453 23 18 to
795 3457 30 14 an
842 3451 145 23 Archimedes
1003 3450 80 31 screw
1085 3450 14 31 7
1096 3455 44 21 will
1150 3456 99 22 describe

661 3478 23 17 at
688 3481 8 6 w
704 3476 54 21 each
776 3477 93 21 rotation
886 3485 14 14 a
915 3485 101 20 spac^-or
1027 3488 66 14 seven
1105 3482 73 27 yards,
1190 3486 59 18 must

661 3501 26 21 be
698 3503 155 27 considerably
986 3507 90 22 Several
1091 3508 76 23 skilful
1185 3509 63 28 engi-

661 3535 70 21 neers,
752 3530 48 21 who
818 3530 118 23 examined
951 3532 43 22 this
1011 3535 110 27 machine,
1141 3535 58 23 have
1219 3544 29 14 no

661 3556 68 21 doubt
738 3556 26 21 of
775 3557 36 21 the
821 3558 123 26 possibility
954 3559 26 21 of
990 3561 135 28 completing
1138 3563 43 21 this
1197 3570 49 15 new

659 3582 66 21 mode
735 3583 25 21 of
773 3587 119 24 transport,
912 3585 72 23 which
993 3587 112 23 hereafter
1114 3589 44 22 will
1167 3590 82 21 render

661 3609 82 21 useless
761 3610 55 27 high
835 3611 56 21 road
910 3613 44 21 and
973 3613 114 23 railroads.
1122 3615 47 23 The
1194 3617 53 26 only

660 3635 109 29 difficulty
788 3637 44 21 will
847 3638 28 20 be
892 3638 72 22 where
980 3643 22 18 to
1017 3641 64 26 place
1097 3641 38 23 the
1150 3646 98 19 custom-

661 3661 91 23 houses'.

687 3695 75 23 Walk
776 3696 108 23 Making.
891 3709 29 5 —
926 3698 47 23 The
989 3699 111 29 following
1116 3702 71 29 cheap
1201 3702 45 23 and

660 3729 52 20 easy
720 3723 66 21 mode
797 3724 26 21 of
833 3724 93 28 making
938 3726 59 26 good
1013 3727 68 23 walks
1096 3728 19 22 is
1128 3729 119 27 explained

658 3755 24 15 id
698 3749 37 21 the
753 3751 124 22 Gardener's
894 3753 107 21 Chronicle
1005 3762 35 15 ;—
1040 3754 36 22 To
1090 3757 43 20 two
1146 3759 62 25 parts
1223 3757 26 20 of

659 3775 54 22 road
722 3777 62 26 sand,
795 3785 26 14 or
830 3778 68 28 finely
908 3779 65 23 sifted
980 3780 53 23 Hme
1042 3781 97 27 rubbish,
1147 3782 46 22 and
1204 3790 42 15 one

659 3806 49 23 part
717 3803 26 21 of
753 3804 66 22 sifted
828 3806 99 27 rubbish,
1006 3808 135 28 thoroughly
1151 3809 41 27 dry
1201 3809 46 22 and

659 3829 49 21 well
717 3829 82 28 mixed,
809 3831 44 22 add
863 3839 14 15 a
887 3834 112 21 sufficient
1010 3835 102 27 quantity
1122 3835 26 22 of
1158 3836 87 26 boiling

658 3855 40 21 hot
714 3857 48 21 coal
783 3861 34 18 tar
837 3861 24 19 to
884 3860 49 21 mix
952 3860 38 22 the
1012 3860 72 22 whole
1105 3861 45 22 into
1171 3869 15 14 a
1202 3862 49 22 stiff

659 3885 68 23 paste.
756 3883 58 22 Beat
830 3885 37 22 the
883 3886 90 26 ground
987 3893 25 14 as
1027 3886 49 23 firm
1092 3887 44 22 and
1152 3887 59 22 level
1221 3895 25 14 as

658 3909 101 27 possible,
771 3910 45 22 and
826 3912 80 26 spread
921 3912 38 21 the
968 3913 96 21 mixture
1075 3913 79 27 evenly
1164 3921 53 15 over
1227 3914 25 21 if

659 3935 52 22 with
721 3942 13 15 a
751 3936 67 29 spade
834 3941 22 17 to
872 3937 39 22 the
927 3938 111 23 thickness
1048 3939 26 21 of
1085 3939 60 22 three
1159 3947 24 15 or
1193 3940 49 23 four
