2550 4029
1199 55 104 33 THE

76 112 452 130 NEW
652 112 846 137 ZEALAND
1630 120 838 139 GAZETTE.

641 335 130 32 PORT
795 337 287 39 NICHOLSON,
1105 339 259 31 SATURDAY
1385 341 241 41 MORNING,
1649 345 123 32 JUNE
1795 350 53 32 27,
1874 350 87 29 1840.

2348 353 100 40 [Vol.
2472 355 26 31 I.

75 335 64 31 No.
164 335 63 39 12.]

64 430 84 21 NEW
165 430 170 20 ZEALAND
353 429 98 20 LAND
469 429 181 21 COMPANY.

66 482 92 28 Capital,
173 482 119 27 £100,000,
306 482 25 21 in
340 484 56 20 4000
407 482 79 22 Shares
496 482 25 22 of
532 482 47 22 £25
590 482 60 28 each,

289 509 30 22 all
328 508 53 28 paid
390 516 38 20 up.

146 562 130 22 Governor:
291 562 47 22 The
348 562 66 22 Earl
426 570 26 14 of
462 562 114 23 Durham.

107 595 91 28 Deputy
209 596 118 22 Governor
334 604 4 13 :
355 595 87 23 Joseph
456 596 82 28 Somes,
555 596 52 28 Esq.

296 629 114 22 Directors
419 637 5 13 :

118 655 60 22 Lord
188 656 73 28 Petre,

117 682 61 22 Hon.
190 682 93 22 Francis
292 682 91 28 Baring,
395 683 69 27 M.P.,

116 709 60 22 John
187 709 104 22 Ellorker
299 710 111 26 Bpulcott,
426 710 60 27 Esq.,

116 736 60 22 John
187 736 100 22 William
298 736 92 26 Buckle,
402 736 59 28 Esq.,

116 763 88 22 Russell
214 763 150 28 Ellice,-Esq.,

116 790 75 22 James
202 790 82 22 Brodie
296 790 99 28 Gordon,
407 790 61 29 Esq.,

115 817 97 21 Thomas
222 817 67 21 Alers
298 817 179 28 Hankey,-Esq.,

116 844 98 21 William
225 844 60 21 Hutt
303 844 61 28 Esq.,
376 844 68 28 M.P.,

117 871 93 21 Stewart
219 870 163 28 Majoribanks,
395 872 59 27 Esq.,

117 898 34 21 Sir
160 898 100 22 William
271 898 150 26 Molesworth,
433 899 69 26 Bart.,
513 898 68 27 M.P.,

114 924 133 21 'Alexander
256 923 79 27 Nairn,
346 924 62 28 Esq.,

116 950 59 21 John
186 950 67 27 Pirie,
265 950 59 27 Esq.,
335 950 132 28 Alderman,

116 977 34 21 Sir
160 977 89 26 George
260 976 100 28 Sinclair,
371 978 70 26 Bart.,
453 978 70 27 M.P.,

115 1003 59 22 John
186 1003 60 22 Abel
256 1003 79 27 Smith,
347 1004 60 28 Esq.,
420 1004 67 28 M.P.,

114 1030 58 22 Wm.
183 1030 138 27 Thompson,
333 1031 61 27 Esq.,
405 1028 131 31 Alderman,
548 1032 69 27 M.P.,

115 1058 33 21 Sir
159 1057 80 27 Henry
250 1056 77 28 Webb,
339 1058 70 27 Bart.,

115 1084 85 22 Arthur
209 1084 80 26 Willis,
301 1084 61 27 Esq.,

115 1112 87 26 George
213 1111 119 21 Frederick
343 1113 89 25 Young,
444 1112 52 29 Esq.

171 1146 118 26 Secretary
296 1153 5 13 :
318 1145 62 22 John
392 1146 81 28 Ward,
485 1146 53 28 Esq.

59 1206 90 48 THE
158 1206 61 21 main
229 1206 98 21 features
335 1206 25 22 of
367 1206 37 22 the
413 1210 83 24 system
504 1208 25 21 of
536 1207 113 23 coloniza-

134 1233 45 21 tion
190 1232 97 27 adopted
297 1233 30 26 by
337 1233 37 21 the
388 1234 122 28 Company,
527 1242 44 19 are,
574 1247 31 4 —
606 1237 40 25 Ist,

59 1260 37 21 the
106 1260 44 22 sale
161 1259 25 21 of
196 1259 74 27 lands,
284 1263 22 18 at
320 1267 30 15 an
364 1260 99 22 uniform
477 1261 45 22 and
536 1262 113 22 sufficient

59 1287 70 27 price;
147 1286 44 22 and
205 1286 77 27 2ndly,
299 1286 37 22 the
353 1287 154 28 employment
520 1288 26 22 of
560 1295 12 15 a
587 1289 60 27 large

58 1314 86 27 portion
155 1313 24 21 of
186 1313 37 21 the
233 1313 211 28 purchase-money,
456 1322 23 14 as
489 1322 28 14 an
529 1315 118 27 Immigra-

57 1341 45 21 tion
114 1340 70 22 Fund.
215 1339 29 22 In
255 1339 61 23 these
325 1344 106 23 respects,
447 1341 37 23 the
494 1342 120 28 principles
625 1344 25 21 of

57 1367 69 22 South
139 1366 115 22 Australia
268 1367 57 21 have
341 1367 57 22 been
414 1368 103 22 followed
530 1376 25 14 as
569 1370 78 28 nearly

57 1402 22 14 as
99 1395 172 21 circumstances
286 1394 79 27 would,
386 1395 25 21 in
426 1395 37 22 the
481 1400 91 23 present
588 1404 58 21 case,

57 1421 86 23 permit.

82 1454 48 22 The
144 1454 71 27 grand
231 1454 75 27 object
321 1455 26 21 of
361 1455 38 22 the
415 1463 55 20 new,
485 1464 25 16 or
522 1457 123 29 improved,

56 1485 82 23 system
149 1481 25 22 of
185 1481 38 22 the
234 1481 97 27 disposal
346 1482 26 22 of
389 1482 96 23 colonial
498 1483 73 28 lands,
588 1485 18 21 is
623 1489 23 18 to

54 1508 99 27 regulate
168 1508 38 21 the
221 1508 81 28 supply
318 1509 26 21 of
359 1517 51 14 new
425 1509 59 27 land,
501 1510 31 28 by
547 1511 38 22 the
599 1512 47 22 real

54 1539 71 18 wants
138 1535 25 21 of
176 1534 38 22 the
230 1535 118 27 Colonists,
365 1543 24 15 so
405 1536 48 22 that
468 1538 37 21 the
520 1538 55 22 land
589 1538 58 22 shall

55 1569 69 14 never
140 1562 27 21 be
187 1562 72 21 either
277 1563 190 28 superabundant,
489 1571 24 14 or
532 1564 112 29 deficient,

54 1589 71 22 either
141 1592 36 18 too
195 1589 76 27 cheap,
291 1597 25 14 or
334 1593 37 18 too
391 1590 60 22 dear.
490 1591 22 21 It
528 1591 42 22 has
588 1593 58 21 been

54 1616 75 21 shown
141 1615 47 22 that
198 1616 38 21 the
247 1616 43 21 due
302 1618 131 26 proportion
447 1618 102 22 between
565 1620 80 27 people

55 1642 45 21 and
106 1642 112 28 landmay
224 1643 29 21 be
262 1644 126 26 constantly
394 1645 93 21 secured
494 1645 30 27 by
530 1646 116 22 abandon-

54 1670 39 26 ing
103 1670 36 21 the
150 1669 36 22 old
197 1673 84 23 system
292 1670 26 21 of
329 1679 97 19 grants,
437 1672 45 21 and
491 1673 115 27 requiring
616 1681 28 14 an

55 1696 95 21 uniform
162 1696 59 27 price
232 1704 40 20 per
282 1704 56 20 acre,
355 1698 35 21 for
398 1698 30 21 all
438 1705 49 15 new
497 1698 71 27 lands,
581 1700 64 22 with-

56 1727 38 18 out
104 1723 123 27 exception.
259 1723 25 22 If
295 1723 36 22 the
342 1724 60 28 price
414 1725 27 22 be
456 1729 40 18 not
510 1729 37 18 too
562 1726 49 27 low,
628 1728 18 20 it

54 1750 73 21 deters
136 1750 136 28 speculators
282 1751 57 21 from
355 1752 117 27 obtaining
486 1752 60 28 land,
564 1754 52 22 with
632 1762 14 14 a

54 1777 56 21 view
120 1780 22 18 to
151 1777 91 27 leaving
252 1777 56 22 their
317 1782 107 24 property
433 1780 22 21 in
467 1787 13 14 a
492 1779 73 22 desert
579 1784 65 24 state,

54 1804 45 21 and
114 1804 49 22 thus
176 1807 107 23 prevents
292 1804 110 26 injurious
412 1806 122 28 dispersion
542 1815 4 18 ;
563 1807 18 21 it
590 1807 53 28 also,

54 1830 30 28 by
94 1828 134 30 compelling
237 1838 67 20 every
311 1831 105 23 labourer
423 1836 22 18 to
454 1834 59 20 work
520 1835 37 20 for
564 1842 78 19 wages,

54 1858 57 21 until
121 1858 27 21 he
158 1858 40 21 has
208 1858 69 21 saved
291 1858 37 21 the
340 1859 53 27 only
403 1867 79 15 means
492 1860 25 21 of
528 1861 118 27 obtaining

54 1884 59 27 land,
124 1885 85 21 insures
225 1892 13 13 a
254 1885 80 27 supply
349 1886 26 21 of
386 1886 79 22 labour
479 1887 34 21 for
527 1888 56 22 hire.
614 1889 28 26 If,

54 1919 28 14 on
94 1912 36 21 the
141 1911 63 22 other
212 1911 70 27 hand,
298 1912 38 21 the
346 1912 61 27 price
417 1913 27 21 be
454 1917 40 19 not
503 1917 37 19 too
551 1914 60 27 high,
628 1916 18 21 it

54 1938 85 22 neither
149 1938 101 22 confines
260 1938 36 21 the
307 1939 87 27 settlors
411 1940 74 22 within
501 1948 14 14 a
529 1948 64 20 space
610 1943 34 20 in-

54 1965 158 25 conveniently
228 1973 93 17 narrow,
339 1973 41 14 nor
396 1966 53 22 does
463 1967 19 21 it
496 1971 95 22 prevent
606 1969 38 20 the

52 1990 77 26 thrifty
144 1990 105 22 labourer
262 1991 58 21 from
334 1992 120 27 becoming
469 2001 13 14 a
493 1994 149 27 land-owner,

54 2016 58 21 after
122 2016 99 27 working
231 2025 61 14 some
303 2018 53 21 time
366 2019 36 20 for
412 2027 78 19 wages.

85 2042 19 19 A
122 2042 116 27 sufficient,
257 2044 41 20 but
315 2048 40 17 not
373 2052 63 15 more
457 2046 53 21 than
531 2047 111 21 sufficient

53 2068 60 27 price
125 2069 33 21 for
171 2069 29 20 all
214 2076 50 15 new
279 2070 60 27 land,
355 2071 19 21 is
390 2071 37 22 the
443 2073 60 21 main
519 2074 85 21 feature
620 2074 27 21 of

54 2095 37 21 the
111 2103 47 14 new
174 2099 84 28 system
273 2097 26 20 of
315 2098 157 23 colonization.
505 2100 22 21 It
544 2100 100 22 obviates

53 2129 67 19 every
131 2123 85 26 species
232 2124 26 20 of
270 2124 103 27 bondage
380 2133 5 17 ;
405 2125 30 27 by
450 2126 119 27 providing
584 2134 60 14 com-

52 2148 89 23 binable
150 2149 85 27 labour,
248 2150 17 21 it
275 2150 90 23 renders
374 2152 104 27 industry
484 2160 54 21 very
549 2154 95 26 produc-

53 2176 51 25 tive,
117 2176 173 23 andmaintains
301 2178 52 21 both
364 2178 54 27 high
434 2187 78 20 wages,
530 2180 46 21 and
589 2180 54 28 high

52 2200 87 30 profits;
161 2203 18 21 it
196 2203 77 22 makes
292 2204 37 21 the
348 2205 81 27 colony
446 2213 22 14 as
486 2208 114 20 attractive
619 2215 24 14 as

52 2230 101 27 possible,
169 2230 56 21 both
240 2234 23 18 to
279 2231 121 27 capitalists
416 2233 45 21 and
476 2236 22 19 to
513 2233 115 23 labourers
637 2243 5 18 ;

52 2256 45 21 and
108 2260 38 18 not
155 2256 85 28 merely
251 2261 21 18 to
282 2258 68 27 these,
365 2259 41 21 but
416 2260 52 26 also,
480 2260 30 28 by
520 2262 124 26 bestowing

52 2291 29 13 on
97 2284 35 21 the
144 2284 87 27 colon}',
251 2284 35 21 the
298 2285 73 22 better
386 2286 115 23 attributes
518 2288 27 21 of
561 2295 28 14 an
606 2288 38 22 old

51 2311 90 27 society,
153 2314 21 18 to
183 2310 64 23 those
255 2311 48 22 who
311 2312 57 22 have
378 2321 13 13 a
398 2313 89 22 distaste
496 2314 34 22 for
538 2314 59 22 what
602 2315 41 22 has

52 2336 122 23 heretofore
184 2338 59 21 been
254 2338 37 23 the
305 2340 113 26 primitive
428 2341 115 22 condition
555 2342 26 21 of
591 2349 50 15 new

53 2364 103 23 colonies.

78 2391 46 22 The
134 2395 62 23 great
205 2392 75 27 object
289 2393 26 21 of
327 2394 37 21 the
374 2394 60 28 price
444 2395 19 21 is
475 2397 23 19 to
513 2402 77 15 secure
605 2396 37 21 the

51 2422 59 17 most
118 2418 107 23 desirable
235 2421 143 27 proportions
386 2421 101 22 between
501 2423 80 26 people
596 2423 46 21 and

51 2444 64 28 land;
131 2446 39 21 but
179 2445 38 22 the
228 2447 52 27 plan
291 2447 41 22 has
342 2448 38 21 the
387 2448 87 22 further
480 2449 72 21 result
559 2449 25 22 of
590 2457 52 20 pro-

52 2472 80 27 ducing
143 2481 12 13 a
164 2481 106 17 revenue,
288 2474 72 22 which
377 2474 44 22 will
436 2479 41 18 not
492 2476 54 27 only
561 2477 81 27 supply

50 2499 37 21 the
100 2500 102 26 requisite
217 2501 68 26 profit
299 2504 23 19 to
338 2501 37 22 the
392 2502 154 22 shareholders
561 2503 25 21 of
603 2503 37 22 the

51 2526 119 28 Company,
195 2527 42 21 but
259 2527 112 22 furnishes
395 2528 37 23 the
456 2536 77 15 means
553 2530 34 22 for
611 2538 28 14 an

51 2552 152 28 Immigration
216 2554 71 28 Fund,
290 2567 30 4 —
323 2562 13 14 a
343 2555 56 21 fund
408 2556 126 28 constantly
543 2557 97 28 applica-

50 2578 35 23 ble
103 2583 21 18 to
141 2580 35 22 the
193 2589 96 19 purpose
306 2582 26 21 of
345 2582 106 28 bringing
465 2583 80 22 labour
562 2587 22 18 to
602 2584 37 21 the

50 2606 79 28 colony
130 2619 29 4 —
162 2607 48 22 that
223 2608 27 27 is,
267 2608 23 22 in
308 2609 94 26 causing
419 2610 37 22 the
473 2611 49 21 best
541 2618 55 14 sort
618 2611 25 21 of

49 2633 146 22 colonization
206 2637 23 19 to
240 2635 96 27 proceed
345 2639 23 18 at
380 2636 38 22 the
430 2641 98 22 greatest
541 2638 97 26 possible

48 2663 54 18 rate.
131 2661 53 22 And
192 2662 43 21 this
244 2663 17 20 is
270 2662 37 22 the
315 2663 83 21 second
407 2665 86 21 feature
504 2664 25 22 of
542 2664 38 22 the
590 2672 49 14 new

49 2690 89 23 system.

76 2713 45 22 The
132 2714 153 28 employment
295 2716 26 21 of
336 2716 38 22 the
388 2717 210 28 purchase-money,
615 2726 24 13 or

47 2740 38 21 the
95 2742 107 27 principal
212 2745 51 24 part
273 2743 25 21 of
308 2743 24 26 it,
343 2743 24 21 in
379 2745 125 27 conveying
513 2745 87 22 settlers
616 2749 22 17 to

47 2766 37 22 the
96 2768 85 27 colony,
193 2768 41 22 has
244 2769 37 21 the
291 2770 115 28 following
417 2771 81 23 effects.
529 2771 23 22 It
562 2772 77 22 makes

47 2794 37 21 the
99 2796 132 25 purchasers
247 2796 25 21 of
287 2796 54 22 land
356 2804 37 15 see
408 2798 91 27 plainly,
516 2798 51 22 that
581 2798 58 22 their

47 2827 82 21 money
139 2822 44 21 will
192 2822 29 21 be
231 2823 106 21 returned
346 2823 25 21 in
386 2824 37 21 the
437 2825 68 27 shape
519 2825 26 21 of
560 2825 79 22 labour

46 2848 46 21 and
101 2848 137 27 population.
268 2849 23 21 It
301 2850 70 27 tends,
388 2851 23 20 in
421 2851 52 28 fact,
489 2855 23 17 to
522 2851 68 22 lower
601 2852 36 21 the

46 2881 118 25 necessary
183 2875 108 22 standard
309 2877 26 20 of
350 2877 68 27 price,
434 2877 103 28 because,
557 2878 52 22 with
626 2886 13 14 a

46 2905 103 18 constant
157 2901 74 22 influx
243 2902 25 21 of
279 2903 78 27 people
369 2907 22 17 to
401 2903 37 22 the
449 2905 89 26 colony,
548 2905 36 22 the
595 2905 43 21 due

45 2928 127 27 proportion
179 2928 102 22 between
289 2930 79 27 people
377 2930 44 22 and
427 2930 54 22 land
488 2938 54 19 may
548 2931 28 22 be
583 2931 55 28 kept

48 2961 30 21 up
84 2955 30 28 by
124 2963 13 14 a
145 2956 70 21 lower
223 2956 68 27 price,
305 2956 54 22 than
369 2957 21 21 if
402 2957 62 22 there
474 2965 57 15 were
542 2965 29 15 no
581 2958 56 22 such

47 2980 147 29 immigration
201 2999 5 4 .
227 2984 23 20 It
260 2982 112 22 therefore
378 2984 130 22 diminishes
516 2984 38 22 the
562 2985 76 28 period

48 3008 78 28 during
136 3010 72 21 which
218 3009 38 22 the
266 3010 105 22 labourer
384 3014 61 18 must
456 3011 61 22 work
531 3011 36 22 for
581 3011 55 28 hire,

49 3035 42 20 and
101 3036 28 26 by
139 3036 37 21 the
190 3037 64 26 rapid
269 3044 102 19 progress
386 3037 73 22 which
474 3039 17 21 it
506 3038 93 27 imparts
615 3042 22 17 to

48 3060 36 21 the
92 3061 49 22 best
150 3065 45 19 sort
205 3062 26 22 of
244 3062 156 28 colonization,
416 3065 18 21 it
449 3064 101 28 explains
565 3068 23 18 to
599 3065 37 21 the

48 3086 112 30 labouring
170 3089 57 22 class
239 3090 25 21 of
270 3090 148 28 immigrants,
430 3092 49 21 that
487 3099 68 20 every
564 3099 42 15 one
615 3092 25 22 of

49 3114 57 23 them
119 3115 49 22 who
184 3116 20 21 is
219 3116 138 22 industrious
374 3118 44 22 and
437 3118 84 28 thrifty,
539 3126 53 19 may
607 3119 29 21 be

47 3149 48 14 sure
104 3145 21 18 to
136 3142 93 22 become
242 3146 40 18 not
296 3144 86 27 merely
397 3152 29 14 an
442 3152 75 16 owner
533 3146 26 21 of
573 3146 61 26 land,

47 3168 38 21 but
101 3169 44 22 also
162 3170 24 21 in
205 3169 37 22 his
263 3173 57 22 turn,
341 3178 30 14 an
392 3171 115 28 employer
525 3173 28 21 of
571 3173 65 22 hired

46 3194 117 29 labourers,
176 3203 13 14 a
198 3199 84 18 master
292 3197 26 21 of
329 3201 108 19 servants.

73 3222 65 22 From
147 3225 64 20 these
221 3223 183 28 considerations,
420 3224 37 22 the
468 3226 116 27 Company
594 3226 41 22 has

47 3248 94 28 adopted
158 3250 39 22 the
215 3257 61 14 same
294 3253 82 24 system
395 3251 25 21 of
436 3251 114 28 disposing
565 3253 26 21 of
607 3254 28 21 its

47 3280 64 18 waste
122 3277 72 27 lands,
211 3284 25 14 as
251 3277 41 21 has
307 3277 91 27 already
412 3279 85 26 proved
510 3279 79 28 highly
602 3281 33 21 fa-

47 3304 101 21 vourable
164 3307 22 18 to
202 3304 38 22 the
254 3304 184 27 productiveness
453 3305 26 21 of
493 3305 104 28 industry
611 3307 22 21 in

47 3329 67 22 South
124 3330 121 22 Australia.
275 3330 29 22 In
314 3338 13 14 a
338 3338 50 14 new
400 3330 87 33 colony,
503 3332 93 28 planted
610 3334 25 21 in

46 3362 13 14 a
68 3356 70 22 fertile
147 3357 45 22 and
209 3358 115 21 extensive
339 3357 112 27 territory,
468 3358 17 21 it
499 3358 19 22 is
534 3359 99 28 obvious,

47 3382 47 22 that
111 3384 36 22 the
164 3384 171 22 establishment
350 3384 26 22 of
393 3384 55 22 such
463 3392 14 13 a
491 3389 83 23 system
588 3386 20 22 is
623 3394 13 14 a

48 3413 76 19 matter
140 3412 26 20 of
184 3412 38 21 the
240 3411 91 28 deepest
348 3413 103 20 moment
466 3414 23 18 to
506 3412 39 21 the
561 3413 74 22 future

48 3436 83 22 welfare
143 3438 26 21 of
183 3438 92 27 society.
409 3438 20 31 jt
443 3437 37 22 the
494 3438 52 22 best
561 3439 74 23 effects

48 3469 49 20 may
105 3464 52 22 with
167 3465 132 21 confidence
308 3465 28 21 be
347 3464 137 28 anticipated
491 3472 5 13 :
512 3472 13 14 a
533 3469 103 19 constant

47 3490 43 21 and
99 3492 86 26 regular
194 3492 81 27 supply
285 3492 28 20 of
324 3499 50 14 new
383 3492 55 21 land
447 3491 23 21 in
485 3491 45 22 due
543 3499 92 21 propor-

44 3516 45 22 tion
99 3521 21 18 to
130 3518 37 22 the
186 3522 73 18 wants
268 3518 26 22 of
305 3525 13 15 a
326 3518 133 28 population
470 3518 127 28 increasing
607 3520 31 27 by

44 3542 67 24 births
121 3545 45 21 and
179 3545 153 27 immigration
338 3553 5 19 ;
364 3545 30 23 all
409 3545 38 21 the
463 3544 135 29 advantages
612 3549 23 19 to

45 3570 70 22 which
124 3571 102 23 facilities
237 3572 25 22 of
272 3575 114 24 transport
393 3572 45 21 and
445 3573 189 21 communication

45 3603 37 15 are
92 3599 100 21 essential
200 3607 5 19 ;
224 3599 109 29 certainty
348 3599 26 21 of
385 3598 76 28 limits,
477 3598 45 22 and
538 3600 96 27 security

47 3623 24 21 of
82 3624 45 22 title
138 3629 22 18 to
169 3629 106 24 property
284 3626 23 21 in
322 3626 55 21 land
383 3633 5 19 ;
405 3626 37 21 the
452 3629 99 24 greatest
562 3626 72 22 facili-

45 3650 39 21 ties
94 3659 27 13 on
131 3653 117 26 acquiring
258 3652 38 22 the
306 3652 44 22 due
360 3653 104 27 quantity
470 3660 5 18 ;
490 3652 39 22 the
539 3655 97 24 greatest

45 3683 186 23 encouragement
244 3683 22 17 to
275 3679 152 27 immigration
439 3678 45 22 and
494 3679 139 28 settlement;

46 3702 44 22 and
103 3704 35 22 the
153 3710 59 18 most
226 3706 63 27 rapid
303 3712 104 21 progress
422 3705 25 22 of
463 3706 37 20 the
515 3706 80 27 people
609 3707 24 21 in

45 3731 97 22 material
151 3733 96 21 comfort
257 3732 45 22 and
311 3733 69 21 social

71 3763 46 23 The
127 3765 64 23 Land
201 3766 72 22 Office
289 3766 35 21 for
340 3766 63 21 Sales
418 3765 46 22 and
479 3765 118 22 Transfers
614 3766 19 21 is

46 3796 49 15 now
104 3798 54 20 open
170 3796 23 18 at
207 3793 55 22 Port
277 3792 132 27 Nicholson,
428 3792 45 22 and
489 3792 39 22 the
543 3792 55 22 land
614 3793 18 21 is

45 3816 47 23 sold
98 3817 22 22 in
127 3819 97 22 sections
230 3820 26 21 of
266 3821 42 20 100
315 3826 62 15 acres
385 3820 61 26 each,
457 3822 22 19 at
484 3818 31 23 £1
526 3826 39 20 per
572 3827 58 14 acre.

44 3841 46 23 The
103 3844 124 30 advantage
242 3846 26 22 of
282 3845 136 29 purchasing
432 3845 78 22 before
530 3845 36 23 the
584 3853 48 14 sur-

44 3875 52 21 veys
105 3878 35 15 are
149 3873 25 20 in
185 3881 14 14 a
212 3872 136 28 sufficiently
358 3872 96 23 forward
463 3874 57 19 stale
532 3874 23 19 to
566 3872 64 21 allow

45 3895 25 21 of
82 3896 125 26 immediate
221 3899 115 23 selection,
352 3898 26 28 is,
395 3899 48 22 that
457 3899 37 21 the
503 3899 93 27 priority
607 3899 25 21 of

45 3921 72 25 choice
134 3926 19 21 is
171 3926 94 23 secured
277 3926 24 22 in
320 3925 38 23 the
377 3926 65 23 order
459 3925 25 22 in
498 3925 72 23 which
591 3926 37 22 the

46 3949 132 26 registration
189 3954 27 21 of
228 3954 37 21 the
274 3953 109 27 purchase
394 3953 17 22 is
416 3952 82 23 'made.'

76 3975 36 13 P.—
114 3981 6 7 t
132 3979 26 9 vt-
174 3979 4 9 i
191 3980 60 10 „!,.„.„
278 3980 11 10 A
297 3979 39 11 1.1.51
348 3980 26 10 1A
387 3977 58 13 'lt>i''n

724 431 114 21 UNION
852 432 101 21 BANK
968 433 42 20 OF
1025 433 219 21 AUSTRALIA.

686 463 96 22 London
801 465 92 27 Office,
908 464 46 23 No.
971 467 33 26 38,
1022 466 50 22 Old
1089 466 183 23 Broad-street.

741 517 93 28 Capital,
845 518 122 28 £500,000;
986 519 53 28 paid
1047 527 38 21 up,
1101 520 117 27 £300,000.

916 572 114 22 Directors
1036 581 5 14 :

741 597 88 27 George
839 598 48 22 Fife
898 599 84 27 Angas,
994 599 60 29 Esq.,

739 623 87 22 Robert
835 624 92 28 Brooks,
940 626 59 31 Esq.,

739 650 78 22 James
827 651 60 22 John
898 652 123 27 Cummins,-
1032 653 60 27 Esq..

738 677 87 22 Robert
834 677 123 29 Gardener,
968 678 60 28 Esq.,
1040 680 151 27 Manchester,

738 703 63 22 John
813 704 66 27 Gore,
891 704 61 28 Esq.,

739 730 91 22 Charles
840 731 108 28 Hindley,
960 731 59 27 Esq.,
1032 732 68 28 M.P.,

738 757 118 27 Benjamin
869 757 25 21 E.
905 758 80 27 Lindo,
994 758 60 28 Esq.,

738 783 92 22 Charles
840 783 97 22 Edward
944 785 109 27 Mangles,
1065 786 61 28 Esq.,

738 809 144 28 Christopher
891 811 103 28 Rawson,
1006 811 171 29 Esq.lHalifax,
1281 809 2 23 i

736 837 99 22 Thomas
846 838 78 27 Sands,
936 838 59 28 Esq.,
1007 839 125 29 Liverpool,

738 863 78 22 James
825 865 69 26 Bogle
905 865 79 27 Smith,

738 890 78 22 James
825 891 97 22 Ruddell
931 892 70 27 Todd,
1012 892 53 28 Esq.

680 922 106 23 Trustees
795 931 5 13 :
826 924 95 22 George
941 925 65 22 Carr
1028 926 75 27 Glyn,
1126 926 52 28 Esq.
1181 920 6 33 j
1204 924 66 24 'John

720 950 74 27 Gore,
806 950 60 28 Esq.,
882 951 46 22 and
937 952 75 22 James
1023 952 21 22 J.
1056 953 116 27 Cummins,
1183 953 52 28 Esq.

682 983 116 22 Bankers:
823 984 89 23 Messrs.
940 986 73 26 Glyn,
1037 986 130 28 Hallifax,
1188 986 82 28 Mills,

930 1012 45 22 and
988 1013 39 21 Co.

766 1045 118 28 Secretary
891 1053 5 14 :
913 1046 94 22 Samuel
1017 1047 110 28 Jackson,
1138 1048 52 28 Esq.

719 1078 102 22 Colonial
831 1079 117 27 Inspector
956 1087 4 14 :
976 1080 22 22 J.
1009 1081 24 22 C.
1044 1081 125 28 M'Laren,
1183 1082 52 28 Esq.

806 1134 68 19 New
892 1134 122 21 Zealand
1033 1136 114 20 Branch.

682 1165 67 22 Local
761 1166 114 22 Directors
882 1175 5 13 :
904 1167 59 22 Geo.
974 1168 21 22 S.
1007 1169 84 28 Evans,
1106 1169 60 28 Esq.,
1179 1169 91 28 D.C.L.,

745 1193 62 22 Edw.
819 1193 73 23 Betts
903 1194 103 28 Hopper,
1018 1195 61 28 Esq.,
1093 1196 45 22 and
1148 1196 57 23 Geo.

891 1221 109 28 Hunter,
1012 1222 53 28 Esq.

680 1253 113 27 Manager
800 1262 5 13 :
821 1254 63 21 John
895 1255 83 27 Smith,
990 1256 59 28 Esq.,
1065 1256 45 22 late
1121 1256 26 22 of
1158 1257 37 21 the
1206 1258 64 21 Com-

730 1280 93 23 mercial
832 1280 64 23 Bank
908 1281 26 22 of
946 1282 109 28 England,
1068 1283 152 23 Manchester.

792 1315 112 23 Branches
915 1319 25 19 at
955 1316 96 28 Sydney,

956 1342 88 23 I-lobart
1051 1343 77 28 Town,

957 1369 148 28 Launceston,
1117 1371 45 21 and

955 1397 53 21 Port
1018 1397 80 28 Philip.

679 1428 54 23 Port
741 1429 132 28 Nicholson,
885 1430 81 22 March
975 1432 33 26 24,
1021 1432 60 21 1840.

679 1482 92 36 rpHE
788 1483 114 22 Directors
920 1484 26 21 of
963 1484 37 22 the
1016 1484 57 23 New
1089 1486 100 21 Zealand
1203 1486 65 22 Land

686 1507 29 24 JL
755 1510 117 28 Company
886 1510 85 28 hereby
987 1512 50 26 give
1054 1513 80 25 no'ice,
1153 1512 47 22 that
1216 1513 52 27 they

677 1536 59 22 have
743 1544 113 15 EFFECTED
866 1545 30 14 AN
908 1545 171 15 ARRANGEMENT
1087 1540 53 20 With
1148 1539 37 21 the
1194 1540 74 21 Union

677 1563 64 22 Bank
758 1564 26 21 of
800 1564 120 27 Australia,
939 1564 42 23 No.
999 1566 33 26 38,
1047 1566 46 21 Old
1109 1566 157 26 Broad-street,

678 1589 103 29 London,
793 1591 34 21 for
836 1591 37 21 the
887 1591 168 22 establishment
1069 1593 26 21 of
1108 1600 14 14 a
1138 1593 129 22 BRANCH

677 1616 89 23 BANK
781 1617 36 22 IN
832 1618 71 21 NEW
918 1618 158 29 ZEALAND,
1090 1619 96 28 through
1196 1620 72 22 which

677 1644 38 21 the
724 1644 102 22 business
840 1645 26 21 of
879 1645 38 22 the
936 1646 56 21 New
1008 1646 100 21 Zealand
1122 1646 65 22 Land
1203 1647 65 21 Com-

676 1677 61 21 pany
746 1671 46 22 will
800 1672 28 21 be
839 1672 134 22 transacted.
1001 1672 47 21 The
1065 1673 114 22 Directors
1194 1673 73 22 there-

675 1699 49 20 fore
734 1698 145 22 recommend
889 1703 22 17 to
930 1699 108 22 Colonists
1055 1699 38 21 the
1110 1700 75 22 Union
1202 1700 65 22 Bank

677 1724 26 21 of
721 1724 116 23 Australia
854 1733 24 14 as
896 1733 30 14 an
953 1726 167 22 establishment
1143 1727 125 28 possessing

676 1751 58 22 their
751 1752 70 21 entire
846 1752 136 28 confidence,
1002 1753 45 21 and
1067 1754 49 20 able
1135 1758 22 17 to
1176 1754 90 26 provide

677 1778 127 28 effectually
819 1779 35 22 for
870 1778 38 23 the
923 1780 104 21 financial
1042 1784 70 18 wants
1130 1780 25 22 of
1167 1781 36 21 the
1220 1781 48 21 first

676 1805 135 22 settlement.

846 1833 34 27 By
891 1832 66 22 order
966 1834 26 20 of
1002 1833 38 22 the
1049 1834 81 27 Board,

925 1867 84 22 JOHN
1023 1867 104 28 WARD,
1144 1868 122 28 Secretary.

675 1899 57 22 New
742 1900 101 22 Zealand
853 1900 64 22 Land
927 1901 135 27 Company's
1073 1901 77 28 Office,

704 1928 18 26 1,
734 1927 159 27 Adam-street,
905 1928 105 27 Adelphi,
1021 1928 53 22 27th
1084 1929 68 26 Aug.,
1165 1931 60 20 1839.

809 1981 153 21 WEEKLY
976 1983 162 19 IvIARKET.

675 2013 94 47 MR.
785 2013 22 21 J.
821 2013 144 22 TELFORD
980 2015 41 20 has
1035 2016 110 26 arranged
1154 2019 23 18 to
1186 2016 58 21 have
1255 2024 12 13 a

768 2047 93 14 weekly
886 2048 94 14 market
1007 2049 28 14 on
1060 2042 137 21 MONDAY
1223 2043 44 21 and.

675 2065 170 23 SATURDAY
860 2067 167 28 EVENINGS,
1044 2071 23 18 at
1077 2068 33 21 his
1121 2069 142 26 Warehouse,

675 2092 59 21 from
743 2094 15 20 4
769 2096 21 18 to
802 2095 11 20 7
825 2093 92 28 o'clock,
930 2095 67 26 being
1011 2095 109 22 intended
1136 2095 81 27 chiefly
1232 2096 35 21 for

675 2118 38 22 the
734 2121 195 21 accommodation
950 2121 25 21 of
993 2121 141 23 Workmen's
1155 2122 110 23 Families.

675 2145 47 22 The
741 2147 115 27 following
875 2148 89 21 articles
983 2148 44 22 will
1044 2148 29 22 be
1093 2150 48 21 sold
1159 2150 22 21 in
1202 2150 65 21 small

675 2174 127 27 quantities,
814 2177 23 18 at
847 2175 130 21 reasonable
988 2175 70 27 prices
1066 2183 4 14 :
1072 2188 31 4 —

702 2200 76 27 Flour,
800 2202 103 26 oatmeal,
923 2209 72 19 sugar,
1016 2206 42 23 tea,
1086 2203 75 27 coffee,
1184 2203 81 27 butter,

675 2225 86 29 cheese,
774 2227 98 28 candles,
883 2235 62 21 soap,
956 2229 39 22 &c.
1008 2229 39 22 &c.

702 2254 54 21 Port
765 2254 131 28 Nicholson,
908 2255 59 22 June
980 2257 31 25 15,
1023 2258 61 20 1840.

840 2310 98 21 LAND
957 2311 144 21 ORDERS.

679 2342 29 26 O
715 2342 127 22 EVERAL
849 2343 42 23 lots
900 2343 26 22 of
932 2344 67 22 Town
1008 2344 46 22 and
1060 2346 100 26 Country
1167 2346 99 21 Sections

677 2366 34 25 k3
741 2370 35 21 for
786 2371 57 26 Sale,
856 2371 30 26 by
904 2371 88 22 Private
1009 2372 111 22 Contract.
1151 2373 76 27 Apply
1244 2376 21 18 to

675 2397 27 21 It.
719 2396 27 22 R.
765 2397 99 27 Strang,
884 2397 62 29 Esq.,
964 2399 108 27 Solicitor,
1089 2399 42 22 No.
1146 2401 21 26 4,
1186 2399 79 28 Clyde-

675 2427 93 23 terrace,
781 2431 25 14 or
814 2428 23 17 to
849 2424 43 22 Mr.
904 2425 22 21 J.
938 2425 96 22 Telford.
1066 2426 90 22 Several
1167 2427 25 21 of
1204 2428 61 20 these

675 2458 62 14 acres
747 2450 46 22 will
802 2451 28 21 be
840 2451 149 28 sub-divided,
1001 2456 22 18 to
1034 2453 45 21 suit
1087 2453 140 27 purchasers.

702 2477 54 21 Port
766 2477 130 28 Nicholson,
908 2479 65 27 April
982 2481 32 25 24,
1028 2481 61 21 1840.

890 2535 50 20 ON
954 2535 95 21 SALE.

673 2568 93 48 MR.
783 2568 20 22 J.
819 2568 144 23 TELFORD
979 2569 54 27 begs
1048 2572 23 18 to
1086 2569 109 27 intimate,
1216 2569 48 21 that

765 2596 29 22 he
804 2596 40 21 has
855 2603 29 14 on
895 2596 57 27 Sale,
964 2599 23 19 at
995 2596 35 22 his
1040 2596 86 27 House,
1136 2600 23 18 at
1169 2596 36 22 the
1216 2599 47 19 east

672 2622 42 21 end
735 2623 27 21 of
782 2623 37 21 the
838 2623 135 28 Company's
991 2623 156 27 Warehouses,
1172 2630 29 14 on
1226 2623 37 21 the

671 2650 83 27 ±seach,
766 2657 29 14 an
806 2653 135 19 assortment
950 2651 26 20 of

699 2676 125 22 Hardware
835 2677 25 21 of
870 2677 39 22 the
920 2677 47 22 first
977 2678 93 27 quality,

699 2703 69 22 Flour
778 2704 45 21 and
833 2704 105 27 oatmeal,

699 2731 79 26 Sugar,
790 2734 42 24 tea,
844 2731 45 21 and
899 2731 77 28 coffee,

699 2757 91 28 Cheese,
801 2758 81 27 butter,
894 2759 46 21 and
949 2759 88 21 various
1047 2759 65 21 other
1121 2759 95 21 articles.

670 2790 92 23 N.B.—
764 2791 53 22 OIL
832 2792 45 21 and
892 2792 89 22 LAMP
995 2791 113 28 WICKS,'
1116 2796 23 18 at
1148 2792 113 22 moderate

927 2820 78 26 prices.

698 2844 55 22 Port
763 2844 131 27 Nicholson,
907 2845 60 22 June
978 2848 32 24 18,
1022 2848 62 19 1840.

884 2901 50 20 ON
950 2901 96 20 SALE.

672 2934 92 48 MR.
779 2933 145 22 TELFORD
941 2933 40 22 has
1000 2941 28 15 on
1048 2934 53 27 sale,
1119 2935 141 21 Marmalade

764 2960 45 22 and
824 2960 95 27 Pickles,
935 2961 45 21 and
993 2961 101 27 superior
1108 2961 92 28 Brandy
1215 2961 46 23 and

670 2987 66 22 Rum.

698 3021 55 21 Port
762 3020 131 27 Nicholson,
906 3020 59 23 June
976 3023 33 25 18,
1020 3023 61 25 1840,

876 3076 180 21 REGATTA.

670 3109 92 49 MR.
779 3109 21 22 J.
818 3109 143 23 TELFORD
972 3110 39 21 has
1022 3117 29 14 on
1062 3110 52 27 sale,
1125 3110 78 22 ladies'
1215 3110 45 22 and

761 3137 149 26 gentlemen's
920 3137 61 21 dress
990 3137 64 21 boots
1064 3137 46 21 and
1118 3137 64 22 shoes
1190 3145 6 19 ;
1215 3137 45 22 and

668 3171 14 14 a
691 3164 62 26 large
763 3167 135 18 assortment
907 3164 26 21 of
943 3167 86 24 regatta
1039 3163 102 28 shirting.

696 3198 28 21 N.
736 3198 26 21 B.
774 3210 32 4 --
815 3198 21 21 A
865 3198 171 21 SELECTION
1068 3198 38 21 OF
1135 3198 123 22 LADIES'

668 3224 110 22 STRAW
788 3224 143 23 BONNETS
941 3225 62 21 HAS
1014 3225 87 21 COME
1108 3225 40 21 TO
1158 3225 99 27 HAND,

668 3252 46 21 and
723 3259 14 13 a
745 3251 62 28 large
816 3252 104 27 quantity
931 3251 24 23 of
967 3251 97 22 PLAIN
1080 3251 119 23 PRINTS.

669 3306 112 49 GH.
797 3305 136 27 COGLAN,
941 3305 114 23 Waterloo
1065 3307 82 26 Stores,
1159 3310 47 18 east
1216 3305 44 23 end

727 3345 10 9 •
751 3333 25 22 of
783 3333 38 22 the
828 3333 78 26 beach,
916 3333 123 27 Britannia,
1047 3333 25 21 in
1080 3333 100 22 addition
1190 3336 23 18 to
1223 3333 34 21 his

668 3361 117 21 extensive
799 3360 62 22 stock
875 3361 28 21 of
916 3360 92 27 brandy,
1025 3360 43 27 ale,
1085 3363 81 24 porter,
1182 3366 74 20 sugar,

666 3387 53 26 rice,
733 3387 64 27 flour,
815 3387 47 26 salt,
880 3387 47 21 and
942 3387 91 26 general
1053 3387 130 27 provisions,
1199 3387 61 21 iron-

667 3421 110 20 mongery
792 3414 46 22 and
852 3414 117 22 Britannia
980 3413 69 23 metal
1064 3413 77 28 goods,
1157 3413 40 22 has
1213 3413 47 27 just

667 3440 90 28 landed,
771 3448 28 14 ex
809 3441 38 21 the

696 3474 56 22 Fine
764 3474 101 23 Jamaica
873 3482 59 20 rum,
945 3474 109 23 Schedam
1065 3474 45 22 and
1117 3474 101 22 Geneva.

696 3508 82 27 Hyson
788 3509 49 21 skin
847 3512 37 18 tea
894 3509 24 21 in
928 3508 72 23 chests
1010 3508 46 22 and
1064 3508 51 22 half
1126 3509 36 21 do.

696 3542 101 27 English,
809 3542 129 28 American,
955 3542 44 21 and
1009 3542 101 22 Colonial
1126 3549 52 20 soap
1190 3541 24 22 in
1225 3541 31 27 15,

669 3568 45 21 and
724 3568 58 27 251b,
792 3570 76 26 boxes,
882 3569 46 22 and
936 3569 44 22 fine
991 3568 53 23 seed
1054 3572 107 24 potatoes.

694 3603 14 20 2
719 3609 62 15 cases
790 3603 26 21 of
825 3602 62 27 large
898 3603 50 22 bole
963 3603 69 28 pipes,
1042 3603 96 21 window
1148 3603 58 27 glass
1219 3603 39 24 10J

666 3628 31 27 by
707 3630 26 23 8£
743 3629 45 22 and
797 3631 26 24 8J
832 3630 31 27 by
870 3632 35 23 6J.

694 3662 33 21 To
741 3662 74 23 which
830 3663 28 22 he
875 3663 144 28 respectfully
1034 3664 83 21 solicits
1132 3662 75 29 public
1223 3662 35 21 in-

666 3689 109 27 spection.

665 3744 116 49 VERY
800 3744 154 22 SUPERIOR
969 3744 201 22 CHAMPAGNE
1188 3744 66 21 AND

746 3771 128 22 CLARET.

1014 3796 86 23 JOHN
1109 3796 119 22 PIERCE.

692 3825 119 21 Britannia
819 3824 70 21 Hotel
900 3823 45 22 and
955 3824 80 21 Stores.

876 3878 165 26 WANTED,

664 3913 164 50 SEVERAL
853 3913 153 22 SAWYERS.
1046 3911 76 29 Apply
1138 3914 22 20 to
1175 3911 25 23 T.
1218 3911 33 22 M.

729 3940 134 23 Partridge
875 3940 45 23 and
930 3940 38 21 Co.

694 3975 58 15 x^rU
766 3976 19 14 ii
810 3976 52 14 wan

1296 434 228 32 ;QTATIONERY
1551 437 62 22 FOR
1643 438 85 28 SALE,
1757 439 41 22 AT
1825 439 62 23 THE

1291 457 48 34 #J
1392 463 142 23 GAZETTE
1571 464 110 24 OFFICE
1688 473 38 14 :--

1291 496 23 24 %
1444 504 136 16 WHOLESALE
1595 506 45 15 AND
1656 507 89 15 RETAIL.

1292 521 13 28 f
1307 550 4 5 ,
1331 528 54 23 Fine
1394 529 47 22 laid
1450 534 54 24 pott,

1331 555 54 22 Fine
1395 557 61 21 thick
1467 564 61 15 wove
1538 562 77 24 quarto
1625 562 56 25 post,

1331 582 62 22 Ditto
1449 584 54 22 ditto
1537 588 78 19 octavo
1626 590 42 22 do.,

1291 611 11 15 f
1331 609 115 28 Superfine
1456 618 60 15 wove
1527 615 78 23 quarto
1615 612 57 21 satin
1682 617 56 23 post,

1331 635 63 23 Ditto
1449 637 54 22 ditto
1531 642 78 18 octavo
1620 638 62 28 ditto,

1331 662 61 23 Ditto
1402 663 49 22 thin
1461 664 44 22 laid
1515 668 79 24 quarto
1604 665 62 27 ditto,

1306 696 4 3 *
1330 688 64 23 Ditto
1449 691 55 22 ditto
1514 695 79 18 octavo
1602 692 62 27 ditto,

1332 716 114 28 Superfine
1458 717 61 28 large
1533 718 48 22 thin
1594 718 52 23 blue
1663 726 63 15 wove
1739 723 77 25 quarto
1830 724 57 24 post,

1294 743 117 28 'stamped,

1298 782 3 4 •
1331 770 115 28 Superfine
1454 771 46 22 laid
1508 772 106 28 foolscap,

1297 804 3 3 •
1331 796 70 29 Large
1413 798 48 21 thin
1471 802 77 23 quarto
1557 803 57 23 post,

1296 842 5 3 ,
1305 846 2 5 (
1329 822 58 23 Note
1397 831 75 21 paper,

1298 860 5 14 s
1329 849 80 24 Brown
1418 858 75 21 paper,
1501 852 102 28 imperial
1612 859 56 21 cap.,

1300 875 4 9 '
1331 875 45 29 Bag
1385 877 63 28 ditto,

1312 902 78 23 /-Kent
1401 905 62 27 ditto,

1305 927 17 28 I'
1330 929 69 28 Royal
1411 931 67 28 hand,

1301 957 14 25 if
1324 956 103 27 .Lumber
1437 958 61 28 ditto,

1329 983 54 22 Blue
1394 985 73 27 demy,

1329 1010 74 28 Demy
1409 1012 96 28 blotting
1512 1020 74 20 paper,

1303 1038 5 22 i
1329 1037 87 23 Double
1425 1046 78 20 crown,

1302 1072 6 11 ••
1330 1065 67 22 Small
1407 1065 67 28 hand,

1331 1091 83 28 Crown,

1299 1123 6 18 ',
1329 1118 72 23 Blank
1411 1119 70 27 cards,

1301 1143 11 24 I
1329 1145 148 23 Memoranda
1486 1146 76 28 books,

1329 1172 45 22 Pen
1383 1172 97 28 holders,
1491 1173 68 22 wafer
1569 1176 91 25 stamps,
1668 1174 52 22 lead
1728 1174 94 28 pencils,
1834 1174 53 23 slate

1302 1199 59 27 ditto,
1379 1200 67 21 India
1464 1200 87 28 rubber,
1571 1200 85 28 sealing
1675 1208 55 20 wax,
1751 1202 63 21 office
1833 1209 54 20 pen-

1301 1225 84 28 knives,
1396 1228 40 21 &c.
1448 1228 40 21 &c.
1499 1228 39 21 &c.

1315 1284 3 23 ;
1501 1282 69 21 FOR
1585 1282 96 24 SALE,

1312 1309 23 27 ?A
1360 1313 145 23 COUNTRY
1520 1315 137 27 SECTION,
1677 1315 73 22 under
1768 1315 51 28 700;
1842 1316 45 22 and

1301 1343 49 19 X3L
1378 1341 46 21 also
1440 1349 14 14 a
1470 1341 91 23 TOWN
1576 1342 67 22 AND
1660 1342 145 22 COUNTRY
1821 1343 63 22 SEC-

1301 1367 81 28 TION,
1399 1369 68 21 about
1481 1370 46 20 960.
1557 1369 76 27 Apply
1653 1373 22 17 at
1695 1369 36 21 the

1301 1394 75 22 Office.

1536 1451 106 20 LAND.

1300 1484 182 47 WANTED,
1498 1485 100 21 Sections
1613 1485 52 22 with
1677 1486 70 21 Town
1759 1486 77 26 Acres,
1848 1486 38 22 be-

1394 1514 71 19 tween
1489 1512 54 21 Nos.
1568 1513 40 20 200
1633 1512 44 21 and
1700 1514 47 20 300.
1788 1512 98 22 Address

1300 1536 29 23 X.
1340 1537 26 22 Y.
1377 1537 33 27 Z.,
1422 1541 23 18 at
1455 1538 36 22 the
1529 1538 94 22 Gazette
1660 1539 77 22 Office.

1317 1584 4 12 >
1325 1571 64 28 April
1399 1574 19 23 9,
1430 1573 59 21 1840.

1539 1628 104 21 LAND.

1300 1661 173 48 WANTED
1484 1665 21 19 to
1515 1662 115 27 purchase,
1640 1663 142 23 SEVERAL
1792 1664 93 22 TOWN

1394 1689 103 22 ACRES.
1527 1689 68 27 Early
1611 1689 87 23 choices
1712 1691 75 21 would
1796 1691 29 22 be
1837 1700 49 19 pre-

1299 1715 77 22 ferred.
1406 1716 75 27 Apply
1491 1719 22 19 to
1520 1716 44 22 Mr.
1575 1717 91 27 Dudley
1675 1718 100 22 Sinclair.

1300 1770 160 48 PICKLES,
1476 1771 88 27 Sauces,
1580 1771 110 27 Mustard,
1706 1772 90 22 Bottled
1812 1773 74 22 Fruits

1369 1797 47 22 and
1426 1797 123 27 Preserves,
1561 1798 45 22 and
1616 1799 55 21 Pine
1682 1799 92 22 Cheese.

1474 1825 53 21 And
1538 1826 48 26 just
1594 1826 111 27 received,

1423 1852 76 27 30,000
1519 1852 125 22 American
1664 1853 92 21 Cigars.

1514 1885 25 22 T.
1550 1885 34 22 M.
1595 1886 183 22 PARTRIDGE
1786 1887 45 21 and
1840 1887 43 21 CO.

1402 1940 178 20 POTATOES
1600 1941 68 20 FOR
1689 1941 94 21 SALE.

1299 1979 48 40 A
1366 1973 169 26 QUANTITY,
1558 1973 69 26 being
1652 1973 38 22 the
1716 1981 65 20 cargo
1802 1974 26 21 of
1848 1975 36 20 the

1376 1999 108 21 schooner
1646 2000 58 21 from
1721 2001 37 20 the
1775 2001 109 21 Chatham

1300 2024 91 25 Islands,
1409 2025 26 21 of
1449 2032 52 20 very
1516 2027 100 26 superior
1632 2027 90 26 quality,
1740 2027 144 28 particularly

1298 2051 35 21 for
1341 2051 60 21 seed.
1430 2052 75 27 Apply
1515 2055 23 18 to

1411 2085 25 21 T.
1449 2086 32 21 M.
1491 2086 183 22 PARTRIDGE
1685 2086 44 22 and
1739 2087 53 27 CO.,
1804 2095 26 14 or

1411 2112 130 22 HUNTER
1550 2113 45 21 and
1606 2113 45 22 CO.

1324 2145 53 21 Port
1385 2145 131 27 Nicholson,
1528 2147 55 26 May
1592 2148 34 25 21,
1637 2148 62 21 1840.

1453 2201 163 21 WILLIAM
1631 2202 96 21 LYON

1298 2234 104 47 BEGS
1413 2237 22 18 to
1447 2242 124 20 announce,
1589 2235 48 22 that
1652 2235 23 22 in
1691 2236 99 22 addition
1807 2241 23 17 to
1847 2238 37 22 the

1376 2261 70 27 goods
1462 2262 106 27 formerly
1583 2262 131 27 advertised,
1733 2263 28 21 he
1778 2263 40 23 has
1837 2265 47 26 just

1296 2287 102 22 received
1408 2295 13 14 a
1431 2296 49 14 case
1490 2289 25 21 of
1527 2289 133 28 Stationery,
1672 2290 130 27 containing
1812 2299 13 14 a
1835 2292 49 22 well

1298 2314 97 22 assorted
1404 2315 117 22 collection
1535 2316 25 21 of

1323 2347 104 22 Account
1435 2349 75 27 books,
1522 2349 44 27 day
1575 2350 77 26 books,
1663 2350 45 22 and
1718 2352 111 26 journals.

1324 2373 103 28 Ledgers,
1440 2376 51 21 cash
1501 2376 46 21 and
1555 2376 67 22 letter
1631 2377 77 22 books.

1324 2400 82 23 Pocket
1420 2402 92 28 ledgers,
1531 2404 80 21 Russia
1628 2404 46 22 and
1688 2411 101 16 morroco
1802 2406 82 28 pocket

1295 2427 76 23 books.

1324 2455 68 22 Small
1401 2460 95 18 account
1505 2457 45 22 and
1560 2458 171 21 memorandum
1740 2459 78 22 books.

1322 2481 100 29 Blotting
1432 2491 66 19 cases,
1510 2484 121 27 portfolios,
1643 2485 45 22 and
1698 2485 52 22 field
1759 2486 77 22 books.

1322 2508 70 28 Large
1412 2511 45 21 and
1475 2511 64 22 small
1562 2515 50 23 post
1628 2512 89 27 writing
1735 2519 75 22 paper,
1831 2517 51 18 note

1295 2542 73 20 paper.

1322 2558 55 26 Laid
1387 2564 103 27 foolscap,
1501 2564 65 22 ruled
1573 2573 75 19 paper,
1659 2566 35 22 for
1703 2569 114 20 accounts.

1321 2589 78 27 Mogul
1409 2591 46 22 and
1465 2591 140 27 Highlander
1614 2593 92 27 playing
1715 2594 70 21 cards.

1321 2615 76 30 Slates,
1409 2618 92 32 pencils,
1510 2619 86 27 sealing
1602 2627 56 19 wax,
1667 2620 54 21 steel
1728 2627 63 21 pens,
1799 2629 14 13 a
1819 2624 64 24 great

1294 2644 83 27 variety
1388 2646 23 21 of
1424 2652 44 20 pen
1477 2645 86 27 knives,
1580 2646 66 22 black
1662 2646 46 22 and
1722 2647 42 22 red
1778 2648 47 26 ink,
1842 2648 39 21 ink

1293 2670 105 29 powders,
1409 2679 46 19 gun
1465 2672 110 28 wadding,
1587 2674 40 21 &c.
1639 2674 41 21 &c.

1556 2707 64 19 ALSO,

1321 2724 19 21 A
1350 2726 92 25 general
1453 2729 132 19 assortment
1595 2727 27 21 of
1630 2727 96 28 hosiery,
1745 2730 76 19 cotton
1837 2728 45 22 and

1295 2751 92 22 woollen
1404 2752 70 28 socks,
1498 2753 118 27 stockings,
1636 2754 80 22 lamb's
1737 2754 57 22 wool
1808 2754 72 28 shirts,

1296 2777 116 29 Guernsey
1440 2780 79 27 frocks,
1547 2780 103 28 flannels,
1676 2784 75 19 cotton
1777 2781 102 28 drawers,

1295 2804 36 22 &c.
1343 2806 40 21 &c.
1392 2814 5 19 ;
1425 2806 113 28 corderoy,
1557 2808 118 27 moleskin,
1697 2808 46 22 and
1761 2808 119 22 beverteen

1289 2831 94 27 jackets,
1401 2837 66 23 vests,
1484 2834 46 21 and
1546 2837 96 19 trousers
1653 2842 5 18 ;
1682 2834 56 28 pilot
1754 2838 68 24 coats,
1839 2843 42 20 pea

1289 2858 86 26 jackets
1383 2867 5 19 ;
1411 2860 129 28 gambroon,
1558 2860 152 28 Wharncliffe,
1729 2862 45 21 and
1790 2862 90 28 kersey-

1293 2892 59 15 mere
1376 2889 103 25 trousers,
1507 2888 40 21 &c.
1574 2888 39 21 &c.
1625 2897 5 18 ;
1655 2888 53 22 with
1728 2888 152 22 considerable

1293 2911 109 24 additions
1412 2916 23 18 to
1444 2914 33 21 his
1487 2915 92 26 general
1596 2915 63 21 stock
1676 2915 26 22 of
1712 2916 166 27 ironmongery,

1294 2938 89 28 cutlery,
1395 2940 46 21 and
1447 2940 155 28 Birmingham
1611 2941 76 27 bright
1694 2942 76 26 goods.

1319 2972 53 22 East
1383 2973 44 21 end
1436 2974 25 22 of
1472 2974 36 22 the
1519 2975 135 27 Company's
1664 2975 145 28 warehouses,

1398 2999 60 23 June
1467 3002 20 25 4,
1498 3002 61 20 1840.

1316 3055 128 20 JOINER
1457 3055 74 21 AND
1541 3055 156 21 CABINET
1710 3056 138 20 MAKER.

1291 3088 92 48 JH.
1400 3088 164 23 JOHNSTON
1578 3089 145 28 respectfully
1732 3090 93 21 informs
1842 3090 35 22 the

1329 3126 9 10 •
1371 3115 86 27 Public,
1473 3116 48 21 that
1529 3116 29 21 he
1567 3116 41 21 has
1618 3117 146 21 commenced
1776 3117 102 21 business

1291 3142 22 21 in
1322 3142 37 21 the
1370 3142 70 22 above
1451 3142 52 28 line,
1519 3146 23 18 at
1551 3142 44 22 No.
1606 3144 19 25 1,
1638 3143 174 28 Clyde-terrace,
1823 3147 56 19 next

1291 3168 66 22 house
1368 3171 22 20 to
1402 3168 37 23 the
1453 3169 54 22 Rev.
1519 3170 45 22 Mr.
1575 3170 138 22 M'Farlane.

1317 3201 21 22 It
1356 3203 46 21 will
1419 3203 29 22 be
1467 3204 36 21 the
1529 3204 37 21 the
1586 3207 105 18 constant
1710 3203 129 23 endeavour
1855 3204 26 21 of

1291 3229 20 22 J.
1321 3229 29 22 H.
1362 3229 30 28 J.,
1409 3230 30 27 by
1449 3231 108 22 attention
1573 3234 23 18 to
1606 3231 108 27 business,
1731 3235 23 17 to
1763 3231 68 21 merit
1841 3231 35 21 the

1289 3258 120 26 patronage
1426 3257 25 22 of
1467 3257 62 22 those
1547 3258 120 27 favouring
1683 3258 48 21 him
1747 3257 54 22 with
1821 3257 56 22 their

1291 3282 80 23 orders.

1316 3316 52 22 Port
1378 3317 128 28 Nicholson,
1519 3319 59 22 June
1590 3319 32 26 13,
1635 3319 60 21 1840.
1886 3321 2 34 j

1292 3373 88 33 rpHE
1394 3373 227 22 UNDERSIGNED
1632 3373 55 21 offer
1693 3373 35 21 for
1735 3373 57 26 Sale,
1802 3380 30 14 on
1840 3373 36 21 the

1298 3395 27 26 JL
1363 3399 45 22 Lot
1417 3401 69 21 above
1498 3400 47 22 Col.
1555 3399 151 28 Wakefield's,

1316 3434 39 21 300
1366 3433 70 23 dozen
1446 3434 128 26 Hodgson's
1582 3434 51 28 pale
1644 3434 41 27 ale,

1316 3462 27 20 50
1352 3460 50 23 best
1412 3460 137 28 Westphalia
1558 3460 71 26 hams,

1316 3488 40 21 200
1364 3489 64 20 2-cut
1437 3488 79 27 yellow
1527 3488 68 27 deals,

1316 3514 100 28 Battens,

1315 3542 27 20 30
1353 3541 72 22 dozen
1434 3542 58 27 good
1501 3541 86 28 sherry,

1315 3569 14 20 4
1337 3568 65 22 hhds.
1413 3569 100 27 superior
1523 3568 97 28 Brandy,

1315 3596 28 21 30
1353 3595 63 22 casks
1427 3595 62 27 nails,
1501 3595 107 22 assorted.

1489 3632 27 21 T.
1531 3631 34 22 M.
1581 3631 183 22 PARTRIDGE
1774 3630 46 22 and
1830 3631 46 21 CO.

1477 3666 54 22 Bills
1542 3673 29 15 on
1582 3666 98 27 Sydney.

1315 3700 54 22 Port
1378 3699 129 28 Nicholson,
1519 3700 38 22 Bth
1568 3700 71 26 April,
1651 3700 61 21 1840.

1437 3754 158 21 COPYING
1613 3754 113 21 PRESS.

1289 3790 87 49 FOR
1394 3789 84 28 SALE,
1498 3797 14 14 a
1526 3790 81 21 Patent
1620 3789 101 28 Copying
1735 3789 71 26 Press,
1820 3788 54 22 hav-

1359 3817 40 26 ing
1412 3817 60 21 lever
1488 3823 81 24 powerj
1587 3815 53 22 with
1657 3824 13 13 a
1683 3815 60 26 large
1757 3815 80 26 supply
1853 3815 24 22 of

1289 3850 65 23 p*iper
1363 3843 46 22 and
1422 3843 44 22 ink.
1496 3843 98 27 Enquire
1604 3845 23 19 at
1640 3841 37 22 the
1689 3841 93 22 Gazette
1794 3841 78 23 Office.

1289 3906 152 50 (PILARET,
1454 3905 23 22 in
1493 3912 61 14 cases
1568 3904 26 22 of
1609 3912 42 14 one
1665 3904 71 23 dozen
1751 3904 62 28 each,
1826 3904 48 28 just

1305 3939 22 17 .J
1356 3933 85 22 landed
1449 3932 57 22 from
1516 3932 37 22 the

1921 442 69 20 FOR
2014 442 96 21 JAVA
2133 444 75 20 AND
2232 444 114 22 CHINA
2370 447 139 26 DIRECT,

1997 483 116 15 TOUCHING
2128 484 29 14 AT
2172 485 45 14 THE
2233 485 44 14 BAY
2291 486 28 14 OF
2333 487 103 21 ISLANDS,

2102 510 33 22 To
2144 510 42 22 sail
2194 511 54 22 29th
2257 511 68 28 June,

1955 552 74 26 *£Cg?-
2037 547 90 31 HPHE
2164 549 44 23 fine
2236 550 43 21 fast
2314 551 82 27 sailing
2426 553 89 25 barque'

1935 571 96 36 J&s&
2043 571 29 25 J-
2096 575 132 29 BOLTON,
2237 577 42 21 540
2289 581 56 23 tons,
2357 577 22 23 J.
2390 579 25 21 P.
2426 579 85 23 Robin-

1922 598 161 30 «-£Sssfcbson,
2095 603 150 22 commander.
2275 604 46 21 For
2330 604 83 27 freight
2422 612 26 16 or
2461 613 50 21 pas-

1920 632 60 20 sage,
1992 627 67 28 apply
2069 635 29 14 on
2107 628 77 23 board.

1948 659 61 23 June
2020 661 32 27 19,
2063 662 61 21 1840.

2098 715 68 22 FOR
2182 717 151 22 SYDNEY.

1952 750 74 29 £<£&.
2035 745 91 38 npHE
2139 747 46 22 fine
2198 747 45 23 fast
2255 749 82 27 sailing
2349 750 49 28 ship
2417 751 92 28 HOPE,

2041 771 29 22 J-
2081 774 40 21 400
2127 776 56 24 tons,
2191 774 21 22 J.
2219 774 22 23 S.
2247 775 103 28 Coombs,
2358 778 151 22 commander.

1921 798 162 23 eSEsStsHas
2092 800 99 26 superior
2200 803 192 22 accommodation
2403 804 106 22 for>cabin

1919 824 45 20 and
1972 827 100 25 steerage
2079 832 137 22 passengers.
2241 828 132 28 Forfreight
2380 837 132 22 orpassage;

1919 850 68 27 apply
1997 854 23 18 to
2030 851 37 22 the
2077 853 89 26 captain
2176 861 28 14 on
2213 854 78 23 board.

2124 906 69 22 FOR
2208 908 96 26 SALE,

1953 937 172 36 *S^.nPHE
2151 943 71 18 cutter
2250 940 169 30 HARRIETT,
2448 950 61 15 com-

1933 963 96 32 sSgSgSj^
2041 963 29 22 _L
2108 964 66 29 plete,
2186 966 45 22 and
2240 969 69 26 ready
2319 969 35 21 for
2363 976 45 15 sea.

1919 991 113 21 «wSgS&»
2059 991 77 30 Apply
2149 996 21 18 to

1945 1040 26 9 m.
2030 1043 7 9 ,
2094 1044 10 8 T
2286 1021 21 21 R
2309 1037 5 5 -
2329 1021 152 24 BARRETT.

1949 1043 127 28 Thorndon,
2091 1044 60 23 June
2161 1047 20 20 5.

2096 1099 114 23 LOCAL
2225 1102 107 21 BANK.

1921 1129 92 48 THE
2032 1131 214 25 PROVISIONAL
2266 1136 185 24 COAIMITTEE
2469 1146 40 14 an-

1996 1164 87 15 nounce
2100 1159 49 22 that
2163 1160 43 23 this
2224 1162 65 21 Bank
2305 1163 43 21 will
2364 1164 28 21 be
2406 1165 70 28 ready
2485 1169 23 19 to

1918 1188 29 20 go
1956 1186 48 19 into
2015 1186 114 25 operation
2140 1193 23 15 as
2176 1194 54 15 soon
2244 1188 56 23 after
2315 1190 37 21 the
2370 1190 100 28 delivery
2486 1193 26 21 of

1918 1209 37 21 the
1965 1209 69 23 Town
2047 1211 74 22 Lands
2131 1220 24 15 as
2164 1214 103 26 possible.

1947 1235 61 23 June
2019 1239 32 26 19,
2067 1240 60 21 1840.

2144 1295 139 22 NOTICE.

2077 1333 29 15 on
2121 1327 37 22 the
2175 1327 81 29 Beach,
2274 1331 136 22 convenient
2425 1336 23 18 to
2466 1333 44 23 Mr,

1917 1352 30 19 X
1987 1352 109 23 Hunter's
2106 1353 70 28 Store,
2189 1362 27 14 on
2229 1356 36 22 the
2282 1357 65 26 night
2361 1359 26 21 of
2403 1359 37 21 the
2457 1359 52 22 26th

1917 1378 26 21 of
1955 1378 58 28 May
2016 1379 54 27 -last,
2086 1388 28 14 an
2130 1381 92 27 English
2239 1384 66 22 made
2323 1384 84 22 clothes
2423 1386 84 28 basket,

1916 1406 164 27 whictaaaJae
2089 1407 46 22 had
2145 1416 28 14 on
2183 1409 135 27 application
2333 1414 23 18 to
2373 1411 37 22 the
2427 1413 82 21 under-

1916 1433 87 26 signed,
2016 1433 30 27 by
2053 1433 77 28 giving
2141 1435 36 21 the
2185 1435 134 28 description
2328 1438 92 28 thereof,
2429 1447 22 13 as
2460 1439 51 22 well

1917 1465 25 14 as
1947 1465 47 21 any
2001 1460 74 22 marks
2081 1460 29 28 by
2117 1461 72 23 which
2194 1463 38 21 the
2239 1470 60 16 same
2305 1472 42 14 can
2352 1465 28 21 be
2386 1465 126 24 identified:

1985 1487 5 6 '
2112 1495 102 24 JAMES
2229 1498 106 28 SMITH,
2353 1499 126 23 Constable,

1917 1520 174 29 btation-house,
2102 1522 123 28 Britannia,

1982 1546 60 22 June
2052 1549 32 25 17,
2093 1550 61 21 1840.

2142 1604 138 22 NOTICE.

1916 1634 203 48 WHEREAS,
2128 1644 70 21 many
2205 1645 93 20 persons
2306 1646 36 15 are
2350 1647 51 15 now
2409 1641 102 27 engaged

2015 1662 23 21 in
2049 1663 86 27 cutting
2145 1664 65 22 down
2222 1668 56 19 trees
2290 1674 29 13 on
2330 1667 38 22 the
2381 1667 57 22 New
2453 1668 56 21 Zea-

1916 1687 55 21 land
1978 1687 65 23 Land
2049 1689 134 28 Company's
2194 1691 59 28 land,
2265 1693 24 21 in
2300 1693 43 22 this
2354 1694 92 27 district,
2457 1694 54 22 with

1916 1715 81 36 a^view
2007 1719 21 17 to
2039 1723 89 15 remove
2139 1725 24 14 or
2173 1724 38 16 use
2223 1719 61 22 them
2291 1722 23 19 at
2320 1727 13 14 a
2339 1720 74 23 future
2420 1721 78 27 period
2503 1729 7 14 :

1917 1740 82 23 Notice
2008 1742 19 22 is
2036 1742 84 29 hereby
2126 1745 73 26 given,
2210 1745 48 22 that
2265 1753 30 14 no
2303 1750 58 18 trees
2369 1755 24 14 so
2399 1752 38 17 cut
2444 1748 67 22 down

1917 1775 42 15 can
1969 1769 29 21 be
2009 1769 93 23 claimed
2112 1772 58 20 after
2178 1771 39 22 the
2227 1772 118 23 allotment
2359 1774 26 21 of
2397 1774 37 22 the
2446 1774 62 28 land,

1917 1802 25 14 or
1950 1797 108 21 removed
2068 1797 94 23 without
2171 1799 37 21 the
2219 1803 94 18 consent
2322 1801 27 20 of
2360 1801 37 21 the
2406 1801 105 22 choosers

1917 1821 26 21 of
1962 1822 40 22 the
2020 1824 123 27 respective
2160 1825 103 28 sections,
2284 1834 61 20 upon
2363 1828 74 21 which
2455 1828 56 22 such

1916 1848 83 22 timber
2008 1857 52 20 may
2071 1850 26 22 be
2110 1851 69 28 tying.

1947 1882 36 28 By
1994 1883 64 22 order
2068 1884 26 21 of
2105 1884 38 23 the
2154 1886 136 28 Company's
2301 1887 114 28 Principal
2424 1889 85 27 Agent,

2218 1920 85 22 JOHN
2320 1921 105 28 LEWIS,

2118 1953 67 21 Chief
2196 1953 66 23 Clerk
2270 1955 26 21 of
2307 1955 37 22 the
2355 1955 66 22 Land
2431 1955 79 23 Office.

1944 1978 62 20 June
2015 1979 21 25 3,
2048 1980 60 20 IS4O.
2498 1988 27 5 —
2525 1988 2 4 ■

1915 2030 185 48 WANTED,
2121 2041 15 14 a
2157 2034 97 22 number
2276 2035 27 21 of
2321 2036 187 24 Brick-makers.

2014 2058 75 28 Apply
2099 2063 23 18 at
2131 2060 38 22 the
2208 2061 94 22 Gazette
2342 2063 78 23 Office.

1917 2112 153 21 MISLAID
2084 2115 47 20 OR
2152 2115 142 27 STOLEN,
2315 2118 101 21 FROM
2439 2119 71 21 THE

2011 2140 119 21 BEACH
2145 2142 47 20 AT
2208 2143 214 23 BRITANNIA.

1916 2173 52 47 A
1984 2172 148 24 PACKAGE
2143 2175 25 21 of
2175 2176 107 28 Building
2291 2177 117 24 Materials
2417 2180 94 22 marked

1997 2200 22 21 N
2029 2201 19 21 Z
2058 2201 85 22 outside
2153 2209 13 14 a
2175 2202 113 28 diamond,
2301 2205 45 21 and
2356 2205 19 22 L
2385 2206 21 21 N
2417 2207 46 21 and
2472 2207 38 21 the

1916 2226 97 22 number
2026 2227 77 28 inside,
2119 2228 21 22 if
2150 2230 89 21 mislaid
2250 2237 12 14 a
2275 2232 86 21 reward
2371 2232 27 22 of
2409 2234 45 21 20s.
2466 2234 45 22 will

1916 2252 27 22 be
1953 2253 55 27 paid
2016 2262 28 13 on
2055 2262 107 20 recovery
2171 2256 92 27 thereof,
2276 2265 24 14 or
2309 2258 20 21 if
2340 2260 79 26 stolen,
2431 2260 34 22 £2
2479 2268 30 14 on

1916 2286 109 22 recovery
2036 2281 44 22 and
2089 2283 127 22 conviction
2227 2284 26 21 of
2259 2284 38 21 the
2308 2285 62 22 thief.

2211 2310 85 23 LUKE
2310 2312 170 24 NATTRASS.

1942 2333 131 29 Thorndon,
2084 2335 57 28 May
2149 2337 34 27 24,
2194 2338 61 21 1840.

2088 2390 71 21 OIL!
2175 2391 70 21 OIL!
2262 2392 71 21 OIL!

1915 2422 225 48 WELSDON
2156 2423 94 23 informs
2264 2425 35 21 his
2316 2426 85 22 friends
2414 2428 46 21 and
2469 2428 38 21 the

1990 2460 10 10 •
2030 2449 74 28 public
2119 2451 49 20 that
2184 2450 28 22 he
2227 2451 40 23 has
2279 2460 14 14 a
2308 2453 62 27 large
2387 2455 79 27 supply
2483 2456 28 21 of

1916 2474 81 24 Whale
2009 2476 42 27 Oil,
2064 2484 28 14 on
2103 2484 54 20 very
2166 2477 115 23 moderate
2289 2482 75 20 terms.

1942 2502 62 22 June
2015 2505 31 25 13,
2058 2505 60 20 1840.

2016 2559 105 21 SHOES
2131 2559 5 21 !
2152 2560 106 22 SHOES
2267 2561 5 21 !
2288 2563 106 20 SHOES
2403 2563 6 21 !

1914 2591 95 48 JUST
2016 2592 108 26 received,
2134 2599 27 15 ex
2170 2592 38 22 the
2338 2603 14 13 a
2358 2596 62 27 large
2428 2601 81 18 assort-

1980 2622 63 18 ment
2052 2619 25 21 of
2084 2620 65 21 boots
2159 2620 45 21 and
2214 2620 72 23 shoes.

2225 2654 148 23 WILLIAM
2383 2656 94 23 LYON.

1940 2679 56 21 East
2005 2679 44 21 end
2058 2679 27 22 of
2090 2679 39 22 the
2139 2680 135 29 Company's
2284 2682 157 27 Warehouses,

1969 2705 60 22 June
2038 2707 34 26 27,
2083 2707 62 22 1840.

2114 2763 35 19 A.
2164 2763 143 21 FOWLDS

1912 2793 109 48 BEGS
2032 2796 22 19 to
2063 2794 84 23 inform
2163 2795 38 22 the
2211 2796 82 22 Ladies
2304 2797 26 21 of
2344 2797 53 23 Port
2412 2798 95 23 Nichol-

1991 2827 46 21 son,
2049 2820 48 22 that
2107 2821 39 22 she
2155 2821 40 23 has
2210 2823 48 27 just
2269 2825 104 21 received
2382 2832 29 14 an
2427 2829 79 19 exten-

1912 2847 47 21 sive
1970 2851 133 18 assortment
2110 2848 27 22 of
2143 2848 87 23 Tuscan
2243 2850 46 22 and
2298 2851 126 23 Dunstable
2434 2853 71 21 Straw

1912 2873 107 27 Bonnets,
2029 2874 22 21 in
2060 2882 68 25 every
2132 2876 85 27 variety
2225 2876 26 22 of
2257 2877 76 28 shape,
2343 2879 102 26 together
2454 2879 53 23 with

1911 2907 29 14 an
1951 2905 135 18 assortment
2095 2902 26 21 of
2133 2902 100 23 Ribbons
2243 2904 45 22 and
2298 2905 143 28 Trimmings,
2453 2907 40 21 &c.

1938 2934 59 22 N.B.
2016 2934 88 23 Ladies'
2123 2936 101 23 Bonnets
2243 2938 66 21 made
2330 2942 22 18 to
2368 2940 71 26 order,
2460 2939 47 22 also

1912 2960 93 23 cleaned
2018 2962 45 21 and
2072 2963 92 22 altered.

1938 2994 215 30 Adelaide-terrace,
2165 3005 55 14 near
2229 2998 40 22 the
2277 2999 73 27 Bank,
2362 3000 128 22 Britannia.-

2067 3050 64 21 MR.
2147 3051 202 22 THORNTON.

1910 3083 52 48 A
1977 3082 64 23 LAD
2052 3083 83 22 named
2147 3084 99 22 Thomas
2258 3086 72 27 Curry
2339 3089 69 19 states
2419 3086 49 23 that
2477 3087 30 23 he

1990 3110 18 21 is
2016 3110 93 27 nephew
2117 3114 23 17 to
2147 3111 37 21 Mr
2191 3111 124 29 Thornton,
2327 3114 102 28 recently
2436 3115 24 20 of
2467 3114 38 23 the

1910 3136 49 27 Bay
1965 3137 27 21 of
1998 3136 93 28 Islands,
2102 3137 45 22 and
2157 3138 48 21 that
2214 3138 28 22 he
2250 3140 110 26 expected
2371 3144 21 17 to
2401 3140 48 22 find
2457 3141 48 22 that

1909 3163 130 26 gentleman
2049 3163 60 22 here.
2138 3164 23 21 It
2173 3164 20 22 is
2203 3168 40 18 not
2257 3165 83 23 known
2350 3167 100 22 whether
2459 3168 46 22 Mr.

1909 3189 117 22 Thornton
2040 3191 19 20 is
2069 3194 22 18 at
2102 3191 53 21 Port
2169 3192 133 28 Nicholson,
2317 3194 42 21 but
2367 3194 99 22 whether
2476 3194 29 23 he

1909 3217 18 21 is
1938 3224 25 14 or
1973 3220 47 18 not.
2030 3217 19 21 if
2056 3217 28 21 he
2094 3217 19 22 is
2120 3217 99 24 desirous
2225 3219 26 22 of
2256 3221 100 26 meeting
2361 3220 35 22 his
2402 3221 101 28 nephew,

1907 3243 31 27 by
1953 3243 108 28 applying
2070 3248 23 17 at
2103 3244 44 22 this
2158 3245 72 23 Office
2240 3246 29 22 he
2279 3254 43 15 can
2333 3247 28 22 do
2372 3255 32 14 so.

1937 3278 60 21 June
2007 3279 34 26 27-,
2053 3279 61 21 1840.

1909 3333 184 48 WANTED,
2110 3341 14 15 a
2138 3342 54 14 man
2210 3335 45 23 and
2273 3336 34 22 his
2326 3337 51 21 wife
2392 3345 24 14 as
2432 3337 71 22 house

2006 3365 110 17 servants.
2155 3362 77 28 Apply
2255 3366 24 19 at
2297 3363 38 22 the
2387 3364 95 22 Gazette

1909 3387 80 21 Office.

1937 3413 55 22 Port
2000 3413 126 23 Nicholson
2137 3414 60 23 June
2208 3416 33 27 27,
2254 3417 61 21 1840.

1909 3469 27 21 T
1944 3468 100 22 TNION
2051 3469 135 23 BENEFIT
2192 3471 138 25 SOCIETY,
2337 3474 24 19 at
2365 3471 45 22 Mr.
2416 3471 89 22 Allen's

1918 3500 36 16 vy
1993 3495 53 22 Port
2052 3495 125 24 Nicholson
2187 3497 96 22 Tavern.
2303 3498 98 22 Persons
2408 3498 96 28 wishing

1909 3525 22 18 to
1940 3523 94 21 become
2049 3523 112 22 members
2171 3524 26 21 of
2208 3524 44 21 this
2262 3525 74 21 useful
2350 3525 103 26 Society,-
2463 3532 39 15 are

1908 3549 136 28 particulary
2053 3551 118 26 requested
2187 3554 22 18 to
2218 3551 80 22 attend
2311 3551 46 22 and
2372 3555 64 18 enter
2446 3551 58 23 their

1908 3583 79 15 names
2001 3584 29 14 on
2045 3576 103 29 Monday
2157 3578 98 27 evening
2269 3581 61 22 next,
2346 3581 24 18 at
2383 3578 14 21 7
2407 3578 93 28 o'clock,

1907 3603 17 21 it
1934 3603 69 28 being
2011 3603 37 22 the
2054 3604 48 22 first
2109 3604 102 27 monthly
2219 3604 100 27 meeting
2326 3604 26 22 of
2358 3604 38 22 the
2403 3605 97 27 Society,

1907 3629 67 22 when
1985 3638 13 14 a
2008 3631 54 21 code
2072 3631 26 21 of
2109 3631 60 21 rules
2179 3631 43 21 will
2238 3631 28 21 be
2281 3631 121 22 submitted
2411 3631 36 22 for
2463 3631 40 23 the

1907 3657 108 27 approval
2024 3657 26 22 of
2056 3657 37 22 the
2103 3657 105 27 majority
2218 3657 26 22 of
2251 3657 38 22 the
2299 3658 119 22 members.

1934 3691 36 27 By
1981 3690 64 22 order
2055 3691 25 21 of
2087 3690 37 22 the
2135 3691 116 27 Secretary
2262 3690 43 22 and
2316 3691 118 27 Stewards,

1907 3723 92 23 Messrs.
2016 3723 83 27 PEEL,
2116 3723 176 23 MARSHALL
2307 3725 20 21 &
2337 3724 162 23 CROWDER.

1933 3751 61 21 June
2004 3751 34 26 27,
2051 3751 61 21 1840.

1906 3805 152 48 T.AND
2076 3805 24 22 C.
2119 3805 178 26 LOCKHART,
2318 3805 119 22 Seedsmen
2455 3807 46 22 and

1957 3843 11 10 •
2008 3832 118 27 Florists,
2138 3833 39 20 156
2191 3832 132 27 Cheapside,
2337 3831 103 28 London,
2455 3833 44 27 beg

1905 3862 60 19 most
1983 3859 143 27 respectfully
2142 3862 21 18 to
2180 3859 42 21 call
2241 3858 38 22 the
2294 3859 109 21 attention
2421 3860 26 21 of
2460 3860 38 22 the

1905 3886 117 27 Company
2027 3885 45 22 and
2077 3885 129 28 Emigrants
2211 3888 23 19 to
2241 3885 54 21 New
2301 3885 102 22 Zealand
2408 3889 23 18 to
2440 3886 57 22 their

1905 3913 64 22 stock
1985 3913 26 21 of
2023 3912 159 28 Agricultural,
2316 3912 89 22 Flower
2420 3913 75 27 Seeds,

1905 3940 128 27 catalogues
2043 3939 24 22 of
2073 3939 75 22 which
2156 3946 53 22 may
2218 3940 28 21 be
2260 3938 45 23 had
2314 3939 69 26 gratis
2394 3946 28 15 on
2437 3942 61 25 post-
