2495 3959
679 1073 48 23 Mr.
741 1072 108 24 Brandon
868 1073 25 22 in
915 1073 63 31 reply
1000 1074 75 23 stated
1098 1074 49 23 that
1166 1074 63 23 there

645 1114 58 15 were
721 1105 53 24 four
790 1105 125 31 objections
925 1107 70 29 urged
1007 1107 91 30 against
1108 1107 36 23 his
1157 1107 72 31 appli-

646 1139 81 28 cation,
740 1140 38 22 viz
788 1139 39 23 :'-—
829 1138 169 32 lnexpediency
1010 1140 25 22 of
1050 1140 39 23 the
1101 1140 126 23 ordinance.

646 1174 23 21 2.
671 1185 35 3 —
707 1171 115 31 Illegality
834 1172 24 23 of
875 1173 36 22 his
924 1173 105 29 practice.
1071 1174 23 23 3.
1097 1185 33 4 —
1130 1175 24 22 A
1173 1177 57 18 want

646 1206 25 22 of
686 1205 139 31 compliance
837 1205 55 23 with
904 1205 39 23 the
952 1205 59 23 rules
1024 1205 26 23 of
1064 1206 39 22 the
1119 1206 110 30 Supreme

647 1239 74 22 Court
737 1238 26 23 of
778 1238 55 23 New
854 1238 87 23 Wales.
986 1240 23 21 4.
1013 1251 33 3 —
1047 1239 142 23 Precedence
1207 1239 22 22 in

647 1272 37 22 the
695 1271 135 29 profession.
868 1270 40 24 He
921 1271 125 23 contended
1058 1272 49 22 that
1116 1272 38 22 the
1166 1272 63 22 inex-

646 1304 111 31 pediency
767 1303 72 32 might
850 1303 29 23 be
897 1303 121 24 dismissed
1036 1312 24 16 as
1082 1305 25 23 of
1127 1313 29 15 no
1178 1312 51 16 con-

647 1345 120 23 sequence,
780 1345 24 15 as
816 1336 54 23 skill
881 1336 45 23 and
945 1336 132 32 knowledge
1094 1338 24 23 of
1134 1338 38 23 the
1188 1338 42 23 law

647 1378 58 16 were
718 1369 65 24 alone
794 1369 113 23 sufficient
917 1370 25 22 in
959 1378 62 15 some
1041 1370 106 24 colonies.
1193 1370 37 24 He

647 1402 83 32 quoted
741 1402 113 24 Jarman's
867 1402 146 31 Bythewood,
1021 1403 31 31 by
1059 1404 81 28 Sweet,
1151 1403 44 24 vol.
1207 1405 22 27 2,

647 1444 23 23 p.
685 1437 57 27 380,
755 1439 52 19 note
817 1436 15 22 i.
841 1435 62 23 rules
915 1435 26 23 of
948 1435 110 32 Supreme
1069 1436 83 24 Courts
1160 1436 25 24 of
1194 1435 36 24 the

648 1469 100 23 colonies
771 1468 26 23 of
818 1468 36 23 the
875 1468 63 31 Cape
958 1468 24 24 of
998 1468 67 24 Good
1090 1468 76 32 Hope,
1187 1468 43 25 and

648 1502 75 24 South
734 1501 119 24 Australia
863 1510 6 19 ;
889 1502 50 22 that
954 1502 23 22 in
989 1502 109 30 England
1108 1502 122 24 admission

647 1543 46 16 was
706 1535 53 30 only
771 1543 14 14 a
797 1539 107 25 gurantee
916 1535 35 22 for
963 1535 152 30 qualification
1124 1544 7 15 :
1143 1535 86 24 Black-

647 1573 75 23 stone,
734 1568 46 23 vol.
796 1569 20 27 1,
828 1576 23 23 p.
866 1569 41 22 32.
947 1568 35 23 He
992 1568 47 23 also
1051 1568 124 23 contended
1185 1569 47 23 that

647 1601 29 23 he
687 1601 46 23 had
745 1601 137 23 established
895 1601 95 23 himself
999 1602 23 22 in
1042 1601 36 23 his
1097 1601 133 31 profession,

647 1642 46 16 was
707 1634 116 23 consulted
834 1634 45 22 aud
889 1634 103 23 followed
1005 1642 13 15 a
1027 1634 84 23 known
1132 1634 98 31 employ-

647 1672 71 23 ment,
731 1667 66 23 acted
808 1675 23 15 as
844 1667 134 29 counsellor,
995 1667 44 23 and
1058 1675 44 15 was
1121 1667 110 24 therefore

647 1700 141 24 established
799 1701 23 21 in
832 1700 38 22 the
882 1701 98 29 practice
1001 1700 25 24 of
1041 1700 36 23 his
1098 1701 132 30 profession.

648 1735 24 22 2.
674 1746 34 4 —
710 1733 62 24 That
784 1741 23 15 as
820 1738 21 18 to
853 1733 39 23 the
909 1733 110 31 illegality
1039 1734 25 22 of
1079 1734 35 22 his
1134 1735 97 29 practice

648 1767 27 23 he
686 1767 75 30 urged
772 1767 48 22 that
834 1766 63 23 there
917 1773 44 16 was
980 1774 29 15 no
1031 1766 100 31 English
1148 1768 42 22 law
1209 1768 23 21 in

648 1800 58 23 New
727 1799 106 28 Zealand,
853 1799 112 23 therefore
987 1799 29 24 he
1034 1800 113 30 infringed
1165 1808 65 15 none.

649 1833 61 23 That
722 1841 25 15 as
758 1838 22 18 to
792 1832 34 23 the
839 1832 42 24 3rd
894 1832 120 31 objection,
1035 1832 35 23 his
1091 1837 40 19 not
1150 1833 82 30 having

649 1866 112 30 complied
771 1865 54 23 with
837 1865 38 23 the
887 1865 61 23 rules
960 1865 24 23 of
991 1865 39 23 the
1038 1865 110 31 Supreme
1162 1866 70 23 Court

649 1899 25 23 of
700 1899 59 23 New
780 1898 72 24 South
872 1898 87 29 Wales,
983 1898 28 23 he
1037 1898 125 24 contended
1185 1899 47 23 that

649 1932 44 22 this
707 1932 113 30 objection
832 1939 45 15 was
889 1931 26 23 of
930 1939 28 15 no
971 1931 84 30 weight
1074 1940 24 14 as
1119 1931 37 23 the
1178 1932 54 23 lavs

648 1964 25 19 of
688 1964 59 19 New
759 1964 72 19 South
844 1963 77 20 Wales
934 1969 56 14 were
1001 1963 102 20 declared
1122 1967 23 16 to
1164 1964 27 19 be
1209 1970 23 13 in

1254 103 107 24 relations
1382 103 99 24 between
1499 104 46 23 this
1564 104 71 23 Court
1646 104 46 22 and
1704 103 38 23 the
1753 103 89 31 profes-

1254 136 48 22 sion
1316 140 24 20 at
1350 136 72 30 large.

1288 169 50 23 The
1358 169 112 31 Supreme
1489 169 73 23 Court
1580 169 132 23 Ordinance
1724 169 25 22 of
1769 170 72 28 1841,

1254 201 73 23 which
1338 200 84 25 relates
1434 206 22 18 to
1476 202 37 23 the
1533 202 124 23 admission
1677 202 26 22 of
1721 201 120 24 barristers

1255 233 43 24 and
1321 233 108 29 solicitor,
1448 242 44 15 was
1513 234 56 23 such
1588 242 25 15 as
1632 238 23 19 to
1676 233 94 24 exclude
1790 234 50 24 Mr.

1255 266 107 24 Brandon
1373 266 59 23 from
1443 267 107 30 practice.
1586 266 24 23 It
1628 266 109 31 provided
1757 266 34 24 for
1803 266 38 24 the

1255 299 123 25 admission
1390 299 26 23 of
1425 299 62 23 three
1499 299 85 23 classes
1596 299 25 23 of
1630 306 96 23 persons
1727 312 33 4 —

1290 334 22 21 1.
1331 331 128 24 Barristers
1472 332 43 23 and
1526 331 120 24 advocates
1660 332 25 22 of
1702 332 37 23 the
1754 332 87 25 United

1255 364 128 31 Kingdom.

1286 399 26 22 2.
1331 397 135 30 Attorneys,
1479 397 118 28 solicitors,
1611 398 96 28 writers,
1719 397 44 24 and
1773 405 68 25 proc-

1255 433 46 19 tors
1314 430 24 23 of
1348 430 39 22 the
1399 429 85 23 United
1497 429 130 31 Kingdom.

1289 465 23 21 3.
1338 463 103 23 Persons
1463 463 49 22 who
1536 463 73 30 might
1632 462 124 25 thereafter
1777 471 64 16 serve

1255 495 90 24 articles
1356 496 26 21 in
1394 495 38 23 the
1442 494 96 32 Colony.

1289 528 47 23 Mr.
1350 527 109 24 Brandon
1477 527 37 23 did
1535 532 40 19 not
1586 527 41 24 fall
1645 527 82 26 within
1743 536 44 24 any
1797 537 44 16 one

1255 560 24 23 of
1288 560 62 24 these
1362 560 94 28 classes,
1473 560 43 23 and
1527 560 37 23 his
1580 560 125 25 admission
1716 562 72 23 under
1799 562 40 23 the

1254 593 82 23 former
1366 593 130 23 Ordinance
1525 600 45 16 was
1599 599 39 17 out
1667 594 26 23 of
1725 595 112 30 question.

1255 626 50 23 The
1325 633 50 16 new
1388 625 129 24 Ordinance
1538 626 82 23 admits
1637 634 14 15 a
1671 626 78 23 fourth
1772 627 67 29 class,

1254 658 98 31 namely,
1362 658 56 23 such
1430 666 94 23 persons
1535 666 34 21 as,
1582 663 39 19 not
1629 659 109 30 fulfilling
1748 666 42 24 any
1797 668 43 16 one

1255 692 24 22 of
1288 691 37 23 the
1336 692 164 30 requirements
1511 691 26 22 of
1555 691 39 23 the
1604 692 85 24 former
1702 691 137 31 Ordinance,

1254 724 44 23 had
1318 724 155 23 nevertheless
1518 723 137 24 established
1670 724 130 24 themselves
1815 726 26 22 in

1255 756 37 24 the
1309 755 99 25 exercise
1418 756 31 31 of
1463 755 59 25 their
1540 756 131 31 profession
1683 764 28 16 on
1722 764 28 16 or
1765 757 78 32 before

1255 789 37 24 the
1314 790 64 22 22nd
1398 788 130 30 December,
1660 790 46 24 and
1730 790 37 24 the
1790 791 52 23 task

1255 822 71 24 which
1339 822 39 23 the
1401 821 72 24 Court
1491 822 42 23 has
1545 826 23 19 to
1586 822 99 31 perform
1698 823 19 23 is
1731 828 22 18 to
1766 831 75 17 ascer-

1255 856 45 23 tain
1314 855 59 23 what
1385 855 58 22 class
1456 854 23 23 of
1489 862 96 24 persons
1597 863 40 15 can
1655 855 54 25 take
1721 856 71 25 under
1803 857 39 25 the

1255 893 69 19 terms
1336 888 25 23 of
1371 888 39 23 the
1422 888 94 23 section.

1289 921 13 23 I
1315 926 62 19 must
1387 920 54 23 here
1452 921 102 23 intimate
1566 920 50 24 that
1627 920 37 24 the
1676 921 73 24 Court
1759 927 84 19 cannot

1255 959 64 18 enter
1335 954 50 22 into
1407 954 37 22 the
1466 954 137 30 expediency
1622 962 26 15 or
1665 955 77 30 policy
1761 956 25 25 of
1803 955 40 24 the

1256 987 76 23 clause
1343 986 73 23 under
1429 986 73 23 which
1514 995 13 14 a
1538 994 50 15 new
1599 987 59 23 class
1672 988 26 23 of
1710 995 94 23 persons
1822 990 20 22 is

1255 1020 110 23 rendered
1377 1020 130 22 admissible
1519 1024 23 18 to
1554 1020 97 30 practice
1663 1021 24 22 in
1700 1021 45 23 this
1762 1021 79 24 Court.

1256 1053 42 23 We
1311 1060 38 15 are
1360 1057 40 18 not
1411 1053 54 22 here
1477 1056 21 19 to
1511 1052 90 23 discuss
1613 1053 38 23 the
1664 1053 93 24 wisdom
1769 1054 26 24 of
1804 1054 39 23 the

1256 1086 51 29 law,
1319 1086 41 22 but
1373 1090 23 18 to
1413 1086 52 29 give
1477 1086 17 22 it
1512 1085 38 23 the
1571 1086 51 22 best
1636 1086 171 31 interpretation
1820 1088 24 22 in

1256 1127 41 14 or*r
1319 1126 75 23 power
1403 1127 6 19 ;
1439 1118 19 23 if
1479 1126 44 22 any
1540 1124 66 25 party
1623 1119 105 24 consider
1750 1119 96 24 himself

1256 1151 121 32 aggrieved
1397 1152 30 29 by
1439 1160 13 14 a
1463 1151 49 29 law,
1526 1151 38 23 the
1576 1159 79 15 course
1667 1153 20 21 is
1709 1157 22 18 to
1750 1154 93 29 petition

1256 1185 38 23 the
1306 1184 131 30 legislature
1450 1185 88 29 against
1556 1185 26 23 it.
1618 1185 41 23 All
1672 1185 111 24 therefore
1796 1187 49 22 that

1257 1218 40 23 has
1308 1217 68 24 fallen
1389 1218 59 22 from
1460 1217 90 24 counsel
1564 1225 27 16 on
1604 1218 37 23 the
1653 1219 108 30 impolicy
1773 1219 24 23 of
1808 1219 37 23 the

1256 1251 49 28 law,
1329 1256 63 18 must
1413 1250 28 24 be
1465 1251 129 22 considered
1616 1251 131 24 irrelevant.
1794 1251 52 24 Our

1258 1284 47 23 sole
1317 1284 93 23 busines
1421 1284 20 22 is
1463 1283 54 23 with
1538 1283 37 23 the
1587 1284 42 22 fair
1647 1285 109 30 meaning
1767 1285 25 23 of
1806 1285 38 23 the

1258 1317 132 23 Ordinance
1408 1324 24 15 as
1450 1321 108 26 apparent
1577 1324 29 16 on
1623 1316 30 24 its
1664 1317 58 28 face,
1739 1318 24 23 of
1773 1317 73 24 which

1258 1350 106 30 meaning
1376 1349 38 23 the
1434 1349 71 23 Court
1526 1350 21 21 is
1564 1348 37 24 the
1613 1350 125 30 expositor,
1750 1351 42 23 and
1806 1355 40 19 not

1258 1383 37 23 the
1308 1390 80 15 censor
1401 1390 24 15 or
1436 1383 71 23 critic.

1291 1415 24 24 It
1326 1423 52 23 may
1390 1415 27 23 be
1429 1415 45 24 laid
1486 1416 65 22 down
1563 1423 24 15 as
1599 1423 14 15 a
1624 1416 119 31 principle,
1757 1416 48 24 that
1815 1425 29 16 an

1258 1448 115 31 applicant
1392 1448 72 23 under
1486 1448 45 23 this
1552 1448 83 29 clause,
1657 1449 20 23 if
1693 1449 28 24 he
1743 1450 102 29 succeed,

1257 1486 62 19 must
1336 1481 29 23 do
1386 1489 25 15 so
1431 1489 58 23 upon
1509 1481 38 23 the
1568 1482 106 30 strength
1695 1483 26 22 of
1740 1482 37 23 his
1794 1491 51 16 own

1258 1522 60 21 case,
1321 1527 33 4 —
1354 1514 50 23 that
1415 1514 27 23 he
1456 1519 60 18 must
1526 1513 61 24 shew
1597 1522 13 15 a
1617 1514 77 29 prima
1698 1515 69 30 facie
1778 1516 68 24 claim

1259 1553 22 18 to
1302 1547 125 24 admission
1443 1547 75 23 before
1541 1555 44 22 any
1605 1555 41 16 one
1666 1555 43 16 can
1730 1549 26 23 be
1775 1549 72 24 called

1258 1589 63 22 upon
1331 1585 23 18 to
1364 1588 56 23 urge
1432 1589 26 13 an
1470 1580 114 31 objection
1603 1585 22 19 to
1637 1580 39 24 the
1697 1582 147 31 application.

1260 1614 47 23 Mr.
1322 1613 108 24 Brandon
1442 1613 77 23 claims
1533 1613 123 24 admission
1665 1622 30 15 on
1707 1615 38 23 the
1757 1616 88 29 ground

1260 1647 49 23 that
1321 1647 27 22 he
1357 1646 45 23 had
1415 1646 137 23 established
1564 1646 94 24 himself
1674 1646 24 24 in
1706 1648 58 29 fact
1764 1661 32 4 —
1798 1649 50 23 that

1259 1680 29 22 he
1300 1680 42 22 hail
1356 1679 52 23 held
1422 1679 93 23 himself
1530 1684 39 18 out
1590 1688 25 15 as
1634 1688 43 15 one
1699 1681 104 30 qualified
1823 1686 24 18 to

1258 1714 98 30 practice
1371 1713 37 22 the
1420 1713 49 28 law,
1473 1725 30 3 —
1506 1713 49 22 that
1564 1712 27 23 he
1603 1713 45 23 had
1661 1713 56 23 been
1730 1714 116 23 consulted

1260 1754 24 15 as
1307 1754 14 15 a
1342 1753 84 23 person
1449 1754 25 14 so
1494 1745 145 29 established,
1641 1759 35 3 —
1677 1746 49 23 that
1749 1747 27 22 he
1798 1747 46 23 had

1260 1779 75 23 drawn
1349 1779 81 27 leases,
1443 1783 149 26 agreements,
1601 1778 43 23 and
1657 1779 65 23 other
1732 1780 65 22 deeds
1805 1789 6 20 ;
1814 1793 34 4 —

1260 1812 43 23 and
1316 1812 48 23 that
1376 1812 28 22 he
1417 1811 44 23 had
1474 1811 104 23 attended
1591 1819 29 15 on
1632 1812 79 24 behalf
1721 1813 24 23 of
1764 1813 81 23 clients

1260 1845 75 23 before
1348 1845 39 23 the
1400 1845 77 22 Police
1490 1844 136 31 Magistrate
1638 1845 45 22 and
1703 1845 99 24 Justices
1825 1846 23 23 of

1260 1878 38 23 the
1310 1885 77 24 peace.
1436 1877 39 25 He
1490 1878 108 30 pretends
1620 1883 21 17 to
1653 1886 30 15 no
1695 1879 153 30 qualification

1261 1910 121 29 according
1402 1915 21 18 to
1448 1910 36 23 the
1505 1911 98 28 practise
1622 1910 24 24 of
1674 1911 38 23 the
1734 1912 70 23 Court
1825 1912 23 23 of

1260 1943 118 29 England,
1392 1951 24 14 or
1427 1952 12 13 o
1441 1944 10 13 p
1467 1951 42 20 any
1519 1943 26 22 of
1559 1943 37 22 the
1608 1943 167 29 neighbouring
1786 1945 60 23 colo-

1262 2307 57 23 have
1347 2307 59 23 been
1437 2305 92 25 deemed
1550 2311 40 19 out
1612 2307 25 23 of
1664 2307 81 30 Court,
1766 2308 44 23 and
1834 2307 13 24 I

1262 2339 81 24 should
1362 2344 42 19 not
1421 2347 56 16 even
1496 2338 60 25 have
1571 2340 106 29 required
1698 2348 66 16 cause
1783 2346 21 18 to
1820 2341 27 23 be

1262 1975 57 22 nies.
1356 1973 40 24 He
1408 1974 67 23 relies
1487 1982 29 15 on
1527 1974 38 23 the
1577 1976 107 30 meaning
1693 1976 24 22 of
1727 1976 37 23 the
1776 1977 72 24 words

1261 2008 23 22 of
1302 2007 36 23 the
1350 2007 130 23 Ordinance
1491 2010 24 20 to
1531 2014 15 16 a
1567 2015 100 16 common
1677 2007 79 31 intent,
1775 2010 43 24 and
1834 2010 14 24 I

1261 2039 67 24 think
1340 2040 29 23 he
1387 2040 108 32 certainly
1514 2040 74 24 shows
1607 2049 13 15 a
1640 2041 116 24 sufficient
1772 2043 76 29 prima

1253 2073 68 31 facie
1343 2082 53 15 case
1418 2078 23 19 to
1462 2075 88 30 require
1570 2074 39 24 the
1631 2074 72 24 Court
1726 2080 23 19 to
1760 2084 28 23 go
1800 2077 48 23 into

1262 2107 36 23 the
1311 2107 125 31 objections
1448 2107 71 24 which
1532 2107 57 24 have
1597 2109 57 22 been
1666 2109 80 30 urged.

1296 2140 25 24 If
1335 2140 40 23 the
1387 2140 113 31 applicant
1518 2141 45 23 had
1582 2141 57 23 done
1659 2149 31 15 no
1709 2150 61 16 more
1791 2142 57 24 than

1262 2173 59 24 draw
1333 2173 74 24 leases
1419 2173 45 24 and
1483 2179 149 25 agreements,
1654 2179 41 19 not
1714 2176 134 30 pretending

1262 2211 22 18 to
1296 2206 54 24 hold
1361 2207 94 23 himself
1470 2211 39 19 out
1526 2215 26 15 as
1564 2215 14 15 a
1589 2215 82 24 person
1684 2213 129 26 competent
1825 2214 23 18 to

1262 2241 106 29 perform,
1389 2240 44 23 and
1451 2240 97 30 actually
1569 2241 121 31 intending
1709 2246 22 19 to
1749 2241 99 31 perform

1263 2274 37 23 the
1322 2273 67 24 usual
1411 2273 105 24 business
1540 2274 25 23 of
1589 2282 14 15 a
1620 2274 109 27 solicitor,
1748 2275 27 23 he
1787 2280 61 18 must

1262 2373 76 23 shewn
1348 2373 89 30 against
1450 2372 36 24 the
1505 2373 145 31 application.
1698 2373 66 24 lam
1784 2375 64 30 quite

1262 2413 72 16 aware
1352 2406 55 28 that,
1427 2406 24 23 in
1470 2405 37 24 the
1526 2407 154 30 emergencies
1696 2407 25 22 of
1735 2415 29 16 an
1775 2408 74 23 infant

1262 2439 130 23 settlement
1401 2446 69 23 many
1486 2439 139 32 unqualified
1643 2448 98 23 persons
1758 2441 91 31 employ

1262 2472 136 23 themselves
1409 2472 110 31 privately
1536 2480 28 16 on
1576 2472 57 23 such
1645 2473 64 23 work
1720 2481 6 21 ;
1747 2473 40 24 but
1797 2474 51 23 Mr.

1262 2505 108 24 Brandon
1382 2513 54 22 goes
1448 2505 95 29 further,
1563 2505 28 24 he
1611 2514 66 16 avers
1700 2505 49 24 that
1765 2507 28 23 he
1806 2515 42 23 ap-

1262 2538 83 31 peared
1357 2539 23 23 in
1391 2545 57 25 open
1462 2538 71 24 Court
1544 2547 25 15 as
1590 2543 105 25 attorney
1714 2539 36 24 for
1764 2540 85 23 suitors

1263 2571 70 29 there,
1347 2572 50 23 that
1409 2571 27 23 he
1446 2571 50 24 held
1509 2571 94 25 himself
1612 2578 39 17 out
1667 2572 117 31 generally
1804 2573 45 23 and

1263 2605 82 32 openly
1356 2613 25 15 as
1394 2613 12 15 a
1417 2604 61 31 legal
1495 2606 145 30 practitioner
1651 2614 7 20 ;
1672 2605 45 24 and
1737 2606 18 23 it
1775 2613 74 16 seems

1263 2642 23 19 to
1298 2639 26 22 be
1336 2638 117 28 admitted,
1463 2643 23 18 at
1496 2638 60 23 least
1566 2639 19 23 it
1603 2639 20 22 is
1634 2643 42 19 not
1694 2638 88 29 denied,
1799 2639 50 23 that

1263 2671 49 24 that
1323 2671 29 23 he
1363 2671 113 31 practised
1487 2671 23 22 in
1523 2671 66 31 fact,
1601 2671 87 31 though
1700 2671 38 24 the
1754 2672 95 31 legality

1263 2705 25 22 of
1302 2704 36 24 his
1355 2712 25 15 so
1401 2704 69 30 doing
1488 2705 20 23 is
1527 2705 112 31 disputed.
1690 2705 62 23 Such
1772 2705 19 23 is
1811 2705 38 23 the

1262 2737 76 30 prima
1350 2737 68 30 fxcie
1438 2745 50 15 case
1505 2737 24 24 of
1547 2738 37 23 the
1604 2738 116 29 applicant
1740 2738 73 24 which
1836 2738 13 23 I

1263 2771 58 23 have
1332 2770 154 24 endeavoured
1498 2777 22 17 to
1533 2775 59 19 state
1603 2779 26 17 as
1639 2771 87 30 clearly
1736 2779 23 15 as
1771 2772 76 30 possi-

1263 2804 46 24 ble.
1354 2804 24 23 It
1397 2812 49 15 now
1458 2805 99 22 remains
1569 2808 23 20 to
1603 2805 106 22 examine
1721 2804 37 23 the
1772 2805 78 31 objec-

1264 2838 60 23 tions
1335 2838 24 23 in
1373 2837 36 23 the
1421 2836 65 24 order
1497 2838 23 22 in
1534 2837 74 25 which
1620 2838 55 30 they
1691 2845 59 16 were
1768 2838 80 31 urged.

1298 2871 28 23 In
1335 2871 127 30 opposition
1470 2874 21 19 to
1500 2870 38 23 the
1548 2871 136 31 application
1692 2871 68 23 itwas
1766 2872 84 30 urged:

1266 2905 44 22 Ist.
1313 2916 33 5 —
1347 2904 62 24 That
1421 2903 48 25 Mr.
1483 2903 108 25 Brandon
1609 2909 84 18 cannot
1713 2904 29 22 be
1760 2905 49 23 said
1828 2909 23 18 to

1264 2937 57 24 have
1343 2936 139 24 established
1501 2936 95 25 himself
1611 2937 24 24 in
1655 2937 38 23 his
1716 2937 134 31 profession,

1264 2970 96 24 because
1373 2970 82 31 legally
1469 2970 25 22 he
1503 2970 46 23 had
1559 2978 28 16 no
1596 2970 128 31 professiou
1734 2979 6 19 ;
1754 2978 24 15 as
1788 2970 63 24 there

1264 3012 58 15 were
1334 3012 28 15 no
1376 3003 84 24 Courts
1472 3003 24 23 of
1516 3003 52 26 civil
1587 3003 43 24 and
1643 3003 105 24 criminal
1760 3003 91 31 judica-

1264 3041 50 20 ture
1325 3038 25 22 in
1362 3037 122 22 existence.

1298 3072 24 23 2.
1342 3069 62 25 That
1415 3069 127 32 supposing
1559 3069 47 24 him
1627 3074 21 19 to
1669 3069 29 24 be
1719 3069 132 24 admissible

1264 3103 71 25 under
1347 3103 37 23 the
1397 3104 92 27 section,
1507 3102 40 24 the
1566 3102 73 24 Court
1659 3102 43 24 has
1722 3102 129 31 prescribed

1265 3142 42 17 two
1321 3137 69 22 forms
1402 3135 25 24 of
1441 3135 138 24 declaration
1591 3135 89 24 neither
1692 3135 26 24 of
1734 3135 74 24 which
1820 3135 31 24 he

684 3169 47 24 His
739 3170 136 31 application
884 3170 47 27 has.
935 3171 56 23 been
1001 3171 99 32 opposed
1108 3179 29 16 on
1146 3173 91 24 various
1265 3178 43 16 can
1320 3169 63 24 take.

649 3203 110 31 grounds,
772 3203 44 24 and
835 3203 39 24 the
893 3205 103 29 question
1016 3205 37 23 for
1063 3205 39 23 the
1124 3205 72 24 Court
1214 3210 22 19 to
1298 3205 24 22 3.
1341 3202 52 24 The
1403 3201 123 24 admission
1538 3201 26 23 of
1580 3201 48 24 Mr.
1648 3201 110 25 Brandon
1778 3201 73 25 would

649 3236 123 24 determiee
792 3236 20 24 is
828 3236 62 24 what
907 3241 49 19 acts
980 3245 29 15 on
1026 3237 39 24 the
1085 3242 50 27 part
1154 3239 26 23 of
1198 3238 39 24 the
1264 3236 32 24 let
1307 3237 23 22 in
1342 3235 32 24 all
1379 3234 67 25 other
1458 3234 139 32 unqualified
1608 3242 106 24 persons,

649 3269 124 31 applicant,
792 3269 80 31 taking
882 3271 49 22 into
950 3271 165 24 consideration
1128 3271 40 24 the
1183 3272 54 23 then
1297 3271 25 22 4.
1341 3268 63 24 That
1423 3267 39 25 the
1481 3268 125 24 admission
1625 3268 25 23 of
1676 3268 32 24 all
1723 3276 94 23 persons
1830 3267 25 25 of

649 3303 176 24 circumstances
848 3303 26 24 of
894 3303 39 24 the
955 3304 89 29 colony,
1073 3305 121 24 constitute
1224 3313 13 15 a
1265 3302 37 25 the
1325 3302 60 23 class
1406 3306 22 19 to
1449 3301 72 23 which
1543 3301 48 24 Mr.
1616 3301 110 24 Brandon
1748 3301 103 31 belongs,

649 3335 117 25 sufficient
802 3335 148 33 establishing
970 3336 24 24 in
1005 3336 39 24 the
1054 3337 100 25 exercise
1164 3337 30 31 of
1201 3337 36 24 his
1265 3335 73 24 would
1349 3335 52 30 give
1413 3335 45 23 rise
1467 3339 21 19 to
1500 3334 130 24 difficulties
1639 3342 26 16 as
1676 3339 23 19 to
1706 3334 146 31 precedence,

644 3368 135 32 profession
818 3373 23 20 to
852 3369 82 31 satisfy
944 3370 37 23 the
993 3370 141 25 Ordinance.
1265 3369 45 24 and
1322 3368 49 24 that
1383 3367 37 24 the
1434 3367 71 24 Court
1516 3367 83 24 should
1615 3367 73 31 guard
1707 3368 38 23 the
1766 3367 88 24 several

682 3401 85 25 Before
778 3403 15 24 I
811 3410 29 23 go
851 3404 50 22 into
919 3402 38 24 the
975 3403 114 31 question,
1101 3403 13 24 I
1126 3408 62 21 must
1199 3404 36 23 in-
1265 3402 78 24 orders
1356 3400 27 24 of
1398 3400 38 24 the
1448 3401 127 31 profession
1589 3401 52 23 with
1660 3400 92 32 jealous
1768 3400 85 26 watch-

649 3434 69 32 dulge
729 3443 40 24 my
781 3443 47 17 own
840 3436 107 31 personal
955 3436 105 32 feelings,
1068 3437 30 30 by
1106 3437 133 30 remarking
1264 3436 98 24 fulness.

649 3475 30 15 on
689 3468 40 23 the
741 3469 44 23 fair
804 3469 44 24 and
868 3469 82 25 candid
970 3478 95 17 manner
1083 3471 24 22 in
1122 3470 75 24 which
1209 3478 29 16 an
1299 3471 24 22 5.
1342 3467 62 24 That
1416 3474 26 16 as
1455 3467 45 23 this
1511 3467 82 31 colony
1607 3475 46 16 was
1672 3475 14 15 a
1706 3467 147 32 dependency

649 3502 135 30 apparently
801 3502 80 25 hostile
903 3504 129 30 opposition,
1048 3503 43 24 has
1107 3503 59 25 beea
1183 3511 55 16 con-
1265 3510 30 16 on
1312 3501 59 24 New
1391 3500 75 24 South
1483 3500 80 24 Wales
1582 3504 24 19 at
1624 3500 39 24 the
1687 3500 55 25 time
1762 3500 25 24 of
1803 3500 50 24 Mr.

650 3533 83 24 ducted
752 3535 30 31 by
795 3535 35 24 the
849 3536 91 24 several
956 3537 131 31 gentlemen
1108 3537 50 24 who
1181 3536 58 24 have
1266 3534 130 24 Brandon's
1415 3534 90 28 arrival,
1527 3534 45 23 and
1582 3553 4 7 ,
1592 3542 27 15 as
1638 3534 39 23 the
1689 3534 55 23 laws
1756 3533 26 23 of
1794 3532 60 25 New

651 3565 68 24 taken
740 3572 53 27 part
810 3570 90 30 against
917 3568 39 25 the
974 3570 94 24 motion.
1105 3569 12 24 I
1135 3569 102 24 watched
1266 3567 74 25 South
1352 3566 79 24 Wales
1444 3574 56 16 were
1514 3567 54 23 then
1581 3568 24 23 in
1617 3567 69 28 force,
1708 3567 48 23 Mr.
1779 3566 76 24 Bran-

650 3601 114 30 narrowly
786 3601 36 23 the
844 3607 54 19 tone
920 3602 73 24 which
1016 3602 115 32 prevailed
1154 3603 24 23 in
1201 3602 38 24 the
1266 3601 44 23 don
1322 3601 23 23 in
1357 3598 87 32 stating
1456 3600 48 22 that
1516 3600 29 23 he
1557 3600 44 23 had
1613 3599 140 25 established
1763 3599 94 24 himself

651 3638 80 17 course
742 3634 25 22 of
781 3634 37 23 the
828 3640 127 26 argument,
969 3635 44 24 and
1030 3635 13 24 I
1063 3643 45 16 was
1121 3636 62 31 quite
1195 3643 44 16 un-
1265 3636 25 22 in
1313 3634 38 23 the
1375 3634 101 22 exercise
1498 3633 26 23 of
1548 3633 37 24 his
1606 3633 127 31 profession
1761 3633 96 23 without

651 3664 50 24 able
722 3670 23 19 to
766 3666 71 25 detect
854 3676 15 16 a
880 3667 75 32 single
976 3669 132 30 expression
1127 3674 23 18 to
1166 3668 73 24 which
1267 3666 138 32 complying,
1414 3666 55 24 with
1489 3666 65 24 those
1574 3666 63 28 laws,
1658 3666 25 23 in
1695 3666 66 23 effect
1772 3666 83 23 admits

651 3697 38 23 the
702 3699 113 30 applicant
835 3701 68 24 could
923 3701 53 24 take
992 3702 117 32 umbrage.
1146 3702 36 23 To
1194 3709 44 21 me,
1266 3701 50 23 that
1327 3700 29 23 he
1369 3699 98 22 violated
1479 3699 37 23 the
1527 3699 51 29 law,
1592 3699 44 23 and
1656 3707 27 15 as
1704 3707 29 14 no
1754 3706 40 16 one
1813 3706 42 15 can

652 3730 12 23 I
675 3730 47 31 beg
733 3736 23 18 to
767 3741 76 16 assure
864 3734 39 23 the
915 3735 133 30 profession,
1063 3735 44 23 this
1120 3742 45 16 was
1177 3728 71 32 most!
1267 3734 53 23 take
1343 3733 134 30 advantage,
1488 3733 24 22 of
1527 3732 37 23 his
1587 3740 49 15 own
1655 3739 87 23 wrong,
1754 3732 28 23 he
1794 3736 63 18 must

651 3764 133 31 gratifying,
804 3773 21 15 as
844 3767 18 22 it
879 3773 63 17 must
954 3768 26 23 be
999 3768 43 22 and
1056 3768 143 30 satisfactory
1218 3765 31 26 toi'
1267 3767 28 23 be
1307 3765 119 24 excluded.

642 3807 2 14 I
653 3797 47 23 Mr.
715 3797 107 24 Brondon
834 3808 24 14 as
872 3801 116 30 assuredly
1001 3801 18 22 it
1031 3801 20 23 is
1065 3801 137 23 honourable
1215 3807 22 17 to
1244 3800 4 14 1
1300 3801 24 21 6.
1345 3798 63 24 That
1428 3805 28 16 no
1477 3798 54 23 such
1554 3798 181 31 interpretation,
1758 3805 24 15 as
1806 3797 48 23 Mr.

651 3831 65 23 those
729 3831 50 23 who
790 3831 56 24 have
863 3834 98 30 thought
981 3835 138 22 themselves
1135 3827 116 38 justified!!
1267 3831 109 24 Brandon
1395 3831 67 23 seeks
1484 3836 21 18 to
1525 3831 116 28 establish,
1655 3838 45 16 can
1721 3830 56 23 have
1797 3831 59 22 been

651 3865 24 22 in
686 3865 115 30 opposing
818 3865 35 23 his
874 3867 146 30 application.
1056 3867 25 23 It
1100 3867 84 23 affords
1204 3858 44 38 mej
1266 3864 108 24 intended
1394 3864 36 30 by,
1439 3864 42 22 the
1502 3864 137 30 legislature,
1662 3871 26 15 as
1710 3863 61 23 there
1789 3863 20 22 is
1827 3870 30 15 an

651 3897 38 23 the
700 3902 62 19 most
769 3898 117 30 agreeable
893 3899 146 31 anticipation
1048 3907 26 16 as
1085 3904 23 19 to
1115 3901 40 22 the
1162 3900 86 37 future^
1408 3897 59 23 class
1479 3897 25 23 of
1512 3904 95 24 persons
1620 3901 21 19 to
1650 3903 3 5 •
1662 3895 54 25 take
1733 3895 72 26 under
1817 3895 39 23 the

684 2770 31 24 In
727 2776 94 27 support
828 2772 26 23 of
863 2772 47 23 this
917 2772 137 31 application
1066 2772 48 25 Mr.
1128 2773 109 24 Brandon

650 2803 41 24 has
712 2804 55 23 filed
786 2812 28 15 an
829 2805 102 23 affidavit
949 2810 22 19 to
989 2806 39 23 the
1049 2806 66 23 effect
1136 2806 51 24 that
1209 2806 28 23 he

650 2837 90 23 arrived
762 2838 52 23 here
834 2839 24 21 in
879 2838 127 24 December
1028 2841 74 28 1840,
1126 2839 44 25 and
1186 2839 51 24 that

649 2870 60 23 from
722 2871 49 23 that
781 2871 78 31 period
871 2878 30 24 up
922 2876 23 19 to
966 2872 36 23 the
1023 2872 65 25 22nd
1108 2872 129 25 December

653 2905 73 27 1841,
738 2904 29 23 he
778 2903 43 24 had
831 2905 58 22 been
901 2905 127 31 frequently
1046 2906 126 29 consulted,
1192 2906 45 23 and

649 2936 45 24 had
712 2937 69 30 given
804 2937 77 24 advice
904 2946 28 15 on
952 2939 117 29 questions
1082 2939 45 24 and
1139 2947 64 16 cases
1215 2939 23 23 of

649 2970 51 29 law,
738 2970 51 24 that
800 2970 27 24 he
839 2970 44 24 had
904 2970 48 24 also
970 2972 92 24 advised
1084 2980 28 16 on
1132 2972 60 24 titles
1215 2977 20 19 to

649 3003 62 29 land,
724 3003 45 24 and
780 3003 45 24 had
835 3003 77 24 drawn
920 3004 42 23 and
971 3005 109 31 prepared
1091 3013 144 23 coveyances,

649 3036 82 30 leases,
744 3038 45 22 and
801 3036 62 24 other
989 3038 46 24 and
1079 3038 49 24 that
1146 3039 29 23 he
1193 3038 43 24 had

649 3069 49 24 also
710 3070 106 23 attended
834 3078 29 15 on
881 3070 81 24 behalf
976 3071 25 24 of
1025 3071 82 24 clients
1122 3073 25 22 in
1168 3079 68 23 many

649 3103 117 23 instances
786 3103 75 24 before
881 3103 39 23 the
939 3104 77 24 Police
1027 3104 146 31 Magistrate,
1191 3105 46 23 and

649 3135 38 24 the
698 3136 102 24 Justices
809 3137 24 23 of
848 3136 39 24 the
900 3137 81 23 Peace.

648 1994 61 24 force
722 2002 25 15 so
760 1994 35 23 far
806 2002 22 15 as
842 1994 38 23 the
893 2001 61 16 same
964 1994 68 23 could
1042 1994 29 23 be
1091 1994 125 31 applicable
1225 2004 5 19 ;

648 2027 40 24 but
701 2027 50 24 that
762 2027 38 23 the
809 2027 60 23 rules
889 2027 25 23 of
929 2027 37 23 the
987 2027 111 31 Supreme
1121 2028 71 23 Court
1212 2029 23 22 of

648 2060 48 24 that
722 2060 88 31 Colony
828 2068 59 16 were
906 2065 40 18 not
969 2060 124 31 applicable
1110 2060 63 30 here,
1185 2061 49 23 that

649 2094 44 23 this
707 2094 81 30 colony
801 2102 43 15 was
856 2093 119 32 separated
990 2094 59 23 from
1068 2094 48 23 that
1136 2095 26 22 of
1178 2094 56 24 New

649 2127 75 23 South
736 2127 70 23 Oales
818 2128 23 22 in
861 2127 69 31 April
951 2128 71 28 1841,
1042 2128 51 22 that
1109 2128 69 31 being
1196 2128 37 23 the

649 2161 50 22 date
719 2161 25 22 of
766 2161 38 22 the
823 2161 166 23 Proclamation
1001 2170 7 19 ;
1028 2161 46 22 and
1091 2161 75 30 lastly,
1186 2161 48 24 that

649 2194 37 23 the
705 2194 88 23 section
805 2194 23 23 of
844 2194 39 23 the
896 2194 110 31 Supreme
1020 2194 72 23 Court
1103 2194 130 24 Ordinance

649 2227 72 23 under
729 2227 74 23 which
814 2226 28 24 he
852 2227 90 30 applied
960 2227 34 23 for
1015 2227 122 23 admission
1157 2235 46 16 was
1222 2236 12 15 a

649 2260 108 23 remedial
767 2260 82 28 clause,
862 2260 46 23 and
928 2264 61 19 must
1006 2261 29 22 be
1054 2261 136 30 interpreted
1211 2265 21 19 to

648 2293 73 23 admit
731 2293 31 23 all
774 2293 62 23 those
849 2293 50 23 who
911 2300 58 16 were
987 2293 83 24 known
1088 2294 43 23 and
1152 2294 82 23 settled

648 2325 55 24 here
724 2333 25 16 as
769 2325 103 31 lawyers,
893 2333 30 16 on
937 2333 24 16 or
976 2326 76 24 before
1070 2326 39 24 the
1128 2327 64 24 22nd
1213 2327 24 24 of

648 2359 139 28 December,
801 2359 71 24 1841.

682 2396 52 24 The
748 2396 73 24 Court
831 2396 56 24 took
900 2397 54 23 time
971 2401 21 19 to
1010 2397 104 24 consider
1126 2398 29 23 its
1164 2397 70 32 judg-

648 2434 64 19 ment
714 2443 32 3 —
747 2430 52 28 and,
818 2438 28 15 on
863 2430 120 31 Saturday,
1006 2431 38 23 the
1063 2431 57 26 17th
1141 2432 93 28 instant,

648 2463 38 23 the
700 2463 74 23 Court
779 2470 61 24 'gave
849 2463 136 32 judgement
996 2472 25 15 as
1032 2464 87 23 follows
1130 2472 5 16 :—:
1138 2476 35 5 —

682 2501 60 23 This
755 2502 19 22 is
787 2509 27 15 an
824 2501 137 32 application
974 2509 28 15 on
1015 2502 38 24 the
1074 2507 51 26 part
1143 2503 27 23 of
1185 2502 49 24 Mr.

649 2534 81 24 Alfred
743 2535 38 23 De
794 2535 72 23 Bathe
879 2535 115 28 Brandon,
1016 2540 23 18 to
1052 2535 29 24 be
1092 2535 109 24 admitted
1213 2541 22 18 to

648 2568 100 31 practice
761 2575 26 16 as
799 2576 13 15 a
821 2568 101 23 solicitor
934 2568 25 23 of
974 2568 37 24 the
1023 2568 73 24 Court
1108 2569 72 23 under
1197 2569 38 23 the

650 2601 58 23 16th
717 2601 87 23 section
813 2601 24 23 of
847 2601 37 24 the
893 2601 111 31 Supreme
1016 2601 72 24 Court
1097 2601 137 30 Ordinance,

649 2634 74 24 which
733 2634 104 31 provides
850 2634 35 24 for
896 2634 40 24 the
948 2634 136 24 enrollment
1099 2635 26 23 of
1141 2643 94 23 persons

743 2667 57 24 have
821 2667 139 25 established
988 2668 137 25 themselves
1147 2669 26 23 in
1195 2668 38 24 the

649 2700 102 23 exercise
764 2701 25 23 of
803 2700 58 25 their
872 2701 127 31 profession
1011 2709 30 16 on
1058 2709 25 16 or
1100 2701 78 24 before
1195 2702 40 23 the

649 2733 66 23 22nd
726 2733 135 30 December,

70 1653 38 24 On
127 1651 124 30 Thursday
262 1650 51 29 last,
329 1649 57 24 15th
405 1650 63 28 inst.,
483 1649 36 23 his
537 1649 84 23 Honor

39 1687 46 24 Mr.
97 1684 86 25 Justice
204 1684 119 30 Chapman
343 1682 55 23 took
419 1682 36 23 his
473 1687 49 18 seat
539 1689 29 16 on
582 1682 38 23 the

39 1719 69 24 bench
119 1718 34 22 for
173 1717 40 23 the
232 1717 52 23 first
303 1716 63 28 time,
378 1716 36 22 for
425 1715 38 23 the
482 1723 99 23 purpose
599 1716 23 22 of

39 1753 90 28 hearing
139 1750 87 23 certain
242 1749 99 24 motions
359 1749 73 22 which
451 1749 44 22 had
515 1749 59 22 been
585 1753 36 19 set

40 1785 61 24 down
112 1785 34 22 for
157 1783 96 29 hearing
265 1790 29 15 on
305 1782 49 24 that
366 1781 51 31 day.

70 1818 49 23 The
126 1816 122 31 Registrar
259 1815 86 31 opened
355 1815 38 22 the
404 1815 71 22 Court
486 1815 30 29 by
526 1815 95 30 reading

39 1852 34 22 his
94 1849 101 26 Honor's
217 1849 161 27 Commission,
392 1848 102 30 together
512 1848 53 23 with
582 1848 39 23 the

39 1883 105 32 Supreme
144 1883 76 32 Court
226 1881 138 29 Ordinance,
369 1880 45 23 and
420 1881 34 22 his
464 1881 157 29 Excellency's

40 1916 163 25 Proclamation
226 1914 101 30 dividing
347 1914 38 22 the
399 1914 87 29 Colony
496 1914 49 22 into
563 1914 58 23 Dis-

39 1951 67 22 tricts.
143 1949 76 22 There
231 1956 46 14 was
289 1955 14 15 a
312 1954 124 15 numerous
451 1947 134 22 attendance
598 1947 24 21 of

39 1981 35 23 the
85 1980 133 31 profession.
254 1976 68 24 After
332 1976 37 23 the
379 1976 81 23 formal
470 1976 150 31 proceedings

39 2022 55 15 were
106 2019 59 19 over,

71 2046 165 24 Blathwayt
266 2043 90 31 applied
382 2046 23 19 to
434 2042 37 24 the
501 2043 74 24 Court
597 2047 23 19 to

40 2080 66 23 admit
126 2077 47 24 Mr.
188 2077 82 23 Alfred
290 2077 27 23 de
335 2075 76 24 Bathe
428 2075 107 24 Brandon
552 2081 22 18 to
591 2076 29 24 be

40 2111 94 25 enrolled
146 2118 25 16 as
183 2118 13 15 a
207 2110 101 23 solicitor
320 2109 25 23 of
353 2108 39 24 the
406 2109 78 29 Court,
496 2109 74 24 under
582 2109 38 24 the

42 2146 53 24 16th
105 2144 83 23 section
197 2143 25 23 of
229 2143 38 23 the
277 2143 111 30 Supreme
399 2142 71 23 Court
480 2142 139 29 Ordinance,

40 2180 87 23 Session
149 2177 51 28 111,
220 2176 46 23 No.
282 2178 21 26 1,
316 2175 74 23 which
407 2175 106 31 provides
529 2175 35 24 for
582 2175 39 24 the

40 2211 129 24 enrollment
186 2210 26 23 of
228 2208 58 24 such
302 2215 96 24 persons
418 2216 26 16 as
563 2208 58 24 have

40 2243 131 26 established
183 2242 137 24 themselves
332 2242 25 22 in
367 2241 39 24 the
416 2242 100 23 exercise
528 2241 27 24 of
562 2242 59 23 their

39 2277 121 32 profession
172 2283 30 15 on
223 2283 26 15 or
258 2274 78 24 before
348 2274 38 24 the
398 2274 65 24 22nd
481 2274 26 23 of
520 2274 100 24 Decem-

39 2312 45 28 ber,

71 2344 126 24 Holroyd
235 2340 100 33 opposed
369 2340 38 24 the
446 2340 94 30 motion,
576 2341 45 23 and

40 2375 119 26 contended
181 2375 50 24 that
253 2375 39 23 the
314 2373 102 24 affidavit
433 2381 30 16 on
480 2373 75 24 which
571 2373 49 26 Mr.

40 2409 101 25 Brandon
164 2408 101 24 founded
286 2407 36 24 his
345 2406 144 33 application,
513 2407 40 24 did
581 2413 40 18 not

40 2448 32 19 set
91 2441 57 26 forth
169 2441 115 23 sufficient
296 2440 56 24 facts
365 2448 30 16 on
406 2439 73 25 which
496 2439 38 24 the
548 2440 73 24 Court

40 2476 61 24 could
112 2475 69 23 admit
193 2474 47 24 Mr.
254 2473 118 25 Brandon.
408 2472 62 24 That
480 2474 107 30 previous
597 2478 23 19 to

39 2509 130 28 December,
183 2509 73 27 1841,
268 2507 64 23 there
351 2514 47 16 was
410 2514 29 15 no
451 2511 64 19 court
527 2507 26 22 of
568 2507 52 23 civil

40 2551 23 15 or
73 2541 102 25 criminal
191 2540 130 32 judicature
333 2540 24 23 in
376 2539 46 24 this
440 2539 94 31 Colony,
548 2539 73 24 hence

39 2584 27 15 no
77 2582 81 25 person
169 2573 66 26 could
256 2573 89 31 strictly
355 2580 41 25 say
408 2572 50 24 that
475 2572 28 24 he
520 2573 44 25 had
576 2580 45 24 any

39 2608 128 31 profession.
204 2606 62 25 That
284 2606 49 25 Mr.
346 2606 109 24 Brandon
467 2613 45 16 was
529 2606 92 31 ineligi-

39 2641 41 30 ble,
93 2648 24 17 as
127 2640 29 24 he
169 2647 46 17 was
226 2640 101 30 wanting
345 2640 26 24 in
388 2646 68 24 every
467 2639 154 31 qualification

39 2681 114 23 necessary
164 2674 25 22 in
200 2672 117 31 England,
331 2672 44 23 and
393 2672 49 23 that
453 2672 20 23 if
482 2671 49 25 Mr.
544 2672 77 23 Bran-

39 2707 41 25 don
91 2714 57 17 were
160 2705 117 29 admitted,
289 2705 77 23 others
377 2709 41 19 not
430 2704 105 31 qualified
547 2705 74 23 would

39 2741 73 31 apply,
124 2738 44 24 and
181 2737 49 25 that
240 2745 15 16 a
272 2738 57 23 wide
340 2737 55 24 door
407 2737 73 24 would
490 2738 29 23 be
534 2737 87 25 thrown

40 2782 55 23 open
116 2776 22 20 to
162 2771 70 24 admit
254 2778 96 24 persons
376 2770 50 24 who
453 2771 57 23 have
536 2772 85 31 merely

40 2807 72 24 drawn
121 2809 143 27 agreements
275 2804 44 23 and
332 2804 72 24 leases
414 2813 6 20 ;
440 2803 49 25 that
496 2804 21 23 if
524 2804 28 23 he
564 2812 57 16 were

40 2839 112 28 admitted,
164 2839 19 22 it
202 2837 75 24 would
297 2837 29 23 be
344 2845 119 23 necessary
477 2837 36 23 for
531 2838 49 23 him
599 2842 22 19 to

40 2871 112 25 subscribe
171 2876 24 18 to
214 2878 15 16 a
249 2870 137 24 declaration
397 2868 51 33 (see
470 2870 83 29 Rules,
569 2879 52 23 app.

40 2905 44 24 No.
113 2903 35 32 1.)
158 2914 7 19 ;
195 2908 23 19 to
231 2902 84 25 Vhich
343 2903 31 23 he
401 2904 67 23 could
498 2908 40 19 not
566 2904 55 24 sub-

40 2939 77 22 scribe.

73 2972 52 24 Me.
134 2970 112 24 Hanson
256 2970 47 24 also
312 2970 100 32 opposed
421 2970 44 24 this
476 2971 145 32 application,

42 3009 21 19 at
74 3005 37 23 the
122 3012 61 16 same
193 3005 56 22 time
261 3003 145 32 disclaiming
413 3003 29 24 all
453 3005 106 30 personal
565 3005 57 23 feel-

41 3038 57 30 ings,
110 3036 43 24 and
164 3036 127 24 contended
306 3036 49 24 that
367 3037 49 23 Mr.
429 3037 107 24 Brandon
550 3038 24 23 in
585 3038 38 23 his

41 3070 95 24 affidavit
148 3070 39 23 did
198 3074 40 19 not
249 3077 40 23 say
301 3069 49 24 that
364 3069 29 24 he
404 3069 44 24 had
465 3078 45 24 any
522 3070 66 32 thing
599 3076 23 19 to

42 3103 26 24 do
79 3103 52 24 with
138 3102 39 25 the
187 3102 51 30 law,
250 3102 72 24 hence
331 3104 19 22 it
357 3103 75 31 might
443 3104 28 23 be
482 3104 139 29 assummed,

41 3136 48 24 that
107 3136 27 23 he
154 3135 46 24 had
217 3144 29 15 no
257 3137 135 30 profession.
429 3137 62 23 That
508 3137 39 24 the
564 3137 57 24 New

42 3168 73 25 South
124 3168 78 23 Wales
211 3168 56 24 laws
277 3177 56 16 were
345 3170 23 23 in
377 3170 60 23 force
447 3175 23 18 at
476 3170 50 24 that
534 3171 87 31 period,

42 3203 43 23 and
96 3201 47 24 that
155 3200 29 24 he
200 3202 112 29 practised
323 3203 94 23 without
426 3203 87 31 having
525 3204 95 23 fulfilled

41 3234 38 25 the
91 3234 59 25 rules
159 3233 36 24 for
203 3233 135 25 admittance
346 3240 24 18 to
382 3235 38 24 the
429 3236 110 32 Supreme
550 3237 73 24 Court

42 3270 24 23 of
74 3267 56 26 New
140 3266 77 24 South
234 3266 87 29 Wales,
333 3267 49 23 that
392 3268 29 24 he
438 3270 23 22 in
472 3270 47 23 fact
536 3278 85 17 swears

44 3306 21 19 to
83 3309 13 16 a
106 3299 108 25 violation
226 3299 25 24 of
266 3299 38 24 the
315 3300 55 25 laws
382 3300 53 25 then
446 3304 24 22 in
480 3303 61 24 force
551 3312 6 20 ;
578 3304 45 24 and

45 3335 16 23 it
70 3335 21 23 is
101 3341 28 17 an
139 3332 111 24 admitted
256 3332 50 24 rule
316 3333 25 24 of
349 3333 50 29 law,
408 3334 48 24 that
465 3343 28 16 no
502 3344 53 16 man
563 3337 60 24 shall

45 3367 50 24 take
111 3367 124 29 advantage
247 3366 26 23 of
289 3366 37 24 his
338 3373 49 16 own
398 3374 84 24 wrong.
519 3369 62 24 That
592 3377 29 17 no

45 3401 53 23 such
114 3400 170 32 interpretation
307 3407 26 16 as
350 3407 46 15 was
418 3401 82 30 sought
517 3401 32 32 by
572 3403 48 24 Mr.

45 3433 103 24 Brandon
159 3433 67 24 could
235 3432 59 24 have
305 3433 57 24 been
371 3433 164 31 contemplated
543 3435 31 31 by
584 3435 38 25 the

45 3465 133 33 legislature,
196 3466 49 24 that
266 3466 87 24 section
368 3467 32 23 16
413 3466 25 24 of
454 3467 38 22 the
512 3467 111 31 Supreme

48 3499 67 25 Court
131 3498 138 31 Ordinance,
282 3499 91 24 seemed
391 3503 23 20 to
433 3499 58 24 have
509 3499 59 25 been
583 3500 39 25 de-

45 3532 75 31 signed
131 3536 23 20 to
164 3532 33 24 let
206 3533 25 23 in
241 3532 66 24 those
317 3532 51 24 who
380 3532 45 24 had
444 3532 101 31 lawfully
555 3541 68 24 prac-

47 3565 61 30 tised,
120 3565 66 31 being
198 3565 54 31 duly
263 3566 107 32 qualified
386 3566 73 23 under
471 3566 38 23 the
527 3566 62 24 rules
600 3567 25 23 of

47 3597 35 25 the
93 3599 108 30 Supreme
213 3598 72 24 Court
296 3600 24 22 of
330 3599 58 26 New
397 3599 75 25 South
483 3598 88 30 Wales,
581 3600 43 23 but

46 3630 46 25 who
103 3638 55 17 were
169 3631 110 24 excluded
286 3633 72 23 under
369 3632 38 24 the
416 3633 84 23 former
512 3633 112 31 Supreme

49 3662 66 26 Court
131 3664 137 30 Ordinance,
282 3666 99 23 sessions
393 3667 25 23 2.
454 3666 48 24 But
522 3666 19 23 it
558 3666 67 23 could

47 3701 37 19 not
92 3697 27 24 be
128 3697 107 24 intended
246 3702 24 19 to
277 3698 71 24 admit
355 3699 58 23 such
423 3699 139 32 unqualified
571 3707 52 23 per-

49 3735 48 18 sons
108 3737 22 16 as
141 3730 59 27 Mr.,,
204 3730 115 30 Brandon,
332 3732 43 23 and
387 3740 26 16 so
424 3732 51 31 give
487 3741 13 15 a
510 3733 115 31 premium

49 3760 30 25 for
89 3763 34 23 the
129 3760 106 28 violati'od
244 3764 25 23 of
278 3764 37 24 the
322 3765 51 28 law,
382 3765 48 24 that
436 3766 20 25 if
466 3767 18 22 it
490 3773 59 16 were
559 3766 64 23 suffi-

49 3794 55 25 cient
112 3795 33 24 for
153 3796 135 24 admittance
296 3798 73 23 under
378 3798 46 24 this
432 3800 94 28 section,
534 3804 23 18 to
566 3799 58 23 have

49 3828 78 31 merely
144 3829 76 24 drawn
235 3829 81 32 leases,
336 3839 13 15 a
360 3831 57 24 wide
429 3832 63 27 door.
495 3831 81 24 'would
587 3833 36 22 Che

49 3861 79 29 opened
142 3865 24 20 to
175 3862 32 24 let
226 3863 25 23 in
267 3863 83 32 wholly
361 3864 264 37 nnqualified^jersons,;

49 3891 45 25 that
105 3892 45 26 Mr.
163 3894 106 26 Brandon
280 3897 54 24 does
350 3902 42 19 not
409 3898 62 23 show
480 3891 27 31 (n
524 3899 99 23 his*«affi-

577 3923 16 21 i<
602 3934 4 3 •

1869 101 81 29 clause,
1963 101 96 31 namely,
2077 101 57 24 New
2155 101 74 23 South
2240 101 79 23 Wales
2341 101 112 24 solicitors

1869 133 48 23 who
1928 134 43 23 had
1993 133 136 24 established
2148 134 136 23 themselves
2303 134 62 28 here,
2379 134 73 23 which

1869 166 57 23 class
1939 174 45 15 was
1996 167 24 23 in
2031 167 28 23 all
2079 166 135 32 probability
2226 166 39 24 the
2278 166 60 24 class
2348 171 103 19 contem-

1869 198 73 31 plated
1955 198 31 30 by
1997 198 37 24 the
2044 199 95 24 framers
2152 199 25 23 of
2186 199 37 23 the
2236 198 138 25 Ordinance.

1905 231 50 23 The
1966 232 51 22 first
2029 232 117 30 objection,
2161 232 49 22 that
2229 236 39 19 cot
2287 232 71 30 being
2370 231 84 31 legally

1870 263 114 31 qualified,
1997 263 46 24 Mr.
2057 264 108 24 Brandon
2184 264 40 23 has
2245 265 25 22 in
2286 264 47 23 fact
2349 272 29 15 no
2398 272 55 23 pro-

1869 296 92 28 fession,
1986 296 14 24 I
2022 304 104 23 presume
2149 298 83 22 relates
2254 301 24 19 to
2301 305 29 15 an
2353 296 101 31 English

1870 329 159 31 qualification,
2050 329 21 23 if
2088 330 125 28 otherwise,
2236 331 17 22 it
2271 337 90 23 merges
2374 331 24 22 in
2415 329 39 25 the

1870 361 124 30 objections
2012 362 72 23 stated
2101 362 30 30 by
2145 362 46 24 Mr.
2207 362 105 30 Hanson,
2325 362 73 23 which
2415 369 39 17 are

1870 393 68 31 really
1950 393 39 24 the
2001 398 112 27 strongest
2124 394 49 24 that
2184 395 56 23 have
2251 395 58 24 been
2321 395 78 30 urged,
2409 395 45 24 and

1869 426 45 23 will
1925 427 27 22 be
1964 426 130 24 considered
2106 426 119 25 hereafter.
2254 428 25 23 If
2290 428 37 23 the
2340 428 114 31 objection

1869 459 59 25 refer
1939 463 23 19 to
1975 467 41 15 our
2027 458 98 31 English
2140 459 160 32 qualification,
2313 461 49 23 that
2373 465 81 19 cannot

1869 491 55 24 have
1935 492 59 23 been
2011 492 165 31 contemplated
2195 492 30 30 by
2242 492 39 23 the
2300 493 103 29 Council,
2418 493 36 23 for

1869 524 52 23 then
1942 524 38 24 the
2003 525 85 23 section
2107 525 26 23 of
2153 524 38 24 the
2214 525 85 23 former
2321 525 132 24 Ordinance

1870 557 70 23 would
1952 557 58 25 have
2029 557 56 24 been
2106 558 123 23 sufficient.
2265 557 51 24 The
2333 566 61 15 mere
2405 559 49 22 fact

1869 590 25 23 of
1909 590 37 23 the
1966 590 151 24 introduction
2139 590 25 23 of
2180 598 12 15 a
2210 590 85 29 clause,
2308 591 81 30 letting
2403 591 26 23 in
2441 599 13 15 a

1869 630 48 15 new
1930 623 66 28 class,
2010 623 72 23 shows
2094 623 50 24 that
2156 630 61 17 some
2229 623 59 23 class
2299 630 45 16 was
2353 628 101 19 contem-

1869 655 74 31 plated
1966 656 51 23 who
2044 663 57 16 were
2130 656 156 23 inadmissible
2314 656 72 23 under
2414 656 40 23 the

1869 687 83 24 former
1965 687 139 24 Ordinance.

1904 720 48 25 The
1964 722 83 23 second
2058 720 112 32 objection
2190 720 82 25 relates
2290 725 24 19 to
2331 720 39 25 the
2381 721 72 24 forms

1870 752 25 24 of
1914 753 136 25 declaration
2072 754 74 24 which
2169 755 18 22 it
2208 755 20 22 is
2257 753 125 25 contended
2405 755 49 23 Mr.

1870 786 106 23 Brandon
1990 792 80 18 cannot
2089 786 60 29 take,
2170 794 55 16 even
2243 786 20 23 if
2278 787 30 23 he
2322 787 28 23 be
2363 787 92 24 deemed

1870 819 135 24 admissable
2015 820 71 24 under
2098 819 39 23 the
2149 819 138 23 Ordinance.
2324 820 51 22 The
2394 820 62 23 chief

1870 852 73 30 object
1962 853 26 22 of
2006 853 37 22 the
2064 852 148 25 declarations
2229 853 20 22 is
2262 856 23 19 to
2297 860 78 15 secure
2392 860 64 16 some

1869 885 66 30 proof
1952 885 25 23 of
1996 884 36 24 the
2043 885 97 30 identity
2152 885 25 23 of
2194 885 39 23 the
2251 889 67 27 party
2338 884 117 33 applying,

1870 917 53 24 with
1941 917 37 24 the
1999 926 65 16 name
2082 917 130 25 mentioned
2231 919 25 22 in
2276 918 40 23 the
2335 919 121 22 certificate

1870 950 121 31 produced.
2027 952 35 22 No
2084 951 137 24 declaration
2239 951 41 23 has
2291 951 58 23 been
2363 951 94 23 deemed

1871 992 120 22 necessary
2010 984 22 23 in
2044 984 37 24 the
2100 992 52 15 case
2164 983 25 24 of
2204 983 94 24 articled
2312 983 74 24 clerks
2405 984 50 23 who

1872 1025 37 14 are
1921 1024 49 15 now
1989 1018 89 29 serving
2097 1018 24 22 in
2142 1017 39 22 the
2200 1016 97 31 Colony,
2310 1016 44 23 and
2366 1016 48 23 who
2432 1018 25 22 in

1872 1049 42 23 due
1925 1050 56 22 time
1993 1049 45 23 will
2048 1049 28 24 be
2096 1049 108 25 admitted
2223 1054 22 18 to
2264 1050 99 30 practice
2374 1050 23 22 in
2411 1049 46 24 this

1873 1082 77 28 Court,
1963 1082 95 24 because
2077 1081 38 25 the
2135 1082 72 23 Court
2224 1082 41 23 has
2281 1082 136 31 cognizance
2434 1082 25 24 of

1872 1115 31 23 all
1914 1114 36 24 the
1963 1117 175 23 circumstances
2154 1115 73 23 under
2239 1114 73 24 which
2325 1115 52 31 they
2389 1115 68 23 claim

1873 1148 130 24 admission.
2039 1149 30 23 So
2091 1150 23 22 in
2136 1148 45 23 this
2193 1155 58 21 case,
2264 1148 21 23 if
2303 1155 28 16 an
2344 1148 114 31 applicant

1872 1181 28 23 be
1917 1181 129 24 admissible
2065 1187 23 18 at
2107 1181 38 28 all,
2159 1189 28 15 no
2208 1181 137 23 declaration
2366 1189 42 15 can
2429 1181 28 24 be

1872 1214 92 28 needed,
1977 1214 94 25 because
2084 1214 37 25 the
2131 1214 72 23 Court
2213 1214 21 23 is
2243 1213 113 24 informed
2365 1213 94 24 aliunde

1873 1248 25 22 of
1907 1247 28 23 all
1948 1247 38 23 the
1999 1248 63 28 facts,
2076 1248 41 23 and
2135 1248 62 22 there
2210 1248 97 22 remains
2319 1247 96 30 nothing
2432 1252 24 18 to

1874 1281 85 22 declare
1973 1280 75 24 about.
2085 1280 45 24 But
2142 1288 54 15 even
2207 1279 18 23 if
2236 1280 38 23 the
2283 1281 175 22 circumstances

1874 1313 25 23 of
1909 1313 35 22 the
1957 1321 53 15 case
2021 1321 56 15 were
2097 1313 57 23 such
2167 1321 24 15 as
2209 1317 22 19 to
2249 1312 82 24 render
2344 1320 61 15 some
2418 1312 40 24 de-

1874 1345 106 23 claration
1995 1353 124 24 necessary,
2134 1346 37 23 the
2185 1345 72 24 Court
2269 1345 73 23 would
2359 1345 70 24 admit
2446 1354 13 15 a

1874 1378 137 24 declaration
2023 1378 84 24 framed
2119 1385 23 17 to
2156 1379 45 22 suit
2213 1378 55 23 such
2284 1379 175 23 circumstances

1873 1424 33 4 —
1908 1420 11 14 a
1931 1411 134 24 declaration
2078 1411 24 24 in
2114 1411 111 24 cor.simili
2236 1418 61 22 casu,
2319 1419 26 15 as
2365 1411 35 23 the
2423 1411 36 24 old

1873 1445 94 30 lawyers
1992 1445 71 23 would
2086 1444 56 24 have
2166 1444 71 24 called
2260 1445 26 23 it.
2341 1444 20 23 It
2385 1444 74 24 would

1874 1478 79 23 indeed
1975 1478 28 23 be
2025 1486 24 16 as
2071 1477 85 25 absurd
2175 1486 24 14 as
2224 1478 17 22 it
2260 1477 76 24 would
2355 1477 27 23 be
2402 1478 57 22 mis-

1874 1511 114 29 chievous,
2001 1518 57 17 were
2076 1510 37 25 the
2136 1510 72 23 Court
2225 1515 23 18 to
2267 1510 89 23 confine
2373 1511 85 30 parties

1874 1543 139 31 exclusively
2025 1548 21 20 to
2059 1543 36 24 the
2107 1543 71 23 forms
2190 1544 67 29 given
2269 1543 56 23 with
2337 1543 38 23 the
2386 1543 71 23 rules.

1876 1576 44 24 XJbi
1931 1577 44 30 jus
1987 1576 33 23 ibi
2035 1575 119 24 remedium
2164 1584 5 15 :
2206 1575 63 24 Here
2281 1576 37 23 the
2327 1575 132 31 legislature

1873 1609 42 23 has
1926 1609 118 24 conferred
2055 1618 13 14 a
2079 1609 86 23 certain
2178 1609 62 30 right
2250 1616 62 24 upon
2326 1616 62 16 some
2405 1616 54 23 per-

1874 1651 52 14 sons
1940 1650 25 16 or
1978 1642 59 23 class
2048 1642 26 23 of
2083 1649 103 25 persons,
2199 1642 44 23 and
2257 1642 18 23 it
2287 1643 20 22 is
2319 1646 40 19 not
2370 1642 33 23 for
2422 1641 37 24 the

1876 1675 71 24 Court
1959 1680 23 18 to
1994 1675 93 24 exclude
2099 1675 39 24 the
2149 1675 99 29 remedy.

1909 1709 49 23 The
1971 1709 60 22 third
2043 1709 120 30 objection,
2176 1707 48 24 that
2241 1708 38 23 the
2298 1708 127 23 admission
2438 1708 24 23 of

1875 1749 42 15 one
1934 1741 137 31 unqualified
2090 1749 92 23 person,
2194 1741 73 23 would
2284 1742 52 30 give
2354 1742 45 22 rise
2412 1746 22 19 to
2447 1750 14 14 a

1875 1775 51 23 host
1938 1775 25 23 of
1973 1775 154 30 applications,
2140 1775 20 22 is
2173 1778 39 19 not
2223 1782 14 15 a
2245 1782 55 23 very
2309 1775 86 22 serious
2408 1782 50 15 one.

1876 1808 64 22 Each
1959 1816 51 14 case
2031 1812 60 18 must
2102 1808 66 22 stand
2189 1815 61 23 upon
2267 1808 31 22 its
2311 1815 48 15 own
2373 1809 87 27 merits,

1875 1840 44 23 and
1930 1841 20 23 if
1968 1848 43 23 any
2023 1841 55 22 such
2097 1840 85 24 absurd
2199 1839 150 33 applications
2368 1848 23 15 as
2403 1841 58 22 have

1875 1874 56 23 been
1950 1873 90 24 alluded
2061 1878 22 19 to
2100 1873 82 23 should
2193 1874 28 22 be
2241 1874 74 28 made,
2329 1874 39 22 the
2389 1873 73 23 Court

1876 1907 43 23 will
1931 1907 68 23 know
2011 1907 49 23 how
2072 1912 21 17 to
2107 1907 51 23 deal
2168 1907 55 22 with
2236 1906 55 23 each
2304 1914 24 15 as
2341 1907 18 22 it
2372 1914 87 16 occurs.

1875 1940 35 22 As
1922 1945 21 18 to
1957 1940 38 22 the
2012 1940 121 23 admission
2146 1940 24 23 of
2187 1947 94 23 persons
2293 1940 50 22 who
2361 1940 58 22 have
2430 1947 30 15 no

1877 1979 42 16 one
1940 1973 130 30 pretension
2089 1976 22 19 to
2130 1971 38 23 the
2188 1971 116 23 character
2323 1971 26 23 of
2370 1980 12 14 a
2402 1971 60 32 legal

1876 2006 153 31 practitioner,
2040 2005 90 31 beyond
2142 2004 40 25 the
2192 2004 102 31 drawing
2306 2004 27 23 of
2340 2012 29 15 an
2381 2012 80 24 agree-

1877 2043 60 19 ment
1947 2046 26 16 or
1985 2046 14 16 a
2010 2038 67 29 lease,
2092 2038 12 24 I
2116 2037 58 24 have
2191 2037 92 31 already
2295 2037 123 32 expressed
2432 2046 30 15 an

1877 2072 91 29 opinion
1979 2079 60 22 upon
2050 2072 38 23 the
2098 2072 73 29 point.

1909 2107 22 21 4.
1952 2105 51 23 The
2015 2106 102 30 question
2127 2105 25 23 of
2162 2104 137 31 precedence
2309 2103 58 25 need
2380 2104 81 31 hardly

1876 2146 48 15 now
1945 2138 28 23 be
1993 2138 146 23 entertained.
2177 2138 25 23 If
2217 2145 45 23 any
2276 2138 105 30 question
2402 2138 59 23 arise

1877 2171 37 24 the
1925 2171 61 24 rules
2000 2171 71 23 which
2088 2170 86 31 prevail
2194 2171 24 23 in
2238 2169 110 32 England
2368 2175 62 19 must
2450 2170 11 24 I

1876 2205 129 31 apprehend
2023 2204 27 24 be
2069 2203 104 24 followed
2190 2211 26 16 as
2237 2203 79 31 nearly
2326 2210 26 17 as
2373 2210 42 17 can
2432 2203 29 24 be

1876 2237 52 24 here
1939 2236 98 32 applied,
2048 2237 59 23 until
2123 2236 40 24 the
2175 2236 71 24 Court
2257 2236 90 29 makes,
2361 2236 44 24 and
2423 2236 38 24 the

1877 2270 94 24 Council
1978 2270 113 23 sanctions
2097 2278 15 15 a
2119 2269 92 30 specific
2217 2269 50 24 rule
2276 2270 24 23 in
2309 2269 59 24 their
2377 2269 84 24 behalf.

1910 2306 23 22 4.
1945 2304 47 23 and
2004 2305 23 22 5.
2046 2302 13 24 I
2079 2308 52 18 flow
2151 2310 63 16 come
2236 2307 22 21 to
2283 2302 38 24 the
2340 2302 125 33 objections

1876 2337 73 24 raised
1968 2337 31 31 by
2011 2336 47 24 Mr.
2078 2335 107 29 Hanson,
2206 2335 43 24 and
2267 2335 74 24 which
2360 2343 62 16 seem
2441 2340 23 19 to

1877 2370 94 31 embody
1984 2369 30 24 all
2032 2370 49 22 that
2091 2369 21 23 is
2124 2369 95 23 entitled
2237 2373 22 19 to
2272 2368 59 24 rank
2344 2376 26 16 as
2380 2373 84 19 matter

1877 2403 26 23 of
1919 2404 87 22 serious
2017 2402 112 32 objection
2148 2407 23 18 to
2184 2402 38 23 the
2234 2401 125 24 admission
2371 2402 25 23 of
2412 2401 48 24 Mr.

1877 2436 117 24 Brandon.
2035 2435 76 25 These
2122 2435 125 32 objections
2259 2443 54 22 may
2330 2434 29 24 be
2377 2434 88 31 shortly

1877 2469 101 24 resolvod
1990 2469 47 23 into
2048 2469 53 28 this,
2111 2468 50 23 that
2172 2469 38 22 the
2222 2469 107 29 meaning
2338 2467 71 24 which
2424 2467 39 24 the

1879 2503 70 23 Court
1961 2502 70 31 ought
2043 2507 21 18 to
2082 2505 41 27 put
2135 2509 60 24 upon
2215 2500 38 25 the
2265 2500 74 24 words
2387 2500 77 24 estab-

1877 2536 72 23 lished
1968 2535 134 24 themselves
2119 2535 25 23 in
2166 2534 57 24 their
2241 2534 103 24 exercise
2361 2533 26 24 of
2403 2533 61 25 their

2039 2570 19 22 is
2070 2568 49 23 that
2131 2567 54 31 they
2196 2566 83 25 should
2290 2566 58 25 have
2360 2566 58 25 done
2432 2566 33 25 all

1877 2603 49 23 that
1936 2602 38 23 the
1987 2602 42 23 law
2048 2601 54 24 then
2112 2600 106 32 required
2236 2599 35 25 for
2283 2608 13 16 a
2308 2599 61 32 legal
2387 2599 74 24 estab-

1877 2634 91 32 lishing,
1980 2634 45 24 and
2041 2634 49 23 that
2100 2641 15 16 a
2125 2641 62 17 mere
2208 2632 150 31 establishing
2368 2632 23 24 in
2394 2632 68 32 fact,

1878 2669 19 23 is
1909 2674 38 18 not
1958 2668 113 24 sufficient
2081 2676 7 20 ;
2108 2667 25 23 in
2153 2667 64 23 other
2236 2665 73 25 words
2321 2665 51 24 that
2383 2673 24 17 as
2425 2665 40 25 the

1878 2702 53 23 laws
1943 2702 26 23 of
1984 2701 57 24 New
2052 2700 74 24 South
2138 2700 79 23 Wales
2228 2707 60 16 were
2299 2700 24 23 in
2334 2698 60 25 force
2406 2698 56 25 dur-

1878 2736 39 30 ing
1928 2735 38 23 the
1977 2734 78 31 period
2064 2735 25 22 in
2100 2733 113 32 question,
2221 2733 31 23 all
2262 2728 205 36 persons&eeking

1879 2768 124 23 admission
2024 2767 70 24 under
2107 2767 46 23 this
2173 2766 84 28 clause,
2270 2765 82 25 should
2363 2765 28 24 be
2401 2773 64 16 com-

1878 2801 73 31 pelled
1970 2806 22 18 to
2015 2801 61 23 show
2098 2799 49 25 that
2168 2799 53 32 they
2234 2806 56 16 were
2312 2798 113 31 qualified,
2439 2806 27 15 or

1879 2842 56 16 were
1947 2839 25 18 at
1989 2834 57 23 least
2063 2834 25 23 in
2098 2841 14 16 a
2124 2832 115 25 condition
2257 2837 23 18 to
2291 2831 87 31 qualify
2389 2831 76 24 them-

1879 2867 72 25 selves
1964 2867 72 23 under
2048 2866 63 24 those
2122 2866 64 23 laws.
2222 2865 24 23 It
2257 2865 80 23 seems'
2340 2868 23 20 to
2372 2871 35 17 me
2417 2864 50 24 that

1879 2902 23 22 in
1915 2900 65 24 order
1992 2904 23 19 to
2037 2904 93 27 support
2149 2899 45 23 this
2207 2898 63 29 view,
2283 2897 64 25 there
2357 2898 21 23 is
2390 2905 76 16 some-

1879 2933 72 24 where
1960 2942 29 14 an
2000 2933 110 24 obstinate
2118 2932 157 32 presumption
2285 2935 23 19 to
2315 2930 29 24 be
2352 2930 113 29 rebutted,

1880 2967 95 30 namely,
1989 2966 48 23 that
2048 2965 43 24 had
2103 2965 39 24 the
2154 2965 132 31 legislature
2300 2963 167 32 contemplated

1880 3000 37 24 the
1928 3000 123 24 admission
2064 2999 24 24 of
2105 2999 39 23 the
2158 2998 58 23 class
2238 2997 132 32 designated
2389 2998 25 22 in
2426 2997 39 24 the

1881 3032 120 32 objection,
2021 3031 97 31 namely,
2142 3038 95 24 persons
2259 3031 55 29 only
2337 3029 48 24 who
2406 3037 61 16 were

1881 3066 105 31 qualified
2004 3065 30 32 by
2046 3065 37 23 the
2101 3066 55 22 laws
2168 3064 26 24 of
2210 3063 58 25 New
2287 3062 75 24 South
2379 3062 86 28 Wales,

1880 3099 42 24 and
1939 3106 60 16 were
2015 3097 139 25 established
2170 3097 63 24 here.
2269 3095 51 25 The
2331 3095 97 24 fromers
2442 3096 26 23 of

1881 3132 36 24 the
1944 3131 138 28 Ordinance,
2104 3128 76 26 would
2197 3129 57 24 have
2276 3137 26 15 so
2325 3128 73 24 stated
2429 3128 19 23 it
2458 3136 7 16 :

1881 3165 24 24 It
1921 3165 47 24 will
1985 3165 30 23 be
2027 3163 108 24 observed
2155 3162 50 24 that
2225 3163 39 23 the
2281 3161 133 32 legislature
2425 3161 43 24 has

1881 3198 109 33 carefully
2007 3196 174 33 particularized
2198 3196 44 23 and
2261 3195 90 24 defined
2373 3194 37 25 the
2423 3200 43 18 two

1881 3232 83 23 classes
1975 3231 27 26 pf
2020 3230 98 31 English
2140 3229 159 31 practitioners
2319 3228 106 24 intended
2444 3233 22 19 to

1881 3265 27 23 be
1919 3262 116 26 admitted:
2048 3263 50 30 why
2111 3263 55 23 then
2178 3262 37 24 did
2224 3262 18 23 it
2253 3266 41 20 not
2301 3262 160 31 particularize

1881 3299 24 22 in
1917 3297 47 24 like
1976 3304 93 17 manner
2080 3296 39 24 the
2138 3295 56 25 New
2208 3295 74 24 South
2384 3295 84 31 practi-

1882 3332 82 22 tioners
1977 3329 138 25 established
2126 3329 56 24 here
2190 3329 9 24 ?
2237 3328 68 32 Why,
2318 3328 20 23 if
2345 3328 19 23 it
2375 3335 45 16 was
2431 3328 36 23 in-

1882 3363 80 25 tended
1979 3368 32 23 to.
2016 3363 70 24 admit
2102 3371 26 15 so
2147 3362 82 31 clearly
2241 3361 171 28 ascertainable,
2425 3360 43 24 and

1883 3405 24 16 so
1924 3396 72 32 easily
2007 3396 109 24 definable
2138 3404 14 15 a
2171 3395 68 29 class,
2255 3393 40 27 did
2316 3394 39 23 the
2373 3393 96 25 Council

1883 3430 71 24 clothe
1975 3431 30 23 its
2025 3431 112 24 intention
2156 3429 25 24 in
2201 3428 38 26 the
2260 3427 124 24 somewhat
2394 3434 74 23 vague

1883 3463 71 26 words
1972 3471 61 24 upon
2051 3464 39 23 the
2108 3461 175 33 interpretation
2295 3460 25 24 of
2336 3459 72 25 which
2430 3459 39 24 the

1884 3497 72 25 Court
1966 3497 21 24 is
1999 3504 48 16 now
2062 3495 108 32 occupied
2180 3495 9 23 ?

1916 3530 34 24 As
1963 3534 24 19 to
1999 3530 58 23 what
2068 3529 53 24 laws
2133 3529 61 23 there
2209 3535 56 16 were
2276 3527 26 23 in
2313 3526 60 23 force
2385 3530 23 18 at
2429 3525 38 24 the

1884 3564 60 28 time,
1957 3563 39 24 the
2009 3571 49 15 case
2069 3563 21 23 is
2102 3566 40 21 not
2158 3569 25 15 bo
2203 3560 60 24 clear
2274 3562 35 20 'as
2327 3563 23 19 to
2372 3558 28 24 be
2421 3558 48 26 free

1883 3597 57 24 from
1950 3596 32 25 all
1994 3596 68 24 doubt
2074 3594 43 25 and
2137 3589 119 33 difficulty.
2302 3593 34 24 At
2355 3591 37 25 the
2414 3592 55 23 time

1884 3631 25 23 of
1923 3630 48 25 Mr.
1986 3628 126 26 Brandon's
2124 3626 84 26 arrival
2225 3625 51 25 thia
2292 3624 87 30 colony,
2390 3632 47 16 was
2455 3632 14 15 a

1884 3662 145 33 dependency
2048 3661 24 29 pf
2093 3659 60 26 New
2175 3659 75 24 South
2265 3658 89 25 Wales.
2400 3657 25 25 It
2448 3658 20 23 is

1885 3702 47 18 true
1939 3694 57 28 .the
2018 3694 96 25 erection
2138 3692 25 24 of
2178 3691 60 24 New
2261 3688 102 28 Zealand
2385 3691 47 24 into
2455 3697 14 16 a

1884 3734 102 26 separate
1995 3728 77 28 colony
2079 3725 44 24 had
2130 3725 60 25 been
2198 3725 116 24 Gazetted
2320 3725 25 23 in
2350 3721 117 33 England,

1884 3763 39 22 but
1934 3762 18 22 it
1964 3768 46 16 was
2022 3764 38 19 not
2071 3759 61 23 until
2144 3758 38 24 the
2196 3758 57 24 10th
2265 3758 26 23 of
2305 3756 70 32 April
2393 3757 76 27 1841,

1884 3795 47 23 that
1943 3794 58 23 such
2013 3793 127 31 separation
2152 3799 46 15 was
2210 3789 120 33 published
2342 3789 61 24 here.
2446 3788 23 24 It

1885 3827 71 23 would
1969 3826 56 23 have
2037 3826 56 24 been
2105 3824 98 24 difficult
2214 3828 24 19 at
2248 3823 51 23 that
2311 3822 54 23 time
2377 3826 22 19 to

1884 3857 47 31 sltfl
1943 3859 67 26 -what
2029 3858 42 23 law
2091 3865 46 16 was
2158 3857 24 23 in
2201 3857 60 23 force
2270 3855 55 23 here
2337 3855 83 31 during
2431 3854 38 24 the

1884 3892 94 25 interval
1998 3891 57 24 from
2073 3890 69 30 April
2166 3894 22 19 to
2211 3889 59 24 June
2290 3889 63 25 184;!
2361 3894 12 23 •;
2397 3888 38 23 for
2452 3887 17 24 it

536 18 104 44 Cfii
665 16 120 42 Wcto
810 17 208 41 Ztalanb
1042 16 195 46 tißra?iUs
1258 17 92 39 auto
1375 15 302 46 WMUnqton
1702 12 250 50 spectator.

36 113 65 31 profit
111 109 28 31 by
152 116 14 16 a
174 106 99 31 friendly
281 106 110 31 warning,
412 106 42 23 but
471 104 74 24 would
564 105 53 23 first

35 148 54 23 hear
99 142 58 25 from
176 148 29 15 an
217 140 79 23 officer
306 139 26 24 of
350 139 39 23 the
408 138 111 31 Supreme
534 137 80 24 Court.

35 177 75 25 While
121 174 13 24 I
146 174 57 23 have
216 180 28 15 no
256 172 74 24 desire
341 176 23 19 to
376 179 52 23 pass
441 170 37 24 the
488 170 90 23 bounds
593 170 26 23 of

36 211 29 25 all
75 210 43 23 due
128 210 90 27 respect
229 209 23 20 to
271 212 58 24 your
348 203 148 30 Excellency,
517 202 14 24 I
550 202 66 24 could

37 242 54 26 wish
99 246 22 19 to
132 239 60 24 refer
204 246 45 22 any
256 238 52 31 just
324 236 92 25 minded
434 243 60 21 man,
515 235 102 23 whether

37 277 23 24 of
66 275 37 24 the
112 271 60 32 legal
182 270 128 32 profession
322 278 24 16 or
358 274 48 23 not,
416 272 24 20 to
452 268 63 23 those
527 268 88 29 letters,

36 308 42 26 and
93 307 64 23 learu
173 304 61 23 from
249 304 48 22 him
315 303 24 22 in
361 302 62 23 what
441 301 99 31 position
559 308 58 23 your

34 338 138 29 Excellency
183 336 75 24 would
268 336 58 22 have
337 335 56 23 been
405 333 87 32 placed,
509 332 46 24 had
571 341 45 22 you

35 370 95 36 pursued
141 377 46 23 any
198 376 80 16 course
290 376 25 15 so
329 370 127 28 repugnaat
466 370 23 19 to
501 366 39 23 the
551 366 65 30 prin-

35 406 68 31 ciples
115 403 24 23 of
155 402 101 30 English
275 400 52 29 law,
345 400 45 23 and
412 399 38 23 the
461 398 121 32 privileges
594 398 26 24 of

35 435 97 34 English
142 435 84 30 liberty
233 435 9 23 ?
290 433 13 24 I
319 432 47 24 will
385 431 52 28 add,
456 433 49 21 that
525 431 13 23 I
559 431 57 23 have

35 473 60 23 since
105 468 70 24 heard
186 468 59 22 from
256 473 55 23 very
321 465 112 24 excellent
444 464 114 30 authority
568 464 50 23 that

33 505 47 25 Mr.
94 503 83 24 Cotton
191 500 86 23 affirms
292 497 136 32 Rauperaha
442 502 22 18 to
475 497 57 23 have
551 497 66 23 made

34 547 13 15 a
63 537 121 23 statement
201 537 23 18 to
242 532 39 24 the
299 531 87 31 Bishop
398 530 25 23 of
440 529 57 24 New
515 529 102 24 Zealand

33 567 108 35 precisely
153 565 86 24 similar
257 569 23 19 to
302 564 49 24 that
368 563 74 24 which
459 562 30 24 he
506 562 67 24 made
593 567 23 18 to

34 611 42 16 me.

65 642 31 24 In
106 639 138 28 conclusion,
257 639 14 22 I
282 638 45 30 beg
337 642 23 18 to
371 644 79 15 assure
461 644 56 22 your
529 635 87 24 Excel-

33 677 64 29 lency
106 673 24 23 of
139 673 51 23 that
201 671 124 30 unfeigned
341 673 90 27 respect
442 668 73 24 which
531 668 14 23 I
557 668 59 23 shall

33 707 69 26 never*
110 705 41 24 fail
164 709 24 19 to
199 712 45 23 pay
256 708 23 19 to
291 703 39 23 the
341 701 189 32 Representative
541 701 26 23 of
576 701 41 23 her

34 740 98 31 Majesty
138 746 7 20 ;
157 738 43 23 but
211 737 57 23 have
276 740 23 19 to
311 735 67 24 claim
390 741 56 24 your
456 733 160 31 Excellency's

32 773 131 29 indulgence
172 771 35 22 for
218 769 111 31 pursuing
341 767 38 24 the
392 767 51 30 only
453 774 78 16 course
540 766 75 24 which

34 814 43 16 was
88 804 40 25 left
139 810 59 24 open
211 807 22 18 to
242 809 45 21 me,
295 802 24 23 in
330 800 65 24 order
407 804 23 19 to
442 800 81 23 defend
534 799 83 31 myself

33 841 58 22 fiom
105 837 36 23 the
152 835 147 31 degradation
311 833 74 24 which
402 840 58 23 your
475 832 142 31 Excellency

33 880 43 16 was
81 869 90 34 pleased
179 873 23 18 to
209 869 89 30 impose
303 874 61 24 upon
371 873 37 16 me
416 866 75 23 before
498 873 38 22 my
542 865 74 23 fellow

34 905 112 24 colonists.
190 901 26 23 If
231 900 13 24 I
263 900 57 23 have
340 899 111 23 ventured
462 903 22 19 to
495 898 69 23 make
576 905 40 16 use

33 938 25 24 of
72 938 130 30 arguments
213 933 76 24 which
306 933 75 30 might
397 932 58 23 have
474 931 70 23 fallen
562 931 54 23 with

33 979 61 16 more
105 975 66 24 grace
183 967 45 23 and
239 974 75 23 power
322 966 63 22 from
397 973 62 15 some
466 972 86 23 among
557 964 60 23 their

34 1004 57 30 body
101 1002 73 23 better
186 999 108 32 qualified
305 999 31 30 by
346 1006 68 23 years
426 998 43 23 and
482 998 134 30 experience

32 1038 32 23 for
75 1037 39 23 the
124 1034 61 27 task,
200 1034 12 22 I
225 1037 62 19 must
297 1031 146 32 respectfully
460 1030 87 25 submit
565 1030 52 24 that

35 1078 22 16 as
68 1075 56 25 your
135 1066 142 30 Excellency
288 1072 50 16 was
349 1064 92 31 pleased
454 1068 21 19 to
491 1063 71 23 select
580 1071 37 15 me

35 1104 56 22 from
103 1107 83 22 among
195 1100 63 22 them
267 1098 35 23 for
314 1106 14 14 a
338 1097 78 30 public
435 1096 97 31 reproof,
557 1103 24 16 so
604 1096 13 23 I

35 1136 56 23 have
102 1138 39 19 not
153 1131 99 30 thought
270 1131 18 23 it
305 1130 153 30 unbecoming
477 1133 23 19 to
519 1129 98 23 advance

35 1170 21 22 in
73 1174 40 23 my
131 1173 50 15 own
203 1164 93 23 defence
308 1162 112 32 opinions,
442 1162 71 23 which
535 1162 13 23 I
560 1162 57 23 have

36 1199 95 26 imbibed
153 1198 60 22 from
232 1204 69 23 many
325 1195 62 23 older
410 1195 44 23 and
477 1195 64 23 wiser
562 1195 55 23 than

36 1232 80 33 myself
132 1238 84 22 among
227 1237 39 23 my
286 1228 95 28 friends,
404 1228 42 23 but
466 1228 73 23 which
560 1228 57 23 have

36 1268 54 23 been
102 1263 123 25 confirmed
235 1263 26 23 in
272 1270 38 22 my
328 1261 64 23 mind
411 1261 31 30 by
453 1268 62 16 some
528 1262 89 30 experi-

37 1308 52 16 ence
120 1304 84 23 among
246 1295 38 24 the
318 1294 139 31 Aborigines
493 1294 24 23 of
555 1294 62 23 these

35 1331 94 26 Islands.

234 1361 14 24 I
259 1362 66 28 have,
338 1360 54 29 &c,

182 1401 31 24 E.
226 1401 176 23 Jerninoham
414 1399 168 24 Wakefield.

165 1439 36 24 his
211 1437 143 30 Excellency

39 1474 91 33 Captain
142 1472 90 24 Robert
243 1471 104 29 Fitzroy,
361 1470 78 28 R.N.,

70 1508 117 23 Governor
199 1505 25 24 of
233 1503 58 25 New
303 1503 110 29 Zealand,

101 1540 52 25 &c,
222 1538 55 27 &c,
346 1536 44 24 &c.

118 1598 214 25 SUPREME
373 1597 158 25 COURT.

642 105 62 23 davit
715 105 51 23 that
776 106 19 21 it
805 111 51 18 was'
861 105 37 22 his
908 105 134 29 profession,
1055 105 49 23 that
1112 103 28 24 he
1151 104 75 25 there-

642 138 48 23 fore
708 138 66 23 acted
792 138 23 23 in
843 137 109 23 violation
974 137 25 23 of
1022 138 39 22 the
1084 137 49 28 law,
1155 136 71 24 which

643 174 84 19 cannot
739 171 27 22 be
775 170 71 23 called
857 170 38 23 the
903 170 99 22 exercise
1012 169 26 23 of
1046 169 37 24 his
1092 169 134 32 profession.

643 204 36 22 As
706 203 64 23 there
802 211 44 15 was
876 210 30 15 no
934 202 154 23 examination
1115 202 25 23 in
1171 201 55 24 New

644 235 110 29 Zealand,
767 244 13 15 a
792 239 87 25 greater
887 234 112 30 vigilance
1010 241 46 16 was
1068 242 127 22 necessary.

678 268 67 24 Ross
769 268 47 24 also
834 266 101 32 opposed
958 266 43 24 and
1023 267 125 23 concurred
1175 266 51 23 with

645 301 107 31 Holroyd
761 300 44 24 and
817 300 106 28 Hanson,
933 299 44 23 and
986 299 125 24 contended
1120 299 49 25 that
1179 299 46 25 Mr.

644 334 110 24 Brandon
763 332 44 25 had
816 332 63 23 acted
889 332 93 23 without
988 332 44 23 due
1041 336 103 20 warrant.
1168 332 58 25 That

643 374 96 23 persons
750 365 50 25 who
818 365 43 23 had
872 364 96 24 fulfilled
978 364 31 24 all
1025 364 50 24 that
1086 372 45 16 was
1148 372 78 16 neces-

643 407 53 22 sary
708 404 23 18 to
743 406 15 16 a
774 397 44 24 call
835 402 24 19 to
879 397 39 24 the
936 397 47 29 bar,
1002 404 26 16 or
1049 402 24 18 to
1086 398 99 30 practice
1202 404 24 15 as

644 432 113 22 solicitors
777 432 25 22 in
821 430 116 31 England,
954 436 58 16 were
1030 433 23 19 to
1071 437 61 17 some
1151 433 75 21 extent

640 463 104 32 justified
762 464 25 23 in
805 463 97 30 actually
914 463 124 31 practising
1049 463 95 23 without
1159 463 67 29 being

644 496 53 30 duly
714 496 109 24 admitted
841 496 24 23 in
883 496 39 23 the
940 496 83 23 Courts
1035 495 25 23 of
1077 495 57 24 New
1155 495 71 24 South

644 529 87 25 Wales,
767 529 60 23 That
844 529 66 23 those
921 528 50 23 who
983 528 80 23 served
1082 527 58 24 their
1152 527 74 25 clerk-

644 561 50 31 ship
707 569 26 16 or
744 561 57 31 kept
811 565 69 19 terms
891 562 25 21 in
934 560 115 32 England,
1062 568 61 15 we-e
1134 566 41 18 not
1191 562 35 22 in-

643 594 66 24 titled
727 599 23 19 to
762 594 123 25 admission
903 594 72 22 under
991 593 50 23 that
1059 595 87 22 section
1157 603 6 20 ;
1183 601 43 16 was

644 627 47 24 Mr.
705 626 108 25 Brandon
830 626 112 24 therefore
954 630 23 19 to
994 626 57 23 have
1063 633 30 16 an
1104 626 122 31 advantage

643 668 53 15 over
707 659 31 24 all
748 659 63 24 these
819 659 8 24 ?
851 659 63 24 That
924 658 30 24 he
961 657 60 32 (Mr.
1035 658 74 32 Ross)
1119 659 107 30 although

644 693 110 23 admitted
766 693 23 22 in
800 692 37 23 the
849 693 112 31 Supreme
973 691 71 24 Court
1053 692 25 23 of
1088 692 55 23 New
1155 692 71 24 South

644 725 86 29 Wales,
756 733 45 15 was
821 727 32 21 let
875 726 25 22 in
923 729 23 19 to
974 726 99 29 practice
1096 726 72 22 under
1188 725 38 23 the

644 758 113 31 Supreme
775 758 71 24 Court
858 757 138 29 Ordinance,
1010 757 94 23 Session
1115 760 33 26 2.,
1162 766 25 15 as
1199 765 27 16 an

644 789 101 32 English
757 791 107 25 solicitor.

678 830 79 26 Hart
790 830 130 28 concurred.,
951 829 42 24 and
1029 830 67 23 dwelt
1131 839 30 15 on
1190 830 37 23 the

644 871 50 16 case
708 863 25 23 of
750 863 47 24 Mr.
817 863 147 28 Cheeseman,
983 863 50 23 who
1054 863 44 23 had
1119 863 56 31 kept
1192 863 35 23 his

644 896 79 23 twelve
736 901 69 18 terms
816 896 23 23 in
856 896 109 31 England
979 896 43 23 and
1035 896 112 30 practised
1166 897 63 22 thertr

644 938 24 15 as
680 937 14 15 a
707 928 137 24 certificated
856 936 162 22 conveyancer.

678 968 93 25 Gould
801 968 70 31 urged
903 967 49 24 that
975 967 46 25 Mr.
1055 968 107 24 Brandon
1191 967 36 25 did

644 1006 40 19 not
694 1009 55 16 aver
761 1002 23 22 in
795 1000 35 24 his
842 1001 101 23 affidavit
954 1008 42 23 any
1006 1002 86 23 service
1106 1002 25 23 of
1139 1001 88 24 articles

644 1036 23 22 in
681 1034 118 30 England.
