2529 4039
1929 627 51 25 The
1992 628 74 24 wreck
2078 628 25 23 of
2110 627 43 33 [the
2164 628 116 29 Fifeshire
2296 635 23 19 at
2330 631 88 24 Nelson
2433 638 46 17 was

1894 662 130 23 mentioned
2035 662 24 23 in
2071 669 14 15 a
2095 663 121 29 postscript
2227 666 24 19 to
2262 663 44 24 last
2314 664 165 31 Wednesday's

1894 702 78 23 paper,
1985 695 40 23 but
2036 696 25 22 in
2068 703 61 15 some
2141 699 100 27 respects
2254 696 37 22 the
2303 702 94 18 account
2405 697 25 23 of
2439 697 40 23 the

1895 728 97 23 disaster
2007 736 45 15 was
2065 729 117 22 incorrect.
2219 728 51 24 The
2279 729 118 32 following
2406 732 73 30 parti-

1896 761 73 23 culars
1981 769 52 15 may
2042 762 30 22 be
2084 761 69 23 relied
2164 769 70 15 upon.
2463 764 9 16 <

1906 808 4 3 •
1930 794 38 23 On
1978 800 4 4 '
1990 795 99 31 Sunday,
2106 795 38 23 the
2164 795 59 26 27th
2241 795 125 31 February,
2384 795 37 24 the
2433 795 48 24 tide

1894 827 69 31 being
1974 835 30 23 up
2012 828 33 23 for
2054 828 51 24 that
2113 828 51 31 day,
2178 828 97 31 Captain
2283 828 130 24 Wakefield
2421 834 61 18 went

1894 860 26 23 in
1931 864 24 19 to
1966 860 53 24 read
2035 868 99 24 prayers,
2157 863 125 30 supposing
2299 863 18 22 it
2330 863 86 24 certain,
2432 863 50 22 that

1894 900 30 15 no
1942 896 93 28 attempt
2046 894 74 23 would
2134 895 28 23 be
2174 895 66 23 made
2256 899 23 19 to
2298 896 53 22 take
2362 895 40 23 the
2413 895 67 31 Fife-

1898 925 64 23 shire
1973 931 38 19 out
2023 926 23 24 of
2061 931 59 27 port,
2138 928 122 30 especially
2271 936 24 15 as
2313 929 39 22 the
2364 928 60 23 wind
2435 936 47 15 was

1894 966 56 23 very
1960 958 66 32 light.
2062 960 49 23 But
2127 960 49 24 Mr.
2197 961 90 29 Moore,
2305 962 50 23 who
2372 962 110 30 formerly

1896 993 146 23 commanded
2064 993 39 24 the
2135 992 93 31 Jewess,
2259 995 44 22 and
2326 1002 46 15 was
2405 995 77 31 acting

1895 1025 196 25 harbour-master
2119 1026 82 31 during
2223 1026 40 24 the
2286 1027 80 24 illness
2392 1027 26 23 of
2442 1028 38 23 the

1894 1059 91 30 regular
1996 1060 62 31 pilot,
2069 1059 121 24 consented
2200 1064 23 18 to
2237 1059 52 25 take
2301 1059 38 25 the
2348 1060 75 24 vessel
2430 1065 49 19 out.
2483 1069 10 4 -

1896 1092 50 23 The
1959 1092 100 25 ebb-tide
2075 1093 47 24 had
2131 1092 73 30 made,
2223 1093 46 24 and
2280 1101 30 16 on
2326 1094 104 30 entering
2441 1094 41 23 the

1894 1133 100 17 narrows
2013 1127 19 23 it
2048 1126 41 24 fell
2109 1126 65 24 calm.
2214 1126 96 24 Instead
2326 1126 32 27 of.
2369 1126 123 32 dropping-

1895 1159 92 29 anchor,
1999 1160 37 23 the
2048 1160 57 30 pilot
2117 1159 91 24 allowed
2216 1160 38 23 the
2266 1160 74 23 vessel
2348 1164 23 19 to
2384 1160 54 23 drift
2450 1165 30 18 on

1896 1200 12 14 a
1915 1192 66 31 ledge
1994 1193 24 23 of
2026 1193 76 28 rocks,
2115 1193 131 30 amidships,
2254 1193 82 29 where,
2347 1193 71 30 being
2426 1200 56 24 very

1895 1225 72 29 weak,
1986 1225 40 24 she
2037 1226 84 30 bilged,
2133 1226 45 23 and
2188 1226 73 23 broke
2271 1226 42 23 her
2327 1226 54 23 keel
2392 1226 24 23 in
2427 1230 53 21 two.

1896 1258 51 23 The
1964 1258 66 31 ledge
2041 1259 25 23 of
2081 1259 69 23 rocks
2167 1259 66 23 stood
2251 1259 86 23 several
2350 1259 47 23 feet
2405 1259 77 24 -above

1895 1295 77 20 water.
2010 1291 97 32 Captain
2117 1291 130 24 Wakefield
2265 1299 61 16 came
2338 1296 39 19 out
2393 1291 50 31 just
2456 1294 26 22 in

1896 1325 54 23 time
1951 1345 5 12 ;
1962 1329 22 19 to
1996 1332 37 16 see
2045 1325 41 23 her
2094 1325 103 30 entering
2205 1325 39 23 the
2254 1332 108 22 narrows,
2378 1325 66 23 when
2458 1330 23 19 to

1896 1366 52 15 save
1968 1358 29 23 all
2016 1358 47 23 that
2084 1358 66 23 could
2161 1359 28 22 be
2206 1358 71 23 saved
2286 1358 35 23 for
2339 1358 39 23 the
2395 1359 85 23 under-

1895 1392 96 28 writers,
2009 1399 45 16 was
2065 1392 26 22 of
2106 1399 78 16 course
2202 1392 39 23 the
2261 1395 88 20 utmost
2367 1392 30 23 he
2414 1392 67 24 could

1896 1424 72 25 effect.
2004 1425 37 23 No
2051 1425 76 29 doubt,
2144 1432 95 24 persons
2251 1425 48 22 who
2313 1425 66 23 think
2390 1425 19 22 it
2420 1425 60 24 their

1896 1458 94 23 interest
2002 1462 21 20 to
2037 1458 67 31 decry
2115 1458 38 23 the
2164 1458 107 29 harbour,
2283 1458 45 23 will
2343 1458 87 23 ascribe
2441 1458 39 24 the

1894 1490 138 30 Fifeshire's
2050 1492 95 23 disaster
2165 1495 22 19 to
2209 1492 31 22 its
2263 1491 91 23 natural
2371 1491 106 31 dangers.

1896 1524 47 23 But
1957 1524 62 24 there
2037 1533 36 15 are
2085 1532 69 23 many
2165 1525 56 23 facts
2240 1529 25 19 to
2279 1524 69 29 show,
2362 1524 51 23 that
2423 1525 55 23 with

1896 1565 81 23 proper
1989 1566 56 20 care,
2066 1558 89 23 Nelson
2173 1557 85 24 Haven
2277 1565 52 23 may
2339 1557 29 24 be
2387 1559 92 22 entered

1897 1591 50 23 and.
1962 1591 41 23 left
2014 1590 53 24 with
2082 1590 87 31 perfect
2188 1591 73 30 safety
2273 1599 6 21 ;
2298 1591 45 23 and
2356 1591 50 23 that
2422 1593 57 21 mis-

1896 1628 158 26 management
2061 1646 2 4 ,
2072 1624 81 23 caused
2171 1624 37 23 the
2226 1623 77 24 wreck
2322 1625 25 22 of
2356 1624 37 23 the
2413 1623 66 32 Fife-

1896 1656 70 24 shire.
2002 1657 50 24 The
2063 1656 68 24 Lord
2145 1656 122 24 Auckland
2281 1656 45 24 and
2333 1655 74 32 Mary
2419 1657 61 30 Ann,

1896 1689 55 24 both
1965 1690 72 31 heavy
2049 1691 71 31 ships,
2139 1698 59 15 were
2207 1694 40 27 got
2265 1691 26 22 in
2306 1690 96 24 without
2421 1690 59 23 diffi-

1898 1723 69 30 culty,
1985 1724 82 31 simply
2082 1724 96 24 because
2198 1724 37 23 the
2252 1727 57 20 state
2322 1724 26 23 of
2362 1724 61 23 wind
2437 1724 45 23 and

1898 1757 45 23 tide
1955 1765 46 16 was
2013 1757 104 24 attended
2129 1762 30 19 to.
2180 1776 7 5 .
2200 1779 2 4 ,

1932 1790 74 24 Other
2014 1791 143 23 information
2164 1791 59 23 from
2234 1790 89 24 Nelson
2334 1792 21 22 is
2367 1790 25 24 of
2399 1799 14 15 a
2423 1796 61 18 most

1899 1824 141 30 satisfactory
2063 1825 121 23 character.
2237 1824 52 23 The
2316 1824 90 23 settlers
2432 1824 51 23 who

1899 1865 63 15 came
1974 1862 39 18 out
2032 1858 23 22 in
2067 1858 38 23 the
2117 1857 65 24 Lord
2200 1857 126 30 Auckland,
2348 1865 38 15 are
2405 1865 78 23 repre-

1899 1891 79 23 sented
1995 1899 24 15 as
2038 1899 13 15 a
2061 1891 103 24 valuable
2183 1891 99 24 addition
2294 1894 23 20 to
2336 1891 37 23 the
2386 1891 96 30 Colony.

1899 1923 74 32 Many
1985 1924 26 24 of
2025 1924 62 24 them,
2098 1933 38 15 are
2146 1932 94 23 persons
2252 1924 27 23 of
2291 1924 90 31 capital.
2417 1924 65 30 They

1899 1964 59 16 were
1970 1958 122 31 extremely
2103 1958 51 23 well
2165 1957 86 24 treated
2263 1958 30 30 by
2304 1958 59 23 their
2378 1957 106 31 Captain,

1900 1991 45 23 and
1954 1991 56 23 both
2019 1992 65 22 cabin
2094 1999 136 23 passengers
2237 1991 46 23 and
2292 1991 123 30 emigrants
2426 1990 58 24 have

1900 2024 132 23 subscribed
2043 2028 23 19 to
2076 2025 69 22 make
2156 2025 49 22 him
2215 2032 14 14 a
2239 2028 101 26 present.

1932 2064 108 21 Between
2056 2065 31 21 20
2107 2063 45 22 and
2173 2065 31 20 30
2226 2069 56 15 men
2303 2056 41 29 are'
2365 2062 121 31 employed

1898 2102 63 24 upon
1971 2094 39 23 the
2021 2094 75 24 roads.
2143 2094 50 24 The
2213 2102 123 23 surveyors
2354 2102 59 16 were
2430 2103 54 23 pro-

1901 2128 94 31 ceeding
2011 2128 54 24 with
2084 2129 87 29 vigour,
2195 2128 44 22 and
2258 2128 22 22 if
2305 2128 38 23 the
2367 2128 120 24 Governor

1899 2161 75 24 would
1986 2161 52 31 only
2051 2162 144 23 commission
2207 2161 125 31 somebody
2344 2166 23 19 to
2386 2169 99 24 approve

1902 2195 24 23 of
1942 2194 39 24 the
1992 2202 101 16 reserves
2105 2194 34 24 for
2150 2194 77 31 public
2237 2202 120 23 purposes,
2374 2195 40 23 the
2425 2200 61 19 town

1901 2228 148 24 acres'would
2059 2228 28 24 be
2098 2228 69 31 ready
2178 2228 35 23 for
2229 2227 147 25 distribution
2383 2251 3 6 ,
2395 2236 30 16 on
2446 2229 39 23 the

1901 2263 52 23 first
1970 2262 24 23 of
2009 2261 73 31 April.
2138 2276 11 3 --
2287 2265 4 2 '

1934 2295 52 24 The
1993 2296 54 22 lime
2056 2295 70 23 found
2141 2295 23 22 in
2176 2295 119 23 Massacre
2306 2295 52 31 Bay
2369 2296 19 23 is
2401 2296 25 23 of
2442 2303 40 16 ex-

1901 2329 81 23 cellent
1995 2329 84 31 quality
2079 2341 34 4 —
2114 2328 38 23 the
2164 2328 50 24 coal
2232 2333 41 19 not
2294 2329 61 30 quite
2374 2329 68 31 equal
2460 2333 24 20 to

1901 2362 86 24 thatof
2157 2362 42 23 but
2212 2362 20 23 it
2242 2369 54 23 may
2305 2362 27 23 be
2343 2362 109 32 expected
2460 2366 24 20 to

1901 2397 101 30 improve
2012 2403 29 15 on
2052 2395 94 32 digging
2157 2395 88 31 deeper.
2288 2394 50 24 The
2350 2395 49 31 clay
2405 2395 27 24 is-
2438 2396 48 23 also

1901 2437 55 23 very
1963 2428 66 32 good,
2041 2429 46 27 and.
2096 2431 74 25 5,000
2178 2428 78 23 bricks
2268 2428 45 23 had
2322 2429 59 23 been
2388 2428 66 25 made
2461 2430 27 23 of

1901 2463 26 24 it.
1941 2487 4 5 ,
1962 2462 51 24 The
2019 2463 133 30 population
2157 2468 45 17 was
2216 2463 56 28 800,
2284 2462 94 23 without
2388 2463 96 29 natives,

1902 2496 44 23 and
1957 2496 40 23 the
2015 2495 105 24 Bolton's
2138 2496 122 30 emigrants
2277 2495 74 24 would
2362 2496 59 23 raise
2432 2496 53 23 itto

1903 2529 69 24 about
1985 2531 81 27 1,000.
2219 2529 39 23 the
2269 2536 55 24 year
2341 2529 88 23 Nelson
2440 2529 46 23 will

1901 2563 28 23 be
1941 2563 95 24 entitled
2047 2567 22 19 to
2082 2571 12 15 a
2105 2562 156 32 Corporation.
2299 2562 49 23 The
2355 2562 52 23 first
2417 2570 68 15 num-

1901 2596 40 24 ber
1954 2596 25 24 of
1993 2596 39 24 the
2049 2604 131 23 newspaper
2199 2603 45 16 was
2254 2599 32 20 -to
2303 2603 64 16 come
2385 2600 40 19 out
2440 2596 46 23 this

1902 2630 51 30 day.
2003 2641 3 3 •
2018 2629 76 24 These
2131 2630 151 30 encouraging
2312 2630 174 23 circumstances

1902 2670 63 16 more
1988 2663 56 23 than
2065 2662 187 24 counterbalance
2275 2662 40 23 the
2331 2662 57 24 loss'
2399 2662 26 24 of
2448 2662 38 24 the

1901 2695 126 30 FifesMre.
2178 2697 8 10 v

111 2632 170 24 SHIPPING
299 2632 275 24 INTELLIGENCE.

273 2684 144 20 ARRIVED.

81 2766 78 20 March
170 2768 32 25 10,
212 2767 104 20 schooner
325 2767 94 26 Nymph,
430 2768 34 26 22,
476 2768 98 26 Scanlon,
584 2769 55 20 from

55 2792 92 28 Poverty
156 2794 45 26 Bay
208 2802 7 16 ;
230 2801 68 19 cargo,
309 2797 97 24 potatoes
416 2795 40 20 and
466 2796 73 20 maize.

80 2821 52 20 Last
147 2822 68 25 night,
235 2822 78 26 barque
328 2823 80 26 Bright
422 2823 84 25 Planet,
520 2824 47 25 187,
578 2823 61 21 Mor-

52 2848 66 25 rison,
128 2849 55 20 from
193 2850 36 19 the
239 2852 64 18 coast.

80 2710 76 21 March
166 2712 21 24 8,
198 2712 104 20 schooner
312 2712 53 20 New
379 2712 121 26 Zealander,
512 2714 34 26 25,
560 2713 78 25 Guard,

51 2738 58 21 from
121 2739 81 25 Cloudy
212 2739 53 25 Bay.

290 2895 115 20 SAILED.

78 2922 78 21 March
174 2923 20 26 9,
214 2922 104 20 schooner
332 2923 83 27 Henry,
426 2923 33 25 14,
476 2923 119 27 Daymond,
606 2924 34 21 for

50 2950 38 21 the
97 2950 121 21 Manewatu
229 2950 71 20 River.

278 2996 34 20 IN
327 2996 86 22 PORT.

105 3023 84 27 Barque
201 3023 112 27 Clydeside,
325 3023 131 22 Mathieson.

106 3051 107 21 Schooner
227 3052 105 20 Governor
341 3053 93 24 JHolison,
445 3052 96 22 Skelton.

105 3090 27 5 —
132 3091 3 12 :
231 3080 65 25 Mary
309 3080 51 20 Ann
375 3081 71 24 Wade,
461 3080 80 21 Tulett.

225 3108 61 25 Lady
294 3108 74 25 Leigh,
380 3108 79 21 Roche.

107 3133 52 27 Ship
171 3135 85 25 Clifton,
269 3135 52 21 Cox.

106 3161 84 26 Barque
200 3163 82 24 Bolton,
293 3163 119 22 Robinson.

107 3189 107 20 Schooner
226 3190 55 24 Gem,
293 3190 84 21 Pearce.

104 3216 85 26 Barque
198 3216 94 26 Birman,
304 3217 96 22 Cleland.

108 3243 107 21 Schooner
224 3244 78 21 Nelson
313 3246 85 24 Packet,
408 3246 99 22 Jackson.

228 3272 66 24 Anne,
305 3272 97 23 Browne.

227 3299 100 25 Blossom,
338 3301 96 21 Tullock.

107 3338 3 5 ■
227 3326 60 25 Jane,
296 3327 87 22 Fabien.

107 3354 77 21 Cutter
195 3354 109 20 Catherine
312 3352 120 31 Jo7ihstone,
442 3356 84 26 Taylor.

106 3382 54 26 Brig
167 3382 73 19 Maria
252 3382 95 25 Theresa,
361 3382 70 22 Clark.

108 3410 108 20 Schooner
224 3409 98 26 Look-in,
335 3410 96 21 Cannon.

106 3437 85 27 Barque
199 3436 53 21 New
262 3436 58 20 York
328 3437 88 27 Packet,
427 3437 99 28 Gregory.

108 3465 108 20 Schooner
224 3464 105 23 Minerva,
341 3464 61 21 Reid.

227 3491 65 25 Kate,
302 3491 130 21 M'Farlane.

228 3523 52 17 New
288 3519 122 25 zealander,
422 3519 77 21 Guard.

228 3547 90 26 Nymph,
331 3547 100 20 Scanlon.
506 3550 5 9 '

107 3575 84 28 Barque
200 3575 80 26 Bright
290 3575 84 24 Planet,
386 3573 114 21 Morrison.

81 3631 106 21 Erratum.
189 3641 28 4 —
217 3630 45 21 The
278 3630 154 20 measurement
443 3628 24 20 of
478 3629 36 20 the
530 3630 109 22 Catherine

51 3658 115 21 Johnstone
174 3664 41 14 was
224 3658 70 20 stated
307 3657 25 20 in
347 3663 40 14 our
403 3657 40 20 last
454 3662 63 21 paper
526 3663 23 15 as
562 3659 77 26 twenty

52 3689 50 18 tons
104 3697 27 4 —
131 3686 17 20 it
158 3686 76 21 should
243 3686 52 20 have
304 3685 55 20 been
374 3686 34 19 ten
418 3683 57 26 only.

225 3745 122 21 CUSTOM
362 3744 109 22 HOUSE.

204 3806 114 16 INWARDS
318 3812 28 4 —
347 3805 141 16 COASTWISE.

81 3837 32 22 In
121 3843 48 15 the
329 3841 67 15 from
407 3835 108 21 Poverty
524 3834 62 21 Bay.
588 3846 27 5 —
617 3837 23 20 C.

55 3867 94 22 Strauss,
160 3865 103 25 Agent.—
266 3864 40 20 3oo
321 3863 86 21 bushels
422 3862 72 26 maize,
507 3863 25 20 10
543 3866 50 18 tons
602 3869 39 21 po-

52 3895 78 21 tatoes,
140 3892 84 20 Martin
232 3892 42 19 and
286 3892 33 19 Co.

76 3920 38 20 ■In
128 3924 47 15 the
209 3919 60 20 New
468 3923 65 15 from
544 3918 97 21 Cloudy

53 3947 164 21 &\r.—*-Wa?it
226 3946 18 25 8c
260 3947 71 25 Tyser,
348 3947 116 25 Agents.—
466 3946 10 20 l
488 3949 36 17 ton
535 3948 105 24 potatoes,

54 3977 15 19 2
79 3975 61 21 casks
149 3973 47 25 fish,
210 3973 73 21 Order.

1316 301 26 24 If
1355 302 39 24 the
1412 303 89 24 British
1518 304 92 23 settlers
1624 304 25 23 in
1666 304 58 23 Port
1741 304 128 24 Nicholson

1282 335 45 23 and
1339 335 63 23 other
1412 340 63 27 parts
1491 337 24 23 of
1529 337 59 23 New
1605 337 102 23 Zealand
1725 344 59 16 were
1797 337 71 23 sloth-

1282 368 40 29 ful,
1346 369 147 29 uneducated,
1518 370 108 30 ignorant
1654 370 44 23 and
1725 370 98 23 careless
1845 370 26 23 of

1281 401 101 31 political
1398 402 74 30 rights
1489 403 44 23 and
1550 403 130 31 privileges,
1694 403 52 23 well
1763 403 65 23 fitted
1845 407 23 19 to

1281 435 29 22 be
1332 435 148 24 instruments
1503 436 25 23 of
1548 436 73 31 crafty
1643 436 44 23 and
1709 436 166 31 unprincipled,

1282 475 60 21 men,
1351 468 56 22 then
1417 476 34 15 we
1463 468 81 24 should
1561 477 67 23 agree
1646 470 54 22 with
1713 469 37 23 the
1764 469 43 23 few
1818 470 50 22 who

1283 499 64 24 deem
1365 500 38 23 the
1421 506 67 25 grant
1510 501 26 24 of
1553 510 15 15 a
1590 502 246 32 Municipal^Charter
1854 510 13 15 a

1282 537 65 27 great
1362 534 144 29 misfortune,
1523 538 42 20 not
1583 539 22 19 to
1624 535 34 23 be'
1673 535 142 31 outweighed
1837 536 29 30 by

1282 574 45 23 any
1337 567 74 23 minor
1428 567 96 23 benefits
1536 567 75 24 which
1626 569 74 31 might
1718 576 80 16 accrue
1809 569 59 23 from

1282 600 26 22 it.
1344 599 47 24 But
1412 600 58 23 such
1486 601 21 22 is
1526 605 42 19 not
1589 601 39 23 the
1648 602 116 23 character
1782 602 24 23 of
1826 609 42 15 our

1282 631 201 30 fellow-colonists,
1501 633 50 24 who
1574 633 57 24 have
1654 635 122 29 exhibited,
1797 635 22 23 in
1837 643 30 15 no

1283 665 105 31 ordinary
1403 666 88 30 degree,
1505 666 129 31 discretion,
1647 675 91 24 energy,
1752 668 46 23 and
1812 668 55 23 self-

1282 698 105 24 reliance.
1424 699 58 24 Give
1490 699 62 23 them
1558 700 39 23 the
1609 708 73 24 power
1691 702 25 22 of
1724 701 142 31 controlling,

1282 731 50 24 that
1346 732 28 29 is,
1393 732 26 23 of
1434 732 96 31 electing
1547 732 45 24 and
1609 734 111 31 rejecting
1734 734 133 27 .candidates

1282 765 35 23 for
1334 769 60 20 seats
1412 766 25 23 in
1455 765 37 24 the
1511 765 128 32 Municipal
1659 767 103 28 Council,
1775 767 43 23 and
1833 775 34 15 we

1281 798 58 23 have
1348 806 28 16 no
1388 799 165 31 apprehension
1564 799 50 23 that
1631 799 53 31 they
1696 800 45 23 will
1761 800 69 31 lazily
1842 809 25 15 or

1282 831 114 31 corruptly
1408 832 86 24 decline
1512 836 22 19 to
1554 833 100 23 exercise
1670 833 51 23 that
1738 840 77 24 power
1831 833 36 24 for

1282 864 38 24 the
1332 866 76 29 public
1419 866 63 23 weal.

1316 905 51 24 Our
1380 906 62 23 chief
1449 914 82 15 reason
1541 906 37 23 for
1588 906 147 31 anticipating
1746 914 14 15 a
1771 906 96 32 prudent

1282 939 44 23 and
1336 938 83 24 honest
1430 944 160 27 management
1602 939 26 23 of
1636 939 58 23 local
1706 939 76 23 affairs
1797 940 30 30 by
1839 948 28 15 an

1282 971 85 24 elected
1380 972 102 30 Council,
1501 974 19 22 is
1537 973 52 23 that
1604 972 39 24 the
1659 973 140 31 community
1810 973 57 24 from

1282 1005 75 23 whom
1373 1005 45 24 and
1435 1007 31 30 by
1481 1006 74 23 whom
1572 1006 40 23 the
1630 1006 142 24 Councillor*
1789 1014 37 16 are
1844 1011 23 19 to

1281 1038 28 23 be
1322 1038 91 29 elected,
1421 1040 21 22 is
1451 1040 25 23 in
1487 1039 37 24 the
1532 1040 64 23 main
1596 1052 33 4 —
1631 1039 235 32 discreet,-sagacious,

1282 1071 43 23 and
1336 1072 160 31 independent,

1314 1112 39 23 On
1373 1112 46 23 this
1437 1113 64 30 point
1518 1120 33 16 we
1572 1113 65 25 differ
1647 1113 59 23 from
1725 1113 48 25 Mr.
1793 1113 72 32 Earp,

1280 1145 50 23 who
1341 1146 132 30 anticipates
1483 1146 47 23 that
1540 1146 130 32 vagabonds
1678 1146 25 23 of
1712 1146 31 24 all
1753 1151 61 20 sorts
1821 1147 45 24 will

1282 1183 62 18 enter
1353 1178 37 23 the
1398 1179 163 30 constituency,
1573 1181 29 29 by
1611 1187 78 15 means
1701 1180 26 23 of
1736 1180 37 23 the
1783 1185 83 26 twenty

1282 1211 91 31 shilling
1389 1212 121 24 franchise.
1546 1213 58 24 Now
1617 1221 32 20 as,
1696 1221 14 15 a
1720 1221 147 23 run-a-away

1405 1252 26 16 or
1470 1245 129 24 fraudulent
1724 1254 41 15 can
1776 1254 53 23 reap
1837 1254 29 16 no

1281 1277 123 31 advantage
1415 1279 60 22 from
1487 1279 37 23 the
1541 1279 172 24 establishment
1725 1280 25 22 of
1764 1280 102 23 Munici-

1280 1312 38 31 pal
1329 1312 148 29 institutions,
1486 1312 128 31 equivalent
1626 1317 23 19 to
1661 1312 37 23 the
1712 1320 51 16 sum
1770 1313 54 31 paid
1831 1313 36 23 for

1280 1345 36 24 his
1327 1349 59 25 vote,
1400 1353 33 21 as,
1445 1353 30 16 on
1486 1346 38 23 the
1535 1350 114 26 contrary,
1659 1345 28 24 he
1699 1346 75 23 would
1784 1346 29 23 be
1825 1354 42 16 one

1281 1379 25 24 of
1314 1378 39 24 the
1365 1383 59 19 most
1433 1379 71 30 likely
1514 1384 21 18 to
1542 1379 28 23 be
1579 1379 101 30 annoyed
1690 1379 32 30 by
1729 1386 29 16 an
1770 1380 98 23 efficient

1280 1412 80 32 police,
1383 1412 45 23 and
1450 1412 56 23 such
1530 1412 65 23 other
1617 1412 140 31 regulations
1779 1421 26 15 as
1829 1412 38 25 the

1280 1446 108 30 Borough
1398 1446 95 23 Council
1504 1446 75 23 would
1591 1446 66 31 adopt
1664 1455 7 19 ;
1684 1446 18 23 it
1712 1447 22 22 is
1745 1446 63 31 plain
1819 1446 49 23 that

1281 1479 27 24 he
1319 1479 46 23 will
1375 1482 40 20 not
1426 1480 51 30 give
1493 1484 83 26 twenty
1590 1479 105 31 shillings
1706 1479 37 24 for
1753 1484 24 19 to
1794 1480 49 23 him
1854 1488 14 15 a

1282 1521 13 15 a
1305 1520 71 16 worse
1393 1512 56 24 than
1459 1512 118 24 worthless
1595 1512 122 24 franchise.
1753 1512 48 24 But
1814 1513 54 23 then

1280 1546 29 23 he
1320 1553 54 23 may
1382 1545 29 24 be
1428 1545 88 24 bribed.
1550 1545 69 29 Well,
1640 1546 91 31 bribery
1743 1554 53 22 may
1808 1547 60 22 exist

1280 1584 23 19 to
1316 1588 13 14 a
1339 1579 66 23 small
1416 1583 78 19 extent
1501 1588 7 19 ;
1530 1579 41 23 but
1581 1586 60 16 were
1653 1579 30 23 all
1697 1579 40 23 the
1785 1587 82 16 run-a-

1281 1620 49 24 way
1465 1612 45 23 and
1545 1613 132 23 fraudulent
1804 1617 24 19 to
1838 1613 30 24 be

1280 1646 95 31 bought,
1386 1646 60 23 their
1457 1645 83 32 weight
1550 1646 26 22 in
1583 1646 38 23 the
1628 1646 52 23 first
1690 1646 96 23 election
1795 1646 75 23 would

1280 1680 28 23 be
1325 1679 100 31 scarcely
1440 1679 42 23 felt
1490 1687 6 20 ;
1517 1679 50 29 and,
1586 1679 22 23 if
1622 1679 39 23 the
1682 1679 96 24 Council
1788 1679 81 24 should

1281 1713 96 32 proceed
1386 1717 23 19 to
1417 1712 27 24 do
1456 1713 30 22 its
1498 1712 62 31 duty,
1572 1712 181 24 thenceforward
1762 1713 40 23 the
1811 1713 57 23 Cor-

1281 1747 104 31 poration
1400 1745 77 24 would
1484 1750 92 27 present
1587 1750 38 19 too
1637 1753 69 23 many
1715 1746 155 31 disagreeable

1283 1781 174 23 circumstances
1487 1783 23 19 to
1537 1779 133 23 scoundrels
1695 1783 23 19 to
1741 1780 29 22 be
1799 1787 70 15 coun-

1283 1813 156 24 ter-balanced
1457 1813 33 30 by
1511 1812 38 23 the
1574 1812 85 23 annual
1685 1813 86 23 bribes.
1820 1812 50 28 Ihe.

1283 1846 173 24 establishment
1468 1846 26 22 of
1506 1853 30 15 an
1552 1847 72 21 active
1637 1850 58 18 town
1706 1846 73 30 police
1796 1846 74 24 would

1282 1880 29 23 be
1323 1880 39 23 the
1378 1884 76 19 surest
1463 1886 78 16 means
1553 1879 26 23 of
1592 1879 93 31 ridding
1696 1880 87 30 society
1793 1879 26 24 of
1832 1879 38 24 the

1283 1918 64 26 pests
1357 1913 74 23 which
1442 1912 100 31 frighten
1554 1912 50 24 Mr.
1617 1912 72 31 Earp.

1316 1954 41 24 An
1392 1952 113 33 approach
1514 1956 23 20 to
1555 1953 115 23 universal
1686 1954 99 29 suffrage
1821 1953 47 24 Mr.

1283 1987 65 31 Earp
1360 1987 115 24 considers
1487 1987 121 30 especially
1619 1987 128 31 dangerous
1758 1987 25 22 in
1798 1995 14 15 a
1825 1987 45 24 Co-

1283 2021 55 31 lony
1346 2030 7 19 ;
1370 2021 42 23 but
1423 2021 76 29 rating
1516 2020 44 22 and
1578 2020 117 23 residence
1713 2020 75 24 would
1803 2028 67 23 prac-

1283 2054 79 30 tically
1381 2054 50 30 give
1450 2053 114 22 universal
1586 2052 106 30 suffrage.
1739 2053 66 28 Very
1827 2053 44 22 few

1283 2087 87 28 merely
1388 2089 129 26 temporary
1534 2084 130 30 sojourners
1682 2083 75 24 would
1774 2084 46 30 buy
1833 2083 37 24 the

1283 2118 123 28 franchise,
1417 2117 35 23 for
1464 2121 23 19 to
1501 2117 62 23 them
1580 2117 18 22 it
1610 2116 75 24 would
1703 2121 41 19 not
1758 2117 28 23 be
1797 2117 74 23 worth

1285 2155 168 27 twenty-pence
1461 2159 7 20 ;
1482 2150 45 23 and
1537 2149 38 24 the
1586 2149 59 24 bulk
1657 2150 24 22 of
1690 2149 37 24 the
1739 2150 132 31 population

1285 2185 92 30 already
1390 2191 90 24 possess
1492 2191 24 15 or
1529 2191 41 15 can
1590 2183 154 31 immediately
1757 2183 90 31 acquire
1859 2192 13 15 a

1285 2218 115 24 residence
1412 2216 75 25 which
1497 2216 72 25 would
1590 2216 78 23 entitle
1680 2216 63 23 them
1761 2220 22 20 to
1799 2221 70 20 votes.

1286 2252 51 23 The
1348 2255 90 28 poorest
1450 2255 88 26 cottage
1550 2250 20 23 is
1589 2249 74 24 worth
1677 2249 52 24 four
1741 2249 106 32 shillings
1859 2259 13 15 a

1285 2285 73 29 week,
1371 2293 24 15 or
1403 2285 55 23 £10
1478 2286 37 21 Bs.
1527 2291 14 16 a
1552 2291 57 22 year
1617 2292 7 20 ;
1644 2282 44 25 and
1708 2287 24 20 to
1750 2283 66 31 place
1834 2283 37 24 the

1285 2319 130 31 Municipal
1428 2317 114 24 franchise
1553 2317 24 23 in
1595 2317 60 23 New
1673 2317 101 23 Zealand
1791 2317 81 30 higher

1285 2353 56 23 than
1353 2351 38 24 the
1402 2351 182 30 Parliamentary
1594 2349 114 24 franchise
1717 2350 26 23 in
1755 2350 116 32 England,

1285 2385 75 24 would
1369 2384 101 30 scarcely
1480 2383 30 24 be
1520 2383 134 31 attempted.

1319 2426 48 25 Mr.
1381 2425 63 31 Earp
1457 2423 116 32 strangely
1583 2425 113 30 imagines
1713 2424 51 24 that
1781 2428 24 20 to
1818 2432 54 16 con-

1285 2460 35 23 fer
1339 2459 40 23 the
1397 2458 93 23 elective
1511 2457 114 24 franchise
1644 2465 30 16 on
1694 2458 38 23 the
1752 2457 121 33 labouring

1287 2493 83 23 classes
1390 2491 74 24 would
1483 2491 29 23 be
1530 2491 38 23 the
1588 2498 80 16 means
1691 2491 25 23 of
1740 2493 133 30 estranging

1286 2527 62 23 them
1359 2526 60 24 from
1430 2524 61 24 their
1511 2524 136 31 employers.
1684 2524 29 23 In
1731 2524 38 24 his
1786 2529 87 26 protest

1285 2560 30 23 he
1327 2566 101 17 assumes
1428 2571 35 4 —

1313 2598 59 22 That
1387 2597 22 21 in
1428 2603 14 15 a
1456 2603 50 15 new
1522 2596 81 26 colony
1619 2594 55 23 such
1687 2602 14 15 a
1715 2596 118 27 principle,
1850 2603 23 15 or

1285 2626 101 26 anything
1395 2624 139 26 approaching
1550 2624 20 19 to
1585 2624 19 19 it
1620 2622 123 27 (universal
1758 2622 112 29 suffrage,)

1286 2656 60 19 must
1354 2653 27 21 be
1391 2650 78 27 highly
1477 2650 109 27 injurious
1596 2653 23 18 to
1637 2649 38 21 the
1690 2649 129 28 well-being
1828 2651 45 21 and

1286 2679 58 28 good
1363 2677 63 23 order
1443 2677 27 21 of
1485 2678 39 20 the
1541 2676 146 27 community,
1706 2684 24 14 as
1744 2677 96 26 tending
1852 2681 21 19 to

1287 2714 45 14 sow
1348 2705 37 22 the
1400 2704 61 22 seeds
1477 2704 27 22 of
1520 2704 117 20 discontent
1645 2704 42 20 and
1696 2704 177 21 insubordination

1287 2736 23 19 to
1327 2732 129 23 established
1474 2731 113 28 authority
1602 2731 25 21 in
1647 2731 38 21 the
1703 2733 74 19 outset
1794 2731 27 21 of
1833 2732 38 22 the

1287 2760 88 27 colony,
1386 2758 44 23 and
1440 2762 22 18 to
1472 2761 94 24 prevent
1576 2757 48 22 that
1638 2757 59 27 good
1706 2757 83 28 feeling
1799 2758 73 22 which

1287 2787 52 22 does
1350 2790 24 18 at
1383 2789 88 24 present
1482 2785 63 26 exist,
1557 2785 45 21 and
1609 2783 157 28 oughtalways
1774 2788 23 18 to
1807 2786 64 25 exist,

1287 2815 99 21 between
1397 2812 36 22 the
1443 2811 79 26 higher
1531 2812 45 22 and
1584 2811 70 23 lower
1663 2811 87 22 classes.

1321 2841 58 22 That
1387 2840 18 22 it
1415 2839 44 22 will
1473 2839 56 21 have
1539 2839 37 21 the
1587 2839 66 21 effect
1666 2839 26 21 of
1705 2838 145 29 introducing
1860 2847 13 15 a

1287 2872 64 24 party
1361 2867 62 27 spirit
1432 2867 101 21 between
1543 2865 37 23 the
1597 2868 84 20 master
1690 2865 46 22 and
1745 2866 126 28 employed,

1287 2895 44 22 and
1341 2894 48 22 that
1397 2893 30 28 by
1437 2893 110 26 throwing
1561 2893 37 21 the
1609 2893 120 27 Corporate
1739 2892 76 22 offices
1824 2893 48 22 into

1287 2922 37 22 the
1334 2921 71 22 hands
1415 2920 25 22 of
1451 2920 38 21 the
1504 2920 118 27 labouring
1631 2919 87 28 classes,
1729 2926 25 15 or
1765 2919 57 23 their
1831 2928 41 14 no-

1287 2950 91 25 minees,
1389 2947 37 22 the
1435 2954 62 15 more
1508 2947 95 26 wealthy
1612 2947 89 27 portion
1708 2946 25 22 of
1739 2946 39 22 the
1785 2945 88 24 inhabi-

1287 2979 58 18 tants
1356 2975 44 21 will
1409 2975 27 21 be
1446 2973 68 23 taxed
1525 2973 91 23 without
1626 2981 77 20 mercy
1712 2974 29 26 by
1750 2973 63 23 those
1823 2975 49 21 who

1287 3003 124 22 contribute
1420 3001 41 22 but
1470 3001 56 21 little
1536 3003 22 19 to
1566 3001 38 21 the
1612 3004 67 23 rates,
1689 3000 45 22 and
1744 3000 46 22 will
1799 3001 72 22 the-.n-

1286 3030 71 21 selves
1366 3029 29 21 be
1404 3029 34 21 for
1449 3028 36 22 the
1498 3031 58 19 most
1570 3030 49 25 part
1633 3027 183 28 unrepresented,
1828 3029 45 22 and

1286 3057 51 21 thus
1346 3056 38 21 the
1393 3056 63 27 spirit
1465 3055 46 22 and
1519 3055 121 28 enterprise
1649 3054 73 22 which
1731 3054 42 22 has
1782 3055 90 28 already

1287 3084 56 21 been
1353 3090 24 15 so
1387 3082 117 28 strikingly
1515 3082 75 22 shown
1599 3082 25 22 in
1639 3081 44 22 this
1692 3081 88 28 Colony
1789 3082 46 22 will
1844 3083 27 21 be

1287 3109 98 24 checked
1394 3110 23 21 in
1426 3109 29 22 its
1463 3116 107 21 progress,
1582 3116 26 14 or
1617 3108 78 22 driven
1703 3110 22 20 to
1736 3116 62 14 some
1808 3109 64 22 other

1287 3137 86 27 Colony
1382 3137 72 21 where
1464 3144 29 13 no
1504 3135 54 22 such
1568 3135 110 22 obstacles
1687 3142 23 15 as
1719 3135 54 22 here
1783 3140 89 23 present

1286 3163 133 23 themselves
1430 3163 64 22 exist.

1308 3220 3 4 .
1319 3200 67 28 Now,
1398 3198 79 31 really,
1489 3199 21 23 if
1518 3203 23 19 to
1558 3198 72 24 admit
1647 3198 38 23 the
1702 3197 105 32 working
1818 3206 53 17 men

1285 3239 23 19 to
1326 3241 29 16 an
1374 3232 99 31 equality
1490 3231 26 24 of
1530 3231 101 32 political
1648 3231 74 31 rights
1739 3231 55 24 with
1812 3232 59 24 their

1285 3267 142 31 employers,'
1436 3266 21 22 is
1475 3269 23 19 to
1510 3264 88 31 disgust
1609 3264 63 24 them
1687 3265 44 24 and
1741 3265 71 23 breed
1823 3265 47 25 dis-

1284 3302 97 26 content,
1391 3299 52 23 how
1454 3306 38 16 are
1503 3298 55 30 they
1569 3302 22 19 to
1602 3298 30 23 be
1639 3298 96 31 pleased
1744 3298 46 24 and
1800 3298 71 25 satis-

1278 3333 51 31 fied
1337 3333 13 23 ?
1384 3333 36 30 By
1438 3339 30 16 an
1486 3331 114 24 exclusive
1618 3337 95 25 system,
1724 3331 100 25 founded
1842 3341 29 16 on

1280 3367 107 32 jealousy
1404 3365 44 24 and
1465 3365 133 31 suspicion?
1635 3364 63 25 Such
1720 3366 19 23 is
1758 3370 48 25 not,
1829 3374 42 16 nor

1284 3408 53 17 ever
1347 3399 42 25 has
1400 3399 64 28 been,
1478 3406 41 16 our
1530 3398 100 31 political
1643 3398 73 24 creed.

1316 3432 98 25 Neither
1424 3432 58 23 have
1494 3439 32 16 we
1537 3432 39 23 the
1590 3432 104 24 smallest
1704 3432 167 32 apprehension

1282 3467 52 24 that
1350 3467 40 23 the
1510 3465 98 32 wealthy
1621 3466 94 31 portion
1734 3467 25 23 of
1775 3466 39 24 the
1833 3467 38 24 in-

1430 3498 46 25 will
1486 3498 29 24 be
1524 3498 160 31 unmercifully
1692 3499 68 24 taxed
1771 3500 31 30 by

1281 3534 122 30 labouring
1421 3533 83 23 classes
1523 3540 25 15 or
1564 3532 59 24 their
1819 3533 52 25 The

1282 3567 121 30 labouring
1414 3566 85 23 classes
1516 3565 58 24 have
1583 3566 91 23 neither
1689 3566 39 24 the
1740 3574 77 24 power
1828 3575 43 15 nor

1282 3601 40 24 the
1332 3599 133 25 inclination
1475 3604 24 18 to
1511 3601 93 21 commit
1615 3599 58 23 such
1684 3599 106 32 injustice
1800 3609 5 20 ;
1826 3599 45 25 and

1282 3642 34 16 we
1327 3641 43 16 can
1381 3632 40 24 tell
1437 3632 40 23 the
1494 3632 82 23 official
1594 3639 97 24 persons
1703 3637 23 19 at
1736 3632 134 30 Auckland,

1282 3667 119 30 including
1421 3665 47 24 Mr.
1492 3665 89 24 Martin
1602 3666 45 23 and
1670 3665 48 24 Mr.
1740 3666 130 30 Swainson,

1282 3702 50 23 that
1343 3700 54 31 they
1408 3707 38 15 are
1463 3698 116 24 mistaken
1588 3698 29 24 -if
1634 3698 54 31 they
1701 3706 99 25 suppose
1820 3699 51 24 that

1283 3735 48 24 Mr.
1345 3733 71 31 Earp,
1433 3733 25 23 in
1476 3732 36 23 his
1525 3732 127 31 opposition
1668 3736 25 19 to
1710 3732 38 23 the
1764 3732 55 29 Bill,
1832 3740 38 16 re-

1282 3772 104 28 presents
1397 3773 43 23 any
1451 3773 42 16 one
1506 3765 154 24 considerable
1671 3765 87 23 section
1770 3765 25 23 of
1804 3765 66 24 those

1282 3801 56 24 who.
1345 3808 37 16 are
1400 3799 71 23 called
1488 3798 37 24 his
1543 3799 159 23 constituents.
1738 3798 76 24 There
1831 3806 39 16 are

1278 3837 72 29 parts
1364 3833 26 24 of
1404 3832 38 24 the
1453 3839 104 17 measure
1574 3831 118 31 generally
1703 3831 106 24 disliked.
1845 3832 26 23 It

1283 3869 20 23 is
1312 3867 105 31 thought,
1424 3866 35 23 for
1469 3865 111 31 example,
1591 3864 51 24 that
1650 3864 39 23 the
1699 3864 84 31 Mayor
1790 3864 79 32 ought,

1283 3909 28 16 ex
1330 3900 80 32 officio,
1432 3904 23 19 to
1473 3899 29 24 be
1520 3907 14 14 a
1551 3899 146 29 Magistrate,
1720 3897 45 24 and
1782 3899 88 23 control

1284 3935 38 23 the
1340 3932 109 33 Borough
1464 3932 87 24 Police.
1587 3932 48 23 But
1653 3932 38 22 the
1709 3939 103 16 measure
1815 3949 6 11 s
1840 3940 30 16 on

1284 3968 38 24 the
1333 3967 80 29 whole,
1426 3967 62 30 gives
1500 3966 140 24 satisfaction
1657 3965 61 24 here.
1756 3965 56 24 Had
1828 3970 43 19 not

1934 2756 45 24 We
2002 2764 38 16 are
2060 2761 41 19 not
2123 2756 115 31 surprised
2256 2760 25 20 to
2303 2756 54 24 hear
2376 2756 50 24 that

1902 2790 90 23 settlers
1998 2796 3 3 '
2012 2794 24 19 at
2056 2790 89 23 Nelson
2168 2789 102 24 consider
2292 2789 137 25 themselves
2449 2790 38 24 ill-

1901 2823 87 24 treated
1998 2823 32 30 by
2040 2823 38 23 the
2091 2823 161 29 Government,
2270 2823 27 23 in
2308 2828 88 27 respect
2407 2824 26 23 of
2449 2824 38 24 the

1902 2856 73 25 duties
1999 2856 95 32 charged
2118 2864 61 24 upon
2202 2856 38 23 the
2263 2860 73 20 stores
2355 2857 26 23 of
2395 2858 92 23 various

1901 2890 77 29 kinds,
2124 2890 55 24 with
2202 2890 63 23 them
2286 2890 60 24 from
2367 2890 119 32 England.

1901 2924 36 23 As
1948 2931 33 16 we
1988 2924 74 23 stated
2068 2924 23 23 in
2101 2932 14 15 a
2120 2923 84 24 former
2211 2923 78 24 article
2298 2931 28 16 on
2334 2923 45 24 this
2390 2924 95 32 subject,

1902 2957 56 23 such
1964 2961 121 20 treatment
2091 2957 19 23 is
2115 2956 106 29 unusual,
2228 2957 19 23 if
2251 2961 40 19 not
2296 2957 189 32 unprecedented;

1901 2990 38 24 the
1945 2990 51 25 rule
2006 2990 98 24 hitherto
2118 2990 103 24 followed
2232 2990 78 31 being,
2317 2990 49 24 that
2378 2991 24 23 of
2408 2990 78 25 allow-

1900 3025 41 30 ing
1948 3025 48 23 free
2007 3025 94 30 imports
2110 3024 25 24 of
2144 3024 72 31 goods
2223 3023 84 32 during
2317 3023 44 25 the.
2366 3024 91 31 infancy
2465 3025 25 23 of

1901 3065 14 16 a
1927 3058 96 31 Colony.
2059 3058 47 23 But
2113 3057 55 24 then
2177 3057 131 24 Governors
2320 3057 25 24 of
2353 3065 79 23 young
2442 3058 44 23 and

1899 3091 82 32 rising.
1995 3091 104 24 Colonies
2117 3091 57 23 have
2193 3090 99 24 hitherto
2311 3091 65 23 made
2391 3091 18 23 it
2427 3091 59 23 their

1889 3124 2 24 !
1899 3124 51 24 first
1962 3124 75 32 object
2054 3129 22 19 to
2093 3128 103 28 promote
2213 3124 38 23 the
2268 3124 128 32 prosperity
2407 3124 26 23 of
2446 3123 39 24 the

1900 3159 99 28 settlers,
2012 3158 45 24 and
2063 3165 125 24 encourage
2195 3157 59 24 their
2262 3164 107 25 progress
2380 3157 31 30 by
2417 3164 67 23 every

1899 3199 80 16 means
1990 3192 25 23 in
2020 3192 60 25 their
2089 3199 89 24 power;
2192 3191 100 24 whereas
2306 3190 65 30 Capt.
2385 3189 99 24 Hobson

1900 3225 45 23 and
1955 3225 37 24 his
2004 3225 73 32 clique
2094 3226 58 23 view
2169 3224 54 24 with
2352 3222 45 24 and
2407 3227 77 27 regret

1900 3267 67 23 every
1979 3263 49 28 step
2048 3263 22 20 to
2081 3259 100 31 improve
2200 3257 57 24 their
2268 3255 115 24 condition
2402 3256 31 30 by
2446 3257 38 24 the

1899 3293 91 23 settlers
2000 3293 26 23 in
2038 3292 84 24 Cook's
2138 3291 78 23 Strait.
2251 3289 35 23 To
2298 3288 83 24 thwart
2392 3290 45 23 and
2447 3291 37 23 in-

1896 3326 61 31 jure,
1969 3330 42 20 not
2021 3330 23 19 to
2053 3326 70 23 foster
2134 3324 44 23 and
2188 3323 44 29 aid,
2239 3323 39 22 the
2291 3323 106 31 majority
2408 3323 26 24 of
2445 3323 39 24 the

1898 3360 90 31 people,
2000 3359 66 24 when
2082 3358 54 30 they
2147 3364 58 16 were
2214 3356 96 22 ordered
2325 3361 22 18 to
2360 3361 58 19 treat
2428 3357 56 23 with

1899 3393 167 23 consideration
2080 3391 48 25 .and
2146 3389 117 29 kindness,
2282 3389 21 23 is
2322 3389 38 24 the
2376 3390 45 23 aim
2440 3391 45 23 and

1898 3426 105 31 pleasure
2014 3425 25 24 of
2055 3423 122 25 Shortland
2185 3423 44 23 and
2241 3422 126 32 Company.
2403 3424 25 23 It
2439 3432 45 16 was

1898 3459 53 24 with
1964 3468 15 15 a
1990 3458 138 32 complacent
2143 3455 95 24 chuckle
2254 3455 51 24 that
2322 3464 42 16 one
2371 3457 2 6 '
2383 3457 26 23 of
2421 3457 63 24 these

1898 3493 70 31 lately
1979 3490 127 26 mentioned
2120 3497 63 16 some
2194 3490 183 29 circumstances,
2395 3491 51 23 that
2456 3491 29 23 he

1899 3526 98 31 thought
2007 3523 73 26 would
2094 3523 77 24 retard
2186 3522 39 24 the
2242 3523 89 31 growth
2346 3524 27 23 of
2387 3524 97 24 Nelson.

1898 3558 116 26 Actuated
2024 3558 30 31 by
2065 3556 55 24 such
2131 3563 66 17 mean
2214 3556 106 30 motives,
2335 3558 18 22 it
2364 3565 47 16 was
2421 3562 25 19 to
2457 3558 29 23 be

1899 3592 109 32 expected
2026 3591 51 23 that
2087 3590 125 30 advantage
2232 3590 75 23 would
2324 3591 28 22 be
2374 3591 72 24 taken
2463 3591 24 23 of

1898 3627 39 23 the
1950 3624 114 25 Customs'
2076 3624 55 23 laws
2152 3627 21 19 to
2185 3623 70 23 mulct
2272 3624 40 23 the
2324 3624 58 31 good
2404 3624 80 32 people

1898 3659 26 24 of
1937 3659 95 27 Nelson,
2044 3657 36 24 for
2091 3657 38 23 the
2141 3657 84 22 benefit
2237 3657 24 23 of
2275 3657 40 24 the
2329 3658 157 23 Government

1898 3692 137 24 Settlement
2052 3695 23 19 at
2086 3690 124 24 Shouraki.
2246 3690 104 29 Besides,
2368 3695 63 20 must
2444 3695 42 19 not

1897 3726 39 23 the
1948 3729 64 27 great
2022 3732 54 15 man
2082 3723 50 24 who
2140 3731 72 16 wears
2327 3725 43 23 and

1898 3766 25 16 as
1932 3759 36 23 his
1980 3761 123 28 garments,
2113 3757 59 23 have
2184 3758 158 27 wherewithal,
2352 3762 23 19 to
2390 3761 96 28 support

1896 3792 37 23 his
1949 3791 131 31 grandeur?
2115 3790 52 24 The
2184 3790 54 25 land
2256 3791 59 23 fund
2334 3791 87 31 failing,
2441 3790 45 24 and

1895 3824 125 24 Auckland
2042 3824 69 31 being
2129 3824 107 24 destitute
2256 3824 26 24 of
2301 3832 92 23 money,
2411 3824 75 24 where

1896 3858 69 23 shall.
1972 3858 39 23 the
2029 3857 118 24 Governor
2159 3866 29 22 go
2202 3857 37 24 for
2251 3857 54 24 cash
2310 3872 4 8 v
2322 3862 23 19 to
2356 3859 27 22 fit
2400 3866 31 23 up
2448 3857 38 23 Ms

1896 3891 102 29 kitchen,
2011 3891 20 23 if
2046 3895 40 19 not
2098 3895 21 19 to
2129 3891 59 23 Port
2198 3890 128 25 Nicholson
2338 3899 24 15 or
2380 3891 88 23 Nelson
2475 3890 10 25 ?

1930 3933 43 24 We
1985 3933 44 24 call
2039 3941 62 24 upon
2113 3942 41 15 our
2166 3933 88 24 Nelson
2265 3933 87 23 friends
2364 3937 23 20 to
2457 3940 28 16 us

1896 3967 97 31 heartily
2005 3968 24 23 in
2042 3967 128 31 opposition
2182 3971 21 19 to
2214 3966 46 25 this
2273 3966 94 32 spiteful
2381 3966 103 24 Govern-

542 55 103 31 THE
664 54 113 32 NEW
793 54 232 32 ZEALAND
1041 50 228 35 (SAZETTE
1291 52 101 30 AND
1416 52 328 32 WELLINGTON
1767 53 291 33 SPECTATOR.

1276 128 94 64 New
1401 128 219 64 Zealand
1651 128 219 64 Gazette

1325 192 68 22 AND
1407 193 212 23 WELLINGTON
1634 194 184 23 SPECTATOR.

1395 247 130 26 Saturday,
1541 247 87 22 March
1644 249 33 24 12,
1685 249 70 20 1842.

699 136 30 22 In
743 142 48 15 the
936 142 66 14 from
1015 136 98 20 Nelson
1128 134 96 21 Haven.
1226 145 28 4 —

670 164 52 26 Hay
732 164 17 27 8f
758 164 123 24 Machattie,
890 164 87 25 Agents.
978 174 27 4 —
1006 164 13 19 2
1033 163 57 21 bales
1100 162 72 24 calico,
1184 163 10 19 1
1205 168 48 14 case

671 197 61 20 guns,
742 192 14 19 2
766 191 56 20 bales
831 197 57 20 rugs,
899 193 12 18 1
922 191 50 20 cask
984 191 44 25 gin,
1038 191 13 19 3
1061 191 51 24 kegs
1123 189 91 24 tobacco,
1226 189 26 24 8.0

672 219 50 24 bags
744 219 49 24 salt,
814 219 6 19 II
820 219 4 19 11I
828 223 3 5 1
845 218 78 20 bundle
944 218 88 23 leather,
1052 219 12 19 2
1086 217 67 19 crates
1173 217 10 20 1
1202 216 50 20 cask

671 245 108 26 crockery,
796 245 73 21 Order.
887 252 2 4 •

699 279 32 20 Im
748 285 47 14 the
1001 284 65 15 prom
1085 277 169 21 Auckland.—

663 299 2 39 j
671 306 59 20 Hart
744 306 19 26 #
775 306 42 24 Co.,
829 306 87 26 Agents.
916 316 29 5 —
946 307 12 19 1
974 306 64 19 tierce
1052 307 14 19 3
1082 305 61 19 casks
1158 305 95 24 tobacco,

671 334 12 19 4
694 334 57 19 bales
767 333 105 24 blankets,
882 334 12 19 4
911 334 36 19 do.
958 339 57 19 rugs,
1027 334 11 19 1
1053 334 36 19 do.
1099 332 65 25 slops,
1175 333 11 19 1
1201 332 53 20 hhd.

663 358 2 29 I
671 360 100 26 whiskey,
782 362 13 18 2
805 360 59 21 casks
875 361 83 23 raisins,
970 361 11 18 1
991 360 50 20 cask
1056 362 104 21 currants,
1179 360 11 19 1
1206 358 48 21 bale

672 388 72 24 calico,
766 389 12 19 1
798 393 46 15 case
866 388 78 26 prints.
965 388 11 19 1
996 387 37 20 do.
1054 386 167 24 handkerchiefs,
1242 386 11 19 1

671 415 103 26 weighing
784 415 101 25 machine,
898 416 10 19 1
925 421 49 14 case
988 414 66 26 slops,
1064 416 13 19 2
1087 414 52 24 kegs
1154 414 76 25 prints,
1241 414 11 19 1

664 438 49 24 'coil
722 449 59 19 rope,
793 443 10 19 1
814 442 70 21 Timor
901 448 66 20 pony,
976 442 13 19 2
999 442 63 22 boxes
1079 447 59 19 soap,
1150 442 24 18 15
1192 441 61 20 casks

672 470 53 24 beef,
735 470 150 24 A.Campbell.
887 480 27 4 —
917 470 65 24 Cargo
990 469 61 25 from
1069 468 35 21 the
1120 470 64 19 coast.
1184 478 28 5 —
1212 468 40 20 500

672 496 84 21 bushels
766 497 72 24 maize,
849 497 26 20 80
885 496 54 26 pigs,
950 497 26 19 20
987 499 49 18 tons
1045 497 104 25 potatoes.

1896 137 64 24 Lord
1972 138 59 24 John
2050 137 114 25 Russell's
2176 139 66 24 order
2257 139 60 24 been
2326 146 153 26 peremptory,

1896 178 33 16 we
1938 170 80 24 should
2028 179 69 16 never
2102 172 57 23 have
2166 172 106 24 obtained
2280 174 56 22 such
2343 182 14 14 a
2365 179 118 19 measured

1896 203 24 24 It
1938 210 46 16 was
2003 203 86 32 rightly
2107 204 116 25 described
2243 206 30 30 by
2286 206 47 24 Mr.
2352 207 128 31 Attorney-

1897 236 100 23 General
2012 236 124 30 Swainson,
2148 246 24 16 as
2183 239 65 30 large
2258 240 25 22 in
2294 239 30 23 its
2334 247 88 23 powers
2433 240 47 23 and

1896 269 66 23 small
1979 269 24 23 in
2018 269 31 23 its
2068 271 172 30 requirements.
2261 276 3 5 '
2275 272 47 24 For
2340 272 39 23 the
2397 272 84 24 honest

1896 302 44 23 and
1953 302 97 30 prudent
2061 304 99 23 exercise
2178 298 33 30 of'
2218 304 64 25 these
2299 304 64 32 large
2380 312 98 24 powers,

1895 342 33 16 we
1939 334 49 31 rely
1999 343 29 15 on
2039 335 39 23 the
2089 337 57 29 good
2158 345 66 16 sense
2236 339 44 23 and
2290 339 91 30 probity
2399 338 26 24 of
2439 338 40 23 the

1896 368 155 30 constituency
2072 369 73 24 which
2167 370 38 24 the
2224 370 129 24 Ordinance
2369 371 46 24 will
2433 371 45 23 call

1894 401 49 22 into
1965 401 114 23 existence
2089 410 9 20 ;
2120 402 46 24 and
2173 428 5 3 .
2185 411 35 15 we
2244 412 36 15 are
2303 412 52 15 sure
2378 403 49 24 that
2444 411 37 16 we-

1896 433 72 31 speak
1979 433 37 23 the
2028 441 66 16 sense
2110 435 24 23 of
2149 436 38 23 the
2207 441 65 26 great
2282 436 107 31 majority
2400 436 26 23 of
2437 436 42 23 the

1895 466 138 24 inhabitants
2051 467 26 23 of
2096 468 57 23 Port
2170 469 133 29 Nicholson,
2327 470 24 22 in
2373 470 109 30 assuring

1896 498 38 24 the
1953 499 117 24 Governor
2088 500 49 23 that
2152 501 53 31 they
2216 507 79 27 accept
2307 502 38 23 the
2366 502 55 28 Bill,
2435 503 45 22 and

1894 533 26 22 in
1931 531 83 32 calling
2023 541 63 22 upon
2098 533 47 24 him
2160 539 23 18 to
2202 543 66 15 cause
2280 536 39 22 the
2331 535 148 31 preliminary

1895 572 83 16 census
1989 569 22 19 to
2019 565 28 23 be
2060 566 67 23 taken
2139 567 95 24 without
2246 568 72 30 delay.

817 556 138 19 OUTWARBS,
967 555 141 15 COASTWISE.

699 584 29 21 In
737 591 47 14 the
948 591 46 14 for
1009 584 154 21 Manewatu.
1164 595 29 4 —
1195 584 59 21 Wal-

673 613 43 20 lace
726 612 19 26 8f
756 613 44 25 Co.,
808 613 86 25 Agents.
895 623 28 4 —
925 613 11 20 7
954 613 60 20 casks
1028 613 62 24 flour,
1101 612 12 19 1
1125 611 34 20 do.
1169 612 61 26 pork,
1242 612 12 19 2

672 640 50 26 bags
732 647 70 19 sugar,
814 642 10 18 1
842 641 59 20 chest
915 642 41 22 tea,
969 640 11 19 1
997 640 46 19 bale
1059 638 105 24 blankets,
1174 640 13 19 2
1204 638 50 21 rolls

671 667 47 20 lead
726 668 81 26 piping,
819 668 11 19 6
847 668 89 20 circular
953 673 58 18 saws,
1024 668 12 19 7
1050 667 53 25 kegs
1120 666 61 24 nails,
1193 666 61 25 1,500

671 694 78 25 bricks,
758 696 14 19 4
789 696 63 19 boxes
866 701 57 19 soap,
935 696 13 19 2
963 695 51 25 kegs
1023 694 95 23 tobacco,
1130 694 12 19 3
1152 694 102 26 packages

673 722 126 27 machinery,
818 724 25 19 12
861 728 56 15 cases
939 723 12 19 2
969 722 60 20 casks
1049 720 104 25 sundries,
1169 722 83 19 Messrs.

672 750 83 19 Kellle.

762 865 173 20 IMPORTANT
948 865 39 20 TO
1002 863 162 22 MARINERS.

698 803 46 21 The
762 804 135 20 Government
916 804 86 20 Gazette
1016 803 25 20 of
1052 803 50 20 Feb.
1115 802 33 24 16,
1159 803 93 20 contains

673 830 35 21 the
717 831 108 25 following
831 839 5 12 :
838 842 29 4 —

699 892 149 21 Commanders
858 893 25 20 of
893 893 77 20 vessels
986 892 91 26 steering
1089 894 23 17 to
1122 897 26 14 or
1155 891 54 20 from
1217 892 36 19 the

673 919 50 21 Port
733 921 24 19 of
767 920 118 24 Auckland,
895 920 77 20 should
980 920 25 20 be
1022 919 79 20 careful
1116 921 23 17 to
1149 919 61 20 avoid
1217 920 36 19 the

672 948 187 20 undermentioned
868 948 87 26 dangers
963 955 6 12 :
970 958 28 4 —

698 975 20 20 A
727 976 51 19 rock
789 976 30 19 off
829 976 37 19 the
875 975 64 20 north
948 975 44 20 side
1002 975 25 20 of
1038 975 36 20 the
1083 973 74 21 Island
1165 973 24 20 of
1196 973 56 21 Wai-

671 1002 61 24 heke,
750 1003 79 20 distant
846 1003 65 19 about
929 1004 41 18 two
989 1002 68 24 miles,
1078 1007 53 14 even
1148 1000 52 20 ■with
1217 1002 36 19 the

671 1031 82 19 water's
762 1031 52 24 edge
829 1032 22 18 at
862 1030 51 26 high
926 1032 72 22 water,
1008 1030 50 19 with
1071 1030 53 24 deep
1141 1030 62 18 water
1217 1034 36 14 ex-

672 1057 86 26 tending
767 1060 22 17 to
800 1065 12 12 a
821 1058 59 19 short
890 1057 94 20 distance
996 1057 82 20 around
1086 1057 25 23 it,
1122 1056 55 19 from
1185 1056 68 20 which

671 1084 36 20 the
725 1084 108 26 following
850 1084 97 26 bearings
972 1084 41 20 and
1035 1084 50 20 land
1108 1083 70 20 marks
1199 1089 54 14 were

671 1112 63 19 taken
742 1119 6 12 :
750 1123 29 4 —

699 1139 163 21 North-eastern
871 1139 41 20 end
922 1139 24 19 of
953 1139 108 24 Waiheke,
1071 1139 41 20 due
1122 1137 52 20 East
1181 1136 71 28 (mag.)

698 1166 53 20 Bird
760 1166 78 25 Island,
849 1167 27 20 E.
885 1167 28 26 by
922 1166 29 20 N.
963 1164 51 28 J'N.

698 1193 110 21 Northern
816 1195 41 19 end
867 1195 24 19 of
902 1194 61 20 Hura
974 1194 47 23 Kia,
1031 1193 35 21 W.
1076 1192 16 24 i
1103 1192 22 20 S.

699 1221 57 20 Peak
764 1222 25 20 of
802 1221 120 26 Rangitoto,
934 1221 59 21 S.W.
1002 1221 14 23 i
1026 1221 34 20 W.

697 1248 61 21 Land
767 1249 76 20 marks.
845 1260 29 4 —
874 1249 45 20 The
935 1249 115 20 hummock
1066 1251 23 17 at
1106 1247 37 20 the
1156 1246 29 22 N.
1199 1249 54 19 east-

672 1282 37 14 ern
718 1279 92 18 extreme
820 1277 23 19 of
970 1282 28 14 on
1007 1277 52 19 with
1068 1275 71 21 Castle
1149 1274 53 25 Hill,
1213 1275 40 20 and

671 1304 36 20 the
716 1306 117 18 outermost
842 1305 53 19 rock
903 1304 87 20 marked
999 1310 28 14 on
1042 1304 36 20 the
1094 1302 61 22 chart
1167 1308 28 14 on
1203 1303 50 19 with

671 1331 45 21 Tiri
725 1332 45 20 Tiri
779 1332 118 25 Mantangi.

699 1360 21 19 2.
734 1360 21 19 A
764 1359 51 20 rock
826 1360 75 19 situate
911 1360 21 19 to
944 1359 36 20 the
990 1359 100 20 eastward
1100 1357 23 21 of
1136 1357 36 20 the
1181 1357 71 21 Island

672 1386 24 20 of
706 1386 47 20 Tiri
766 1386 46 21 Tiri
827 1386 117 26 Mantangi,
955 1387 80 19 distant
1049 1386 64 20 about
1130 1390 39 14 one
1186 1385 40 19 and
1240 1392 13 13 a

671 1414 46 20 half
728 1414 67 25 miles,
806 1414 76 25 having
892 1417 40 17 two
947 1413 44 20 feet
1006 1414 23 19 of
1043 1416 63 17 water
1119 1418 29 14 on
1156 1412 18 20 it
1184 1414 21 18 at
1214 1412 39 20 low

671 1444 70 21 •water,
753 1442 41 19 and
803 1442 72 19 fifteen
884 1442 91 19 fathoms
986 1442 56 19 close
1053 1444 23 17 to
1094 1446 28 14 on
1132 1446 61 19 every
1202 1440 50 23 side,

671 1469 54 20 from
734 1470 68 19 which
814 1470 34 19 the
857 1469 108 25 following
973 1468 96 26 bearings
1079 1473 54 15 were
1143 1466 89 20 taken—

699 1497 19 20 A
728 1496 126 21 remarkable
869 1496 61 20 white
946 1496 67 26 rocky
1022 1496 51 20 Islet
1090 1498 23 17 at
1128 1494 36 20 the
1181 1495 72 19 north-

672 1527 81 17 eastern
762 1524 45 20 side
821 1524 24 20 of
855 1524 47 19 Tiri
915 1524 45 20 Tiri
973 1524 117 26 Mantangi,
1102 1521 65 22 N.W.
1183 1522 29 26 by
1219 1522 34 19 W.

670 1550 16 24 H
694 1551 34 20 W.
739 1550 136 28 (magnetic).

700 1579 105 20 Southern
820 1579 41 20 end
876 1579 24 20 of
911 1578 46 21 Tiri
973 1578 46 21 Tiri
1035 1576 118 26 Mantangi,
1165 1576 57 21 S.W.
1238 1576 16 24 ■£■

699 1634 76 20 Centre
786 1633 24 21 of
822 1633 65 21 Little
895 1633 93 25 Barrier,
999 1633 77 26 inland,
1089 1633 41 20 due
1139 1632 71 21 north.

699 1661 56 20 Peak
765 1662 25 20 of
803 1661 122 26 Rangitoto,
937 1661 22 20 S.
970 1661 16 24 i
995 1661 26 21 E.

700 1689 70 20 Castle
779 1689 53 24 Hill,
843 1689 25 19 E.
881 1690 11 23 i
904 1689 21 19 S.

823 1726 93 21 DA.VED
932 1726 114 25 ROUGH,
1057 1726 99 21 Harbour
1167 1724 86 20 Master.

756 1787 291 23 METEOROLOGICAL
1060 1786 109 23 TABLE.

678 1824 44 20 For
731 1823 36 21 the
774 1823 56 21 week
838 1823 75 25 ending
924 1823 116 25 Thursday,
1050 1821 78 22 March
1139 1822 35 24 10,
1186 1821 58 20 1842.

689 1911 47 17 1341.

775 1890 51 17 Time
832 1891 21 16 of

770 1912 88 16 Observa-

790 1933 44 16 tion.

886 1900 56 17 Baro-

881 1923 63 15 meter.

962 1902 86 17 Thermo-

971 1925 64 14 meter.

1073 1891 60 35 151

1175 1908 58 17 •Wind.

676 1985 80 28 ?riday...j

792 1991 10 16 8

791 2013 53 19 Ip.m.

792 2034 9 15 5

791 2054 11 16 8

791 2075 53 19 lp.ru,

791 2096 10 14 5

791 2115 11 16 S

791 2136 54 19 Ip.m.

791 2157 10 15 5

791 2178 10 15 8

791 2199 54 20 Ip.m.

791 2220 10 15 5

791 2241 10 15 3

790 2261 55 20 Ip.m.

791 2283 10 15 5

791 2303 10 16 8

791 2324 55 20 Ip.m.

791 2346 10 14 5

791 2367 10 15 8

791 2387 54 20 Ip.m.

791 2409 10 15 5

886 1992 57 16 30.070

886 2013 57 16 30.080

885 2034 58 16 30.052

886 2055 57 16 30.156

885 2075 58 17 30.100

886 2096 57 15 30.120

886 2116 57 16 30.258

886 2137 59 16 30.244

885 2158 58 16 30.200

885 2178 58 17 30.132

885 2199 58 17 30.162

886 2220 57 17 30.200

886 2241 57 17 30.300

885 2263 57 15 30.2U2

885 2284 58 16 30.208

884 2305 59 15 30.288

885 2326 58 15 30.300

885 2347 57 15 30.33G

884 2367 58 16 30.412

884 2388 59 16 30.410

884 2409 58 17 30.409

986 1993 27 16 63.

986 2014 37 16 G8.5

987 2035 27 16 69.

987 2056 27 16 65.

986 2076 28 17 67.

986 2097 27 15 6*.

986 2117 38 16 55.5

986 2138 28 16 55.

986 2159 28 16 56.

986 2180 28 16 59.

987 2201 27 16 64.

986 2222 28 16 63.

986 2243 28 16 63.

985 2264 29 16 68.

986 2285 28 16 68.

987 2305 27 17 05.

987 2327 36 16 68.5

986 2347 28 16 67.

985 2368 28 16 59.

985 2388 28 16 67.

985 2411 27 14 CG.

1152 1989 104 22 Northerly.

1152 2011 104 21 Northerly.

1152 2031 17 16 N
1175 2032 81 20 ortherly.

1152 2052 53 17 N.W.

1152 2073 17 15 N
1175 2073 81 17 ortherto-.
1255 2075 4 7 1

1153 2089 103 24 Northerly.

1153 2113 11 16 S
1170 2113 86 21 outlierly.

1153 2134 11 16 S
1171 2134 85 21 outlierly.

1153 2156 11 16 S
1170 2155 86 21 outlierly.

1153 2177 22 16 N.
1183 2177 23 20 by
1213 2176 28 17 W.

1153 2199 11 15 S
1170 2197 86 21 outherly.

1153 2220 11 15 S
1171 2218 86 21 outlierly.

1153 2240 103 20 Northerly.

1153 2261 22 16 N.
1182 2261 23 21 by
1212 2261 29 16 W.

1153 2282 17 16 N
1175 2282 83 20 ortherly.

1152 2303 105 20 Northerly.

1152 2324 18 16 N
1175 2323 81 21 ortherly.

1152 2344 104 21 Northerly.

1151 2366 11 16 S
1171 2365 85 20 outherly.

1151 2387 11 16 S
1170 2387 89 19 outherly-

1151 2409 11 16 S
1171 2407 86 21 outherly.

676 2052 24 16 iat
755 2052 1 14 !

1072 2014 58 16 None.

1073 2076 58 17 None.

676 2113 76 20 Sunday..

1073 2138 58 16 None.

676 2175 76 22 ilonday.

1073 2200 58 17 None.

676 2238 75 22 Tuesday

1073 2263 58 17 None.

676 2300 37 17 Yed

1072 2326 59 16 None.

676 2364 75 17 Churs...

1072 2388 58 18 None.

679 2459 74 22 'riday...

1003 2449 53 9 J.t.IM>J.
1057 2449 34 9 JA.IX
1092 2449 30 9 I\.O
1124 2453 5 4 >

792 2462 10 16 8

871 2462 55 21 Light
933 2462 27 17 air
968 2462 37 16 and
1012 2467 42 16 very
1061 2463 41 16 fine.

791 2504 53 20 Ip.m.

981 2490 3 4 •

913 2503 33 17 Do.
990 2504 35 17 Do.
1067 2504 34 17 Do.

791 2546 10 15 5

914 2545 34 18 Do.
991 2546 34 17 Do.
1067 2546 37 17 Do.

677 2586 24 16 lat
755 2592 1 6 <

791 2588 10 15 8

872 2588 54 21 Light
932 2589 63 16 breeze
1002 2588 36 17 and
1045 2593 43 16 very
1094 2589 45 16 fine.

792 2630 53 20 Ip.m.

868 2634 13 13 r
914 2630 34 17 Do.
990 2630 35 17 Do.
1067 2630 33 17 Do.

792 2672 9 15 6

914 2671 34 18 Do.
990 2671 35 18 Do.
1068 2672 28 18 Do

678 2711 75 21 iunday..

793 2714 9 16 8

873 2715 66 20 Strong
946 2715 63 15 breeze
1020 2714 36 16 and
1063 2714 87 21 showery.

793 2756 54 20 Ip.m.

915 2756 34 17 Do.
993 2756 35 17 Do.
1070 2757 41 16 lino.

793 2798 9 16 5

915 2798 33 17 Do.
991 2798 35 17 Do.
1068 2799 34 17 Do.

793 2840 9 16 8

1035 2825 4 3 •

686 2837 68 20 londay.

873 2840 53 21 Light
934 2840 27 17 air
968 2840 37 17 and
1012 2845 44 17 very
1061 2841 42 17 fine,

792 2882 54 20 Ip.m.

873 2882 90 17 Moderate
970 2883 64 16 breeze
1042 2883 36 16 and
1084 2887 43 16 very
1132 2882 44 17 fine.

792 2924 10 15 S

915 2924 34 17 Do.
992 2924 34 17 Do.
1069 2924 33 17 Do.

682 2962 72 21 'uesday

791 2965 12 16 3

873 2965 52 21 Light
932 2965 27 17 air
965 2965 38 18 and
1009 2966 41 17 fins.

792 3007 53 20 Ip.m.

913 3007 35 17 Do.
977 3006 4 3 '
991 3006 35 18 Do.
1068 3007 34 18 Do.

1161 3031 4 3 -

793 3049 9 15 5

913 3049 36 17 Do.
992 3049 36 17 Do.
1070 3050 33 17 Do.

687 3089 5 8 r
692 3089 23 16 ed

793 3091 10 15 8

913 3091 35 17 Do.
990 3091 34 17 Do.
1067 3092 35 18 Do.

792 3132 55 21 Ip.m.
855 3150 2 4 ,

914 3133 34 17 Do.
990 3133 35 18 Do.
1067 3134 34 17 Do.

792 3174 11 16 S

914 3175 34 17 Do.
991 3175 37 18 Do.
1070 3176 34 16 Do.

680 3215 42 17 'hur
735 3226 18 7 ...

791 3217 12 16 8

872 3217 53 21 Light
932 3217 33 20 air,
973 3218 87 19 overcast,
1066 3218 35 17 but
1107 3218 42 17 fine.

960 3234 3 3 .

791 3259 55 21 Ip.m.

872 3259 53 21 Light
932 3259 26 17 air
965 3260 36 16 and
1008 3264 44 16 very
1057 3260 43 16 fine.

791 3301 11 16 S

913 3301 34 17 Do.
990 3301 33 17 Do.
1066 3301 35 17 Do.

762 3364 123 20 AGENTS
897 3365 58 20 FOB
970 3365 73 20 THIS
1056 3364 108 21 PAPER.

688 3391 40 17 Mr.
740 3390 127 18 BURCHAM
958 3391 77 18 Petoni.

688 3412 40 17 Mr.
740 3411 20 18 P.
772 3411 23 18 G.
808 3411 87 18 MOORE
959 3412 73 17 Nelson
1041 3411 74 19 Haven.

688 3433 40 18 Mr.
740 3433 23 17 R.
775 3432 132 19 BARRETT-.
964 3432 47 18 New
1017 3433 109 22 Plymouth,
1133 3432 103 19 TaranaW.

688 3455 40 17 Mr.
738 3454 27 18 H.
777 3453 120 18 CHURTON
962 3453 114 23 Wanganui.

688 3476 40 17 Mr.
739 3474 31 19 W.
780 3475 100 18 WILSON
960 3475 42 22 Bay
1009 3476 22 17 of
1039 3475 83 18 Islands.

687 3523 43 19 The
737 3523 97 22 following
840 3526 33 14 are
880 3523 32 17 the
920 3523 78 21 quarter
1008 3521 48 23 days
1063 3522 22 18 of
1094 3522 41 18 this
1142 3526 60 18 paper
1207 3528 6 12 :
1214 3531 23 4 —

774 3544 69 18 March
1101 3545 48 16 31st.

774 3566 52 17 June
1102 3565 51 17 30th.

774 3586 113 22 September
1103 3587 19 16 30
1123 3587 30 16 th.

774 3608 106 17 December
1101 3608 48 16 31st.

688 3629 83 17 Persons
778 3629 111 21 previously
894 3629 20 17 to
927 3627 146 23 discontinuing
1083 3628 52 18 their
1141 3631 69 19 paper?
1219 3627 37 18 and

667 3650 168 22 advertisements,
842 3651 53 16 must
901 3650 57 17 settle
966 3649 32 18 the
1009 3650 93 17 accounts
1109 3649 37 17 due
1153 3653 26 17 up
1191 3650 21 16 to
1223 3650 33 16 the

668 3671 52 17 date.

839 3711 121 20 LATEST
976 3711 108 21 DATES.

677 3737 99 17 London..
845 3737 49 19 Nov.
927 3739 17 16 6.
973 3737 41 21 Bay
1021 3737 22 17 of
1052 3736 92 18 Islands..
1149 3735 46 19 Feb.

679 3758 77 21 Sydney
847 3758 44 18 Feb.
927 3760 17 16 3.
973 3758 83 17 Thames
1148 3757 45 18 Feb.
1229 3758 16 18 7.

678 3778 44 18 Van
746 3779 99 18 Dieman's
974 3779 46 18 Port
1027 3779 71 21 Phillip
1112 3779 84 18 ....Jan.
1214 3779 31 17 14.

701 3799 54 18 Land
847 3800 45 18 Jan.
929 3801 16 17 6.
973 3800 92 18 Adelaide
1151 3799 44 18 Oct.
1227 3801 18 16 9.

791 3855 100 21 Notice
905 3857 29 19 to
949 3855 180 22 Subscribers.

668 3890 84 26 Papers
765 3890 46 19 will
822 3891 37 18 not
873 3890 22 20 be
907 3892 46 19 sent
969 3892 21 19 to
1002 3896 88 21 persons
1104 3891 65 25 living
1182 3891 37 18 out
1235 3890 27 26 of

695 3918 58 19 Port
760 3917 122 24 Nicholson,
897 3918 68 19 unless
979 3919 155 25 arrangements
1146 3923 37 15 are
1198 3918 59 20 made

693 3945 40 23 for
742 3945 35 20 the
781 3946 101 24 payment
890 3945 28 25 of
922 3946 36 19 the
965 3951 63 21 same,
1039 3946 90 26 through
1139 3952 27 14 an
1179 3944 76 27 Agent,

695 3974 26 19 at
734 3972 130 26 Wellington.

283 139 237 28 Surveyor-General's
537 137 78 28 Office,

320 177 5 8 ,
353 166 80 23 March
441 167 21 25 5,
473 166 61 21 1842.

187 202 187 21 landowners
386 199 54 22 and
454 199 116 26 Agents.

59 235 147 50 NOTICE
226 235 29 22 IS
274 233 127 23 HEREBY
419 231 108 27 GIVEN,
545 231 50 21 that
614 238 30 14 on

274 261 40 22 7th
323 259 64 29 April
396 263 61 22 next,
468 258 95 22 sections
573 257 23 22 in
605 257 38 22 the

58 289 98 22 districts
174 289 27 21 of
215 289 137 25 Manewatu,
372 285 91 26 Ohariu,
483 284 45 22 and
551 284 94 22 Porirua

58 315 46 22 will
118 316 26 21 be
162 315 83 22 offered
262 314 35 22 for
313 313 111 24 selection,
434 315 23 18 at
473 311 43 21 this
533 310 70 22 Office
610 313 35 21 -.at

59 343 25 21 11
95 341 86 23 o'clock
189 348 49 15 a.m.
266 341 138 27 Proprietors
416 341 42 19 not
471 337 84 32 haying
564 340 81 23 agents

57 372 91 23 present
163 371 23 19 at
198 367 42 22 .the
255 367 55 22 time
326 367 26 21 of
363 365 106 22 selection
483 364 46 22 will
545 364 27 21 be
590 370 54 15 con-

58 395 88 22 sidered
160 397 22 19 to
191 393 58 23 have
257 393 106 23 reserved
371 391 56 23 their
437 391 88 22 choices
533 390 35 22 for
578 390 66 22 lands

57 424 40 25 yet
111 420 149 30 unsurvfcyed.
290 420 67 22 Plans
374 418 24 22 of
408 418 37 22 the
461 417 102 22 sections-
570 417 25 21 in
604 416 39 22 the

59 448 86 22 district
154 447 27 22 of
188 449 136 24 Manewatu,
331 452 51 26 may
390 445 29 21 be
427 451 54 15 seen
490 447 24 18 at
522 444 43 21 this
571 443 72 22 Office

59 482 29 14 on
99 473 102 28 Monday
209 477 55 18 next
278 473 46 21 and
337 471 112 26 following
459 471 55 26 days
521 478 6 19 ;
542 470 63 22 those
618 470 25 20 in

58 501 38 21 the
106 501 95 22 districts
212 500 25 22 of
250 499 93 22 Porirua
351 497 45 23 and
405 497 85 22 Ohariu
502 504 30 14 on
541 496 101 27 Monday

36 542 5 5 .
59 527 53 22 14th
121 528 46 22 and
175 527 115 26 following
299 526 61 27 days.

220 559 38 22 W.
273 560 33 21 M.
322 559 81 25 Smith,
418 558 63 26 Capt.
492 557 68 26 R.A..,

387 585 83 25 Survey
473 582 142 23 or-General.

243 631 44 20 Ex

165 663 152 27 undersigned
331 663 40 22 has
384 662 47 27 just
445 661 105 23 received
566 668 13 14 a
588 668 55 14 con-

66 685 31 28 JL
134 691 112 27 signment
264 690 26 22 of
306 697 62 20 maps
387 689 45 21 and
450 688 74 22 charts
542 688 59 22 from
620 687 23 21 J.

59 715 93 29 Wyld's,
176 717 96 27 Charing
296 717 71 27 Cross,
391 715 145 28 Geographer
559 718 23 18 to
604 714 39 22 the

60 744 86 27 Queen,
154 744 38 21 viz
199 751 6 14 :
205 755 29 4 —

87 771 71 27 Large
168 774 44 18 two
222 771 63 22 sheet
295 777 51 20 map
356 769 26 22 of
387 768 56 22 New
453 767 108 28 Zealand,

87 798 50 21 One
147 797 64 22 sheet
219 804 51 20 map
281 797 25 21 of
313 796 56 22 New
379 795 106 27 Zealand,

86 824 107 21 Chaffers'
210 824 63 22 chart
288 823 26 22 of
329 823 79 22 Ceok's
427 823 87 26 Straits,
530 821 56 23 with
603 820 40 22 the

58 850 68 23 latest
135 851 117 26 additions,

87 877 106 22 Chaffers'
203 878 64 21 chart
275 877 27 21 of
307 877 54 21 Port
370 875 130 26 Nicholson,

86 904 133 22 Mercator's
227 904 65 21 chart
300 904 26 21 of
337 903 37 22 the
385 902 74 27 world,
471 903 42 21 &c.
524 902 40 22 &c.
574 902 40 21 &c.

415 936 112 22 William
541 936 73 21 Lyon.

59 972 84 22 Corner
152 971 26 22 of
183 971 153 22 Willis-street
345 969 43 24 and
398 970 190 27 Lambton-quay.

231 998 80 21 March
321 1000 20 25 8,
353 998 59 21 1842.

247 1043 45 20 Ex

59 1076 92 33 rpiHE
164 1076 115 27 following
287 1076 165 27 consignments
461 1074 59 22 have
527 1075 48 27 just
582 1075 59 21 been

66 1098 29 27 X
119 1103 103 22 received
231 1106 23 18 at
261 1104 38 20 the
309 1103 73 21 Stores
391 1101 24 22 of
420 1101 35 22 the
463 1101 150 27 undersigned
614 1113 29 4 —

83 1130 116 27 Blankets,
210 1134 169 23 counterpanes,
391 1128 43 22 and
445 1136 60 19 rugs,

83 1156 87 28 Chintz,
179 1157 76 27 prints,
265 1156 87 27 shawls,
361 1155 43 23 and
412 1155 42 22 silk
461 1155 180 27 handkerchiefs,

83 1183 98 26 Figured
187 1184 55 26 lace,
254 1183 67 27 fancy
329 1183 45 21 and
383 1182 59 27 plain
453 1186 46 23 net,

83 1209 237 28 Alarge'assortment
330 1211 25 20 of
361 1209 94 27 hosiery,

83 1237 87 21 Ladies'
182 1240 89 24 pattens
280 1237 45 21 and
336 1236 69 22 men's
417 1235 66 27 clogs,

85 1263 113 28 Captain's
207 1263 87 27 biscuit,
307 1263 106 22 Lochfine
422 1263 110 26 herrings,

83 1292 41 20 100
135 1291 70 21 dozen
215 1291 101 26 superior
327 1291 37 21 old
374 1292 54 25 port,

81 1319 28 19 50
121 1317 72 22 dozen
203 1318 99 26 superior
312 1317 83 27 sherry,

82 1345 41 20 An
133 1347 133 19 assortment
276 1344 25 21 of
309 1345 127 25 stationery,

83 1371 89 22 Church
182 1371 44 21 and
236 1371 77 21 school
322 1371 71 21 bibles
403 1369 44 22 and
457 1372 137 20 testaments.

410 1404 111 22 William
537 1404 73 22 Lyon.

57 1431 84 23 Corner
150 1432 25 21 of
182 1430 152 24 Willis-street
344 1432 42 21 and
395 1431 190 27 Lambton-quay.

226 1459 80 21 March
316 1461 19 25 8,
348 1459 59 21 1842.

245 1504 94 20 James
354 1503 98 26 Spiers,

55 1537 193 22 PROSPECT
269 1536 212 24 BOARDING
504 1536 136 27 HOUSE,

137 1571 129 15 GUILDFORD
281 1572 110 19 TERRACE,
403 1571 53 15 HILL
471 1571 92 20 STREET,

108 1599 28 19 In
155 1599 36 20 the
209 1604 48 15 rear
275 1599 29 25 of
317 1600 43 20 Dr.
379 1598 87 22 Evans's
479 1599 111 20 residence.

237 1639 75 15 TERMS
326 1640 129 15 MODERATE.

316 1679 75 24 Urul,

59 1711 41 21 One
108 1712 50 20 mile
167 1717 26 15 on
203 1712 35 20 the
246 1712 55 21 Port
311 1713 112 20 Nicholson
431 1712 44 20 side
484 1711 27 26 of
523 1712 117 21 Waikanai.

55 1745 94 48 MR.
164 1745 133 22 JENKINS
313 1746 55 27 begs
383 1749 22 18 to
418 1752 126 20 announce,
554 1745 49 21 that
612 1745 29 21 he

146 1771 40 22 has
197 1773 86 26 opened
294 1780 13 14 a
316 1773 78 22 House
401 1773 34 20 for
444 1772 37 21 the
489 1771 151 22 convenience

55 1799 27 21 of
94 1799 38 21 the
149 1799 82 28 public,
248 1799 45 22 and
309 1803 68 18 trusts
393 1799 47 21 that
455 1799 38 21 the
508 1799 71 21 board
596 1798 45 22 and

53 1825 93 28 lodging
167 1826 29 21 he
216 1826 104 27 provides
338 1827 46 21 will
401 1832 76 15 secure
495 1825 49 22 him
561 1825 79 22 liberal

53 1856 100 24 support.

81 1880 45 21 Mr.
137 1879 96 22 Jenkins
247 1887 43 14 can
299 1882 24 19 at
336 1880 31 22 all
376 1880 64 22 times
448 1880 93 27 provide
554 1879 86 27 gentle-

53 1912 53 15 men
116 1906 54 22 with
178 1907 38 21 the
225 1914 78 14 means
311 1906 26 22 of
342 1907 99 26 crossing
448 1910 22 18 to
480 1907 86 27 Kapiti.

82 1933 62 27 Urui,
157 1934 107 26 January,
276 1934 61 22 1842.

257 1983 6 4 '
300 1980 91 20 Otaki.

54 2011 93 49 MR.
170 2012 128 23 TAYLOR
320 2013 55 27 begs
398 2015 23 20 to
443 2013 102 22 intimate
563 2015 23 20 to
604 2012 35 22 his

132 2038 83 23 friends
225 2039 45 22 and
280 2040 38 22 the
328 2041 74 26 public
408 2039 49 22 that
464 2040 29 21 he
502 2040 41 21 has
553 2040 86 27 opened

51 2072 16 14 a
76 2065 78 22 House
165 2067 23 21 of
203 2067 183 22 Entertainment
393 2070 23 18 at
433 2066 72 27 Otaki,
517 2067 44 21 and
570 2067 68 27 hopes

50 2092 51 22 that
108 2093 38 21 the
155 2093 132 22 cleanliness
295 2094 45 21 and
350 2093 94 22 comfort
451 2093 25 21 of
482 2093 34 21 his
525 2093 114 21 establish-

51 2121 65 19 ment
134 2119 45 21 will
193 2126 78 14 secure
287 2120 48 21 him
352 2126 15 15 a
382 2119 79 22 liberal
477 2119 65 21 share
560 2119 26 21 of
601 2119 37 22 the

50 2145 77 27 public
137 2148 129 24 patronage.

80 2171 75 28 Otaki,
167 2172 100 27 January
276 2174 34 26 21,
322 2174 61 21 1842.

264 2218 167 21 Manewatu.

52 2243 94 48 MR.
161 2243 85 22 BURR
254 2244 63 22 takes
323 2244 44 23 this
375 2251 77 16 means
462 2244 26 23 of
494 2246 146 26 announcing

144 2271 48 22 that
208 2270 28 23 he
251 2271 19 22 is
284 2271 103 27 building
397 2279 13 14 a
423 2271 69 22 house
500 2272 36 22 for
549 2272 39 22 the
602 2281 37 13 ac-

52 2298 166 21 commodation
228 2298 26 21 of
259 2298 39 22 the
308 2298 82 28 public,
398 2305 54 15 near
460 2299 39 22 the
508 2298 52 28 pah,
571 2303 24 18 at
601 2299 38 22 the

51 2324 80 21 mouth
139 2324 26 22 of
171 2324 37 22 the
218 2325 136 27 Manewatu,
363 2326 72 21 which
441 2326 29 21 he
481 2330 91 23 expects
581 2330 22 18 to
610 2327 29 21 be

52 2351 97 22 enabled
158 2354 22 19 to
188 2359 58 19 open
255 2352 25 21 in
290 2359 14 14 a
311 2352 44 22 few
368 2352 80 26 Aveeks,
459 2352 65 23 when
533 2352 29 23 he
572 2356 68 19 trusts

52 2377 50 22 that
116 2378 31 27 by
156 2378 92 28 civility,
259 2378 45 22 and
319 2380 100 26 meeting
433 2380 38 21 the
486 2383 72 18 wants
568 2380 26 21 of
605 2380 35 22 his

52 2408 134 24 supporters,
196 2409 24 18 to
229 2406 87 21 receive
327 2406 78 22 liberal
415 2410 195 24 encouragement.

80 2434 136 26 Manewatu,
228 2432 101 28 January
337 2434 35 26 22,
384 2434 59 21 1842.

170 2477 40 21 To
225 2477 119 22 Masters
360 2478 32 22 of
403 2478 117 21 Vessels.

53 2510 73 49 ON
149 2510 85 28 SALE,
259 2514 23 19 at
300 2512 39 21 the
357 2512 71 21 Office
451 2512 25 21 of
495 2511 46 22 this
562 2519 76 19 paper,

202 2538 154 23 SEAMEN'S
372 2538 157 23 ARTICLES.

227 2566 79 26 Office,
316 2566 55 22 Feb.
381 2567 33 25 25,
426 2566 60 21 1842.
