2529 4039
212 3522 114 40 Clayton*
330 3537 23 19 at
381 3534 39 23 the
441 3534 68 24 Land
533 3535 93 25 Claims'

48 3563 101 30 meeting
159 3563 71 31 spoke
241 3564 25 24 in
276 3565 43 29 the,
323 3574 63 20 .same
398 3568 71 23 strain
478 3577 5 15 :
485 3581 34 4 —

75 3602 64 20 What
145 3602 68 20 would
220 3602 58 21 Lord
286 3604 57 20 John
351 3605 82 22 Russell
440 3614 38 20 say
483 3607 54 21 after
542 3615 86 14 recom-

49 3629 99 26 mending
157 3630 36 19 the
206 3633 56 17 most
276 3631 54 26 rigid
340 3638 101 22 economy
449 3637 23 18 to
488 3636 26 19 be
529 3636 97 26 adopted,

49 3658 23 18 to
88 3662 33 14 see
131 3664 13 13 a
152 3657 115 26 gim-crack
283 3664 89 16 concern
386 3662 81 26 costing
483 3663 114 21 thousands
607 3664 23 20 of

48 3684 89 25 pounds,
145 3685 59 19 when
211 3691 13 13 a
229 3685 58 26 plain
292 3686 93 27 building
391 3689 69 20 -would
465 3690 51 20 have
523 3692 104 19 answered

50 3717 61 20 every
119 3718 91 20 purpose
217 3713 8 19 ?
252 3712 56 27 Why
316 3713 18 20 it
341 3715 85 20 exceeds
434 3716 24 20 in
467 3718 110 20 costliness
586 3719 43 20 and

49 3744 87 20 expense
154 3740 33 19 far
200 3746 58 14 more
276 3741 50 19 than
345 3741 35 19 the
399 3742 94 28 building
506 3746 69 19 which
587 3747 39 20 has

49 3767 71 19 served
127 3772 24 15 so
161 3773 63 20 many
232 3773 59 20 years
304 3768 35 20 the
348 3774 50 21 very
407 3770 45 20 able
462 3777 47 14 men
518 3773 46 20 who
575 3774 51 19 have

48 3793 146 21 administered
203 3795 113 20 theaffairs
325 3795 24 20 of
361 3796 52 20 New
424 3797 65 21 South
498 3799 77 25 Wales,
585 3802 42 19 and

48 3820 45 20 who
107 3821 32 20 for
154 3828 59 19 years
222 3828 53 14 were
292 3823 89 20 satisfied
391 3823 50 21 with
459 3831 11 14 a
481 3826 79 21 framed
573 3830 53 19 tent.

47 3847 41 19 Are
99 3848 56 21 these
165 3849 69 26 things
244 3853 22 17 to
276 3850 25 20 be
316 3850 113 21 submitted
440 3853 22 18 to
471 3854 89 20 without
570 3861 57 15 com-

47 3874 66 25 plaint
121 3882 24 14 or
154 3878 165 20 remonstrance?
344 3878 49 20 You
402 3884 36 20 say
444 3885 36 19 no,
490 3882 42 18 and
539 3887 22 14 so
570 3883 26 20 do
607 3883 19 20 I.

45 3930 2 4 .
81 3908 42 24 We
141 3916 90 27 suspect
249 3913 48 23 that
313 3913 122 24 Auckland
447 3915 46 23 will
509 3916 93 25 become
614 3927 13 14 a

48 3948 52 24 very
112 3942 150 34 disagreeable
273 3947 62 30 place
347 3947 25 23 of
382 3948 116 24 residence
510 3948 34 25 for
558 3950 66 32 Capt.

1301 1615 44 24 We
1362 1624 58 15 were
1436 1616 44 23 last
1497 1615 65 24 week
1579 1616 49 30 only
1643 1616 49 23 able
1703 1620 22 19 to
1737 1616 38 31 lay
1787 1625 14 14 a
1810 1617 43 23 few

1268 1650 131 30 particulars
1412 1650 26 22 of
1452 1649 38 23 the
1501 1649 80 30 taking
1592 1650 24 22 of
1629 1650 77 30 Amoy
1722 1650 76 23 before
1812 1658 41 15 our

1268 1683 98 28 readers,
1394 1683 42 22 but
1455 1683 39 22 the
1517 1682 112 31 following
1653 1687 87 19 extract
1759 1683 60 22 from
1840 1691 14 15 a

1268 1716 67 23 letter
1345 1716 72 23 which
1428 1716 42 22 has
1479 1716 59 22 been
1548 1715 76 31 kindly
1640 1715 47 23 lent
1706 1720 21 19 to
1749 1724 27 15 us
1796 1717 55 28 will,

1269 1756 32 15 we
1323 1753 65 25 trust,
1412 1749 67 23 make
1499 1749 75 31 ample
1593 1749 100 22 amends.
1737 1749 44 23 We
1803 1749 49 24 also

1268 1782 91 31 publish
1368 1782 71 24 below
1450 1782 39 22 Sir
1501 1782 83 30 Henry
1599 1782 137 30 Pottiuger's
1750 1782 102 24 Circular

1268 1820 24 18 to
1313 1815 41 24 her
1376 1815 121 31 Majesty's
1521 1815 105 31 subjects.
1673 1815 52 23 The
1753 1815 99 24 Chinese

1269 1857 61 15 seem
1349 1849 54 30 long
1426 1854 22 18 to
1468 1849 57 22 have
1548 1848 105 31 expected
1676 1857 30 14 an
1729 1848 78 24 attack
1824 1857 28 15 on

1268 1881 85 31 Amoy,
1373 1883 43 22 and
1428 1881 44 24 had
1484 1881 158 31 consequently
1653 1882 110 30 prepared
1774 1882 75 23 thera-

1269 1914 72 24 splves
1352 1916 33 23 for
1396 1916 18 22 it
1424 1923 24 15 as
1460 1914 68 24 much
1537 1923 25 14 as
1570 1914 54 23 their
1634 1916 88 22 science
1733 1916 25 22 in
1770 1916 82 22 fortifi-

1269 1949 73 22 cation
1364 1949 74 22 would
1466 1948 70 23 admit
1544 1956 7 19 ;
1582 1947 46 24 that
1658 1948 43 23 this
1729 1948 42 23 has
1795 1949 57 22 been

1269 1982 101 28 effective
1396 1983 21 21 is
1440 1989 62 15 more
1521 1980 142 23 attributable
1692 1986 23 17 to
1740 1981 37 23 the
1797 1989 56 22 very

1269 2014 108 24 defective
1389 2018 58 20 state
1458 2013 25 23 of
1503 2013 50 23 that
1572 2014 85 22 science
1664 2021 94 22 -among
1779 2013 72 30 them,

1269 2047 43 23 and
1332 2052 22 19 to
1373 2048 58 23 their
1450 2051 59 18 want
1527 2046 26 23 of
1575 2053 100 23 courage,
1697 2047 54 22 than
1772 2051 22 18 to
1807 2055 45 23 any

1269 2080 122 31 deficiency
1407 2081 25 22 of
1454 2086 85 21 means,
1558 2080 60 22 since
1627 2087 81 22 money
1717 2079 44 23 and
1772 2080 80 23 labour

1269 2120 61 16 seem
1349 2118 21 18 to
1386 2114 58 22 have
1462 2113 58 22 been
1536 2117 60 18 most
1610 2112 113 32 profusely
1741 2112 118 30 lavished,,

1269 2146 83 31 during
1379 2147 37 23 the
1445 2145 44 24 last
1511 2145 79 23 twelve
1611 2146 97 28 months,
1732 2154 62 23 upon
1813 2146 39 24 the

1269 2179 155 24 fortifications
1446 2179 24 23 of
1492 2179 85 30 Amoy.
1623 2178 56 24 Last
1700 2187 62 22 year,
1785 2180 65 23 when

1269 2213 38 22 the
1317 2212 86 24 Blonde
1415 2212 81 24 visited
1508 2211 48 24 that
1574 2217 55 26 port,
1649 2212 19 23 it
1685 2220 47 15 was
1751 2212 102 31 guarded

1269 2246 31 30 by
1311 2253 42 16 one
1365 2246 66 23 small
1442 2246 89 29 battery
1549 2246 53 30 only
1610 2255 6 19 ;
1635 2245 66 24 when
1721 2246 131 23 afterwards

1269 2279 39 23 the
1325 2279 118 31 Alligator
1462 2284 60 18 went
1540 2278 71 29 there,
1633 2279 38 23 the
1694 2279 158 23 fortifications

1269 2320 58 15 were
1337 2313 47 22 still
1394 2313 24 22 in
1431 2313 37 22 the
1482 2319 60 16 same
1556 2316 64 25 state,
1638 2312 109 30 although
1765 2321 14 14 a
1798 2320 54 15 con-

1269 2345 112 24 siderable
1402 2345 141 24 breastwork
1561 2345 104 30 bristling
1684 2345 55 23 with
1763 2353 89 16 cannon

1269 2386 45 15 was
1332 2379 54 23 then
1403 2379 98 23 thrown'
1509 2386 30 23 up
1560 2379 25 22 in
1603 2379 35 22 the
1656 2386 79 15 course
1759 2379 24 23 of
1810 2387 42 15 ouc

1268 2412 74 31 night.
1384 2412 70 24 Since
1473 2412 50 23 that
1538 2412 56 22 time
1605 2412 29 23 all
1644 2412 38 23 the
1694 2412 158 24 fortifications

1269 2445 116 24 described
1400 2446 24 22 in
1440 2445 37 24 the
1490 2445 66 23 letter
1568 2445 68 23 below
1649 2445 55 23 have
1716 2445 58 23 been
1784 2445 66 29 built,

1269 2479 44 23 and
1325 2487 13 15 a
1349 2486 53 23 very
1413 2479 63 30 large
1486 2479 96 23 number
1601 2479 23 23 of
1645 2486 89 16 cannon
1753 2483 56 24 cast,
1831 2479 25 23 of

1269 2512 74 23 which
1355 2519 27 16 no
1394 2512 46 23 less
1453 2512 55 23 than
1520 2514 49 21 802
1576 2519 56 16 were
1640 2511 125 31 destroyed,
1777 2512 76 31 partly

1268 2546 26 22 in
1303 2545 38 23 the
1363 2546 108 22 arsenals.
1525 2546 51 22 The
1598 2545 128 23 mandarins
1749 2552 30 16 on
1801 2546 46 22 this

1269 2580 105 22 occasion
1399 2579 58 23 have
1480 2579 68 30 again
1568 2579 65 31 given
1654 2578 68 30 proof
1742 2579 25 22 of
1793 2579 59 22 their

1269 2612 129 28 cowardice,
1410 2612 54 31 they
1475 2612 87 30 having
1574 2612 55 22 been
1645 2611 38 23 the
1703 2612 51 23 first
1769 2616 22 19 to
1812 2612 39 30 fly,

1269 2645 54 23 with
1335 2645 37 23 the
1385 2645 117 24 Governor
1521 2646 25 21 of
1563 2645 37 22 the
1617 2645 110 22 Province
1750 2649 22 18 at
1793 2645 59 22 their

1269 2678 65 24 head.
1375 2679 63 23 Such
1455 2686 45 15 was
1518 2678 38 23 the
1574 2678 169 31 unwillingness
1767 2678 24 23 of
1814 2678 38 23 the

1270 2711 93 24 soldiers
1376 2716 20 19 to
1410 2712 66 23 stand
1485 2716 23 19 to
1522 2711 57 23 their
1591 2719 64 22 guns,
1675 2711 50 23 that
1743 2712 26 22 in
1790 2719 62 15 some

1270 2746 114 22 instances
1397 2745 53 30 they
1463 2753 37 15 are
1512 2745 50 23 said
1574 2749 22 18 to
1609 2744 54 23 have
1681 2745 58 22 been
1758 2744 96 23 chained

1270 2782 22 19 to
1306 2779 69 22 them.
1422 2778 27 23 If
1469 2779 46 22 this
1534 2778 28 23 be
1581 2777 37 24 the
1630 2785 57 21 case,
1706 2778 19 22 it
1742 2779 20 21 is
1774 2778 55 30 only
1842 2786 12 15 a

1270 2812 119 30 repetition
1411 2812 25 22 of
1461 2812 37 22 the
1522 2819 62 15 same
1605 2811 119 30 expedient
1739 2811 35 23 hit
1791 2819 62 23 upon

1269 2845 32 31 by
1313 2845 99 23 General
1421 2845 137 30 Yang-fang
1576 2845 25 22 in
1617 2843 35 24 his
1671 2851 58 16 wars
1748 2844 55 23 with
1815 2845 38 22 the

1271 2878 207 24 Cochin-Chinese.
1514 2878 37 23 No
1564 2878 65 22 latter
1641 2878 94 22 arrivals
1744 2878 58 22 from
1814 2878 38 22 the

1270 2915 69 25 coast,
1353 2911 43 23 and
1407 2919 33 16 we
1452 2912 56 23 have
1520 2911 111 23 therefore
1641 2915 41 19 not
1691 2911 73 23 heard
1775 2911 25 23 of
1816 2911 37 23 the

1270 2945 118 30 departure
1400 2945 24 23 of
1439 2946 39 22 the
1489 2945 55 23 fleet
1554 2944 60 23 from
1624 2944 83 31 Amoy.

1478 2985 162 21 CIRCULAR.

1271 3031 26 13 TO
1309 3029 44 15 HER
1362 3030 123 14 BRITANNIC
1495 3022 121 22 MAJESTY'S
1624 3029 105 14 SUBJECTS
1739 3029 24 14 IN
1775 3029 76 14 CHINA.

1297 3057 47 21 Her
1360 3057 115 27 Majestjr's
1483 3055 197 27 Plenipotentiary,
1696 3055 48 27 &c,
1760 3054 40 22 has
1816 3054 37 22 the

1269 3083 91 27 highest
1369 3083 79 27 degree
1459 3083 24 21 of
1494 3083 134 21 satisfaction
1639 3082 23 22 in
1676 3082 145 26 announcing
1831 3085 22 18 to

1271 3109 65 23 H.lVr.
1348 3111 102 26 subjects,
1463 3109 45 22 and
1517 3109 76 22 others
1607 3108 46 22 who
1663 3109 44 21 feel
1717 3115 29 15 an
1760 3109 94 21 interest

1269 3138 23 21 in
1304 3137 36 21 the
1350 3137 108 28 question,
1470 3137 46 21 that
1527 3136 37 21 the
1575 3136 79 26 city'of
1664 3135 82 26 Amoy,
1763 3135 51 21 with
1824 3135 30 21 its

1271 3171 53 19 very
1334 3165 113 20 extensive
1460 3163 45 21 and
1513 3161 130 23 formidable
1656 3161 46 22 line
1713 3161 26 21 of
1750 3161 104 22 batteries

1271 3191 44 21 and
1321 3189 52 23 fleet
1383 3190 22 22 of
1416 3191 116 26 gunboats
1542 3189 44 22 and
1594 3196 43 14 war
1643 3189 68 27 junks
1727 3188 47 26 (the
1781 3188 72 22 whole

1270 3217 118 27 mounting
1401 3217 108 28 upwards-
1521 3216 25 21 of
1563 3215 44 22 five
1623 3215 100 21 hundred
1742 3214 72 27 pieces
1832 3215 24 21 of

1271 3244 106 27 cannon),
1393 3251 43 15 was
1451 3243 68 22 taken
1533 3242 123 27 possession
1665 3242 25 21 of
1703 3248 28 14 on
1747 3241 37 22 the
1799 3241 55 22 2Gth

1270 3271 90 26 instant,
1376 3271 57 21 after
1443 3278 14 14 a
1471 3270 61 22 short
1542 3270 40 21 but
1596 3268 110 22 animated
1717 3268 92 22 defence
1824 3276 28 14 on

1271 3298 37 21 the
1322 3301 50 24 part
1388 3298 24 21 of
1423 3297 38 22 the
1478 3297 103 25 Chinese,
1599 3296 30 27 by
1645 3295 64 21 H-.M.
1727 3295 68 21 naval
1809 3295 46 22 and

1270 3324 53 22 land
1332 3324 77 26 forces,
1420 3324 72 22 under
1499 3323 38 21 the
1547 3322 116 22 command
1673 3322 25 21 of
1704 3322 58 21 their
1772 3322 83 27 ExceL;

1270 3351 83 22 lencies
1374 3351 58 21 Rear
1457 3350 103 22 Admiral
1589 3349 34 22 Sir
1642 3349 98 21 William
1762 3349 91 26 Parker,

1271 3377 92 28 X.C.8.,
1382 3378 45 22 and
1438 3377 75 27 Major
1524 3376 99 22 General
1635 3375 41 23 Sir'
1679 3375 70 28 Hugh
1764 3375 89 28 Gough,

1271 3405 86 21 K.C.B.

1297 3438 53 21 This
1363 3437 99 22 bvilliant
1475 3437 145 22 'achievment
1633 3435 37 24 has
1687 3436 57 21 been
1759 3435 93 27 happily

1273 3464 162 28 accomplished
1446 3464 51 22 with
1509 3471 13 14 a
1531 3471 55 19 very
1600 3462 80 27 trifling
1689 3462 55 27 loss;
1767 3462 52 27 and,
1829 3462 25 21 in

1272 3492 105 22 addition'
1382 3494 22 19 to
1418 3490 38 23 the
1471 3490 78 26 works,
1565 3490 31 21 all
1605 3489 25 22 of
1641 3488 68 23 which
1725 3488 57 22 have
1796 3488 58 23 been

1272 3518 133 23 dismantled
1413 3518 45 21 and
1468 3516 124 27 destroyed,
1603 3515 45 22 and
1658 3515 37 22 the
1704 3523 58 19 guns
1777 3516 78 26 spiked

1271 3545 45 22 and
1326 3544 89 28 broken,
1431 3544 110 21 immense
1556 3542 125 27 magazines
1690 3542 42 21 full
1741 3542 26 21 of
1780 3542 75 22 muni-

1271 3573 57 21 tions
1348 3572 26 21 of
1455 3571 57 22 have
1530 3570 58 21 been
1610 3569 67 22 either
1695 3568 112 28 removed,
1829 3577 26 14 or

1270 3598 110 22 rendered
1392 3598 90 21 useless.

1297 3632 178 26 Arrangements
1482 3637 37 15 are
1527 3636 52 17 now.
1587 3629 24 22 in
1617 3636 98 21 progress
1723 3629 35 21 for
1764 3629 92 28 leaving

1271 3667 14 13 a
1299 3659 151 21 detatenment
1461 3657 24 22 of
1498 3660 74 23 troops
1584 3658 30 19 on'
1627 3655 34 22 the
1671 3655 64 22 small
1748 3656 75 22 island
1832 3658 26 21 of

1271 3686 52 22 Ko.o
1331 3685 51 21 lane
1393 3692 24 14 su
1433 3683 83 28 (.which
1524 3684 20 21 is
1553 3682 113 28 separated
1675 3682 57 22 from
1747 3683 37 21 the
1793 3687 61 19 town

1271 3713 25 21 of
1313 3712 74 26 Amoy
1400 3711 30 27 by
1447 3718 13 14 a
1477 3709 95 23 channel
1589 3709 24 21 of
1630 3709 53 27 deep
1699 3710 87 27 water),
1809 3711 47 21 and

1271 3746 66 15 some,
1348 3738 73 22 whilst
1429 3737 39 22 the
1485 3740 63 24 great
1563 3736 61 29 body
1638 3736 25 21 of
1672 3736 37 21 the
1726 3737 129 26 expedition

1271 3766 99 22 advance
1386 3768 23 18 to
1424 3764 38 22 the
1473 3762 141 27 .northward;
1631 3770 23 14 so
1669 3763 48 21 that
1730 3763 89 23 British,
1831 3772 25 14 or

1271 3793 64 21 other
1351 3791 60 28 ships
1429 3791 50 21 that
1493 3797 53 19 may
1565 3789 68 22 touch
1648 3789 51 22 here
1719 3789 80 28 during
1817 3791 39 22 the

1271 3818 96 27 ensuing
1376 3824 85 20 season,
1473 3817 45 21 will
1527 3816 48 22 find
1586 3816 70 27 ample
1668 3817 189 32 pratjecfjtonj.and

1270 3846 28 22 be
1309 3852 76 15 secure
1394 3844 57 22 from
1462 3851 44 20 any
1519 3843 46 21 risk
1575 3843 26 21 of
1612 3843 154 23 molestati&'n'.-
1769 3845 4 9 1
1778 3844 5 25 ;
1825 3845 4 4 '
1855 3857 2 9 i

1298 3878 49 22 Her
1356 3877 118 27 Majesty's
1485 3876 188 28 Plenipotentiary
1683 3870 173 38 deerfisai^quite

1271 3904 138 28 superfluous
1424 3908 22 17 to
1457 3911 40 19 say
1513 3911 42 14 one
1566 3904 61 21 word
1641 3904 53 21 as'tb
1708 3901 148 32 tKj^lEUurner

1271 3932 23 22 in
1309 3931 72 22 which
1392 3931 42 22 this
1448 3931 121 26 important
1585 3930 80 22 service
1680 3930 39 22 has
1734 3925 48 37 gei^
1780 3954 3 5 ;
1783 3930 73 28 j'.'.per-

1271 3959 95 22 fonned.
1393 3958 47 22 The
1445 3958 60 22 'facia
1520 3957 87 28 require
1622 3965 28 14 no
1659 3953 120 32 eulogitrM?

689 3361 102 28 Monday
807 3362 69 27 being
895 3363 38 21 the
951 3363 44 28 day
1014 3365 120 26 appointed
1151 3366 35 21 for
1204 3366 38 22 the

657 3389 96 26 baptism
770 3389 26 21 of
805 3389 39 21 the
859 3389 48 22 heir
924 3394 105 23 Apparent
1046 3391 25 21 of
1088 3391 36 23 the
1142 3393 101 22 Colonial

658 3416 123 27 Secretary,
793 3423 12 14 a
812 3416 150 22 considerable
973 3417 93 22 number
1074 3418 24 22 of
1104 3420 138 26 respectable

657 3450 91 19 persons
759 3443 105 21 attended
878 3443 38 21 the
930 3443 92 23 Council
1035 3444 111 23 Chamber
1161 3449 23 18 to
1195 3447 48 21 wit-

658 3476 50 15 ness
719 3469 36 22 the
765 3469 112 28 imposing
883 3478 127 19 ceremony.
1038 3471 28 21 In
1076 3471 87 23 honour
1172 3473 26 21 of
1204 3473 38 22 the

657 3495 45 23 late
716 3496 115 22 lamented
846 3497 59 21 child
922 3497 26 21 of
962 3497 38 22 the
1016 3497 224 29 Attorney-General,

657 3523 38 21 the
714 3523 134 26 Secretary's
873 3531 39 14 son
933 3531 42 15 was
1001 3524 70 22 called
1177 3527 65 21 Land

657 3549 89 32 Claims]
852 3551 23 21 A
883 3558 73 19 name,
968 3551 58 21 alas!
1041 3555 37 18 too
1094 3551 148 28 significantly

656 3577 119 21 indicative
784 3577 24 21 of
819 3585 14 14 a
842 3581 125 24 premature
975 3578 45 21 and
1027 3578 105 28 unhappy
1139 3579 52 23 fate.
1221 3581 22 22 It

657 3611 43 15 was
709 3603 108 23 intended
827 3604 49 22 that
885 3605 38 21 the
934 3605 219 27 Attorney-General
1163 3607 82 21 should-

657 3631 65 21 stand
739 3631 135 27 god-father,
895 3631 40 22 but
956 3631 68 27 being
1041 3633 120 26 prevented
1184 3634 57 21 from

657 3664 61 15 some
732 3657 133 23 unfoi'eseen
881 3665 66 17 cause
956 3658 57 22 from
1028 3659 116 27 attending
1155 3667 28 14 on
1199 3661 43 21 this

657 3684 110 27 occasion,
786 3685 43 21 Mr.
849 3685 86 26 Cooper
951 3685 52 21 took
1019 3692 59 21 upon
1096 3686 92 22 himself

656 3711 64 22 usual
729 3718 49 14 vow
789 3712 44 22 and
849 3711 88 28 pledge,
948 3712 72 22 which
1034 3719 34 15 we
1078 3712 69 23 doubt
1157 3716 40 19 not
1212 3713 28 22 he

657 3738 43 22 will
709 3737 114 28 faithfully
837 3738 44 22 and
890 3739 129 27 religiously
1033 3739 66 28 keep,
1109 3740 84 27 though
1210 3748 32 14 we

656 3765 46 21 fear
721 3765 75 27 much,
814 3765 59 22 from
889 3765 38 22 the
946 3765 105 28 unhappy
1068 3769 75 24 aspect
1162 3767 26 21 of
1205 3767 37 21 the

657 3791 66 27 child,
735 3791 48 22 that
794 3793 42 21 Mr.
853 3792 103 28 Cooper's
967 3792 78 27 duties,
1061 3793 23 21 in
1095 3793 43 21 this
1147 3796 93 24 respect,

657 3818 44 22 will
710 3819 89 21 neither
807 3819 27 22 be
845 3818 53 28 long
907 3826 42 14 nor
958 3819 102 22 arduous.

683 3845 41 21 We
741 3852 59 15 were
814 3849 24 19 at
853 3846 36 21 the
907 3846 53 22 time
976 3846 95 26 forcibly
1087 3845 116 23 reminded
1221 3846 26 22 of

656 3871 36 22 the
701 3871 46 23 line
756 3873 24 20 in
792 3872 82 26 Byron,
888 3872 73 22 where
970 3872 29 22 he
1010 3872 50 22 asks
1061 3883 27 4 —

789 3906 32 19 thy
827 3906 39 16 face
873 3905 36 17 like
917 3906 34 19 thy
956 3905 73 17 father's
1036 3909 32 16 my
1080 3905 47 17 child

655 3932 44 22 and
710 3932 64 22 could
784 3936 38 17 not
832 3932 63 22 resist
902 3932 37 21 the
950 3932 104 27 curiosity
1061 3932 26 21 of
1094 3932 147 27 ascertaining

654 3958 60 23 what
732 3958 97 22 likeness
849 3958 43 22 this
911 3958 57 22 child
989 3959 52 22 bore
1062 3962 22 19 to
1102 3959 32 25 its.
1148 3960 92 26 reputed

514 52 101 32 THE
631 52 111 33 NEW
753 52 227 33 ZEALAND
1001 53 223 32 GAZETTE
1243 54 100 31 AND
1362 52 325 35 WELLINGTON
1708 57 296 32 SPECTATOR.

650 136 121 30 •Hobson;
795 136 45 24 and
860 136 28 23 he
913 143 53 23 may
988 139 39 27 yet
1044 136 54 24 take
1120 137 79 30 refuge
1219 137 24 23 in

657 169 103 29 Russell,
777 169 75 23 where
862 169 43 23 few
917 169 47 23 will
980 173 93 19 venture
1088 173 23 19 to
1129 169 114 31 approach

657 210 25 15 or
699 202 83 24 molest
798 202 56 23 him.
890 201 39 24 He
947 209 52 23 may
1017 202 62 23 there
1097 202 45 23 live
1161 202 82 24 almost

685 235 67 23 alone
765 235 24 23 in
801 235 35 23 his

880 300 137 18 BIRTHS.

692 334 50 21 Jan.
756 334 24 26 6,
793 334 61 20 Mrs.
868 334 104 26 Watson,
986 334 25 21 of
1026 340 13 15 a
1055 339 52 16 son.

692 364 50 24 Jan.
756 364 24 28 7,
793 364 61 23 Mrs.
868 364 85 29 Smith,
966 364 25 23 of
1006 373 13 14 a
1032 364 117 31 daughter.

692 397 50 23 Jan.
757 399 39 26 15,
810 397 61 23 Mrs.
883 396 103 29 Wilmot,
999 397 25 23 of
1039 398 74 23 twins.

692 430 50 24 Jan.
756 432 41 26 22,
810 429 61 24 Mrs.
884 430 74 28 Pratt,
970 430 26 23 of
1011 439 13 14 a
1036 430 119 31 daughter.

692 463 68 23 Same
772 462 51 31 day,
838 463 60 23 Mrs.
913 462 108 32 Heaphy,
1034 464 23 22 of
1073 472 14 14 a
1098 463 116 31 daughter.

692 496 50 23 Jan.
755 498 40 26 25,
808 496 61 23 Mrs.
883 496 85 29 Smith,
980 496 26 23 of
1021 505 13 14 a
1044 504 51 16 son.

692 529 50 23 Jan.
756 530 41 27 26,
810 529 61 24 Mrs.
885 529 89 29 Norris,
988 529 26 23 of
1028 538 13 14 a
1052 529 120 31 daughter.

692 562 55 24 Feb.
761 564 24 26 6,
798 562 61 23 Mrs.
874 562 117 30 O'Reilly,
1002 562 26 23 of
1042 571 13 14 a
1065 562 118 30 daughter.

692 595 57 24 Feb.
761 596 43 28 26,
817 594 60 24 Mrs.
891 594 84 31 Sykes,
989 595 25 23 of
1029 603 14 15 a
1054 595 119 31 daughter.

692 628 56 24 Feb.
762 630 41 27 28,
815 628 61 24 Mrs.
891 628 55 28 Gill,
959 628 24 23 of
1000 630 76 22 twins.
1091 627 13 4 ~
1139 637 2 5 '

692 661 82 23 March
787 663 23 27 1,
822 661 61 23 Mrs.
896 661 68 29 Ellis,
977 661 26 23 of
1016 670 14 14 a
1041 661 119 31 daughter.

692 694 85 23 March
788 694 24 28 7,
824 694 61 24 Mrs.
898 694 95 31 Bishop,
1007 694 25 23 of
1046 703 13 14 a
1068 702 50 15 son.

694 728 68 23 Same
775 727 51 28 day,
839 728 60 23 Mrs.
913 727 81 28 Knott,
1008 728 26 22 of
1048 728 75 23 twins.

50 148 70 25 ment,
136 145 79 29 potent
231 139 34 24 for
281 136 112 29 mischief,
413 136 45 23 and
476 136 112 24 reluctant
606 140 23 20 to

52 181 73 26 grant-
130 176 38 24 the
184 170 124 32 littlegood
325 170 19 23 it
359 169 74 31 might
559 169 70 26 From

53 217 42 16 our
107 209 98 23 columns
212 205 53 29 they
271 202 45 24 will
326 202 65 24 learn
399 202 50 23 how
457 202 85 31 utterly
551 202 78 24 odious

53 243 19 22 it
79 242 41 23 has
126 242 97 24 become,
231 244 55 17 even
292 237 26 22 in
323 235 132 25 Auckland.
491 235 51 24 The
549 235 80 24 ruined

53 275 52 30 Bay
121 273 26 23 of
163 270 89 26 Islands
271 268 58 24 tells-
333 268 39 23 the
384 276 61 16 same
466 272 70 27 story.
579 268 50 24 The

52 306 115 24 Governor
179 303 43 24 and
232 303 36 23 his
279 305 35 20 set
324 301 56 24 have
389 301 125 31 absolutely
521 308 31 16 no
564 305 65 27 party

50 340 26 22 in
86 338 56 24 New
152 336 105 24 Zealand.
275 334 85 31 None
376 334 43 23 but
426 334 97 31 .hungry
535 334 94 23 officials

52 371 43 24 and
106 373 128 29 expectants
241 368 30 24 'of
279 367 77 32 paltry,
363 367 75 31 places
451 367 61 31 cling
522 371 24 19 to
557 367 70 25 them.

51 404 49 24 The
116 402 108 25 wasteful'
234 400 154 32 expenditure,
408 400 45 23 and
463 400 39 23 the
516 400 113 23 shameful

48 436 94 32 jobbing
159 439 24 20 at
200 433 128 29 Auckland,
353 438 61 18 must
431 433 57 24 have
507 433 122 23 slackened

50 470 38 23 the
99 474 79 18 tenour
189 468 25 24 of
222 468 71 28 office,
306 466 72 23 which
391 467 31 22 all
430 467 133 26 .Governors
574 474 53 24 pos-

50 510 48 16 sess
109 502 24 23 in
151 510 14 14 a
175 505 88 27 greater
274 508 25 15 or
316 500 46 23 less
373 500 81 31 degree
465 501 25 21 in
501 500 127 30 Downing-

50 539 86 25 street;
158 534 45 24 and
219 535 18 22 it
253 534 20 23 is
283 541 56 23 very
349 533 106 31 probable
470 533 50 22 that
533 533 96 31 Captain

50 567 117 24 Hobson's
175 567 99 25 removal
281 567 42 23 has
330 566 90 31 already
426 566 57 23 been
492 566 137 23 determined

49 608 61 24 upon
118 609 7 21 ;
143 601 41 23 but
196 605 22 22 tp
240 601 76 24 insure
328 601 26 27 it,
371 599 63 24 there
446 599 70 30 ought
535 603 22 19 to
569 599 29 23 be
616 607 13 15 a

48 634 92 30 general
146 634 44 25 call
198 634 34 23 for
239 634 37 22 his
285 632 121 29 dismissal,
413 632 58 23 from
480 631 147 31 Wellington,

48 667 96 29 Nelson;
163 667 40 24 the
218 667 51 31 Bay
278 667 24 22 of
317 665 99 29 Islands,
436 665 44 23 and
495 665 132 23 Auckland.

48 700 45 23 We
104 705 52 19 note
166 700 40 24 the
216 703 124 28 symptoms
350 698 23 24 of
382 707 14 14 a
406 698 94 30 general
509 705 117 24 co-opera-

48 730 145 27 tionfor'that
200 733 58 24 en<L'
286 732 50 23 The
343 735 135 25 movement,
486 731 20 23 if
515 731 112 31 superflu-

50 774 41 16 ous
107 768 97 30 -against
229 766 110 28 Hobson,.
350 764 83 26 .would
450 764 47 23 still
518 768 36 20 act
572 772 25 16 as
615 773 14 15 a

49 801 103 29 warning,
161 804 22 19 to
194 799 36 23 his
241 805 134 17 successors.

1269 134 78 27 father,
1360 136 38 22 the
1413 137 102 22 Colonial
1529 137 120 27 Secretary.
1677 138 42 21 We
1734 139 119 22 examined

1271 161 54 22 each
1334 162 83 23 feature
1425 171 24 14 so
1460 163 128 27 attentively
1595 164 43 21 and
1649 164 147 27 searchingly,
1806 165 47 21 that

1271 194 34 15 we
1315 195 55 16 were
1378 190 71 21 afraid
1455 197 63 14 some
1525 190 27 21 of-
1556 190 35 21 the
1598 191 78 26 people
1686 194 91 24 present
1784 192 69 26 might

1271 221 77 16 accuse
1363 223 26 15 us
1407 217 24 20 of
1447 216 115 22 rudeness.
1594 216 40 22 We
1652 220 60 19 must
1730 218 87 21 confess
1836 218 17 22 it

1269 240 64 23 bears
1342 242 22 21 in
1375 250 68 19 many
1452 246 96 24 respects
1558 249 13 15 a
1580 246 75 22 strong
1667 244 153 21 resemblance
1831 247 21 19 to

1271 266 37 22 the
1324 268 78 27 father,
1418 270 41 21 but
1475 270 38 21 the
1530 268 57 23 head
1603 269 115 27 decidedly
1734 270 90 26 betrays
1840 279 13 14 a

1271 294 87 22 convict
1367 296 72 26 origin
1440 306 27 4 —
1540 295 61 22 mark
1610 296 26 21 of
1647 295 38 22 the
1793 297 19 21 is
1824 305 27 13 on

1271 319 38 22 the
1317 320 111 23 forehead.
1457 322 90 26 Botany
1556 322 44 26 Bay
1607 322 18 21 is
1635 322 121 27 impressed
1765 323 24 21 in
1798 331 54 19 very

1271 348 76 25 strong
1368 348 131 22 characters.
1523 348 60 21 -The
1605 348 60 21 child
1687 349 19 20 is
1727 349 125 27 altogether

1271 373 109 27 curiously
1386 375 94 22 formed.
1504 374 49 22 The
1558 374 54 22 head
1618 375 64 21 bears
1689 382 28 14 no
1724 376 127 26 proportion

1271 402 23 18 to
1303 399 37 22 the
1354 405 46 18 rest
1410 402 25 21 of
1445 402 38 21 the
1496 400 61 28 body
1557 412 26 4 —
1583 401 19 21 if
1611 401 60 27 body
1680 401 18 21 it
1712 409 40 14 can
1803 402 49 22 said

1271 428 23 19 to
1310 426 54 23 haye
1365 439 26 4 —
1393 428 43 21 and
1452 428 77 21 unlike
1546 434 43 20 any
1604 427 64 22 other
1683 428 84 21 human
1784 429 67 27 being

1271 452 48 22 that
1335 460 30 15 we
1382 454 56 22 have
1458 461 53 15 ever
1529 461 58 18 seen,
1603 454 37 21 the
1659 455 66 20 cauda
1741 457 73 24 equina
1833 456 17 21 is

1271 479 119 28 prolonged
1400 481 47 21 into
1457 488 13 14 a
1479 481 59 27 huge
1548 480 43 27 tail,
1601 480 72 26 larger
1683 482 53 21 than
1748 482 49 21 that
1806 482 25 22 of
1839 490 13 13 a

1271 506 59 26 Cape
1339 507 73 27 sheep.
1441 508 22 21 It
1472 508 19 20 is
1501 515 14 13 a
1530 510 96 18 monster
1636 511 21 18 to
1668 508 29 21 all
1713 508 84 22 intents
1807 509 44 21 and

1269 538 111 22 purposes,
1400 533 45 22 and
1462 534 39 21 the
1520 540 77 15 sooner
1612 534 19 21 it
1650 534 47 22 dies
1715 534 38 22 the
1771 536 78 21 better.

1270 558 89 23 Besides
1374 560 37 22 the
1427 560 89 22 natural
1532 563 58 18 want
1603 560 27 21 of
1645 561 171 27 conformation,
1835 562 17 21 it

1271 592 89 20 appears
1382 595 25 14 so
1429 587 69 22 much
1521 586 89 22 affected
1630 587 53 22 with
1704 587 37 21 the
1765 588 85 22 disease

1271 612 98 28 vulgarly
1376 613 71 22 called
1454 614 36 21 the
1523 613 61 26 King
1593 620 23 14 or
1624 613 96 24 Queen's
1803 615 48 20 that

1269 637 29 22 its
1323 640 111 22 existence
1459 642 60 19 must
1540 640 88 27 happily
1651 647 55 14 soon
1726 641 124 21 terminate.

1269 665 48 21 The
1325 665 216 23 Governor'himself
1552 666 107 27 appeared
1668 670 22 18 to
1697 667 57 22 have
1760 667 58 22 been
1827 675 23 14 so

1264 691 101 23 ■shocked
1374 696 24 19 at
1409 693 28 22 its
1446 693 77 21 horrid
1537 692 44 22 and
1591 693 121 28 disgusting
1725 694 66 27 form,
1803 694 49 21 that

1269 717 29 22 he
1309 718 37 22 did
1353 723 38 18 not
1402 727 89 20 express
1501 727 14 14 a
1524 719 69 27 single
1601 719 53 21 wish
1664 720 36 21 for
1708 721 28 21 its
1746 721 55 26 long
1810 721 43 23 life,

1271 752 24 13 or
1304 744 123 29 happiness.
1457 747 27 21 In
1498 746 46 22 fact
1553 746 33 26 ho,
1602 746 44 21 and
1656 746 29 22 all
1700 747 36 21 the
1746 751 46 17 rest
1802 747 48 22 who

1269 778 58 15 were
1334 776 93 23 present,
1433 772 113 22 indicated
1553 773 29 26 by
1591 772 54 22 their
1649 773 63 22 looks
1718 773 41 25 .the
1767 777 85 18 utmost

1270 797 134 24 abhorrence
1414 802 22 19 at
1445 800 38 21 the
1493 799 114 26 unseemly
1617 799 64 27 sight.

1296 825 32 21 To
1344 826 67 27 speak
1426 826 93 27 plainly,
1537 825 37 22 the
1591 833 47 14 new
1760 827 90 21 Claims'

1346 859 43 15 was
1399 860 29 14 on
1440 853 101 26 Monday
1550 853 47 25 last,
1612 853 52 21 read
1675 860 13 14 a
1702 853 47 21 first
1758 853 54 21 time
1826 853 24 22 in

1271 878 96 26 Council,
1379 879 45 21 and
1432 886 33 15 we
1475 882 61 18 rmist
1545 879 27 21 do
1582 879 35 21 the
1627 879 90 22 learned
1718 878 11 9 r
1729 879 122 28 3[HoYney-

1271 904 95 23 General
1375 906 46 21 and
1430 905 37 23 the
1478 907 87 25 sapient
1575 905 97 22 Colonial
1680 907 121 26 Secretary,
1813 906 37 22 the

1270 931 69 22 credit
1348 933 24 21 of
1383 933 83 26 having
1482 933 53 26 (this
1546 933 52 21 time
1608 935 22 18 at
1639 932 74 27 least),
1723 933 54 27 kept
1794 933 58 21 their

1269 959 100 26 promise,
1377 959 24 21 in
1412 959 76 27 giving
1495 967 26 13 us
1532 966 12 14 a
1553 966 98 14 measure
1659 959 113 27 infinitely
1781 967 70 14 worse

1270 984 53 22 than
1334 985 35 22 the
1379 994 43 13 one
1437 986 72 21 which
1520 992 32 15 we
1568 985 53 22 have
1632 985 84 22 thrown
1735 990 45 18 out.
1810 985 40 23 We

1269 1011 58 28 hope
1345 1012 36 21 the
1398 1013 155 26 independent
1576 1012 107 22 members
1703 1012 43 22 will
1765 1020 50 19 pass
1834 1013 18 21 it

1270 1037 93 27 through
1373 1039 37 22 the
1423 1039 92 21 Council
1525 1039 91 21 without
1624 1046 43 14 one
1678 1039 69 27 single
1758 1039 94 22 amend-

1269 1067 62 19 ment
1339 1073 5 18 ;
1359 1065 53 28 they
1421 1065 45 22 will
1474 1066 25 21 in
1508 1065 44 21 this
1563 1073 96 20 manner,
1672 1065 27 22 do
1716 1066 38 21 the
1765 1066 85 27 Colony

1269 1091 67 21 much
1353 1096 85 22 greater
1457 1092 84 22 service
1561 1093 52 20 than
1631 1093 30 26 by
1680 1100 45 19 any
1744 1092 66 22 effort
1830 1096 22 18 at

1269 1117 130 28 improving.
1429 1119 42 21 Let
1482 1119 37 21 the
1536 1119 42 21 Bill
1587 1126 25 19 go
1626 1119 66 21 home
1708 1122 21 18 to
1744 1119 107 27 England

1269 1144 22 21 in
1302 1145 27 21 its
1339 1149 89 23 present
1436 1145 75 27 shape,
1527 1147 43 20 and
1581 1152 29 14 we
1620 1145 79 27 pledge
1715 1153 40 14 our
1764 1147 59 20 word
1835 1146 17 20 it

1269 1171 46 21 will
1324 1172 120 27 inevitably
1461 1172 45 21 seal
1517 1173 38 20 the
1574 1171 63 22 doom
1656 1172 26 21 of
1698 1180 66 19 every
1781 1180 71 14 mem-

1269 1197 39 21 ber
1331 1199 24 20 of
1378 1199 39 21 the
1440 1199 130 26 Executive,
1594 1199 56 21 from
1673 1198 38 22 the
1735 1199 117 21 Governor

1270 1223 144 23 downwards.

1297 1251 35 21 On
1340 1251 41 22 this
1388 1251 184 27 understanding,
1581 1251 28 22 let
1617 1251 37 22 the
1661 1251 80 28 people
1746 1251 29 23 be
1782 1252 70 26 ready

1270 1277 52 22 with
1332 1279 54 21 their
1396 1279 105 26 petitions
1517 1279 45 21 and
1572 1281 91 24 protests
1673 1281 23 19 to
1713 1286 139 19 accompany

1269 1304 38 22 the
1316 1305 50 26 Bill,
1377 1305 46 21 and
1433 1312 31 15 we
1473 1305 50 26 give
1536 1305 59 21 them
1605 1312 39 14 our
1653 1305 86 27 pledge,
1748 1308 44 23 too,
1805 1305 47 21 that

1269 1331 54 26 they
1332 1332 43 22 will
1388 1335 39 24 get
1437 1340 66 18 every
1518 1331 70 27 thing,
1599 1331 43 22 and
1656 1338 61 15 more
1727 1331 54 22 than
1799 1331 53 27 they

1269 1364 50 15 now
1328 1359 129 26 reasonably
1469 1359 46 21 ask.
1544 1358 41 21 We
1594 1358 72 22 would
1681 1362 89 23 suggest
1780 1361 23 18 to
1818 1359 34 21 his

1268 1385 135 26 •Excellency
1429 1385 37 21 the
1492 1385 111 28 propriety
1626 1385 26 21 of
1670 1385 120 27 supplying
1816 1385 36 21 the

1270 1411 97 22 Colonial
1385 1413 122 26 Secretary,
1526 1419 26 13 or
1568 1412 35 21 the
1618 1419 80 19 person
1717 1412 49 21 who
1785 1415 67 18 wrote

1269 1437 37 22 the
1316 1438 49 27 Bill,
1374 1439 53 21 with
1438 1446 12 14 a
1459 1446 57 19 copy
1526 1438 27 22 of
1558 1445 58 15 some
1624 1438 93 27 English
1727 1439 124 26 Grammar,

1269 1465 45 21 and
1324 1472 12 14 a
1345 1465 80 26 pocket
1436 1465 82 21 edition
1526 1465 26 21 of
1560 1465 119 21 Johnson's
1685 1465 138 28 Dictionary.
1824 1476 28 4 —

1268 1493 110 19 Auckland
1386 1493 90 24 Herald,
1487 1493 49 19 Feb.
1549 1493 33 19 16.

1354 1556 71 23 THE
1443 1555 138 24 TAKING
1598 1556 42 22 OF
1657 1556 108 23 AMOY.

60 864 12 10 v
81 860 49 24 Mr.
141 860 36 24 E.-
190 860 22 24 J.
224 858 134 29 Wakefield,
371 858 70 31 lately
450 858 60 24 from
525 858 103 31 Wanga-

48 893 47 29 riui,
102 893 4 8 l
118 893 94 23 informs
232 900 28 15 us
282 892 49 23 that
353 891 129 31 previously
498 896 23 19 to
540 891 37 24 his
589 892 39 23 de-

46 931 99 26 parture,
154 926 39 23 the
207 925 107 32 principal
334 924 71 24 chiefs
424 924 31 24 of
472 924 38 24 the
531 925 96 29 district,

46 959 117 30 including
174 959 64 23 those
250 959 47 23 who
309 957 45 24 had
367 958 99 30 opposed
477 957 39 25 the
527 965 102 23 occupa-

48 992 48 23 tion
104 995 2 10 '
119 992 25 23 of
167 992 58 23 their
240 991 64 24 lands
321 992 32 30 by
370 990 142 32 Europeans,
534 990 95 24 assured

47 1023 48 25 him
107 1025 25 23 of
147 1025 58 23 their
215 1025 138 30 willingness
364 1027 22 19 to
399 1023 65 23 allow
479 1023 38 23 the
525 1043 3 8 ,
537 1023 90 23 settlers

47 1061 24 20 to
82 1055 66 26 enter!
155 1065 60 23 upon
227 1057 58 24 their
298 1057 98 22 sections
409 1063 60 23 upon
486 1060 108 26 payment
607 1056 24 23 of

48 1098 63 15 some
220 1089 73 23 which
303 1089 37 23 the
353 1089 78 30 Agent
451 1089 25 22 of
502 1088 37 24 the
558 1089 69 23 Com-

46 1131 63 22 pany
118 1122 41 24 has
172 1122 81 31 always
262 1122 63 23 been-
330 1122 68 29 ready
410 1125 23 19 to
444 1121 102 24 furnish.'

79 1155 36 24 As
128 1155 94 31 Captain
234 1155 106 28 Dawson,
354 1154 37 23 the
399 1154 78 24 Police
485 1154 142 31 Magistrate,

46 1188 44 23 and
109 1189 47 23 Mr.
173 1187 94 29 Mason,
286 1187 39 23 the
344 1187 146 31 Missionary,
508 1189 120 30 positively

47 1221 58 31 deny
117 1221 37 23 the
166 1221 80 30 charge
263 1220 25 24 of
305 1220 85 31 having
403 1221 123 30 instigated
544 1229 25 15 or
587 1229 40 15 en-

48 1254 111 31 couraged
170 1255 135 22 the'natives
317 1258 23 18 to
347 1254 77 23 -resist
443 1254 44 23 the'
500 1254 129 23 settlement

48 1288 24 22 of
88 1288 37 22 the
136 1288 53 23 land
199 1288 30 30 by
240 1286 64 25 those
320 1287 51 23 who
387 1286 127 32 purchased
532 1288 19 22 it
570 1288 58 22 from

48 1321 38 23 the
109 1321 124 31 Company,
253 1321 18 22 it
293 1320 74 23 would
389 1320 26 23 of
438 1328 78 15 course
533 1321 30 22 be
574 1328 55 23 very

47 1354 75 23 unfair
133 1358 22 19 to
164 1355 84 29 impute
260 1353 56 23 such
328 1353 94 23 conduct
443 1357 22 19 to
488 1353 61 23 them
560 1363 5 20 ;
587 1354 42 23 but

47 1387 20 22 it
77 1387 52 22 does
144 1394 24 15 so
188 1387 93 31 happen,
300 1386 50 23 that
365 1394 54 23 very
439 1394 56 15 soon
513 1387 58 23 after
591 1387 37 23 the

47 1420 85 31 receipt
142 1420 30 30 by
185 1420 94 30 Captain
292 1420 99 23 Dawson
401 1419 26 24 of
441 1428 13 15 a
466 1421 84 22 certain
562 1420 67 23 letter

46 1453 60 23 from
118 1453 46 24 Mr.
177 1453 108 31 Murphy,
306 1453 43 23 and
371 1452 38 24 the
426 1454 85 30 receipt
532 1454 31 29 by
579 1453 48 24 Mr.

49 1485 84 24 Mason
145 1486 25 23 of
185 1487 91 22 another
295 1486 66 23 letter
379 1486 58 23 from
454 1486 48 23 Mr.
517 1486 110 30 Hatfield,

48 1518 56 24 both
115 1519 88 24 written
213 1519 54 23 with
285 1527 14 15 a
313 1519 57 23 view
387 1523 23 19 to
431 1519 114 31 enlighten
564 1520 65 23 those

48 1559 96 23 persons
156 1560 26 16 as
191 1556 23 20 to
227 1552 56 24 their
295 1552 45 24 real
356 1552 98 31 position
466 1552 45 23 and
522 1552 73 24 duties
596 1566 33 4 —

48 1585 20 23 it
80 1585 59 24 .does
158 1589 37 19 so'
202 1585 92 32 happen,
312 1586 44 23 we'
363 1593 40 23 say
404 1585 6 30 j
434 1586 49 23 that
505 1594 13 15 a
535 1586 94 24 marked

50 1617 87 31 change
147 1618 35 23 for
256 1619 71 23 better
347 1618 111 32 appeared
474 1620 25 22 in
520 1619 39 23 the
581 1619 48 24 dis-

46 1651 100 30 position
157 1651 27 23 of.
196 1651 37 23 the
251 1653 93 23 natives.
356 1666 3 3 •
387 1651 66 30 This,
474 1660 32 16 we
523 1660 104 24 suppose,

47 1688 62 19 must
119 1684 28 23 be
159 1684 129 24 considered
300 1692 28 16 an
340 1685 169 31 extraordinary
529 1686 44 23 and
584 1694 44 15 un-

202 1717 149 25 coincidence.
355 1719 3 4 '

1882 139 95 22 Chinese
1988 139 148 23 Government
2144 143 75 26 vainly
2228 143 113 28 imagined
2350 145 49 29 they
2409 147 46 22 had

1880 166 111 22 rendered
2007 167 71 26 Amoy
2091 167 155 30 impregnable,
2262 171 42 21 but
2315 178 54 15 were
2385 174 71 21 unde-

1880 192 78 21 ceived
1963 192 24 21 in
1994 199 100 19 presence
2100 195 25 19 of
2131 194 36 21 the
2174 195 88 28 viceroy
2269 197 25 21 of
2298 197 36 21 the
2339 199 116 26 provinces

1881 218 27 21 of
1918 218 121 28 Chekeang
2048 220 41 21 and
2096 220 84 22 Fokieu
2196 222 65 27 (who,
2277 223 53 22 with
2339 232 14 13 a
2360 226 96 21 number

1881 244 26 21 of
1918 244 54 28 high
1981 245 91 26 officers,
2087 246 113 22 witnessed
2210 248 37 22 the
2263 250 73 21 attack
2344 252 56 20 from
2415 251 39 22 the

1872 275 3 25 ;
1880 270 88 27 heights
1983 271 69 22 above
2066 272 32 22 the
2109 273 76 27 town),
2200 273 23 22 in
2234 274 37 22 the
2276 294 3 4 .
2285 275 60 23 short
2353 284 63 19 space
2431 279 27 21 of

1880 297 50 22 four
1940 297 68 22 hours
2017 298 55 21 from
2082 298 34 22 the
2125 299 66 27 firing
2201 301 25 20 of
2233 300 37 22 the
2277 301 47 22 first
2329 310 43 19 gun
2379 311 6 20 ;
2400 304 53 27 and,

1872 323 54 24 .had
1936 324 38 21 the
1982 324 117 27 opposition
2102 331 2 4 1
2108 326 57 21 been
2173 334 12 13 a
2193 326 100 22 hundred
2301 328 61 22 times
2367 333 89 23 greater

1871 350 64 28 ;than
1952 351 20 20 it
1981 357 50 20 was,
2048 350 34 21 ihe
2096 352 61 26 spirit
2171 352 44 21 and
2230 353 91 28 bearing
2329 355 26 20 of
2364 357 29 20 all
2407 364 48 14 em-

1872 385 3 7 >
1879 376 83 26 ployed
1972 376 89 23 shewed
2071 378 43 26 thi\,t
2124 378 36 21 the
2169 380 80 20 results
2262 384 59 18 must
2329 380 54 23 have
2397 382 57 23 been

1872 402 45 21 ■the
1928 410 69 15 same.

2039 430 48 21 God
2096 438 52 14 save
2158 439 44 14 the
2216 432 85 22 Queen.

1906 462 75 22 Dated
1988 462 42 22 this
2040 465 45 19 31st
2092 463 41 27 day
2141 464 25 22 of
2180 465 91 27 August,
2280 468 60 25 1841,
2351 474 27 15 on
2386 468 68 22 board

1879 495 77 22 H.M's
1966 496 50 26 ship
2024 497 107 27 Blenheim,
2142 498 22 21 in
2176 499 73 26 Amoy
2258 499 109 23 Harbour.

1962 529 104 28 (Signed)
2168 531 86 23 Henry
2263 532 137 28 Pottinger,

2178 567 83 20 H.MSs
2270 567 184 28 Plenipotentiary.

1913 599 24 22 A
1950 600 85 30 private
2047 600 62 23 letter
2120 601 24 22 in
2157 600 36 24 the
2207 601 90 24 Canton
2313 611 66 23 paper
2391 605 63 29 gives

1879 639 62 15 some
1953 632 123 23 additional
2087 634 128 28 particulars
2228 635 26 23 of
2266 635 46 23 this
2324 636 69 24 affair.

1906 669 48 21 The
1963 670 60 21 wind
2032 670 40 21 has
2082 678 59 14 come
2155 672 23 21 in
2195 672 56 21 from
2268 673 38 21 the
2323 674 131 27 northward,

1879 694 72 23 which
1961 696 53 26 will,
2026 696 9 22 I
2052 698 49 26 fear,
2115 698 104 21 interfere
2235 699 52 21 with
2303 707 38 14 our
2356 708 99 20 progress

1878 722 137 27 northward,
2032 731 39 14 our
2082 724 128 21 destination
2221 725 66 27 being
2302 726 103 27 Chinhae,
2417 728 37 21 the

1879 752 88 23 seaport
1977 750 26 21 of
2016 749 90 28 Ningpo,
2118 750 72 21 which
2199 758 32 15 we
2242 759 36 14 are
2287 753 66 27 going
2366 756 21 18 to
2395 754 59 26 take,

1878 774 21 21 if
1910 779 40 17 not
1954 779 21 18 to
1987 776 87 26 destroy
2082 777 21 20 it.
2131 777 47 21 The
2188 778 95 21 weather
2292 779 50 21 here
2352 780 37 21 has
2396 780 57 22 been

1879 808 55 20 very
1943 802 47 25 hot,
2000 803 40 21 but
2050 804 35 20 the
2095 806 70 25 troops
2174 804 29 21 do
2212 808 46 23 not,
2273 812 24 14 as
2306 808 42 28 yet,
2364 813 57 15 seem
2431 810 23 18 to

1879 827 64 22 have-
1957 828 95 22 suffered
2070 829 52 22 from
2142 837 113 20 exposure.
2297 832 63 21 Since
2378 833 78 27 taking

1879 855 37 21 the
1927 858 57 18 town
1996 855 37 22 the
2042 856 60 21 boats
2111 856 44 21 and
2164 861 104 18 steamers
2277 857 57 22 have
2343 859 55 21 been
2409 867 45 14 em-

1878 881 80 27 ployed
1968 882 23 21 in
2004 882 121 27 destroying
2135 883 36 21 the
2182 891 56 19 guns
2248 884 22 21 in
2283 885 36 20 the
2336 892 118 15 numerous

1879 908 60 21 forts.
1968 908 51 21 You
2037 908 41 21 will
2092 909 94 27 scarcely
2202 910 69 22 credit
2285 910 37 22 the
2339 919 116 15 enormous

1879 935 95 20 number
1984 935 25 21 of
2021 935 69 26 pieces
2104 936 24 21 of
2146 936 97 27 artillery
2259 936 124 29 destroyed;
2401 938 54 28 they

1880 965 92 17 amount
1982 965 22 18 to
2016 963 54 24 eUjht
2080 963 94 20 hundred.
2210 963 53 21 This
2271 964 68 26 place,
2351 965 17 20 it
2376 973 78 18 seems,

1880 994 43 15 was
1948 988 130 22 considered
2099 990 58 26 quite
2187 990 151 26 impregnable
2365 991 30 27 by
2417 992 38 21 the

1880 1014 101 22 Chinese,
1995 1015 43 21 and
2052 1022 112 15 enormous
2181 1023 60 14 sums
2254 1020 60 18 must
2328 1016 54 23 have
2398 1018 58 21 been

1879 1040 44 22 laid
1934 1044 37 18 out
1983 1049 58 19 upon
2052 1042 36 21 the
2097 1042 74 22 works.
2201 1042 27 21 In
2242 1042 35 22 the
2293 1044 60 26 large
2369 1044 86 28 battery

1880 1067 52 27 they
1941 1067 45 22 had
1996 1075 12 14 a
2019 1075 84 15 cannon
2110 1069 94 27 foundry
2211 1069 43 22 and
2264 1076 12 15 a
2284 1070 88 26 powder
2378 1078 78 15 manu-

1878 1093 92 28 factory.
2009 1095 27 21 In
2057 1095 35 22 the
2110 1096 86 26 former,
2218 1096 60 21 there
2298 1103 55 16 were
2372 1098 84 21 several

1878 1120 72 27 heavy
1968 1128 59 19 guns
2044 1122 41 21 still
2104 1122 21 21 in
2145 1123 37 21 the
2199 1122 83 27 mould,
2299 1123 44 22 and
2366 1124 29 21 all
2416 1124 39 21 the

1879 1151 118 24 apparatus
2007 1148 43 21 had
2061 1149 108 27 evidently
2178 1150 56 21 been
2251 1150 23 20 in
2290 1150 70 21 active
2377 1157 77 20 opera-

1880 1174 46 21 tion
1934 1181 29 20 up
1974 1178 23 17 to
2007 1175 37 20 the
2055 1176 50 21 time
2115 1176 25 20 of
2151 1176 38 21 the
2199 1176 79 21 attack.
2308 1176 64 22 Some
2381 1177 25 21 of
2417 1178 38 20 the

1878 1207 58 19 guns
1946 1208 57 14 were
2014 1201 26 21 of
2049 1202 57 26 large
2115 1202 58 27 bore,
2186 1202 60 27 eight
2252 1202 53 22 inch
2311 1203 43 21 and
2362 1206 92 24 greater,

1880 1227 52 21 with
1942 1227 131 22 abundance
2083 1229 23 20 of
2114 1229 80 21 hollow
2204 1229 50 21 shot
2263 1229 33 21 for
2303 1229 67 21 them.
2391 1230 65 26 They

1878 1253 58 21 have
1944 1254 55 27 long
2008 1255 57 21 been
2076 1255 140 27 anticipating
2226 1263 40 13 our
2274 1256 58 26 visit,
2349 1256 43 21 and
2402 1263 53 14 con-

1880 1279 86 23 sidered
1990 1281 127 22 themselves
2141 1289 76 14 secure
2240 1282 33 21 far
2296 1282 87 27 beyond
2411 1289 45 21 any

1880 1313 77 15 means
1972 1307 28 21 of
2017 1314 124 21 annoyance
2155 1309 23 20 in
2198 1316 40 13 our
2255 1316 73 19 power
2329 1320 26 4 —
2355 1309 49 22 how
2418 1310 38 21 the

1880 1340 54 18 poor
1944 1333 69 22 devils
2024 1334 56 21 have
2089 1335 52 21 been
2152 1335 111 21 deceived.

1906 1368 14 19 9
1930 1374 46 14 p.m.
1995 1366 40 23 3rd
2053 1367 123 27 September
2177 1379 27 4 —
2204 1368 46 21 The
2270 1368 85 22 arsenal
2371 1369 16 21 is
2406 1376 51 14 now

1880 1392 96 28 burning
1986 1401 14 14 a
2009 1393 71 27 grand
2087 1394 63 26 blaze,
2160 1395 42 21 and
2211 1395 36 21 the
2258 1395 70 21 whole
2339 1396 26 20 of
2370 1396 35 22 the
2413 1404 45 14 war

1877 1419 69 27 junks
1956 1420 56 21 have
2023 1421 56 21 been
2089 1422 67 21 towed
2166 1429 60 19 away
2234 1422 56 21 from
2298 1422 37 22 the
2343 1422 114 22 merchant

1878 1447 75 26 junks,
1965 1447 44 22 and
2019 1455 37 14 are
2066 1451 21 17 to
2096 1448 24 21 be
2130 1448 86 22 burned
2226 1448 98 27 to-night
2331 1456 24 14 or
2364 1453 90 17 to-mor-

1880 1479 45 16 row
1936 1474 110 26 morning.
2075 1474 12 21 I
2097 1477 54 18 went
2161 1482 27 14 on
2200 1475 68 21 board
2281 1483 14 13 a
2311 1476 76 26 frigate
2399 1476 59 27 junk

1881 1507 28 14 an
1922 1500 95 26 evening
2030 1508 22 14 or
2061 1503 41 19 two
2111 1508 46 20 ago.
2186 1502 43 21 She
2239 1509 43 14 was
2290 1510 12 14 a
2309 1503 88 25 regular
2404 1503 55 21 built

1882 1526 78 26 frigate
1968 1527 58 27 junk
2037 1527 50 22 with
2104 1528 84 21 amain
2208 1528 56 22 deck
2282 1536 24 14 as
2326 1529 57 21 clear
2400 1536 24 14 as
2445 1537 14 13 a

1880 1552 106 28 frigate's,
1996 1554 46 21 and
2049 1554 112 27 mounting
2171 1556 12 20 6
2193 1562 56 20 guns
2259 1562 28 14 on
2304 1563 13 13 a
2334 1556 51 26 side,
2405 1556 53 21 with

1882 1583 42 18 two
1934 1580 49 22 bow
1991 1585 69 23 ports,
2075 1581 82 21 besides
2172 1581 37 22 the
2225 1589 56 19 guns
2298 1589 28 14 on
2343 1582 38 22 hev
2381 1597 8 12 4
2389 1590 70 19 upper

1881 1606 63 26 deck,
1955 1608 91 26 making
2056 1608 124 26 twenty-six
2189 1615 24 14 or
2221 1608 59 27 eight
2286 1609 24 20 in
2318 1608 35 28 all,
2360 1610 31 20 for
2402 1610 11 20 1
2422 1610 37 21 did

1881 1636 39 18 not
1930 1634 49 21 take
1991 1637 64 18 exact
2066 1634 67 22 notice
2145 1635 25 20 of
2182 1634 39 22 her
2230 1635 54 22 deck
2294 1643 63 19 guns.
2386 1636 23 21 Is
2418 1639 40 18 not

1881 1659 48 22 that
1939 1667 28 14 an
1977 1660 100 22 advance
2085 1661 21 21 in
2116 1661 63 22 naval
2189 1662 91 21 warfare
2294 1669 29 14 on
2332 1662 36 22 the
2377 1666 48 24 part
2435 1664 24 20 of

1880 1686 169 26 poorFuckec?
2077 1688 42 21 But
2133 1688 39 21 she
2188 1688 43 21 will
2249 1696 28 19 go
2292 1689 37 21 the
2340 1697 46 19 way
2393 1690 25 20 of
2429 1689 30 21 all

1880 1713 104 22 firewood,
1993 1714 24 21 in
2028 1721 14 13 a
2046 1714 41 21 few
2096 1714 71 22 hours.
2194 1715 48 22 The
2251 1715 95 22 Chinese
2355 1716 102 21 Admiral

1880 1740 18 21 is
1918 1743 23 18 at
1957 1747 38 14 sea
2011 1740 52 21 with
2079 1748 13 13 a
2106 1742 115 26 squadron,
2240 1742 43 21 and
2300 1742 51 27 they
2366 1750 38 20 say
2413 1742 44 22 will

1880 1770 76 18 return
1967 1767 52 21 here
2037 1767 43 22 aud
2096 1768 83 27 destroy
2198 1776 26 14 us
2239 1769 29 21 all
2277 1768 3 21 !
2320 1770 37 26 Ay
2372 1770 43 26 yah
2423 1770 5 20 !
2431 1780 28 5 —

1883 1794 77 20 Canton
1974 1795 70 19 Press.

659 790 28 20 To
697 790 36 20 the
742 790 77 21 Editor
826 790 29 25 of
863 791 35 20 the
934 790 51 21 New
1000 790 92 20 Zealand
1104 789 85 20 Gazette
1200 788 41 21 and

814 818 123 25 Wellington

691 854 53 28 Sir,
746 865 34 5 —
780 853 31 24 In
822 853 38 23 the
878 853 111 23 Editorial
1000 851 105 24 remarks
1123 851 118 32 appended

656 890 22 19 to
691 895 40 21 my
742 886 66 24 letter
820 894 29 15 on
860 886 39 23 the
909 886 42 22 sth
963 886 63 28 inst.,
1045 892 45 23 you
1102 886 105 22 continue
1217 889 23 18 to

656 919 48 23 find
714 920 59 22 fault
783 919 54 23 with
847 919 38 22 the
897 918 85 23 verdict
994 917 89 24 alluded
1094 921 30 25 to,
1144 917 44 24 and
1201 925 39 16 ex-

656 960 65 23 press
734 952 80 23 doubts
826 959 25 16 as
863 956 23 19 to
894 951 97 23 whether
1003 950 49 23 that
1060 951 55 31 jury
1128 951 44 23 and
1182 951 60 23 their

656 986 102 22 foreman
777 985 64 23 could
861 983 150 32 comprehend
1028 983 38 23 the
1085 988 80 18 nature
1186 984 25 23 of
1228 992 13 15 a

658 1018 120 23 Coroner's
790 1018 98 30 inquest,
901 1016 43 23 and
953 1017 140 30 insinuating
1102 1024 25 15 as
1135 1017 69 23 much
1215 1025 25 15 as

656 1050 48 23 that
721 1051 88 30 private
826 1050 89 31 opinion
928 1049 70 32 ought
1008 1054 23 19 to
1043 1049 56 24 have
1116 1050 59 23 been
1187 1058 53 15 con-

657 1082 82 30 sulted,
758 1084 89 22 instead
859 1083 25 24 of
901 1082 75 32 public
988 1083 55 31 duty
1052 1092 5 20 ;
1081 1088 24 18 at
1125 1083 36 23 the
1179 1091 62 15 same

656 1116 53 23 time
722 1116 107 31 claiming
842 1121 23 18 to
883 1115 102 32 yourself
994 1117 50 23 that
1087 1116 120 31 capability
1219 1116 23 23 of

657 1150 130 30 estimating
818 1150 105 30 subjects,
932 1149 43 23 and
982 1149 132 31 knowledge
1123 1149 23 23 of
1176 1157 65 16 men-

657 1182 30 23 tal
876 1182 26 23 of
907 1182 73 24 which
991 1182 52 31 they
1054 1190 82 24 appear
1149 1186 22 19 to
1184 1182 57 24 have

655 1215 58 23 been
720 1216 113 30 ignorant.
862 1215 206 31 Notwithstanding
1075 1223 57 23 your
1139 1216 103 30 superior

656 1248 135 31 knowledge
802 1249 26 23 of
843 1249 64 23 these
912 1253 112 24 /matters,
1043 1256 45 23 you
1102 1253 67 26 quote
1181 1249 59 22 from

657 1289 28 15 an
695 1282 37 23 old
744 1282 44 23 and
800 1282 99 23 obsolete
910 1282 54 28 Act,
976 1282 90 30 leading
1076 1289 62 15 some
1151 1282 25 23 of
1184 1289 58 23 your

657 1315 90 23 readers
767 1319 23 19 to
814 1323 97 23 suppose
932 1315 134 23 themselves
1084 1315 25 23 in
1127 1314 38 24 the
1184 1315 57 23 dark

657 1356 54 22 ages
724 1349 75 30 again.

690 1382 89 22 Permit
797 1389 36 15 me
852 1385 23 19 to
894 1382 43 22 cite
959 1381 34 23 for
1017 1389 57 22 your
1095 1381 146 23 information

657 1420 92 25 excerpt
760 1415 59 22 from
830 1415 47 23 Act
885 1416 24 21 4.
918 1414 58 23 Geo.
989 1416 24 21 4.
1026 1423 19 14 c.
1059 1416 40 27 52,
1114 1412 127 33 (repealing

657 1447 50 23 that
723 1448 123 23 barbarous
859 1448 53 28 Act,
925 1455 24 15 so
961 1448 143 29 vehemently
1117 1448 82 29 quoted
1210 1448 31 30 by

656 1481 64 29 you,)
734 1481 74 22 which
854 1481 76 22 allows
942 1479 37 24 the
995 1480 98 23 remains
1104 1481 31 28 of
1144 1487 97 23 persons

655 1513 92 30 [against
758 1514 69 22 whom
839 1521 15 15 a
859 1513 90 30 finding
961 1513 28 30 of
989 1514 14 10 ''
1005 1513 142 30 felo-de-se'
1160 1513 21 23 is
1188 1513 51 27 had,

657 1549 23 20 to
692 1546 26 23 be
725 1547 116 30 privately
853 1546 79 24 buried
943 1546 24 23 in
975 1554 14 16 a
1001 1546 160 30 church-yard,
1174 1547 65 23 with-

657 1582 38 20 out
707 1587 44 23 any
761 1580 64 23 stake
844 1579 65 31 being
921 1578 78 24 driven
1014 1579 95 31 through
1129 1578 38 25 the
1184 1579 56 31 body

657 1612 30 30 of
692 1613 57 22 such
887 1613 88 23 instead
987 1613 24 23 of
1019 1613 38 23 the
1068 1620 89 16 reverse
1169 1620 25 16 as
1207 1617 34 19 set

657 1646 61 23 forth
727 1646 32 30 by
769 1654 53 22 you.

658 2140 149 31 Wellington,
820 2142 85 23 March
918 2144 21 27 9,
954 2144 71 22 1842.

692 1678 96 32 Hoping
801 1679 51 23 this,
858 1679 47 23 will
915 1679 79 30 satisfy
1001 1687 46 23 you
1056 1679 49 23 that
1117 1679 38 23 the
1166 1679 74 23 minds

658 1712 25 23 of
696 1712 38 23 the
751 1712 62 31 jury,
833 1720 58 16 were
902 1717 39 18 not
953 1714 61 29 quite
1033 1721 25 15 so
1073 1712 123 28 insensible
1217 1721 24 14 or

657 1745 123 31 unfeeling,
811 1754 25 15 as
862 1754 52 22 you,
943 1747 24 21 in
995 1754 58 22 your
1112 1745 56 24 mild
1197 1746 44 23 and

798 1787 103 21 manner,
921 1778 73 24 would
1012 1778 68 25 make
1095 1778 62 24 them
1168 1788 6 20 ;
1195 1779 45 23 and

659 1811 48 23 that
725 1811 44 24 had
787 1812 59 24 their
864 1813 48 23 real
925 1811 96 32 feelings
1040 1813 57 23 been
1115 1811 83 24 known
1219 1817 21 18 to

657 1852 52 23 you,
730 1846 52 30 they
793 1845 73 24 would
885 1846 55 23 have
960 1845 56 23 been
1028 1846 67 23 found
1108 1850 23 18 to
1149 1853 91 23 sympa-

657 1878 60 24 thize
727 1879 53 23 with
793 1879 63 23 those
867 1879 25 23 of
901 1879 36 23 the
949 1878 84 23 friends
1042 1879 24 23 of
1073 1879 37 23 the
1121 1879 115 28 deceased,

657 1911 43 23 and
713 1912 38 23 the
763 1912 124 30 charitably
899 1912 102 30 disposed
1019 1916 50 26 part
1080 1912 26 23 of
1121 1912 44 23 this
1179 1919 61 16 com-

657 1945 89 30 munity
753 1954 5 19 ;
777 1945 42 23 but
831 1945 13 23 I
855 1949 76 27 repeat
947 1945 49 23 that
1012 1945 37 23 the
1066 1945 104 23 evidence
1187 1953 54 23 pro-

657 1977 72 24 duced
747 1978 73 23 would
840 1982 39 19 not
901 1982 95 19 warrant
1015 1978 58 23 their
1095 1979 79 29 giving
1194 1985 46 23 any

657 2010 64 22 other
734 2011 85 22 verdict
831 2011 54 21 than
896 2010 49 22 that
956 2017 63 16 come
1031 2015 31 19 to.

760 2043 13 23 I
786 2043 94 28 remain,
894 2043 45 29 Sir,

851 2076 66 23 Your
927 2084 55 23 very
993 2076 103 23 obedient
1108 2079 97 25 servaut,

988 2109 58 23 One
1059 2117 29 16 of
1102 2116 51 16 the
1164 2109 76 23 Juiiy.

692 2178 113 34 [Passing
817 2190 53 15 over
881 2182 39 23 the
930 2182 51 23 first
992 2182 44 23 and
1046 2182 44 23 last
1101 2182 139 31 paragraphs

659 2214 24 23 of
700 2215 45 23 this
758 2216 195 28 communication,
972 2215 74 23 which
1062 2224 37 15 are
1115 2220 40 19 not
1170 2216 71 23 worth

658 2248 81 28 notice,
752 2256 32 15 we
798 2248 70 24 admit
879 2249 38 23 the
929 2257 62 15 error
998 2249 69 23 about
1077 2249 38 23 the
1125 2249 73 29 stake,
1212 2257 29 15 on

659 2280 37 24 the
706 2282 141 30 assumption
858 2282 50 23 that
920 2281 36 24 the
967 2282 81 31 quoted
1056 2282 46 23 Act
1115 2282 25 23 of
1150 2282 91 31 George

659 2313 37 24 the
714 2314 90 24 Fourth
825 2315 95 23 extends
939 2319 23 19 to
978 2315 38 23 the
1036 2316 114 23 Colonies.
1194 2316 47 22 But

659 2355 41 15 our
709 2347 175 32 correspondent
896 2349 71 30 ought
977 2354 23 18 to
1007 2349 57 23 have
1076 2349 122 23 continued
1205 2349 36 23 his

659 2382 123 29 quotation.
810 2381 59 24 .The
885 2382 46 23 Act
949 2389 54 23 goes
1022 2390 29 15 on
1071 2387 22 19 to
1105 2382 72 23 direct
1193 2382 48 23 that

658 2414 38 23 the
707 2415 122 23 interment
841 2415 24 23 of
875 2415 38 23 the
925 2415 58 30 body
993 2415 81 24 should
1084 2415 53 23 take
1146 2415 63 31 place
1218 2420 23 19 at

657 2447 66 31 night
724 2460 33 4 —
784 2447 78 24 vithin
881 2451 80 28 twenty
963 2448 66 30 -four
1040 2448 68 24 hours
1118 2448 69 30 from
1205 2448 36 23 the

653 2479 91 32 finding
755 2481 30 30 of
789 2480 38 23 the
836 2481 136 30 inquisition,
981 2481 45 24 and
1036 2485 23 20 to
1071 2481 50 24 take
1126 2481 68 31 place
1202 2481 37 24 be-

658 2516 67 20 tween
736 2514 39 23 the
784 2513 70 24 hours
862 2514 31 30 of
897 2514 50 23 nine
955 2514 46 23 and
1010 2514 77 25 twelvt
1099 2518 24 20 at

691 2547 51 23 The
752 2547 48 23 Act
817 2547 46 23 also
876 2552 69 19 states
989 2547 49 25 that
1054 2548 96 31 nothing
1164 2548 78 24 herein

659 2580 118 24 contained
785 2580 60 24 shall
852 2581 115 23 authorize
974 2581 38 23 the
1019 2581 139 32 performing
1165 2582 25 23 of
1198 2589 42 23 any

658 2613 29 30 of
697 2613 37 23 the
745 2613 57 23 rites
814 2613 31 31 of
857 2613 115 24 Christian
984 2614 82 30 burial,
1083 2616 25 22 in
1118 2615 40 23 the
1169 2615 71 23 inter-

657 2651 63 18 ment
744 2646 26 24 of
787 2647 39 23 the
842 2648 97 23 remains
958 2648 31 24 of,
999 2656 44 22 any
1061 2648 57 23 such

659 2680 30 23 So
702 2680 49 23 that
769 2679 38 24 the
826 2688 79 24 corpse
917 2681 24 23 of
956 2681 38 23 the
1013 2681 117 29 deceased,
1149 2681 36 24 for
1201 2682 40 23 the

657 2713 96 31 feelings
775 2713 25 24 of
817 2714 75 23 whose
909 2714 85 23 friends
1008 2723 42 15 our
1068 2714 174 32 correspondent

657 2746 113 31 professes
782 2747 129 31 sympathy,
929 2755 45 16 was
986 2747 99 25 directed
1101 2749 31 30 by
1143 2749 36 23 his
1191 2756 51 16 ver-

659 2780 45 22 dict
715 2784 22 19 to
748 2780 29 23 be
790 2780 80 23 buried
881 2785 23 19 at
916 2780 64 32 night
993 2781 44 24 and
1047 2782 96 23 without
1161 2782 81 23 Chris-

658 2813 48 22 tian
716 2813 63 29 rites,
790 2821 24 15 as
827 2813 87 32 though
925 2814 28 24 he
963 2814 46 24 had
1017 2815 61 23 been,
1086 2823 14 15 a
1110 2815 99 23 heathen
1209 2827 33 4 —

658 2845 23 24 in
693 2846 101 23 addition
800 2850 22 19 to
833 2847 38 22 the
881 2847 63 23 other
954 2848 112 30 penalties
1076 2848 24 24 of
1102 2848 139 31 felo-de-se.

683 2878 52 24 -We
754 2881 76 29 acquit
848 2880 39 23 the
903 2880 53 31 jury
975 2881 25 23 of
1014 2881 133 31 knowledge
1165 2881 25 24 of
1203 2881 39 24 the'

658 2911 48 24 real
713 2912 81 24 -effects
815 2913 25 23 of
855 2913 59 23 their
932 2913 99 30 verdict;
1050 2915 41 23 but
1109 2915 49 23 still
1174 2914 68 24 think

659 2944 61 24 them
733 2946 103 31 culpaple
852 2946 36 23 for
906 2946 38 24 the
963 2954 54 23 very
1028 2947 67 32 hasty
1101 2967 3 4 .
1112 2956 94 16 manner
1217 2949 25 23 in

659 2978 73 23 which
754 2974 61 35 they*
831 2987 61 16 came
916 2984 23 18 to
961 2980 59 23 their
1048 2981 100 23 decision
1176 2989 31 16 on
1226 2989 15 16 a

659 3012 104 30 question
775 3012 25 24 of
815 3017 100 19 extreme
927 3013 118 31 difficulty.

692 3045 76 24 Room
779 3047 19 22 is
809 3050 41 19 not
867 3050 24 19 to
911 3047 28 22 be
956 3046 72 25 found
1047 3048 24 23 in
1086 3055 39 16 our
1137 3048 105 23 columns

657 3077 36 24 for
704 3087 29 14 an
744 3080 154 22 examination
909 3080 26 23 of
948 3080 100 32 subjects
1060 3081 26 23 of
1094 3081 45 23 this
1151 3086 89 24 nature,

658 3111 41 24 but
709 3119 32 15 we
753 3113 145 23 recommend
909 3113 31 23 all
949 3113 50 24 who
1010 3122 37 15 are
1057 3114 67 24 liable
1135 3119 25 18 to
1170 3115 30 23 sit
1211 3123 31 15 on

659 3144 120 24 Coroner's
796 3146 72 30 juries
887 3151 23 19 to
922 3146 54 24 read
984 3154 63 16 some
1057 3152 60 19 most
1129 3147 113 25 elaborate

657 3185 81 23 papers
749 3179 69 31 lately
830 3179 121 31 published
970 3181 24 22 in
1010 3181 38 23 the
1060 3181 98 24 London
1169 3180 73 33 Spec-

658 3214 68 26 tator,
739 3219 29 16 on
780 3212 38 23 the
829 3215 126 21 connexion
1085 3215 100 30 insanity
1198 3215 44 23 and

659 3243 92 32 crime.]

735 3305 237 26 LEGISLATIVE
999 3308 162 23 COUNCIL.

1910 1852 95 16 Daniel
2019 1852 136 16 O'Connell
2169 1855 30 13 AT
2213 1855 47 13 The
2275 1852 68 16 Cork
2353 1852 105 16 Assizes.

1879 1886 28 4 —
1908 1878 38 18 We
1955 1882 40 14 can
2004 1878 69 18 vouch
2082 1883 21 13 as
2112 1878 19 18 to
2138 1878 36 19 the
2183 1878 105 24 following
2298 1880 90 17 account
2395 1878 62 26 being

1880 1903 146 25 substantially
2036 1905 77 18 correct
2120 1911 4 16 ;
2137 1904 39 20 but
2186 1907 77 17 cannot
2271 1904 73 27 pledge
2354 1905 105 20 ourselves
2467 1924 4 5 X

1880 1932 22 18 to
1911 1931 29 20 its
1950 1931 99 20 verbatim
2062 1937 103 19 accuracy.
2193 1931 44 21 Mr.
2251 1932 81 20 Martin
2347 1931 111 27 Flanagan,

1880 1957 101 25 however,
1991 1957 70 21 would
2075 1964 58 14 swear
2147 1959 28 25 by
2183 1958 48 26 bell,
2250 1959 63 24 book,
2329 1960 41 18 and
2380 1961 79 23 candle,
2468 1979 2 4 ,

1880 1986 46 18 that
1935 1985 37 19 the
1981 1986 72 24 report
2060 1985 20 20 is
2089 1991 21 13 as
2119 1986 44 19 true
2176 1991 22 13 as
2208 1985 46 20 that
2264 1985 33 21 St.
2309 1985 82 21 Patrick
2399 1993 59 13 com-

1880 2011 75 20 mitted
1963 2011 52 26 holy
2023 2011 83 20 murder
2115 2018 25 14 on
2150 2013 36 19 the
2197 2012 60 20 toads
2264 2013 43 19 and
2315 2013 73 20 snakes
2394 2014 24 19 of
2425 2015 37 19 the
2469 2021 3 3 •

1882 2038 97 21 Emerald
1994 2039 50 26 Isle,
2063 2045 25 14 or
2101 2039 42 20 first
2150 2039 42 25 jim
2211 2041 24 19 of.
2248 2040 36 20 the
2298 2046 45 19 say,
2357 2041 24 19 of
2393 2041 68 20 which

1880 2065 62 21 latter
1956 2068 107 18 averment
2077 2072 27 14 no
2119 2067 79 24 regular
2214 2067 49 20 ould
2280 2067 99 21 Milesian
2392 2068 38 20 has
2445 2075 14 13 a
2471 2072 4 3 '

1880 2093 72 20 doubt.
1981 2093 43 21 Mr.
2035 2093 57 20 John
2101 2093 66 26 Boyle,
2177 2094 46 20 who
2233 2100 41 14 was
2284 2095 36 19 the
2326 2095 46 19 first
2381 2101 75 20 person

1879 2121 46 19 that
1934 2121 71 19 issued
2017 2127 27 13 an
2058 2121 119 26 unstamped
2192 2128 64 19 paper
2271 2121 44 26 (the
2324 2123 131 26 Freeholder)

1880 2154 40 14 was
1936 2148 94 20 indicted
2042 2148 33 20 for
2094 2148 109 26 assaulting
2221 2149 37 20 the
2273 2149 59 26 High
2348 2149 74 21 Sheriff
2437 2151 26 19 of

1881 2175 63 20 Cork.
1972 2175 78 20 Daniel
2066 2175 115 21 O'Connell
2195 2182 40 14 was
2251 2177 34 19 his
2297 2177 105 23 advocate,
2419 2178 43 19 and

1880 2203 49 19 thus
1945 2203 37 19 did
1998 2203 26 20 he
2040 2203 73 20 defend
2127 2203 32 19 his
2177 2203 71 21 client.
2353 2204 51 25 lord,
2421 2205 43 20 and

1880 2230 119 25 gentlemen
2007 2231 24 19 of
2037 2231 35 19 the
2079 2230 46 26 jury
2126 2241 24 4 —
2150 2230 61 21 After
2217 2232 35 19 the
2258 2231 100 26 eloquent
2364 2232 98 26 speeches

1882 2257 24 20 of
1910 2264 35 19 my
1948 2257 86 21 learned
2039 2257 76 21 friends
2121 2264 23 13 on
2151 2258 36 20 the
2191 2258 96 26 opposite
2291 2258 45 21 side
2337 2269 26 4 —
2364 2259 50 21 after
2420 2266 43 19 you

1880 2285 52 19 have
1942 2286 28 19 all
1980 2285 66 20 heard
2053 2286 23 19 of
2083 2285 81 25 Johnny
2171 2286 101 25 Boyle's*
2282 2286 62 20 awful
2353 2286 110 25 misdeeds,

1882 2311 11 20 I
1901 2314 57 18 must
1968 2312 84 21 confess
2063 2312 10 20 I
2083 2318 32 14 am
2125 2312 65 20 afraid
2198 2316 22 16 to
2226 2315 87 18 venture
2324 2320 29 13 on
2361 2320 13 13 a
2381 2315 82 25 speech.

1880 2339 30 20 At
1917 2340 30 19 all
1957 2342 81 22 events,
2049 2346 21 13 as
2081 2340 9 19 1
2101 2340 90 20 received
2200 2347 13 13 a
2221 2340 33 20 fee
2270 2340 12 20 I
2291 2344 57 17 must
2357 2341 26 20 do
2396 2348 67 13 some-

1881 2366 60 26 thing
1958 2367 25 20 in
2000 2370 81 17 return.
2118 2367 93 26 Suppose
2228 2367 11 20 I
2258 2368 38 19 tell
2313 2374 44 20 you
2373 2375 14 14 a
2403 2372 60 23 story

1882 2393 121 28 (laughter.)
2029 2394 11 20 I
2048 2396 61 24 must,
2117 2394 98 25 however,
2225 2396 97 25 premise,
2332 2396 44 20 that
2384 2396 80 26 though

1881 2422 34 19 the
1925 2422 134 25 prosecution
2068 2422 19 19 is
2097 2422 109 26 ostensibly
2215 2423 34 20 for
2259 2429 28 13 an
2296 2424 78 19 assault
2385 2429 26 14 on
2421 2424 38 19 the

1880 2449 50 25 high
1947 2450 78 23 sheriff,
2043 2449 18 20 it
2076 2450 18 19 is
2110 2450 60 24 really
2185 2455 28 14 on
2228 2452 90 18 account
2334 2450 25 20 of
2374 2450 88 26 Johnny

1880 2476 85 26 Boyle's
1975 2477 92 20 satirical
2077 2483 106 19 exposures
2191 2477 25 20 of
2222 2478 36 19 the
2268 2477 107 21 miserable
2385 2485 75 19 corpo-

1880 2504 69 20 ration
1959 2504 25 21 of
1995 2504 59 21 Cork
2060 2504 65 20 —that
2133 2504 54 26 body
2195 2504 90 21 without
2296 2511 14 14 a
2318 2505 54 20 soul.
2402 2505 59 21 Once

1880 2537 57 21 upon
1951 2538 13 13 a
1982 2532 50 19 time
2035 2542 24 4 —
2061 2538 36 19 say
2111 2531 60 20 about
2191 2537 40 14 one
2246 2532 96 20 hundred
2358 2533 40 19 and
2413 2533 49 26 fifty

1881 2565 58 20 years
1949 2559 58 20 sinee
2008 2570 26 4 —
2035 2566 12 13 a
2057 2559 43 20 Mr.
2111 2558 107 26 Gallagher
2226 2565 41 14 was
2280 2559 94 21 indicted
2383 2559 31 21 for
2426 2561 37 20 the

1880 2586 85 20 murder
1977 2587 23 19 of
2018 2586 44 20 Mr.
2080 2586 124 26 O'Rafferty.
2241 2586 61 20 After
2317 2594 50 19 very
2383 2587 78 23 serious

1880 2613 99 20 evidence
1993 2620 42 14 was
2049 2613 63 21 heard
2124 2613 78 26 against
2215 2613 36 21 the
2261 2620 53 19 poor
2322 2615 101 26 prisoner,
2433 2615 28 20 he
2475 2622 4 3 •

1881 2641 63 20 asked
1951 2641 37 20 the
1994 2641 64 26 judge
2067 2643 22 18 to
2096 2641 55 19 allow
2156 2641 44 19 him
2208 2643 21 18 to
2240 2642 40 19 call
2287 2648 28 19 up
2322 2648 41 14 one
2369 2642 90 20 witness.

1882 2669 5 10 '
1900 2668 40 26 My
1949 2674 55 20 poor,
2011 2669 64 25 man,'
2087 2668 43 20 said
2137 2668 32 20 his
2179 2668 101 27 lordship,
2298 2670 5 9 '
2311 2675 53 20 your
2373 2676 45 14 case
2427 2676 38 20 ap-

1882 2702 59 19 pears
1951 2702 13 13 a
1974 2696 40 20 bad
2024 2702 47 18 one,
2088 2695 37 20 but
2137 2701 40 20 you
2187 2699 56 17 must
2261 2697 51 19 have
2322 2702 61 21 every
2392 2697 70 20 indul-

1883 2724 81 24 gence.'
1994 2723 42 26 'O,
2046 2723 65 22 then,'
2119 2723 86 20 shouted
2214 2723 36 20 the
2260 2724 102 25 prisoner,
2374 2726 4 9 '
2388 2724 75 20 Mister

1885 2749 132 28 O'Rafferty,
2032 2751 36 20 the
2077 2751 105 19 murdered
2191 2757 56 18 man,
2256 2751 69 20 would
2339 2758 40 19 you
2389 2751 24 21 be
2420 2752 46 25 just

1882 2778 52 20 kind
1950 2778 85 25 enough
2054 2780 22 18 to
2097 2781 42 23 step
2157 2784 30 20 up
2197 2784 28 14 on
2240 2778 36 20 the
2293 2779 56 20 table
2356 2780 8 18 ?
2372 2780 4 10 '
2407 2779 58 26 (loud

1885 2805 114 26 laughter.)
2031 2805 34 26 Up
2077 2805 66 26 jumps
2156 2805 45 21 Mr.
2212 2805 129 26 O'Rafferty,
2355 2808 23 18 to
2387 2806 36 20 the
2431 2806 35 20 in-

1882 2833 125 26 expressible
2022 2833 90 26 surprise
2121 2833 22 19 of
2152 2833 36 20 the
2201 2835 67 18 court.
2298 2834 43 19 The
2355 2834 68 26 judge,
2441 2834 25 19 of

1883 2866 81 18 course,
1982 2861 91 25 charged
2086 2860 34 20 the
2130 2860 46 26 jury
2188 2862 23 18 to
2226 2860 72 26 acquit
2312 2861 37 20 the
2362 2861 101 26 prisoner.

1882 2887 44 20 The
1939 2888 63 20 latter
2011 2888 85 24 .retired
2111 2887 31 20 for
2156 2893 57 16 so.me
2228 2888 57 23 time,
2304 2888 44 20 and
2365 2888 96 21 returned

1882 2914 50 21 with
1941 2922 13 13 a
1962 2915 81 20 verdict
2052 2916 24 19 of
2082 2915 64 26 guilty
2151 2916 6 19 I
2186 2914 35 21 On
2230 2915 33 20 his
2271 2915 96 26 lordship
2378 2921 84 14 remon-

1883 2942 88 26 strating
1979 2942 53 21 with
2041 2942 57 21 them
2104 2949 28 14 on
2141 2942 33 20 the
2184 2942 108 26 absurdity
2299 2942 23 20 of
2329 2943 36 19 the
2374 2942 86 25 verdict,

1883 2970 35 21 the
1927 2971 94 20 foreman
2031 2970 94 26 quaintly
2133 2969 104 25 observed,
2256 2970 5 10 '
2270 2969 40 26 My
2318 2970 55 24 lord,
2382 2970 81 26 though

1882 2998 26 20 he
1917 2997 18 20 is
1946 3000 37 17 not
1993 2998 83 24 exactly
2084 2996 64 26 guilty
2155 2997 25 19 of
2192 2997 35 19 the
2237 2996 90 25 murder,
2338 2997 27 20 he
2374 2997 18 20 is
2400 3004 12 13 a
2419 2997 42 21 bad
2470 3006 2 6 ■

1882 3026 76 23 fellow,
1969 3025 40 20 and
2019 3024 54 21 stole
2082 3024 101 26 hay'from
2197 3030 43 19 one,
2247 3024 24 20 of
2285 3024 36 20 the
2333 3025 57 25 jury,
2401 3031 22 14 so
2431 3031 32 14 we

1883 3059 34 14 are
1925 3052 95 21 resolved
2029 3054 23 18 to
2062 3053 35 24 get
2105 3051 32 20 rid
2144 3051 23 20 of
2174 3050 43 21 him
2228 3057 57 14 some
2294 3058 45 20 way
2346 3053 6 11 '
2369 3052 63 26 (roars
2442 3053 24 20 of

1882 3078 112 27 laughter.)
2024 3079 51 20 Just
2139 3078 112 21 continued
2260 3078 56 25 Dan,
2348 3080 70 20 stands
2421 3081 42 20 <the

1883 3113 46 14 case
1948 3107 52 20 with
2014 3113 37 19 my
2061 3106 70 24 client,
2129 3108 7 7 r
2145 3105 86 27 Johnny
2240 3106 74 26 Boyle.
2342 3106 28 21 In
2382 3107 83 27 coming

1882 3137 38 17 out
1929 3134 25 20 of
1960 3134 37 19 the
2004 3134 80 19 theatre
2092 3133 49 20 with
2148 3133 31 20 his
2187 3139 54 14 arms
2249 3134 106 24 a-kimbo,
2365 3135 51 19 such
2422 3141 42 14 was

1882 3161 35 21 the
1925 3167 96 22 pressure
2028 3161 25 20 of
2059 3161 35 19 the
2102 3160 63 21 crowd
2172 3161 47 20 that
2225 3161 26 20 he
2258 3167 41 14 was
2306 3161 72 21 forced
2384 3161 79 26 against

1882 3189 36 20 the
1922 3189 55 26 -high
1987 3188 79 24 sheriff,
2080 3187 54 25 who,
2146 3194 27 14 no
2188 3188 65 20 doubt
2263 3191 22 17 at
2294 3189 36 19 the
2342 3189 121 26 instigation

1883 3216 23 21 of
1920 3218 110 24 corporate
2040 3215 79 20 friends
2127 3215 69 26 brings
2206 3215 90 21 forward
2306 3217 42 19 this
2358 3219 105 24 trumpery

1882 3244 83 25 charge.
1994 3242 62 21 Look
2072 3245 22 17 at
2111 3243 35 20 the
2159 3243 53 26 high
2230 3244 73 20 sheriff
2316 3244 51 20 here
2383 3245 80 26 to-day,

1882 3271 103 26 smirking
1995 3271 43 19 and
2046 3270 108 26 smiling—
2155 3270 56 20 does'
2214 3273 39 18 not
2261 3271 28 21 he
2303 3271 52 20 look
2363 3277 50 20 very
2420 3271 43 21 like

1882 3305 13 14 a
1910 3297 174 21 half-murdered'
2091 3304 25 13 or
2129 3298 107 20 murdered
2251 3305 57 18 man,
2319 3299 53 20 such
2380 3304 24 14 as
2419 3299 43 20 Mr.
2479 3313 2 5 .

1884 3325 123 26 O'Bafferty
2013 3326 10 19 ?
2040 3325 82 26 (shouts
2131 3325 22 20 of
2163 3325 113 27 laughter.)
2306 3326 45 20 The
2360 3332 56 14 cases
2426 3332 36 14 are

1883 3353 56 26 quite
1950 3353 23 19 in
1982 3352 98 26 analogy.
2108 3352 42 20 The
2158 3353 59 20 truth
2230 3353 26 25 is,
2267 3353 94 26 Johnny,
2371 3353 42 21 like
2426 3353 37 20 the

1882 3381 69 19 fellow
1961 3380 46 20 that
2015 3381 56 19 stole
2080 3380 36 20 the
2125 3380 43 26 hay,
2184 3381 19 19 is
2214 3387 12 13 a
2235 3381 141 19 troublesome
2389 3381 79 24 rascal,,

1883 3408 41 20 and
1933 3408 36 20 the
1979 3409 132 24 corporators
2120 3410 52 18 want
2183 3410 24 18 to
2217 3410 39 24 get'
2260 3407 33 21 rid
2303 3407 22 21 of
2338 3407 47 20 him-
2397 3407 66 27 (peals

1883 3435 24 20 of
1918 3435 130 24 merriment,
2066 3435 75 25 during
2153 3435 67 20 which
2235 3436 36 19 the
2285 3435 84 25 judge's
2383 3435 79 26 gravity
2473 3440 6 4 -

1882 3469 41 14 was
1937 3461 102 27 relaxed).
2070 3462 119 20 Gentlemen
2204 3462 29 20 of-
2239 3463 36 19 the
2287 3462 56 25 jury,
2360 3462 106 26 after'my-

1883 3492 58 23 story
1957 3489 43 20 and
2009 3489 28 20 its
2047 3490 131 26 application,
2189 3489 11 20 I
2212 3489 89 20 demand
2315 3495 55 20 your
2383 3489 78 21 verdict

1882 3518 35 20 for
1930 3523 37 20 my
2092 3517 59 20 After
2162 3517 43 20 this
2215 3516 154 21 characteristic
2379 3518 82 25 speech,

1883 3545 86 26 Johnny
1979 3544 118 26 Boyle.was
2106 3544 120 27 accquitted,
2238 3546 21 17 to
2269 3544 39 19 the-
2314 3546 59 23 great
2382 3544 80 26 gratifi-

1883 3573 70 20 cation
1963 3572 25 19 of
1994 3572 35 20 his
2037 3578 113 15 numerous
2158 3571 85 21 Radical
2251 3571 106 20 devotees.
2358 3582 29 4 —
2388 3572 73 20 Politi-

1883 3600 34 21 cal
1930 3600 98 20 Satirist:
2428 3602 3 7 '

1899 3635 61 18 ■*The
1972 3635 63 18 editor
2040 3635 33 18 -of-
2079 3635 34 19 the
2125 3634 116 19 Freeholder'
2244 3638 39 14 was
2291 3634 101 23 'generally
2402 3634 61 18 called

1884 3657 6 10 '
1897 3657 94 17 Jolinny'.
2371 3655 5 9 '

1911 3706 60 21 Swift
1977 3713 77 19 says—
2096 3711 48 14 man
2150 3705 43 20 who
2204 3704 87 20 admires
2301 3711 14 13 a
2322 3704 43 20 fine
2373 3710 87 20 woman,

1883 3734 37 19 has
1929 3736 36 22 yet
1974 3740 28 13 no
2013 3739 58 14 more
2085 3738 72 15 reason
2165 3734 21 17 to
2202 3732 50 19 wish
2262 3732 84 19 himself
2360 3732 37 20 her
2411 3733 50 20 hus-

1884 3761 61 24 band,
1957 3762 52 19 than
2024 3767 41 13 one
2080 3760 45 20 who
2135 3759 88 20 admired
2232 3760 36 18 the
2285 3758 117 26 Hesperian
2411 3760 52 20 fruit

1883 3789 68 20 would
1965 3789 52 20 have
2033 3788 43 20 had
2089 3790 22 17 to
2124 3786 46 21 wish
2179 3786 85 20 himself
2279 3786 35 19 the
2323 3786 79 26 dragon
2416 3788 46 20 that

1883 3816 52 27 kept
1946 3817 26 19 it.

1903 3850 125 26 .Corpulent
2044 3854 87 21 persons
2147 3847 89 21 desirous
2249 3847 25 20 of
2287 3848 108 26 regaining
2408 3849 54 21 their
2473 3853 11 10 *'

1884 3878 63 26 shape
1957 3876 76 21 should
2050 3876 63 26 apply
2122 3877 21 18 to
2157 3881 55 13 some
2221 3880 120 21 newspaper
2353 3876 113 21 establish-,

1883 3907 59 18 roeut
1957 3904 34 20 for
2009 3904 36 19 the
2057 3903 59 20 office
2129 3902 22 20 of
2164 3902 106 20 collector.
2298 3903 59 26 They
2367 3903 41 20 will
2423 3910 39 14 run

1885 3932 54 21 their
1948 3932 30 19 fat
1989 3932 35 22 off,
2041 3931 50 25 long
2099 3930 67 19 before
2176 3930 54 19 their
2243 3929 88 21 stations
2348 3930 115 23 become_s.a

1884 3960 102 20 sinecure.
1988 3970 28 4 —
2018 3958 70 21 Salem
2100 3958 97 23 Register.

67 1798 4 6 ,
83 1778 51 23 The
144 1777 120 25 Auckland
274 1777 89 26 Herald
372 1779 41 23 has
423 1779 76 31 begun
511 1784 22 19 to
546 1788 83 23 expose

50 1810 38 24 the
97 1815 68 19 waste
177 1811 25 24 of
220 1811 76 31 public
314 1819 83 24 money
415 1820 28 16 on
462 1813 39 23 the
525 1813 104 24 Govern-

50 1844 153 24 ment-house.
238 1846 35 23 As
290 1844 55 32 long
362 1853 25 16 as
398 1854 14 15 a
422 1846 61 23 ruler
495 1848 19 21 is
526 1847 101 30 popular,

48 1877 37 23 his
96 1878 145 30 expenditure
252 1879 20 22 is
290 1879 174 31 comparatively
480 1880 147 29 unobserved,

48 1911 42 22 but
100 1911 65 23 when
174 1911 29 23 he
214 1911 60 23 loses
281 1912 96 30 popular
394 1912 87 30 favour,
497 1913 39 23 the
546 1921 83 24 money

50 1944 102 30 question
163 1945 20 22 is
202 1944 81 31 always
302 1945 50 23 first
371 1945 75 24 seized
464 1954 62 23 upon
546 1947 31 30 by
592 1947 37 23 his

48 1977 134 24 assailants.-
191 1992 3 3 ■
212 1977 95 32 Captain
319 1978 98 23 Hobson
434 1979 40 23 has
481 1979 47 24 laid
539 1980 92 23 himself

48 2018 57 23 open
117 2015 23 18 to
151 2010 77 26 attack
239 2011 23 23 in
274 2011 44 23 this
329 2015 90 19 matter.
462 2011 40 23 He
516 2020 45 15 was
573 2020 56 23 sup-

129 2041 52 24 with*
205 2051 13 14 a
237 2043 70 22 house
328 2043 59 23 from
406 2043 117 31 England,
536 2044 93 24 deemed

48 2075 113 23 sufficient
176 2076 37 26 fpr
226 2075 36 23 his
274 2075 94 23 comfort
379 2076 43 23 and
434 2076 95 32 dignity.
559 2077 70 23 'Lord

48 2107 61 24 John
117 2108 95 23 Russell
223 2109 100 30 strongly
334 2109 78 30 urged-
426 2109 47 23 him
493 2114 23 19 to
537 2114 35 19 set
582 2109 4 12 :
590 2111 39 22 the

48 2141 115 24 Colonists
172 2149 28 16 an
212 2142 102 31 example
323 2142 25 23 of
363 2142 122 31 simplicity
496 2144 44 22 and
551 2144 78 31 fruga-

48 2174 42 31 lity
98 2183 6 20 ;
123 2174 43 24 but
175 2175 155 30 disregarding
341 2175 46 23 this
399 2175 84 30 advice,
495 2176 35 23 his
544 2177 85 23 Excel-

49 2208 66 30 lency
125 2207 42 24 has
177 2208 83 23 rushed
272 2208 47 23 into
331 2215 14 16 a
354 2208 74 23 lavish
439 2209 148 30 expenditure
601 2218 28 15 on

48 2240 37 24 his
96 2248 49 16 own
156 2241 122 28 residence,
300 2241 91 31 leaving
407 2242 39 23 the
465 2242 77 31 public
553 2244 76 22 offices

49 2274 24 23 in
85 2282 13 15 a
109 2274 127 30 deplorable
246 2273 120 25 condition.

83 2312 24 25 It
118 2321 73 16 seems
202 2314 49 23 that
262 2322 28 15 on
307 2314 38 23 the
366 2314 58 24 18th
441 2315 59 23 June
518 2315 52 29 last,
591 2316 38 24 the

50 2346 136 24 inhabitants
194 2347 28 23 of
230 2347 129 30 Auckland,
379 2348 74 24 whose
466 2349 116 31 dwellings
592 2358 37 15 are

48 2380 115 31 generally
173 2380 79 31 placed
262 2388 85 16 nearer-
360 2381 53 23 each
431 2382 63 23 other
513 2382 54 24 than
577 2391 53 15 ours

48 2414 26 22 in
84 2413 147 31 Wellington,
244 2413 71 24 called
323 2415 110 23 attention
439 2419 23 19 to
471 2415 39 23 the
517 2417 114 30 necessity

49 2446 25 23 of
88 2447 110 31 stopping'
205 2447 38 23 the
253 2448 97 23 erection
361 2447 26 23 of
407 2449 76 22 native
502 2457 25 15 or
545 2457 84 23 raupoo

49 2479 90 29 houses,
156 2479 44 27 and
219 2479 44 25 the>
276 2480 118 24 Governor
410 2481 114 31 promised
542 2486 21 20 to
577 2483 53 23 take

50 2516 60 27 steps
122 2518 23 19 to
153 2512 93 32 remedy
256 2513 37 24 the
302 2513 43 24 evil
353 2514 24 23 in
386 2514 38 23 the
433 2519 91 27 present
532 2516 96 24 session.

52 2546 46 23 His
109 2546 80 24 failure
194 2550 26 20 to
229 2546 89 24 redeem
326 2546 44 24 this
386 2548 97 30 promise
493 2554 105 25 suggests
607 2553 22 19 to
631 2558 2 3 1

50 2586 41 16 our
105 2578 124 25 Auckland
248 2584 168 28 contemporary
427 2580 39 25 the
481 2582 115 31 propriety
608 2582 24 24 of

48 2611 115 32 lecturing,
170 2613 35 23 his
219 2610 142 34 Excellency!
372 2621 41 15 on.
419 2614 35 24 his
466 2615 81 30 regard
558 2620 23 18 to
594 2615 35 24 his

49 2653 49 15 own
109 2645 94 24 comfort
215 2646 43 23 and
269 2646 83 32 apathy
363 2651 23 19 to
399 2647 37 23 the
446 2648 78 30 public
535 2649 64 23 weal.

76 2684 50 20 This
142 2686 78 25 apathy
232 2692 29 14 on
267 2685 4 5 '
276 2686 36 20 the
325 2688 48 24 part
387 2686 23 20 of
422 2686 36 21 the
476 2686 115 27 Governor,
607 2690 22 19 to

50 2711 35 20 the
102 2713 75 19 wishes
184 2716 3 4 '
192 2713 25 19 of
234 2713 37 20 the
289 2714 135 26 community,
443 2714 49 20 calls
507 2714 74 26 loudly
596 2716 34 20 for

49 2740 159 24 reprehension';
223 2740 41 20 and
273 2740 19 20 it
338 2740 122 26 impossible
475 2742 46 20 that
537 2742 33 20 his
587 2743 42 20 Ex-

49 2766 91 26 cellency
149 2773 38 13 can
196 2770 77 24 expect
281 2768 36 20 the
326 2771 87 23 support
427 2769 43 20 and
478 2769 55 25 good
541 2770 88 26 feelings

50 2792 24 20 of
92 2793 36 20 the
145 2794 66 20 whdle
227 2795 122 26 population
366 2796 90 20 towards
462 2803 3 6 •
473 2797 35 19 the
525 2803 104 15 measures

49 2820 46 20 that
104 2820 26 20 he
139 2821 81 26 adopts,
237 2823 58 19 when
304 2829 14 13 a
332 2820 48 23 'case
390 2823 42 20 like
447 2823 38 20 the
499 2829 41 14 one
548 2831 31 13 we
596 2831 35 14 are

49 2852 48 15 now
105 2848 123 26 advocating
228 2859 27 5 —
255 2856 17 19 a,
278 2855 46 14 cose
333 2850 25 25 ojf
365 2850 36 19 the
410 2851 82 25 highest
500 2851 130 25 importance

49 2875 23 18 to
89 2874 36 20 the
140 2876 84 24 general
244 2876 65 26 safety
328 2877 24 19 of
370 2877 37 20 life
426 2878 41 19 and
484 2881 101 23 property
586 2890 25 3 —
611 2880 19 19 is

49 2902 81 19 treated
143 2902 23 19 in
180 2903 34 19 the
221 2918 5 14 (
228 2904 53 24 cool,
295 2904 118 20 indifferent
427 2911 86 14 manner
527 2906 46 20 that
587 2906 42 21 this

49 2928 20 19 is
71 2942 7 10 f
104 2928 41 21 We
159 2929 79 20 believe
250 2930 23 20 in
289 2931 42 20 this
340 2933 96 18 instance
449 2932 46 20 that
507 2932 33 20 his
556 2933 74 21 Excel-

50 2955 67 26 lency'
123 2956 20 20 is
152 2955 50 27 only
215 2960 23 17 to
248 2957 66 20 blame
324 2958 23 20 in.
360 2958 44 20 this
414 2959 97 22 .business
518 2967 6 17 ;
545 2961 42 19 and
601 2968 30 13 we

48 2984 55 19 shall
118 2986 39 17 not
165 2980 25 23 be
206 2984 23 19 in
246 2984 34 20 the
295 2985 52 20 least
362 2986 106 25 surprised
483 2987 22 20 to
523 2993 33 14 see
572 2994 59 15 some

49 3010 112 21 ordinance
176 3017 23 14 or
212 3014 118 18 enactment
342 3013 111 25 proposed,
467 3019 22 14 so
502 3020 49 14 soon
561 3021 23 14 as
597 3016 33 20 his

48 3038 143 30 Excellency's
203 3038 90 25 kitchen,
303 3042 48 17 tiow
365 3040 22 19 in
401 3046 20 14 a.
427 3040 101 25 forward
540 3044 55 19 state
608 3043 27 25 of

50 3065 59 26 being
125 3065 118 26 completed,
253 3066 28 21 .is
293 3067 120 25 finished—
413 3062 59 25 whin
490 3074 63 21 every
568 3070 62 26 thing

48 3094 117 19 connected
177 3093 58 21 with,
239 3094 37 19 the
287 3094 98 26 personal
390 3111 4 4 .
400 3095 89 20 comfort
502 3096 24 19 of
538 3096 32 20 his
586 3097 44 21 Ex-

46 3120 95 26 cellency
148 3121 18 20 is
177 3120 122 27 completed,
309 3121 42 20 and
359 3121 34 20 his
403 3128 46 13 own
457 3125 85 23 present
553 3130 77 20 raupoo

47 3147 83 20 kitchen
139 3147 19 21 is
167 3148 83 26 obliged
258 3151 22 17 to
297 3148 25 20 be
332 3148 73 26 pulled
413 3149 58 20 down
481 3152 21 18 to
513 3156 74 15 ensure
595 3153 36 19 the

50 3175 67 25 eafety
135 3175 26 20 of
180 3176 33 20 his
232 3177 34 19 ten
285 3176 102 20 thousand
393 3192 2 4 .
403 3177 70 24 pound
489 3177 142 23 Government

50 3201 85 26 House;
156 3209 31 14 we
202 3209 50 20 may
264 3203 50 20 then
329 3205 81 24 expect,
423 3205 97 25 perhaps,
535 3206 45 20 that
594 3207 36 20 the

48 3228 51 21 lives
112 3230 42 20 and
165 3233 101 24 property
279 3231 23 20 of
313 3231 36 19 the
362 3231 76 27 people
451 3232 96 21 confided
560 3235 22 19 to
597 3234 33 20 his

50 3257 75 24 charge
133 3257 44 20 will
185 3258 25 20 be
219 3258 76 20 looked
303 3260 31 19 to.

83 3292 76 30 Again
160 3305 32 4 —

76 3329 28 21 In
112 3337 13 14 a
133 3337 46 15 new
194 3332 89 27 Colony,
292 3333 67 20 where
365 3339 66 21 .every
440 3339 41 15 one
489 3334 38 21 has
537 3341 57 14 more
606 3341 24 15 or

51 3356 42 21 less
108 3358 108 28 hardships
232 3361 23 19 to
272 3361 84 25 endure,
373 3367 32 14 we
420 3362 98 20 conceive
532 3363 45 19 that
594 3369 35 14 ex-

50 3385 77 25 amples
137 3386 73 21 should
227 3388 26 19 be
268 3388 71 20 shewn
353 3390 24 18 to
395 3389 36 19 the
444 3389 64 20 lower
517 3390 79 25 orders,
608 3391 23 19 of

49 3412 115 26 privations
172 3414 90 21 endured
269 3415 31 26 ,by
308 3417 36 19 the
351 3416 47 20 rich
407 3416 41 20 and
457 3417 103 26 powerful
567 3425 6 16 ;
588 3419 43 19 and

50 3439 24 19 in
84 3439 28 20 all
121 3446 56 14 cases
187 3441 65 20 where
262 3443 37 19 the
312 3443 56 26 good
384 3443 24 21 of
420 3445 36 19 the
471 3445 132 26 community
610 3446 19 20 is

50 3468 24 18 at
83 3466 65 24 stake,
157 3468 17 19 it
184 3468 16 20 is
210 3464 40 24 the'
256 3469 51 27 duty
315 3470 25 20 of
346 3471 36 19 the
390 3471 74 26 higher
480 3472 74 21 classes
565 3474 22 19 to
597 3476 33 17 set

50 3499 29 14 an
89 3495 92 21 example
187 3495 22 20 in
219 3497 36 19 the
263 3497 46 20 first
316 3498 104 20 instance.
