2529 4039
1896 3908 74 15 Printed
1983 3908 36 16 and
2032 3909 98 20 published
2148 3915 53 15 every
2218 3911 114 21 Wednesday
2347 3913 37 16 and
2395 3913 85 19 Saturday

1916 3929 90 20 morning,
2020 3930 23 20 by
2061 3930 86 17 Samuel
2160 3930 89 20 Rxvans,
2267 3934 18 14 at
2300 3933 32 16 the
2347 3933 54 16 OiHce
2417 3934 20 16 of
2448 3937 29 12 tne

1916 3950 49 17 New
1978 3950 99 19 Zeuasu
2088 3951 93 17 Gassette
2192 3956 42 13 and
2246 3953 141 17 Wellington'
2398 3955 81 16 Specta-

1916 3976 43 13 tor,
1971 3970 156 23 Mannerb-street;
2136 3972 116 23 Wellington,
2260 3974 47 17 l»<Jrt
2313 3974 111 22 •Nicliolt.tm,
2436 3975 42 17 New

1916 3992 85 14 Zealand.

507 45 101 29 THE
625 44 112 30 NEW
754 43 230 31 ZEALAND
1001 42 227 32 GAZETTE
1245 41 102 32 AND
1365 41 330 32 WELLINGTON
1716 40 291 33 SPECTATOR.

655 128 123 25 Country
792 126 124 22 Sections
936 126 44 20 for
1003 126 59 20 Sale
1083 130 38 16 on
1138 124 110 22 Liberal

900 153 103 20 Terms.

659 186 164 50 SEVERAL
856 186 103 21 Sections
986 185 27 22 of
1023 208 5 4 .
1044 186 101 26 Country
1171 185 73 28 Land,

721 213 92 27 already
823 212 82 22 chosen
913 213 27 20 in
949 213 38 21 the
1000 213 94 21 Porirua
1109 211 92 28 district,
1211 213 36 21 for

649 260 2 9 ,
658 240 57 27 Sale,
726 247 76 15 terms
811 246 105 15 liberal.
946 239 77 27 Apply
1032 242 23 18 to

753 273 25 21 F.
794 273 29 21 A.
836 273 173 26 Molesworth,
1025 271 187 28 Murphy-street,
1223 279 26 15 or

738 308 4 4 '
752 306 37 22 W.
804 306 28 22 V.
847 306 108 27 Brewer,
967 306 196 21 Manners-street.

735 359 132 26 Building
880 359 173 20 Allotments
1065 359 30 19 to
1111 358 60 22 Let,

662 392 90 29 m_HE
770 391 201 22 ADVERTISER
985 391 66 22 offers
1064 397 63 21 upon
1142 390 108 28 Building

735 419 90 25 Leases,
836 418 118 26 ajiumber
964 418 26 21 of
999 418 70 21 Town
1077 416 138 24 Allotments
1223 418 25 22 in

661 446 37 21 the
707 449 59 18 most
776 444 107 23 desirable
892 447 62 25 parts
964 444 26 22 of
999 444 46 22 this
1054 444 140 22 Settlement.

686 480 49 21 The
754 479 110 22 attention
880 478 27 22 of
923 477 40 23 the
978 478 76 27 public
1069 478 21 22 is
1105 477 144 32 particularly

652 507 81 22 .called
751 509 23 18 to
794 506 38 21 the
849 505 126 26 advantage
993 505 27 21 of
1036 504 107 27 Building
1159 504 89 29 Leases,

661 533 73 22 which
743 533 39 21 the
790 531 153 28 undersigned
950 532 20 21 is
981 531 95 22 enabled
1083 535 25 18 to
1117 534 73 24 grant,
1197 532 58 27 viz.,'

662 560 56 21 from
728 566 70 15 seven
807 562 23 18 to
846 561 139 24 twenty-one
1002 565 72 20 years,
1091 557 120 28 according
1226 562 24 18 to

662 587 37 21 the
716 587 67 21 value
802 586 27 21 of
847 585 38 22 the
907 585 116 27 buildings
1043 584 111 29 proposed
1175 588 24 18 to
1221 586 29 21 be

653 622 2 5 •
662 614 97 21 erected.
787 612 76 28 Apply
872 614 24 20 to
1156 613 5 4 *
1256 606 2 39 j

825 646 21 22 J.
861 646 27 21 T.
902 646 149 26 Wicksteed,
1061 653 27 14 or

825 680 34 22 W.
874 680 30 21 V.
912 699 3 5 ,
917 680 117 27 Brewer,,
1042 680 194 21 Manners-street.

663 724 123 49 TOiBE
801 724 66 27 LET,
882 724 39 21 the
938 727 61 19 town
1018 731 50 15 acre
1084 724 46 22 No.
1143 725 50 26 210,
1204 732 30 15 on

735 751 103 27 building
847 751 67 27 lease,
922 751 37 22 for
967 752 103 21 fourteen
1081 758 72 20 years.

688 786 33 21 To
730 785 29 22 be
768 785 33 22 let
808 793 25 14 or
841 785 55 27 sold,
907 785 38 22 the
956 788 60 19 town
1024 792 50 15 acre
1084 785 45 22 No.
1140 786 49 21 642.
1256 791 2 20 ;

934 818 23 23 J.
972 818 26 22 T.
1013 818 147 28 Wicksteed,
1256 818 2 26 j

999 852 223 28 Hawkstone-street,

717 899 40 20 To
769 898 85 20 Stand
868 899 29 19 to
911 898 87 20 Cover
1013 898 54 20 this
1084 898 112 26 Season,

825 933 31 19 At
865 932 143 25 Berhampore
1015 933 71 25 Farm,

663 965 58 23 That
729 966 53 22 well
790 966 82 21 known
881 966 66 21 horse
957 966 89 28 Figaro,
1060 966 39 22 the
1114 970 105 25 property
1229 968 28 21 of*

846 993 76 22 James
931 992 70 27 Watt,
1013 993 50 27 Esq.

664 1026 146 48 FIGARO
821 1033 44 15 was
873 1026 76 22 foaled
957 1027 25 21 in
992 1027 125 21 December
1135 1027 61 28 1837,
1213 1032 39 23 got

735 1053 30 28 by
776 1053 115 28 Operator,
903 1053 52 21 dam
966 1053 116 27 Adelaide,
1093 1054 31 26 by
1131 1053 119 29 Theorum,

689 1080 110 27 Operator
809 1088 43 14 was
860 1079 75 23 foaled
945 1081 24 21 in
980 1082 60 25 1832,
1051 1084 39 23 got
1102 1081 32 26 by
1149 1081 101 29 Emilius,

663 1107 51 21 dam
724 1107 123 21 Worthless
854 1107 31 27 by
895 1107 98 28 Walton,
1006 1111 40 18 out
1054 1107 25 22 of
1093 1107 120 23 Altisidora
1221 1109 30 28 by

662 1133 59 22 Dick
730 1133 118 22 Andrews.

688 1161 74 27 Every
772 1161 109 21 attention
891 1160 46 22 will
947 1161 28 21 be
984 1161 53 27 paid
1046 1164 22 18 to
1083 1168 73 15 mares
1170 1166 50 19 sent
1229 1166 23 19 to

661 1187 55 22 him.

689 1214 98 27 Charges
804 1214 36 21 for
857 1213 56 22 each
931 1222 68 19 mare,
1020 1214 53 22 with
1091 1222 14 14 a
1123 1220 128 24 guarantee,

662 1248 68 14 seven
738 1241 105 27 guineas;
858 1241 95 22 without
961 1245 130 24 guarantee,
1100 1241 45 22 £.vt
1152 1243 99 29 guineas,

663 1268 126 27 Groomage
798 1268 112 22 included.

851 1313 44 20 Ex

661 1345 121 48 TOWN
791 1345 65 23 made
868 1345 213 23 WELLINGTON
1091 1346 106 27 BOOTS,

719 1389 16 11 „
792 1389 14 10 „
862 1371 61 22 cloth
1006 1372 43 28 do.,
1060 1373 54 22 drab
1124 1373 46 22 and
1177 1374 73 27 black,

719 1416 16 11 „
792 1416 15 11 
862 1399 99 22 Blucher
971 1399 45 22 and
1023 1400 104 22 Oxonian
1135 1400 63 28 ditto,
1207 1402 44 21 and

662 1433 13 15 a
684 1427 87 26 variety
782 1427 25 21 of
818 1426 63 22 other
889 1426 65 22 boots
964 1426 45 22 and
1018 1427 73 22 shoes.

689 1453 67 22 Salad
766 1454 36 26 oil,
813 1461 52 14 fine
875 1452 97 22 French
987 1461 84 19 olives,
1083 1453 59 23 Chili
1150 1454 99 29 vinegar,

662 1488 127 14 MUSHROOM
806 1488 45 14 AND
868 1487 97 15 WALNUT
975 1488 111 19 KETCHUP,
1096 1484 78 23 Strong
1190 1482 61 21 vine-

662 1514 39 20 gar
716 1507 35 22 for
767 1507 107 27 pickling,
890 1507 67 21 India
973 1514 47 20 soy,
1044 1508 110 27 anchovy,
1175 1509 75 21 lemon

662 1534 79 27 pickle,
754 1535 109 21 Cayenne
873 1541 96 20 pepper,
979 1542 98 14 soluble
1089 1541 47 15 and
1148 1542 102 21 common,

663 1561 45 22 and
726 1569 29 14 an
771 1564 135 19 assortment
921 1561 26 21 of
970 1561 71 28 fruits,
1056 1562 93 27 pickles,
1167 1569 83 21 sauces,

663 1588 39 22 &c.
714 1589 40 21 &c.

684 1615 134 28 .Raspberry
824 1615 48 26 jam
881 1614 24 22 in
914 1614 46 22 71b.
967 1615 48 26 jars
1024 1615 72 22 suited
1107 1618 23 19 to
1139 1616 101 28 families,

717 1658 15 11 „
789 1658 15 11 
881 1641 24 22 in
916 1641 44 22 lib.
971 1642 44 21 and
1025 1642 43 25 jib.
1076 1643 55 27 jars,

690 1669 97 22 Currant
792 1668 57 28 jelly
857 1668 24 22 in
892 1668 42 22 lib.
946 1669 45 21 and
1001 1669 43 25 §lb.
1053 1670 53 26 jars,

689 1696 99 21 Orange
798 1702 142 15 marmalade
950 1703 25 14 in
986 1696 43 21 lib.
1039 1704 61 20 jars,

689 1723 23 21 A
721 1722 104 28 quantity
835 1723 25 20 of
867 1722 87 21 comfits
964 1723 45 21 and
1017 1723 106 27 lozenges
1131 1724 26 21 of
1163 1724 88 23 various

663 1749 152 28 descriptions,
825 1749 24 21 in
858 1749 61 27 large
929 1756 27 15 or
966 1750 64 21 small
1039 1751 92 27 parcels,

688 1777 99 21 Essence
796 1776 74 21 lemon
881 1776 45 21 and
936 1776 31 21 oil
975 1778 148 31 peppermint,

690 1804 20 21 A
720 1803 66 22 small
797 1806 133 18 assortment
940 1803 27 21 of
977 1803 76 22 choice
1062 1805 70 22 snuffs
1141 1804 24 22 in
1173 1805 53 27 jars,

688 1830 40 21 All
737 1830 67 21 kinds
815 1830 25 21 of
850 1830 72 21 men's
931 1830 70 28 ready
1011 1831 65 22 made
1086 1831 108 28 clothing,
1206 1833 44 22 and

662 1864 14 15 a
683 1858 87 27 variety
781 1857 25 22 of
818 1857 63 22 other
889 1857 79 27 goods.

950 1891 106 23 Johnson
1070 1892 46 22 and
1130 1893 92 23 Moore.

662 1938 64 20 Just
747 1938 132 25 received,
896 1944 35 15 ex
1196 1941 54 20 and

661 1997 135 49 BLACK
809 1998 45 22 and
871 1999 107 21 GREEN
996 1999 85 27 TEAS,
1098 1999 124 28 COFFEE,
1239 2007 11 6 -

724 2025 79 26 Sperm
813 2025 97 27 candles,

687 2051 56 22 Pine
754 2051 85 27 cheese,
850 2051 77 22 Dutch
935 2051 110 28 herrings,

686 2077 64 28 Rice,
762 2085 73 20 sugar,
845 2078 71 27 hams,
928 2086 59 19 sago,

686 2105 116 27 Blankets,
814 2112 59 20 rugs,
884 2109 171 24 counterpanes,
1058 2114 3 5 1

686 2133 40 21 An
740 2136 133 18 assortment
889 2132 26 22 of
931 2133 73 22 men's
1020 2136 77 24 strong
1114 2133 65 22 boots
1197 2133 54 23 with

660 2159 45 22 hob
714 2159 65 27 nails,
837 2160 12 8 v

688 2187 82 26 Strong
778 2185 98 28 walking
884 2185 73 28 shoes,

686 2213 57 22 Fine
781 2213 56 21 ditto
874 2213 62 28 ditto,

686 2240 71 22 Flour
764 2240 25 22 in
801 2248 41 14 one
851 2240 105 22 hundred
965 2241 77 27 pound
1051 2241 62 28 bags,

688 2267 71 22 Hand
769 2274 63 19 saws,
841 2267 50 21 iron
900 2271 57 24 pots,
970 2268 48 25 &c,

688 2294 63 28 Also,
763 2301 14 15 a
786 2294 60 27 large
855 2294 87 27 variety
952 2295 27 21 of
989 2295 76 28 prints,
1078 2295 88 28 calicos,
1177 2296 40 22 &c.

948 2329 127 22 Anderson
1085 2329 46 22 and
1139 2330 57 21 Row
1197 2338 53 14 and.

858 2373 44 21 Ex
941 2374 113 21 Clifton.

668 2407 99 22 TOHN
782 2406 101 23 HALES
898 2408 54 26 begs
963 2411 23 18 to
995 2408 102 23 intimate
1107 2408 50 22 that
1172 2408 30 23 he
1210 2409 41 23 has

661 2430 25 25 f)
724 2434 46 22 had
790 2434 122 27 consigned
929 2438 23 18 to
966 2434 54 28 him,
1039 2443 40 20 per
1098 2436 86 26 Clifton,
1206 2437 45 21 and

661 2468 37 15 are
711 2464 23 19 at
748 2462 36 21 his
799 2461 102 28 disposal,
912 2462 73 21 either
998 2462 119 23 wholesale
1134 2471 25 14 or
1176 2464 73 28 retail,

661 2491 22 18 at
698 2488 44 22 low
757 2488 79 28 prices,
854 2488 36 22 for
908 2488 61 28 cash,
988 2489 38 22 the
1041 2490 116 28 following
1172 2491 76 28 goods,

661 2515 35 22 viz
704 2523 5 14 :
711 2526 29 4 —

688 2542 95 27 Pickles,
794 2542 43 22 fish
846 2549 83 20 sauces,
942 2543 73 22 currie
1024 2544 96 27 powder,
1130 2547 64 25 paste
1205 2545 45 22 and

661 2568 70 28 liquid
747 2569 113 27 blacking,
877 2569 96 27 English
988 2570 92 27 leather,
1095 2571 72 27 boots,
1178 2572 71 27 shoes,

662 2596 45 21 and
716 2596 150 22 shoemakers'
874 2596 64 28 tools,
948 2596 60 23 cloth
1015 2597 45 22 and
1069 2598 87 22 leather
1166 2606 52 20 caps
1227 2599 23 23 in

653 2627 71 22 .great
733 2623 94 27 variety,
837 2623 98 27 wearing
945 2624 97 28 apparel,
1054 2629 75 17 cotton
1140 2625 111 23 furniture

661 2650 34 21 for
704 2650 74 28 lining
786 2657 81 20 rooms,
879 2650 49 27 &c,
945 2651 90 21 cabinet
1044 2652 47 27 ink,
1102 2652 54 22 seed
1170 2652 79 29 wheat,

661 2677 84 27 barley,
761 2680 56 24 oats,
829 2676 45 23 and
881 2677 52 22 blue
944 2678 46 21 and
998 2678 66 22 white
1072 2686 62 20 peas,
1146 2681 104 26 oatmeal,

663 2704 80 22 Scotch
771 2700 47 26 and
844 2704 62 27 pearl
932 2704 85 28 barley,
1047 2706 100 27 superior
1175 2710 78 23 patent

662 2730 111 23 breeched
797 2731 79 22 double
902 2732 46 21 and
971 2732 193 27 single-barrelled
1185 2741 65 21 guns,

661 2757 68 28 flints,
745 2758 69 22 flasks
829 2758 44 22 and
888 2758 66 28 belts,
970 2759 51 21 sash
1035 2759 63 28 tools,
1109 2759 60 28 glue,
1187 2761 65 22 horse

662 2784 55 27 hair,
728 2785 49 21 hair
787 2786 92 26 seating;
888 2785 168 28 ironmongery,
1067 2787 41 21 &c.
1119 2787 42 22 &c.

688 2812 56 24 Two,
752 2812 71 22 Town
833 2812 70 22 Acres
913 2815 23 19 to
946 2813 34 21 let
987 2813 24 21 in
1020 2813 109 28 portions.

684 2844 201 29 •fcigestrie-street,
897 2846 32 21 Te
938 2846 50 22 Aro
997 2847 59 22 Flat.

664 2890 71 49 ON
749 2890 87 27 SALE,
847 2893 23 19 at
879 2890 38 23 the
928 2892 75 21 Stores
1013 2892 26 22 of
1044 2892 36 22 the
1090 2892 158 27 undersigned,

754 2917 156 22 WHALING
926 2918 88 22 GEAR
1027 2920 45 21 and
1086 2920 122 29 STORES,

851 2944 103 28 recently
964 2946 95 22 arrived.

1021 2980 90 23 Willis
1126 2981 45 22 and
1185 2983 40 23 Co.

686 3006 147 27 Wellington,
844 3005 82 22 March
933 3007 21 26 1,
965 3007 62 21 1842.

730 3052 43 20 Ex
954 3053 55 20 and

664 3085 116 49 CORD,
791 3085 55 26 lace,
856 3085 96 28 quilting
961 3089 47 24 net,
1018 3086 69 28 gimp,

734 3113 98 27 Figured
840 3113 56 26 lace,
906 3112 69 28 fancy
985 3113 45 22 and
1037 3113 62 28 plain
1109 3117 46 25 net,

688 3139 68 23 Wool
766 3139 85 28 shawls,
863 3139 40 22 &c.
914 3140 49 28 &c,

688 3167 67 22 Duck
765 3170 116 23 trowsers,,
884 3166 83 28 frocks,
978 3168 49 26 &c,

688 3194 116 27 Blankets,
815 3201 59 20 rugs,
884 3194 80 27 prints,
975 3195 48 26 &c,

689 3221 78 27 Shirts,
775 3221 95 27 jackets,
881 3224 109 24 trowsers,
1002 3222 49 26 &c,

688 3248 100 27 Ploughs
798 3248 43 21 and
851 3247 144 27 agricultural
1003 3248 150 28 implements,

688 3275 40 21 An
738 3274 115 23 extensive
862 3274 34 22 lot
906 3274 26 22 of
940 3275 65 27 nails,

689 3301 164 28 Ironmongery
863 3301 26 22 of
896 3301 30 22 all
934 3302 75 23 kinds.

798 3334 132 28 Wallace/
938 3335 92 27 White,
1042 3337 45 21 and
1100 3337 132 24 Wallace.'

661 3380 99 48 JM.
769 3379 129 22 TAYLOR
907 3380 42 22 has
959 3388 30 14 on
997 3381 54 27 sale,
1060 3389 28 14 ex
1096 3381 46 24 late
1151 3386 99 27 arrivals,

702 3418 10 11 •
743 3406 87 22 several
848 3414 61 15 cases
928 3407 27 22 of
969 3408 150 23 mousselaine
1138 3410 28 22 de
1182 3412 67 28 lame,

660 3433 67 23 white
743 3433 59 26 lead,
818 3433 81 28 paints,
916 3434 64 27 paint
996 3434 42 23 oils
1054 3436 45 22 and
1114 3439 135 27 turpentine,

660 3461 95 23 window
773 3460 61 27 glass
851 3460 30 22 all
898 3461 64 27 sizes,
983 3461 79 28 chairs,
1080 3463 27 21 20
1128 3471 62 16 cases
1206 3466 45 22 fine

661 3487 85 28 cheese,
765 3487 112 22 cannister
893 3488 97 27 powder,
1009 3488 48 28 slop
1069 3489 107 30 clothing,
1187 3492 64 23 boots

662 3515 45 21 and
716 3515 72 26 shoes,
800 3514 109 28 saddlery,
921 3515 40 22 &c.
973 3515 40 22 &c.

686 3548 33 22 Te
730 3549 57 21 Aro.

662 3594 71 48 ON
748 3594 86 27 SALE,
842 3594 61 21 -Pine
918 3594 75 28 Apple
1011 3595 91 29 Cheese,
1113 3597 26 22 of
1149 3597 39 23 the
1202 3599 49 22 best

724 3620 94 28 quality.

932 3648 23 22 J.
967 3648 32 23 M.
1011 3649 102 27 Tayloii,
1124 3650 33 22 Te
1166 3650 64 24 Aro.

659 3692 164 47 BARLEY,
840 3692 45 23 and
896 3693 80 28 barley
985 3694 46 22 and
1046 3694 73 22 wheat
1135 3699 67 20 straw
1215 3698 35 22 for

736 3718 54 23 sale.

686 3770 16 3 _
790 3744 5 5 '
1050 3748 76 23 James
1140 3749 80 24 Watt.

686 3772 152 27 Berhampore
848 3774 73 27 Farm,
934 3774 51 22 Oct.
995 3776 34 26 28,
1042 3777 59 21 1841.

900 3819 105 26 Bricks,

659 3849 88 48 FOR
764 3850 84 28 SALE,
860 3854 22 19 at
898 3854 45 21 60s.
961 3861 41 20 per
1018 3854 119 23 thousand.
1171 3856 77 29 Apply

652 3901 12 5 -
693 3903 8 9 ■,
712 3903 33 9 mn
839 3878 53 27 11^
903 3883 22 17 at
939 3879 38 23 the
995 3881 170 28 Sydney-street
1180 3883 68 23 Brick

658 3903 45 22 and
712 3903 49 22 Tile
777 3903 87 28 Works,
876 3908 24 18 at
908 3906 38 21 the
963 3914 50 15 rear
1023 3908 26 22 of
1060 3909 92 22 Colonel
1166 3909 81 25 Wake-

848 3932 71 23 field's
932 3934 124 22 residence.

646 3963 2 25 !
724 3964 79 22 Terms
805 3976 26 5 —
832 3965 52 23 cash
895 3974 28 15 on
935 3966 101 29 delivery
1046 3971 21 19 at
1078 3969 38 22 the
1125 3970 55 22 kiln.

2073 122 80 21 Book
2165 122 130 30 Binding.

1891 156 115 49 BOOK
2033 155 139 23 BINDING
2193 156 60 22 done
2276 159 24 19 at
2322 155 38 23 the
2384 156 96 23 Gazette

1968 182 92 29 Office.,
2358 199 17 12 _
2418 199 41 11 ..

1892 226 89 49 FOR
1994 226 85 23 SALE-
2086 230 24 18 at
2125 226 42 23 this
2182 227 71 28 office',
2271 226 80 28 Hymn
2364 227 74 23 Books
2451 234 29 15 m-

1937 257 14 22 .'
1964 253 38 22 the
2011 253 77 22 native
2096 253 117 27 language.
2220 257 4 3 '
2254 261 3 5 ■

1918 286 127 22 December
2052 287 36 25 28,
2100 287 59 21 1841.
2200 288 3 5 '
2219 295 3 3 •

1986 338 156 26 Stationery
2156 339 61 27 just
2231 340 151 26 unpacked.
2442 353 3 4 .

1893 370 72 49 ON
1980 370 85 27 SALE,
2080 374 25 19 at
2112 371 37 22 the
2161 373 87 20 Gazette
2263 372 77 27 Office,
2358 380 29 14 an
2398 374 79 20 exten-

1969 397 47 22 sive
2025 397 46 22 and
2079 397 76 23 varied
2165 402 134 19 assortment
2314 399 26 22 of

1892 424 26 22 of
1930 431 66 20 every
2005 423 142 29 description.

1919 458 102 26 January
2031 458 19 27 7,
2065 459 62 21 1842.

1887 520 227 24 'WHOLESALE
2143 520 124 26 PRICES
2301 522 177 25 CURRENT.

1994 565 132 16 CORRECTED
2142 566 28 14 UP
2185 566 28 15 TO
2228 559 62 23 LAST*
2299 568 81 15 NIGHT.
2405 570 3 3 '

2232 593 17 18 £
2271 599 16 12 s.
2311 591 26 20 d.'
2384 594 17 18 £
2421 599 17 13 s.
2463 594 20 17 d.

1893 620 65 22 Ale:
1973 620 28 22 In
2010 620 79 29 bottle,
2104 620 113 28 perdoz..
2235 623 15 20 0
2264 624 25 20 11
2318 625 14 19 0
2349 637 17 8 ..
2386 626 14 20 0
2425 625 15 21 0
2466 625 16 19 O

1994 647 221 28 Elliot's-perhhd...
2236 650 96 21 COO
2348 650 99 22 ...00'
2466 652 15 20 0

1893 674 99 22 Arrack
2001 682 4 14 :
2021 674 44 22 Per
2073 675 45 27 gal.
2128 674 24 22 in
2160 675 63 22 bond
2236 677 14 20 0
2278 677 12 20 1
2318 677 14 20 9
2348 691 6 6 .
2360 691 8 7 .
2385 679 13 19 0
2424 679 61 22 o.o'

1892 700 80 22 Bread
1981 708 5 14 :
2002 701 42 22 Per
2052 701 47 23 21b.
2110 701 49 22 loaf
2236 704 15 20 0
2278 704 14 20 0
2318 704 81 22 8..0
2425 706 15 20 0
2466 705 15 21 0

1893 727 73 22 Beef:
1982 727 77 28 Fresh,
2078 735 88 16 carcase
2182 735 42 20 per

2008 755 24 21 lb
2233 757 14 20 0
2275 757 13 19 0
2303 758 27 21 10
2347 771 18 7 ..
2384 759 27 21 0,
2425 758 11 20 1
2465 759 16 19 O

2001 781 53 27 Salt,
2064 789 42 20 per
2118 782 68 22 tierce
2198 797 19 6 ..
2236 784 14 20 6
2265 785 27 20 10
2319 784 13 20 0
2349 798 19 6 ..
2386 786 14 19 0
2426 785 14 21 0
2467 786 23 19 0'

2001 807 43 22 Do.
2054 815 41 20 per
2109 809 73 21 barrel
2198 824 5 6 .
2211 824 6 6 .
2234 811 16 20 4
2264 812 37 20 10-
2318 811 14 20 0
2349 825 5 6 .
2361 825 7 6 .
2386 813 13 19 0
2426 812 14 20 0
2466 812 17 20 O

1893 834 106 22 Butter:
2015 834 66 27 Irish,
2090 842 41 21 per
2138 835 30 23 lb.
2199 839 52 20 ..0
2278 839 12 19 1
2319 838 14 20 9
2349 851 20 7 ..
2387 839 13 20 0
2426 838 15 21 2
2468 839 17 19 O

2015 860 70 23 Fresh
2237 865 15 21 0
2278 865 14 21 3
2319 862 14 24 0
2350 878 19 7 ..
2387 866 14 20 0
2427 866 14 20 0
2468 866 24 20 O.

1894 892 110 17 mANDY:
2019 887 59 23 First
2084 888 92 27 quality,
2184 897 45 19 per.

2043 914 76 27 gallon
2128 915 23 21 in
2161 916 62 22 bond
2236 919 14 19 0
2277 919 30 19 6'
2318 919 14 20 0
2349 932 6 6 .
2361 932 7 7 .
2386 920 14 20 0
2426 919 14 21 8
2467 920 16 19 0

1894 940 88 22 Brown
2001 941 87 22 Stout:
2112 948 39 21 per
2164 941 54 23 hhd.
2233 944 13 20 5
2262 945 26 20 10
2315 946 14 20 0
2346 959 19 6 ..
2386 946 12 20 6
2425 946 15 20 0
2466 947 15 19 0

1895 968 100 22 Cigars:
2005 968 104 27 Manilla,
2116 976 40 20 per
2161 970 61 26 1000,
2236 971 56 21 310
2318 972 82 20 0..4
2420 973 20 21 ,0
2467 973 15 19 0

2003 994 98 23 Inferior
2236 997 14 21 2
2277 999 15 19 0
2318 999 82 20 0..0
2426 999 14 20 0
2467 1000 15 19 0

2003 1021 137 28 Havanriah,
2145 1022 77 27 perlb.
2236 1025 14 20 0
2264 1025 27 20 16
2318 1025 14 21 0
2348 1039 19 5 ..
2386 1026 13 20 0
2425 1026 15 20 0
2466 1027 17 19 O

2003 1048 169 27 Chinsurahper
2178 1051 70 21 10001
2264 1051 27 21 15
2318 1053 14 19 0
2349 1065 18 7 ..
2386 1053 13 19 0
2425 1053 15 20 0
2466 1053 15 20 0

2002 1075 155 23 Alexandrian
2170 1091 46 7 .....
2236 1079 11 19 1
2264 1079 28 20 10
2317 1079 14 20 0
2348 1091 5 7 .
2360 1091 6 7 .
2386 1079 12 21 0
2425 1079 15 21 0
2466 1080 16 20 O

1895 1102 88 22 Coffee
1989 1110 5 13 :
2005 1102 65 28 Java,
2079 1110 42 21 per
2128 1103 23 22 lb
2236 1106 14 20 0
2277 1106 15 20 0
2318 1106 50 20 0..
2386 1107 14 19 0
2427 1106 58 20 1-4

1895 1129 90 22 Cheese
1992 1136 6 14 :
2013 1129 106 23 Cheshire
2236 1133 14 19 0
2278 1133 11 19 1
2318 1133 82 20 6..0
2426 1134 15 20 0
2468 1134 15 19 0

1919 1160 9 9 v
2012 1156 55 22 Pine
2078 1156 73 28 Apple
2236 1159 15 20 0
2278 1160 14 20 0
2319 1160 81 20 0..0
2427 1159 13 21 1
2467 1160 16 20 2

2012 1182 77 23 Dutch
2238 1186 14 20 0
2279 1187 14 20 0
2320 1187 13 19 0
2350 1199 20 7 ..
2387 1187 14 20 0
2428 1186 12 21 1
2469 1187 17 20 O

1896 1209 106 23 Candles
2008 1216 6 14 :
2020 1209 96 27 English
2121 1217 58 20 wax,
2184 1218 42 19 per

2039 1236 23 21 lb
2200 1252 19 10 
2238 1239 14 20 0
2278 1239 15 20 3
2319 1239 14 21 6
2351 1240 51 21 ..*0
2429 1240 14 20 0
2470 1241 23 20 0>

2025 1263 83 22 Mould
2237 1267 14 19 0
2279 1266 13 18 0
2319 1267 50 19 0..
2388 1267 14 20 0
2429 1267 11 21 1
2468 1268 16 20 O

1886 1286 2 33 j
2026 1289 57 28 Dips
2236 1293 14 20 0
2277 1293 14 21 0
2306 1293 26 21 10
2349 1306 19 8 ..
2386 1294 14 20 0
2427 1294 14 21 0
2467 1295 16 19 0

1886 1322 2 23 j
1916 1323 73 15 lour:
1999 1317 131 27 Istq'uality,
2139 1324 40 20 per
2183 1320 40 20 ton

2019 1343 25 22 of
2054 1345 56 21 2000
2118 1343 34 23 lbs
2221 1347 29 19 30
2276 1347 15 19 0
2318 1347 14 20 0
2349 1347 50 21 ..33
2426 1347 14 21 0
2467 1348 16 20 O

1886 1369 2 19 i
1995 1370 46 22 2nd
2050 1369 57 23 ditto
2223 1373 28 20 25
2278 1374 15 20 0
2319 1374 14 20 0
2350 1387 19 7 ..
2387 1375 14 20 0
2427 1375 14 20 0
2468 1375 16 20 O

1886 1393 2 28 !
1919 1403 39 15 in:
1977 1397 53 22 Pale
2046 1397 25 22 in
2081 1397 61 22 bond
2236 1401 15 19 0
2278 1400 13 20 0
2318 1401 50 20 0..
2386 1402 14 20 0
2425 1401 15 21 2
2467 1402 16 20 6

1886 1429 2 15 :
1947 1424 60 26 Case,
2016 1425 15 20 4
2036 1425 36 26 gal
2082 1425 37 21 4-5
2128 1425 24 21 in
2160 1425 62 22 bond
2236 1427 12 20 1
2276 1428 15 20 2
2318 1428 49 20 0..
2386 1429 13 20 0
2426 1427 13 20 0
2467 1429 15 20 0

1895 1450 83 22 Hams:
1994 1447 128 31 Yorkshire,
2137 1452 85 27 perlb.
2237 1454 14 20 0
2278 1455 14 19 0
2319 1455 14 19 0
2350 1468 18 6 ..
2387 1456 14 19 0
2429 1455 11 20 1
2469 1456 14 20 0

1896 1477 127 22 Mustard:
2038 1477 43 23 Per
2092 1477 69 23 dozen
2175 1493 45 6 ....
2237 1481 15 19 0
2266 1481 27 20 18
2320 1482 14 19 0
2351 1495 19 6 ..
2389 1482 12 20 0
2429 1482 13 20 0
2469 1483 16 19 0
2502 1479 2 10 *

1895 1504 115 22 Mutton:
2031 1505 94 21 Carcase
2135 1512 40 20 per
2182 1505 24 22 lb
2216 1522 7 5 .
2237 1508 15 19 0
2278 1509 14 19 0
2319 1508 14 20 9
2351 1521 19 7 ..
2387 1509 14 19 0
2427 1509 14 20 0
2456 1509 31 20 11'

1896 1531 123 22 Muskets:
2034 1531 94 22 Walnut
2134 1532 92 22 stocked
2238 1535 15 19 0
2279 1535 15 20 0
2321 1535 13 19 0
2351 1548 19 8 ..
2389 1536 12 20 0
2417 1535 24 21 15
2469 1537 15 20 0

1896 1557 79 23 Milk:
1991 1558 42 21 Per
2039 1557 51 28 pint
2238 1561 14 20 0
2279 1562 14 20 0
2319 1561 14 21 3
2351 1575 19 7 ..
2388 1563 13 19 0
2428 1563 14 20 0
2469 1564 25 23 0,

1897 1585 57 21 Oil:
1969 1584 103 27 Linseed,
2083 1592 40 21 per
2132 1585 75 27 gallon
2217 1603 6 5 .
2238 1588 14 20 0
2278 1587 14 21 5
2319 1589 14 19 0
2351 1603 18 6 ..
2387 1590 14 20 0
2428 1587 14 24 7
2470 1590 15 20 0

1886 1615 2 24 ;
1970 1611 76 28 Black,
2052 1611 24 23 in
2081 1611 171 28 cask,pertonls
2280 1615 14 20 0
2321 1616 13 20 0
2351 1629 19 7 ..
2388 1616 13 20 0
2428 1616 14 20 0
2469 1615 27 22 0'

2008 1639 78 26 Sperm
2222 1641 27 21 75
2278 1642 12 20 0
2318 1643 13 19 0
2348 1656 19 7 ..
2386 1643 20 19 0.
2426 1643 14 20 0
2468 1644 13 18 0

1897 1665 76 23 Pork:
1987 1665 77 28 Fresh,
2083 1672 87 16 carcase
2185 1674 41 20 per

2012 1692 24 22 lb
2236 1696 15 20 0
2278 1696 14 21 0
2318 1696 15 21 4
2349 1710 6 6 .
2361 1710 7 7 .
2386 1698 14 19 0
2426 1698 15 21 0
2467 1699 16 20 0

1896 1719 66 21 Pork
1968 1727 5 13 :
1990 1719 65 27 Irish,
2065 1726 42 21 per
2115 1719 72 23 barrel
2194 1726 11 16 '.
2212 1735 6 6 .
2236 1723 15 20 0
2278 1724 14 19 0
2319 1724 36 20 0.
2362 1738 6 6 .
2386 1724 13 21 5
2427 1725 14 20 0
2468 1726 15 20 0

1896 1745 130 23 Potatoes:
2046 1746 59 23 New
2117 1747 107 28 Zealand,

2071 1781 41 19 per
2121 1778 37 18 ton
2172 1776 78 21 ....5
2278 1777 14 20 0
2319 1778 81 21 0..8
2426 1780 15 21 0
2468 1780 14 19 0

1896 1799 94 23 Porter
1999 1808 5 14 :
2032 1800 103 28 Dunbar,
2146 1801 23 22 in
2177 1802 45 21 hot.

2062 1835 42 20 per
2113 1828 41 22 doz
2236 1831 15 20 0
2265 1831 25 20 11
2319 1832 81 21 0..0
2427 1833 14 20 0
2468 1834 16 19 O

2004 1853 88 28 Bryant
2102 1854 44 22 and
2154 1855 70 22 Davis
2238 1858 55 21 012
2319 1859 14 20 0
2351 1872 5 7 .
2363 1872 6 7 .
2388 1860 13 20 0
2427 1860 14 21 0
2468 1861 15 20 0

1897 1881 98 22 Pickles
2006 1889 4 14 :
2041 1882 116 27 Asso^d,
2186 1890 41 20 per

2069 1908 57 27 doz.,
2151 1912 75 25 quarts
2240 1912 12 20 1
2281 1912 17 25 1.
2321 1913 14 20 0
2353 1926 19 7 ..
2390 1914 13 20 0
2430 1914 14 21 0
2471 1914 14 19 0

1897 1935 73 22 Pitch
1983 1942 6 15 :
2020 1935 136 28 Stockholm,
2186 1944 41 20 per
2237 1957 9 7 ,

2045 1963 73 22 barrel
2239 1966 16 20 0
2281 1966 14 21 0
2322 1967 14 20 0
2353 1980 19 7 ..
2391 1968 10 21 1
2417 1967 26 22 15
2471 1970 14 19 0

1897 1988 81 23 Plank
1985 1996 6 14 :
2017 1989 55 22 Port
2094 1989 131 29 Nicholson,

2043 2022 41 20 per
2095 2017 40 20 100
2143 2016 46 21 feet
2201 2031 5 6 .
2213 2031 7 5 .
2238 2020 56 19 019
2321 2022 14 18 0
2352 2034 6 5 .
2365 2034 7 6 .
2390 2022 10 19 1
2430 2023 17 19 *
2470 2024 16 19 O

1895 2040 71 22 Rice:
1979 2041 110 22 Common
2098 2048 40 21 per
2144 2046 48 18 cwt.
2203 2057 19 7 ..
2240 2046 15 19 0
2281 2046 14 19 0
2323 2047 13 19 0
2353 2060 19 6 ..
2391 2048 13 19 0
2431 2048 13 19 0
2471 2050 16 19 0

1979 2067 65 23 Good
2238 2072 15 20 0
2280 2072 15 20 0
2321 2073 50 20 0..
2389 2074 14 21 0
2429 2076 14 19 0
2471 2076 14 20 0

1896 2094 56 22 Rum
1960 2102 5 14 :
1982 2095 24 22 P.
2017 2095 25 21 B.
2054 2094 34 27 P.,
2104 2102 40 20 per
2151 2096 77 26 gallon

2018 2122 24 22 in
2056 2121 62 23 bond
2239 2126 15 20 0
2280 2126 15 21 4
2323 2127 81 22 0..0
2430 2128 13 21 5
2471 2130 15 20 0

1897 2148 88 22 Sugar:
2002 2149 119 22 Mauritius
2131 2157 39 20 per
2177 2154 49 19 cwt.
2241 2154 14 19 0
2282 2154 14 19 0
2323 2156 14 19 0
2354 2168 18 7 ..
2391 2156 13 19 0
2431 2157 13 19 0
2472 2158 15 19 0

2006 2176 82 22 Brown
2239 2180 15 20 2
2281 2180 13 19 0
2323 2182 14 20 0
2354 2195 19 7 ..
2391 2183 14 20 0
2432 2184 13 20 0
2472 2184 15 20 0

2006 2203 99 22 Refined
2118 2204 52 28 loaf,
2187 2212 42 20 per

2032 2230 23 22 lb
2241 2235 14 20 0
2282 2235 15 20 0
2324 2234 13 23 7
2354 2250 6 5 .
2367 2250 6 5 .
2392 2237 13 20 0
2432 2238 13 19 0
2473 2238 15 20 0

2006 2257 99 23 Manilla
2239 2262 15 19 0
2281 2263 14 19 0
2323 2263 81 20 0..2
2430 2264 14 21 2
2471 2265 16 20 0

1898 2283 60 22 Salt
1966 2291 5 14 :
1987 2283 127 29 Liverpool,
2123 2292 40 20 per
2171 2289 40 18 ton
2219 2288 35 20 .3
2281 2290 14 19 0
2323 2290 13 20 0
2353 2303 7 7 .
2366 2303 7 7 .
2391 2291 14 20 4
2431 2292 14 20 0
2472 2292 14 20 0

1898 2310 60 22 Soap
1966 2318 6 15 :
1998 2311 104 22 Hawes's
2123 2312 103 28 London,

2022 2345 41 19 per
2070 2342 41 19 ton
2225 2342 28 21 40
2281 2344 14 19 0
2322 2344 13 20 0
2353 2357 19 7 ..
2391 2344 12 20 0
2433 2345 12 20 0
2473 2347 14 19 0

2014 2363 121 31 Liverpool
2226 2369 27 20 36
2281 2370 14 21 0
2322 2371 14 20 0
2353 2384 18 7 ..
2390 2373 13 19 0
2431 2372 12 19 0
2472 2373 15 20 0

1898 2391 91 22 Starch
1996 2399 6 14 :
2017 2392 43 22 Per
2067 2393 25 22 lb
2240 2397 15 20 0
2282 2398 14 19 0
2323 2398 14 19 9
2354 2412 6 6 .
2366 2412 7 6 .
2392 2399 13 21 0
2433 2400 13 20 0
2473 2401 15 19 0

1897 2418 142 23 Scantling:
2055 2418 45 24 Per
2107 2421 40 21 100
2154 2421 68 22 feet..
2241 2424 55 20 OIS
2323 2425 14 20 0
2354 2439 19 6 ..
2393 2426 10 20 1
2433 2427 54 21 00

1897 2445 128 23 Shingles:
2040 2446 44 23 Per
2092 2448 60 27 1000,
2159 2448 30 22 N.Z..
2198 2448 26 23 Z.
2240 2450 12 21 1
2281 2450 14 22 7
2322 2452 50 20 0..
2391 2453 13 20 0
2432 2454 13 20 0
2472 2455 14 20 0

2003 2495 2 4 ,
2027 2473 72 29 Ditto,
2119 2474 28 23 V.
2157 2474 30 23 D.
2198 2476 28 22 L.
2239 2477 14 20 2
2280 2478 13 20 5
2322 2479 13 20 0
2353 2492 5 7 .
2365 2493 7 6 .
2390 2480 13 20 0
2430 2481 13 20 0
2471 2482 16 20 0

1896 2499 63 23 Tar;
1975 2500 54 22 Coal
2241 2505 12 20 1
2281 2505 14 20 5
2323 2506 14 20 0
2354 2519 19 7 ..
2392 2507 13 21 0
2433 2508 13 20 0
2473 2509 15 19 0

1979 2527 131 23 Stockholm
2243 2532 54 20 115
2325 2533 49 21 0..
2393 2535 13 19 0
2433 2535 13 20 0
2473 2536 15 20 0

1897 2553 49 22 Tea
1954 2561 6 14 :
1977 2554 88 28 Hyson,
2075 2561 42 21 per
2126 2555 63 23 chest
2205 2572 5 5 .
2218 2572 6 5 .
2242 2559 14 20 0
2283 2560 14 20 0
2324 2560 13 20 0
2355 2574 6 6 .
2368 2573 5 7 .
2380 2561 26 21 12
2420 2561 26 21 12
2473 2563 14 20 0

1895 2580 107 23 Tobacco
2010 2589 5 14 :
2028 2582 142 28 Negrohead,
2188 2591 42 20 per

1896 2634 18 2 _
2054 2608 24 23 lb
2241 2613 16 20 0
2283 2613 54 21 18
2355 2615 51 20 ..0
2434 2615 11 19 0
2474 2617 14 19 0

1895 2634 164 23 Turpentine:
2075 2636 44 21 Per
2123 2636 99 27 gallon..
2241 2640 14 19 0
2282 2642 14 18 8
2324 2641 13 20 0
2354 2654 19 7 ..
2393 2643 13 19 0
2433 2643 13 20 0
2473 2644 15 19 0

1896 2660 150 23 Whalebone
2052 2669 6 14 :
2074 2662 45 22 Per
2127 2666 39 19 ton
2177 2678 44 7 ....
2228 2665 26 21 85
2282 2667 14 20 0
2323 2668 14 20 0
2354 2681 7 6 .
2367 2681 6 6 .
2393 2669 19 20 0.
2433 2670 13 20 0
2473 2671 15 19 0

1895 2686 84 24 Wine:
1994 2688 89 28 Sherry,
2095 2696 39 20 per
2142 2690 50 27 pipe
2203 2706 18 5 ..
2226 2693 38 20 28'
2282 2694 15 20 0
2323 2695 14 19 0
2354 2692 58 24 ..40'
2432 2697 21 20 0-
2473 2697 15 20 0

2005 2715 73 29 Ditto,'
2092 2723 40 21 per
2146 2716 79 23 dozen.
2240 2720 12 20 1
2280 2721 16 19 4
2323 2718 49 24 o'..
2390 2722 14 21 2
2432 2724 13 20 0
2473 2725 14 19 0

1896 2768 122 23 Poultry:
2033 2769 81 28 Fowls,
2120 2777 39 21 per
2166 2772 61 26 pair.
2242 2774 14 20 0
2283 2774 14 20 8
2325 2775 13 20 0
2355 2789 19 5 ..
2393 2777 13 19 0
2420 2777 26 20 16
2474 2778 14 20 0

2031 2796 87 28 Ducks,
2128 2797 55 22 ditto
2203 2813 6 7 .
2216 2813 6 6 .
2241 2801 12 20 1
2283 2797 30 25 0J
2325 2802 13 20 0
2355 2816 6 6 .
2368 2816 6 6 .
2393 2803 11 21 1
2420 2804 26 20 10
2474 2805 14 19 0

2033 2824 81 28 Geese,
2125 2824 55 22 ditto
2203 2841 6 5 .
2216 2840 6 6 .
2240 2827 15 21 2
2283 2829 14 19 0
2323 2829 14 20 0
2354 2843 6 5 .
2366 2843 7 6 .
2392 2831 13 19 0
2433 2831 13 20 0
2473 2832 14 20 0

2031 2850 104 28 Turkeys
2241 2855 15 19 2
2284 2856 14 20 0
2325 2856 13 20 0
2356 2870 5 6 .
2368 2870 7 6 .
2393 2858 14 20 0
2434 2858 13 20 0
2474 2859 14 19 0

2032 2878 106 27 Pigeons,
2148 2879 78 28 (wild,)

2059 2912 42 21 per
2109 2906 48 27 pair
2178 2921 6 6 .
2191 2921 5 6 .
2205 2922 6 6 .
2218 2921 6 7 .
2243 2909 14 20 0
2283 2909 15 20 2
2325 2910 14 20 0
2356 2924 5 6 .
2368 2923 7 7 .
2394 2912 13 20 0
2434 2913 13 19 0
2474 2913 14 19 0

2032 2932 86 27 Ducks,
2126 2932 35 22 do.
2172 2933 53 23 do..
2243 2936 14 20 0
2284 2936 22 20 5'
2326 2938 13 19 0
2356 2939 92 21 ..00
2474 2940 14 20 0

1897 2958 75 22 Eggs:
1987 2958 48 22 Per
2041 2960 74 22 dozen
2243 2963 15 20 0
2284 2963 15 21 2
2326 2965 13 19 6
2356 2978 19 7 ..
2394 2966 12 21 o'-0o
2418 2963 29 24 '-0
2474 2967 14 20 0

1897 3012 78 22 Cows:
1989 3013 85 21 Milch.
2229 3017 28 21 20
2283 3018 15 20 0
2325 3019 49 20 0..
2379 3015 31 25 30'
2433 3020 13 20 0
2473 3020 14 21 0

1886 3047 2 27 j
1897 3039 97 23 Mares:
2008 3040 77 22 Brood
2227 3041 28 23 5d
2282 3045 15 21 0
2323 3046 14 20 0:>..900
2347 3040 9 14 :>
2354 3047 51 20 ..90
2432 3047 14 20 OJO0
2456 3043 7 10 J
2473 3048 14 19 0

1897 3066 117 22 Working
2030 3067 133 23 Bullocks:
2186 3069 44 22 Per

1923 3094 50 27 pair
2229 3098 29 21 40
2284 3099 15 20 0
2313 3100 26 20 -0
2355 3100 67 20 ..60^
2433 3100 15 23 Q
2473 3101 15 20 0

1897 3120 66 22 Hire
1972 3128 27 14 of
2010 3128 67 16 ditto
2085 3130 5 14 :
2107 3121 43 23 Per
2156 3122 50 29 day,
2215 3130 15 15 a

1925 3151 60 19 team
1994 3148 49 22 and
2046 3148 75 24 driver
2243 3152 12 20 1
2283 3153 15 19 0
2324 3153 13 19 0
2354 3166 19 6 ..
2391 3153 14 20 2
2432 3154 14 20 0
2473 3156 14 19 0

1898 3174 88 22 Sheep:
2002 3175 62 22 Each
2240 3179 15 20 0
2269 3179 27 25 1,6
2322 3180 15 19 0
2353 3192 19 8 ..
2391 3180 11 20 1
2419 3181 37 20 1
2472 3182 15 20 0

1897 3201 66 23 Boat
1972 3202 73 23 Hire:
2060 3202 46 24 Per
2111 3203 48 32 day,
2164 3203 65 22 with-

2089 3234 40 18 out
2137 3230 72 22 hands
2218 3232 35 20 .0
2268 3232 27 20 10
2321 3233 15 21 0
2352 3245 6 8 .
2365 3246 7 8 .
2391 3233 10 21 1
2431 3236 14 21 0
2472 3236 14 21 0

1897 3283 88 23 Wages
1991 3291 6 15 :
2024 3283 138 27 Mechanics,
2188 3291 41 20 per

2050 3309 64 24 week
2240 3312 15 20 2
2270 3312 27 21 14
2323 3314 14 20 0
2354 3327 19 7 ..
2391 3315 14 20 3
2433 3317 13 20 6
2473 3318 14 19 0

2002 3349 3 7 .
2033 3337 126 23 Labourers
2175 3341 19 17 .'.
2203 3336 49 23 ..'1
2269 3340 27 20 10
2323 3341 14 20 0
2354 3354 19 7 ..
2393 3342 10 21 1
2419 3343 26 21 16
2472 3344 14 21 0

1918 3398 40 16 The
1968 3398 49 16 New
2026 3398 99 16 Zeaiand
2136 3397 91 17 Gazette
2234 3399 37 16 and
2281 3400 137 19 TVelmngton

1897 3422 65 13 tator
1967 3419 15 16 is
1989 3418 96 21 published
2092 3422 54 16 every
2152 3418 114 22 Wednesday
2275 3421 38 16 and
2318 3422 100 21 -Saturday.
2427 3424 2 6 '
2440 3424 44 17 Sub-

1894 3440 64 19 joined
1965 3443 29 13 are
2001 3440 30 16 the
2038 3441 65 15 terms:
2104 3447 22 4 —

1917 3467 63 16 Price
1988 3471 24 12 or
2018 3471 40 12 the
2065 3467 96 16 Papjui.—
2161 3467 57 21 Forty
2222 3468 86 21 shillings
2314 3473 36 17 per
2356 3475 76 17 annum,
2443 3477 43 15 pay-

1896 3488 41 16 able
1942 3488 21 16 in
1968 3488 79 16 advance
2052 3493 5 15 ;
2068 3492 20 12 or
2095 3492 35 12 one
2136 3488 76 21 shilling
2217 3489 29 17 for
2252 3490 59 21 single
2317 3493 93 17 numbers.

1917 3515 210 17 Advertisements.—
2128 3515 32 17 Six
2168 3515 48 17 lines
2227 3517 39 17 and
2274 3518 65 21 under,
2351 3520 26 16 3s.
2419 3521 27 17 for
2452 3521 31 16 the

1896 3536 41 17 first
1945 3536 94 19 insertion,
2050 3535 38 17 and
2099 3539 34 13 one
2144 3536 75 22 shilling
2224 3537 29 17 for
2259 3539 45 16 each
2311 3541 111 17 subseauent
2427 3542 58 16 inser-

1896 3557 49 19 tion;
1956 3556 47 17 from
2009 3556 29 16 six
2045 3558 18 14 to
2071 3558 31 15 ten
2110 3556 51 20 lines,
2169 3558 36 16 five
2212 3558 86 23 shillings
2308 3561 29 16 for
2347 3561 32 18 the
2389 3562 44 20 first,
2445 3563 35 16 and

1896 3582 35 12 one
1941 3577 75 20 shilling
2025 3577 37 17 and
2073 3577 85 21 sixpence
2169 3578 29 17 for
2208 3580 45 16 each
2264 3582 113 17 subseauent
2386 3583 85 17 insertion
2476 3588 6 14 ;

1896 3599 56 16 above
1963 3599 31 16 ten
2004 3598 53 19 lines,
2067 3598 37 17 five
2116 3598 122 22 shillings-for
2249 3602 30 15 ths
2289 3602 41 17 first
2340 3605 32 15 ten
2382 3604 53 20 lines,
2446 3605 35 15 and

1895 3619 97 21 fourpence
1998 3623 32 16 per
2035 3619 39 17 line
2079 3619 30 17 for
2115 3620 32 16 the
2154 3624 62 13 excess
2223 3622 21 16 of
2252 3622 41 17 that
2300 3624 77 17 number
2382 3630 4 11 :
2397 3626 36 16 and
2440 3626 42 16 two-

1895 3645 57 16 pence
1958 3644 33 17 per
1995 3640 38 16 line
2038 3640 29 16 for
2074 3640 45 17 each
2125 3642 113 20 subsequent
2241 3643 97 18 insertion.

1916 3667 156 17 Advertisements
2078 3667 40 18 will
2123 3670 33 15 not
2161 3673 67 17 appear
2237 3670 21 17 in
2269 3671 31 17 the
2311 3672 79 22 ensuing
2399 3674 75 16 number

1895 3688 17 16 if
1919 3688 84 17 received
2009 3688 45 17 later
2061 3689 46 17 than
2119 3690 20 16 10
2146 3688 73 22 o'clock,
2226 3695 49 17 a.m.,
2282 3697 24 12 on
2314 3694 30 15 the
2351 3694 92 20 mornings
2450 3695 32 16 be-

1895 3709 38 16 fore
1946 3709 118 21 publication.
2086 3710 157 19 Advertisements
2257 3713 40 17 will
2306 3715 22 15 be
2339 3715 97 17 continued
2443 3715 35 16 and

1895 3730 78 20 charged
1982 3730 49 16 until
2040 3732 167 21 counter-ordered;
2219 3734 47 16 such
2272 3735 52 16 order
2330 3737 51 15 must
2387 3737 21 16 be
2415 3737 40 16 sent
2461 3738 19 14 to

1895 3751 31 16 the
1936 3751 55 16 Office
2004 3752 34 15 two
2057 3751 45 21 days
2121 3753 60 16 before
2321 3756 36 16 and
2367 3760 50 14 must
2426 3758 22 16 be
2458 3757 19 16 in

1894 3772 79 20 writing.
1997 3772 157 18 Advertisements
2166 3775 83 17 received
2269 3776 51 22 after
2338 3778 20 16 10
2374 3777 66 17 o'clock
2455 3782 23 12 on

1895 3793 83 20 Tuesday
1991 3793 36 16 and
2037 3793 68 22 Priday
2116 3795 92 21 mornings
2219 3796 71 18 willvbe
2301 3798 78 20 charged
2389 3799 51 16 twice
2448 3799 30 16 the

1895 3814 54 15 usual
1954 3815 53 15 rates.

1915 3841 32 16 All
1952 3841 67 20 orders,
2030 3842 159 21 advertisements,
2199 3844 37 17 and
2246 3845 164 17 communications
2420 3848 20 16 to
2450 3847 30 15 the

1895 3862 70 17 Editor,
1971 3866 30 12 are
2008 3863 98 16 requested
2111 3865 18 14 to
2137 3864 21 15 be
2164 3865 99 14 addressed
2269 3867 18 12 to
2295 3866 37 13 this
2339 3860 60 19 6ilice.

39 132 111 49 JOHN,
170 131 109 27 HALES,
303 130 203 25 Cabinet-maker,
533 128 94 21 Uphol-

105 166 94 19 sterer,
214 158 191 23 Paper-hanger,
420 155 41 22 &c.
476 155 50 26 &c,
539 154 55 26 beg
591 154 36 26 3to

38 189 80 19 return
126 185 34 22 bis
171 185 84 23 sincere
265 182 83 23 thanks
356 186 24 18 to
395 181 36 23 his
440 180 86 23 friends
535 179 47 23 and
589 180 38 22 the

38 213 79 24 public
136 211 25 22 of
172 211 55 22 Port
244 209 124 23 Nicholson
381 207 117 28 generally
517 207 35 22 for
569 207 60 21 their
633 218 4 5 -

39 239 57 22 kind
111 241 129 24 patronage,
253 236 45 23 and
311 236 25 21 in
353 235 112 26 soliciting
480 234 58 22 their
553 233 83 25 future,

40 267 100 26 support,
155 263 63 23 takes
227 264 43 21 this
286 262 144 32 opportunity
445 261 25 21 of
484 260 149 27 announcing-

40 292 51 21 that
98 291 31 22 he
140 291 92 21 intends
241 291 96 25 keeping
347 296 14 14 a
370 287 154 23 considerable
533 287 64 21 stock
607 287 26 21 of

40 317 110 23 seasoned
159 317 65 22 wood
234 317 24 21 of
265 315 29 23 all
304 315 146 28 descriptions
465 320 37 15 on.
505 313 68 27 hand,
585 313 45 21 and

40 352 47 19 any
103 343 76 23 orders
197 343 71 23 which
287 341 54 28 they
357 349 54 19 may
422 341 76 28 please
515 343 23 18 to
551 340 80 21 favour

39 371 50 22 him
98 371 53 21 with
160 370 47 22 will
214 371 28 21 be
253 368 116 27 diligently
380 366 111 24 executed
500 374 29 14 on
539 374 92 14 reason-

40 398 52 22 able
102 400 76 18 terms.

68 432 58 21 N.B.
127 442 28 4 —
155 431 24 21 A
188 430 91 27 turning
284 428 63 23 lathe
357 435 28 15 on
395 428 39 21 the
443 426 117 28 premises.

68 464 196 27 Ingestrie-street,
275 463 32 21 Te
317 462 49 22 Aro
376 461 56 22 Flat.

40 518 53 46 A
119 515 134 26 HEWITT,
263 515 162 24 Fishmonger,
436 512 113 22 Lambton
558 513 72 25 Quay,

96 553 12 11 •
124 541 145 27 Wellington,
276 543 90 19 returns
375 540 35 21 his
419 539 88 22 sincere
517 538 82 22 thanks
609 542 23 17 to

40 569 39 21 the
97 568 139 22 inhabitants
254 568 27 22 of
300 567 45 21 this
364 566 87 27 Colony
466 566 37 21 for
522 565 37 22 the
578 573 55 19 very

39 595 80 22 liberal
138 598 92 24 support
245 595 29 21 he
287 594 42 21 has
343 593 101 21 hitherto
457 592 112 26 received,
588 592 45 21 and

39 623 56 26 begs
104 625 24 18 to
137 622 83 21 inform
230 621 61 22 them
300 620 50 22 that
364 620 27 21 he
401 620 41 21 has
451 618 68 22 made
528 625 105 20 arrange-

39 652 76 18 ments
131 648 35 22 for
184 656 14 14 a
212 650 103 20 constant
331 646 82 28 supply
430 646 26 21 of
477 645 39 22 the
534 644 100 23 choicest

40 674 105 23 varieties
153 675 27 21 of
190 675 49 26 fish,
256 674 73 22 which
345 674 30 20 he
391 672 140 27 confidently
546 679 88 14 recom-

39 702 81 22 mends
130 705 22 18 to
162 701 39 22 the
210 701 75 28 public
294 708 24 14 as
324 700 70 26 being
401 700 26 21 of
437 699 39 22 the
483 699 50 22 best
538 698 94 28 quality:

69 735 83 22 Orders
160 735 36 22 for
206 735 103 28 shipping
317 733 111 28 received,
444 732 46 23 and
499 732 134 28 punctually

41 762 109 22 attended
158 766 31 18 to.
639 767 2 5 '

198 795 98 16 OYSTERS
310 794 73 15 FRESH
398 793 79 15 DAILY.
608 807 1 6 ,
639 785 2 37 j

68 823 65 26 Also,
145 830 12 14 a
167 822 80 28 supply
256 821 26 23 of
297 820 129 28 vegetables
442 819 62 23 fresh
518 820 58 21 from
593 819 39 22 the

40 849 87 27 garden
138 849 68 26 daily.

40 894 40 21 To
92 894 48 20 the
150 893 162 21 Mercantile
324 893 55 19 and
395 891 135 26 Shipping
545 891 89 21 Inter-

166 922 57 19 ests
235 920 30 21 of
276 920 67 20 Port
352 919 162 21 Nicholson.

42 954 160 48 THOMAS
218 952 108 24 BEVAN
343 952 45 22 and
406 951 82 26 SONS,
500 950 58 23 New
574 952 61 21 Zea-

105 988 61 14 land
185 988 58 14 ROPE
261 987 46 15 AND
328 987 74 14 TWINE
427 985 206 19 MANUFACTURERS,

40 1008 46 26 beg
101 1010 23 18 to
134 1007 82 21 inform
227 1007 56 21 their
292 1006 86 21 friends
389 1006 46 21 and
444 1004 38 23 the
491 1005 82 27 public,
585 1004 50 22 that

42 1034 55 27 they
105 1034 59 22 have
180 1033 106 22 removed
301 1037 23 18 to
340 1032 58 22 their
414 1039 50 15 new
480 1032 107 26 premises
604 1039 28 14 on

42 1060 192 28 Lambton-quay,
249 1067 79 15 corner
343 1060 26 21 of
385 1059 160 27 Willis-street,
559 1058 75 22 where

43 1095 69 20 every
120 1088 78 22 article
207 1088 25 20 in
239 1087 37 21 the
286 1086 71 22 above
367 1086 74 22 trades
450 1093 53 20 may
512 1086 28 21 be
549 1085 46 22 had
604 1092 30 15 on

42 1114 39 22 the
91 1115 97 21 shortest
196 1114 82 22 notice.

239 1143 64 24 mats,
315 1140 50 27 &c,
375 1140 66 21 made
451 1138 46 23 and
506 1138 108 28 repaired.

32 1189 5 5 -
70 1175 27 22 T.
105 1175 28 22 B.
143 1175 47 22 and
199 1175 57 21 Sons
265 1181 38 14 are
309 1173 71 28 ready
388 1176 25 19 to
421 1172 126 23 undertake
555 1175 80 24 export

44 1201 76 22 orders
131 1205 22 18 to
162 1209 46 20 any
218 1203 82 24 extent,
312 1208 30 14 on
352 1199 131 23 reasonable
493 1202 76 19 terms.

69 1236 130 22 November
207 1237 35 25 30,
253 1236 60 20 1841.

42 1282 42 20 To
105 1281 46 21 the
173 1282 167 22 Merchants,
362 1280 199 25 Ship-owners,
578 1279 55 24 &c,

197 1308 31 20 of
241 1309 65 20 Port
319 1307 163 21 Nicholson.

42 1340 108 47 TD.
174 1341 102 22 PRATT
298 1341 56 26 begs
369 1343 59 19 most
445 1338 147 28 respectfully
609 1341 25 18 to

91 1377 11 11 •
133 1371 78 19 return
227 1368 33 22 his
270 1367 84 22 thanks
370 1368 35 21 for
421 1366 39 23 the
474 1367 91 20 favours
580 1372 55 15 con-

105 1394 75 22 ferred
196 1402 30 14 on
241 1395 53 25 him,
305 1394 68 21 while
387 1394 26 21 in
428 1392 141 29 partnership
580 1392 54 22 with

42 1421 45 21 Mr.
98 1421 26 22 T.
136 1422 84 26 Bevan,
232 1422 45 21 and
284 1421 56 27 begs
350 1424 23 18 to
382 1420 83 22 inform
475 1420 63 21 them
547 1422 49 19 that
604 1419 30 22 he

40 1448 21 21 is
70 1455 52 15 now
132 1448 180 26 manufacturing
321 1455 73 19 ropes,
403 1448 65 26 lines,
479 1447 75 25 twine,
566 1446 27 22 of
604 1446 31 21 all

42 1474 161 29 descriptions;
220 1479 57 18 mats
291 1474 26 22 of
329 1474 32 22 all
377 1475 64 26 sizes,
461 1474 42 21 &c.
540 1473 95 26 Fishing

42 1505 51 18 nets
111 1502 66 22 made
194 1502 47 22 and
256 1501 111 28 repaired,
385 1501 45 22 and
449 1508 70 19 every
535 1500 57 22 kind
611 1500 26 21 of

42 1528 78 22 article
135 1529 24 21 in
176 1529 38 21 the
229 1529 71 21 above
315 1528 55 27 line,
387 1528 31 21 all
432 1527 59 22 from
508 1527 57 22 New

41 1555 56 22 land
113 1555 53 28 flax,
177 1556 45 22 and
237 1564 29 14 on
276 1555 37 22 the
323 1558 60 18 most
390 1554 134 22 reasonable
533 1554 101 27 charges.

42 1589 46 22 No.
105 1591 20 25 1,
150 1589 231 27 Molesworth-street,
409 1588 147 27 Wellington,
580 1589 55 22 Port

272 1616 133 22 Nicholson.

187 1660 143 23 CHARLES
346 1659 142 27 HARVEY,

252 1695 102 24 Tailor,
369 1695 54 24 &c,

172 1730 114 26 Adjoining
300 1729 73 20 Kumu
387 1730 53 19 Toto
453 1728 48 21 Pah
501 1743 9 11 }
639 1721 2 27 I

259 1771 159 19 WELLINGTON,

40 1797 110 50 BEGS
165 1801 23 19 to
204 1801 77 19 return
298 1797 82 22 thanks
398 1801 23 18 to
438 1797 39 22 the
492 1799 82 25 gentry
588 1796 47 22 and

118 1825 76 27 public
205 1825 24 21 of
237 1825 58 22 New
305 1824 101 22 Zealand
414 1825 36 21 for
457 1824 38 22 the
504 1827 92 24 support
604 1823 30 22 he

40 1852 42 22 has
97 1852 105 22 received
216 1852 58 22 from
291 1851 61 22 them
368 1852 61 22 since
443 1851 29 22 he
488 1850 147 23 commenced

40 1879 110 27 business,
168 1879 46 22 and
232 1879 29 22 he
279 1886 87 14 assures
381 1878 63 22 them
460 1878 50 22 that
526 1878 17 21 it
562 1878 18 21 is
599 1877 35 22 his

39 1905 114 23 intention
163 1909 24 19 to
197 1906 105 22 continue
310 1905 36 21 his
362 1909 60 18 most
436 1908 120 19 strenuous
570 1912 64 14 exer-

39 1933 61 22 tions
111 1936 23 18 to
144 1933 67 22 merit
220 1940 14 15 a
243 1933 149 22 continuance
402 1933 26 21 of
435 1932 58 22 their
501 1935 131 24 patronage.

68 1967 25 22 C.
103 1967 30 22 H.
144 1968 63 21 takes
223 1966 44 23 this
287 1967 146 27 opportunity
448 1966 26 22 of
485 1966 83 27 stating
585 1966 49 21 that

40 1993 35 22 his
85 1994 65 22 stock
159 1994 94 21 consists
263 1993 26 22 of
300 2000 13 14 a
321 1993 61 26 good
390 1993 88 26 variety
488 1993 27 21 of
521 1992 112 27 superfine

40 2020 80 27 cloths,
131 2020 111 27 doeskins,
258 2019 90 25 tweeds,
365 2019 129 27 moleskins,
506 2018 125 26 velveteen,

39 2047 57 27 pilot
112 2047 66 27 cloth,
191 2048 40 21 &c
242 2048 48 25 &c,
305 2046 47 22 and
418 2046 94 26 charges
524 2046 45 25 (for
583 2047 50 20 cash

39 2075 60 25 only)
110 2074 123 22 moderate.

249 2128 29 20 E.
293 2126 128 25 Stafford,

126 2162 78 25 Tailor,
218 2161 176 26 Lambton-quay,
412 2160 135 25 Wellington,

39 2196 54 48 IN
105 2195 119 27 returning
234 2194 80 23 thanks
324 2197 23 18 to
357 2194 64 22 those
435 2194 131 27 gentlemen
582 2194 50 23 who

96 2222 59 22 have
164 2222 94 22 favored
266 2222 48 22 him
322 2221 56 22 with
387 2221 60 22 their
454 2220 82 28 orders,
546 2229 86 14 assures

39 2249 62 22 them
110 2249 50 22 that
169 2249 59 22 from
237 2249 34 22 his
281 2248 64 22 stock
355 2255 29 14 on
394 2248 68 26 hand,
474 2248 48 22 and
529 2248 58 23 from
597 2256 35 15 re-

39 2280 54 18 cent
101 2276 93 22 arrivals
202 2276 58 22 from
270 2275 112 27 England,
392 2275 30 22 he
431 2275 47 22 will
491 2275 29 22 be
536 2275 98 23 enabled

38 2307 24 18 to
72 2303 68 22 make
148 2311 31 19 up
188 2303 89 22 articles
285 2302 24 21 in
317 2302 39 21 the
366 2302 49 22 first
424 2302 57 27 style
492 2302 27 21 of
529 2302 87 23 fashion
625 2311 6 19 ;

38 2330 74 22 which
122 2330 45 22 will
176 2330 81 22 render
265 2330 18 21 it
292 2336 152 20 unnecessary
453 2329 36 22 for
501 2328 39 23 the
557 2330 77 27 public

37 2360 24 18 to
72 2357 56 22 send
142 2360 23 18 to
181 2357 39 21 the
236 2356 165 28 neighbouring
411 2355 105 23 Colonies
525 2356 36 22 for
573 2356 61 22 their

37 2384 101 27 wearing
148 2384 99 28 apparel.

65 2417 60 23 N.BI
126 2430 28 4 —
154 2418 76 28 Every
245 2417 76 23 article
335 2417 128 22 warranted
482 2417 27 22 of
529 2417 38 22 the
582 2418 52 21 best

38 2446 93 26 quality,
144 2448 44 24 cut,
199 2445 47 22 and
255 2445 172 27 workmanship,
439 2444 47 23 and
499 2452 31 14 on
541 2452 92 15 reason-

39 2472 50 22 able
99 2476 76 18 terms.

263 2517 32 22 H.
309 2517 97 27 READ,

179 2554 119 21 Tinman
308 2554 55 21 and
373 2554 120 25 Braziex,

118 2587 63 23 Near
190 2588 38 22 the
241 2587 154 27 Court-house,
407 2587 148 27 Wellington.

39 2640 203 49 WNEAL,
263 2641 90 21 Watch
374 2640 46 22 and
441 2641 79 21 Clock
535 2640 96 28 Maker,

114 2678 10 11 •
169 2668 54 27 begs
242 2667 147 27 respectfully-
403 2671 24 17 to
446 2667 85 22 inform
546 2667 37 22 the
598 2667 36 22 in-

39 2694 115 22 habitants
173 2695 26 21 of
215 2695 53 21 Port
274 2694 133 27 Nicholson,
425 2694 49 27 &c,
493 2694 49 22 that
550 2694 29 22 he
594 2694 41 23 has

39 2721 109 22 removed
159 2721 36 22 his
209 2721 101 22 business
328 2721 50 21 S.E.
389 2721 27 21 of
426 2721 94 21 Messrs.
529 2721 105 23 Bethune

40 2749 46 21 and
97 2748 117 25 Hunter's,
226 2749 44 21 and
279 2748 77 27 hopes,
367 2748 103 27 bystrict
481 2749 118 26 attention,
610 2752 24 18 to

122 2782 14 14 a
153 2775 149 22 continuance
318 2775 27 21 of
360 2774 58 22 their
434 2775 98 28 favours,
550 2775 84 28 having

39 2802 45 22 had
94 2803 27 21 20
133 2803 71 26 years'
215 2803 132 27 experience
357 2802 24 21 in
391 2801 105 22 London.

67 2836 40 22 All
125 2836 67 21 kinds
208 2836 27 21 cf
246 2836 94 26 foreign,
358 2835 91 27 British,
465 2836 103 26 musical,
588 2836 47 22 and

38 2862 118 28 repeating
162 2863 97 22 watches
266 2862 44 22 and
321 2862 83 27 clocks,
413 2862 45 22 and
465 2862 169 23 chronometers

40 2890 96 22 cleaned
146 2890 45 21 and
200 2889 109 28 repaired.
320 2900 2 6 ■
639 2895 2 20 ;

150 2924 59 22 N.B.
210 2935 30 4 —
241 2923 96 23 Musical
346 2923 72 22 boxes
426 2923 110 27 repaired.

251 2969 165 22 Education.

39 3003 148 48 HENRY
202 3002 171 31 ATKINSON,
381 3002 55 27 begs
451 3002 66 23 leave
527 3006 58 19 most
598 3012 36 14 re-

127 3030 120 27 spectfully
262 3033 24 19 to
301 3029 91 23 inform'
403 3030 39 22 the
456 3029 140 24 inhabitants
611 3031 27 22 of

39 3056 145 27 Wellington,
199 3057 50 22 that
261 3057 29 22 he
307 3056 41 22 has
368 3057 88 28 opened
475 3064 15 14 a
508 3057 76 23 school
604 3066 30 14 on

37 3079 125 26 Thorndon
178 3083 57 28 Flat,
246 3084 22 22 in
285 3084 37 22 the
331 3091 52 15 rear
392 3084 26 22 of
430 3084 109 22 Barrett's
555 3085 77 28 Hotel,

38 3110 36 21 for
88 3109 38 22 the
144 3117 95 20 purpose
258 3111 26 22 of
300 3111 106 27 teaching
420 3111 101 28 reading,
536 3113 96 27 writing,

40 3133 134 31 arithmetic,
191 3138 44 21 and
238 3144 3 5 1
249 3138 106 27 practical
369 3139 163 27 mensuration,
551 3146 29 15 on
595 3140 38 22 the

230 3165 114 26 following
357 3168 82 19 terms:

68 3196 112 28 Reading,
188 3198 72 22 under
268 3198 14 23 7
291 3205 65 20 years
366 3199 26 21 of
398 3206 49 20 age,
456 3199 36 22 6d.
499 3207 41 20 per
549 3200 70 23 week.

68 3224 46 22 Do.
188 3224 71 23 above
268 3225 49 22 that
329 3232 64 20 age..
402 3241 19 6 ..
455 3227 31 21 Is.
547 3227 36 23 do.

67 3250 64 23 With
138 3250 97 28 Writing
454 3254 32 20 Is.
494 3254 37 22 6d.
537 3254 45 27 ,do.

67 3277 64 22 With
140 3277 134 23 Arithmetic
451 3281 33 21 2s.
546 3281 36 23 do.

67 3304 65 23 With
142 3304 110 23 Practical
268 3305 157 23 Mensuration
452 3308 32 23 2s.
492 3307 37 23 6d.
545 3308 37 23 do.

39 3337 125 24 Therndon
175 3337 57 27 Flat,
244 3337 80 23 March
334 3340 20 26 1,
366 3341 60 21 1842.

254 3389 164 22 Education.

40 3423 114 50 MRS.,
169 3422 47 22 and
235 3422 72 22 MISS
329 3422 193 26 WAKEFIELD
544 3428 88 23 receive

131 3449 75 29 pupils
216 3457 30 14 on
255 3449 38 22 the
301 3448 117 30 following
427 3454 68 20 terms
501 3461 6 14 :
508 3464 29 5 —

67 3485 45 21 For
129 3483 78 28 board,
227 3483 54 22 with
298 3482 102 28 washing
414 3485 46 21 and
473 3487 37 21 in-

94 3511 110 22 struction
207 3511 25 21 in
237 3509 92 28 general
334 3509 95 28 English
433 3511 77 23 litera-

93 3541 58 24 ture,
277 3536 46 22 and
335 3537 118 28 aritmetic,
468 3546 43 21 per

93 3567 92 25 quarter
509 3569 13 20 8
550 3570 14 21 8
591 3573 14 20 0

64 3591 82 23 Under
154 3592 13 22 7
176 3599 65 20 years
251 3591 25 22 of
287 3598 42 19 age
495 3594 29 22 »7
550 3596 15 22 7
591 3600 13 19 0

65 3619 53 26 Day
126 3618 108 22 boarders
508 3622 16 21 4
549 3624 16 21 4
591 3626 13 19 o

65 3646 54 26 Day
127 3645 74 28 pupils
303 3659 7 8 
319 3659 10 12 ,
508 3648 15 21 2
549 3651 15 20 2
590 3652 14 21 0

64 3673 84 22 Junior
157 3672 56 22 ditto
510 3676 11 19 1
536 3676 26 21 H
590 3679 14 20 q

36 3706 97 28 French,
150 3706 90 28 Italian,
255 3705 45 23 and
314 3706 115 28 Drawing,
441 3706 32 23 £1
490 3709 45 21 Us.
545 3710 36 22 6d.
591 3719 40 20 per

284 3735 98 25 quarter.
401 3734 1 5 '
580 3743 16 6 -

65 3760 90 22 Private
164 3760 87 21 lessons
259 3760 23 21 in
294 3760 78 27 music,
385 3767 25 14 or
420 3767 45 21 any
475 3761 27 21 of
512 3762 38 22 the
561 3764 69 24 above

35 3786 113 22 branches
158 3787 27 21 of
195 3787 126 26 education,
337 3793 44 15 one
394 3786 77 23 hour's
487 3788 141 31 instruction,

35 3814 52 21 four
96 3812 87 23 lessons
200 3814 35 21 for
246 3821 41 14 one
297 3813 90 27 guinea.

63 3845 139 23 References
210 3850 23 18 to
243 3847 38 22 the
288 3847 117 28 following
410 3848 130 27 gentlemen
551 3850 79 30 kindly

35 3873 123 28 permitted
165 3880 5 14 :
171 3884 30 5 —

63 3907 64 27 Capt.
138 3906 36 21 W.
185 3906 34 22 M.
230 3907 78 27 Smith,
320 3908 68 28 R.A.,
398 3909 230 28 Surveyor-General.

64 3934 26 21 T.
103 3933 33 22 M.
148 3932 122 29 Partridge,
282 3934 53 28 Esq.

65 3961 22 22 S.
97 3960 99 28 Revans,
207 3961 53 27 Esq.
280 3962 6 9 '

1444 123 68 20 Port
1525 124 32 20 of
1573 124 125 21 London;

1328 156 89 23 Notice
1437 162 28 15 to
1484 164 45 14 the
1551 156 93 22 P.oblic.
1646 167 28 4 —
1674 156 126 23 Travellers
1818 158 46 22 and

1277 183 73 22 others
1359 183 50 21 who
1418 182 57 22 send
1483 182 108 28 baggage,
1601 183 73 21 works
1684 183 25 21 of
1721 187 40 24 art,
1770 191 24 14 or
1801 185 63 21 other

1277 209 65 23 value
1350 212 106 25 property
1465 213 23 17 to
1498 209 111 27 England,
1627 209 81 22 should
1723 211 93 26 consign
1826 211 37 22 the

1276 236 109 28 packages
1395 239 23 18 to
1477 243 49 15 care
1533 236 26 22 of
1566 243 14 14 a
1585 236 99 22 licensed
1692 237 170 22 Custom-house

1277 266 72 24 agent,
1359 270 30 14 -as
1406 262 89 22 articles
1509 270 37 14 are
1563 263 128 27 frequently
1703 264 98 27 injured,
1818 265 46 21 and

1267 309 2 6 ,
1276 289 100 22 needless
1386 296 98 20 expense
1498 289 112 27 incurred,
1627 289 35 22 for
1677 290 38 22 the
1730 294 61 18 want
1808 291 25 21 of
1851 298 13 15 a

1267 329 4 17 j
1276 323 80 20 proper
1364 322 81 21 person
1456 319 22 18 to
1490 315 50 23 take
1551 316 80 27 charge
1642 316 25 22 of
1683 317 70 27 them,
1761 324 29 15 on
1806 317 58 22 their

1267 352 3 14 i
1277 342 85 26 arrival,
1373 341 51 23 and'
1428 349 37 15 see
1478 342 62 22 them
1558 343 99 27 entered,
1675 344 135 27 examined,*,
1818 344 45 22 and

1277 369 107 27 carefully
1396 368 118 28 repacked.
1549 369 49 22 The
1618 369 80 28 charge
1714 371 19 22 is
1748 371 39 21 the
1803 378 59 15 same

1266 395 108 26 .whether
1383 402 24 15 so
1418 395 122 27 consigned
1550 403 25 15 or

1326 428 172 23 Custom-house
1507 429 118 27 Chamber,
1636 430 103 23 London;

1278 489 139 49 DEVOY
1426 489 46 22 and
1481 490 54 27 CO.,
1549 491 45 21 who
1608 498 38 14 are
1662 493 35 19 the
1711 493 153 20 LICENSED

1357 517 124 20 AGENTS
1491 517 26 25 of
1526 519 49 19 Her
1581 519 91 26 Majesty
1673 522 5 9 1
1681 526 10 14 s
1700 520 165 20 Commissioners

1270 544 35 25 -of
1317 544 98 25 Customs,
1426 545 48 20 and-
1481 545 66 20 under
1557 547 64 24 heavy
1629 547 63 20 bonds
1698 548 42 23 for
1751 548 36 19 the
1795 547 69 26 safety

1277 571 28 26 of
1309 573 102 24 property
1429 573 109 24 consigned
1552 574 22 19 to
1589 574 62 25 them,
1671 573 45 28 beg
1733 574 64 21 those
1814 573 49 22 who

1278 598 55 22 send
1342 598 111 27 packages
1462 601 22 19 to
1495 599 58 21 their
1563 607 57 20 care,
1634 604 26 18 to'
1667 608 37 14 see
1773 600 54 22 each
1836 600 28 22 be

1278 625 112 27 distinctly
1408 625 96 22 marked
1511 634 3 3 -
1549 626 81 22 Devoy
1649 627 45 21 and
1712 628 48 26 Co.,
1781 627 83 21 Lower

1270 652 209 26 'Thames-street,-
1618 654 44 21 and
1665 654 39 21 the
1710 654 41 21 bill
1758 654 26 21 of
1788 654 76 26 lading

1278 686 25 14 or
1316 678 222 28 receiprforwarded
1556 682 24 18 to
1597 680 63 21 them
1677 680 71 22 direct
1761 680 32 27 by
1806 684 56 24 post,

1277 705 54 24 with
1339 705 144 21 instructions
1492 705 50 22 how
1553 706 55 21 such
1617 707 69 26 goods
1696 714 37 15 are
1742 711 24 18 to
1778 708 28 20 be
1821 707 43 21 dis-

1271 732 75 32 posed
1354 733 26 21 of
1391 739 31 14 on
1430 731 80 22 arrival
1518 740 6 19 ;
1540 733 45 21 and
1593 740 24 14 as
1625 741 67 20 every
1698 734 100 27 package
1806 738 59 17 must

1277 759 28 21 be
1323 759 85 27 opened
1429 761 23 19 at
1470 758 37 22 the
1524 759 180 28 Custom-house,
1723 761 20 20 if
1765 767 44 20 any
1827 768 37 14 are

1277 785 86 28 locked,
1374 785 37 22 the
1421 785 56 27 keys
1486 785 81 22 should
1575 786 29 21 be
1613 786 131 22 forwarded.

1306 812 75 22 Goods
1390 812 46 22 and
1444 812 111 27 packages
1565 820 38 14 are
1611 813 125 22 forwarded
1744 814 32 26 by
1785 813 79 26 Devoy

1278 839 46 21 and
1333 839 38 22 Co.
1380 842 23 19 to
1413 839 38 22 all'
1458 842 60 24 parts
1531 839 26 22 of
1570 840 38 21 the
1624 840 130 27 Continent,
1765 839 38 22 the
1812 840 54 21 East

1279 865 44 22 and
1333 865 61 23 West
1402 865 83 28 Indies,
1496 866 109 28 Colonies,
1615 867 42 21 &c.
1668 867 41 21 &c.
1718 875 6 18 ;
1737 866 51 27 and,
1799 867 20 21 if
1831 874 35 14 re-

1279 893 84 27 quired,
1374 896 51 18 sent
1438 896 23 18 to
1472 893 37 22 the
1521 901 50 14 care
1587 893 26 22 of
1623 893 138 28 responsible
1778 900 86 20 nouses,

1279 919 49 22 who
1342 919 45 22 will
1402 927 37 14 see
1457 919 37 22 the
1510 920 145 22 instructions
1670 924 51 18 sent
1736 919 53 24 with
1806 919 60 22 them

1279 946 129 27 punctually
1419 947 106 21 attended
1535 950 30 18 to.

1306 973 39 21 All
1354 973 69 27 goods
1432 973 45 21 and
1486 973 110 28 packages
1605 974 36 21 for
1649 973 114 28 shipment
1769 976 60 19 must
1837 974 28 21 be

1279 999 159 28 accompanied
1447 1000 30 27 by
1493 1001 88 21 written
1594 1001 152 27 instructions,
1758 1001 54 22 with
1828 1001 37 21 the

1279 1034 66 14 name
1354 1027 45 21 and
1408 1026 90 22 address
1509 1027 25 21 of
1545 1027 39 22 the
1593 1028 83 27 parties
1683 1028 31 27 by
1725 1028 73 21 whom
1813 1027 53 27 they

1279 1061 37 14 are
1330 1056 55 25 sent,
1402 1053 52 22 and'
1464 1053 37 22 the
1514 1058 104 18 contents
1629 1055 46 21 and
1690 1055 66 21 value
1773 1055 26 20 of
1812 1053 53 22 each

1279 1080 98 28 package
1387 1080 80 22 stated.
1495 1081 47 21 The
1558 1082 55 26 duty
1622 1081 111 22 outwards
1745 1082 20 21 is
1775 1083 43 20 10s.
1827 1088 39 20 per

1279 1107 61 22 £100
1354 1107 73 22 value.
1465 1107 47 21 The
1528 1111 48 18 rate
1592 1108 26 21 of
1629 1108 121 22 insurance
1768 1108 98 27 depends

1280 1141 60 20 upon
1350 1134 180 21 circumstances.
1560 1135 44 21 For
1620 1135 85 22 further
1721 1135 144 21 information

1280 1161 66 27 apply
1371 1164 21 18 to
1399 1171 10 7 --
1417 1160 45 22 Mr.
1481 1161 93 22 Samuel
1599 1162 101 26 Revans,
1719 1161 145 27 Wellington,

1280 1187 54 22 Port
1344 1187 130 22 Nicholson.

1374 1233 94 20 Union
1481 1234 80 20 Bank
1575 1234 30 21 of
1622 1234 150 21 Australia.

1281 1267 94 22 London
1393 1267 94 26 Office,
1502 1267 45 22 No.
1561 1269 36 25 3S,
1616 1267 49 21 Old
1681 1267 185 22 Broad-street.

1335 1301 93 27 Capital,
1437 1300 122 28 £800,000;
1581 1300 52 28 paid
1642 1308 37 20 up,
1695 1301 118 27 £500,000.

1514 1340 110 12 DIRECTORS
1629 1341 5 12 t

1384 1356 69 20 George
1455 1356 45 16 J?ife
1507 1356 66 21 Angas,
1582 1357 49 20 Esq.,

1383 1376 70 17 Robert
1460 1376 74 20 Brooks,
1543 1378 49 19 Esq.,

1383 1397 62 17 James
1453 1397 48 17 John
1509 1398 99 20 Cummins,
1617 1398 48 20 Esq.,

1384 1418 68 17 llobert
1460 1418 96 21 Gardener,
1567 1419 49 20 Esq.,
1627 1419 123 21 Manchester,

1384 1440 48 16 John
1441 1439 45 16 Gore
1502 1439 49 21 Esq.,

1383 1460 49 17 John
1524 1460 77 20 Buckle,
1606 1460 50 21 Esq.,

1382 1481 97 20 Benjamin
1487 1481 21 16 E.
1514 1481 64 19 Lindo,
1585 1482 49 19 Esq.,

1384 1502 73 16 Charles
1465 1502 75 17 Edward
1548 1502 95 21 Mangles,.
1644 1503 49 20 Esq.,

1384 1523 116 20 Christopher
1506 1523 83 20 Rawson,
1598 1523 48 20 Esq.,
1658 1524 82 19 Halifax,

1383 1544 80 16 Thomas
1470 1544 63 19 Sands,
1541 1544 48 20 Esq.,
1596 1544 101 20 Liverpool,

1382 1564 63 17 James
1452 1564 57 20 Bogle
1516 1565 64 19 Smith,
1586 1565 49 20 Esq.,

1369 1586 3 3 '
1382 1585 63 17 James
1452 1585 80 16 Ruddell
1538 1585 56 20 Todd,
1602 1586 44 20 Esq.

1278 1614 95 16 Trustees:
1389 1613 82 17 George
1482 1613 56 16 Carr
1549 1608 122 26 Ginr/'Esq.,
1682 1614 54 16 John
1746 1614 62 19 Gore,
1817 1613 50 21 Esq.,

1425 1634 37 17 and
1468 1634 66 16 Jaiu:s
1541 1634 18 16 J.
1566 1634 100 20 Cummins,
1676 1635 43 20 Esq.

1305 1662 91 16 Bankers:
1408 1662 76 15 Messrs.
1491 1662 60 19 Glyx,
1563 1662 115 20 Hallifax,
1683 1662 75 22 ..Mills,
1766 1662 37 16 and
1810 1662 30 17 Co.

1397 1690 94 19 Secretary
1495 1694 4 12 :
1511 1690 83 16 Samuel
1599 1690 96 19 Jackson,
1703 1691 42 19 Esq.
1752 1698 5 4 -

1368 1716 81 18 Colonial
1455 1716 95 21 Inspector
1554 1722 5 11 :
1571 1717 17 17 J.
1596 1717 19 17 C.
1622 1717 104 21 M'Laren,
1733 1718 44 20 Esq.

1398 1765 71 20 New
1486 1764 124 22 Zealand
1627 1766 116 20 Branch.

1277 1799 54 17 Local
1338 1799 91 17 Directors
1434 1803 5 12 :
1456 1798 47 17 Geo.
1514 1799 17 16 S.
1542 1799 74 19 Evans,
1628 1799 49 21 Esq.,
1690 1799 70 19 D.C.L.,
1773 1799 37 17 and
1820 1799 47 18 Geo.

1499 1819 90 20 Hunter,
1601 1820 44 21 Esq.

1277 1848 96 21 Manager:
1385 1847 50 17 John
1441 1847 73 19 Smith,
1522 1847 50 20 Esq.,
1579 1848 37 16 late
1622 1848 21 16 of
1651 1848 32 16 the
1689 1848 120 17 Commercial
1815 1848 52 17 Bank

1446 1868 22 16 of
1476 1868 88 20 England,
1576 1868 123 17 Manchester.

1387 1896 115 23 Branches
1512 1900 24 18 at
1551 1897 98 27 Sydney,

1551 1931 90 22 Hobart
1648 1931 77 28 Town,

1551 1964 150 28 Launceston,
1712 1965 47 22 and

1550 1997 55 23 Tort
1614 1999 82 26 Philip.

1279 2032 53 22 Port
1340 2031 132 27 Nicholson,
1483 2031 80 22 March
1573 2032 35 26 24,
1619 2032 62 21 1840.

1279 2085 91 50 THE
1386 2085 116 22 Directors
1517 2084 27 22 of
1559 2084 39 23 the
1615 2084 56 23 New
1688 2085 101 22 Zealand
1803 2085 65 22 Land

1354 2113 117 26 Company
1484 2111 85 27 hereby
1585 2112 51 26 give
1651 2112 83 26 notice,
1752 2112 49 21 that
1815 2112 53 28 they

1277 2139 58 22 have
1342 2146 114 15 effected
1465 2146 31 13 an
1506 2146 173 15 arrangement
1686 2139 99 22 withthe
1792 2139 75 22 Union

1277 2166 67 22 Bank
1357 2166 26 22 of
1398 2165 121 27 Australia,
1537 2165 45 22 No.
1598 2167 33 25 38,
1648 2166 45 21 Old
1707 2166 160 26 Broad-street,

1279 2193 101 27 London,
1391 2193 36 22 for
1435 2192 39 21 the
1487 2192 169 22 establishment
1709 2200 13 14 a
1738 2192 131 23 BRANCH

1278 2220 89 22 BANK
1381 2220 36 22 IN
1431 2219 73 22 NEW
1517 2219 159 28 ZEALAND,
1689 2220 99 27 through
1798 2220 72 22 which

1279 2247 38 22 the
1326 2248 102 21 business
1440 2246 27 22 of
1479 2246 38 22 the
1533 2246 58 23 New
1608 2246 101 23 Zealand
1721 2247 67 22 Land
1805 2247 64 22 Com-

1278 2281 61 20 pany
1347 2274 45 22 will
1400 2274 29 21 be
1437 2273 137 22 transacted.
1601 2273 49 22 The
1665 2274 116 22 Directors
1797 2274 72 22 there-

1278 2302 48 21 fore
1335 2300 146 23 recommend
1489 2304 23 19 to
1529 2300 112 23 Colonists
1656 2300 39 23 the
1710 2301 79 22 Union
1805 2301 65 22 Bank

1279 2328 26 22 of
1323 2328 114 21 Australia
1455 2334 24 15 as
1497 2335 29 14 an
1551 2327 171 22 establishment
1742 2328 128 28 possessing

1278 2354 58 23 their
1352 2354 70 23 entire
1445 2354 138 27 confidence,
1603 2354 45 23 and
1667 2355 51 22 able
1736 2358 23 19 to
1777 2355 92 27 provide

1279 2381 125 27 effectually
1419 2378 36 25 for
1470 2380 38 23 the
1521 2381 108 22 financial
1643 2385 76 19 wants-
1731 2382 26 22 of
1768 2381 38 22 the
1821 2382 48 23 first

1278 2408 134 23 settlement.

1445 2434 36 28 By
1490 2435 66 22 order
1566 2435 26 22 of
1601 2435 40 22 the
1650 2436 81 28 Board,
1743 2453 2 4 .

1522 2469 87 22 JOHN
1623 2469 104 28 WARD,
1743 2471 124 26 Secretary.

1277 2497 58 22 New
1344 2495 100 23 Zealand
1452 2495 66 22 Land
1527 2496 137 27 Company's
1672 2497 86 28 Office,,
1786 2502 3 4 '

1306 2533 19 22 1,
1336 2530 161 26 Adam-street,
1507 2530 106 27 Adelphi,
1624 2530 53 22 27th
1685 2531 60 26 Aug.
1765 2532 62 21 1839.

1281 2577 71 48 ON
1367 2575 85 28 SALE,
1465 2579 23 18 at
1497 2575 38 22 the
1545 2575 72 23 Office
1628 2576 27 22 of
1662 2576 44 22 this
1716 2577 116 27 Paper:—

1357 2603 90 22 Double
1465 2603 113 27 elephant,
1593 2604 151 27 antiquarian,
1756 2604 109 28 imperial,

1279 2630 46 22 and
1333 2630 63 27 royal
1406 2629 103 28 drawing
1517 2637 76 20 paper,

1307 2657 88 27 Oblong
1405 2657 92 26 clasped
1505 2657 173 22 memorandum
1690 2657 80 28 books,

1307 2685 87 21 French
1404 2684 89 27 tracing
1501 2691 69 20 paper
1581 2684 76 27 (black
1665 2685 46 21 and
1721 2685 85 27 white),

1307 2711 88 22 Ladies'
1406 2710 45 22 and
1461 2711 149 26 gentlemen's
1620 2711 52 22 card
1688 2719 69 20 cases,

1306 2738 64 21 Ditto
1436 2737 36 22 do.
1528 2737 73 22 tinted
1611 2738 47 21 and
1667 2739 119 21 embossed
1796 2738 63 23 cards

1307 2765 107 28 Foolscap
1425 2764 46 22 and
1479 2765 89 26 writing
1576 2768 76 24 paper,
1663 2766 87 21 various
1756 2765 110 28 qualities.

1307 2793 94 26 Sponge,
1412 2791 81 22 wafers
1501 2791 23 22 in
1533 2793 14 20 2
1558 2799 34 15 oz.
1606 2793 77 26 boxes,
1699 2792 67 22 India
1778 2793 87 27 rubber,

1307 2819 81 22 Black:
1395 2819 58 27 edge
1470 2819 46 21 and
1529 2818 113 23 bordered
1659 2819 67 22 letter
1749 2819 47 22 and
1813 2823 53 19 note

1280 2853 76 21 paper,
1363 2852 3 4 '

1309 2871 91 24 Invoice
1409 2872 79 28 books,
1500 2873 54 21 with
1562 2873 102 27 indexes,
1674 2874 92 21 various
1776 2874 63 27 sizes,

1309 2900 57 22 Cash
1375 2900 78 26 books,
1465 2899 63 22 ruled
1538 2900 89 27 double,
1639 2900 89 22 various
1739 2902 64 26 sizes,

1307 2927 128 27 Envelopes
1448 2926 74 27 (note,<
1528 2926 75 28 letter,
1615 2927 47 22 and
1671 2928 84 22 official
1765 2928 74 27 sizes),

1307 2954 73 27 Large
1389 2958 87 24 pewter
1483 2954 127 27 inkstands,
1620 2954 54 22 with
1683 2955 80 27 plates,

1309 2981 81 27 Ebony
1399 2980 126 28 inkstands,
1537 2981 55 22 with
1601 2981 103 27 drawers,
1716 2997 5 4 -

1308 3008 74 22 Broad
1391 3008 47 22 and
1446 3015 88 14 narrow
1542 3015 71 21 green
1624 3008 43 23 silk
1675 3009 90 28 ribbon,
1795 3015 8 3 '

1299 3037 3 3 '
1308 3035 64 22 Ditto
1428 3034 56 23 ditto
1505 3036 4 4 '
1538 3035 42 22 red
1589 3038 59 25 tape,

1308 3062 65 21 Brief
1379 3062 46 21 and
1434 3061 143 28 deed'paper,

1307 3088 75 23 Ruled
1390 3096 71 20 paper
1470 3089 35 22 for
1514 3087 42 24 bill
1564 3089 78 27 heads,

1308 3116 73 27 Royal
1392 3116 72 26 hand,
1481 3116 81 22 double
1576 3116 63 22 hand
1651 3116 85 28 brown,
1751 3116 47 23 and
1806 3118 63 27 royal

1279 3142 63 23 hand
1351 3143 77 22 brown
1436 3144 116 26 wrapping
1559 3151 77 20 paper,

1308 3170 97 26 Ledgers
1415 3170 47 21 and
1467 3174 97 17 account
1570 3170 78 27 books,
1658 3171 90 22 various
1758 3171 64 28 sizes,

1308 3196 84 23 Pocket
1399 3196 89 27 ledgers
1498 3196 45 23 and
1551 3198 172 21 memorandum
1735 3198 78 28 books,

1307 3223 121 27 Engraved
1436 3231 59 19 copy
1504 3224 52 27 slips
1566 3224 46 21 and
1620 3224 78 28 books,

1307 3250 54 23 Best
1369 3250 81 23 Welch
1459 3250 72 28 slates,
1543 3250 61 28 large
1615 3252 47 21 and
1669 3252 73 28 small,

1419 3285 144 14 WHOLESALE.
1578 3285 41 15 IND
1634 3286 91 15 RETAIL.

1309 3306 84 19 Gazette
1407 3304 79 25 Office,
1497 3304 58 22 Nov.
1566 3306 33 26 26,
1611 3307 61 20 184)..
1871 3311 3 2 '

1281 3349 72 49 ON
1367 3349 161 26 SALE,.Parts
1537 3349 19 27 I,
1569 3349 31 27 11,
1613 3350 44 22 and
1671 3351 47 26 111,
1730 3352 26 22 of
1768 3353 101 21 CHAM-

1340 3377 4 7 '
1375 3375 102 23 BERS'S
1502 3375 131 23 LONDON
1658 3377 148 24 JOURNAL
1830 3381 45 21 OF.

1279 3403 142 27 HISTORY,
1437 3403 208 28 LITERATURE,
1660 3405 131 27 POETRY,
1804 3407 65 22 BIO-

1281 3429 136 28 GRAPHY,
1434 3429 69 23 AND
1517 3430 203 24 ADVENTURE.

1306 3464 54 22 This
1375 3463 97 23 Journal
1484 3464 20 21 is
1514 3464 96 23 devoted
1627 3468 24 19 to
1666 3466 109 27 practical
1789 3468 80 22 educa-

1279 3491 47 22 tion
1326 3502 28 4 —
1356 3494 22 19 to
1394 3491 38 22 the
1448 3490 173 28 developement
1632 3492 26 22 of
1671 3492 38 23 the
1719 3494 117 27 mysteries
1846 3496 26 21 of

1280 3518 38 22 the
1337 3518 68 27 earth,
1425 3517 40 22 the
1482 3518 103 23 wonders
1603 3518 26 22 of
1648 3519 93 28 history,
1762 3521 46 21 and
1831 3522 37 22 the

1280 3545 148 22 elaborations
1437 3544 27 21 of
1476 3545 79 30 genius
1563 3553 5 14 :
1585 3548 22 19 to
1617 3546 62 22 vivid
1691 3548 146 26 portraitures
1846 3549 26 22 of

1279 3572 85 21 human
1378 3571 103 27 feelings,
1492 3571 54 27 higli
1563 3572 69 28 hopes
1648 3573 24 21 in
1686 3581 61 20 man,
1759 3575 46 21 and
1815 3583 53 14 con-

1279 3602 78 24 stancy
1366 3598 24 22 in
1399 3604 89 15 woman
1500 3606 5 20 ;
1521 3603 23 17 to
1560 3598 38 23 the
1606 3599 143 23 'adventures
1765 3602 27 20 of
1802 3602 66 22 noble

1279 3626 73 27 spirits
1370 3624 97 28 through
1484 3625 51 22 trial
1554 3626 46 21 and
1618 3626 113 28 suffering,
1749 3628 47 22 and
1811 3628 57 23 their

1279 3655 104 25 attempts
1392 3655 23 18 to
1425 3653 101 25 improve
1536 3652 39 22 the
1586 3653 113 22 condition
1709 3655 26 21 of
1742 3655 58 21 their
1809 3662 57 16 race.

1279 3679 28 22 In
1318 3679 99 22 addition
1427 3682 23 18 to
1464 3678 28 21 its
1502 3678 65 23 usual
1577 3680 76 26 topics,
1669 3680 38 22 the
1718 3682 96 22 Journal
1824 3683 43 22 will

1279 3706 89 22 contain
1385 3713 14 14 a
1415 3705 68 22 series
1502 3705 24 22 of
1541 3713 80 20 papers
1635 3714 30 14 on
1681 3708 141 28 emigration,
1838 3717 28 14 on

1278 3732 184 28 self-supporting
1475 3732 107 26 colonies,
1599 3732 58 23 their
1672 3734 133 28 usefulness,
1822 3737 45 21 and

1277 3760 58 21 their
1345 3760 65 22 claim
1427 3762 23 19 to
1466 3759 177 27 independence.
1671 3761 34 21 As
1719 3760 18 22 a'
1748 3765 83 19 matter
1845 3764 26 20 of

1277 3794 85 20 course,
1382 3786 38 22 the
1438 3785 76 22 model
1533 3786 88 27 Colony
1641 3786 26 22 of
1687 3788 57 24 Ne.w
1766 3788 101 24 Zealand

1276 3817 61 19 must
1350 3812 121 23 command
1479 3820 14 14 a
1502 3812 61 28 large
1572 3812 64 23 share
1648 3814 24 21 of
1684 3815 118 22 attention.

1275 3850 3 2 •
1305 3841 77 27 Agent
1389 3841 36 21 for
1439 3839 140 28 Wellington
1579 3851 28 4 —
1608 3840 38 22 the
1663 3841 117 23 Publisher
1792 3842 26 22 of
1829 3843 36 23 the

1279 3869 92 21 Gazette.

1275 3927 4 2 ■
1313 3914 39 20 To
1368 3912 132 27 Captains
1511 3913 55 20 and
1579 3913 91 21 Mates
1686 3914 31 20 of
1728 3915 117 22 vessels.

1274 3947 94 48 LOG
1385 3946 77 22 Books
1479 3946 35 22 for
1528 3946 52 23 Sale
1589 3949 30 25 .at
1638 3947 38 22 the
1691 3947 72 24 Office
1782 3949 22 22 oi
1825 3949 42 25 this

1349 3981 76 19 paper.
