4260 5920
2488 3671 152 40 Mount
2681 3669 162 49 Benger
2887 3666 118 41 Mail.

2571 3772 34 21 BE
2622 3770 63 22 JUST
2704 3770 56 22 AND
2778 3770 69 21 FEAR

2554 3849 119 28 FRIDAY,
2690 3848 141 23 JANUARY
2847 3848 33 27 21,
2899 3847 57 24 1898.

2469 3953 71 43 The
2565 3951 129 50 County
2719 3949 138 44 Council
2876 3949 66 42 and
2965 3949 57 42 the

2537 4009 183 51 Licensing
2741 4007 218 44 Committee.

2472 4098 46 30 Mk
2530 4097 91 29 James
2635 4095 64 37 Sim,
2710 4095 30 30 of
2753 4095 167 35 Crookston,
2938 4093 49 31 did
3007 4104 17 19 a

2470 4138 89 29 useful
2577 4136 77 30 ■work
2676 4135 79 30 when
2778 4136 34 29 he
2831 4135 140 30 indicated
2995 4138 29 26 to

2469 4179 47 27 the
2542 4177 127 28 Minister
2690 4176 30 28 of
2745 4175 97 28 Public
2870 4175 102 28 Works
2996 4179 28 24 at

2470 4217 98 30 Heriot
2581 4216 48 30 the
2642 4215 125 30 absolute
2778 4215 136 39 necessity
2926 4214 43 30 for
2982 4224 28 20 re-

2468 4259 70 27 form
2550 4257 27 28 in
2591 4256 47 29 the
2651 4255 133 30 direction
2800 4255 29 30 of
2847 4264 134 29 economy
2994 4264 30 19 as

2468 4297 115 40 regards
2591 4295 149 38 Licensing
2750 4295 190 30 Committees.
2979 4294 45 29 No

2467 4349 53 18 one
2534 4337 52 29 will
2602 4337 74 38 deny
2695 4335 63 30 that
2779 4335 48 29 the
2850 4335 101 28 results
2975 4334 33 29 ob-

2470 4378 92 29 tained
2575 4388 47 18 are
2645 4375 158 40 altogether
2814 4375 170 37 inadequate
2996 4378 29 25 to

2469 4419 47 28 the
2529 4426 67 29 very
2609 4417 78 38 large
2698 4425 122 29 expense
2841 4414 120 29 entailed
2987 4414 37 39 by

2469 4458 47 29 the
2537 4457 116 30 election
2675 4456 55 29 and
2753 4455 123 38 keeping
2896 4464 38 27 up
2957 4454 30 29 of
3008 4466 16 17 a

2469 4496 149 37 Licensing
2631 4495 103 35 Bench,
2748 4494 90 30 which
2850 4494 125 28 involves
2987 4504 35 18 an

2469 4546 77 28 army
2560 4534 29 29 of
2601 4534 122 30 workers
2724 4533 171 37 —registrar
2911 4533 30 28 ot
2953 4533 56 29 elec-

2470 4580 66 30 tors,
2561 4574 136 39 deputies,
2719 4573 56 39 poll
2803 4572 100 37 clerks,
2916 4572 65 37 and,
2994 4573 27 28 in

2471 4617 66 34 fact,
2546 4614 35 29 all
2590 4614 47 29 the
2648 4614 97 28 official
2756 4612 158 38 machinery
2928 4622 79 20 neces-

2472 4666 61 28 sary
2547 4656 44 28 for
2611 4654 48 29 the
2673 4653 115 30 election
2801 4652 30 29 of
2845 4651 47 29 the
2906 4652 115 30 General

2473 4694 155 36 Assembly.
2665 4692 67 29 This
2745 4692 58 28 fact
2825 4701 55 17 was
2899 4691 123 38 brought

2471 4735 79 31 home
2564 4737 28 26 to
2605 4741 136 29 everyone
2753 4735 29 26 at
2796 4730 54 30 last
2859 4730 123 41 meeting
2992 4732 30 30 of

2471 4777 46 27 the
2538 4776 131 36 Tuapeka
2695 4772 109 37 County
2827 4771 114 28 Council
2954 4782 67 28 very

2471 4812 182 42 significantly
2674 4811 38 37 by
2734 4811 48 29 the
2803 4809 131 39 petitions
2949 4810 70 30 from

2472 4856 46 29 the
2555 4854 109 29 various
2698 4850 191 39 contributing
2914 4850 105 32 bodies.

2471 4896 57 28 The
2542 4896 143 27 Lawrence
2694 4892 131 37 Borough
2836 4890 54 28 and
2901 4890 120 31 Vincent

2472 4936 108 38 County
2594 4932 129 33 Councils
2742 4931 108 31 uttered
2865 4930 74 29 what
2959 4941 60 29 may

2471 4977 34 28 be
2518 4975 106 30 termed
2636 4974 68 29 mild
2716 4976 120 35 protests
2845 4975 28 25 at
2881 4971 47 28 the
2941 4971 78 39 large

2471 5028 75 18 sums
2558 5016 66 40 they
2633 5024 72 21 were
2713 5012 93 31 forced
2815 5015 28 25 to
2854 5010 165 39 contribute,

2472 5057 79 29 while
2565 5057 46 28 the
2621 5054 158 31 Alexandra
2787 5051 129 38 Borough
2928 5051 73 29 Coun-

2471 5097 35 30 cil
2518 5096 90 31 stated
2618 5093 149 33 somewhat
2774 5090 176 41 pathetically
2960 5091 61 31 that

2500 5139 24 28 if
2542 5138 49 29 the
2609 5136 100 30 annual
2721 5132 199 31 contributions
2934 5143 36 27 go
2983 5143 34 19 on

2472 5177 155 39 increasing
2640 5187 16 18 a
2669 5172 100 42 special
2789 5176 58 25 rate
2872 5171 55 29 will
2949 5172 70 30 have

2473 5223 29 26 to
2511 5218 36 30 be
2559 5216 89 31 levied
2660 5219 30 26 to
2699 5216 74 28 meet
2929 5211 91 31 While

2473 5258 159 39 admitting,
2652 5256 135 33 however,
2812 5252 61 28 that
2897 5251 77 29 there
2996 5252 23 30 is

2474 5299 73 41 good
2572 5308 81 21 cause
2673 5296 44 30 for
2740 5292 133 38 reducing
2903 5291 48 31 the
2972 5303 32 19 ex-

2473 5350 84 29 pense
2570 5339 30 28 of
2611 5333 227 35 administration,
2859 5332 22 28 it
2903 5337 74 24 must
2990 5332 27 30 in

2473 5380 116 30 fairness
2601 5378 35 30 be
2652 5374 91 33 stated
2756 5374 60 30 that
2836 5372 47 29 the
2897 5371 105 30 Govern-

2473 5423 78 27 ment
2571 5419 71 30 have
2666 5415 110 37 already
2789 5413 78 29 made
2881 5412 123 29 consider-

2473 5460 62 30 able
2560 5457 142 32 reduction
2733 5455 28 29 in
2793 5453 61 29 that
2878 5452 142 29 direction.

2501 5502 57 28 The
2572 5497 141 32 Alcoholic
2731 5496 116 37 Liquors
2872 5492 63 30 Sale
2949 5492 54 30 Con-

2472 5541 53 30 trol
2547 5539 187 31 Amendment
2757 5535 64 35 Act,
2979 5543 28 18 re-

2472 5582 88 30 duced
2573 5581 47 30 the
2640 5578 117 31 number
2779 5575 28 30 of
2831 5573 135 31 members
2991 5573 30 28 of

2473 5621 148 37 Licensing
2631 5618 176 31 Committees
2820 5615 70 27 from
2902 5614 77 35 eight
2994 5618 26 22 to

2473 5662 52 29 five
2538 5661 40 35 (in
2591 5658 76 31 itself
2687 5668 17 19 a
2723 5666 66 28 very
2802 5652 161 32 substantial
2977 5662 28 18 re-

2471 5701 135 38 duction),
2618 5699 55 30 and
2685 5708 30 19 as
2727 5697 43 29 far
2788 5706 29 18 as
2831 5694 46 30 the
2890 5692 130 38 Tuapeka

2471 5742 149 38 Licensing
2632 5738 95 31 Bench
2746 5737 24 28 is
2783 5734 151 30 concerned
2947 5731 72 31 their

2472 5780 220 32 administration
2701 5778 50 30 has
2760 5776 100 37 always
2869 5774 68 30 been
2946 5776 72 26 most

3032 193 176 35 economical,
3222 204 30 19 as
3265 193 67 38 they
3356 204 84 18 never
3462 198 72 23 meet
3553 204 31 18 or

3031 233 78 28 incur
3138 243 54 27 any
3224 244 120 27 expense
3378 237 99 34 except
3506 233 76 28 when

3032 273 154 38 absolutely
3199 284 154 26 necessary,
3368 273 54 29 and
3448 284 40 18 we
3514 273 69 29 have

3032 314 109 29 noticed
3156 315 60 28 that
3229 315 104 28 several
3347 315 80 28 times
3445 314 80 27 when
3538 315 47 27 the

3034 355 125 29 business
3173 355 146 39 permitted
3333 355 23 29 it
3365 356 65 36 they
3441 355 78 27 made
3535 364 49 18 one

3033 396 215 37 meeting'serve
3260 396 47 29 the
3330 405 118 30 purpose
3471 395 29 29 of
3523 399 61 24 two.

3035 439 36 26 So
3086 440 81 24 much
3188 437 43 28 for
3255 437 47 28 the
3329 446 117 27 expense
3460 434 126 30 incurred

3035 477 86 29 under
3135 477 47 28 the
3197 480 53 25 Act
3264 488 28 17 as
3306 478 22 27 it
3351 476 103 33 stands,
3469 475 52 29 and
3547 484 39 19 we

3036 529 44 17 see
3119 528 35 17 no
3205 519 154 36 possibility
3397 516 43 29 for
3478 515 108 28 further

3035 567 131 28 economy
3190 559 68 28 until
3285 560 46 26 the
3352 557 51 29 law
3424 557 22 28 is
3472 555 111 29 altered.

3035 597 100 35 While,
3152 600 32 26 ho
3189 609 94 23 wove;',
3308 609 29 18 as
3360 609 39 17 we
3425 597 68 28 have
3518 595 67 35 said,

3038 649 36 17 we
3088 649 82 24 agree
3184 639 63 28 with
3264 640 45 28 the
3323 639 116 39 position
3452 637 81 29 taken
3551 646 33 29 up

3036 680 36 38 by
3087 679 44 30 Mr
3145 680 57 28 Sim
3226 672 104 37 before'
3345 679 44 29 Mr
3414 677 172 36 Hall-Jones,

3036 731 40 17 we
3088 724 90 33 regret
3192 722 59 27 that
3265 722 33 26 bo
3310 720 95 28 should
3418 720 68 27 have
3496 717 77 29 stulti-

3038 760 49 29 fied
3103 761 20 27 it
3137 761 36 38 by
3187 761 41 29 his
3242 762 90 28 action
3347 770 27 19 at
3396 760 46 29 the
3465 758 122 37 meeting

3036 803 28 25 of
3076 802 47 27 the
3134 802 108 37 Comity
3258 802 121 28 Council.
3420 800 58 29 The
3492 811 95 16 course

3036 842 82 28 taken
3131 842 75 29 there
3220 843 35 37 by
3272 843 46 28 Mr
3332 842 57 29 Sim
3404 852 63 23 was,
3483 850 38 17 wo
3542 849 44 17 are

3036 882 29 29 of
3089 883 119 38 opinion,
3232 882 203 31 ill-considered
3461 881 63 34 and,
3545 880 28 28 in-

3037 923 77 36 deed,
3130 924 45 28 the
3188 926 88 27 action
3298 925 29 27 of
3341 925 46 27 the
3403 922 111 29 Council
3529 932 29 16 as
3572 931 12 16 a

3039 964 84 30 whole
3150 978 53 16 was
3242 966 149 29 somewhat
3416 962 169 42 precipitate.

3038 1006 41 26 On
3093 1007 47 27 the
3154 1009 101 26 motion
3270 1008 29 27 of
3320 1008 102 26 Messrs
3449 1006 56 26 Sim
3532 1002 52 29 and

3038 1046 161 38 Livingston
3221 1048 46 27 the
3289 1047 114 28 Council
3425 1043 123 31 resolved
3552 1059 34 4 —

3065 1086 72 28 That
3149 1087 26 28 in
3192 1087 91 29 future
3297 1088 65 34 they
3377 1087 52 28 will
3443 1084 106 30 decline
3558 1086 28 24 to

3038 1137 51 27 pay
3104 1127 87 37 salary
3205 1139 31 17 or
3249 1127 147 39 travelling
3410 1134 133 30 expenses
3556 1131 29 20 to

3038 1178 52 27 any
3118 1168 114 30 salaried
3256 1169 185 29 Government

3039 1207 54 28 For
3117 1209 54 28 this
3198 1221 64 25 very
3286 1211 101 28 drastic
3408 1217 122 20 measure
3547 1204 39 37 (of

3038 1247 88 29 which
3147 1249 23 30 it
3194 1250 22 29 is
3239 1254 28 25 to
3281 1252 35 29 be
3328 1248 150 41 regretted,
3492 1246 95 37 seeing

3038 1289 35 27 its
3086 1290 179 38 importance,
3279 1302 35 18 no
3332 1292 88 28 notice
3441 1289 54 28 had
3517 1288 69 27 been

3039 1329 93 37 given)
3149 1331 47 30 the
3210 1333 63 37 only
3296 1342 95 19 reason
3405 1333 51 36 put
3468 1326 118 32 forward

3040 1380 54 19 was
3114 1371 60 29 that
3187 1373 21 29 it
3228 1384 55 18 was
3305 1373 108 36 against
3436 1370 46 29 the
3495 1368 50 29 law
3560 1372 27 23 to

3041 1422 51 27 pay
3107 1414 66 28 such
3187 1426 84 23 sums,
3286 1415 45 28 Mr
3340 1414 56 28 Sim
3411 1411 105 37 stating
3529 1409 59 28 that

3041 1462 14 16 a
3081 1462 61 18 case
3166 1455 53 27 had
3245 1456 67 26 been
3341 1453 112 29 decided
3479 1452 38 36 by
3542 1449 46 28 the

3041 1497 92 24 courts
3158 1499 28 25 to
3210 1495 61 29 that
3290 1495 87 29 effect.
3417 1493 53 29 We
3483 1501 45 20 are
3541 1493 49 26 not

3042 1543 87 19 aware
3143 1536 89 29 where
3245 1535 46 30 Mr
3311 1535 56 29 Sim
3394 1538 49 33 got
3464 1533 43 28 his
3530 1540 61 19 case

3044 1575 79 33 from,
3138 1576 49 27 but
3201 1587 40 17 we
3255 1576 34 27 do
3302 1576 83 27 know
3394 1575 58 27 that
3462 1574 28 27 in
3504 1583 15 16 a
3531 1580 60 19 case

3043 1614 83 28 heard
3152 1615 27 27 in
3205 1616 47 27 the
3283 1612 186 36 Magistrate's
3497 1611 94 31 Court,

3045 1655 137 34 Dunedin,
3202 1656 93 28 before
3322 1655 45 28 Mr
3394 1655 102 31 Carew,
3512 1650 81 34 S.M.,

3044 1706 30 17 as
3089 1697 123 37 recently
3236 1707 29 17 as
3290 1696 75 28 June
3384 1695 61 33 last,
3460 1693 89 27 where
3563 1689 30 30 T.

3046 1736 33 28 K.
3106 1735 95 30 Dodds
3234 1736 65 28 sued
3330 1735 47 29 the
3411 1731 131 38 Borough
3567 1730 29 29 of

3047 1775 164 30 Caversham
3225 1776 44 29 for
3281 1776 42 28 his
3339 1776 43 28 fee
3395 1775 53 29 and
3463 1781 132 28 expenses

3046 1816 124 28 incurred
3185 1817 27 27 in
3237 1816 168 38 conducting
3425 1815 47 28 the
3496 1813 83 29 Caver-

3047 1856 74 29 sham
3135 1856 134 39 licensing
3282 1856 125 35 election,
3420 1855 47 29 the
3478 1851 119 41 plaintiff

3050 1897 116 36 (though
3189 1902 49 22 not
3258 1908 16 16 a
3297 1897 186 29 Government
3496 1894 100 32 officer,

3046 1937 52 28 and
3114 1937 99 29 indeed
3227 1938 47 28 the
3286 1937 53 28 law
3364 1936 93 29 makes
3479 1945 36 18 no
3541 1933 42 29 dis-

3046 1978 115 28 tinction
3169 1978 122 28 between
3298 1978 186 28 Government
3492 1975 105 28 officers

3047 2018 87 35 doing
3148 2022 78 26 extra
3243 2017 76 30 work
3333 2018 52 28 and
3400 2018 79 28 other
3488 2015 106 39 people)

3048 2062 49 35 got
3107 2059 158 38 judgment,
3288 2059 28 27 in
3339 2058 87 29 which
3446 2058 44 28 Mr
3505 2056 92 30 Carew

3048 2100 79 28 made
3140 2100 47 28 the
3200 2099 143 39 following
3356 2099 122 28 remarks
3490 2111 5 16 :
3565 2096 32 28 In

3048 2145 106 35 respect
3167 2143 29 27 to
3214 2140 55 29 this
3293 2150 63 19 case
3381 2140 47 29 the
3453 2138 144 37 returning

3048 2182 91 28 officer
3148 2182 54 28 had
3215 2182 103 28 certain
3328 2182 90 28 duties
3429 2185 29 24 to
3467 2181 130 37 perform,

3047 2222 88 30 which
3148 2221 183 31 necessitated
3345 2222 42 29 his
3397 2220 142 40 incurring
3549 2229 32 19 ex-

3046 2274 99 25 penses
3157 2263 124 29 incident
3303 2267 28 24 to
3344 2263 48 29 the
3405 2263 116 29 election
3534 2260 30 31 of
3582 2270 15 18 a

3046 2304 149 38 Licensing
3209 2303 174 34 Committee,
3396 2303 55 28 and
3476 2303 48 28 the
3549 2301 36 28 lia-

3046 2345 79 39 bility
3138 2348 28 25 to
3180 2354 52 28 pay
3246 2343 79 29 these
3341 2353 134 29 expenses
3488 2342 37 37 by
3540 2350 43 20 sec-

3046 2387 57 26 tion
3118 2385 33 27 16
3165 2384 29 28 of
3217 2386 7 13 '
3233 2384 59 27 The
3316 2384 143 27 Alcoholic
3481 2383 116 37 Liquors

3047 2425 62 31 Sale
3121 2424 114 31 Control
3249 2424 63 36 Act,
3333 2423 91 37 1895/
3438 2423 24 30 is
3474 2420 123 42 imposed

3046 2477 73 28 upon
3145 2465 43 28 the
3214 2465 69 28 local
3309 2465 139 37 authority
3450 2465 65 27 —in
3543 2463 54 28 this

3046 2516 61 20 case
3119 2505 48 29 the
3180 2504 165 30 Caversham
3361 2504 131 38 Borough
3507 2503 72 30 Coun-

3045 2549 33 28 cil
3317 2546 44 29 He
3374 2555 56 20 was
3450 2542 145 41 appointed

3045 2590 38 37 by
3095 2588 48 30 the
3158 2587 142 29 Governor
3311 2598 17 18 a
3340 2587 146 38 returning
3506 2585 91 29 officer

3046 2630 88 29 under
3146 2638 53 19 sec.
3214 2628 18 28 4
3245 2627 29 29 of
3294 2629 8 14 '
3314 2627 56 30 The
3384 2627 136 30 Electoral
3534 2627 61 33 Act,

3050 2669 89 37 1893/
3152 2668 54 30 and
3220 2678 54 20 sec.
3297 2668 15 30 5
3332 2668 30 30 of
3381 2668 62 30 that
3468 2668 53 28 Act
3533 2675 48 30 pro-

3046 2711 77 31 vides
3147 2710 62 29 that
3233 2708 67 30 such
3333 2708 110 30 salaries
3468 2707 69 30 shall
3561 2706 35 29 be

3047 2752 64 37 paid
3137 2750 66 29 such
3230 2750 106 28 officers
3349 2760 30 17 as
3393 2760 62 27 may
3468 2749 34 28 be
3514 2746 83 30 voted

3047 2792 39 38 by
3116 2792 48 29 the
3196 2789 116 30 General
3345 2788 156 39 Assembly.
3540 2787 58 29 The

3048 2834 124 36 plaintiff
3181 2832 24 28 is
3217 2831 63 38 paid
3294 2841 36 18 no
3339 2830 90 38 salary
3441 2832 39 34 (as
3492 2832 90 26 return-

3048 2874 51 38 ing
3111 2872 121 35 officer);
3253 2871 22 29 if
3288 2871 35 29 he
3337 2881 69 19 were
3419 2870 15 30 I
3459 2869 74 30 can't
3555 2877 44 21 see

3048 2925 35 18 on
3118 2915 75 27 what
3224 2911 109 37 ground
3356 2911 35 28 he
3415 2910 80 29 could
3521 2909 77 28 claim

3050 2954 109 39 against
3178 2952 48 30 the
3247 2949 135 39 borough.
3422 2949 44 30 He
3491 2949 24 29 is
3536 2947 64 40 paid

3050 2996 57 28 fees
3121 2996 45 28 for
3179 2992 65 31 each
3264 2990 115 31 election
3401 2990 35 30 lie
3459 2989 80 30 holds
3559 2989 43 29 for

3050 3037 48 27 the
3113 3036 196 29 Government,
3321 3031 52 29 and
3386 3041 29 18 as
3429 3031 48 29 the
3488 3034 73 25 costs
3574 3029 28 28 of

3050 3086 34 19 an
3094 3076 115 29 election
3221 3073 31 30 of
3260 3084 16 18 a
3281 3072 149 38 Licensing
3439 3070 162 30 Committee

3050 3128 45 19 are
3109 3121 30 25 to
3160 3117 34 30 be
3215 3114 64 40 paid
3303 3113 36 39 by
3365 3113 47 29 the
3437 3112 164 37 controlling

3050 3157 68 30 local
3133 3157 84 39 body,
3229 3159 49 26 not
3290 3156 38 36 by
3344 3154 47 29 the
3405 3154 196 32 Government,

3051 3199 22 28 it
3082 3202 101 25 cannot
3196 3198 35 28 be
3243 3194 126 31 assumed
3392 3196 34 28 he
3439 3196 23 28 is
3476 3193 124 41 required

3052 3243 28 25 to
3102 3239 36 30 do
3159 3239 47 30 the
3228 3237 77 30 work
3326 3237 115 28 without
3462 3237 139 37 payment.

3051 3280 15 29 I
3078 3280 81 29 think
3173 3281 34 28 he
3220 3280 49 29 has
3281 3290 16 19 a
3310 3278 77 39 right
3396 3281 30 27 to
3437 3277 79 30 claim
3530 3277 70 29 from

3052 3321 47 28 the
3128 3319 124 38 borough
3511 3317 73 38 Judg-

3051 3364 77 26 ment
3138 3371 54 19 was
3204 3360 82 37 given
3299 3359 45 30 for
3354 3359 58 30 £24
3425 3359 46 29 15s
3482 3357 120 35 2d,costs

3051 3402 40 30 £5
3105 3402 40 29 Bs.
3184 3401 83 29 From
3281 3399 56 30 this
3362 3410 62 19 case
3439 3399 23 29 it
3485 3397 56 30 will
3566 3397 36 29 be

3052 3452 64 20 seen
3130 3442 61 29 that
3203 3441 47 29 Mr
3276 3440 81 30 Sim's
3381 3439 137 40 objection
3531 3448 30 19 as
3574 3441 28 26 to

3051 3483 37 29 its
3113 3483 86 39 being
3224 3481 142 40 distinctly
3379 3479 121 41 opposed
3512 3483 29 26 to
3555 3479 47 29 the

3052 3524 52 30 law
3117 3526 28 28 to
3158 3533 55 31 pay
3225 3522 68 31 such
3306 3522 59 30 fees
3389 3521 56 30 and
3469 3529 133 30 expenses

3052 3566 24 28 is
3097 3564 155 38 altogether
3274 3563 172 38 groundless.
3484 3561 118 30 Further

3052 3605 67 30 than
3132 3604 71 36 that,
3229 3614 41 20 we
3293 3614 63 29 may
3375 3613 49 28 say
3443 3602 61 30 that
3515 3601 87 30 under

3052 3656 53 20 sec.
3122 3646 34 29 16
3169 3644 31 30 of
3212 3644 47 30 the
3286 3644 56 30 Act
3365 3642 102 41 quoted
3490 3642 39 39 by
3557 3641 45 30 Mr

3053 3686 95 31 Carew
3160 3686 48 30 the
3220 3685 52 30 law
3285 3684 120 41 compels
3417 3684 47 30 the
3483 3682 105 31 control-

3052 3728 61 40 ling
3124 3727 98 31 bodies
3241 3730 31 27 to
3293 3737 54 29 pay
3370 3724 66 32 such
3461 3733 141 32 expenses.

3054 3768 61 31 Sec.
3130 3770 36 28 16
3186 3778 73 28 says,
3313 3766 46 32 All
3380 3770 76 27 costs
3479 3765 54 31 and
3554 3775 32 20 ex-

3052 3819 99 30 penses
3166 3808 124 31 incident
3308 3811 31 27 to
3361 3808 47 29 the
3420 3807 115 30 election
3548 3804 54 31 and

3053 3850 136 38 meetings
3204 3850 30 29 of
3246 3848 47 30 the
3306 3848 157 30 committee
3502 3870 7 7 .
3548 3870 7 8 .
3595 3870 7 7 .

3052 3901 31 18 as
3095 3890 57 29 also
3165 3890 48 29 the
3224 3888 92 30 actual
3328 3891 59 27 cost
3400 3888 30 29 of
3441 3888 49 29 the
3502 3886 86 31 travel-

3052 3931 60 37 ling
3123 3940 134 30 expenses
3270 3928 124 31 incurred
3406 3929 36 29 bv
3454 3928 47 30 the
3513 3928 74 30 chair-

3053 3982 62 18 man
3128 3982 32 18 or
3171 3980 56 28 any
3242 3970 123 29 member
3377 3970 29 28 of
3418 3970 47 28 the
3476 3970 108 28 commit-

3052 4015 43 26 tee
3114 4021 31 20 or
3169 4010 48 30 the
3236 4009 75 30 clerk
3332 4009 109 30 thereof
3452 4009 26 29 in
3492 4008 93 30 attend-

3052 4053 49 35 ing
3113 4062 55 26 any
3180 4050 131 36 meeting,
3325 4049 54 30 and
3401 4050 49 29 the
3471 4050 89 37 salary
3572 4049 30 29 of

3051 4092 67 29 such
3131 4091 86 35 clerk,
3229 4090 54 29 and
3294 4090 58 29 also
3362 4090 67 29 such
3443 4090 158 29 reasonable

3053 4132 200 31 remuneration
3274 4133 30 27 to
3329 4130 47 30 the
3401 4130 76 30 clerk
3501 4130 31 29 of
3554 4130 47 29 the

3053 4172 166 35 controlling
3239 4172 141 36 authority
3393 4172 30 26 of
3434 4172 47 27 the
3493 4171 109 27 district

3053 4222 39 28 as,
3105 4212 102 31 havingr
3217 4210 97 38 regard
3327 4213 30 26 to
3381 4210 47 30 the
3453 4209 148 31 additional

3054 4252 90 29 duties
3166 4250 123 40 imposed
3312 4260 73 28 upon
3412 4251 55 28 him
3493 4251 37 34 by
3554 4250 47 27 the

3054 4292 148 38 Licensing
3214 4291 79 36 Acts,
3306 4290 65 29 such
3383 4290 68 29 local
3464 4289 137 37 authority

3054 4332 95 29 thinks
3168 4342 111 28 proper,
3291 4330 74 30 shall
3377 4331 29 28 be
3427 4331 68 37 paid
3508 4330 32 38 by
3560 4328 41 29 the

3054 4372 162 37 controlling
3226 4372 139 38 authority
3371 4372 30 28 of
3410 4367 46 32 the

3053 4412 68 29 This
3144 4412 23 29 is
3189 4412 49 29 the
3250 4412 50 29 law
3313 4422 31 19 as
3356 4412 23 28 it
3391 4410 95 29 stands
3499 4413 28 26 at
3539 4420 61 29 pre-

3053 4456 70 31 sent,
3153 4452 54 29 and
3237 4451 91 38 surely
3353 4452 22 28 it
3399 4451 24 29 is
3448 4450 153 29 conclusive

3052 4491 119 39 enough.
3222 4491 55 28 We
3308 4491 59 28 fear
3398 4490 47 29 the
3470 4490 131 38 Tnapeka

3053 4530 108 39 County
3188 4530 113 31 Council
3317 4530 70 30 have
3411 4530 83 29 taken
3508 4540 17 19 a
3538 4532 62 37 step

3050 4571 66 38 they
3129 4571 55 29 will
3196 4571 70 29 have
3284 4575 28 25 to
3325 4570 163 30 reconsider.

3079 4668 30 22 At
3120 4666 36 23 the
3165 4668 102 24 statutory
3278 4668 89 24 meeting
3375 4667 22 22 of
3406 4666 37 22 the
3455 4666 79 26 Benger
3541 4665 58 22 Burn

3052 4694 106 26 Dredging
3166 4694 47 25 Co.,
3222 4694 49 21 held
3285 4696 23 18 at
3326 4691 78 23 Miller*
3420 4693 47 21 Flat,
3484 4692 114 26 yesterday,

3051 4722 37 22 the
3096 4720 121 28 provisional
3227 4720 98 22 director!
3342 4720 23 22 of
3381 4720 36 22 the
3434 4725 99 22 company
3547 4725 52 14 were

3051 4748 80 24 elected
3140 4748 99 22 directors
3247 4748 33 22 for
3292 4748 36 23 the
3336 4755 54 20 year.

3074 4791 44 21 The
3126 4790 37 20 hot
3170 4790 29 25 fly
3205 4791 46 25 pest
3257 4790 17 20 is
3280 4797 56 14 more
3343 4789 108 23 prevalent
3456 4790 20 20 in
3483 4789 35 20 the
3525 4788 73 21 Teviot

3048 4817 42 21 this
3111 4823 48 20 year
3180 4816 52 21 than
3253 4816 38 21 has
3313 4817 49 20 been
3384 4816 75 21 known
3477 4814 121 28 previously.

3048 4845 94 22 Fanners
3157 4843 68 23 wonld
3242 4843 27 23 do
3284 4843 44 23 well
3344 4845 22 21 to
3385 4843 48 22 take
3447 4842 151 27 precautionery

3048 4878 109 17 measures.

3073 4911 44 22 The
3126 4911 46 21 first
3180 4910 67 26 picnic
3257 4911 21 21 in
3288 4910 117 22 canneotion
3427 4910 49 22 with
3496 4909 36 21 the
3548 4908 50 22 local

3048 4939 60 22 Good
3116 4938 115 28 Templars'
3239 4938 68 27 Lodge
3317 4944 39 15 was
3365 4937 47 23 held
3421 4944 27 16 on
3466 4936 35 22 the
3511 4936 87 22 Reserve

3049 4966 117 25 yesterday.
3203 4966 66 21 There
3290 4973 40 14 was
3351 4965 53 22 close
3422 4972 25 14 on
3469 4964 37 21 200
3527 4964 71 26 people

3050 4995 90 25 present,
3151 4993 40 21 and
3201 5000 12 14 <*
3219 5000 48 21 very
3277 4993 106 27 enjoyable
3393 4993 51 20 time
3453 4998 39 14 was
3500 4992 66 25 spent.

3075 5031 44 23 The
3131 5033 115 21 Beaumont
3264 5031 59 22 Local
3341 5030 142 27 Co-operative
3492 5028 58 23 CM.
3560 5028 36 23 Co.

3048 5059 54 21 have
3120 5059 112 26 appointed
3259 5060 34 20 Mr
3309 5059 85 25 Ledley,
3412 5056 96 26 formerly
3524 5056 22 21 of
3562 5056 36 21 the

3048 5085 61 23 Local
3127 5086 99 27 Industry
3244 5087 46 25 Co.,
3299 5085 52 22 Blue
3360 5085 60 26 Spur,
3430 5085 22 20 to
3462 5083 35 21 the
3506 5089 78 17 manage-

3048 5115 59 21 ment
3116 5114 23 22 of
3147 5113 56 23 their
3212 5113 58 23 claim
3281 5113 44 23 vice
3335 5113 33 22 Mr
3379 5112 78 26 Orange
3466 5109 114 28 (resigned).

3074 5155 34 21 At
3117 5155 37 21 the
3162 5154 90 24 meeting
3259 5154 23 21 of
3290 5154 36 21 the
3335 5153 57 21 Land
3407 5150 66 23 Board
3486 5150 40 22 last
3540 5151 56 20 week

3048 5181 50 23 Miss
3116 5182 28 22 A.
3163 5181 99 23 Manuel's
3278 5181 51 21 offer
3341 5180 22 22 of
3379 5178 107 23 surrender
3494 5177 22 22 of
3530 5178 56 20 small-

3047 5208 83 27 grazing
3139 5215 40 15 run
3189 5209 58 26 1990,
3258 5209 72 21 Teviot
3338 5207 80 22 district
3426 5205 40 21 and
3481 5205 26 21 A.
3521 5205 74 25 Smith,

3047 5236 156 27 small-graiing
3211 5243 40 14 run
3260 5236 58 26 199r,
3328 5235 71 21 Teviot
3407 5233 79 22 district
3496 5238 51 14 were
3565 5239 20 13 ac-

3047 5263 79 26 cepted.

3076 5302 43 22 The
3128 5303 57 21 Fruit
3188 5310 97 19 growers,
3290 5302 104 26 Company
3401 5299 47 23 held
3455 5305 25 15 an
3486 5298 110 29 adjonrned

3052 5330 90 25 meeting
3151 5337 25 13 on
3186 5330 102 25 Saturday
3297 5329 93 25 evening,
3398 5328 57 20 when
3464 5327 32 20 Mr
3502 5326 28 21 H.
3537 5325 48 21 Blox-

3050 5355 48 22 ham
3109 5363 42 15 was
3159 5357 111 26 appointed
3281 5358 22 19 to
3312 5356 104 25 represent
3424 5353 35 22 the
3468 5358 98 21 company
3575 5353 20 20 in

3051 5383 97 22 Dunedin
3154 5383 74 28 during
3235 5383 36 22 the
3276 5389 69 15 season
3353 5389 22 14 as
3381 5381 120 26 heretofore,
3509 5379 39 21 and
3558 5386 39 14 was

3052 5411 113 21 instructed
3175 5414 22 18 to
3206 5411 84 27 proceed
3299 5412 21 20 to
3329 5410 96 22 Dunedin
3434 5409 41 21 this
3484 5407 62 22 week.

3078 5454 83 21 Several
3178 5454 122 26 complaints
3310 5454 51 21 have
3377 5452 83 22 reached
3473 5458 24 15 us
3507 5451 89 26 recently

3054 5482 21 21 of
3087 5482 36 21 the
3134 5482 144 26 depredations
3290 5481 22 22 of
3327 5480 36 22 the
3373 5480 63 22 sneak
3450 5479 58 27 thief,
3522 5478 44 21 who
3581 5479 17 20 is

3053 5510 58 24 again
3121 5517 26 12 on
3156 5510 36 20 the
3201 5510 71 26 prowl.
3299 5509 60 20 From
3369 5515 38 14 one
3416 5508 55 26 place
3484 5515 23 12 aa
3524 5513 44 18 axe,
3586 5513 11 13 a

3055 5536 95 26 quantity
3159 5536 22 20 of
3194 5536 51 26 coal,
3255 5536 38 20 nnd
3304 5543 10 12 a
3324 5535 63 21 barrel
3398 5536 21 20 of
3434 5535 40 25 hop
3486 5533 47 22 beer
3547 5539 51 14 wen.'

3055 5563 62 21 taken
3141 5562 61 23 while
3211 5565 61 25 meat,
3283 5562 66 23 which
3359 5565 55 20 must
3422 5562 25 22 be
3456 5561 55 27 hitig
3520 5559 78 22 outßido

3054 5591 69 21 inthls
3143 5592 37 20 hot
3199 5591 96 25 weather,
3314 5597 40 15 was
3368 5591 65 21 stolen
3451 5590 52 21 from
3523 5588 76 21 sevenil

3054 5618 74 24 placs.
3155 5619 60 20 Some
3229 5618 84 25 clothes,
3328 5618 66 20 which
3408 5624 51 13 were
3474 5619 37 18 out
3521 5616 72 25 drying

3055 5651 52 12 were
3119 5644 43 21 also
3174 5644 65 21 stolen
3254 5643 52 23 from
3321 5644 85 21 another
3419 5643 107 21 residence.
3552 5642 47 19 This

3055 5669 73 23 should
3139 5673 33 19 act
3182 5679 21 13 as
3212 5679 11 14 a
3234 5672 89 26 warning
3332 5673 21 19 to
3362 5669 144 23 hcmsebolden
3514 5672 21 19 to
3548 5668 51 27 keep

3055 5698 56 21 their
3128 5698 118 27 belongings
3259 5699 65 21 under
3333 5694 44 25 lock
3396 5699 39 20 and
3453 5698 46 26 key,
3516 5698 37 19 awl
3571 5703 28 14 we

3057 5726 66 25 might
3132 5726 41 20 efeo
3184 5732 52 14 warn
3246 5726 37 20 the
3292 5732 57 14 mean
3359 5726 53 20 thief
3422 5725 45 20 that
3475 5726 25 19 he;
3509 5724 39 20 will
3566 5729 33 20 get

3057 5760 11 12 a
3080 5759 61 15 v-arm
3149 5753 102 27 lect-ption
3259 5753 19 20 in
3285 5753 74 20 several
3375 5753 66 26 places
3452 5751 72 22 should
3537 5750 61 26 Lu.be

3057 5781 76 20 ui.wise
3142 5780 78 26 enough
3232 5784 21 17 to
3262 5781 68 25 icpcat
3340 5779 30 22 his
3380 5780 55 21 visit.

3636 194 25 19 In
3683 198 137 21 consequence
3851 191 22 20 of
3902 191 36 20 the
3968 191 108 20 Lawrence
4102 191 56 20 r*Bß*

3597 217 2 26 I
3613 221 136 22 interrening,
3774 218 36 20 fcbe
3832 219 89 23 rweeting
3942 218 21 19 of
4047 217 111 25 Koxburgh

3611 248 78 25 Jockey
3707 246 60 26 Club,
3786 245 55 21 fixed
3858 245 32 21 for
3907 245 41 21 last
3966 244 66 21 We'll
4046 244 56 26 slap,
4119 250 39 14 was

3744 272 52 23 until
3819 276 50 18 next
3890 271 128 28 Wednesday
4037 273 84 25 owning
4137 272 21 20 at

3612 302 105 25 Spooler's
3742 301 71 26 Hotel,
3838 300 59 22 when
3916 307 12 14 a
3949 300 39 21 fall
4005 296 122 25 attendance
4142 299 16 21 U

3614 329 114 26 requested.

3638 368 48 20 Miss
3697 367 82 26 Weber,
3796 367 45 20 vho
3860 366 36 20 has
3914 365 50 22 be?n
3984 365 31 21 for
4036 371 55 16 some
4094 371 62 22 .years

3613 395 138 26 postmistress
3765 397 21 19 at
3806 393 77 22 Millers
3903 393 53 26 F'at,
3975 393 36 21 has
4029 393 47 21 bi3>n

3614 423 65 21 ferred
3697 425 22 19 to
3737 430 10 12 a
3765 423 74 19 station
3850 428 48 14 near
3908 422 83 23 Napier.
4019 422 40 20 She
4073 422 16 20 is

3614 449 107 22 succeeded
3732 451 26 24 by
3770 449 49 21 Miss
3829 448 118 27 Town«end,
3963 448 52 22 From
4025 448 137 27 InvercarjrilV,

3616 477 44 21 who
3671 477 49 21 took
3729 477 72 26 charge
3811 477 22 20 at
3843 475 77 21 Millers
3927 476 47 20 Flat
3982 475 112 28 yesterday.
4121 476 41 20 The

3615 505 81 20 setfc'ers
3708 505 50 20 have
3768 505 48 19 ins*.i
3820 503 2 28 :
3830 503 48 21 uled
3897 511 12 13 a
3924 504 138 27 presentation
4073 503 32 21 for
4116 504 46 20 Mis*

3616 531 79 26 Weber,
3708 532 19 20 in
3744 531 123 26 recognition
3886 531 22 20 of
3924 531 36 20 her
3974 538 57 19 years
4049 532 20 18 of
4087 531 75 21 service

3616 561 93 23 amongst
3720 559 55 21 them
3786 559 38 20 and
3834 558 37 21 her
3881 566 61 18 many
3950 558 85 21 amiable
4044 555 100 28 qualities.

3642 607 17 18 A
3670 605 74 26 special
3753 605 91 26 meeting
3853 605 22 20 of
3885 605 34 20 the
3928 605 94 24 Borough
4030 604 83 21 Ouncil
4123 611 40 14 was

3603 632 1 27 i
3616 633 79 20 heMon
3706 632 124 26 Wednesday
3839 633 197 26 evening—present,
4045 632 34 20 the
4087 633 77 25 Mayor,

3603 659 1 28 l
3616 663 37 19 Os
3672 660 115 27 M'Ki-nzie,
3807 659 111 27 M'Mullin,
3935 660 100 26 Courtier,
4054 659 109 25 Kinuton,

3603 687 1 31 J
3616 689 38 21 ;'iil
3667 689 129 26 Jeffary—to
3804 687 93 23 consider
3905 688 36 22 the
3958 688 122 25 completion
4094 688 22 22 of
4130 687 35 22 the

3603 713 1 28 i
3616 717 55 20 dam.
3699 717 21 19 It
3729 723 39 13 was
3778 716 84 20 decided
3873 718 20 18 to
3903 716 37 20 call
3947 717 81 19 tenders
4035 715 32 21 for
4074 715 91 26 building

3603 742 1 28 i
3617 752 9 11 a
3638 743 101 27 retaining
3746 742 46 22 wall
3808 743 39 21 and
3862 743 115 26 concreting
3990 743 36 19 the
4051 743 77 20 bottom
4145 743 20 19 of

3617 771 35 20 ihe
3675 778 44 13 new
3743 771 105 21 reservoir.
3890 771 42 21 The
3951 770 100 26 retaining
4076 770 46 21 wall
4145 770 16 21 is

3617 799 94 20 intended
3723 801 22 18 to
3763 799 51 24 keep
3834 799 85 21 rubbish
3938 799 52 21 from
4007 798 60 26 being
4085 797 80 22 washed

3617 826 42 21 into
3670 826 34 21 the
3716 826 94 20 teservoii
3823 826 74 26 during
3912 826 65 26 heavy
3993 825 60 21 rains.
4081 826 22 21 It
4123 825 42 21 will

3617 854 41 19 al-o
3670 855 86 25 prevent
3765 853 36 22 the
3812 854 35 21 silt
3855 853 52 21 from
3918 853 71 26 falling
3998 853 28 21 in.

3641 889 42 21 The
3693 889 97 27 dredging
3806 891 82 19 returns
3905 889 32 21 for
3954 889 40 21 last
4011 889 56 21 week
4086 895 76 15 were—

3616 917 77 21 Golden
3704 918 97 20 Treasure
3813 917 44 21 lOoz
3867 917 65 21 81wts
3943 917 64 26 12grs,
4017 917 79 24 Denver
4106 917 56 19 Burn

3603 944 1 27 |
3616 945 35 21 7oz
3661 945 76 20 lOdwts
3747 945 50 24 6grs,
3808 945 80 20 Ettrick
3897 945 56 26 960z,
3963 945 78 21 Golden
4053 944 53 21 Gate
4116 944 48 20 lloz

3615 973 72 27 4dwts,
3702 974 65 26 Otago
3777 973 125 22 34oz.—The
3920 974 54 20 river
3991 980 40 14 was
4049 980 49 16 very
4114 972 49 27 high

3617 998 38 23 last
3667 1002 62 25 week,
3742 1002 73 25 having
3825 1002 52 19 risen
3897 1002 61 19 about
3975 1001 38 21 Oft.
4040 1001 42 20 She
4092 1000 73 21 caused

3615 1035 12 12 a
3645 1028 29 20 lot
3692 1028 21 19 of
3732 1028 58 25 drift,
3810 1028 64 20 which
3894 1027 111 21 iuterfered
4022 1027 141 25 considerably

3617 1054 49 21 with
3689 1054 103 28 dredging.
3832 1055 48 20 This
3904 1054 56 21 week
3987 1054 36 21 she
4054 1054 36 20 has
4112 1054 51 20 been

3616 1082 104 26 subsiding
3728 1082 147 26 slowly.—The
3884 1082 65 25 Otago
3961 1081 102 26 Dredging
4069 1081 36 20 Co.
4113 1080 51 20 have

3605 1106 2 27 1
3617 1109 91 20 declared
3721 1117 11 12 a
3751 1109 95 20 dividend
3866 1108 21 21 of
3906 1110 20 19 Is
3944 1109 40 20 and
4001 1108 36 21 the
4052 1107 112 26 Roxburgh

3617 1136 152 26 Amalgamated
3778 1136 35 22 Co.
3824 1143 11 14 a
3845 1136 25 21 6d
3880 1135 102 22 dividend.

3641 1176 42 21 The
3693 1176 61 24 peach
3765 1183 47 19 crop
3822 1176 21 21 in
3852 1175 41 22 this
3903 1175 81 21 district
3994 1174 40 21 will
4046 1175 36 20 not
4092 1173 71 22 realise

3616 1204 100 26 anything
3728 1204 42 20 like
3780 1204 35 20 the
3833 1203 96 26 quantity
3945 1202 65 21 which
4022 1202 37 21 the
4068 1202 97 21 blns<oms

3617 1238 49 19 gave
3676 1238 70 13 reason
3755 1232 22 19 to
3788 1233 80 23 expect,
3878 1230 40 21 and
3929 1230 21 20 in
3960 1230 41 20 fact
4011 1230 58 20 there
4079 1229 41 20 wil
4131 1233 34 15 uot

3603 1256 1 28 i
3617 1259 24 20 be
3651 1258 61 21 much
3722 1265 54 14 rwore
3789 1258 51 21 than
3850 1258 43 21 half
3903 1265 11 13 a
3930 1264 56 20 crop.
4012 1257 21 21 A
4046 1256 65 27 bligh/
4124 1256 41 21 said

3603 1284 1 27 I
3616 1287 26 23 by
3652 1293 54 13 some
3718 1293 86 18 growers
3814 1288 21 17 to
3846 1286 23 19 be
3879 1286 35 20 the
3930 1285 65 25 aphis,
4010 1284 40 21 and
4071 1284 64 20 wnich
4151 1284 14 20 is

3603 1306 1 32 I
3616 1314 77 20 similar
3712 1315 21 18 to
3751 1313 36 20 the
3812 1312 94 26 ordinary
3924 1312 86 26 cabbage
4029 1310 74 27 blight,
4130 1310 35 21 lnw

3603 1336 1 30 i
3617 1341 94 21 attacked
3723 1340 34 21 the
3768 1341 61 25 trees,
3848 1340 40 21 and
3906 1339 36 22 the
3960 1339 51 22 fruit
4027 1345 27 15 on
4074 1338 91 26 blighted

3617 1370 53 19 trees
3691 1368 81 21 became
3794 1368 85 20 stunted
3897 1367 70 21 before
3985 1367 50 25 they
4054 1373 52 14 were
4124 1373 41 15 any

3617 1397 68 26 bigger
3707 1396 49 21 than
3773 1395 94 22 walnuts.
3894 1395 43 21 The
3956 1396 58 20 extra
4031 1394 95 27 quantity
4145 1393 20 22 of

3616 1427 44 18 rain
3670 1425 65 20 which
3746 1432 29 12 we
3785 1424 39 20 had
3834 1425 19 19 in
3865 1423 88 21 October
3962 1423 39 21 and
4010 1422 1 24 ,
4017 1422 116 21 November
4149 1422 16 20 is

3617 1453 59 24 given
3695 1459 21 13 as
3733 1459 12 13 a
3763 1458 70 13 reason
3852 1451 32 19 for
3901 1451 36 20 the
3955 1450 119 25 prevalence
4091 1449 22 21 of
4130 1449 35 21 the

3619 1479 71 26 blight,
3700 1478 79 27 though
3790 1477 49 23 with
3850 1477 55 22 what
3914 1477 106 27 authority
4030 1484 30 14 we
4078 1483 34 15 are
4130 1477 35 21 not

3618 1507 20 22 in
3646 1515 9 13 a
3667 1507 85 25 position
3761 1510 21 17 to
3792 1514 41 17 say.

3645 1546 101 22 Members
3755 1546 20 21 of
3785 1548 87 24 country
3891 1546 69 21 school
3979 1545 126 22 committees
4123 1545 40 21 will

3619 1575 50 20 hear
3679 1574 48 21 with
3738 1574 124 21 satisfaction
3873 1574 47 21 that
3929 1574 17 20 it
3958 1574 17 20 is
3991 1574 35 20 thp
4036 1573 100 21 intention
4147 1574 20 21 of

3622 1602 31 19 Mr
3662 1602 14 18 J
3695 1600 52 26 Sim,
3757 1601 20 19 of
3787 1601 121 22 Crookston,
3918 1602 23 17 to
3954 1602 79 17 contest
4050 1606 13 13 a
4080 1602 44 18 seat
4142 1607 25 13 on

3622 1628 35 20 the
3669 1627 110 20 Education.
3800 1627 64 20 Board
3884 1628 22 19 at
3923 1626 36 21 the
3977 1627 84 20 elec'.ion
4071 1627 94 27 pending.

3624 1655 31 21 Mr
3673 1656 50 24 Sim,
3742 1663 22 12 as
3784 1654 45 21 well
3846 1662 21 13 as
3885 1654 75 26 having
3977 1656 56 24 great
4050 1656 118 25 experience

3622 1682 103 26 generally
3748 1682 96 26 speaking
3875 1689 22 14 as
3928 1689 12 13 a
3971 1682 67 25 public
4060 1690 46 14 man
4128 1684 40 20 and

3624 1709 93 22 undouht
3730 1709 12 20 d
3765 1709 78 26 ability,
3864 1709 17 20 is
3904 1709 124 20 strafohtout
4048 1715 10 14 a
4083 1712 85 24 cetintry

3624 1736 132 21 committee's
3767 1736 167 26 representative,
3942 1736 40 20 and
3990 1736 25 19 he
4023 1736 40 20 will
4073 1738 95 25 certaiely

3624 1767 35 23 get
3667 1767 70 22 strong
3746 1766 85 24 support
3841 1764 51 19 from
3902 1763 35 20 the
3943 1765 85 23 country
4038 1765 130 20 committee*

3628 1791 36 20 We
3673 1791 52 25 hope
3734 1793 21 18 to
3765 1798 32 13 see
3807 1791 32 20 Mr
3848 1791 43 20 Sim
3910 1791 110 25 occupying
4030 1797 11 14 a
4052 1793 43 18 seat
4104 1793 22 18 at
4135 1793 33 19 the

3625 1819 73 23 Board,
3718 1818 40 21 and
3776 1820 87 24 country
3874 1818 126 21 committees
4016 1818 21 20 in
4055 1818 54 22 their
4126 1826 42 14 own

3626 1846 94 20 interests
3731 1846 73 20 should
3814 1846 56 20 work
3880 1847 22 19 to
3911 1845 47 21 that
3967 1844 47 21 end.

3652 1899 29 20 At
3691 1898 35 19 the
3739 1897 66 21 Police
3815 1897 64 20 Court
3888 1898 115 24 yesterday,
4015 1898 70 21 before
4099 1899 73 21 Messrs

3626 1927 24 21 T.
3661 1924 89 22 Andrew
3761 1924 40 21 and
3812 1924 21 21 J.
3845 1924 84 24 Burton,
3946 1924 72 28 .T.'sP.,
4038 1925 32 21 He
4083 1926 42 26 Loy
4136 1933 40 15 w*v

3627 1952 86 26 charged
3723 1952 59 26 with,
3793 1952 73 25 during
3876 1952 35 21 the
3918 1952 58 26 night
3984 1953 22 21 of
4016 1952 36 22 the
4061 1953 48 23 17th
4119 1954 46 22 insV

3626 1980 118 26 destroying
3763 1980 126 24 cucumbers,
3909 1981 118 26 pumpkins,
4045 1982 48 25 etc.,
4116 1982 59 20 vain*

3627 2009 47 26 £2O,
3685 2007 21 21 in
3716 2007 36 21 the
3762 2007 74 26 garden
3848 2006 21 21 of
3878 2007 42 20 Mrs
3940 2007 32 21 Ah
3988 2008 60 22 Kern.
4076 2009 100 22 Evidence

3628 2044 40 13 was
3681 2035 59 26 given
3750 2035 28 24 by
3788 2035 102 26 Margaret
3899 2035 34 21 Ah
3943 2035 62 26 Kem,
4012 2036 33 21 Ah
4055 2037 42 26 Tie,
4108 2037 24 21 C.
4146 2038 30 21 Ah

3627 2066 63 23 Kem,
3713 2062 39 22 and
3785 2062 110 22 Constable
3916 2063 79 27 Eouhy.
4031 2064 43 21 The
4094 2066 82 20 accused

3627 2091 75 26 having
3711 2089 61 24 njade
3780 2098 12 13 a
3801 2091 118 22 statemert.
3939 2091 33 21 Mr
3991 2091 89 22 Andrew
4090 2092 42 21 said
4142 2093 34 20 the

3628 2119 69 22 Bench
3709 2124 40 14 was
3760 2117 88 21 satisfied
3859 2117 35 21 the
3906 2119 82 20 accusal
4007 2119 39 21 had
4060 2120 116 21 committed

3627 2148 36 21 the
3673 2147 85 25 offence,
3771 2146 37 20 but
3818 2146 37 20 not
3864 2147 22 19 to
3897 2145 37 21 the
3942 2147 72 20 extent
4030 2147 22 20 of
4062 2146 47 23 £?0.
4135 2147 41 22 The

3628 2174 68 23 Bench
3715 2173 92 21 assessed
3826 2173 36 21 the
3880 2174 84 26 damage
3982 2176 21 19 at
4024 2174 35 22 £f>.
4087 2176 89 21 Accused

3628 2203 54 20 fined
3692 2200 49 25 £lO,
3762 2202 52 19 costs
3825 2200 91 22 7s—half
3927 2202 36 19 the
3972 2202 46 25 fine,
4035 2202 17 21 if
4061 2202 52 25 paid,
4125 2205 21 18 to
4155 2211 21 17 g<>

3627 2232 23 19 to
3660 2230 42 21 Mrs
3713 2228 33 22 Ah
3758 2228 103 22 Kem—in
3872 2228 79 23 default
3972 2231 40 20 two
4029 2229 88 24 months'
4128 2229 48 24 hard

3627 2258 79 21 labour.

3653 2293 106 23 Certainly
3775 2293 35 21 the
3824 2294 54 20 most
3892 2293 93 21 effective
3996 2293 98 21 medicine
4107 2293 20 21 in
4139 2294 36 21 the

3629 2320 62 21 world
3710 2320 17 20 is
3744 2320 115 21 SANDER
3872 2320 38 21 and
3928 2319 75 22 SONS'
4019 2320 156 22 EUCALYPn

3629 2347 136 22 EXTRACT.
3793 2347 48 21 Test
3848 2347 26 21 its
3881 2347 112 26 eminently
4000 2347 98 27 powerful
4106 2343 71 26 effects

3629 2376 21 20 in
3662 2374 82 26 coughs,
3756 2374 61 25 colds,
3827 2375 100 20 influenza
3935 2390 6 10 ,
3963 2374 37 21 the
4008 2374 60 21 relief
4076 2376 16 19 is
4105 2376 29 19 ins
4137 2380 33 16 tar.

3629 2404 91 18 taneous.
3751 2402 24 20 In
3790 2402 76 20 serious
3876 2407 54 15 cases
3943 2401 40 21 and
3996 2401 103 22 accidents
4112 2402 23 21 of
4148 2402 29 20 all

3630 2429 66 26 kinds,
3708 2429 25 22 be
3742 2429 49 27 they
3803 2429 90 26 wounds,
3903 2428 68 25 burns,
3980 2428 105 28 soaldings,
4102 2428 77 23 bruises

3641 2459 73 25 prains,
3723 2458 17 19 it
3749 2457 16 20 is
3774 2457 34 21 the
3817 2457 62 20 safest
3888 2456 134 26 remedy—no
4032 2457 145 27 swelling—no

3629 2485 154 20 inanimation.
3812 2484 49 20 Like
3869 2484 112 25 surprising
3992 2485 72 18 effects
4074 2484 101 26 produced

3628 2511 20 22 in
3660 2517 70 20 croup,
3740 2510 107 28 diptheria,
3861 2510 116 26 bronchitis,
3992 2510 148 22 inflammation
4153 2511 23 21 of

3629 2539 36 22 the
3687 2538 65 27 lungs,
3767 2538 106 24 swellings,
3881 2540 39 20 etc.
3940 2538 108 26 diarrhoea,
4063 2539 100 26 dysentry

3627 2567 87 21 diseases
3723 2566 21 21 of
3754 2566 35 21 the
3802 2566 85 26 kidneys
3895 2566 42 21 and
3950 2566 83 26 urinary
4042 2573 77 18 organs.
4147 2567 25 20 In
4181 2576 6 9 «■

3641 2592 81 23 seats)]
3729 2593 98 26 hospitals
3832 2593 41 21 and
3880 2592 85 23 medical
3970 2593 75 25 clinics,
4057 2594 90 25 patronis
4160 2594 12 20 d

3628 2621 26 27 by
3664 2621 37 21 His
3710 2621 86 26 Majesty
3808 2621 35 20 the
3853 2621 55 25 King
3917 2620 22 21 of
3949 2621 62 26 Italy,
4028 2620 84 22 uowrued
4128 2621 53 20 .?itb>

3629 2649 63 21 medal
3702 2648 39 21 and
3750 2648 91 26 diploma
3848 2650 23 19 at
3883 2648 148 21 International
4046 2648 124 26 Exhibition,

3628 2675 137 23 Amsterdam.
3791 2676 64 21 Trust
3864 2682 21 14 in
3895 2676 41 20 this
3946 2675 103 26 approved
4058 2676 69 20 article
4136 2677 39 20 ami

3627 2704 63 27 reject
3698 2703 28 22 all
3735 2703 75 22 others.

3713 2776 79 44 Coal
3832 2777 109 43 Creek
3969 2775 125 44 School

3799 2831 216 43 Committee.

3653 2917 20 21 A
3683 2915 74 28 special
3767 2915 90 27 meeting
3866 2915 22 20 of
3897 2915 36 21 the
3943 2915 63 21 above
4016 2915 54 26 body
4081 2921 39 15 was
4130 2914 49 22 held

3627 2944 21 21 in
3659 2943 38 22 the
3705 2943 135 22 schoolhouse
3849 2949 26 14 on
3885 2942 36 20 the
3931 2942 50 21 13th
3991 2942 49 21 inst.
4067 2942 107 21 Present—
4192 2938 3 27 4

3630 2972 74 20 Messrs
3713 2971 55 21 John
3780 2970 101 20 Bennetts
3890 2969 127 27 (chairman),
4029 2969 26 21 R.
4070 2969 118 27 BennettN,.

3631 3001 25 19 A.
3667 2999 28 22 H.
3705 2997 107 26 Tamblyn,
3823 2997 22 22 J.
3857 2997 52 26 Roy,
3919 2996 40 22 and
3970 2997 25 21 R.
4008 2997 26 22 M.
4045 2996 68 22 Smith
4122 2990 66 33 (sec)!.

3629 3027 44 21 The
3695 3025 87 26 meeting
3805 3032 40 14 was
3865 3023 65 23 called
3947 3024 32 22 for
3998 3023 35 23 the
4051 3030 88 21 purpose
4156 3025 21 20 of

3629 3053 127 25 considering
3777 3053 87 19 matters
3887 3051 20 21 in
3930 3052 117 20 connection
4071 3051 50 21 with
4140 3051 36 21 the

3630 3081 86 26 opening
3732 3080 21 20 of
3768 3079 36 21 the
3820 3079 68 21 school
3906 3079 55 21 after
3979 3079 36 21 the
4032 3078 146 27 holidays.—h
4194 3078 1 29 ,

3631 3115 40 15 was
3688 3106 92 23 resolved
3800 3107 48 22 that
3866 3106 36 22 the
3921 3108 75 20 matter
4015 3106 21 22 of
4055 3105 36 23 the
4101 3106 75 22 annua!

3630 3136 65 28 picnic
3704 3136 72 20 should
3786 3135 25 21 be
3821 3135 117 21 considered
3946 3138 22 18 at
3979 3134 36 21 the
4024 3137 50 18 next
4080 3134 95 26 meeting.

3632 3164 67 21 —The
3707 3169 50 20 very
3768 3163 99 26 irregular
3878 3162 121 21 attendance
4013 3161 21 22 of
4043 3161 35 22 the
4087 3161 90 22 children

3631 3191 69 22 before
3718 3190 36 22 the
3777 3189 92 27 holidays
3891 3196 40 14 was
3956 3189 102 21 discussed
4080 3190 22 20 at
4123 3196 55 15 enm«i

3631 3218 78 27 length,
3732 3218 40 21 and
3797 3217 36 21 the
3850 3219 101 25 secretary
3970 3223 40 14 was
4026 3216 113 22 instructed
4157 3220 21 17 to

3632 3246 58 21 write
3699 3248 22 18 to
3730 3245 35 22 the
3782 3244 64 22 board
3864 3244 32 21 for
3913 3251 12 14 a
3942 3251 52 19 copy
4013 3244 21 21 ot
4052 3243 35 22 the
4101 3244 78 21 Truant

3631 3275 41 21 Act
3680 3273 40 22 and
3733 3273 60 22 other
3803 3272 131 23 information
3944 3279 27 14 on
3981 3271 35 22 the
4025 3271 95 27 subject;
4137 3272 41 21 and

3631 3301 42 22 also
3683 3307 22 15 re
3723 3301 56 21 bank
3796 3300 82 24 charges
3897 3307 27 14 on
3937 3300 36 21 the
3989 3300 68 21 school
4074 3303 103 18 account*.

3631 3328 49 22 This
3692 3328 17 21 is
3719 3334 13 14 a
3740 3329 76 20 matter
3834 3327 22 21 of
3873 3333 56 15 some
3946 3326 126 28 importance
4089 3328 23 19 to
4120 3326 59 21 small

3631 3357 86 25 country
3725 3354 86 28 schools,
3822 3354 68 21 whose
3906 3353 104 28 quarterly
4023 3353 47 22 dole
4078 3352 54 23 from
4141 3354 37 21 the

3632 3382 63 22 board
3704 3382 102 27 generally
3815 3382 47 21 fails
3873 3383 22 20 to
3908 3383 55 20 meat
3978 3380 37 23 the
4031 3380 148 28 requirement!)

3631 3410 22 21 of
3661 3410 36 21 the
3706 3410 116 21 committee
3831 3409 22 20 in
3867 3408 93 26 cleaning
3968 3408 40 21 and
4019 3408 85 26 repairs.
4109 3408 68 21 —The

3632 3437 101 24 following
3742 3437 95 21 accounts
3855 3443 53 14 were
3926 3435 71 27 passed
4014 3435 33 22 for
4065 3440 114 22 payment:

3631 3466 21 21 .1.
3667 3465 35 22 W.
3720 3464 83 26 Booney
3820 3463 118 27 (painting),
3954 3463 28 22 £5
4001 3463 49 26 10s;
4064 3463 26 22 A.
4109 3463 67 21 Smith

3631 3493 99 26 'cleaning
3747 3498 37 21 per
3800 3490 99 29 quarter),
3914 3490 87 27 £110s;
4016 3491 86 26 Mackay
4111 3491 66 24 Bros.,

3630 3521 23 22 9s
3662 3521 33 21 fid.

3656 3548 43 22 The
3708 3546 103 27 following
3819 3545 62 23 letter
3891 3552 42 15 was
3941 3546 47 21 sent
3997 3546 22 21 to
4038 3545 35 22 Mr
4090 3546 86 25 Turner,

3632 3575 162 26 congratulating
3809 3573 43 22 him
3869 3580 26 14 on
3913 3573 36 21 the
3958 3573 66 22 result
4032 3573 22 22 of
4062 3573 37 22 the
4108 3577 70 17 recent

3632 3603 135 21 examination
3829 3601 49 21 Coal
3895 3600 75 25 Creek,
3988 3600 114 22 December
4119 3600 57 22 23rd.

3632 3629 187 24 1897.—William
3835 3629 97 24 Turner,
3948 3627 57 28 Esq.,
4023 3627 153 27 schoolmaster,

3631 3657 50 23 Goal
3698 3656 151 23 Creek.—Dear
3869 3654 78 27 Sir,—l
3968 3662 34 14 am
4024 3655 110 33 requested
4155 3659 21 17 to

3631 3692 77 20 convey
3720 3687 22 19 to
3761 3690 40 20 you
3817 3683 37 21 the
3871 3682 66 22 entire
3954 3681 126 23 satisfaction
4100 3682 22 22 of
4139 3682 37 22 the

3631 3712 117 23 committee
3756 3711 22 22 of
3786 3711 40 22 this
3835 3709 80 23 district
3924 3709 69 22 school
4004 3709 50 22 with
4064 3710 37 22 the
4109 3711 66 21 result

3631 3742 22 21 of
3666 3740 36 23 the
3718 3739 134 23 examination
3871 3737 21 22 of
3910 3744 52 20 your
3978 3737 65 27 year's
4061 3737 55 23 work
4132 3738 43 28 just

3630 3769 72 27 ended,
3719 3767 39 23 and
3776 3768 22 20 to
3812 3766 139 26 congratulate
3958 3771 42 21 you
4012 3773 28 14 on
4049 3766 36 22 the
4094 3772 79 16 success

3630 3796 95 22 obtained
3747 3794 64 23 under
3832 3794 154 20 circumstances
4008 3793 108 28 decidedly
4138 3800 25 14 u»

3630 3822 124 27 favourable,
3763 3820 87 26 through
3859 3820 36 21 the
3908 3820 100 25 irregular
4021 3821 123 22 attendance
4152 3822 22 19 of

3631 3851 35 23 the
3688 3850 95 25 children,
3805 3848 72 22 caused
3899 3847 90 27 through
4015 3849 89 21 sickness
4123 3848 23 23 of
4161 3857 13 12 a

3630 3879 115 25 contagious
3768 3878 78 19 nature.
3873 3876 48 21 Had
3938 3875 36 21 the
3990 3876 115 21 conditions
4122 3876 51 21 been

3630 3912 55 16 more
3693 3903 121 25 favourable,
3826 3909 26 15 no
3861 3903 67 21 better
3948 3903 75 21 results
4043 3904 59 21 could
4122 3903 52 22 have

3630 3934 48 20 been
3688 3930 140 28 expected.-I
3843 3937 41 21 am,
3901 3937 62 21 yours
3978 3930 116 29 faithfully,
4105 3931 28 25 ft.
4146 3931 19 21 M

3629 3962 77 23 Smith,
3716 3959 53 22 Hon.
3779 3958 56 22 Sec.*'

3682 4039 180 41 Lawrence
3889 4037 99 42 News
4014 4037 112 43 Notes.

3758 4116 61 25 (Own
3833 4115 204 26 Correspondent.)

3653 4146 27 21 To
3690 4146 38 25 day
3746 4144 59 26 being
3820 4144 37 21 the
3874 4144 46 21 first
3936 4144 40 28 day
3993 4144 22 21 of
4024 4144 36 21 the
4073 4151 55 16 noes.
4138 4145 35 21 the

3628 4176 55 18 town
3700 4173 17 19 is
3733 4179 13 12 a
3761 4171 55 20 little
3834 4171 79 20 livelier
3922 4172 50 20 than
3982 4172 66 20 usual.
4074 4172 44 20 The
4127 4179 47 19 year

3628 4197 119 30 apparently
3758 4197 17 22 is
3784 4198 22 20 to
3817 4197 25 21 be
3851 4204 27 14 no
3886 4197 97 22 different
3992 4198 22 21 to
4027 4197 27 22 its
4071 4198 102 26 predec*-

3628 4234 42 15 son
3680 4228 22 19 at
3710 4225 41 22 this
3761 4224 56 26 time,
3838 4232 22 15 as
3873 4224 36 23 the
3927 4225 53 22 train
4000 4224 23 23 of

3628 4254 39 21 and
3677 4253 107 25 travelling
3801 4252 105 21 showmen
3926 4253 46 21 that
3990 4253 112 25 invariably
4121 4253 51 22 form

3629 4282 45 26 part
3683 4280 21 21 of
3713 4287 12 14 a
3735 4286 44 15 race
3790 4280 89 27 meeting
3888 4286 35 15 are
3932 4280 20 22 in
3964 4280 96 22 evidence
4074 4287 21 14 as
4104 4282 70 24 strong

3627 4316 23 14 as
3659 4315 54 20 ever,
3722 4308 41 21 and
3773 4307 49 22 with
3841 4308 36 21 the
3895 4308 92 21 addition
4004 4308 23 21 of
4043 4315 12 14 a
4073 4308 102 27 pugilistic

3629 4343 86 17 woman,
3734 4334 46 23 who
3789 4335 18 22 is
3817 4335 81 26 longing
3907 4336 22 21 to
3938 4335 49 22 take
4004 4342 13 14 a
4029 4335 65 22 round
4108 4338 38 19 out
4154 4336 21 20 of

3627 4369 57 16 some
3693 4362 51 22 local
3753 4365 55 25 gent.
3837 4362 109 28 However,
3955 4370 38 14 one
4003 4369 23 15 so
4043 4362 120 23 condescend-

3628 4391 34 32 ing
3671 4391 17 21 is
3697 4390 43 22 still
3749 4397 12 15 a
3779 4392 99 25 stranger,
3897 4391 42 21 this
3956 4390 107 28 depravity
4081 4390 23 22 of
4121 4392 54 20 taste

3628 4418 60 26 being
3697 4417 43 23 still
3749 4417 64 22 below
3821 4419 55 20 what
3885 4418 17 22 is
3909 4419 22 20 to
3939 4418 24 22 be
3969 4418 64 22 found
4039 4418 20 22 in
4067 4418 108 22 Lawrenr*

3653 4445 44 23 The
3714 4445 77 22 annual
3808 4445 108 28 Wesleyan
3930 4445 82 27 Sunday
4029 4445 73 23 School
4111 4445 64 28 picnic

3630 4473 42 22 will
3684 4473 25 21 be
3718 4472 48 22 held
3775 4473 21 21 in
3807 4473 33 21 Mr
3848 4473 22 22 J.
3889 4473 131 22 Robertson's
4029 4473 93 27 paddock
4132 4473 41 21 thi«

3629 4500 114 26 afternoon,
3754 4499 58 21 when
3822 4499 37 22 the
3871 4499 99 26 children,
3979 4499 142 27 accompanied
4130 4499 26 26 by
4164 4507 11 12 a

3629 4527 86 23 number
3724 4527 22 21 of
3758 4526 55 22 their
3828 4526 84 27 friends,
3930 4526 74 23 should
4021 4527 63 26 spend
4097 4533 13 15 a
4127 4532 47 21 very

3629 4555 92 27 pleasant
3730 4554 114 22 afternoon.

3653 4582 42 20 The
3705 4581 56 21 Good
3773 4581 105 25 Templars
3885 4586 35 15 are
3929 4579 43 22 still
3980 4587 27 15 on
4026 4580 36 21 the
4074 4579 99 27 warpath.

3627 4608 108 20 Lawrence
3744 4607 16 21 is
3770 4608 22 20 to
3802 4607 24 21 be
3843 4607 73 21 visited
3935 4614 26 14 on
3976 4607 37 21 4th
4022 4607 49 21 Feb.
4082 4606 27 27 by
4117 4606 55 22 their

3628 4634 71 22 Grand
3707 4634 59 26 C.T.,
3776 4633 46 22 who
3831 4633 17 21 is
3857 4640 26 14 on
3899 4640 12 14 a
3921 4633 101 26 lecturing
4039 4635 48 20 tour
4104 4633 22 22 in
4139 4634 36 20 the

3627 4661 66 22 South
3703 4661 76 24 Island,
3789 4661 93 26 carrying
3895 4660 51 20 with
3963 4660 42 20 him
4015 4666 11 15 a
4036 4660 54 25 large
4101 4663 62 18 assort-

3627 4689 58 19 ment
3693 4687 22 21 of
3724 4687 102 25 limelight
3839 4687 68 24 view*,
3926 4685 65 21 which
4008 4693 35 13 are
4060 4687 74 19 turned
4153 4689 21 17 to

3627 4713 51 28 good
3687 4715 86 20 account
3783 4713 26 26 by
3822 4712 36 22 the
3875 4711 89 23 lecturer
3981 4711 23 23 fn
4021 4711 37 23 the
4074 4718 72 16 course
4153 4712 20 21 of

3627 4742 32 22 his
3667 4741 89 23 address.

3652 4769 49 21 This
3725 4774 69 16 season
3817 4767 55 27 gives
3892 4767 88 28 promise
4001 4766 23 22 of
4040 4773 13 15 a
4069 4773 49 22 very
4136 4766 38 22 foir

3627 4796 90 25 harvest,
3727 4795 89 26 turnips,
3829 4794 67 21 wheat
3904 4795 42 19 and
3960 4795 43 21 oats
4017 4793 59 24 being
4084 4793 53 26 fully
4146 4798 29 20 np

3629 4825 21 19 to
3664 4823 34 20 the
3707 4828 92 19 average,
3812 4820 60 22 while
3883 4821 21 21 in
3916 4827 60 20 many
3989 4816 66 30 places
4072 4819 36 22 the
4120 4826 55 20 gross

3627 4858 48 20 crop
3686 4850 15 21 is
3712 4849 36 23 the
3754 4848 94 24 heaviest
3858 4848 106 22 harvested
3974 4848 31 20 for
4014 4854 55 15 some
4074 4854 65 19 years.

3653 4880 20 20 A
3690 4878 87 21 number
3795 4877 22 21 of
3834 4883 53 26 your
3907 4873 120 36 Roxburgh'
4036 4873 79 24 readers

3627 4908 67 24 regret
3704 4906 22 20 to
3735 4905 50 21 hear
3793 4904 22 21 of
3824 4905 36 20 the
3870 4903 60 24 death
3941 4904 29 23 (at
3987 4903 13 21 5
4016 4899 41 25 this
4074 4902 100 26 morning!

3627 4933 22 22 of
3660 4933 42 22 Mrs
3713 4932 117 26 Fulton,'an
3840 4926 86 27 old'arid
3932 4929 104 28 respected
4052 4929 93 23 resident
4153 4931 20 19 of

3628 4956 162 32 Wethenitones,
3801 4960 39 22 and
3850 4959 33 26 f,or
3893 4965 61 25 many
3968 4964 58 21 years
4041 4957 134 28 proprietress

3627 4988 23 21 of
3658 4988 35 21 the
3704 4987 80 22 Golden
3793 4988 32 25 Ag
3826 4993 10 14 e
3846 4986 69 21 Hotel.

3660 5075 161 50 Tuapeka
3845 5074 127 50 County
4001 5072 148 43 Council.

3663 5161 58 29 The
3734 5162 74 28 usual
3831 5165 121 35 meet-tig
3977 5168 30 23 o%
4028 5160 46 29 the

3627 5201 73 37 body
3714 5211 53 18 was
3781 5200 64 33 held
3857 5205 29 24 at
3900 5200 143 30 Lawrence
4064 5210 34 18 on
4115 5199 42 28 Fri-

3627 5242 62 37 day.
3729 5240 203 31 Present—Crs
4075 5239 84 36 (chair-

3627 5282 86 36 man),
3740 5280 67 31 Sim.
3833 5280 172 37 Livingston,
4037 5279 135 38 Oudaille,

3627 5323 133 32 Osborne,
3775 5320 110 35 Cotton,
4019 5322 53 27 and
4095 5320 77 31 Edie.

3663 5361 58 28 The
3743 5359 142 37 following
3916 5359 124 31 business
4077 5359 30 30 of
4130 5361 28 28 in-

3626 5405 85 27 terest
3735 5404 28 26 to
3789 5400 46 28 the
3866 5400 108 30 district
3997 5410 55 22 was
4084 5404 75 27 trans-

3625 5442 78 28 acted
3715 5454 44 16 :

3780 5489 245 22 COheesfondknce.

3665 5521 176 38 Application
3867 5520 36 37 by
3929 5519 58 31 J&>.
4012 5519 94 41 Bailey
4120 5524 55 30 and

3630 5560 33 32 R.
3685 5560 73 30 liidd
3784 5560 43 30 for
3854 5559 191 43 slaughtering
4064 5562 111 38 license,

3631 5602 103 28 Millers
3747 5601 255 31 Flat.—Received.

3666 5640 103 28 Messrs
3811 5639 91 31 Callan
3935 5640 55 30 and
4029 5642 148 40 Gallaway,

3630 5680 137 37 Dunedin,
3791 5687 83 23 wrote
3899 5692 33 18 on
3959 5682 93 30 behalf
4076 5684 30 29 of
4129 5685 49 31 the

3629 5721 153 39 Roxburgh
3793 5722 209 37 Amalgamated
4012 5723 163 37 Cotasking
4175 5721 3 39 l
4179 5721 3 39 ,

3630 5761 43 30 for
3692 5761 141 32 reduction
3860 5764 28 29 of
3910 5764 48 29 the
3982 5774 59 20 sum
4068 5765 27 30 of
4120 5767 39 30 £B
4161 5761 3 40 !
4165 5767 20 34 4

3483 103 164 50 Friday,
3671 103 190 47 January
3884 99 58 44 21,
3967 91 105 48 1893

1740 122 203 45 HOtnrr
2031 123 226 44 benger
2345 115 154 44 mail.

112 231 188 37 TUESDAY,
312 227 4 53 I
325 240 28 20 s;t
362 227 219 36 FEBRUARY,
592 227 69 29 1898
676 227 6 53 [

320 286 32 24 At
370 283 15 26 2
399 292 58 27 p.m.

125 388 117 31 TAB
262 387 23 29 T!
304 386 20 30 Z
402 379 265 35 BURTON

118 423 27 19 &
190 414 4 42 ;
216 439 16 13 |S
247 439 6 13 ,
259 441 18 11 M
370 426 160 25 instructions
543 423 63 26 from
625 422 42 25 Mr
680 414 2 42 j

120 468 23 28 j.
146 478 21 17 ;n
169 461 3 36 -
180 480 12 13 0
198 484 5 4 .
219 468 36 24 M'
263 467 63 22 i,-.:,.f.
334 467 52 22 hto
400 462 43 27 sell
465 461 33 36 by
524 461 98 26 auctioi
642 464 40 30 at;

121 508 40 24 die.
174 504 169 29 Auctioneer's
359 503 90 26 Rooms
451 517 33 4 —

193 556 8 20 l
203 555 5 10 ;
212 556 72 25 iVr,:.H
325 555 67 24 r.;np
428 550 96 30 Chairs
570 546 97 32 Crnets,
681 546 3 47 j

256 593 111 24 M.rrors.
384 590 90 28 Books,
489 588 14 24 2
523 586 68 35 larg-e
604 584 64 25 Din-
682 580 2 41 |

257 631 45 22 i'-o-
323 628 96 29 Tables,
442 628 112 27 Dresser,
578 619 72 29 Wash-

258 677 35 12 ed
299 668 51 30 r/],,
388 663 87 33 Single
524 658 146 34 Bedsteads,

262 712 24 18 ;-
308 705 63 27 oniai
482 700 82 27 Toilet
587 698 83 31 Warp,

266 734 4 37 i
280 745 11 20 .'
292 734 1 37 }
297 753 41 17 vru
348 753 9 16 r
374 742 89 29 Plates,
594 734 63 29 Uten-

259 783 49 26 pi's.
323 781 46 27 and
385 777 127 30 Sundries.

150 863 12 18 *
172 862 16 18 K
195 871 5 13 f
203 849 4 36 .
221 871 7 14 f
239 871 7 13 r
263 863 105 22 *rrnunt
381 855 26 28 of
418 854 70 27 ntber
508 849 148 30 Vendors—

197 918 90 27 Bmnd
303 915 81 30 Tj»We,
400 914 61 26 P.B.
477 909 198 32 Breechloadinjr

266 957 55 25 (Vr<
345 953 101 28 Contest
457 950 82 31 Stove,

265 995 82 24 ".J'p.
362 992 91 26 IVnnis
467 989 117 29 Racket?,
597 984 78 28 Pistol

266 1031 71 30 fvith
352 1025 182 36 ammnnirion),
553 1025 122 26 P.ctures.

267 1081 27 11 -r,
306 1082 10 10 ;(
322 1070 13 23 i|
373 1065 141 34 Weighing:
549 1061 126 31 Machine,

266 1108 21 26 P
305 1111 51 22 rent
379 1103 111 31 Ivlanelp,
505 1100 64 28 Gold
584 1099 91 30 Scales,

268 1145 82 25 Siwes
365 1143 45 26 and
430 1141 116 28 Flowers,
560 1134 116 30 Portable

267 1183 88 28 F<r«jp.
365 1176 194 33 Double-seated
573 1176 102 33 Bii??y,

268 1221 92 30 Si.rir.g-
383 1219 67 28 Carr,
477 1215 91 27 Ridinc
592 1212 85 27 Bridle

268 1259 79 29 (extra
373 1255 107 34 stronp),
505 1251 95 29 Child's
625 1249 34 30 Go-

270 1297 65 25 fart.
352 1294 92 30 Books,
466 1288 153 31 Periodicals,
633 1287 44 28 &c.

231 1356 108 30 FOR
416 1352 171 30 SALE.

241 1455 27 22 C<
285 1451 121 28 MPACT
471 1446 206 31 DWELLING-

224 1490 115 29 Rf'USE
362 1490 23 25 of
407 1489 67 28 Four
496 1487 103 30 Rooms,
619 1483 59 29 with

134 1530 139 28 (Vl'Misf
297 1529 46 26 ?nd
367 1526 70 29 Good
461 1525 109 31 Garden,
589 1524 90 26 sittiarp

130 1576 23 19 a?
173 1566 135 29 Hc-xbiirgb
326 1566 65 26 East.

163 1614 77 37 Appls
259 1619 26 21 to

301 1651 117 30 JABEZ
439 1646 166 33 BURTON,

495 1698 149 30 Roxburgh.

129 1781 44 54 R
180 1825 10 10 #
212 1785 32 38 J.
277 1785 43 36 B.
352 1779 158 42 YULE,
535 1777 144 42 L.D.S.,

215 1866 189 42 Surgeon
440 1859 162 43 Dentist,

256 1930 299 34 INVERCARGILL.

232 2016 47 30 Mr
301 2016 78 29 Yule
402 2013 54 29 will
476 2012 63 30 visit
540 2028 37 4 —

145 2086 255 35 DISPENSARY,
423 2081 246 35 ALFXANDRA,

192 2141 81 31 From
288 2139 68 31 24th
369 2142 30 27 to
411 2137 68 30 28th
492 2135 131 38 January.

372 2187 65 28 And

136 2235 163 32 HERON'S
313 2232 136 36 HOTEL,
460 2225 221 39 ROXBURGH,

198 2286 81 28 From
294 2284 66 28 28th
374 2286 28 25 to
416 2282 63 28 31st
491 2281 131 34 January.

327 2351 40 39 [A
387 2348 99 39 Card.]

167 2496 324 33 vHUBE
522 2494 27 30 N
581 2493 23 29 E
634 2491 48 37 R,

188 2549 153 35 'teacher
362 2559 35 21 of
418 2557 57 23 the
496 2554 111 26 violin,

140 2616 66 30 Will
219 2613 64 31 visit
295 2609 153 40 Roxburgh
461 2606 106 40 weekly
591 2605 92 39 (every

335 2657 142 38 Monday.)

139 2753 96 29 Terms
245 2761 34 19 on
289 2749 162 40 application
461 2751 28 25 to
500 2746 52 29 self
560 2756 32 19 or
602 2743 84 30 Office

313 2798 28 29 of
354 2797 55 29 this
421 2796 99 38 Paper.

239 2869 45 38 C.
324 2869 36 36 J.
402 2868 188 49 Coombs,

162 2929 193 32 SUhGICAL
375 2928 24 29 &
416 2923 256 34 MECHANICAL

333 2980 173 37 DENTIST;

350 3036 38 24 (By
402 3034 80 24 Exam.)

141 3095 88 29 TITR
249 3092 150 32 COOMBS
415 3102 62 28 may
489 3091 36 30 be
539 3088 147 33 Consulted

298 3175 122 29 Hebon's
442 3173 94 30 Hotel

143 3230 43 30 On
213 3227 154 36 FRIDAY,
399 3227 66 28 21st
495 3222 191 32 JANUARY.

183 3309 40 28 As
236 3307 15 29 I
263 3306 94 28 intend
369 3305 113 36 visiting
500 3303 55 28 this
573 3302 113 29 District

146 3345 185 42 periodically,
343 3346 22 28 it
373 3345 53 29 will
433 3353 63 21 save
509 3342 123 31 Patients
641 3341 45 30 the

143 3397 122 20 t-xreuse
277 3386 28 29 of
318 3386 85 38 going
415 3389 29 25 to
456 3388 72 26 town
540 3395 9 23 ;
567 3382 54 29 and
633 3392 31 19 as
674 3382 12 29 I

147 3431 149 38 guarantee
315 3426 35 29 all
373 3424 85 37 work,
482 3423 123 30 Patients
625 3432 61 29 may

143 3469 58 38 rely
215 3478 36 19 on
263 3466 111 40 getting
386 3477 16 19 a
414 3464 141 31 first-class
564 3462 122 31 denture.

144 3549 91 22 TEETH
262 3547 82 23 MADE
370 3547 39 23 BY
437 3545 95 23 OTHER
555 3543 131 24 DENTCBTS

165 3575 129 23 PROVING
304 3572 250 24 UNSATISFACTORY
562 3571 61 22 MAY
632 3571 36 22 BE

199 3601 193 24 REMODELLED
405 3601 36 23 AT
454 3599 93 23 SMALL
559 3597 73 25 COST.

145 3673 123 29 Painless
296 3670 162 30 Extraction
484 3667 67 31 with
573 3665 113 33 Nitrons

181 3713 89 31 Oxide
290 3712 65 36 Gas,
376 3711 125 36 Cocaine,
513 3707 95 38 Ether,
620 3718 32 20 or

325 3752 182 31 Chloroform.

143 3829 132 30 Stopping
294 3835 71 22 with
384 3827 84 35 Gold,
489 3823 146 38 Amalgam,
653 3831 33 22 oe

355 3868 123 31 Cement.

230 3947 35 30 C.
308 3946 31 29 J.
391 3940 205 39 COOMBS,

279 3993 127 31 Surgeon
428 3992 119 30 Dentist

179 4035 145 39 {Opposite
338 4033 128 41 Cargill's
479 4032 172 39 Monument)

345 4074 142 23 DDNEDIN.

254 4115 80 35 (Late
348 4114 76 31 Kidd
438 4113 54 30 and
506 4112 60 40 Co.)

157 4295 126 32 Florist,
301 4292 173 29 Wholesale
493 4300 54 20 and
567 4289 103 31 Retail

277 4333 88 30 Seeds
383 4332 169 35 Merchant,

166 4386 138 31 MORAY
323 4383 133 37 PLACE,
474 4380 191 39 DUNEDIN,

141 4441 115 26 (Successor
264 4440 23 20 to
292 4438 52 21 Geo.
352 4433 264 25 Matthews-Established
624 4433 57 23 1850.

268 4503 150 32 FLORAL
437 4500 129 32 WORK.

175 4549 68 29 This
270 4546 25 30 is
320 4546 48 29 the
392 4544 128 38 Leading
543 4542 96 31 House
663 4541 9 31 i

140 4588 128 33 Dunedin
282 4587 45 30 for
344 4584 96 31 Bridal
463 4584 136 34 Showers,
619 4582 60 30 Bon

138 4633 92 38 quets,
250 4626 142 37 Wreaths,
406 4624 115 41 Sprays,
532 4622 56 33 and
601 4622 81 32 Flora

135 4671 131 36 Designs.

176 4709 50 39 My
239 4705 140 32 continual
392 4704 54 30 and
460 4703 132 31 unvaried

138 4760 152 24 SUCCESSES
303 4759 38 23 AT
352 4759 59 22 THE
424 4756 133 25 DUNEDIN
571 4754 115 25 FLOWER

366 4786 99 21 SHOWS

141 4824 24 30 is
181 4822 136 32 sufficient
333 4821 81 41 proof
435 4820 30 31 of
477 4829 49 30 my
543 4816 143 42 capability

141 4866 28 29 in
182 4864 56 30 this
250 4864 105 30 branch
367 4862 30 30 of
409 4862 49 30 the
468 4861 139 30 business.

178 4905 50 40 My
236 4904 162 40 experience
407 4901 113 31 enables
532 4909 46 20 me
589 4902 29 26 to

172 4965 76 22 PACK
260 4963 92 23 THESE
364 4959 142 25 DELICATE
519 4957 137 24 ARTICLES

140 5000 45 31 for
202 5000 51 30 rail
272 5010 31 20 or
324 5002 118 27 steamer
453 4995 69 31 with
543 4993 68 31 snch
630 5002 52 20 care

138 5042 57 29 and
217 5050 108 20 success
337 5050 31 19 as
381 5042 28 26 to
421 5045 100 23 ensure
543 5033 72 31 their
633 5033 49 30 saf<

141 5081 55 30 and
204 5081 107 41 perfect
319 5080 132 38 delivery,
458 5085 70 22 even
536 5075 72 30 after
615 5083 67 21 som(

139 5123 69 37 days
219 5123 29 28 in
261 5120 108 31 transit.

176 5162 16 29 I
204 5162 70 30 have
286 5169 148 22 numerous

141 5212 193 23 UNSOLICITED
341 5207 210 26 TESTIMONIALS
559 5206 80 23 FROM
648 5205 38 23 MF

330 5236 166 25 CUSTOMERS

143 5275 57 30 and
212 5275 117 31 Patrons
341 5274 134 41 attesting
495 5276 29 27 to
536 5282 47 29 my
595 5269 91 41 ability

142 5317 28 27 in
182 5316 55 29 this
249 5316 156 39 particular.

353 5386 129 33 SEEDS.

184 5430 15 28 I
223 5430 102 39 import
354 5429 66 39 only
450 5428 72 29 from
553 5427 48 28 the
632 5426 54 28 best

148 5470 143 40 European
305 5470 55 29 and
369 5466 176 34 Continental
559 5465 125 31 Growers

148 5520 30 19 so
190 5511 61 28 that
262 5511 161 37 purchasers
435 5518 52 20 can
499 5508 60 37 rely
579 5516 35 19 on
632 5510 54 34 get-

219 5550 115 38 nothing
350 5550 52 33 but
416 5548 48 32 the
477 5548 63 30 best
552 5546 101 31 strains
664 5549 22 27 oi

145 5590 94 29 Seeds.

185 5630 39 27 Tc
239 5629 76 28 those
327 5629 61 28 who
399 5629 71 28 have
487 5630 50 26 not
549 5627 84 39 given
646 5637 40 26 my

148 5669 72 30 Seed
242 5680 17 17 a
277 5668 72 36 trial,
361 5668 17 29 I
386 5668 91 29 would
496 5668 56 29 like
576 5667 75 29 them
664 5670 22 25 af

145 5711 70 28 least
227 5713 30 24 to
270 5708 67 28 send
348 5718 45 19 me
404 5718 17 18 a
432 5708 79 29 small
531 5708 62 28 trial
614 5707 72 28 ordei

144 5750 57 30 and
213 5758 127 30 compare
352 5748 108 36 results,
472 5748 55 28 and

160 5803 14 22 I
188 5802 44 23 AM
246 5799 128 23 WILLING
386 5798 35 21 TO
435 5799 87 22 ABIDE
536 5799 39 21 BY
588 5797 91 22 THEIR

350 5825 144 24 DECISION.

693 222 165 40 npEVIOT
916 217 279 33 HORTIGULTUR
1199 217 19 27 A
1224 216 22 27 L

702 276 5 3 -
707 249 24 29 1
889 259 172 33 SOCIETY.

763 343 225 50 Programme
1020 336 41 43 of
1087 335 101 42 Show

844 400 40 30 To
896 400 35 28 be
943 396 65 31 held
1021 398 28 27 at
1061 395 49 29 the

745 456 120 29 Athens
870 461 37 19 cm
933 450 85 34 Hall,
1045 447 160 34 Roxburgh,

957 501 42 29 On

717 555 221 35 THURSDAY,
954 553 70 29 17th
1044 550 93 35 FEB,
1154 548 80 29 1808.

837 647 69 21 Class
920 643 90 23 1.-Pot
1023 642 94 21 Plants.

685 682 2 27 |
712 685 12 21 1
738 683 80 23 Double
828 682 87 21 Fuchsia

686 710 1 30 |
712 713 12 19 2
738 711 67 25 Single
815 710 88 20 Fuchsia

686 732 1 28 •
713 741 12 19 3
738 739 66 20 Three
814 736 101 24 Fuchsia,
931 732 96 21 varieties

713 768 12 20 4
738 767 64 20 Three
815 764 93 22 Petunias
960 760 26 22 do

714 796 12 19 5
739 793 69 27 Single
818 791 110 23 Geranium

715 823 11 18 fi
740 819 80 23 Double
830 819 110 21 Geranium

715 849 11 22 7
740 849 64 21 Three
815 845 127 24 Geraniums,
953 842 94 21 varieties

715 878 12 18 K
741 877 49 21 BfSt
802 873 141 28 Pelargonium

716 906 12 21 9
741 905 65 20 Three
816 901 158 26 FeWgouiuma,
985 898 95 22 varieties

705 934 23 19 10
741 933 44 20 One
795 932 38 24 Ivy
844 929 111 22 Geranium

705 962 19 21 11
742 961 50 21 Best
805 959 74 22 Cactus

706 990 23 21 12
743 988 82 22 Foliar
835 986 89 25 Et-gonia

705 1017 24 20 13
743 1016 50 20 Be«t
804 1014 115 21 Flowerin'_'
928 1011 89 21 Begonia

706 1044 23 21 14
743 1042 112 22 Collection
865 1040 21 20 of
896 1040 41 20 Cut
947 1038 91 21 Flowers
1049 1035 33 28 (12
1093 1034 94 25 blooms),
1198 1038 30 14 six
1235 1038 24 14 or

780 1077 32 13 rrif
814 1076 21 13 re
844 1068 95 20 varieties

705 1099 24 20 15
741 1098 50 20 Best
799 1095 107 27 Specimen
920 1093 61 21 Plant

705 1126 26 21 16
745 1125 54 21 Most
809 1124 68 26 points
886 1123 21 20 in
917 1121 64 21 above
991 1120 57 21 Class

814 1177 70 21 Class
896 1174 150 21 IT-Border
1063 1172 89 21 Plants.

719 1213 8 20 1
745 1212 66 20 Three
821 1211 67 19 Sweet
898 1207 102 21 Williams

720 1240 12 21 2
746 1239 66 20 Three
822 1238 42 20 Sun
875 1236 89 22 Flowers

720 1268 12 20 3
746 1267 45 21 One
800 1266 43 21 Sun
853 1265 87 24 Flower,
950 1262 76 25 largest

720 1295 14 20 4
746 1294 65 21 Three
820 1291 78 22 French
907 1289 111 26 Marigolds

721 1322 13 20 5
746 1320 66 22 Three
822 1319 85 22 African
917 1316 110 26 Marigolds

720 1350 13 18 6
746 1348 36 20 Six
792 1346 128 24 Carnations,
938 1343 94 21 varieties

721 1376 12 21 7
747 1375 34 21 Six
792 1374 92 21 Picotees
983 1370 27 20 do
1154 1370 4 29 .
1183 1393 5 5 .

721 1404 13 21 8
747 1403 34 21 Six
792 1402 60 20 Show
864 1399 81 23 Panties
955 1397 48 26 (self
1012 1395 96 27 colours),
1116 1396 95 21 varieties

720 1432 14 19 9
747 1431 34 20 Six
793 1430 68 21 Fancv
872 1428 88 24 Panties,
972 1425 93 21 varieties

709 1458 25 21 10
746 1458 66 19 Three
826 1455 69 21 Lillies
1009 1452 26 20 do

709 1486 20 20 11
745 1484 65 21 Three
819 1483 63 22 lioscs
1008 1484 27 16 do

709 1514 24 19 12
746 1513 34 19 Six
795 1512 63 20 Rosea
1008 1507 26 21 do

709 1541 24 19 13
746 1538 65 23 Three
823 1539 5 20 1
835 1536 66 22 noble
912 1535 83 22 Dahlias
1008 1534 26 20 do

709 1569 22 19 14
746 1568 34 18 Six
792 1566 80 21 Double
882 1563 84 22 Dahlia
1007 1562 27 20 do

710 1596 13 17 l.
724 1595 6 10 r
731 1589 2 27 >
746 1593 64 20 Thru-
820 1593 28 19 Sii
858 1592 31 24 pie
898 1590 84 20 Dahlias
1007 1589 27 19 do

710 1620 22 21 1(1
746 1620 64 20 Tb.ee
821 1621 71 19 Osiers
1007 1615 27 20 do

694 1643 1 27 !
712 1649 21 20 17
746 1649 34 19 Six
795 1649 70 19 A>ters
1007 1643 27 21 do

694 1671 2 32 ;
710 1677 23 20 IS
746 1676 60 20 Tin-.
822 1673 105 20 Wihems
1007 1671 27 20 do

694 1698 2 25 !
713 1704 20 18 I«.<
746 1703 63 20 Tine'
823 1701 103 20 l>i;.n'bus
1007 1698 27 20 do

694 1722 2 33 !
710 1732 23 20 2d
746 1730 22 21 Tl
778 1737 32 13 r<-e
822 1729 93 25 PhWixw,
931 1724 106 22 Perennial
1054 1724 19 26 (I
1090 1724 54 19 stem
1160 1722 21 19 of
1195 1722 65 23 each),

785 1756 94 20 v.<H'*i'S

694 1787 39 19 i2l
747 1786 65 19 Tlnee
823 1784 21 20 PI
854 1783 62 22 loxes,
929 1778 136 24 Drummondi
1107 1778 54 19 stem
1169 1777 21 20 of
1195 1777 65 23 each),

786 1811 93 21 VMli'-li'H

695 1833 1 28 :
710 1839 24 22 22
748 1839 63 21 Thiee
825 1837 163 24 Antirrhinums,
998 1833 94 21 varieties

694 1859 39 33 123
750 1867 47 21 F.-m
811 1868 21 16 s>
835 1858 4 34 (
844 1867 40 17 ..:|.s
894 1865 16 23 (I
923 1861 133 28 i-pikeeach),
1066 1858 95 22 varieties

694 1886 2 29 I
710 1896 23 19 24
823 1892 95 23 (;h-i!ioli,
929 1890 93 21 varieties

709 1922 25 21 25
748 1922 54 20 Four
813 1920 33 22 Ho
856 1918 83 27 l>h<>ck»

709 1950 24 21 %
746 1948 86 21 Wreath
843 1950 18 17 ot
875 1946 86 22 Flowers

710 1978 24 20 27
748 1976 68 21 Biidal
828 1975 94 26 Bouquet

709 2006 25 20 28
747 2004 132 21 Ornamental
893 2000 74 21 Basket
977 1999 20 21 of
1007 1997 89 22 Flowers

709 2033 25 21 29
750 2032 59 20 Hand
820 2030 95 26 Bouquet

709 2060 25 22 30
746 2059 63 22 Table
819 2058 94 26 Bouquet

710 2088 23 21 31
748 2086 72 22 Gent's
829 2082 136 24 Button-hole

709 2115 26 21 32
748 2113 74 27 Lady's
833 2113 72 20 Breast
915 2110 96 26 Bouquet

710 2143 24 22 33
748 2141 112 23 Collection
867 2138 22 22 of
898 2138 41 22 Cut
948 2138 89 21 Flowers

711 2171 25 21 34
750 2169 111 21 Collection
872 2167 21 21 of
903 2166 42 21 Cut
953 2164 94 23 Annuals

711 2199 25 19 35
749 2196 112 22 Collection
873 2194 21 20 of
904 2192 129 24 Everlasting
1043 2190 89 22 Floweis

710 2225 26 21 36
750 2223 112 23 Collection
872 2221 22 22 of
903 2218 132 24 Ornamental
1046 2218 84 21 Grasses

711 2253 24 22 37
750 2252 61 22 Hand
821 2251 105 26 Bouquet,
936 2248 59 22 made
1006 2254 29 18 up
1050 2246 26 27 by
1092 2246 91 21 children
1200 2243 65 22 under

786 2280 25 20 14
820 2285 59 20 years

710 2308 25 21 38
748 2307 79 26 Special
836 2304 63 22 Table
908 2302 120 22 Decoration

710 2335 25 22 39
748 2335 56 20 Most
813 2333 69 27 points
894 2331 20 21 in
924 2330 64 22 above
997 2328 56 22 Class

872 2380 71 19 Class
956 2376 146 21 111.-Fkcjt.

722 2416 12 23 1
747 2416 50 22 Five
807 2414 86 28 Apples,
903 2413 84 22 Dessert

722 2445 13 21 2
748 2445 49 20 Five
807 2443 86 27 Apples,
903 2440 92 26 Cooking

722 2472 12 21 3
748 2472 50 20 Five
807 2470 96 24 Peaches,
913 2468 119 25 Clingstone

722 2500 13 20 4
747 2499 51 21 Five
807 2497 96 25 Peaches,
913 2495 111 22 Frees'one

723 2527 13 22 5
750 2526 47 23 Five
807 2525 96 27 Apricots

723 2555 12 21 6
749 2554 50 21 Five
810 2552 119 22 Nectarines

724 2583 11 21 7
750 2582 49 20 Five
809 2581 61 21 Pears

723 2609 13 22 8
748 2609 50 21 Five
807 2609 68 24 Pears,
886 2606 83 22 Dessert

725 2637 12 22 9
750 2636 82 22 Twelve
841 2635 74 27 Gages,
924 2633 68 22 Green
1004 2639 22 14 or
1035 2630 79 23 Y*l'cw

713 2665 25 22 10
750 2664 82 22 Twelve
842 2663 63 25 Large
915 2661 77 22 Plums,
1002 2666 41 20 any
1052 2658 69 21 colour

713 2693 25 22 11
751 2692 81 21 Twelve
842 2690 92 21 Medium
945 2688 79 26 Plums,
1034 2693 39 20 pny
1082 2686 71 21 colour

714 2721 25 21 12
751 2718 142 28 Twenty-four
901 2717 101 21 Damsons

685 2745 2 26 >
715 2749 25 20 13
752 2747 110 22 Collection
872 2745 22 21 of
903 2745 56 21 Nut*

716 2775 24 21 14
752 2773 111 23 Collection
872 2772 22 21 of
902 2771 98 20 Walnut*

716 2803 25 21 15
753 2801 112 22 Collection
875 2799 22 23 of
906 2798 60 23 Fruit
974 2804 69 21 grown
1056 2795 29 28 by
1095 2794 109 23 Exhibitor

718 2831 24 20 16
755 2830 66 21 Three
831 2829 48 25 Figs
1100 2849 5 6 .

719 2857 23 22 17
755 2857 48 21 Two
813 2855 94 22 Bunches
915 2853 21 22 of
946 2853 48 21 Best
1003 2852 86 25 Grapes,
1100 2851 72 20 mloor

720 2884 23 21 18
755 2885 49 21 Two
813 2883 95 22 Bunches
917 2881 21 22 of
948 2881 49 21 Best
1004 2880 88 26 Grapes,
1106 2877 87 23 outdoor

719 2912 24 22 19
755 2910 150 26 Gooseberries,
915 2915 38 15 one
962 2907 46 28 pint

718 2940 26 21 20
756 2938 72 22 White
837 2938 108 24 Currant*,
954 2935 45 21 half
1007 2941 13 15 a
1028 2934 47 27 pint

717 2968 24 20 21
756 2966 62 21 Black
828 2965 107 23 Currant*,
995 2963 28 20 d*

717 2994 26 21 22
756 2993 45 22 Red
814 2994 106 23 Currants,
997 2989 28 22 do

717 3022 26 21 23
755 3021 56 22 Most
820 3020 59 27 point
887 3019 21 22 in
917 3017 65 23 above
990 3016 59 23 Class

840 3069 72 22 Class
926 3068 66 22 IV.—
992 3067 154 21 Vegetables.

685 3092 4 36 1
730 3105 8 23 1
753 3103 82 25 Twelve
844 3102 66 24 Broad
920 3102 27 22 B*
950 3109 37 14 ans

729 3134 14 20 2
755 3132 141 26 Twenty-four
905 3131 76 21 Butter
990 3129 66 21 Beans

729 3159 13 24 3
754 3159 142 27 Twenty-four
905 3156 79 23 French
995 3156 66 21 Beans

728 3189 13 21 4
754 3187 86 26 Twenty
851 3187 47 21 four
906 3184 79 22 Scarlet
998 3183 95 22 Kunneis

729 3217 13 20 5
754 3215 66 22 Three
830 3214 44 22 Red
884 3213 50 22 Beet

685 3237 4 30 '
729 3243 13 21 6
753 3243 50 22 Two
811 3241 104 26 Cabbages
924 3240 33 21 for
966 3237 55 23 table

728 3271 13 22 7
753 3271 49 21 Two
811 3269 99 22 Heaviest
919 3267 105 27 Cabbages

685 3296 4 34 j.
729 3299 12 20 8
753 3298 49 21 Two
811 3297 44 22 Red
865 3296 104 25 Cabbages

728 3326 13 21 9
753 3325 49 22 Two
811 3324 137 22 Cauliflowers

685 3351 5 19 I
717 3353 24 22 10
753 3352 66 22 Three
828 3351 73 27 Celery
1161 3370 84 10 «...,.

685 3373 4 37 [
717 3381 22 21 It
753 3380 113 22 Collection
875 3378 23 21 of
908 3375 124 29 Vegetable*
1040 3380 71 22 grown
1122 3373 28 26 by
1161 3373 109 21 Eihibitor

717 3408 25 21 12
754 3407 37 22 Six
799 3407 105 25 Potatoe*.
912 3411 40 16 one
958 3403 80 31 variety

685 3428 4 30 T
717 3436 24 22 13
753 3434 82 23 Twelve
844 3434 105 24 Potato**,
957 3431 13 20 8
983 3429 103 26 varieties,
1095 3429 13 21 4
1118 3428 50 22 each

717 3464 24 21 14
752 3462 51 22 Two
810 3460 133 26 Cucumbers,
953 3458 70 23 forced

717 3491 24 22 15
753 3490 49 22 Two
811 3488 132 27 Cucumber*,
952 3493 54 21 open
1013 3484 32 24 air

716 3518 25 23 16
753 3518 36 22 Six
798 3517 85 26 Onions,
892 3516 39 26 dry

685 3544 4 28 1
716 3547 25 23 17
753 3546 35 21 Six
797 3545 75 27 Bpring
880 3544 79 22 Onions

717 3575 23 20 18
753 3574 64 20 Three
827 3573 96 24 Parsnips

716 3601 25 23 19
752 3600 87 27 Twenty
849 3598 44 24 Pod
905 3598 52 22 Pea*

715 3627 26 24 20
754 3627 52 24 Half
814 3627 49 23 Pint
872 3625 85 23 Shelled
966 3625 52 21 Pea*

715 3656 22 23 21
752 3656 37 22 Bix
799 3654 69 23 Stalks
877 3654 45 22 beat
931 3651 100 23 Rhubarb

685 3677 3 28 1
715 3685 25 20 22
752 3684 35 20 Bix
796 3683 70 21 Btalks
875 3681 98 21 Heaviest
982 3678 101 22 Rhubarb

714 3712 26 22 23
751 3711 66 22 Three
825 3709 83 23 Garden
917 3707 90 28 Turnip*

715 3740 25 23 24
750 3738 68 23 Three
826 3737 60 23 Field
894 3737 88 24 Turnip*

714 3768 26 22 25
752 3765 45 24 One
805 3765 115 28 Vegetable
929 3764 96 25 Marrow,
1035 3761 92 23 heavie**

713 3796 27 21 26
751 3794 46 23 One
804 3792 115 28 Vegetable
928 3791 95 26 Marrow,
1034 3789 56 23 table

685 3819 2 29 .
714 3822 25 23 27
751 3822 46 22 Ob*
809 3819 105 29 Pumpkin

713 3850 27 22 28
751 3849 37 22 Six
796 3848 85 23 Carrot*

715 3878 25 21 29
752 3876 66 22 Three
828 3875 61 22 heads
899 3873 90 23 Shallot*

713 3905 27 23 30
751 3904 67 22 Three
826 3903 75 23 Potato
910 3902 77 22 Onions

714 3933 23 22 11
752 3932 64 21 Three
825 3932 50 22 Cow
889 3931 87 20 Lettuce

714 3961 26 21 32
750 3959 67 22 Three
825 3958 94 26 Cabbage
928 3957 87 20 Lettuce

713 3987 26 23 33
751 3986 67 22 Three
826 3986 51 21 Tree
886 3984 78 22 Onions

713 4015 25 23 34
751 4013 51 23 Dish
811 4012 104 29 Bpinnach

713 4043 26 22 35
750 4042 36 23 Six
795 4041 115 26 Tomatoes,
919 4038 76 28 largest

713 4070 27 23 38
752 4070 34 21 Six
795 4069 115 24 Tomatoes,
920 4067 61 21 finest

713 4097 26 22 37
752 4097 50 21 Best
809 4095 108 23 collection
926 4093 22 22 of
956 4093 109 22 Tomatoes

714 4125 26 22 38
752 4123 82 23 Twelve
842 4123 59 26 Long
909 4120 100 23 Radishes

714 4153 26 22 30
750 4151 84 22 Twelve
842 4149 80 27 Turnip
929 4147 101 23 Radishes

714 4180 26 21 40
752 4178 113 23 Collection
875 4176 23 21 of
905 4175 41 23 Pot
959 4174 69 22 Herbs

715 4206 24 23 41
752 4206 36 21 Six
800 4204 65 23 Leeks

685 4228 3 36 |
715 4234 26 21 42
753 4234 56 21 Most
816 4233 70 27 points
894 4230 23 22 in
924 4229 66 23 above
1001 4228 57 21 Class

877 4277 71 24 Class
960 4274 145 24 V.—Hohst.

729 4316 11 23 1
753 4316 73 26 Honey
836 4314 21 22 in
865 4314 84 22 Frames

727 4344 14 22 2
755 4342 73 28 Honey
836 4342 21 22 in
867 4340 93 23 Sections

728 4372 13 22 3
754 4370 91 23 Drained
854 4369 82 26 Honey,
946 4366 67 23 under
1021 4365 58 22 121bs

821 4415 70 23 Cubs
903 4412 133 25 VL-Fabm
1049 4410 112 23 Pboduci.

732 4452 12 21 1
757 4450 44 23 31bs
810 4450 63 22 Fresh
882 4450 75 21 Butter
965 4448 22 21 in
996 4447 34 21 lib
1039 4445 50 23 rolls

732 4478 13 21 2
759 4478 43 21 31b*
812 4476 110 22 Powdered
931 4476 77 20 Batter

733 4505 12 21 3
757 4504 45 21 21b*
811 4504 68 21 Fancv
887 4503 77 20 Butter

733 4532 13 22 4
758 4530 45 23 31bs
811 4530 45 23 Salt
865 4530 75 22 Batter

689 4552 4 32 1
733 4560 13 21 5
759 4558 47 23 Full
815 4558 62 22 Milch
886 4558 87 26 Cheese,
981 4554 61 23 made
1050 4554 28 27 by
1087 4552 112 23 Exhibitor

733 4586 13 22 6
758 4586 67 21 Green
835 4585 55 22 Ham

689 4608 3 37 I
734 4615 11 21 7
757 4613 50 22 Side
814 4613 23 21 of
847 4613 75 25 Bacon,
932 4608 114 24 unmarked

733 4669 13 21 9
759 4667 88 22 Smoked
858 4667 54 21 Ham

722 4695 24 22 10
759 4694 57 22 Plain
826 4694 67 21 Oaten
902 4692 58 22 Cake

722 4722 24 22 11
758 4721 72 23 Girdle
837 4721 81 24 Scones,
928 4718 57 36 plain

685 4755 9 22 J,
722 4749 24 25 12
757 4749 58 23 Oven
822 4749 83 26 Scone*,
914 4746 57 29 plain

721 4778 24 21 13
759 4777 67 26 Fancy
834 4777 76 21 Scone*

721 4805 25 21 14
758 4803 51 22 Loaf
818 4801 137 23 Home-made
964 4799 74 27 Bread,
1047 4800 37 20 not
1094 4798 65 20 under

685 4826 9 29 f
721 4831 24 23 15
758 4831 61 23 Fruit
828 4829 72 22 Wines

721 4860 24 21 16
757 4859 82 22 Twelve
847 4857 48 23 Hen
905 4856 53 28 Eggs
967 4853 92 30 (weight)

720 4887 25 22 17
757 4887 82 21 Twelve
847 4885 60 22 Duck
918 4885 52 26 Egg*
978 4882 94 27 (weight)

720 4915 24 22 18
757 4912 135 24 Home-made
900 4911 59 23 Jams

720 4943 25 22 19
759 4939 136 25 Home-made
903 4939 81 23 Pickles

719 4971 26 21 20
759 4968 111 23 Preserved
879 4968 61 21 Fruit
948 4968 21 20 in

685 5002 7 20 3
719 4998 22 21 21
757 4997 50 22 Best
814 4995 114 23 Collection
936 4994 23 22 of
969 4993 63 22 Dried
1042 4992 67 25 Fruit,
1119 4998 69 19 grown
1200 4989 71 26 locally

719 5026 26 21 22
758 5026 49 21 Beet
817 5023 113 23 Collection
939 5021 22 23 of
968 5021 74 23 Jellies

685 5044 8 19 3
719 5054 25 21 23
757 5052 47 23 Pair
815 5050 89 23 Trussed
913 5050 67 21 Fowls

685 5083 6 20 J
719 5080 25 22 24
758 5080 46 21 Pair
812 5078 89 23 Trussed
910 5077 72 22 Ducks

719 5108 25 23 25
756 5108 56 22 Most
821 5106 68 29 points
898 5105 21 23 in
927 5104 65 23 above
1000 5102 59 24 Class

826 5155 72 22 Class
907 5151 134 23 Vll.—Livs
1054 5150 110 21 Pocltp.t.

743 5189 51 22 Best
802 5188 56 22 Cock
866 5186 41 24 and
917 5186 47 22 Hen
973 5185 22 22 in
1005 5183 49 23 each
1066 5183 21 21 of
1098 5182 36 22 the
1147 5180 104 31 following

685 5207 7 8 '
945 5212 104 23 Classes—

733 5244 10 22 -1
757 5243 64 23 Black
828 5242 46 22 Red
882 5242 67 22 Game

685 5280 8 13 7
732 5271 13 23 2
758 5271 66 23 Game
833 5270 46 22 Pile

733 5301 13 21 3
757 5299 89 28 Spanish

733 5328 12 20 4
758 5325 112 28 Plymouth
879 5323 59 23 Rock

733 5355 13 21 5
759 5353 93 26 Dorking

733 5382 13 21 6
760 5380 114 27 Hamburg,
886 5385 39 20 any
934 5376 62 24 breed

734 5410 12 21 7
760 5409 163 26 Brahmapootra

685 5429 9 25 t
733 5436 13 21 8
759 5436 78 21 Cochin
847 5435 66 21 China

734 5464 12 21 9
759 5463 108 27 Langshan

685 5488 9 15 J
722 5492 24 22 10
759 5492 87 21 Bantam

721 5520 24 21 11
758 5519 55 21 Barn
821 5517 58 22 Yard

685 5546 9 29 f
720 5546 25 22 12
758 5545 126 27 Wyandotte

720 5574 25 22 13
757 5574 89 22 Houdan

722 5602 24 21 14
759 5600 137 23 Aodalusians

685 5637 8 12 7
722 5628 24 21 15
759 5627 87 26 Spanish
855 5626 79 21 Poland

685 5654 4 23 .
721 5655 25 22 16
760 5654 100 23 Minorca*

685 5675 9 20 c
724 5683 22 21 17
761 5682 59 22 Duck
830 5682 40 21 and
880 5680 69 23 Drake
958 5678 133 28 (Aylesbury)

685 5717 9 17 r
724 5710 23 20 18
761 5710 59 20 Duck
830 5709 40 20 and
880 5708 69 21 Drake
959 5708 88 24 (Rouen)

719 5736 28 22 19
761 5736 27 21 Pe
790 5736 35 21 kin
835 5736 69 21 Ducks

702 5764 5 20 I
725 5764 23 20 20
760 5763 100 27 Turkeys,
870 5762 43 21 best
924 5762 44 26 pair

705 5784 4 33 I
723 5791 24 21 21
763 5792 71 23 (?eese,
844 5791 45 20 best
898 5790 43 27 pair

707 5816 3 28 '
724 5819 25 20 22
762 5819 50 20 Best
820 5819 79 25 Canary
909 5819 20 19 in
940 5817 59 26 Cage;

1352 216 70 20 Class
1436 217 228 20 Vlll.—lndlstkial

1290 250 11 20 1
1316 250 106 26 Specimen
1430 251 22 19 of
1458 251 219 26 Oork,Conp.Shell,or
1684 249 76 21 similar
1767 248 65 21 Work

1289 278 13 20 2
1315 278 107 25 Specimen
1432 278 20 20 of
1462 278 89 21 Leather
1563 279 63 21 Work

1290 305 13 21 3
1316 305 35 20 Col
1356 306 73 20 lection
1440 305 21 21 of
1471 307 65 24 Paper
1549 306 86 20 Flowers

1291 333 12 19 4
1318 332 85 21 Exhibit
1413 332 90 27 showing
1514 333 45 20 best
1568 340 36 13 use
1614 334 21 19 of
1646 333 69 20 Waste
1724 331 107 24 Products,

1355 360 49 20 such
1414 367 21 13 as
1445 360 61 25 Cork,
1518 360 62 27 Rags,
1593 361 77 20 Broken
1681 360 72 25 Chir;a,
1765 359 33 21 kc.

1292 387 12 21 5
1318 388 105 26 Specimen
1433 387 22 20 of
1464 387 100 22 Macrame
1575 388 63 19 Work

1292 416 12 18 C>
1318 416 105 24 Specimen
1434 416 21 19 of
1467 416 68 19 Berlin
1548 415 57 20 Wool
1618 416 63 19 Work

1293 442 11 21 7
1319 442 105 26 Specimen
1436 442 21 20 of
1466 442 65 26 Crazy
1542 441 62 20 Work
1614 449 23 13 or
1647 444 24 18 Fa
1677 440 3 28 -
1685 441 24 20 ch
1722 440 64 21 Work

1294 469 12 20 8
1319 469 105 25 Specimen
1435 468 21 21 of
1466 468 77 22 Crewel
1553 469 65 20 Work
1628 470 19 19 in
1658 470 19 19 Si
1682 468 2 26 :
1689 469 12 20 k

1294 497 12 20 9
1320 496 64 21 Three
1397 496 137 21 Home-made
1548 496 167 26 Handkerchiefs,
1724 495 21 22 in
1758 496 74 19 Diawn

1358 523 79 20 Thread
1452 524 65 19 Work
1527 524 115 24 (initialled)

1283 552 24 21 10
1322 551 86 21 Dressed
1418 550 47 21 Dolt

1283 580 23 19 11
1320 579 44 20 One
1374 580 49 24 yard
1433 578 87 21 Crochet
1531 578 58 24 Lice,
1602 578 59 19 about
1672 578 33 19 3in
1714 577 20 20 in
1746 576 64 26 depth

1286 606 21 21 12
1321 606 44 21 One
1374 606 108 25 Traycloth
1494 606 18 19 in
1524 604 154 21 mouutmellick

1283 634 23 20 13
1322 635 68 23 Apron
1403 634 19 19 in
1433 633 60 21 Oros*
1501 632 75 21 Stitch,
1584 631 50 20 wbh
1642 630 110 24 Ingrained
1759 630 76 22 Cotton

1284 663 23 19 14
1320 662 50 20 Best
1379 661 97 20 Starched
1489 660 62 21 Man's
1563 660 71 19 White
1644 659 57 20 Shirt

1283 690 25 22 15
1322 691 48 19 Be*t
1388 689 57 21 Plain
1464 688 80 26 Sewing
1565 688 46 26 (any
1630 686 85 26 article),
1736 686 26 22 l>v
1781 685 54 22 child

1358 716 65 22 uuder
1435 717 24 19 14

1283 743 25 23 16
1322 745 44 19 One
1380 745 43 24 pair
1437 743 60 20 Giri's
1508 742 57 20 Plain
1576 741 89 21 Knitted
1680 740 115 24 Stocklu*s,
1811 739 26 27 by

1286 801 29 20 17.
1332 801 44 19 One
1387 796 4 27 |
1400 799 29 21 air
1438 799 72 19 Gent's
1520 799 47 20 Sot.
1577 797 81 21 knitted
1668 797 45 25 purl
1721 796 39 20 arid
1769 796 53 26 plain
1832 796 4 27 ;

1348 827 38 24 •by
1397 826 53 20 child
1463 826 64 21 under
1539 826 22 20 \~>

1310 889 19 21 A
1338 888 86 21 nuniber
1433 887 22 20 of
1466 886 77 28 Special
1554 886 68 21 Prizes
1632 884 41 23 wi'l
1684 885 24 20 he
1717 884 94 21 allotted.

1312 922 43 20 The
1371 920 121 22 Secretaries
1509 920 39 21 will
1567 921 77 20 receive
1654 919 80 21 Entries
1746 925 28 15 up
1785 921 21 17 to
1816 919 24 18 10

1270 945 2 40 |
1286 957 51 19 p.m.
1355 956 25 15 on
1401 948 189 27 WEDNESDAY,
1605 948 54 21 ItiTH
1676 945 164 27 FEBRUARY,

1270 973 2 32 1
1287 978 42 27 (the
1339 978 86 26 evening
1436 978 68 20 before
1517 978 34 21 the
1561 976 76 25 Show).

1314 1015 36 19 All
1361 1014 95 20 Exhibits
1466 1015 56 17 must
1531 1013 24 19 b*>
1565 1015 21 17 at
1604 1013 35 19 the
1658 1011 49 21 Hall
1724 1011 24 26 by
1764 1011 11 21 9
1791 1017 49 13 a.m.

1270 1035 3 35 j
1288 1048 25 14 on
1325 1041 34 20 the
1370 1041 93 24 morning
1473 1040 21 20 of
1503 1040 35 20 the
1548 1040 67 20 Show.

1313 1077 44 19 The
1366 1075 61 21 Show
1438 1075 40 20 will
1493 1075 24 20 he
1532 1082 51 18 open
1594 1074 51 20 from
1656 1074 12 19 3
1677 1080 50 19 p.m.
1738 1074 21 18 to
1769 1073 12 19 5
1791 1079 49 19 p.m.

1270 1095 57 28 'and
1346 1103 51 20 from
1409 1103 77 21 7tolo
1496 1103 19 19 in
1527 1102 35 20 the
1572 1102 91 24 evening.
1701 1100 114 21 Admbsinn

1292 1130 164 26 Non-members,
1477 1131 34 25 Is;
1533 1128 109 28 Members,
1661 1128 53 24 free;
1735 1128 106 20 Minibus'

1288 1158 93 25 families,
1393 1158 26 20 3d
1429 1157 55 22 each.

1317 1195 66 25 Entry
1400 1201 74 15 mmev
1492 1192 40 23 will
1553 1192 91 21 be—For
1662 1198 40 20 any
1719 1191 86 21 number
1821 1190 22 21 of

1272 1218 3 34 |
1289 1221 103 28 Exhibits,
1401 1222 22 21 5s
1431 1229 6 17 ;
1451 1222 30 20 six
1490 1221 102 25 Exhibits,
1601 1218 34 34 2s;
1645 1220 63 22 single
1715 1219 86 20 exhibit.
1809 1218 32 21 6d.

1315 1257 33 22 No
1370 1256 87 22 Exhibit
1473 1259 21 18 to
1512 1256 24 21 be
1551 1255 94 22 removed
1663 1255 69 21 before
1749 1254 62 22 Show
1826 1254 16 21 is

1290 1286 67 20 clotted
1368 1288 74 23 except
1450 1286 25 24 by
1482 1284 36 20 the
1524 1284 106 25 authority
1640 1283 21 20 of
1672 1282 35 21 the
1717 1283 124 19 committee.

1449 1323 31 30 P.
1494 1322 179 31 J.DTONE
1732 1321 72 29 Hon.

1449 1364 30 29 B.
1499 1364 32 28 V.
1548 1362 165 34 REILLYJ
1731 1361 64 30 Seen

1273 1441 2 32 !
1289 1444 139 27 TEVIOT
1438 1443 162 27 WESLEY
1604 1443 50 26 AN
1671 1441 169 28 CHURCH.

1290 1547 74 30 f\N
1387 1547 113 38 Sunday
1516 1547 123 28 Services
1653 1545 55 28 will
1731 1545 33 28 be
1778 1555 48 18 con-

1376 1588 101 27 ducted
1490 1597 29 18 as
1533 1587 101 28 follow:
1637 1602 36 4 —

1289 1641 111 29 Roxburgh
1412 1642 19 25 (7
1442 1641 85 28 p.m.)—
1529 1641 53 23 Rev.
1590 1641 22 22 J.
1623 1640 29 22 H.
1663 1639 83 28 Hooper

1510 1670 45 20 Man
1567 1667 4 30 :
1586 1672 16 17 A
1615 1669 72 23 Living
1697 1667 78 25 S"u'.")

1288 1698 48 20 Coal
1348 1698 64 20 Creek
1422 1697 20 26 (3
1453 1697 82 26 p.m.)—
1537 1697 53 20 Rev.
1600 1697 21 20 J.
1633 1697 21 19 H
1673 1695 84 27 Hooper

1290 1724 115 25 Ettrickpl
1418 1725 81 24 a.m.)—
1504 1725 50 20 Rev.
1565 1724 21 21 J.
1604 1724 27 22 H.
1642 1723 83 24 Hooper

1377 1752 20 21 (7
1407 1753 59 21 p.m.)
1471 1752 57 20 —Mr
1538 1750 20 23 J.
1569 1751 87 20 Wateon

1291 1841 215 30 ROXBURGH
1517 1841 160 30 BAKERY
1689 1839 23 30 &
1725 1838 119 31 STORK

1291 1940 182 58 Robt.
1502 1942 343 67 Kinasten,

1311 2031 141 36 BAKER,
1482 2027 296 33 CONFECTIONER
1802 2026 24 30 &

1428 2078 284 34 STOREKEEPER,

1330 2137 149 23 SCOTLAND
1504 2136 112 27 STREET,
1640 2133 167 24 ROXBURGH.

1333 2233 72 31 h'.K.
1416 2232 104 30 desires
1536 2236 28 24 to
1578 2229 88 31 thank
1680 2229 47 30 the
1739 2228 93 30 inhabi-

1277 2270 3 42 j
1296 2281 73 22 hints
1383 2275 29 29 of
1430 2273 153 39 Roxburgh
1596 2272 53 28 and
1661 2270 183 38 surrounding

1277 2310 3 41 i
1294 2315 122 28 districts
1442 2316 43 26 for
1506 2314 47 27 the
1576 2315 116 36 support
1713 2310 133 29 accorded

1296 2355 52 29 11iin
1364 2356 26 27 in
1407 2354 45 30 the
1466 2361 71 31 past,
1552 2353 53 28 and
1620 2358 27 23 to
1656 2351 101 29 inform
1772 2350 75 29 them

1277 2389 3 49 j
1296 2395 58 28 that
1369 2394 118 37 nothing
1503 2392 53 30 will
1571 2393 34 28 be
1618 2391 125 38 wanting
1755 2399 36 20 on
1804 2389 43 28 his

1278 2429 2 45 !
1296 2441 59 33 part
1369 2434 26 30 in
1408 2435 46 29 the
1468 2436 92 27 future
1571 2438 29 24 to
1609 2431 80 31 merit
1698 2441 15 19 a
1722 2429 110 31 continu-

1277 2470 3 42 i
1294 2487 66 17 mice
1373 2475 30 29 of
1416 2476 71 27 their
1499 2478 124 34 support.

1277 2573 3 26 1
1323 2577 141 22 WELDING
1484 2577 60 21 AND
1564 2574 150 24 BIRTHDAY
1733 2573 91 22 CAKES

1445 2612 81 21 MADE
1543 2611 36 21 TO
1592 2610 105 21 ORDER.

1278 2639 3 46 I
1294 2659 125 26 SOIREES,
1443 2658 111 22 PICNICS
1576 2657 16 22 &
1613 2657 86 21 BALLS
1717 2653 132 22 CATERED

1339 2695 56 21 FOR
1410 2694 37 22 ON
1464 2694 58 21 THE
1535 2691 145 24 SHORTEST
1698 2688 113 24 NOTICE.

1278 2726 4 50 i
1298 2737 128 39 Nothing
1439 2737 52 29 but
1504 2737 47 28 the
1564 2737 62 28 best
1636 2733 124 31 material
1773 2733 76 29 used.

1278 2776 4 48 i

1280 2829 2 26 I
1296 2834 78 21 GOOD
1388 2832 186 22 ASSORTMENT
1583 2832 36 20 OF
1628 2830 166 25 GROCERIES,
1804 2829 45 24 kc,

1503 2866 38 21 ON
1559 2864 83 22 HAND

1317 2939 58 35 sss
1384 2937 121 31 Liberal
1525 2937 139 29 Discount
1677 2943 50 22 for
1748 2934 84 30 Cash.

1365 3095 419 45 BERNSTONE,

1345 3199 78 29 THE

1444 3264 95 36 (From
1565 3262 153 38 Dunedin),

1376 3343 69 37 TX/
1456 3342 64 30 ILL
1536 3341 65 30 visit
1614 3339 165 40 Roxburgh,

1393 3382 38 17 **
1494 3382 105 30 Millers
1629 3381 72 35 Flat,
1725 3379 56 30 and

1372 3422 190 40 surrounding
1595 3421 123 29 districts
1751 3423 30 26 at

1370 3464 112 40 regular
1493 3462 140 35 intervals,

1508 3518 80 30 when
1601 3516 36 31 he

1381 3585 105 31 WILL
1499 3584 105 30 TAKE
1619 3582 150 31 ORDERS

1372 3650 29 26 to
1425 3645 57 31 suit
1494 3645 47 30 the
1553 3642 185 32 convenience
1750 3641 30 30 of

1447 3692 48 30 the
1511 3691 70 31 local
1600 3689 104 41 public.

1417 3797 128 29 Charges
1568 3795 162 29 Moderate.

1370 3906 78 32 Suits
1457 3906 71 31 from
1536 3906 40 30 £3
1587 3904 43 37 3s;
1644 3903 132 31 Trousers

1477 3953 71 30 from
1564 3952 48 29 16s
1626 3951 48 30 6d,

1370 4061 46 29 Fit
1427 4059 176 31 Guaranteed
1623 4068 31 19 or
1673 4057 103 39 Money

1471 4112 49 27 not
1533 4106 142 40 accepted.

1295 4210 224 57 JONES'S
1609 4205 240 59 COALPIT,

1445 4284 100 31 COAL
1567 4282 139 32 CREEK.

1350 4365 71 32 EST
1440 4364 158 30 LIGNITE
1618 4364 27 27 in
1668 4362 47 29 the
1736 4360 114 30 District

1387 4407 45 28 for
1464 4404 144 38 Steaming
1633 4414 31 17 or
1689 4400 160 31 Household

1298 4456 134 31 purposes
1448 4444 139 30 delivered
1601 4447 27 25 at
1628 4459 39 5 —

1558 4484 82 29 Cash.
1708 4480 123 30 Booked.

1299 4524 155 41 Roxburgh
1522 4547 30 8 ...
1578 4523 47 30 10s
1684 4522 47 29 lis
1745 4530 48 31 per
1804 4525 46 25 ton

1299 4567 58 30 The
1371 4566 46 29 Pit
1525 4588 29 7 ...
1597 4565 29 28 5s
1701 4564 33 27 6s
1784 4582 19 15 „

1299 4605 155 40 Roxburgh
1492 4605 67 30 East
1581 4605 47 28 lis
1687 4604 47 27 12s
1785 4624 19 13 „

1300 4646 59 39 The
1359 4646 139 39 Dredges
1526 4670 31 5 ...
1579 4644 132 30 Contract
1732 4642 101 29 Prices.

1339 4723 60 30 The
1419 4722 158 40 Proprietor
1588 4721 50 29 has
1651 4717 99 38 special
1766 4716 74 30 fa<-Hi-

1303 4765 54 29 ties
1365 4764 44 29 for
1420 4764 123 38 delivery
1555 4763 28 29 in
1597 4772 54 27 any
1675 4768 59 31 part
1758 4759 30 29 uf
1807 4758 47 29 the

1303 4804 127 35 District,
1455 4803 55 29 and
1536 4802 160 30 Customers
1722 4809 60 28 may
1797 4797 57 37 rely

1303 4856 35 20 on
1353 4844 85 40 being
1448 4842 140 42 promptly
1600 4840 136 42 supplied.

1341 4885 103 29 Orders
1456 4895 64 29 may
1532 4885 35 28 be
1580 4883 51 29 left
1644 4887 29 25 at
1692 4882 48 28 thu
1755 4880 101 29 Mount

1303 4925 116 30 Benger
1433 4924 76 30 Mail
1520 4924 95 30 Office.

1465 4999 29 31 J.
1582 4993 274 36 WALLES,

1475 5050 73 30 Coal
1586 5049 105 30 Creek.

1305 5125 117 41 Repairs
1442 5124 143 31 Executed
1607 5127 29 25 to
1660 5120 36 30 all
1715 5119 102 30 classes
1830 5117 29 29 of

1444 5164 86 31 Small
1550 5162 171 37 Machinery.

1343 5206 114 37 Sewing
1473 5204 143 29 Machines
1635 5199 122 32 Cleaned
1769 5198 55 30 and

1468 5244 122 30 Refitted
1603 5242 42 29 for
1660 5243 40 27 ss.

1383 5287 88 31 Teeth
1485 5289 51 37 put
1549 5284 28 29 in
1592 5283 62 39 Cog
1666 5279 123 33 Wheels.

1488 5359 95 30 Terms
1604 5355 85 32 Cash.

1350 5437 104 30 Orders
1480 5442 63 28 may
1570 5433 35 27 be
1637 5430 50 31 left
1713 5435 30 25 at
1766 5428 102 29 Mount

1308 5479 117 29 Benger
1439 5475 76 31 Mail
1527 5472 94 31 Office.

1332 5548 98 38 The
1445 5547 154 37 Wife's
1615 5543 215 38 Welfare.

1309 5595 80 19 Tre/itlM
1401 5594 65 22 posted
1480 5595 43 17 five,
1550 5594 13 17 't
1628 5591 53 18 t?w.h
1749 5593 49 13 more

1308 5619 24 16 nil
1348 5619 31 16 the
1394 5622 53 13 vears
1463 5616 64 22 you've
1543 5616 54 17 lucl.
1627 5614 59 21 Every
1703 5618 44 11 v.0,.,
1756 5616 16 12 m

1309 5640 43 18 read
1361 5640 20 17 it.
1467 5640 93 16 I'rotc-Bor
1567 5637 100 22 Ue.-amnd,
1675 5634 71 20 French
1753 5633 102 24 SptCMiat-.

1309 5663 162 23 40Collins-place,
1481 5661 113 19 Melbourne.

1410 5706 188 38 YOUNG
1624 5704 133 43 MEN,

1310 5753 56 18 Write
1374 5754 21 17 to
1402 5757 29 13 me
1440 5754 28 16 for
1477 5752 83 17 valuable
1572 5752 39 16 free
1623 5750 49 18 Hook
1681 5747 114 31 concerning
1804 5748 42 18 ycur-

1309 5776 65 19 ielves.
1398 5776 94 18 Profeawr
1506 5776 103 19 Henuaun,
1625 5772 103 23 Speclsliot,
1745 5772 20 20 40
1781 5769 76 20 CjU.l*

1309 5800 58 22 place,
1377 5799 112 19 Melbourne.

1870 219 254 29 APPLICATION
2151 216 74 29 FOR
2254 209 162 31 SPECIAL

2077 257 133 32 CLAIM.

2034 330 123 26 District:
2177 327 82 33 Otago
2272 320 112 31 Mining

1989 367 81 26 Dn'e:
2094 365 60 28 17th
2167 365 124 30 January,
2308 356 72 28 1893.

1899 404 36 27 To
1949 405 41 26 ibe
2008 404 105 27 Warden
2128 409 24 21 at
2166 396 148 37 Roxburgh.

1870 442 88 52 WE
1984 442 90 26 hereby
2108 441 74 33 apply
2210 438 36 26 for
2276 445 14 16 a
2322 431 96 35 Special

1971 472 134 34 Claim'for
2120 468 166 37 Gofdmining
2300 478 118 29 purposes

1870 515 74 26 under
1957 517 41 24 the
2011 517 137 29 provision*
2171 513 27 26 of
2243 511 53 26 The
2317 509 103 32 Mining-

1870 554 55 29 Act,
2064 553 28 26 of
2111 553 40 25 the
2177 549 70 27 binds
2273 545 148 29 hereinafter

1870 589 130 32 described,
2011 591 80 25 which
2103 590 60 26 have
2179 589 59 24 been
2250 585 58 35 duly
2320 583 101 27 marked

1870 627 20 25 in
1906 628 149 27 accordance
2070 628 58 26 with
2145 626 40 26 the
2208 623 98 34 mining;
2326 619 83 37 regula-

1870 665 68 27 tions.

1871 710 184 27 PLEASANT
2074 709 144 28 VALLEY
2238 704 182 30 GOLDMIN-
2436 702 3 35 |

2002 746 65 30 ING
2081 746 63 35 CO.,
2154 743 165 31 LIMITED.

1870 798 49 35 (By
1929 798 67 26 their
2006 799 91 33 Agent,
2111 791 312 34 Robt.Jas.Pitchers)
2438 787 2 48 |

1905 845 47 27 No.
1973 846 47 26 and
2059 846 56 26 dale
2155 844 27 27 of
2207 842 100 28 miner's
2335 840 87 38 right:

1870 884 101 34 30129;
1994 885 106 35 24/0/97
2115 890 25 21 to
2153 882 116 36 24/6/98.

1907 953 78 30 Name
2008 955 45 26 find
2079 954 98 28 address
2199 954 26 27 in
2248 950 43 31 full
2306 950 29 29 of
2344 950 66 37 appli-

1871 1004 25 12 o-a
1920 1002 20 16 f>
1998 993 114 27 Pie:,sf!iir
2141 992 87 27 Vallev
2255 990 167 35 Goldmining
2437 989 2 39 j

1872 1031 136 33 Companv,
2025 1030 113 31 Limited,
2157 1027 144 34 Roxburgh.

1906 1068 69 36 Style
1989 1068 78 26 und«r
2081 1068 78 25 which
2175 1068 19 25 it
2215 1068 21 24 is
2260 1065 116 26 intended
2400 1070 24 21 to
2437 1065 2 42 j

1872 1106 105 26 conduct
1998 1106 40 25 the
2054 1104 266 27 business—Pleasant
2335 1102 86 36 Valley
2438 1102 2 36 |

1872 1143 166 33 Goldmining
2053 1142 51 32 Co,
2119 1142 115 26 Limi'ed.

1906 1181 111 27 Locality
2032 1181 79 26 where
2123 1181 41 25 the.
2175 1179 57 26 land
2245 1176 95 36 applied
2356 1176 35 26 for
2405 1178 19 25 is
2438 1176 2 36 i

2109 1265 26 17 as
2159 1254 115 27 Pleasant
2301 1252 125 37 Valley—

2074 1292 89 26 Clntha
2182 1292 80 25 River.

1909 1317 130 42 Kxrißol
2054 1329 57 27 land
2130 1328 96 34 applied
2242 1327 104 27 for—lo
2361 1317 81 45 acresj

1873 1370 13 25 2
1900 1355 361 49 roodslrpole—lo-2-I—as
2275 1364 128 34 surveyed,
2440 1355 3 49 j

1907 1411 19 23 A
1932 1404 127 30 roounrtrf
2068 1404 91 38 capital
2173 1403 120 37 proposed
2307 1406 28 24 to
2347 1401 28 27 be
2389 1402 37 26 in-
2441 1401 2 41 I

1873 1444 225 34 vested—£l,ooo.

1908 1478 124 39 Proposed
2047 1479 71 29 mode
2139 1479 27 27 of
2185 1477 116 37 working
2316 1476 40 28 the
2370 1475 56 28 land
2441 1475 2 42 j

2033 1520 47 25 ami
2093 1519 135 32 elevating.

1907 1557 70 26 Term
1994 1557 36 27 for
2045 1556 78 27 winch
2138 1555 91 36 special
2255 1553 72 27 claim
2352 1559 75 28 grant
2441 1546 2 45 j

1872 1595 20 23 is
1911 1595 183 34 required—2l
2118 1602 80 17 vears.

1907 1630 107 29 General
2029 1629 213 32 remarks—Pegs
2262 1625 100 29 marked
2378 1624 33 29 X.

1908 1669 81 27 Dated
2004 1676 24 20 at
2046 1668 134 36 Roxburgh
2196 1668 49 26 this
2269 1665 59 28 Nth
2344 1665 46 35 day
2405 1666 23 25 of

1873 1705 123 37 January,
2018 1706 66 28 1898

1908 1782 52 25 The
1974 1781 75 26 above
2063 1781 149 33 application
2227 1777 47 29 and
2288 1787 48 24 any
2351 1776 65 37 objec-

1876 1820 62 25 tions
1954 1819 48 26 will
2027 1819 27 27 be
2081 1818 71 27 heard
2179 1822 24 22 at
2229 1816 40 26 the
2296 1814 133 26 Warden's

1874 1856 76 26 Office
1967 1863 24 20 at
2009 1856 135 37 Roxburgh
2159 1865 30 17 on
2213 1853 58 27 10th
2292 1851 135 36 February,
2442 1844 3 49 |

1879 1896 70 30 1898,
1965 1901 24 19 at
2005 1896 29 24 10
2048 1905 56 16 a.m.

1912 1934 54 33 Any
1982 1941 87 26 person
2083 1931 111 33 desiring
2213 1936 25 19 to
2251 1927 81 36 object
2346 1933 26 21 to
2389 1927 40 26 the
2443 1927 2 46 j

1876 1971 121 33 granting
2009 1970 28 26 of
2046 1980 13 15 a
2073 1969 90 36 special
2176 1967 72 27 claim
2271 1965 97 35 applied
2393 1966 37 26 for
2443 1965 2 40 i

1876 2014 73 22 must,
1969 2007 66 36 prior
2049 2014 24 21 to
2086 2007 43 27 the
2154 2006 111 34 hearing,
2291 2010 70 20 en'er
2393 2002 36 28 bis
2444 2002 1 41 |

2086 2045 40 27 the
2152 2042 132 28 Warden's
2309 2041 77 28 Office
2405 2049 24 19 at

1876 2083 148 34 Roxburgh.

1926 2126 211 29 FREDERICK
2155 2123 170 34 JEFFERY,

2215 2162 46 28 Pro
2279 2162 115 28 Warden.

1912 2210 119 27 Received
2055 2216 24 19 at
2102 2209 132 26 Warden's
2255 2208 82 31 Office,
2357 2208 53 27 Rox-

1876 2249 89 31 burgh,
1993 2258 29 17 on
2051 2248 60 27 17th
2138 2246 121 33 January,
2296 2247 75 34 1893,
2404 2255 23 19 at

1877 2288 58 26 3.10
1949 2295 57 19 om.

1878 2354 257 31 APPLICATION
2149 2354 71 29 FOR
2237 2352 191 31 LICENSED

2059 2393 185 30 HOLDING.

1982 2474 116 30 District:
2121 2477 80 30 t)?ago
2216 2475 109 32 Mining.

2010 2512 79 27 Date:
2109 2512 60 26 10th
2183 2511 122 37 January.
2319 2510 72 28 1898.

1911 2551 36 26 To
1961 2551 41 25 the
2016 2550 108 27 Warden
2139 2558 24 18 at
2180 2550 145 33 Roxburgh.

1911 2596 34 26 17
1953 2595 18 28 B
1996 2596 89 35 hereby
2118 2595 73 36 apply
2222 2595 36 27 for
2277 2605 13 17 a
2309 2594 118 28 J.icensal

1896 2635 10 16 T
1970 2633 112 35 Holding
2094 2634 37 26 for
2141 2632 156 35 goldminint>
2311 2641 117 28 purposes

1878 2671 133 27 under'he
2024 2672 135 33 provisions
2182 2672 24 26 of
2326 2671 102 31 Mining

1883 2713 53 28 Act,
1961 2710 57 26 1891
2071 2712 24 24 of
2120 2709 41 27 the
2186 2709 70 27 lands
2282 2709 148 27 hereinafter

1879 2748 133 30 described,
2025 2747 77 27 which
2114 2747 60 26 have
2185 2747 59 26 been
2255 2747 59 28 duly
2329 2745 99 29 marked

1880 2785 24 26 in
1918 2788 148 25 accordance
2085 2785 59 27 with
2165 2785 41 26 the
2220 2785 99 35 mining
2332 2783 84 37 regula

1881 2825 71 26 tions.

2006 2886 30 7 _
2084 2860 150 28 THOMAS
2253 2858 130 28 BROWN

2005 2897 34 34 ■#
2083 2899 96 26 JOHN
2204 2900 26 24 A.
2254 2897 98 27 BOYD

2085 2934 113 29 JAREZ
2219 2933 147 30 BURTON

2041 2981 152 37 Signatures
2206 2979 28 29 of
2244 2980 155 36 Applicants.

1918 3057 80 27 N«me
2004 3056 47 27 and
2062 3055 99 28 address
2172 3057 24 25 in
2210 3055 41 26 full
2264 3055 30 25 of
2301 3055 135 36 applicant*

1910 3095 115 27 -Thomas
2041 3094 99 32 Brown,
2154 3093 28 26 of
2201 3093 145 34 Roxburgh,
2360 3093 78 27 miner

1909 3134 101 27 -30107.
2034 3133 138 35 11/12/97;
2201 3131 70 27 John
2300 3133 28 25 A.
2359 3131 77 27 Bovd.

1883 3171 29 26 of
1947 3171 144 30 Roxburgh,
2130 3169 161 34 hotelkeeper

1886 3209 122 35 10/1/98;
2027 3208 79 26 Jnbiz
2120 3208 105 29 Barton,
2243 3206 27 26 of
2292 3206 147 37 Roxburgh,

1884 3247 98 33 mining
1995 3243 206 34 «*ent—2lß9l,
2217 3243 100 38 0/7/97.

1918 3285 25 26 St
1950 3286 36 24 vie
2001 3284 78 27 under
2093 3283 79 26 which
2187 3283 19 26 it
2231 3284 20 25 is
2277 3281 117 28 intended
2415 3289 24 20 to

1883 3326 108 22 conduct
2022 3322 42 25 the
2089 3320 112 27 business
2258 3320 53 27 The
2341 3319 97 28 Golden

1884 3359 87 28 Vallev
1987 3358 113 33 Sluicing
2114 3357 44 28 Co.

1919 3396 111 35 Locality
2045 3395 80 27 where
2139 3395 42 26 the
2205 3394 57 28 land
2285 3394 97 38 applied
2401 3394 38 28 for

1883 3435 21 26 is
1923 3432 184 29 situated—On
2133 3432 44 26 th*
2203 3439 104 22 western
2335 3432 65 28 bank
2414 3434 24 26 of

1885 3473 40 27 the
1938 3471 93 27 Olutha
2048 3471 82 33 River,
2143 3470 131 37 adjoiniug
2295 3471 45 27 the
2365 3469 57 29 Plea-

1883 3516 55 21 sant
1952 3509 88 27 Vallev
2054 3507 165 38 Goldmining
2232 3509 82 28 Claim
2340 3518 32 18 on
2395 3509 43 28 the

1883 3547 118 30 northern
2021 3547 60 27 side.

1917 3585 95 28 Extent
2020 3585 29 26 of
2055 3584 57 27 land
2123 3583 97 37 applied
2234 3584 160 28 for—About
2403 3584 30 28 11

1883 3632 68 20 acres

1919 3663 110 25 Amount
2040 3658 28 27 of
2078 3659 88 35 capital
2180 3659 121 36 proposed
2314 3664 28 24 to
2354 3658 31 29 be
2397 3660 25 28 in-

1882 3698 83 28 vented
1975 3698 137 30 -£I.OOO.

1917 3737 124 34 Proposed
2056 3735 70 30 mode
2140 3733 28 30 of
2179 3736 115 36 working
2316 3735 43 29 the
2377 3735 59 29 land

1880 3774 157 34 —Juicing.

1914 3813 75 26 Term
2015 3811 37 27 for
2076 3810 80 28 which
2176 3809 91 29 licence
2292 3820 27 18 or
2343 3811 91 34 special

1879 3851 72 27 claim
1963 3856 74 27 grant
2052 3848 19 26 is
2085 3848 177 37 required—2l
2286 3859 71 22 years

1914 3886 106 28 General
2048 3886 121 26 Remarks
2243 3886 66 35 Pegs
2331 3886 102 28 marked

1890 3925 55 28 Red
2015 3923 26 26 V

1996 3961 61 26 LH

1924 3999 80 28 Dated
2018 4005 24 21 at
2060 3998 136 37 Roxburgh
2211 3999 48 28 this
2281 4000 59 28 10th
2354 3999 48 39 day
2417 4001 28 27 of

1887 4038 124 34 January,
2025 4036 73 28 1898.

1922 4112 54 28 The
1989 4111 76 28 above
2078 4111 149 36 application
2241 4113 48 27 and
2300 4122 49 21 any
2363 4112 63 37 objec-

1890 4151 66 27 tions
1970 4150 47 27 will
2041 4150 28 25 be
2094 4149 74 27 heard
2194 4156 25 21 at
2245 4151 41 26 the
2307 4151 134 27 Warden'»

1890 4187 78 26 Office
1981 4193 25 20 at
2184 4196 31 17 on
2232 4187 56 28 10th
2304 4187 136 34 Februarv,

1890 4225 75 28 1898.
1978 4231 25 20 at
2018 4225 31 25 10
2062 4234 56 17 am.

1923 4263 59 34 Any
1995 4271 88 27 person
2102 4260 111 35 desiring
2226 4267 26 20 to
2264 4262 80 35 object
2358 4269 26 19 to
2399 4266 41 24 the

1885 4300 64 26 is*u«
1963 4300 28 26 of
1998 4311 13 16 a
2022 4299 91 28 license
2124 4299 38 26 for
2176 4299 42 27 the
2230 4300 55 26 land
2295 4302 96 33 applied
2404 4304 35 23 for

1884 4342 74 25 must,
1982 4339 66 34 prior
2072 4344 25 19 to
2124 4336 41 27 the
2189 4337 114 35 hearing,
2316 4344 73 21 enter
2402 4339 37 26 bis

1883 4375 137 35 objections
2044 4382 26 20 at
2096 4375 41 27 the
2164 4374 130 28 Warden's
2319 4375 75 26 Office
2413 4382 25 20 at

1886 4413 134 33 Roxburgh

1938 4439 209 51 FREDERICK
2161 4460 172 32 JEFFERY,

2215 4498 49 25 Pro
2283 4497 120 27 Warden.

1917 4542 120 29 Received
2050 4548 28 22 at
2096 4542 144 28 Alexandra
2264 4549 25 21 at
2309 4541 43 29 3.8
2372 4551 60 27 pm.

1881 4591 31 17 on
1928 4581 111 34 10/1/08.

2041 4654 23 28 T
2079 4676 6 8 .
2158 4653 167 30 BOWD
2344 4654 71 29 EN
2429 4676 8 14 ,

1959 4727 178 27 CAKPENTEK,
2163 4727 115 27 JOINER,
2306 4727 62 22 AND

2062 4754 70 24 UM>i
2146 4756 122 27 RTAKEK,

1886 4796 99 26 Desires
2010 4800 25 20 to
2062 4794 76 27 thank
2165 4794 41 27 the
2239 4794 87 27 Public
2349 4794 25 26 of
2399 4793 41 27 the

1889 4833 102 28 District
2006 4831 37 27 for
2061 4836 55 31 past
2135 4837 111 31 support,
2266 4831 48 28 and
2335 4831 61 34 begs
2415 4838 25 19 to

1886 4871 89 28 inform
2006 4869 66 26 them
2109 4872 50 24 that
2193 4869 31 28 he
2254 4869 43 28 has
2328 4868 111 29 resumed

1888 4908 121 29 Business
2022 4908 24 25 in
2060 4906 150 36 Roxburgh.

1888 4983 134 27 Estimates
2034 4981 73 35 given
2119 4982 47 27 and
2178 4982 121 35 Building
2309 4982 132 28 Contracts

1991 5021 27 26 of
2034 5018 31 28 all
2086 5019 73 28 kinds
2176 5021 161 27 undertaken.

1926 5095 76 29 Plans
2015 5094 47 28 and
2083 5094 184 36 Specifications
2281 5094 125 37 prepared.

1930 5176 59 29 The
2002 5175 105 30 Golden
2127 5175 135 31 Treasure
2276 5176 105 36 dredge
2393 5175 49 30 has

1893 5217 160 37 undergone
2066 5217 142 28 extensive
2229 5217 55 29 and
2307 5216 138 29 elaborate

1893 5257 160 30 alterations
2078 5257 56 29 and
2170 5258 104 39 repairs
2305 5256 93 39 lately,
2430 5267 15 18 a

1895 5297 125 40 pplendid
2033 5307 60 20 new
2107 5298 145 39 revolving
2277 5308 93 19 screen
2391 5296 54 29 and

1895 5340 128 32 elevator,
2036 5347 35 18 an
2084 5341 77 25 extra
2175 5342 41 24 set
2235 5338 30 28 of
2288 5338 54 37 hog
2354 5341 87 35 posts,

1895 5389 16 19 a
1923 5376 79 31 small
2025 5379 76 28 stern
2126 5382 121 35 pontoon
2274 5381 30 26 to
2330 5380 115 36 support

1896 5419 48 30 the
1956 5421 78 26 extra
2045 5417 114 39 weight,
2172 5429 16 18 a
2201 5429 60 19 new
2274 5419 106 34 funnel,
2392 5417 53 28 and

1897 5457 176 42 gold-saving
2086 5457 89 31 tables
2187 5469 37 19 on
2236 5458 48 30 the
2298 5457 83 30 latest
2391 5456 54 29 and

1897 5501 72 27 most
1992 5497 104 39 perfect
2123 5499 99 38 design
2246 5499 105 38 having
2375 5498 70 28 been

1897 5537 100 32 added.
2035 5536 82 32 From
2140 5548 35 20 an
2199 5539 127 29 intimate
2350 5537 76 30 know-

1897 5579 30 31 of
1939 5579 47 29 the
2006 5577 77 31 claim
2110 5579 15 30 I
2150 5591 44 18 am
2220 5580 77 39 quite
2323 5578 122 30 satisfied

1897 5619 62 29 that
1971 5618 47 28 the
2030 5617 67 39 high
2111 5621 156 37 reputation
2290 5619 55 28 and
2365 5619 67 28 satis-

1897 5659 106 37 factory
2016 5659 98 30 results
2126 5659 121 31 hitherto
2272 5657 120 32 attained
2408 5657 36 39 by

1898 5700 47 29 the
1959 5697 101 39 dredge
2074 5700 54 29 will
2153 5701 35 28 be
2213 5701 98 36 totally
2324 5698 119 39 eclipsed

1898 5741 26 28 in
1940 5737 47 30 the
2001 5737 88 32 future
2100 5739 143 30 —Millers
2264 5739 63 30 Fkt
2340 5748 88 21 cotes-

1891 5779 131 42 pondeut.

2457 796 89 55 W.
2576 796 56 52 T.
2668 787 338 61 TALBOYS

2453 889 113 37 Having
2587 888 78 29 made
2684 899 16 17 a
2719 888 91 38 Large
2829 884 135 31 Purchase
2978 882 28 29 of

2470 946 222 42 SAMPLE
2717 942 276 43 CLOTHING

2454 1018 84 28 From
2552 1018 47 28 the
2621 1016 172 32 Wellington
2816 1015 127 28 Woollen
2959 1013 46 28 Co.

2541 1134 131 44 Large
2714 1131 207 41 Discount,

2513 1193 28 29 Is
2565 1204 62 18 now
2644 1192 123 37 Offering
2780 1191 47 28 the
2840 1200 73 19 same
2926 1192 28 26 at

2457 1256 337 42 ORIGINAL
2839 1253 168 41 COST.

2584 1346 55 29 We
2662 1346 81 29 Have
2768 1347 74 28 Also
2844 1363 37 3 —

2459 1404 92 30 Men's
2562 1403 98 31 Tweed
2674 1403 53 29 and
2744 1403 86 39 Serge
2842 1402 85 35 Suits,
2939 1400 69 29 from

2530 1446 50 27 21s

2458 1500 90 30 Men's
2569 1498 101 30 Tweed
2692 1498 141 35 Trousers,
2847 1497 35 29 all
2906 1495 106 29 sizes—

2529 1542 31 28 -6s
2575 1539 53 30 lid

2458 1589 89 28 Men's
2562 1587 85 28 Black
2663 1587 131 27 Worsted
2807 1584 155 29 Vests—6s
2978 1582 35 28 6d

2615 1667 133 38 Splendid
2769 1667 54 28 Lot
2836 1665 29 28 of

2460 1716 109 29 BOYS'
2582 1714 122 30 SERGE
2714 1712 178 31 KNICKER
2903 1710 111 30 SUITS

2670 1761 47 29 All
2731 1761 78 29 sizes.

2515 1843 117 30 MEN'S
2665 1841 111 37 HATS,
2809 1838 148 34 SHIRTS,

2545 1895 184 35 SCARVES,
2743 1891 189 31 BRACES—

2590 1947 34 30 In
2644 1946 110 30 endless
2767 1945 115 37 variety.

2461 2029 91 38 Large
2585 2027 161 40 Shipments
2778 2025 29 30 of
2841 2025 48 30 the
2921 2025 95 30 Latest

2498 2069 94 30 Goods
2609 2069 71 28 from
2694 2068 47 29 the
2755 2067 223 29 Manufacturers

2687 2114 105 28 —in—

2460 2177 122 30 DRESS
2598 2176 154 37 STUFFS,
2762 2176 148 35 PRINTS,
2921 2175 71 29 MUS-

2496 2253 100 37 LINS,
2610 2252 196 36 VEILINGS,
2820 2250 160 36 GLOVES,

2668 2304 60 36 &c,
2749 2304 60 35 &c,

2487 2359 40 29 At
2541 2358 93 29 Prices
2646 2356 90 30 which
2750 2359 74 27 must
2837 2355 49 30 sell
2901 2355 84 29 them.

2569 2454 25 28 A
2620 2452 141 29 Beautiful
2794 2451 53 29 Lot
2872 2450 31 30 of

2616 2496 247 32 UMBRELLAS.

2508 2626 221 40 Trimmed
2751 2625 230 48 Millinery,

2456 2688 32 30 of
2510 2687 90 30 which
2625 2697 41 19 we
2690 2687 70 28 have
2786 2697 16 17 a
2827 2695 66 29 very
2920 2683 94 30 choice

2643 2734 140 35 selection,
2803 2737 29 24 at

2460 2783 174 51 Greatly
2656 2782 191 40 Reduced
2870 2781 147 40 Prices.

2600 3008 288 35 ROXBURGH,

2486 3141 186 33 BOROUGH
2701 3139 48 30 OF
2777 3137 225 31 ROXBURGH.

2477 3266 30 36 J-
2550 3284 14 27 7
2590 3281 92 28 o'clock
2712 3290 59 25 p.m.
2797 3289 30 18 on
2854 3277 143 29 WEDNES-

2468 3320 84 34 DAY,
2566 3320 41 27 the
2618 3319 75 28 26th
2707 3316 165 32 INSTANT,
2886 3316 48 26 and
2948 3320 68 21 must

2468 3358 29 28 b*>
2510 3357 90 35 lodged
2612 3357 25 27 in
2649 3356 42 28 the
2701 3354 155 31 Letter-box,
2869 3353 150 28 Athenseum

2471 3395 128 32 Buildinjr.
2630 3394 37 27 for
2692 3391 183 30 BUILDING
2907 3392 23 26 A
2964 3389 38 28 RE-

2466 3431 156 30 TAINING
2650 3429 106 30 WALL
2782 3430 21 27 k
2831 3426 189 31 CONCRETE

2468 3470 142 29 BOTTOM
2629 3469 29 28 of
2667 3478 55 18 new
2738 3467 145 29 Reservoir.

2619 3518 140 32 HENRY
2778 3515 167 38 BAILLIB,

2886 3568 100 32 Mayor.
