4260 5920
84 212 131 38 ''"charged
232 212 35 37 by
283 212 46 28 the
342 211 107 29 council
475 212 43 28 for
542 221 16 17 a
583 210 66 28 road

84 248 188 46 instructed
305 254 35 38 by
374 253 82 29 them.
468 269 35 4 —
517 250 131 31 Kesolved

95 294 62 29 that
170 294 65 38 they
250 295 34 28 be
308 293 208 30 informed-the
541 292 106 28 council

94 335 103 28 adhere
222 341 29 22 to
277 335 72 27 their
375 335 102 28 former
491 333 157 34 resolution,

94 375 56 28 mid
164 375 144 39 repudiate
321 386 52 26 any
397 375 62 28 idea
482 374 30 27 of
537 374 113 37 making

96 426 54 25 any
163 416 83 38 profit
265 421 49 24 oul
338 415 30 29 of
392 416 47 27 the
459 424 135 26 company
622 414 26 27 in

95 457 163 28 connection
275 457 63 28 with
353 457 46 28 the
418 455 188 30 construction
622 455 28 28 of

89 495 53 29 'the
156 497 76 28 road.

133 537 81 30 From
227 538 101 30 Messrs
338 537 27 30 J.
378 537 53 30 and
449 538 32 29 A.
495 535 154 37 Anderson,

93 581 107 36 stating
213 581 61 27 that
288 581 47 28 the
354 591 43 17 am
411 585 58 23 mnt
491 579 28 28 of
543 579 105 34 £3,055

95 620 31 29 2s
140 621 36 28 Gd
192 621 62 38 paid
268 621 74 30 fcherii
356 621 44 29 for
412 621 44 28 the
470 619 102 30 Millers
589 618 60 29 Flat

94 661 101 40 bridge
219 672 55 19 was
301 666 114 31 correct,
441 661 117 38 tallying
583 659 66 29 with

96 702 45 28 the
155 703 133 38 payment
300 703 148 28 certificate
470 703 44 27 for
536 701 94 28 Decem-

95 742 243 38 ber.—Received,

132 784 59 29 The
204 783 74 29 Hon.
295 785 41 26 Mr
348 782 124 30 Larnaeh
489 781 112 29 notified
616 782 32 27 he

96 824 52 28 had
163 824 86 28 asked
259 824 42 28 for
312 828 76 24 votes
399 823 45 28 for
453 822 102 29 several
568 833 28 17 ro
606 821 41 28 ids

94 866 28 28 in
138 866 46 29 the
197 866 146 29 electorate
345 865 99 34 —viz.,
457 862 154 36 Roxburgh
620 866 28 26 to

96 906 167 33 Alexandra,
286 906 147 27 Lawrence
460 909 28 23 to
512 903 134 38 Waipori,

93 946 55 28 and
162 940 181 35 Ra'nklebbrn
358 950 29 22 to
401 944 170 33 Beaumont;
592 943 56 28 also

95 988 43 26 for
150 986 77 29 £4OO
241 985 72 29 fork
325 984 98 37 bridge
444 995 66 17 over
526 983 119 38 Waipori

89 1027 97 28 Stiver.
188 1024 185 31 —Received.

129 1066 61 29 The
213 1066 257 37 Under-Secretary
502 1065 29 29 of
557 1063 89 30 Mines

92 1105 86 34 'asked
193 1108 47 28 tlie
253 1106 144 29 estimated
421 1112 60 22 cost
502 1106 30 27 cif
545 1105 103 28 skelter

175 1148 55 28 ahd
254 1155 76 22 snow
359 1146 76 31 holes
457 1157 36 17 on
519 1146 47 29 the
592 1144 53 30 Old

95 1191 64 26 Man
177 1186 105 42 Range,
296 1187 150 37 according
459 1192 29 24 to
507 1186 126 36 specifica-

94 1230 72 29 tions
178 1241 7 24 ;
204 1229 58 28 also
277 1228 121 29 whether
423 1228 47 28 the
492 1225 154 31 Southland

97 1273 108 35 County
226 1270 119 38 adopted
372 1268 199 38 specifications
591 1267 52 28 and

93 1311 102 37 agreed
237 1315 27 24 to
304 1310 158 27 contribute
493 1309 47 27 the
573 1318 72 18 same

83 1352 123 28 'amount
228 1361 31 18 as
284 1350 130 38 Tuapeka
432 1348 197 38 County.—l-Ke-

82 1390 105 31 :solved
200 1395 28 23 to
237 1390 99 27 inform
349 1391 54 25 him
416 1390 59 26 that
484 1390 46 26 the
543 1388 102 28 South--

93 1426 64 34 land
173 1430 111 30 Council
297 1428 162 29 considered
474 1427 54 28 this
542 1437 86 27 expen-

81 1471 102 29 diture
215 1470 47 28 did
288 1475 48 21 not
366 1478 78 18 come
477 1467 93 27 within
598 1466 46 27 the

246 1510 29 27 of
287 1510 47 26 the
346 1508 108 34 County
468 1507 176 33 Council,but

81 1550 109 29 Nhould
205 1550 33 28 be
264 1547 171 30 undertaken
459 1546 37 37 by
518 1544 107 29 Govern-

84 1589 85 31 'ment
180 1602 7 23 ,•
207 1594 57 24 also
278 1588 60 28 that
349 1587 46 29 the
407 1587 65 28 total
484 1590 60 24 cost
554 1584 88 30 would

94 1634 33 26 be
142 1630 85 30 about
234 1627 87 31 £IOO.

129 1670 57 30 The
198 1668 143 35 following
351 1666 154 30 charitable
512 1666 44 28 aid
567 1675 77 19 cases

177 1708 74 30 dealt
275 1709 66 27 with
353 1706 225 32 :—Notification
602 1717 26 17 re-

76 1751 110 32 ceived
198 1750 70 30 from
292 1749 47 29 the
362 1748 90 35 Otago
475 1746 171 31 Benevolent

93 1794 130 27 Trustees
248 1790 61 28 that
329 1790 78 26 -John
424 1788 115 28 M'Bean
557 1788 87 27 would

95 1829 34 34 be
142 1831 134 30 admitted
303 1833 28 27 to
355 1830 45 29 the
424 1828 167 35 institution,
614 1827 31 29 B.

95 1874 96 37 Gregg
209 1872 116 36 granted
350 1874 32 24 4s
395 1881 16 17 a
424 1870 75 28 week
515 1871 42 27 for
571 1870 75 26 three

94 1912 155 35 months,B.
263 1910 109 38 Waogh
386 1909 134 29 admitted
532 1919 33 18 on
580 1918 50 29 pay-

93 1957 77 27 ment
195 1952 31 31 of
251 1955 30 26 5s
295 1964 15 15 a
324 1951 76 29 week
416 1952 36 35 by
466 1949 42 29 his
522 1949 122 34 brother,

95 1996 60 28 Mrs
180 1995 36 27 A.
244 1991 146 30 M'Cunn's
412 1988 147 31 allowance
579 2000 50 18 con-

212 2034 32 29 T.
258 2032 89 37 Doyle
358 2030 116 31 entitled
496 2035 28 25 to
545 2030 100 29 admis-

90 2086 72 22 sion,
175 2075 53 28 and
249 2072 33 30 G.
307 2072 100 37 Mailey
433 2071 118 38 granted
579 2072 32 26 4s
631 2081 15 16 a

94 2115 76 30 week
184 2115 44 28 for
249 2114 41 28 six
308 2112 119 29 months.
430 2109 95 31 —The
540 2110 105 30 council

94 2155 132 35 resolved,
239 2157 29 26 at
278 2154 47 28 the
334 2153 124 29 instance
468 2152 29 28 of
507 2152 37 29 Cr
555 2152 72 37 Simp-

75 2192 3 37 '
91 2208 59 21 son,
160 2201 28 22 to
199 2193 174 30 recommend
384 2193 43 27 Ah
438 2192 80 28 Hoon
533 2192 111 36 (known

89 2248 31 17 as
132 2236 83 36 Jack)
231 2236 44 27 for
287 2235 31 27 3s
344 2243 49 28 per
419 2232 87 35 week,
529 2232 55 28 and
609 2242 35 18 on

77 2273 2 39 •
90 2279 47 28 the
151 2276 101 29 motion
268 2275 29 28 of
312 2279 37 24 Lr
362 2273 90 39 Inglis
461 2274 66 36 they
541 2283 85 19 recom-

90 2317 117 29 mended
217 2316 77 28 John
305 2314 123 29 Sullivan
441 2314 44 28 for
493 2313 151 29 charitable

89 2357 54 29 aid.
182 2356 60 28 Mrs
252 2354 155 35 Anderson,
419 2354 70 27 Blue
500 2353 143 38 Spur,wF„s

89 2398 57 29 also
158 2394 211 32 recommended
383 2394 43 29 for
435 2404 33 18 an
480 2394 123 28 increase
616 2392 28 30 of

89 2439 146 28 allowance
248 2437 72 26 from
345 2436 33 27 4s
403 2438 28 24 to
447 2435 39 34 ss,
501 2434 53 28 and
567 2433 75 29 John

89 2479 116 34 Wilson,
219 2476 135 38 Waipori,
369 2476 44 27 for
426 2475 32 28 4s
471 2485 49 28 per
537 2474 86 29 week.

169 2526 122 21 TUAPEKA
304 2524 141 20 LICENSING
458 2524 100 21 BENCH.

125 2559 58 30 The
204 2559 147 29 Lawrence
375 2556 131 39 Borough
528 2555 114 30 Council

90 2601 84 29 asked
187 2601 43 27 for
242 2599 97 28 details
350 2598 29 27 of
388 2597 47 28 the
445 2602 114 23 amount
572 2598 68 34 (£55

92 2643 58 34 los)
165 2641 29 27 of
212 2639 72 28 their
306 2636 188 30 contribution
520 2636 121 28 towards

90 2681 133 38 licensing
247 2677 156 30 committee
428 2686 137 28 expenses
587 2676 53 29 last

89 2732 75 25 year-,
177 2720 53 30 Mad
243 2730 16 17 a
271 2719 103 28 similar
387 2722 110 33 request
511 2717 71 28 from
593 2717 47 28 the

89 2753 120 37 Vincent
224 2759 105 37 County
341 2764 6 20 i
362 2757 92 28 ouncil
463 2757 65 28 with
540 2757 98 35 regard

90 2807 29 25 to
143 2802 72 29 their
233 2798 183 33 contribution
443 2797 29 29 of
486 2799 53 27 £4l
558 2798 30 29 7s
602 2797 36 28 3d

73 2847 73 25 ?Was
156 2843 59 29 also
226 2839 133 32 received.
398 2839 60 28 The
481 2838 158 28 Alexandra

75 2879 144 40 fßorongli
235 2881 112 31 Council
360 2880 56 28 also
436 2879 84 29 asked
536 2879 43 28 for
591 2879 47 28 the

88 2926 81 28 items
183 2924 113 36 making
310 2932 35 27 up
367 2922 71 27 their
451 2920 187 30 contribution

88 2967 28 27 of
129 2965 66 34 £l9,
207 2964 56 29 and
276 2962 89 30 stated
379 2962 58 28 that
448 2961 21 28 if
478 2961 48 28 the
536 2960 101 28 annual

87 3005 186 29 contribution
293 3007 72 24 went
388 3012 34 18 on
449 3002 154 34 increasing
623 3011 15 17 a

87 3046 101 38 special
202 3050 58 22 rate
274 3043 89 28 would
377 3043 70 27 have
461 3045 27 24 to
503 3043 33 25 be
549 3041 88 28 levied

88 3091 29 25 to
130 3088 72 26 meet
212 3084 30 28 it.

125 3126 58 28 The
197 3124 73 29 clerk
285 3123 58 28 said
363 3123 35 28 he
422 3121 55 30 had
502 3124 62 26 sent
591 3120 47 29 the

71 3163 4 42 ;
89 3166 161 39 particulars
267 3163 84 30 asked
364 3163 53 29 for.

127 3206 37 29 Cr
187 3206 58 28 Sim
266 3204 68 28 took
358 3203 146 36 exception
531 3206 28 23 to
584 3212 53 26 any

73 3270 5 4 .
89 3252 132 33 payment
228 3245 85 36 being
324 3243 78 29 made
413 3248 28 24 to
453 3242 186 29 Government

89 3288 106 30 officers
209 3285 27 30 in
249 3289 162 25 connection
431 3283 67 28 with
524 3283 45 27 the
592 3281 32 29 ad-

90 3327 183 29 ministration
299 3326 28 26 of
348 3325 47 27 the
416 3323 148 36 Licensing
578 3323 62 27 Act.

90 3370 28 28 It
131 3379 55 18 was
200 3365 141 37 distinctly
355 3363 120 40 opposed
490 3368 28 24 to
532 3363 46 28 the
590 3362 49 28 law

89 3418 30 20 to
132 3409 35 28 do
180 3418 40 25 so,
234 3406 53 29 and
303 3407 33 27 he
357 3415 55 17 was
438 3404 115 38 positive
576 3403 64 36 they

90 3449 81 30 could
184 3452 49 24 not
246 3446 109 29 enforce
370 3445 70 28 their
454 3445 87 28 claim.
581 3443 57 28 The

90 3492 79 36 point
182 3488 53 30 had
248 3486 111 38 already
385 3486 69 28 been
480 3483 114 31 decided
614 3483 27 30 in

91 3532 47 27 the
151 3528 106 39 Appeal
273 3528 94 33 Court,
380 3526 55 28 and
458 3526 47 28 the
520 3528 54 25 Act
587 3535 53 17 was

90 3582 66 27 very
170 3570 73 29 clear
255 3579 35 18 on
313 3568 47 28 the
385 3566 136 39 question.
561 3564 81 30 After

90 3622 77 19 some
179 3610 108 28 further
298 3607 123 29 remarks
440 3617 28 19 as
483 3611 28 23 to
526 3606 46 27 the
586 3605 55 28 fees

90 3652 122 38 charged
228 3651 35 36 by
277 3650 47 27 the
336 3648 141 29 chairman
491 3646 53 29 and
558 3645 83 35 clerk,

89 3693 36 28 he
158 3692 96 29 moved
423 3690 28 27 in
478 3688 93 28 future
595 3687 46 26 the

90 3732 106 30 council
222 3730 107 29 decline
341 3734 28 24 to
383 3739 54 27 pay
449 3739 54 26 any
517 3730 124 25 amounts

90 3783 28 20 to
132 3783 106 19 anvone
251 3770 180 38 discharging
454 3779 54 26 any
527 3768 67 35 duty
615 3766 24 28 in

91 3812 160 30 connection
268 3810 64 28 with
353 3810 47 27 the
421 3806 219 31 administration

90 3853 30 28 of
141 3853 45 27 the
211 3850 150 36 Licensing
387 3851 55 25 Act
458 3849 59 26 who
533 3857 52 16 was
599 3857 28 16 re-

90 3893 108 35 ceiving
224 3901 98 27 money
347 3891 72 28 from
442 3890 47 28 the
517 3888 105 28 Govern-

129 3974 36 29 Cr
204 3972 164 36 Livingston
408 3968 137 32 seconded
598 3968 46 28 the

76 4014 127 35 .motion,
223 4013 156 28 whichVas
395 4010 115 30 carried.

299 4062 132 20 GENERAL.

126 4095 57 28 Tiie
197 4094 74 29 clerk
286 4104 55 17 was
355 4092 153 30 instructed
524 4095 27 24 to
567 4090 77 28 write

92 4140 27 25 to
139 4136 47 27 the
210 4135 94 29 Island
326 4135 87 27 Block
441 4134 49 28 Co.
517 4132 54 28 and
595 4132 48 27 the

91 4176 166 38 proprietors
288 4175 27 28 of
343 4172 184 41 Kilpatriek's
554 4172 88 33 claim,

91 4215 167 34 demanding
272 4215 61 30 that
346 4215 47 29 the
406 4214 66 29 road
484 4213 90 28 which
588 4223 56 18 was

90 4262 46 23 cut
150 4268 36 26 up
200 4258 36 37 by
250 4257 115 37 leakage
379 4257 70 28 from
474 4255 72 28 their
565 4264 79 28 pipes

90 4298 96 27 should
202 4297 33 29 be
248 4297 194 38 substantially
456 4294 136 40 repaired.

128 4337 134 30 Resolved
284 4344 27 23 to
332 4339 112 27 enforce
459 4335 134 40 penalties
607 4345 36 17 on

94 4378 102 27 Millers
227 4378 59 28 Fist
311 4378 99 38 bridge
442 4382 125 23 contract
602 4376 43 28 for

94 4419 73 28 work
181 4423 47 24 not
243 4428 35 28 up
292 4422 30 25 to
336 4422 123 25 contract
473 4417 76 29 time.

297 4466 143 21 ACCOUNTS.

129 4499 141 28 Accounts
294 4499 164 36 amounting
481 4502 29 24 to
535 4497 104 35 £1,433

137 4539 37 28 8d
188 4549 68 18 were
270 4538 97 38 passed
381 4539 42 28 for
437 4544 139 31 payment.

124 4620 194 46 Roxburgh
339 4619 142 51 Cycling
501 4618 96 43 Club.

130 4707 27 31 A
176 4707 109 41 general
307 4706 121 40 meeting
450 4707 28 29 of
498 4707 47 28 tlie
569 4706 52 27 Ito>
637 4724 5 3 •

93 4750 91 38 burgh
208 4749 116 38 Cycling
341 4747 70 29 Club
439 4759 53 16 was
519 4746 68 33 held,
608 4757 33 17 on

93 4790 136 38 Saturday
242 4789 120 36 evening
378 4793 27 23 to
421 4788 78 28 make
513 4797 114 25 arrange-

93 4834 90 26 ments
195 4830 43 29 for
250 4830 48 28 the
310 4828 89 30 club's
424 4828 101 28 annual
550 4829 93 36 sports

92 4872 29 29 in
146 4870 105 30 March.
303 4871 116 27 Present
483 4868 103 28 Messrs
608 4866 33 27 D.

85 4912 157 29 •Buchauan
257 4911 35 27 'in
303 4911 47 27 the
364 4910 95 33 chair),
471 4906 44 30 W.
527 4907 118 37 George,

86 4953 41 28 -D.
143 4952 134 36 O'Leary,
291 4950 36 28 D.
350 4948 92 36 felder,
463 4946 38 30 W.
518 4945 124 33 Clifford,

150 4992 188 33 'Winchester,
361 4989 56 28 and
438 4988 32 28 B.
494 4986 35 28 V.
553 4984 91 38 Reilly

82 5033 184 39 .(secretary).

130 5073 27 29 y
162 5084 14 17 r
185 5072 34 28 D.
228 5070 85 30 fcllder
323 5067 137 39 proposed
471 5066 46 29 the
527 5065 115 29 election

91 5114 31 30 cf
135 5113 77 29 three
225 5118 60 21 new
301 5108 143 30 members.

131 5155 27 28 It
183 5163 55 18 was
263 5148 117 32 deckled
406 5152 29 26 to
458 5146 105 29 receive
584 5145 61 38 lady

92 5195 138 28 members
241 5197 29 21 at
282 5202 15 16 a
310 5188 121 30 nominal
445 5188 44 28 fee
502 5188 30 27 of
550 5191 35 23 Is.

130 5235 43 28 On
186 5233 48 28 the
247 5230 103 31 motion
358 5227 34 31 .of
404 5228 103 28 Messrs
522 5226 123 37 O'Leary

92 5276 55 29 and
162 5272 123 34 Clifford,
298 5272 23 26 it
334 5280 55 18 was
402 5267 124 29 resolved
541 5271 28 24 to
581 5267 64 27 hold

91 5317 48 28 the
159 5312 101 31 annual
275 5314 90 35 sports
379 5320 35 18 on
427 5308 154 35 Thursday,
597 5306 48 29 3rd

90 5355 107 30 March.

131 5396 104 27 Messrs
251 5390 175 30 Winchester
445 5388 55 28 and
524 5387 123 36 O'Leary

93 5434 135 41 proposed
251 5433 59 28 that
333 5430 47 29 the
405 5428 186 40 prize-money
611 5428 34 28 be

92 5477 71 29 fixed
179 5478 28 25 at
220 5475 85 26 about
317 5470 68 34 £32.
388 5468 159 29 —Carried.

131 5516 57 29 The
202 5512 143 35 following
369 5510 113 30 officials
507 5519 71 18 were
597 5518 32 27 ap-

94 5555 113 40 pointed
221 5555 26 27 in
261 5552 125 33 addition
400 5556 30 24 to
442 5550 79 29 those
543 5548 104 30 ejected

80 5602 42 26 .at
147 5595 46 30 the
224 5592 101 31 annual
351 5588 298 41 meeting:—Cycling

94 5635 200 39 haodicappers
308 5644 5 17 :
349 5632 103 29 Messrs
487 5630 160 35 Buchanan,

94 5678 45 29 U'J
153 5686 64 28 esiry
230 5674 55 29 and
299 5673 185 29 Winchester.
512 5670 134 39 Running

90 5719 209 38 handieapper:
331 5714 47 31 Mr
401 5713 30 32 B.
454 5712 81 30 Hart,
576 5710 54 41 Lap-

79 5766 126 36 gßCorer.:
227 5759 46 28 Mr
292 5755 48 30 W.
366 5755 116 28 Burton.
523 5753 123 29 Starter:

214 5797 78 31 Bain.
334 5794 82 36 CJerk
428 5794 28 30 of
469 5803 113 24 course.:
605 5792 44 30 Mr

662 207 3 37 !
680 209 159 30 Buchanan.
896 210 108 32 Juices
1036 208 29 29 of
1097 207 110 37 cycling
1221 217 6 14 :

662 246 3 48 |
679 251 103 29 Messrs
800 250 42 30 VV.
860 251 32 30 A..
909 250 97 38 Reilly,
1022 251 132 38 Spooner,
1175 246 52 28 and

663 292 46 29 !T.
721 290 167 39 Thompson.
926 291 109 37 Judges
1048 291 29 29 of
1090 288 121 38 running
1224 297 5 17 :

663 328 2 39 \
680 336 103 27 Messrs
806 332 110 34 tlaines,
932 332 107 35 Dunne,
1055 330 54 28 and
1123 328 31 30 F.
1169 328 45 29 Jef-

661 368 4 43 -
679 374 69 37 fcry.
789 374 44 27 Mr
852 372 175 29 Winchester
1051 381 53 17 was
1126 368 104 30 elected

663 409 2 43 I
680 422 27 20 ro
720 418 44 25 act
783 424 30 17 as
832 413 168 39 timekeeper
1014 412 27 28 in
1055 409 175 39 conjunction

663 453 2 38 '
681 455 63 27 with
761 455 43 28 Mr
819 454 86 37 Boyd.

718 495 57 28 The
795 500 136 30 secretary
953 503 53 19 was
1029 489 153 31 instructed
1204 494 26 23 bo

663 529 2 43 I
682 535 75 30 write
771 541 27 23 to
810 534 46 31 the
872 534 109 38 League
994 533 29 30 of
1039 532 65 30 N»Z.
1121 529 91 32 Wheel-

663 571 2 44 !
683 589 59 17 men
756 577 44 29 for
824 575 161 40 permission
1000 580 27 24 to
1043 574 62 29 liold
1119 585 16 17 a
1147 571 70 31 G-old-

681 617 76 31 fields
778 615 216 39 Championship
1017 615 29 28 of
1066 621 53 22 two
1144 613 86 29 miles.

683 660 23 28 It
722 669 53 18 was
790 656 123 31 resolved
928 661 26 24 bo
970 662 48 33 put
1039 667 16 17 a
1079 654 150 29 time-limit

663 695 4 39 !
679 711 34 16 on
730 700 53 28 this
797 708 70 19 race,
881 697 46 29 the
942 697 69 28 limit
1024 700 29 25 to
1069 696 31 28 be
1112 695 69 29 fixed
1196 695 34 37 by

663 737 3 40 I
681 741 45 28 the
740 737 133 40 handicap
877 747 68 29 pers.

712 779 31 30 It
759 791 53 17 was
826 778 122 29 resolved
964 782 27 23 to
1012 778 64 28 hold
1091 789 16 17 a
1120 780 109 25 concert

679 821 25 28 in
732 821 46 28 tire
799 819 128 35 evening,
946 817 55 28 and
1018 817 101 29 .Messrs
1135 817 42 37 W.
1195 818 34 25 A.

680 862 96 35 Keillv,
801 859 27 30 $.
850 858 27 31 $■
900 858 99 37 Smith,
1014 859 54 29 and
1083 859 47 29 the
1144 868 71 19 secre-

678 907 60 32 tary
752 911 70 18 were
835 900 148 38 appointed
997 910 15 16 a
1030 905 112 22 concert
1154 909 55 18 com-

679 943 101 28 mittee.

723 984 47 27 Ihe
796 988 137 29 secretary
954 988 53 21 Wis
1034 980 152 29 instructed
1201 984 27 23 to

679 1023 75 28 write
767 1026 27 24 to
810 1023 45 27 the
872 1021 78 29 Brass
975 1020 73 28 Band
1076 1021 42 27 for
1145 1027 83 20 terms

677 1064 42 29 for
731 1062 151 39 supplying
903 1061 84 29 idnsic
1010 1068 28 21 at
1064 1061 47 28 the
1137 1067 90 32 sports

676 1104 53 28 and
745 1104 93 28 dauce.

714 1144 56 30 The
792 1141 110 42 general
919 1142 121 35 meeting
1054 1143 66 27 then
1133 1140 93 30 closed

677 1186 63 27 with
757 1185 45 28 the
817 1184 75 28 usual
908 1191 62 20 vote
979 1189 27 21 to
1021 1184 48 26 the
1079 1183 83 30 chair,
1173 1182 53 28 and

713 1224 57 28 The
780 1233 173 30 programme
963 1222 165 35 committee,
1140 1222 88 27 which

676 1265 137 29 consisted
827 1264 29 29 of
869 1265 78 27 those
967 1271 119 31 present,
1102 1268 56 24 met
1173 1263 53 27 and

676 1306 74 27 drew
770 1317 37 23 up
832 1315 16 17 a
868 1314 174 27 programme
1068 1304 29 26 of
1122 1311 105 24 events,

677 1346 65 28 with
764 1346 56 28 £32
851 1346 44 27 12s
919 1344 37 30 6d
982 1353 197 30 pnae*-money,
1200 1343 29 29 of

676 1387 87 27 which
778 1388 54 25 £26*
852 1388 45 26 15s
910 1386 23 27 is
944 1385 118 28 devoted
1077 1389 27 23 to
1116 1384 113 37 cycling

674 1425 53 27 and
742 1426 46 26 ike
805 1424 112 30 balance
931 1430 28 22 to
974 1424 130 32 running.

859 1499 184 49 Klondyke.

712 1581 52 31 We
779 1583 70 28 have
870 1581 124 30 received
1017 1582 47 29 the
1085 1580 143 39 following

674 1624 81 27 letter
780 1624 71 27 from
881 1624 41 27 .Vr
949 1624 34 26 A.
1008 1625 79 31 Koss,
1103 1621 127 29 Member

678 1663 121 36 A.M.A/,
816 1662 122 38 Sydney,
954 1662 86 28 which
1060 1662 51 28 will
1128 1662 85 28 doubt-

676 1705 52 28 less
743 1715 83 26 prove
839 1704 28 28 of
879 1703 113 28 interest
1007 1708 28 23 to
1048 1703 109 28 readers
1169 1703 4 38 :

714 1748 39 26 As
775 1756 31 17 an
1044 1743 108 36 mining
1168 1754 59 17 man

676 1786 29 27 of
724 1783 28 38 18
763 1794 82 20 Years
859 1784 142 32 standing,
1022 1784 58 37 just
1101 1783 129 28 returned

677 1826 67 29 from
760 1826 46 28 the
822 1823 124 31 Chfleoot
961 1822 76 37 Pass,
1055 1823 12 28 I
1091 1823 88 29 desire
1204 1828 27 24 to

677 1868 77 36 point
787 1872 47 22 out
866 1872 29 22 to
929 1865 227 29 fellow-workers
1185 1865 46 28 the

678 1906 141 36 following
833 1907 88 28 facts'.:

713 1948 57 28 The
783 1947 127 39 reported
932 1945 72 29 finds
1022 1945 28 29 in
1064 1945 48 29 the
1126 1945 102 29 Yukon

680 1988 78 28 Basin
781 1999 45 17 are
852 1990 114 26 correct.
1007 1985 39 29 To
1068 1990 49 34 get
1143 1985 85 34 there,

677 2030 44 28 the
749 2030 138 37 cheapest*,
914 2027 136 40 quickest,
1087 2026 53 29 and
1170 2026 58 29 best

676 2073 77 25 route
763 2067 26 31 is
803 2071 36 35 by
853 2070 47 28 the
912 2067 313 29 Canadian-Australian

676 2110 53 28 line
754 2110 70 29 from
859 2108 113 39 Sydney
1000 2113 27 24 to
1055 2107 173 34 Vancouver,

677 2151 102 28 BritisTi
794 2151 153 35 Columbia,
969 2150 98 27 thence
1091 2158 49 28 per
1166 2148 62 28 boat

676 2195 27 24 to
725 2190 142 39 Skagway
881 2192 68 35 Bay,
963 2190 53 27 and
1041 2190 99 27 thence
1165 2197 63 19 over

674 2232 48 28 the
733 2230 129 31 Chilcoot
876 2232 76 27 Pass.
991 2230 88 27 There
1098 2239 46 17 are
1166 2239 62 17 men

674 2272 27 29 in
727 2273 141 28 Australia
892 2273 62 27 who
978 2280 46 19 are
1056 2269 172 37 advertising

674 2313 54 28 San
749 2314 151 34 Francisco,
912 2312 113 33 Seattle,
1034 2310 55 28 and
1105 2309 122 28 Victoria

676 2353 99 34 (8.C.),
789 2357 30 25 to
834 2354 88 27 whom
935 2352 35 28 do
985 2354 48 24 not
1046 2350 80 28 listen
1142 2360 7 23 ;
1170 2349 58 27 also

673 2397 63 25 turn
750 2404 78 25 away
841 2394 69 29 from
926 2402 53 27 any
996 2400 99 28 person
1109 2400 31 18 or
1153 2399 56 19 com-

672 2444 74 28 pany
761 2435 61 28 who
836 2439 43 24 trv
906 2437 29 25 to
957 2436 49 35 get
1028 2442 54 26 you
1105 2434 29 24 to
1148 2440 36 24 go
1199 2432 27 27 to

672 2475 108 28 Juneau
806 2486 31 17 or
863 2475 139 36 Skagway
1029 2472 66 34 Bay.
1135 2470 89 28 These

672 2516 91 38 places
788 2526 46 18 are
860 2516 28 27 in
914 2515 47 28 the
992 2511 105 30 United
1124 2510 101 35 States,

672 2557 89 28 where
774 2566 52 20 one
841 2556 49 29 has
903 2559 28 26 to
943 2565 54 28 pay
1011 2552 101 29 double
1126 2550 44 30 for
1184 2551 40 28 his

671 2598 88 35 outfit,
774 2598 55 28 and
842 2598 70 27 from
935 2597 35 28 30
989 2600 29 23 to
1040 2594 36 28 35
1090 2603 48 28 per
1152 2597 72 23 cent,

670 2637 150 29 additional
834 2637 23 28 is
870 2637 89 28 added
973 2646 29 17 as
1017 2634 69 35 duty
1105 2632 117 35 directly

670 2688 53 26 yon
750 2681 60 34 step
834 2677 57 28 into
914 2675 119 30 Canada.
1073 2672 58 28 The
1145 2672 64 38 gold-

670 2718 77 29 fields
762 2728 46 18 are
826 2718 28 27 in
877 2717 120 34 Canada,
1024 2714 53 29 and
1104 2724 15 17 a
1145 2718 79 32 great

670 2759 117 28 mistake
801 2759 22 26 is
838 2759 79 27 made
937 2758 23 27 if
985 2767 53 27 you
1065 2754 64 27 land
1156 2753 55 28 else-

670 2798 98 30 where.
808 2799 62 28 You
884 2798 98 29 should
1010 2796 69 29 have
1104 2801 28 20 at
1156 2794 66 26 least

668 2840 56 27 £75
740 2844 27 23 to
781 2846 48 30 get
843 2843 27 24 to
888 2839 113 28 Dawson
1019 2839 68 25 from
1102 2834 121 38 Sydney.

670 2882 38 26 As
722 2881 47 27 the
783 2891 120 17 summer
917 2880 136 27 advances
1074 2877 22 27 it
1121 2874 52 29 will
1191 2875 33 28 be

667 2921 125 39 cheaper,
827 2920 175 37 particularly
1035 2918 37 37 by
1106 2916 47 29 the
1186 2915 34 28 all

668 2966 82 24 water
764 2966 79 23 route
857 2962 68 26 from
947 2961 173 30 Vancouver,
1135 2956 88 27 which

669 3002 20 28 is
703 3002 67 37 long
785 3003 49 27 but
848 3002 95 38 cheap,
965 3011 57 24 sav,
1044 2999 55 29 £3O
1122 3001 29 24 at
1175 2997 47 27 the

667 3043 116 27 outside,
824 3042 92 28 froods
931 3051 48 27 per
993 3041 54 27 this
1075 3044 77 22 route
1167 3037 54 26 will

670 3082 33 27 be
716 3082 71 28 from
801 3082 57 28 £3O
884 3091 49 26 per
958 3084 47 25 ton
1030 3076 189 34 downwards;

670 3122 45 28 the
730 3132 110 18 seasons
862 3121 54 29 and
941 3119 176 39 competition
1141 3128 68 26 iegti-

669 3162 54 28 late
736 3162 35 28 all
785 3162 97 38 prices.
922 3162 42 28 Do
989 3165 47 24 not
1061 3159 75 28 leave
1151 3158 55 28 Aus-

669 3202 80 29 tralia
762 3202 96 28 before
871 3203 60 27 first
945 3202 75 27 week
1033 3202 25 27 in
1073 3199 151 35 February.

670 3243 58 27 The
741 3242 87 29 above
851 3242 14 28 I
887 3242 69 28 have
979 3241 88 29 learnt
1084 3240 35 36 by
1141 3237 84 36 being

669 3294 34 18 on
719 3283 47 28 the
780 3287 62 34 spot
862 3282 53 29 and
931 3283 36 36 by
988 3280 136 36 speaking
1140 3284 28 23 to
1186 3284 41 21 Mr

671 3323 107 33 Ogilvie
793 3324 72 32 (who
880 3322 133 34 surveyed
1036 3321 119 29 Dawson
1170 3324 55 30 city

670 3364 51 28 and
749 3363 48 29 the
829 3363 109 28 alluvial
965 3363 105 34 chums)
1102 3362 54 27 and
1184 3362 44 25 Mr

670 3404 109 35 Sefton,
809 3404 125 28 Minister
969 3404 28 28 of
1024 3403 48 28 the
1098 3399 128 33 Interior,

670 3446 60 27 who
758 3455 54 17 was
840 3448 61 24 sent
937 3444 36 37 by
1012 3443 46 28 the
1087 3440 140 30 Canadian

670 3485 190 31 Government
874 3489 28 26 to
917 3485 107 38 inspect
1038 3484 46 28 the
1098 3482 128 30 different

670 3536 105 28 passes.

707 3566 59 29 The
791 3567 93 35 Agent
907 3565 43 29 for
973 3563 110 31 Canada
1104 3563 27 29 in
1156 3563 54 28 Aus-

671 3608 109 26 tralasia
797 3607 39 33 (J.
853 3608 28 26 S.
897 3606 98 33 Larke,
1013 3606 73 38 Esq.,
1102 3604 54 29 Pitt
1171 3604 57 27 and

674 3648 100 38 Bridge
801 3651 108 31 streets,
932 3646 122 38 Sydney)
1086 3645 54 29 will
1163 3644 65 29 bear

672 3699 41 17 me
727 3693 48 24 out
789 3688 26 28 in
832 3688 47 28 the
893 3689 96 26 above.

829 3776 237 42 Commercial.

673 3872 126 35 FRUIT,
816 3871 175 30 PRODUCE
1006 3871 22 30 &
1044 3871 179 30 POULTRY

870 3912 155 30 KEPORT.

710 3966 57 30 The
793 3966 89 36 Otago
905 3966 77 30 Fruit
1013 3968 54 28 and
1103 3966 122 31 Produce

676 4007 123 38 Agency,
816 4008 49 27 182
883 4008 123 28 Princess
1021 4011 93 28 street,
1130 4008 75 28 Dune-

674 4048 45 28 din
759 4048 108 37 (agents
901 4048 44 29 for
973 4049 47 29 the
1046 4048 97 30 Teviot
1171 4049 54 27 and

675 4090 154 27 Alexandra
846 4088 207 37 Fruitgrowers'
1071 4090 153 38 Company,

677 4130 125 35 Limited)
818 4134 90 33 report
922 4141 28 17 as
967 4131 106 28 follows
1088 4143 5 15 :

710 4177 159 29 Fruit.—ln
880 4178 70 37 good
961 4179 99 37 supply
1088 4177 117 29 Peaches
1219 4189 5 16 :

673 4217 105 36 Teviot,
792 4218 34 29 3d
842 4222 28 26 to
884 4219 34 29 Gd
935 4229 46 23 per
999 4219 37 29 lb.
1079 4219 128 33 Apricots
1220 4217 4 36 :

673 4259 96 29 Teviot
785 4259 111 35 (small),
911 4260 53 30 2H
983 4264 28 24 to
1037 4260 37 28 4d
1100 4270 50 25 per
1174 4259 28 27 lb
1219 4281 5 5 .

673 4300 109 28 Plums:
804 4299 151 39 Imported,
970 4303 30 27 5s
1015 4300 35 29 fid
1065 4304 28 24 to
1108 4300 30 28 7s
1153 4298 56 29 half-

673 4350 70 20 case.
782 4340 97 28 Teviot
893 4342 96 29 cherry
1012 4341 100 38 plums,
1127 4339 54 31 2id
1197 4344 28 23 to

675 4380 138 39 3dperlb.
855 4381 124 29 Cherries
993 4382 86 35 (short
1090 4380 110 37 supply)
1218 4391 5 15 :

673 4420 93 36 Local,
781 4420 52 30 oi-d
849 4424 28 24 to
893 4421 33 29 7d
941 4433 47 26 per
1014 4421 37 34 lb;
1078 4419 146 38 imported,

675 4463 33 28 fid
720 4466 28 24 to
759 4462 36 28 8d
806 4472 47 27 per
862 4461 36 31 lb.
938 4462 137 33 Bananas,
1087 4460 35 29 2d
1133 4464 27 23 to
1171 4461 14 27 2
1192 4460 31 36 \(\

674 4514 48 27 per
735 4503 37 27 lb.
814 4502 138 33 Oranges*.
982 4502 100 34 Tahiti,
1094 4502 33 28 9s
1136 4504 29 25 to
1179 4501 46 29 lOs

673 4554 88 28 per

674 4594 69 19 case.
783 4582 136 30 Lemons:
942 4582 108 36 Italian,
1068 4583 84 28 17sto
1176 4582 49 28 21s

673 4636 50 26 per
736 4634 70 19 case.
846 4624 143 28 Tomatoes
1001 4634 5 16 :
1040 4622 115 34 Nelson,
1169 4621 54 31 5H

673 4664 94 29 tovtJAd
783 4674 47 27 per
839 4664 38 33 lb;
891 4663 76 34 local,
984 4662 36 30 7d
1042 4667 28 24 to
1084 4662 34 29 8d
1129 4673 49 26 per
1197 4662 26 28 lb

674 4704 178 35 Cucumbers,
866 4705 32 26 4s
929 4707 29 25 to
988 4704 31 28 Os
1050 4713 50 27 per
1129 4702 95 28 dozen.

673 4742 204 38 Gooseberries:
901 4744 19 27 (5
927 4753 72 26 reen,
1014 4745 6 26 1
1028 4743 17 28 d
1056 4753 47 27 per
1111 4742 38 32 lb;
1160 4742 65 37 ripe,

673 4786 35 28 2d
720 4789 28 24 to
762 4784 34 28 3d
809 4795 48 26 per
867 4784 37 27 lb.
946 4783 133 28 Currants
1096 4782 37 36 (in
1152 4781 73 39 good

672 4824 129 31 demand)
817 4821 4 38 :
848 4823 91 32 Black,
953 4823 53 36 2£d
1021 4828 28 24 to
1063 4822 36 28 3d
1123 4831 50 27 per
1187 4821 38 36 lb;

673 4866 58 33 red,
750 4864 54 35 2}d
818 4867 29 24 to
909 4873 48 27 per
971 4864 36 28 lb.
1047 4862 180 37 Raspberries

674 4904 144 35 (wanted),
833 4903 36 29 5d
882 4908 28 23 to
925 4904 15 27 s
949 4903 31 29 ld
1002 4914 49 27 per
1073 4902 37 29 lb.
1151 4901 57 29 Rhu-

675 4944 77 33 barb,
767 4944 30 27 6s
811 4947 28 24 to
854 4944 30 28 7s
899 4953 48 26 per
959 4947 61 23 cwt.
1062 4942 163 33 Cocoanuts,

677 4985 28 27 7s
720 4994 47 27 per
779 4984 75 27 sack.
896 4982 67 28 New
977 4983 86 34 dates,
1090 4982 51 29 fij-s
1167 4982 53 28 and

677 5024 98 32 ginger
789 5024 27 27 in
830 5023 89 28 stock.

713 5064 132 28 Produce.
848 5062 165 29 —Potatoes
1025 5061 4 31 :
1080 5061 146 30 Peninsula

675 5104 128 37 kidneys,
824 5104 29 28 8s
869 5106 27 26 to
910 5104 29 27 I'M
954 5113 49 27 per
1016 5106 62 30 cwt;
1101 5101 126 33 Oamaru,

717 5145 35 29 Gd
762 5150 27 24 to
838 5154 49 29 per
895 5150 62 22 cwt.
998 5143 109 28 Butter:
1131 5142 96 37 Fresh,

676 5186 35 28 5d
726 5191 28 23 to
767 5186 35 27 fid
817 5196 49 26 per
879 5185 37 32 lb;
931 5184 52 28 salt
997 5183 120 37 (prime),
1141 5185 15 26 G
1167 5184 8 26 1
1200 5188 28 24 to

677 5226 51 30 Gl-d
744 5236 48 28 per
802 5226 38 28 lb.
880 5225 66 35 Pigs
958 5222 4 42 :
985 5222 90 29 Prime
1090 5222 22 42 (1
1121 5222 64 30 301b
1200 5228 28 25 to

677 5268 106 33 1701b),
799 5266 53 36 3|d
877 5276 50 27 per
953 5264 36 29 lb.
1030 5263 92 29 Bacon
1140 5264 84 35 (roils,

677 5308 109 37 prime).
869 5316 49 28 per
933 5304 36 30 lb.

713 5346 218 38 Poultry.—We
967 5344 48 27 sell
1054 5344 110 37 poultry
1193 5345 37 38 by

677 5388 108 27 auction
825 5396 81 26 every
949 5384 100 37 Friday
1091 5384 138 39 morning.

679 5428 127 39 Supplies
819 5426 98 29 should
931 5425 80 29 reach
1026 5435 32 17 us
1072 5435 33 18 on
1128 5424 85 30 Thurs-

677 5469 62 37 day.
780 5468 96 28 Crates
887 5466 126 36 supplied
1024 5465 88 28 where
1123 5476 92 18 necess-

677 5519 57 27 ary.
773 5507 93 29 Prices
879 5511 29 24 at
924 5504 124 38 Friday's
1063 5505 54 28 sale

678 5550 77 28 Hens
769 5549 87 32 Good,
871 5548 30 28 3s
916 5552 27 24 to
959 5547 30 29 3s
1014 5546 37 28 Id
1078 5556 49 26 per
1151 5548 77 36 pair-;

677 5589 87 35 small,
795 5589 32 28 2s
852 5588 37 29 2d
915 5591 28 25 to
968 5588 31 27 2s
1023 5585 36 30 fid
1086 5596 48 29 per
1161 5587 67 38 pair.

678 5631 140 33 Roosters,
845 5632 30 25 4s
908 5627 36 30 6d
977 5631 29 24 to
1036 5628 29 26 5?
1095 5638 50 26 per
1164 5628 67 37 pair.

679 5671 104 34 Ducks,
796 5670 32 27 4s
841 5673 29 26 to
884 5669 31 28 4s
929 5667 34 29 Gd
980 5678 48 27 per
1041 5668 67 37 pair.

716 5712 52 30 We
783 5711 62 31 hold
858 5710 109 30 auction
979 5708 69 30 sales
1060 5709 28 30 of
1101 5709 69 30 fruit
1178 5709 54 30 and

678 5754 121 38 produce
812 5754 84 36 daily.
934 5751 58 37 Top
1006 5750 90 38 prices
1114 5761 102 29 guaran-

678 5794 72 30 teed.
789 5792 121 31 Returns
924 5792 74 32 .week
1004 5790 35 30 Iv.

1261 200 222 45 Lammerlaw
1511 198 30 43 &
1568 198 115 51 Upper
1705 196 110 43 Taieri

1448 247 183 52 Diggings.

1295 334 30 20 P.v
1340 339 43 16 oua
1398 334 99 21 Millers
1512 331 58 22 Flat
1585 330 199 21 Correspontfat.

1299 362 27 28 It
1341 362 22 28 is
1382 371 60 19 now
1463 369 74 20 some
1556 357 131 40 eighteen
1706 358 110 28 months

1245 390 2 41 !
1262 402 73 28 since
1352 403 10 27 1
1378 403 59 27 first
1449 398 102 31 visited
1573 398 54 29 this
1642 402 104 24 remote
1761 398 42 29 dis-

1245 437 3 42 |
1263 442 72 29 trier.
1376 443 13 27 I
1410 443 65 28 then
1509 438 139 41 predicted
1681 437 61 30 that
1772 448 44 20 ere

1245 478 3 41 !
1263 483 65 36 long
1341 483 20 28 it
1385 482 88 27 would
1487 482 113 27 become
1613 480 47 26 the
1679 482 94 25 centre
1787 478 30 28 of

1245 519 3 35 I
1264 522 105 29 mining
1382 522 123 32 activity.
1546 519 135 30 Whether
1691 529 30 17 or
1732 523 47 25 not
1787 524 29 24 at

1245 562 2 45 j
1261 567 44 26 the
1329 566 64 27 'inii
1417 567 10 26 I
1450 574 54 19 was
1523 562 122 39 inspired
1674 562 65 28 with
1768 562 47 29 the

1245 602 3 41 j
1260 605 80 37 spirit
1359 605 188 37 of'prophecy
1562 603 14 28 I
1599 603 34 27 do
1655 606 47 23 not
1723 602 90 34 know,

1245 642 1 44 j
1261 645 48 28 but
1323 649 28 24 at
1364 645 35 29 all
1415 650 94 23 events
1525 654 45 24 my
1585 642 167 40 predictions
1766 653 46 18 are

1245 681 1 41 |
1260 696 58 18 now
1329 697 34 16 on
1378 697 16 16 a
1408 686 50 27 fair
1471 695 56 27 way
1543 690 29 23 to
1588 683 84 39 being
1686 682 126 30 fulfilled.

1245 724 1 39 I
1262 726 141 37 Although
1427 731 28 22 at
1481 725 61 28 that
1567 724 66 28 time
1661 724 76 28 there
1759 732 54 19 was

1245 765 1 38 j
1260 777 54 18 was
1328 767 64 36 only
1412 777 34 18 an
1467 765 55 30 odd
1547 765 153 29 Chinaman
1716 775 30 18 or
1760 770 53 25 two

1245 803 1 39 !
1260 814 26 21 to
1302 808 33 27 be
1357 810 54 25 met
1434 807 66 26 with
1527 815 102 27 among
1644 807 46 26 the
1705 805 108 37 gullies,

1245 846 1 38 j
1260 848 75 28 there
1349 858 44 17 are
1407 856 62 19 now
1490 855 42 20 six
1555 855 30 19 or
1605 854 83 20 seveu
1712 846 101 38 parties

1245 889 13 28 l
1258 889 28 28 of
1323 895 156 30 hiuropenns
1509 897 38 23 or,
1578 897 74 16 more
1678 889 135 35 correctly

1245 923 1 43 I
1258 928 145 38 speaking,
1414 925 67 29 New
1498 925 174 37 Zjalanders,
1685 927 109 28 number-

1245 966 1 40 i
1258 969 48 37 ing
1319 969 86 27 about
1418 972 114 31 twenty,
1542 977 60 18 now
1617 966 66 29 hard
1697 971 29 24 at
1737 967 75 29 work

1258 1009 53 28 and
1324 1007 164 39 apparently
1500 1007 36 29 all
1547 1007 87 36 doing
1647 1007 81 35 fairly
1742 1009 71 34 well;

1245 1048 1 30 •
1258 1049 101 29 several
1377 1055 82 21 water
1472 1057 75 19 races
1559 1048 69 28 have
1645 1048 67 28 been
1730 1049 82 29 taken

1257 1101 33 17 on
1307 1097 26 20 to
1348 1090 71 26 their
1432 1088 96 28 claims
1551 1088 71 28 from
1650 1090 47 26 the
1723 1089 89 29 Taieri

1245 1128 1 37 I
1263 1129 84 36 hiver,
1364 1139 75 18 some
1453 1128 28 29 of
1506 1128 76 29 them
1610 1128 52 28 five
1689 1129 52 29 and
1771 1129 40 29 si.*

1245 1169 1 38 I
1259 1172 75 28 miles
1359 1170 77 37 long.
1479 1169 42 28 All
1555 1170 47 28 the
1631 1170 99 37 parties
1758 1171 33 28 ha
1804 1169 4 38 1

1245 1210 1 39 |
1257 1221 65 27 very
1335 1210 70 28 little
1420 1210 99 37 capital
1533 1210 79 27 when
1626 1211 64 26 ticv
1706 1211 103 28 startel

1245 1249 1 37 !
1258 1252 83 34 work,
1356 1250 53 29 and
1423 1256 53 22 two
1492 1250 125 30 brothers
1631 1249 54 31 told
1700 1263 40 17 me
1752 1252 60 28 that

1245 1290 1 39 '
1257 1294 65 35 they
1337 1292 52 28 had
1406 1296 72 24 noba
1488 1290 91 39 single
1589 1291 131 37 sixpence
1734 1292 76 28 wh'm

1245 1330 1 39 \
1258 1334 64 35 they
1337 1330 104 30 starred
1457 1335 27 24 to
1498 1335 47 24 cut
1559 1331 71 27 their
1642 1341 68 25 race,
1725 1332 85 28 which

1245 1370 1 42 I
1259 1374 20 28 is
1294 1384 66 18 over
1380 1372 63 29 four
1469 1371 77 29 miles
1573 1370 75 38 long,
1675 1374 53 27 and
1752 1374 60 28 that

1245 1412 1 37 i
1260 1415 63 30 they
1338 1412 72 28 lived
1425 1412 102 37 during
1542 1412 45 27 the
1602 1412 65 28 time
1695 1424 32 16 «>n
1753 1422 57 18 o.v-

1245 1452 1 37 I
1262 1452 66 30 meal
1342 1453 54 27 and
1409 1453 115 27 rabbits.
1563 1452 71 28 Now
1647 1454 62 35 they
1724 1452 86 30 would

1245 1492 1 35 j
1260 1499 47 22 not
1323 1492 63 28 take
1399 1494 75 26 .£l5O
1489 1492 66 27 each
1570 1492 43 28 for
1636 1494 71 28 their
1732 1494 80 28 share

1259 1532 27 28 in
1313 1532 71 27 their
1408 1531 96 33 claim;
1525 1531 53 27 and
1606 1534 66 26 such
1700 1544 72 19 men.
1801 1534 12 26 I

1245 1569 1 42 I
1260 1572 133 33 consider,
1405 1571 114 27 deserve
1530 1569 35 29 all
1576 1571 65 38 they
1652 1576 55 35 get.
1748 1572 65 30 This

1245 1612 1 32 I
1262 1615 21 25 is
1297 1612 157 31 essentially
1467 1622 16 16 a
1495 1622 66 22 poor
1572 1612 88 30 man's
1670 1612 142 32 diviners.

1245 1654 2 37 I
1262 1656 61 34 Any
1351 1656 80 35 party
1467 1654 149 35 providing
1649 1654 164 29 themselves

1245 1692 2 35 ;
1262 1695 63 27 with
1342 1698 52 24 two
1415 1702 31 18 or
1468 1692 78 28 three
1570 1694 120 29 months'
1705 1694 105 33 tucker,

1246 1732 1 40 '
1260 1736 52 28 and
1329 1734 86 38 going
1429 1732 129 38 properly
1581 1737 28 25 to
1632 1734 85 31 work,
1733 1734 12 28 I
1761 1735 51 29 will

1261 1781 149 30 guarantee
1424 1772 53 28 will
1493 1773 80 29 make
1586 1775 69 27 from
1672 1780 29 22 tl
1728 1776 43 26 lOs
1787 1785 26 17 to

1246 1812 2 39 '
1264 1817 34 27 £•'>
1312 1826 12 15 a
1343 1814 83 28 week,
1475 1812 80 29 '.'here
1579 1815 21 26 is
1614 1826 15 16 a
1644 1815 75 36 large
1742 1818 65 24 tract

1246 1852 44 37 jof
1321 1859 117 34 country
1469 1854 61 28 that
1561 1855 49 29 lias
1635 1867 83 17 never
1744 1856 66 28 been

1246 1894 2 40 j
1261 1895 127 36 touched,
1402 1896 134 36 although
1550 1896 47 28 the
1623 1900 72 24 most
1718 1896 28 28 of
1768 1897 45 27 the

1246 1935 2 41 I
1261 1938 98 38 gullies
1373 1945 70 20 were
1457 1936 162 37 prospected
1636 1937 27 28 in
1679 1937 46 28 the
1739 1937 73 37 early

1245 1977 3 37 j
1261 1979 76 33 days,
1351 1978 53 26 and
1427 1986 75 17 some
1523 1986 66 20 very
1616 1978 56 27 rich
1699 1978 113 36 patches

1246 2013 1 46 j
1260 2018 103 30 struck.
1405 2017 61 30 Still
1483 2016 45 29 the
1549 2027 79 29 spurs
1643 2028 71 19 were
1729 2028 83 19 never

1260 2059 126 34 touched,
1408 2058 55 28 and
1486 2068 74 17 some
1587 2059 29 27 of
1642 2059 74 27 them
1746 2059 66 27 h.ive

1245 2099 5 27 I
1259 2098 197 39 gold-bearing
1481 2098 74 28 wash
1577 2098 61 29 30ft
1651 2098 69 39 deep
1747 2099 63 27 with

1245 2139 1 39 ;
1260 2148 94 30 plenty
1377 2140 29 28 of
1429 2144 83 23 water
1534 2139 132 28 available
1681 2140 70 28 from
1767 2140 45 28 the

1245 2180 1 29 •
1258 2181 87 28 Taieri
1379 2181 52 27 and
1466 2181 36 27 its
1535 2180 167 28 tributaries.
1755 2180 58 27 The

1245 2216 1 42 !
1257 2226 116 31 country
1406 2221 57 28 also
1495 2219 125 30 abounds
1652 2221 28 27 in
1714 2226 96 32 quartz

1245 2260 1 40 !
1258 2263 80 34 reefs,
1351 2261 90 28 which
1455 2260 64 38 only
1540 2261 108 39 require
1662 2260 132 38 enterpris-

1245 2298 1 43 j
1258 2305 49 36 ing
1338 2306 174 34 prospectors
1554 2305 28 24 to
1625 2302 79 27 make
1737 2301 73 29 them

1245 2341 1 37 ;
1258 2343 141 28 amenable
1415 2348 27 23 to
1456 2341 99 37 capital
1569 2341 53 28 and
1638 2341 104 35 labour,
1757 2341 53 26 and

1245 2381 1 40 i
1257 2383 57 29 also
1328 2382 146 39 profitable
1487 2386 29 24 to
1526 2382 46 28 the
1583 2382 130 28 investor.
1754 2381 56 28 The

1257 2423 107 29 natural
1379 2423 119 28 features
1520 2422 29 29 of
1573 2423 48 28 the
1635 2429 116 31 country
1766 2433 44 16 are

1256 2464 145 29 otherwise
1424 2463 136 38 inviting;
1582 2463 47 28 the
1656 2463 60 38 spur
1731 2463 15 38 3
1761 2463 45 38 are

1255 2505 68 37 long
1336 2505 55 28 and
1417 2504 144 28 unbroken
1587 2503 56 28 and
1669 2513 122 27 compara-

1255 2546 85 37 tively
1366 2545 79 35 level,
1471 2545 104 35 having
1601 2554 16 17 a
1646 2543 66 35 rich,
1740 2543 68 37 deep

1255 2587 59 34 soil,
1330 2587 115 36 bearieg
1458 2597 34 17 an
1519 2586 143 28 abundant
1688 2595 64 25 crop
1779 2584 28 27 of

1253 2627 66 34 soft,
1334 2627 84 28 silver
1431 2627 122 33 tussock,
1568 2626 53 27 and
1633 2635 35 19 no
1683 2625 85 28 doubt
1784 2634 21 16 is

1254 2666 97 37 highly
1364 2666 121 37 adapted
1500 2671 27 23 to
1542 2675 75 28 grow
1626 2664 101 29 cereals
1739 2663 53 28 suit-

1253 2707 62 29 able
1328 2711 27 23 to
1366 2706 66 38 high
1441 2706 139 28 altitudes.
1621 2703 116 35 Though
1749 2715 43 16 sur-

1254 2747 123 27 rounded
1406 2747 35 37 by
1474 2745 151 29 snow-clad
1653 2744 154 29 mountains

1253 2788 45 28 the
1325 2788 109 27 climate
1462 2787 21 27 is
1511 2787 75 33 mild,
1612 2795 69 18 eveu
1707 2785 27 26 in
1761 2784 46 27 the

1253 2828 97 28 winter
1365 2828 73 28 time.
1480 2828 57 27 The
1551 2826 64 37 only
1626 2824 148 30 drawback
1786 2825 20 27 is

1253 2868 137 32 firewood,
1405 2868 53 28 and
1474 2869 60 28 that
1548 2867 22 29 is
1584 2866 167 29 substituted
1770 2867 34 29 by

1253 2911 95 37 plenty
1362 2910 29 28 of
1406 2914 72 33 peat,
1493 2908 98 34 which,
1602 2908 22 28 if
1637 2907 63 34 only
1716 2912 47 23 cut
1777 2907 26 28 in

1254 2952 44 27 the
1314 2950 75 38 right
1403 2961 96 17 season
1512 2948 54 28 and
1587 2947 128 38 properly
1729 2947 75 29 dried

1253 2991 92 28 makes
1377 3001 16 17 a
1426 2989 128 39 splendid
1586 2990 57 26 fire.
1693 2988 33 28 In
1761 2987 45 29 the

1253 3032 114 35 lagoons
1382 3031 54 27 and
1450 3030 96 28 creeks
1572 3040 46 17 are
1643 3040 34 16 an
1699 3029 73 27 abnn
1788 3030 19 19 '-

1251 3081 67 19 ance
1331 3071 30 28 of
1373 3071 64 34 eels,
1452 3070 53 28 and
1520 3070 47 28 the
1581 3068 89 28 Taieri
1684 3068 84 28 River
1783 3068 20 27 is

1253 3114 122 33 teeming
1396 3110 65 30 with
1489 3110 74 38 huge
1589 3113 83 30 trout,
1699 3119 51 17 one
1775 3107 29 29 of

1255 3152 87 27 which
1358 3152 10 26 I
1384 3151 84 27 dined
1488 3150 39 29 off
1547 3150 141 35 weighing
1712 3148 94 35 ]t>lbs;

1254 3192 53 26 and
1323 3190 63 29 wild
1401 3191 88 27 ducks
1502 3201 45 17 are
1561 3190 57 28 also
1630 3200 65 25 very
1710 3189 82 36 pleuti
1803 3189 4 36 -

1256 3231 35 28 ful
1309 3236 27 24 to
1351 3230 71 37 good
1438 3233 165 36 sportsmen.
1645 3229 36 27 So
1691 3229 68 31 that,
1772 3239 31 16 on

1257 3273 43 27 the
1327 3271 98 36 whole,
1440 3271 13 27 I
1480 3270 90 30 would
1594 3269 94 28 advise
1711 3275 96 27 strong

1258 3324 91 25 young
1365 3322 70 24 men,
1452 3312 60 27 who
1526 3321 45 17 are
1596 3309 118 29 inclined
1733 3317 25 20 to
1773 3309 35 27 do

1257 3365 14 16 a
1281 3353 70 27 little
1367 3352 139 38 roughing
1519 3351 54 28 and
1587 3350 61 28 love
1661 3361 15 17 a
1686 3350 56 28 free
1756 3349 52 29 and

1245 3390 1 40 I
1257 3393 187 37 independent
1457 3392 57 35 life,
1528 3396 28 24 to
1580 3396 44 32 try
1650 3391 72 28 their
1737 3390 71 28 luck.

1245 3428 1 41 I
1257 3433 111 29 Several
1394 3433 95 29 claims
1514 3432 70 28 have
1611 3432 68 26 been
1701 3430 107 39 pegged

1245 3467 59 42 (out
1337 3474 81 31 lately
1453 3473 85 29 below
1572 3470 120 38 Laffey's
1719 3470 89 34 claim,

1245 3514 1 37 |
1258 3516 140 28 Canadian
1425 3515 68 34 Flat,
1514 3516 43 26 for
1580 3514 139 36 dredging
1747 3522 61 28 pur-

1245 3553 1 41 I
1258 3565 87 29 pose*,
1360 3555 54 28 and
1434 3555 14 28 I
1462 3554 127 29 consider
1603 3554 76 28 there
1693 3553 21 28 is
1729 3562 79 27 every

1245 3595 1 38 !
1258 3596 148 29 indication
1424 3596 59 27 that
1509 3595 66 38 gold
1601 3595 85 27 exists
1713 3603 34 19 on
1764 3598 44 22 the

1245 3632 1 44 j
1257 3637 47 29 flat
1317 3637 27 28 in
1359 3636 116 38 payable
1495 3634 159 41 quantities,
1682 3644 28 19 as
1737 3632 70 38 good

1245 3674 1 44 |
1257 3686 142 30 prospects
1413 3688 49 17 can
1478 3677 33 28 be
1526 3681 49 33 got
1595 3676 84 34 along
1695 3675 45 28 the
1758 3674 49 28 bed

1245 3709 40 38 lof
1298 3718 47 29 the
1360 3718 78 27 river.
1479 3717 88 28 There
1580 3716 23 27 is
1617 3716 57 27 also
1700 3714 110 28 electric

1245 3755 1 35 I
1258 3759 99 28 motive
1383 3768 92 22 power
1501 3757 28 29 in
1549 3757 46 28 the
1622 3755 87 29 Taieri
1737 3755 70 27 Fails

1256 3800 134 27 sufficient
1410 3803 28 24 to
1464 3799 76 26 drive
1561 3801 104 29 twenty
1680 3796 130 36 dredges.

1758 91 199 47 MOUMT
2043 79 229 53 BEKGEfi
2358 72 142 55 MAIL

136 111 169 50 Friday,
322 110 195 48 January
533 109 57 43 21,
613 107 106 40 1893

1261 3888 16 37 *
1297 3879 190 65 fiie
1518 3875 165 70 Old

1374 4111 9 6 ..
1406 4111 6 6 .
1432 4111 7 5 .
1461 4088 58 27 Has
1545 4096 61 18 now
1628 4108 5 5 .
1657 4108 5 5 .
1686 4108 5 5 .

1344 4151 69 36 NO
1456 4144 267 41 TERRORS.'

1256 4242 13 29 '
1283 4241 158 50 Two
1464 4238 224 51 Tears'

1374 4323 431 63 Indigestion.*

1255 4434 6 13 '
1274 4434 167 37 Almost
1461 4433 118 38 went
1605 4431 128 39 Blind
1758 4431 47 38 in

1405 4483 70 39 the
1504 4483 154 38 Street.'

1293 4544 52 28 llh]
1372 4543 102 29 USED
1501 4566 6 6 .
1536 4565 5 7 .
1571 4565 6 7 .

1393 4628 275 56 3MENTS

1239 4811 128 52 iHope
1398 4811 190 41 Dawned

1455 4873 62 38 He
1546 4882 93 28 was
1666 4871 142 39 Cured.

1416 4973 46 31 Mr
1487 4972 34 30 D.
1549 4971 100 37 Laing,

1302 5028 229 32 Graham-street,
1555 5024 99 27 Albert
1680 5023 80 35 Park,

1471 5075 131 34 Victoria,

1241 5125 3 35 ]
1259 5133 101 20 writ-son
1375 5131 48 26 Xlny
1440 5129 44 26 8:li,
1508 5127 50 21 1893
1579 5125 42 22 :—I
1645 5125 89 22 suffered
1759 5125 52 20 from

1242 5160 2 41 j
1258 5167 120 27 indigestion
1389 5167 32 20 for
1430 5172 48 14 over
1488 5167 41 18 two
1538 5169 66 20 years,
1614 5162 40 20 and
1670 5160 54 23 after
1746 5160 67 26 trying

1258 5202 27 19 all
1304 5204 52 17 sort-i
1374 5201 21 18 of
1412 5198 98 21 medicine
1530 5196 87 20 without
1635 5196 149 24 improvement
1804 5193 7 19 I

1242 5229 3 33 !
1259 5244 49 12 five
1326 5237 17 19 it
1361 5242 34 20 up.
1405 5233 40 21 and
1456 5232 38 22 felt
1505 5237 46 14 sure
1562 5237 33 19 my
1606 5237 44 14 case
1661 5236 39 13 was
1709 5229 103 26 hopeless.

1242 5265 3 31 '
1262 5272 107 24 However,
1379 5278 11 13 a
1400 5268 67 22 friend
1477 5266 113 28 persuaded
1598 5273 33 12 me
1638 5268 21 17 to
1666 5267 33 24 try
1706 5265 105 20 Clements

1243 5300 2 28 !
1259 5306 70 21 Tonic.
1357 5306 9 20 I
1376 5305 34 20 did
1420 5311 28 16 so,
1459 5303 40 19 a-id
1510 5302 35 19 the
1555 5301 43 19 first
1609 5300 66 20 bott'e
1685 5300 35 20 did
1738 5306 33 13 me
1790 5305 22 13 so

1243 5330 2 34 !
1259 5342 61 20 much
1331 5348 24 13 L-o
1367 5340 14 20 d
1392 5341 45 19 that
1447 5339 52 25 hope
1514 5335 94 25 dawned,
1628 5334 42 21 and
1689 5334 9 19 I
1709 5334 53 20 tried
1772 5335 42 18 two

1243 5367 2 32 j
1261 5374 145 25 Hiore.'bottles,
1416 5372 35 20 the
1462 5370 64 21 result
1546 5369 60 24 being
1624 5368 46 20 that
1689 5367 10 21 I
1718 5373 32 13 am
1769 5372 46 14 now

1244 5400 2 39 j
1261 5409 123 26 thoroughly
1394 5407 53 25 well,
1458 5412 36 14 can
1504 5407 34 17 eat
1548 5404 52 24 w<dl,
1611 5404 51 19 have
1668 5402 73 26 gained
1750 5400 61 28 flash,

1244 5437 2 33 I
1260 5445 39 20 and
1305 5444 76 26 always
1389 5443 38 20 feel
1440 5442 19 20 in
1475 5439 101 20 excellent
1590 5438 75 26 spirits.
1693 5437 36 26 My
1743 5444 56 19 symp-

1244 5468 2 38 j
1261 5482 52 16 toms
1324 5481 146 17 were—soveie
1482 5472 112 22 haadaches
1611 5471 63 27 daily,
1698 5472 117 19 sometimes

1244 5496 2 41 !
1260 5511 60 26 going
1328 5510 74 21 almost
1412 5507 55 22 blind
1478 5506 20 21 in
1510 5505 35 21 the
1558 5505 72 26 street,
1640 5505 51 20 liver
1701 5504 103 26 complica-

1244 5531 2 32 '
1262 5534 52 25 Uons
1324 5538 60 25 being
1395 5543 47 18 <rery
1452 5534 84 26 seriiiua,
1546 5538 26 15 no
1587 5532 59 21 hsart
1664 5531 32 21 for
1715 5531 99 28 business,

1245 5564 2 33 I
1262 5572 80 25 gettii.'g
1357 5571 54 19 little
1422 5571 41 17 re.--1
1476 5567 52 20 from
1543 5566 62 25 sleep.
1633 5565 49 20 This
1705 5564 111 27 happened

1245 5600 2 31 •
1261 5606 64 22 about
1336 5612 41 14 two
1386 5611 58 20 years
1452 5610 46 19 ago,
1515 5601 38 20 but
1570 5600 11 22 I
1600 5600 52 21 have
1670 5600 109 21 continued
1795 5607 22 14 so

1245 5635 2 27 :
1263 5641 45 21 well
1318 5641 28 20 all
1357 5640 40 21 this
1405 5640 49 20 tin.e
1469 5637 46 22 that
1527 5637 7 20 I
1545 5644 32 12 am
1588 5642 45 14 now
1642 5637 37 19 not
1698 5635 65 21 afraid
1781 5635 36 21 the

1245 5668 3 33 !
1266 5675 33 21 old
1310 5679 72 22 enemy
1393 5673 41 20 will
1452 5676 79 16 return.
1557 5670 11 21 I
1585 5669 59 20 know
1661 5668 22 21 of
1701 5674 40 15 two
1760 5675 56 14 cases

1246 5704 2 30 I
1266 5710 68 23 where
1341 5709 108 23 Clements
1457 5705 63 24 Tonic
1528 5704 37 23 has
1578 5704 38 22 had
1630 5704 36 22 the
1679 5710 55 16 same
1746 5704 71 26 (sfDcS,

1247 5740 2 29 I
1264 5747 40 20 and
1313 5745 56 24 I;«kP
1382 5741 93 26 boneatly
1486 5740 128 21 recommend
1624 5740 23 21 it.

1586 5779 34 28 D.
1647 5778 131 29 LA.ING.

1850 282 130 46 LOOK!
2010 267 365 77 READIJiONSIDER

1879 368 59 22 ISIT
1961 366 16 22 F
2010 362 148 23 jFFFERY'S
2180 360 96 21 FANCY
2299 360 57 21 GOO
2361 361 37 20 US'

1871 387 1 27 ■
2079 390 40 20 »''"l
2137 395 40 19 y»>u
2200 388 41 19 will
2260 387 83 21 endorse
2363 392 35 17 tiie

1845 424 93 24 opinions
1947 422 22 20 of
1978 417 142 26 others—viz,,
2133 416 46 20 that
2187 416 25 19 he
2224 416 35 19 has
2269 414 34 22 fcho
2316 414 82 26 Largest

1845 452 40 21 and
1896 452 53 19 Most
1958 447 106 26 Complete
2074 444 85 27 Display
2168 442 21 21 of
2201 442 13 21 F
2224 442 71 21 YN'CY
2306 442 37 21 GO
2353 444 44 20 )1)S

1848 479 75 21 [useful
1942 473 127 25 ornamental
2078 472 40 20 ami
2136 471 93 27 pleasure
2238 470 76 26 giving)
2325 478 25 13 on
2361 472 36 20 the

2057 499 118 22 GoldfieMs.

1845 534 118 22 Caiiatm'A3,
1987 528 106 26 Wedding,
2113 525 41 22 and
2179 524 101 26 Birthday
2300 525 94 21 Prestmls

1966 559 41 27 (No
2017 557 71 26 charge
2099 555 32 21 for
2142 553 129 26 iusoecion.)

1845 591 58 25 Toys.
1913 589 101 23 Crockery
2024 585 39 20 and
2072 585 120 22 Glassware,
2204 582 69 26 Va*es,
2279 581 114 22 Christmas

1845 618 113 24 Magazines
1968 614 38 26 (for
2017 612 64 20 which
2092 611 69 20 orders
2167 617 36 13 can
2212 611 24 19 be
2244 609 94 25 booked),
2350 616 43 14 new

1894 644 74 23 Books,
1978 641 78 21 Tobarc
2065 638 61 22 'mats'
2138 637 75 26 Giods,
2224 636 118 27 Stationery

1844 673 74 21 Pitent
1930 670 115 21 M-dome--,
2059 666 110 22 P-iifames,
2186 665 67 20 Toilet
2271 663 122 28 R-quisine?,

1900 698 40 22 and
1951 698 66 24 Fiarty
2029 696 31 20 Go
2069 692 3 30 >
2081 702 15 12 h
2107 693 21 21 of
2138 700 60 18 every
2208 692 132 23 description.

1923 733 80 22 XVUS
2016 732 16 20 ft
2048 730 38 22 NR
2095 728 17 19 V
2130 728 76 21 YEAR
2219 727 100 25 CARDS,

1843 763 60 20 From
1922 771 9 10 ;i
1953 760 69 21 Pe-Hiv
2041 757 101 28 upward?,
2161 755 106 27 i.iclulini;
2283 754 108 27 JdiV-jHed,

1845 790 73 24 Relief,
1931 789 150 24 Photogravure
2090 785 40 21 and
2146 784 69 21 Co'mc
2229 783 86 26 d-»iga*.
2346 783 14 20 B
2367 788 26 16 »st

1875 821 61 16 assort
1941 815 22 21 ad
1975 814 57 20 sv.clc
2043 813 19 20 in
2196 817 24 13 »'i
2231 811 52 19 vinw
2293 813 21 17 *t
2325 810 34 20 the,

1904 846 140 34 TEVIOT
2081 840 250 36 LHSPfcJtfSIRT.

2003 926 26 34 F
2099 919 142 53 effery,

1844 980 204 32 ciisMisr.
2096 979 18 28 is
2137 978 68 28 »>:
2225 992 6 8 >
2253 976 135 35 i-ifiEa,

1869 1020 223 35 STII'KMEK,
2107 1014 113 33 NiSYtfS
2236 1017 134 30 AGtiNT.

2010 1069 17 20 r
2037 1069 16 17 o
2064 1068 19 20 x
2097 1068 12 19 p,
2121 1066 18 22 U
2151 1066 17 21 R
2177 1066 21 20 O
2210 1065 19 21 ft
2237 1065 4 24 .

1946 1120 166 29 J>iv.:oli!)

2154 1146 47 27 XV
2206 1158 84 30 EIGN
2291 1157 5 13 T
2300 1181 5 6 .

1893 1244 22 30 0
1940 1243 98 32 enable
2065 1242 46 31 the
2139 1240 92 42 pablic
2258 1244 26 23 to
2312 1237 82 30 Dress

1870 1277 11 21 L
1928 1286 117 29 suitable
2055 1289 27 24 tr»
2094 1286 47 26 the
2152 1282 133 32 ocaision,
2300 1281 13 27 I
2329 1281 66 26 have

1956 1334 182 33 RKHUCkD
2163 1332 129 30 PRICKS

1843 1380 29 29 of
1886 1390 39 17 m\
1925 1390 6 9 T
1947 1378 75 35 largfl
2040 1376 53 30 arirl
2109 1375 90 30 varied
2231 1374 79 32 'toek,
2326 1383 42 16 v;z
2390 1374 4 39 :

1919 1420 86 32 Suits,
2018 1420 18 26 ,fc
2041 1416 4 36 :
2047 1419 8 26 )
2075 1418 29 28 3s
2117 1429 6 22 ;
2147 1416 137 34 Tron-er*,
2307 1416 52 28 lo,s.

1918 1458 117 38 Factory
2051 1476 10 4 -
2078 1456 78 30 made
2199 1457 84 32 Suits,
2326 1455 48 26 -is
2389 1464 7 23 ;

2000 1506 6 20 1
2017 1508 116 24 routers,
2147 1498 31 26 Gs
2193 1497 44 27 o\i.

1870 1540 71 32 Ties
1958 1538 80 36 Cups,
2054 1536 110 31 Braces,
2180 1535 58 32 &c,
2253 1534 34 27 6U
2304 1532 73 30 each.

1846 1578 75 31 Hard
1937 1578 54 28 and
2008 1577 61 28 Soft
2084 1574 61 30 Felt
2169 1578 77 31 hats,
2271 1573 30 29 Is

1864 1657 125 24 REDUCT
2004 1658 6 9 V
2011 1656 35 21 XS
2063 1656 31 21 IN
2110 1656 53 19 AM,
2177 1654 96 20 OTHER
2287 1651 88 21 LINES.

1941 1723 39 41 E,
2027 1700 121 63 A,~H
2167 1718 135 49 ART,

1843 1783 105 23 TAILOR
1972 1783 15 19 &
2012 1778 196 23 GENTLEMEN'S
2234 1775 165 24 OUTFITTER.

1902 1821 258 30 SeOTI,AXD-STKKET,
2184 1815 160 28 ROXBURGH.

1928 1967 160 25 barrister
2103 1968 61 20 and
2178 1964 155 24 solicitor,

2040 2013 165 34 Lawrexck,

1846 2084 64 28 Will
1937 2080 94 30 attend
2060 2080 45 28 tlie
2127 2076 150 30 Roxburgh
2302 2075 96 29 Court.

1846 2164 99 30 Money
1957 2169 26 21 to
1998 2161 59 29 Leni

1931 2307 49 31 1L
1991 2307 85 29 LIA
2086 2305 29 28 M
2163 2305 43 40 \i
2230 2300 88 30 ALO
2330 2299 67 36 XE,

1928 2459 171 38 General
2136 2457 171 40 Grocer,

1866 2608 266 31 SCOTLAXD
2145 2625 9 4 -
2166 2607 18 29 S
2196 2605 21 29 T
2232 2605 20 28 B
2269 2601 18 31 E
2304 2603 17 29 G
2335 2603 31 34 T,

2006 2732 223 32 ROXBURGH.

1925 2844 130 42 jgh
2131 2839 239 42 BRUCr

1932 2912 201 32 NOVUDING
2163 2909 137 36 HOUStf,

1868 2966 317 32 WHITKHAVfiX-aTiiKET,
2213 2961 149 28 LaWURNCB

1905 3012 143 38 (Opposite
2067 3011 113 35 English
2196 3008 129 37 Church.)

1850 3102 82 22 FIRST
1950 3102 84 21 CLASS
2059 3096 245 27 ACCOMMODATION
2328 3097 53 21 FOR

1926 3130 57 21 Tilt;
2001 3133 10 17 .1
2018 3128 163 22 RAVELLING
2200 3126 108 23 ttJuMO.

1886 3213 77 28 Good
1989 3212 129 36 Stabling*
2144 3211 52 26 and
2220 3208 127 28 Paddock

1990 3252 254 30 .riccomniodatum.

1925 3334 166 29 —Changes
2115 3333 149 27 Mowis-ats

1853 3481 186 36 VfILLSiiS
2108 3479 93 30 FLAT
2260 3475 135 37 HOTEL,

2194 3903 8 23 i
2206 3903 151 24 ToDnetor.

1935 4036 67 77 E,
2053 4034 256 66 JOHNS,

2006 4165 228 38 Merchaixu.

1962 4219 173 32 MliiLBKS'
2175 4221 98 29 FLAT.

1878 4304 57 28 The
1961 4302 105 38 largest
2100 4303 54 27 and
2192 4303 180 28 best-assorv
2382 4299 7 28 1

1841 4345 85 29 Stock
1939 4346 29 27 of
1982 4344 117 29 General
2119 4342 22 30 G
2153 4343 59 29 x>ds
2231 4344 28 27 ia
2273 4353 53 26 any
2342 4352 32 28 up-

1840 4389 116 27 country
1970 4391 73 21 store
2057 4384 26 28 in
2100 4382 99 35 O'tajyo.

1876 4426 141 28 Groceries
2038 4424 55 29 and
2123 4423 154 30 Provisions
2299 4422 27 29 of
2349 4422 44 28 the

1840 4466 60 28 best
1912 4466 82 28 kinds
2004 4469 28 25 at
2045 4468 70 25 most
2126 4464 157 30 rsasonable
2296 4463 96 38 prices.

1877 4508 148 34 Crockery,
2052 4504 79 30 Glass
2135 4502 84 33 wire?
2249 4504 128 30 {rju'tnou-

1840 4556 77 28 gery,
1932 4547 93 34 Boots,
2040 4546 97 34 Shoes,
2149 4545 49 28 &c.
2216 4545 3 39 j

1841 4589 158 28 Customers
2013 4586 100 29 waited
2126 4596 35 19 on
2175 4581 75 33 lulili
2268 4593 15 30 p
2295 4592 47 21 irts
2363 4583 30 31 of

1841 4629 47 27 the
1905 4628 120 30 district.

1991 4707 31 29 E.
2062 4707 99 29 JOII
2176 4705 72 36 NS,

1852 4755 116 22 GROCER
1982 4756 61 20 AND
2061 4756 137 21 GENERAL
2213 4752 166 24 iIERGMANT.

2043 4821 155 21 AGENCIES:

1842 4848 174 30 Manchester
2029 4849 63 29 Fire
2106 4849 150 29 Insurance
2271 4847 48 29 Co.

1840 4890 158 28 Australian
2010 4889 104 29 Mutual
2126 4889 147 29 Provident
2284 4888 110 37 Society

1848 4961 125 57 WM.
2002 4957 390 66 KINASTON,

1905 5035 256 48 Hermitage,
2184 5036 142 39 S':r33t,

2016 5095 24 28 K
2051 5106 14 17 o
2077 5104 15 20 x
2105 5106 14 18 \-,
2132 5106 12 19 u
2158 5106 14 18 j:
2184 5105 14 20 g
2213 5103 26 27 iij

1843 5158 238 39 CARPENTER,
2109 5157 174 34 BUILDER

1844 5233 6 7 .
1872 5233 7 7 .
1902 5233 5 7 .
1931 5233 6 6 .
1958 5210 167 30 PICTURE
2152 5209 167 35 FRAMER,
2344 5216 55 19 and

1989 5263 266 40 Undertaker,

1845 5347 109 28 Picture
1969 5346 170 39 Mouldings,
2152 5347 119 31 Glasses,
2293 5346 104 34 Paints,

1911 5387 55 29 and
1993 5386 227 34 Paperbansrings
2245 5387 29 29 of
2295 5386 34 28 all

1956 5427 182 38 descriptions
2152 5429 28 27 in
2198 5428 88 28 stock.

1846 5480 101 29 Orders
1963 5479 84 28 taken
2071 5480 42 28 for
2133 5480 99 38 supply
2246 5480 28 29 of
2288 5478 112 30 Timber

1989 5520 28 28 in
2031 5529 53 29 any
2099 5519 157 39 quantities.

1947 5603 105 39 having
2072 5604 114 29 secured
2205 5616 17 17 a
2243 5602 157 31 First-class

2007 5670 235 45 HEARSE,

1846 5732 175 41 is'propared
2033 5736 29 25 to
2082 5732 120 29 conduct
2222 5733 133 30 Funerals
2373 5732 27 30 in

1999 5776 75 37 parts
2088 5772 30 29 of
2130 5773 47 28 the
2191 5773 118 30 district.

2427 409 17 17 r
2445 409 57 40 pß
2509 411 12 15 iJ
2522 423 6 13 j
2554 407 180 38 Advertising
2759 406 110 29 Author
2894 403 83 28 sends
2998 402 105 38 Hearty
3128 400 147 37 Greetings
3300 402 26 26 bo
3344 406 82 28 every
3445 393 106 36 Friend,

2511 449 67 29 each
2593 449 152 34 Customer,
2758 447 55 28 and
2824 446 35 28 all
2874 444 131 29 Readers.

2477 524 84 31 MAY
2587 524 66 30 1893
2674 522 120 32 BtUNG
2817 519 112 31 MUCH
2950 518 114 30 SOLID
3086 513 239 33 PROSPERITY
3348 513 47 28 TO
3420 510 82 30 ALL.

2500 591 79 28 Your
2591 590 72 39 good
2678 590 97 28 wishes
2789 598 63 18 ever
2866 585 97 39 highly
2977 583 148 31 esteemed.
3164 583 78 28 Your
3261 584 152 35 patronage
3436 575 118 30 desired.

2427 632 75 29 Your
2516 630 94 29 orders
2622 628 124 31 coveted.

2499 672 58 28 The
2571 672 122 29 smallest
2706 670 80 29 order
2799 667 119 31 receives
2932 665 47 30 the
2993 676 74 19 same
3084 664 135 29 attention
3243 672 28 19 as
3295 661 47 28 the
3364 660 115 34 biggest
3492 667 60 19 one.

2429 712 43 29 All
2486 712 178 29 instructions
2678 710 141 38 faithfully
2833 706 144 30 observed.
3018 706 88 37 Every
3123 705 90 38 parcel
3227 701 140 30 delivered
3381 698 108 31 FRISG.

2502 753 33 28 Jti
2550 752 157 40 Prosperity
2721 751 101 33 always
2836 746 129 32 Humble.
3005 745 33 31 In
3057 745 240 39 Disappointment
3308 751 62 20 ever
3384 738 131 40 Hopeful.

2500 792 100 36 Yours,
2629 793 64 28 with
2720 791 158 28 confidence
2904 788 27 28 in
2957 798 69 27 your
3055 787 159 38 judgment,
3241 783 56 29 and
3321 781 85 37 ready
3433 781 43 28 for
3501 788 53 29 any
3565 781 3 47 j

2573 1033 101 30 CASH
2699 1031 160 35 DRAPER,
2881 1028 202 35 CLOTHIER,
3104 1025 81 31 aND
3205 1024 208 30 IMPORTER.

2808 1084 70 29 Rosa
2900 1082 96 36 Place,
3017 1081 163 29 Lawrence.

2944 1317 143 30 TAILOR
3115 1316 83 28 AND
3226 1313 164 30 HATTER.

2819 1400 40 22 AM
2873 1397 158 28 acknowledged
3047 1400 21 18 to
3081 1397 26 20 be
3120 1395 73 21 second
3207 1397 21 18 to
3242 1401 53 14 none
3309 1394 32 20 for

2817 1461 119 28 STYLE

2964 1497 166 38 QUALITY

3132 1533 315 31 WORKMANSHIP!

2953 1656 156 25 RESIDENTS
3135 1656 36 21 OF
3197 1654 187 22 ROXBURGH-

2777 1688 80 27 Kindly
2868 1686 112 22 remen.her
2994 1686 46 21 that
3049 1684 66 27 owing
3128 1685 22 20 to
3161 1690 33 20 my
3205 1683 96 20 immense
3311 1682 130 26 assortment,
3452 1681 35 19 the
3496 1679 60 22 Show

2827 1717 19 20 in
2858 1717 35 19 the
2904 1715 104 21 Windows
3018 1714 16 20 is
3045 1713 47 26 only
3102 1719 12 14 a
3123 1719 48 18 very
3181 1710 59 21 small
3251 1708 72 28 partof
3334 1715 33 21 my
3379 1708 126 21 Exiuuitiou.

3241 1753 4 7 '

2831 1784 108 25 Intending
2949 1783 117 21 Customers
3076 1781 41 20 will
3128 1780 41 20 fin.l
3179 1779 44 20 that
3234 1778 9 21 I
3254 1778 50 21 have
3316 1777 59 20 made,
3382 1776 35 21 the
3424 1776 64 21 inside
3494 1775 21 21 of
3523 1782 33 19 my

2778 1811 159 21 E4:il«iiflhmeiic
2955 1816 34 21 esp
3003 1809 59 25 ciahy
3081 1810 66 18 at'rac
3159 1807 39 20 ive.
3216 1806 39 19 ami
3274 1804 103 21 earuest.lv
3391 1804 64 19 inviw
3473 1809 40 19 you
3535 1806 21 15 to

2777 1844 83 17 saunter
2874 1837 89 28 through
2981 1839 34 19 the
3035 1835 81 23 various
3134 1835 145 25 Departments
3294 1831 40 22 and
3349 1831 82 27 Inspect
3441 1830 36 21 the
3487 1830 70 21 Litest

2779 1867 102 21 Fashions.

2814 1934 184 30 OPPOSITE
3020 1931 108 30 BANK
3152 1929 47 29 OF
3221 1928 89 29 NEW
3330 1926 191 36 ZEALAND,

3100 1971 162 29 Lawkekck.

2438 2407 43 45 f\
2486 2405 152 32 ALGETY
2659 2404 22 29 &
2704 2401 197 36 COMPANY,
2921 2400 173 35 LIMITED,
3117 2399 55 39 beg
3193 2401 29 27 to
3239 2406 144 21 announce
3402 2396 62 29 that
3482 2395 72 30 their

2560 2485 149 33 SECOND
2748 2483 113 30 WOOL
2902 2483 96 29 SALE
3036 2481 75 29 FOR
3149 2478 91 30 THIS
3281 2477 147 30 SEASON

2857 2562 29 29 W
2887 2562 8 11 r
2896 2562 29 28 ill
2951 2563 34 29 be
3010 2560 63 30 held
3099 2570 35 19 on

2427 2641 336 66 MONDAY,
2814 2642 59 52 10
2875 2639 51 30 th
2977 2634 376 68 JANUARY,
3414 2634 134 55 1898.

2499 2822 113 31 WOOL
2632 2822 42 29 for
2688 2822 54 28 this
2759 2820 62 28 Sale
2837 2824 71 23 must
2922 2818 78 29 reach
3015 2829 49 17 our
3079 2817 93 29 Stores
3187 2820 47 24 not
3248 2813 68 28 later
3330 2813 63 29 than
3409 2811 120 31 THURS-

2427 2904 85 36 DAY,
2539 2904 47 29 the
2613 2904 52 27 6m
2691 2897 194 33 JANUARY.

2499 2977 104 30 Advice
2620 2975 93 35 Notts,
2731 2973 119 29 Address
2866 2971 108 35 Labels,
2989 2969 59 37 &c,
3062 2973 78 36 posfce

2692 3111 189 39 g3^Address
2902 3120 68 29 your
2991 3109 216 39 Consignments
3230 3111 25 26 to-

2834 3320 313 31 DUNiiDIN.

2622 3458 94 48 To
2778 3454 209 58 Siieep

2695 3869 45 28 IS'
2758 3864 214 31 ANNUALLY
3003 3864 98 29 USED
3131 3859 102 31 UPON
3265 3858 21 29 K.

2427 3921 351 70 QUARTER
2793 3935 66 23 °«
2862 3935 38 21 HB
2915 3914 238 59 SHEEP
3169 3931 34 21 w
3215 3928 60 33 ™.
3299 3904 250 58 WORLD

2463 4040 59 31 ITS
2543 4037 234 33 BENEFICIAL
2802 4033 165 33 EFFECTS
2987 4030 80 31 AND
3086 4027 168 32 LASTING
3280 4017 231 37 PiIOPB*TI3S

2827 4086 128 30 ALONE
2983 4082 111 31 MAKE
3120 4081 38 30 IT

2427 4149 151 61 ME
2620 4146 395 61 CHEAPEST
3049 4141 94 55 OF
3184 4139 141 56 ALL
3368 4132 183 53 DIPS.

2425 4260 64 35 gSS*
2493 4257 176 29 Procurable
2699 4261 69 21 from

2914 4287 102 30 ■JOHN
3043 4282 218 34 THOMPSON,
3291 4280 130 28 Lvavl-vv

2836 4331 63 29 And
2921 4330 72 28 from
3016 4327 34 29 all
3075 4325 86 30 Stock
3183 4323 54 30 and
3264 4320 68 31 Sr.ari
3346 4320 21 40 »i
3399 4320 16 25 A

2469 4417 176 44 Murray,
2672 4412 174 37 Roberts
2880 4408 78 37 and
2991 4405 89 42 Go.,
3382 4405 2 56 1

2518 4802 33 51 l\
2569 4812 123 36 "\A'
2714 4803 70 48 s[";''
2872 4808 27 35 X
2901 4817 5 16 :
2913 4802 136 50 '\,..fi?
3118 4802 223 52 fli^>w

2531 4938 96 53 \V/
2655 4953 59 41 '/■■■
2743 4937 35 49 \\
2779 4948 21 23 N
2841 4933 62 57 #
3153 4956 26 38 \

3234 4949 6 7 '
3264 4937 16 25 /
3297 4937 2 25 •
3318 4937 7 25 /
3348 4944 9 18 \
3377 4941 9 15 N
3407 4941 20 21 \
3457 4937 19 25 /'

2412 5084 3 135 j
2546 5120 155 61 NEW
2705 5084 302 94 '"RAPID
3053 5116 46 57 B
3114 5110 329 63 [CYCLES.

2461 5226 24 22 IT
2507 5223 115 24 GEORGE
2638 5221 204 23 ENGINEERING
2855 5221 51 24 CO.,
2921 5220 101 25 LltfrrsD,
3037 5224 34 14 are
3080 5217 35 21 the
3127 5216 79 21 Makers
3215 5212 23 24 of
3247 5214 35 21 tha
3290 5213 49 26 only
3353 5212 77 26 Bicycle
3441 5214 114 25 powssi.ts

2461 5242 4 37 |
2488 5243 26 32 'ia
2525 5242 68 37 liappy
2603 5250 137 23 combination
2751 5251 36 20 the
2797 5249 114 27 perfection
2921 5247 21 21 of
3539 5253 14 3 -

2601 5282 223 31 STABILITY!
2904 5280 141 30 SPEED!
3125 5274 242 33 DURABILITY
3382 5274 6 29 !

2477 5326 48 22 This
2535 5325 42 23 fact
2586 5325 36 21 Ins
2632 5324 81 21 become
2722 5322 103 27 generally
2836 5320 114 28 recognised
2961 5322 21 19 in
2991 5318 105 28 Tuapska,
3107 5317 39 22 and
3157 5319 20 20 in
3187 5322 139 20 couvrpeno
3342 5315 11 20 I
3367 5320 33 15 atn
3415 5314 54 27 daily
3479 5315 74 25 selling

2411 5343 2 34 j
2427 5357 57 20 thes-
2494 5354 104 20 Machines
2609 5355 21 17 to
2641 5351 86 26 Cyclists
2740 5350 43 21 who
2794 5352 51 19 liave
2854 5350 49 19 hoen
2914 5347 142 27 disappointed
3067 5347 25 21 >»v
3101 5346 61 20 other
3173 5344 75 24 nukes,
3261 5343 40 21 and
3313 5343 44 19 who
3367 5343 94 24 arejjlad,
3472 5343 83 26 indeed,

2411 5373 2 32 !
2427 5385 32 20 for
2469 5390 31 13 me
2511 5386 20 15 to
2542 5381 57 19 make
2610 5379 89 20 theraan
2709 5377 110 21 allowance
2829 5377 30 20 for
2871 5376 54 20 their
2935 5373 104 22 discarded
3051 5377 83 17 mounts

2411 5404 3 60 |
2428 5423 55 35 As
2495 5420 92 36 Part
2599 5417 194 44 Payment
2802 5414 64 37 for
2877 5425 23 25 a
2913 5411 187 38 Machin-e
3109 5412 95 43 they
3212 5419 78 26 can
3305 5408 168 45 Depend
3487 5417 66 26 on.

2482 5507 65 22 Those
2559 5507 43 17 wh»
2611 5510 34 14 are
2656 5507 34 15 no*;
2704 5508 21 15 in
2734 5508 12 14 a
2756 5507 88 21 pisinoa
2855 5507 20 13 10
2886 5507 99 19 purcnase
2995 5507 38 11 one
3043 5507 19 11 01
3074 5498 56 20 these
3140 5495 52 22 ideal
3202 5495 68 22 ateedi
3280 5502 37 13 cri
3327 5493 69 22 obtain
3408 5494 53 20 from
3476 5499 30 16 n;e

2549 5533 68 29 NkW
2639 5539 55 21 and
2720 5531 200 29 {Second-hand
2948 5526 130 30 Bicycles
3101 5525 31 29 of
3153 5534 83 25 every
3258 5521 178 40 description.

2412 5557 6 132 j
2645 5578 691 90 charleslstokes,

2586 5687 216 37 MERCHANT
2834 5685 152 37 TAILOR,
3013 5685 70 29 Ross
3114 5682 99 36 Placs,
3238 5680 162 32 Lawrence.

2415 5724 3 47 j
2838 5731 92 36 Agent
2956 5727 44 31 for
3025 5724 140 41 Tuapeka.

2417 5763 1 43 i
2482 5779 122 27 Ottalogaes
2618 5782 26 14 oa
2659 5771 139 29 Appliwtioa.
2860 5774 160 11 «-*—---
3071 5765 76 23 >Waen
3159 5765 100 25 Ordering
3273 5764 91 22 Mention
3382 5763 134 23 thuuPauer..

3568 197 1 50 I
3589 204 259 43 Speargrass
3882 198 91 40 Flat
4011 197 136 38 Hotel,

3692 263 100 31 BALD
3814 262 95 31 HILL
3933 259 109 33 FLAT.

3588 348 90 21 JAMES
3689 346 154 22 FALCONER
3947 355 22 4 -
3995 342 141 22 PropbIBTOR

3629 416 59 28 'HE
3701 416 86 28 above
3802 413 85 29 Hotel
3899 412 56 29 will
3969 411 35 29 be
4017 408 89 30 found
4125 418 17 19 a.

3620 466 5 4 ■
3671 464 73 21 most
3770 454 180 31 comfortable
3979 451 55 29 and
4066 448 60 30 well-

3587 497 150 40 appointed
3750 496 95 28 House
3859 496 37 36 by
3919 492 154 30 Travellers
4086 489 55 29 aud

3587 541 46 28 the
3645 537 94 41 public
3753 536 151 40 generally.
3944 534 119 30 Patrons
4077 539 64 30 may

3586 581 58 38 rely
3657 591 35 18 ou
3706 589 83 27 every
3807 577 136 30 attention
3958 576 84 38 beiug
4056 573 85 40 given

3588 626 26 25 to
3625 620 72 29 their
3709 619 127 29 comfort.

3586 696 44 27 An
3643 694 159 29 Excellent?
3815 691 88 30 Table
3917 692 119 28 Always
4051 687 88 30 Kerr.

3647 767 72 39 Ouly
3736 767 45 29 the
3796 767 67 28 Best
3876 765 118 39 Liquors
4007 761 78 41 Kept

3791 808 29 27 in
3835 807 95 28 Stock.

3587 861 158 31 First-class
3760 861 137 38 Stabling,
3913 859 66 29 with
3997 858 101 30 Groom
4113 855 29 30 in

3779 903 175 28 attendance.

3588 991 280 56 RAILWAY
3946 988 197 33 HOTEL,

3678 1061 67 22 ROSS
3763 1058 100 26 PLACE,
3885 1055 167 23 LAWRENCE.

3588 1129 157 45 Joseph
3772 1127 105 42 Oox,
3905 1123 238 47 Proprietor

3623 1217 60 29 J.C.
3699 1218 70 35 begs
3790 1218 28 24 to
3831 1213 127 27 intimate
3971 1213 61 27 that
4044 1212 36 27 he
4092 1211 51 27 has

3587 1256 153 40 purchased
3772 1254 47 29 the
3850 1254 87 29 above
3964 1251 179 30 well-known

3588 1298 141 35 Hostelry,
3737 1295 54 29 and
3807 1296 94 36 hopes,
3910 1295 38 36 by
3957 1293 80 28 strict
4050 1296 77 24 atten-

3589 1338 56 28 tion
3659 1343 28 23 to
3701 1336 47 28 the
3758 1334 117 30 comfort
3883 1334 29 28 of
3925 1325 154 36 travellers
4087 1331 57 28 and

3589 1379 46 28 the
3648 1375 93 40 public
3755 1374 150 39 generally,
3918 1377 29 25 to
3962 1375 73 26 meet
4047 1371 66 29 with
4127 1382 17 18 a

3589 1419 52 27 fair
3654 1417 80 28 share
3746 1415 29 29 of
3787 1420 162 33 patronage.

3626 1457 59 29 The
3707 1456 123 37 Kailway
3851 1454 24 29 is
3897 1465 53 18 one
3963 1453 30 29 of
4006 1452 48 30 the
4066 1452 77 29 best-

3571 1490 3 46 I
3589 1497 148 37 appointed
3748 1496 99 28 Hotels
3856 1494 107 29 outside
3972 1493 30 29 of
4014 1490 130 31 Dunedin

3589 1536 98 30 Under
3699 1536 87 28 J.C.'s
3800 1537 202 34 management,
4013 1533 46 28 the
4070 1542 55 19 com-

3589 1576 55 30 fort
3657 1576 29 28 of
3695 1580 112 34 patrons
3816 1574 53 28 will
3882 1574 33 29 be
3927 1573 78 29 made
4016 1581 16 20 a
4041 1571 103 40 special

3588 1618 114 33 feature,
3716 1615 54 30 and
3784 1626 35 18 no
3832 1614 82 30 effort
3925 1614 52 30 will
3995 1614 33 28 be
4042 1611 101 40 spared

3588 1662 28 24 to
3629 1657 65 39 give
3706 1665 84 28 every
3803 1654 180 30 satisfaction.

3588 1731 57 28 The
3657 1731 63 28 best
3734 1729 102 29 brands
3850 1729 29 28 of
3900 1728 105 35 Wines,
4030 1726 111 39 Spirits,

3623 1771 56 29 and
3693 1771 66 28 Ales
3772 1770 101 37 always
3893 1768 67 39 kept
3973 1769 27 27 in
4014 1768 90 29 stock.

3588 1844 128 39 Simpson
3728 1842 55 30 and
3799 1841 97 31 Hart's
3910 1841 66 29 Ales
3989 1840 101 39 always
4104 1849 36 19 on
4151 1840 2 43 :

3833 1883 68 38 Tap.

3586 1957 157 29 First-class
3755 1956 129 38 Stabling
3897 1954 244 30 Accommodation

3569 2034 2 59 !
3594 2039 277 54 jyjASOHIC
3917 2037 210 38 HOTEL
4132 2034 8 27 3

3680 2098 68 21 ROSS
3762 2097 95 24 PLACE,
3872 2096 168 21 LAWRENCE.

3584 2167 33 29 R.
3638 2167 113 29 WEBB

3957 2165 180 29 PROPRIETOR.

3621 2247 58 29 The
3911 2245 101 30 affords
4035 2244 36 30 all
4090 2244 49 29 the

3568 2279 1 45 I
3583 2288 132 29 comforts
3728 2288 29 28 of
3769 2298 16 18 a
3798 2287 89 36 home,
3897 2286 55 30 and
3965 2286 23 30 is
4002 2285 133 39 provided

3583 2329 66 28 with
3664 2329 47 27 the
3732 2338 66 28 very
3818 2328 61 28 best
3892 2326 246 30 Accommodation

3582 2368 44 29 for
3652 2368 160 28 Travellers.
3852 2367 158 29 First-class
4042 2365 94 29 Table.

3582 2409 68 28 Best
3670 2407 97 30 Wines
3789 2408 54 29 and
3865 2408 100 38 Spirits
3987 2406 102 38 always
4108 2405 29 29 in

3582 2449 89 28 stock.

3705 2516 131 21 CHARGES
3856 2513 160 23 MODERATE.

3617 2571 59 30 The
3701 2571 158 40 Proprietor
3885 2570 99 30 wishes
4010 2572 29 27 to
4062 2569 76 30 draw

3582 2613 109 38 Special
3715 2613 135 28 attention
3876 2616 28 24 to
3933 2612 47 27 the
4007 2610 131 38 Stabling

3582 2653 246 28 Accommodation
3847 2651 144 39 provided,
4004 2650 90 29 which
4114 2650 23 29 is

3582 2693 154 34 unlimited,
3750 2692 53 28 and
3817 2691 28 29 of
3859 2693 46 26 the
3919 2692 62 27 best
3995 2691 76 28 kind.

3619 2785 5 18 f
3650 2778 231 29 ICTOKIA
3957 2777 27 29 H
3997 2778 22 27 0
4032 2775 22 31 T
4072 2780 20 24 E
4105 2775 32 32 L,

3673 2846 70 21 PEEL
3756 2845 110 24 STREET,
3885 2843 165 24 LA.W.H.ENOE.

3608 2940 169 35 Ronald
3807 2937 309 36 Montgomery,

3776 2994 179 30 Proprietor.

3569 3079 3 40 I
3586 3089 59 29 One
3667 3088 29 28 of
3716 3088 47 28 the
3784 3090 72 24 most
3881 3086 182 29 comfortable
4084 3086 57 28 and

3612 3126 227 32 best-couducted
3854 3125 155 31 Hostelries
4019 3137 35 18 ou
4066 3126 47 29 the

3732 3170 89 26 OtaoY>
3836 3166 160 29 Goldtields.

3683 3258 58 22 HOT
3763 3257 61 22 AND
3845 3257 73 21 COLD
3937 3257 100 21 BATHS.

3610 3328 108 29 Sample
3739 3327 95 28 Rooms
3856 3335 49 19 for
3925 3325 183 30 Travellers.

3583 3410 166 36 Passengers
3758 3407 85 29 called
3854 3406 42 30 for
3905 3407 45 27 the
3959 3407 75 38 early
4042 3407 93 33 Train.

3587 3556 61 60 D.
3694 3555 63 61 M

3788 3553 169 26 ITCH
3990 3553 19 24 E
4041 3553 20 26 L
4092 3553 20 25 L

3640 3700 70 25 TEE
3755 3698 162 26 POP6TLAR
3951 3697 122 30 HOUSE,

3762 3761 200 26 LAWRENCE.

3586 3844 20 19 _s
3618 3842 52 17 now
3687 3833 104 32 opening
3810 3840 31 23 up
3861 3831 39 24 his
3922 3830 64 24 First
4007 3830 127 31 Shipment

3598 3879 25 25 of
3639 3877 144 27 SUMMER
3799 3873 170 31 DRAPERY,
3985 3873 132 26 consisting

3597 3924 24 24 of
3629 3923 30 24 all
3671 3924 39 24 the
3718 3923 70 24 latest
3800 3919 118 26 noveltie3
3927 3921 35 23 for
3973 3918 40 25 the
4022 3918 95 31 coming

3666 3970 91 21 season,
3775 3960 48 25 and
3836 3960 78 31 prices
3927 3961 23 21 to
3969 3958 87 24 match*

3704 4001 121 28 Millinery
3840 4007 14 15 a
3877 3997 137 31 Speciality.

3781 4141 76 25 Visits
3891 4140 92 25 Millers
4009 4138 45 25 Fla
4102 4137 42 26 nd*

3608 4181 108 31 oxburgh
3729 4186 73 24 every
3817 4180 36 24 six
3870 4179 87 24 weeks.

3584 4353 112 61 m

3618 4524 130 22 ROYAL

4013 4514 165 27 kerMajesty

3589 4605 5 28 j
3603 4599 38 27 A«0
3648 4599 25 27 BY
3684 4598 87 28 SPECIAL
3778 4589 178 37 WARRASTTOfIRiI.

3616 5631 172 40 TOTHILL,
3808 5633 175 42 WATSON,
4004 5637 24 31 &
4050 5638 67 37 CO.,

3692 5708 143 28 «£•:•■<-etreet.
3856 5709 111 28 Invaror
3976 5712 44 34 HI,

3584 5755 4 32 ;
3610 5755 31 23 So
3651 5764 12 15 e
3684 5758 6 13 '-
3700 5762 66 19 uraafa
3783 5759 34 20 tor
3833 5760 76 27 Ui*{>
3929 5769 24 12 t1
3967 5755 3 32 \
4002 5755 3 32 •;
4018 5770 24 15 .j,
4060 5769 8 15 \
4085 5771 26 15 w
4122 5755 4 32 1
