3310 4340
79 157 34 43 IN
123 148 146 46 ANCIENT
282 147 106 40 MAORI
400 145 102 43 LAND.

83 271 61 16 Votes
164 267 110 16 coixeoted
292 265 53 14 from
362 265 41 13 the
421 264 73 13 descen-

84 283 5 6 '
103 293 62 17 DOTS
172 292 25 13 OF
204 290 40 14 TUB
259 288 124 15 AIiOMGIXAT,
393 287 76 13 r-EOI'LE
484 285 23 14 OF

117 319 17 12 hi
148 313 122 16 iiaxoitaiki
273 305 219 21 ValleyaxutheUkk-

151 343 6 9 v
166 334 102 18 COUXTBY,
278 336 40 12 AXi'
329 334 52 15 VJIOM
388 333 40 13 THE
435 329 71 16 MaTA-

103 364 50 13 Ail'A
162 357 77 18 Tribes.

191 390 28 17 I!v
230 387 102 19 ELSDON
344 386 68 18 BEST.

103 453 55 18 Given
167 449 24 22 by
200 446 92 19 members
300 446 20 16 of
328 445 32 16 the
367 444 127 21 Ngati-Mana-

83 484 23 9 v:i
134 470 142 26 Ngati-Whare,
295 468 69 20 Tuhoe,
387 465 119 24 Ngati-Apa,

84 489 114 26 \'U,ti-Awa.
220 491 147 24 Ngati-Hamjia
388 489 38 18 and
447 489 48 17 Patu-

82 522 68 19 hcukeu
158 517 69 19 Tribes.

90 587 126 17 ■KoIIIKOIIIA
229 585 39 16 yOA
282 583 115 14 MAKAMAKA
407 583 14 12 O
435 578 57 16 MATA-

134 650 124 21 'CHAPTER
264 649 34 17 VI.
311 646 129 24 (Continued.)

89 689 80 16 vxciext
329 679 69 18 Maori
412 679 95 19 Hades—

85 702 4 26 '
101 703 189 25 'TiiADiTuixs—The
299 704 90 16 Phallic
395 702 88 17 Symbol.

84 770 39 16 The
131 767 56 16 Dead
198 764 80 18 REinjuf
292 764 24 14 to
330 759 89 18 Mother
426 758 80 19 Earth.

108 794 45 20 This
163 793 16 18 is
189 791 34 18 the
238 788 70 20 decree
324 787 101 24 referring
434 788 21 17 to
473 785 34 19 the

85 820 95 24 highborn
202 813 131 21 descendants
349 813 21 18 of
386 811 60 33 Tiki:
449 811 58 19 —On

84 848 31 20 the
124 843 59 22 death
199 842 20 19 of
235 843 35 16 the
285 846 47 12 sous
346 838 21 19 of
374 838 70 25 Rang}
463 837 44 25 (the

85 870 89 25 heavens)
184 868 39 19 and
233 867 57 24 Papa
306 865 45 24 (the
360 864 66 21 earth)
437 863 69 25 Eangi

85 898 39 21 said
132 891 4 28 :
150 896 37 19 Let
203 900 37 12 our
255 891 99 25 offspring
369 893 90 16 re-enter
475 895 30 17 us,

84 926 40 19 that
132 924 22 19 is,
166 921 27 19 let
203 920 54 18 them
269 917 25 19 be
306 916 51 26 gods
373 915 42 20 like
430 922 31 16 us,
473 921 22 13 su-

84 955 67 16 i)ierne,
174 946 75 23 having
270 949 66 20 power
350 948 47 13 over
417 942 34 19 the
466 940 30 20 ele-

83 978 67 19 ments.
176 973 40 19 But
225 971 57 23 Papa
291 968 43 19 said
342 967 4 30 ;
362 968 38 23 No,
411 968 34 18 the
457 967 48 18 time

83 1004 16 18 is
106 1003 42 18 nast
158 1001 30 17 for
196 993 53 29 that;
259 995 52 19 their
318 994 98 19 rebellion
424 993 82 25 against

83 1035 21 13 us
127 1026 50 20 their
193 1025 86 24 parents,
300 1021 37 18 has
360 1019 77 19 altered
453 1019 53 18 their

83 1055 77 19 nature'
174 1050 66 19 rather
250 1048 55 18 leave
322 1046 53 18 them
386 1048 20 16 to
418 1044 88 19 me—let

82 1081 50 18 them
148 1079 65 18 return
230 1073 70 19 within
316 1079 37 11 me.
383 1072 28 18 As
428 1071 10 18 I
453 1070 53 19 shall

84 1106 55 23 bring
149 1104 53 19 them
211 1099 54 20 forth
278 1102 20 15 to
308 1098 34 19 the
359 1098 53 25 light
427 1097 22 18 of
459 1096 45 24 day,

83 1138 18 13 so
116 1129 49 20 shall
182 1128 46 22 they
243 1128 69 15 return
327 1124 69 19 within
417 1129 32 13 me
466 1121 39 20 find

84 1149 51 27 lhero
144 1154 81 20 remain.
253 1150 35 25 My
306 1156 45 13 core
366 1149 53 19 shall
435 1149 25 18 be
471 1149 34 17 the

83 1187 91 21 company
184 1180 20 18 of
214 1178 34 19 the
258 1176 57 20 dead.
341 1176 56 23 They
407 1175 52 19 shall
470 1180 24 13 en-

82 1215 28 14 ter
121 1215 30 12 lav
162 1208 67 17 bosom
238 1203 40 19 and
289 1203 24 18 be
324 1208 21 12 as
355 1208 12 12 a
377 1201 46 19 host
440 1201 22 18 of
472 1200 33 18 the

84 1235 45 20 dead
137 1227 20 25 in
167 1229 125 22 themselves.
320 1227 56 25 They
390 1233 34 13 are
434 1226 69 22 fallen,

84 1262 31 19 but
126 1260 45 23 they
181 1264 33 12 are
224 1255 40 20 still
275 1261 32 18 my
318 1254 105 23 offspring.
449 1252 56 25 They

84 1286 47 21 shall
141 1286 56 17 know
207 1281 122 20 death—not
339 1279 40 19 like
390 1285 39 18 you
436 1278 41 19 and
487 1284 16 17 s,

82 1314 16 20 0
110 1310 69 26 Bargi,
191 1309 39 19 live
240 1308 31 18 for
285 1312 52 13 ever.

82 1366 39 16 The
132 1363 63 18 Story
208 1364 23 14 of
243 1360 28 17 Te
288 1359 159 17 Kura-i-moxoa
463 1361 42 14 and

209 1384 153 17 Tama-i-waho.

81 1420 26 17 An
115 1417 88 19 Old-time
219 1413 77 23 Legend
308 1413 21 17 of
344 1413 32 17 the
393 1411 111 23 Aboriginal

176 1438 73 23 People.
263 1435 139 25 (Ngati-Awa.)

104 1470 39 18 The
151 1471 53 20 story
214 1467 21 17 of
249 1464 39 24 old,
306 1464 22 19 of
343 1464 78 19 ancient
437 1463 66 22 times,

80 1497 18 19 of
117 1502 34 11 our
165 1495 105 17 ancestors.
298 1490 20 19 It
338 1490 17 19 is
371 1490 40 18 this
426 1489 4 27 :
434 1489 70 18 —The

80 1522 42 20 wife
131 1521 20 18 of
160 1516 169 22 Toi-he-tua-tabi
344 1522 41 12 was
394 1516 27 18 Te
435 1516 55 18 Kura-

81 1550 84 18 i-monoa
176 1545 38 18 and
226 1544 51 19 their
287 1542 90 19 children
386 1548 51 12 were
447 1542 42 18 Kau-

82 1581 26 16 lii,
127 1570 182 24 Awa-mii-a-rangi
329 1568 39 19 and
387 1568 28 18 To
434 1568 56 18 Kura-

85 1599 103 21 ivhakaatn.
201 1597 43 18 The
251 1596 45 19 wife
304 1595 21 18 of
334 1594 36 19 Toi
381 1600 40 13 was
429 1593 73 19 visited

80 1627 24 23 by
113 1632 10 12 a
133 1631 44 12 man
188 1623 43 19 who
242 1620 109 21 descended
362 1620 52 19 from
425 1620 78 18 heaven

80 1652 36 19 ami
131 1651 64 18 whose
211 1655 59 12 nume
288 1653 41 13 was
344 1645 157 23 Tama-i-waho,

80 1677 72 25 though
162 1681 53 13 some
231 1674 63 19 tribes
309 1672 39 19 call
364 1672 41 19 him
421 1671 66 20 Puhao-

81 1705 59 23 raiigi.
168 1702 41 18 The
217 1699 157 26 sleeping-place
385 1699 20 18 of
415 1698 36 19 Toi
461 1704 41 12 was

81 1736 43 14 near
134 1729 31 18 the
177 1728 47 18 door
235 1726 21 19 of
275 1726 33 19 the
325 1725 63 19 house
405 1724 40 19 and
461 1730 40 12 was

80 1755 64 20 within
161 1761 12 12 a
188 1759 72 16 screen,
278 1759 22 12 as
315 1758 40 12 was
371 1751 34 19 the
423 1754 77 15 custom

80 1782 43 18 with
134 1780 66 23 chiefs,
216 1779 38 19 and
265 1778 31 19 his
308 1777 63 20 wife's
387 1777 57 24 place
460 1782 41 13 was

80 1813 18 13 at
108 1808 31 17 the
149 1806 77 19 further
235 1804 39 20 end
284 1804 20 19 of
322 1803 33 19 the
371 1803 69 19 house.
475 1802 25 19 In

81 1834 30 19 the
121 1832 72 19 middle
202 1832 21 18 of
232 1831 34 19 the
275 1830 59 25 night
351 1829 150 19 Tama-i-walio

80 1859 74 19 catered
164 1858 39 18 and
212 1858 28 18 Te
252 1856 155 20 Kura-i-monoa
414 1855 85 19 mistook

79 1886 37 19 him
126 1886 30 18 for
165 1884 36 18 her
213 1883 99 19 husband.
339 1881 49 19 This
405 1881 94 19 occurred

79 1918 54 18 many
151 1911 58 18 times
224 1910 39 19 and
280 1916 37 12 one
336 1908 39 24 day
393 1907 28 19 To
441 1906 59 20 Kura

80 1938 38 18 wiid
129 1940 19 16 to
155 1933 47 26 Toi:
217 1936 20 19 Is
247 1937 16 18 it
272 1942 39 17 you
322 1934 45 19 who
376 1940 66 12 conies
458 1933 41 19 into

80 1970 29 19 my
118 1963 61 19 house
189 1964 20 17 at
217 1961 60 26 night
282 1961 9 19 ?
303 1961 47 19 And
364 1961 36 18 Toi
416 1959 44 19 snid
468 1959 3 30 :
489 1959 10 19 I

81 1990 44 19 have
135 1991 33 17 not
180 1988 79 18 entered
271 1994 51 18 your
336 1987 69 19 house.
442 1985 57 19 Then

79 2015 39 19 .siid
132 2015 26 19 Te
177 2014 169 19 Kura'i-uionoa:
368 2013 11 19 I
398 2019 32 12 am
451 2012 47 18 with

79 2042 48 18 child
145 2041 26 23 by
189 2047 11 12 a
214 2046 47 13 man
280 2040 45 19 who
341 2045 66 13 comes
425 2039 20 18 in
466 2038 33 18 the

81 2067 51 26 night
143 2067 55 19 when
209 2067 7 18 1
229 2072 31 13 am
271 2072 102 13 overcome
381 2065 45 18 with
437 2065 59 23 sleep,

80 2093 40 23 and,
131 2092 71 20 behold
211 2091 4 25 !
231 2099 12 11 a
259 2095 82 21 strange
358 2091 53 25 light
426 2091 18 18 is
458 2093 41 15 cast

81 2119 56 19 about
146 2125 32 19 my
189 2119 44 22 bed,
245 2118 39 19 and
294 2125 11 12 a
319 2121 57 21 great
392 2118 106 24 fragrance

82 2146 13 17 is
104 2145 82 20 diffused
195 2145 50 18 from
265 2144 43 19 that
324 2146 81 22 strange
418 2148 79 20 person.

77 2170 17 20 •0
103 2172 31 17 Toi
144 2169 4 23 '.
162 2171 11 18 I
184 2177 30 12 am
225 2170 47 19 with
282 2169 60 23 child,
356 2169 39 18 and
406 2169 10 18 I
433 2169 65 19 desire

79 2196 39 20 that
128 2203 58 18 every
195 2196 74 19 crevice
280 2196 17 18 in
313 2202 33 18 my
364 2194 62 21 house
445 2194 52 20 shall

79 2223 22 18 be
110 2222 94 25 carefully
212 2222 70 23 closed,
293 2228 48 12 even
356 2221 34 18 the
407 2221 91 19 smallest

78 2249 59 19 crack.
165 2248 25 19 So
200 2248 34 19 Toi
245 2248 63 19 closed
319 2254 26 18 up
361 2246 26 20 all
405 2248 34 18 the
455 2253 33 13 cre-

79 2274 46 20 vices
135 2275 19 18 of
164 2274 33 19 the
205 2274 61 19 house
277 2274 20 18 of
311 2274 31 18 his
361 2272 46 21 wife
417 2274 40 18 and
477 2276 21 17 at

76 2301 95 23 .midnight
182 2301 23 18 he
216 2300 78 19 entered
305 2300 83 18 therein.
417 2299 47 19 And
473 2300 24 18 he

79 2327 67 19 beheld
160 2326 32 20 the
210 2326 62 19 whole
289 2326 62 19 house
369 2326 128 18 illuminated

80 2353 41 19 with
132 2359 11 13 a
153 2355 79 22 strange
244 2353 55 24 glow,
311 2358 13 13 a
333 2352 91 25 singular
441 2351 44 19 radi-

79 2386 49 13 ance.
166 2379 46 18 And
233 2379 25 18 he
280 2385 40 13 6a\v
346 2377 152 20 Tania-i-waho

80 2406 62 18 within
160 2405 33 18 the
216 2405 66 22 house,
306 2405 40 18 and
367 2405 28 18 Te
412 2404 73 19 Kura-i-

80 2437 65 13 ---monoa
155 2438 39 12 was
205 2431 82 18 startled
295 2437 22 12 so
326 2431 59 18 much
400 2431 45 18 that
462 2431 36 17 her

79 2457 47 19 child
139 2463 38 13 was
187 2457 55 22 born,
253 2457 34 19 the
299 2457 54 19 child
369 2456 21 19 of
406 2457 81 18 Taina-i-

81 2483 56 23 ---w.'iho,
148 2483 33 19 the
190 2483 52 18 child
253 2483 64 18 whom
328 2489 44 12 men
388 2483 36 18 call
442 2482 41 19 Oho-

80 2509 107 24 inai-rangi.
215 2509 48 19 This
273 2509 52 18 child
338 2509 17 18 is
371 2516 38 11 one
424 2509 21 18 of
463 2508 35 18 the

79 2539 93 15 ancestors
181 2535 20 18 of
211 2535 33 18 the
259 2534 70 26 people
344 2535 21 19 of
383 2535 40 19 this
441 2535 55 22 land,

79 2568 43 12 even
139 2561 50 19 from
207 2561 34 18 the
261 2561 92 18 Western
371 2567 34 13 sea
422 2563 20 17 to
461 2560 35 19 the

78 2586 51 21 Land
139 2587 20 19 of
169 2587 32 19 the
211 2587 71 25 hising
292 2587 48 19 Sun.

191 2637 42 16 The
242 2636 46 17 Hce
296 2636 75 20 Maori,

101 2666 39 18 The
149 2666 103 23 vegetable
263 2668 57 16 eaten
335 2666 28 24 by
379 2666 34 19 the
431 2666 67 19 Maori

80 2692 16 17 in
106 2691 54 19 olden
169 2692 48 24 days
231 2697 41 14 was
288 2692 34 19 the
350 2692 40 19 hue
408 2692 88 25 (gourd).

79 2716 38 21 The
125 2717 38 19 hue
172 2724 39 12 was
226 2721 35 15 not
278 2718 88 25 brought
381 2718 52 19 from
453 2718 30 19 Ha-

80 2743 59 24 waiki,
150 2746 14 15 it
175 2743 97 25 belonged
280 2749 20 14 to
310 2744 40 19 this
359 2744 54 23 land,
425 2747 20 16 to
452 2744 43 23 Toi,

81 2770 39 18 who
135 2769 91 19 obtained
245 2769 15 20 it
278 2770 51 19 from
348 2770 32 19 his
398 2773 98 20 ancestor,

80 2794 45 21 from
134 2795 94 22 Putehue,
256 2796 67 19 When
334 2796 33 19 the
378 2796 87 19 warmth
475 2796 21 18 of

80 2826 78 15 summer
167 2822 64 24 began
242 2824 19 17 to
273 2822 25 19 be
309 2822 42 24 felt,
372 2822 34 19 the
425 2822 73 19 labour

79 2847 17 19 of
109 2847 88 25 planting
212 2847 33 19 the
264 2848 39 19 hue
322 2849 73 25 began.
424 2848 21 19 It
457 2855 41 12 was

80 2873 73 24 planted
163 2880 23 12 on
197 2873 33 19 the
241 2874 90 20 fifteenth
341 2874 40 20 and
394 2874 102 20 sixteenth

80 2898 42 25 days
133 2900 20 18 of
162 2899 32 19 the
204 2906 56 14 moon
271 2900 44 25 (kia
324 2901 61 23 Turu,
405 2901 36 19 kia
455 2900 29 19 Ra-

80 2924 91 25 kau.-nui).
198 2925 53 19 That
259 2933 39 12 was
306 2927 33 19 the
348 2934 44 18 way
400 2927 21 19 in
430 2927 65 18 which

78 2950 30 20 the
117 2951 36 19 hue
164 2958 38 12 was
208 2952 56 18 made
271 2954 20 17 to
301 2960 55 10 pt-ow
367 2953 20 19 in
395 2953 35 19 the
438 2952 58 20 olden

79 2976 41 19 time
130 2977 36 19 and
176 2978 46 18 here
231 2979 16 17 is
258 2979 33 19 the
302 2976 95 22 karakia:

101 3003 99 24 l'uteliue,
215 3004 149 26 kia'.tuputupu
378 3005 35 19 nui
423 3005 39 19 koe

101 3029 30 18 Ka
140 3029 93 25 porotaka
243 3031 6 18 i
262 3037 40 18 nga
310 3031 119 25 ringaringa

104 3055 82 19 Karakia
196 3055 33 20 kia
240 3057 81 19 ahuahu
331 3058 64 18 nunui
405 3057 45 21 koe.

79 3080 36 19 The
125 3087 54 14 name
192 3083 20 18 of
227 3082 41 20 this
280 3083 40 19 hue
338 3090 41 12 was
395 3083 100 22 Putehue,

79 3106 34 20 find
122 3108 20 17 of
151 3108 38 18 this
198 3108 49 21 kind
256 3115 40 13 was
306 3109 35 19 the
356 3109 39 19 oko
412 3110 22 18 of
450 3109 35 19 Toi-

79 3132 112 21 iohua-lahi
211 3135 41 18 into
280 3135 64 19 which
362 3135 35 19 the
416 3135 40 20 kao
474 3135 22 19 of

82 3156 58 22 Hoaki
150 3160 38 19 and
196 3160 91 20 Taukata
294 3168 40 12 was
341 3164 42 22 put.
393 3161 36 19 the
437 3167 59 13 name

79 3184 17 19 of
105 3185 60 19 which
175 3186 37 19 oko
222 3193 40 13 was
276 3187 81 20 Tirana.
390 3188 51 19 This
457 3187 40 19 hue

80 3217 35 12 was
123 3213 33 17 not
164 3212 51 19 from
224 3212 101 21 Hawaiki.

100 3236 39 19 The
148 3237 128 21 whakatauki
292 3240 22 19 of
329 3239 93 20 Putehue
438 3240 31 21 is:

80 3261 27 22 Ko
116 3269 38 17 nga
164 3263 79 20 kakano
252 3271 12 13 o
277 3268 42 17 roto
329 3266 6 18 i
346 3272 12 12 a
365 3272 30 12 au
411 3266 34 19 hei
461 3268 37 16 utu

81 3288 31 20 wai
121 3295 30 13 mo
167 3290 39 18 aku
219 3291 120 26 mokopuna.
362 3292 32 19 Ko
411 3291 63 20 tetehi
487 3297 11 12 o

80 3320 34 18 nga
130 3315 76 19 kakano
221 3316 25 18 he
261 3320 52 21 tane,
331 3321 48 16 tena
390 3325 14 12 e
419 3318 49 18 kore
479 3318 20 18 ia

79 3340 45 20 whai
134 3341 35 19 uri.
197 3342 48 24 (The
256 3344 57 19 seeds
323 3344 70 19 within
400 3350 32 13 me
442 3343 54 20 shall

79 3365 72 21 become
165 3367 72 19 vessels
254 3372 21 16 to
291 3370 81 22 contain
388 3372 63 17 water
467 3369 32 19 for

76 3396 31 20 «ny
115 3393 132 21 descendants.
270 3395 43 20 One
331 3396 20 19 of
361 3396 59 19 those
438 3395 59 19 seeds

80 3417 13 18 is
102 3424 10 12 a
129 3419 55 23 male,
202 3419 37 19 but
258 3422 43 21 that
320 3422 53 19 shall
392 3424 36 17 not
447 3421 51 19 hear

80 3444 48 19 fruit.

80 3492 42 17 How
133 3494 36 18 Oil
180 3501 39 12 and
233 3496 68 19 Ochre
318 3501 58 14 webe
389 3501 108 14 obtained.

101 3524 44 20 This
161 3526 16 19 is
195 3527 44 19 hew
258 3535 29 12 we
306 3529 96 19 obtained
419 3529 29 18 oil
466 3529 32 18 for

82 3548 52 22 feasts
144 3552 37 18 and
195 3554 34 18 the
248 3553 93 21 kokowai
360 3554 137 20 wherowhero

80 3574 16 20 in
106 3576 68 20 former
183 3579 62 19 times.

103 3602 34 20 We
146 3603 92 21 obtained
255 3612 36 13 our
310 3606 38 19 fish
366 3606 29 19 oil
415 3607 22 21 jn
457 3607 41 18 this

80 3632 128 17 manner—we
217 3631 56 26 hung
282 3638 12 13 a
310 3632 142 26 puku-mango
470 3638 28 19 up

80 3656 17 15 to
106 3660 11 12 a
129 3657 40 18 tree
184 3657 31 19 for
229 3664 12 12 a
260 3658 49 25 long
327 3659 48 18 time
392 3659 52 18 until
463 3659 34 18 the

81 3678 43 21 liver
137 3682 67 19 within
223 3683 16 19 it
258 3683 80 20 became
357 3684 138 25 decomposed.

82 3703 35 21 The
125 3708 53 23 puku
188 3715 39 12 was
236 3710 41 19 tied
292 3711 48 18 with
355 3710 41 20 flax
409 3711 22 18 in
448 3710 50 19 such

82 3736 9 12 a
99 3737 75 15 manner
184 3741 21 12 as
213 3735 82 22 allowed
306 3736 33 19 the
350 3736 27 19 oil
385 3739 20 16 to
413 3743 39 12 run
463 3736 21 21 in-

82 3760 17 14 to
108 3763 10 12 a
127 3759 89 20 calabash
227 3761 67 25 placed
306 3761 88 20 beneath
408 3762 22 19 it.

103 3783 83 20 Another
195 3787 26 18 oil
233 3793 38 13 was
280 3788 95 19 obtained
392 3788 53 19 from
463 3788 35 19 tf;e

82 3808 49 20 titoki
142 3810 72 21 berries
230 3813 40 19 and
287 3817 35 21 yet
341 3814 86 19 another
444 3814 53 19 from

82 3833 29 20 the
120 3835 57 21 kohia
191 3838 22 24 (a
230 3838 95 26 climbing
344 3840 72 26 plant).
454 3840 44 18 The

82 3860 50 21 titoki
143 3862 71 21 berries
224 3871 49 13 were
284 3866 80 20 bruised
376 3866 39 19 and
426 3866 71 25 placed

82 3890 17 14 in
108 3893 11 11 a
127 3889 78 20 wooden
214 3891 62 19 vessel
286 3892 97 24 carefully
390 3892 58 19 made
456 3891 41 19 and

82 3911 55 21 '"died
148 3920 10 12 a
167 3914 50 28 kopa
224 3916 129 21 whakawhiri
361 3918 66 19 titoki.
440 3918 57 23 They

84 3942 43 16 were
145 3940 45 20 then
208 3942 66 20 boiled
292 3943 26 24 by
338 3950 68 13 means
423 3944 21 21 of
462 3943 36 20 hot

81 3966 58 17 atones
160 3966 59 26 being
325 3969 21 21 i'i
366 3969 35 21 the
427 3970 69 20 water,

85 3988 33 21 the
127 3992 59 19 whole
198 4000 39 13 was
252 3994 47 20 then
314 3995 72 20 stirred
404 3996 41 19 and
461 3997 35 17 the

81 4014 23 20 oil
111 4016 79 23 allowed
199 4021 19 18 to
228 4026 36 14 run
279 4024 35 16 out
329 4021 22 20 of
367 4028 38 13 one
420 4021 40 20 end
476 4021 22 19 of

82 4040 28 19 the
119 4042 54 26 kopa.
206 4045 57 20 Some
278 4047 152 20 sweet-scented
447 4047 38 26 piri-

82 4071 31 18 l'in
129 4075 20 13 or
164 4071 93 20 raukawa
275 4079 40 13 was
333 4073 48 19 then
400 4073 96 19 obtained

80 4092 34 20 mul
124 4095 45 20 unci
186 4099 20 16 to
222 4098 58 20 mako
298 4099 34 19 the
350 4099 28 20 oil
395 4099 100 25 fragrant.

80 4117 17 22 Jf
106 4118 61 22 IcavLs
177 4124 20 19 of
207 4124 32 19 the
249 4124 97 22 beketara
360 4125 39 21 and
415 4125 81 24 kopuru

530 143 39 19 and
579 143 74 18 certain
668 141 62 19 herbs
745 148 52 12 were
814 141 50 19 used
877 141 31 18 for
919 140 41 18 this

530 174 91 20 purpose,
633 167 48 24 they
692 173 51 12 were
752 167 83 18 hruised
849 167 40 18 and
906 166 54 19 their

530 194 62 19 odour
606 200 41 11 was
661 194 49 17 then
729 193 57 24 quite
801 192 98 24 powerful
920 192 38 18 and

529 220 57 19 could
597 220 25 17 be
632 219 90 18 detected
732 219 46 18 afar
787 218 34 19 off.

557 244 182 19 Kokowai.—This
760 251 40 12 was
821 244 95 19 collected
939 244 20 19 in

529 271 75 18 certain
615 273 84 16 streams
710 270 40 19 and
764 270 59 19 made
839 271 43 18 into
899 270 60 19 cakes

529 303 23 12 or
560 296 52 19 baiis
623 296 64 18 which
699 303 51 11 were
760 296 72 25 placed
841 302 26 12 on
877 302 13 12 a
903 296 56 25 huge

529 323 35 18 fire
576 322 40 18 and
631 321 74 19 baked.
734 322 66 18 Those
816 322 45 18 that
877 322 82 18 became

530 348 44 18 well
585 347 67 19 baked
664 354 51 12 were
729 348 78 18 termed
823 348 136 19 whatu-maoa

530 374 39 18 and
579 374 56 18 those
647 373 45 19 that
702 373 34 19 did
746 376 36 16 not
799 376 47 16 turn
861 376 35 16 out
915 374 43 18 well

530 406 51 12 were
603 399 64 19 called
691 399 95 19 tukurua.
825 399 43 19 The
892 399 67 25 poipoi

529 425 92 19 kokowni
639 430 51 14 were
709 425 48 18 then
772 425 97 19 collected
883 426 21 18 in
920 427 39 17 fine

530 451 81 19 baskets
623 450 36 19 and
672 450 118 19 considered
806 457 11 12 a
830 454 58 21 great
906 454 43 16 trea-

529 483 46 12 sure
593 477 25 24 by
635 475 34 20 the
686 477 71 18 Maori,
785 476 79 19 should
882 483 13 13 a
913 484 46 12 man

529 503 66 19 desiie
605 510 12 11 a
626 502 47 19 koto
689 503 50 18 horu
757 502 82 24 (basket
854 503 22 19 of
891 503 68 25 ochre)

530 528 25 19 he
567 528 63 19 would
642 529 46 24 give
698 534 12 13 a
718 528 39 19 tiki
765 534 103 19 pounamu
877 529 71 25 (green-

530 557 56 16 stone
596 554 49 19 neck
656 555 114 23 ornament)
786 561 23 12 or
824 561 11 12 a
852 555 107 19 whakakai

531 587 101 17 pounamu
642 580 54 24 piko,
708 585 23 13 or
743 587 12 12 a
772 587 120 18 paepaeroa,
910 587 22 13 or
948 588 12 13 a

530 606 129 19 kahu'waero
688 606 32 18 for
743 606 93 19 it—such
856 613 51 13 were
926 608 34 18 the

530 632 122 24 possessions
661 632 22 18 of
699 632 65 18 chiefs
778 632 21 18 in
818 632 34 19 the
872 633 49 25 days
939 634 21 18 of

529 657 40 19 old.
597 658 28 18 At
635 658 62 18 feasts
705 658 40 18 and
762 663 57 19 great
833 660 100 24 meetings
948 667 12 11 a

531 684 51 18 little
591 684 21 18 of
621 684 35 18 the
663 683 60 19 ochre
736 683 64 19 would
816 684 26 19 he
860 685 61 18 taken
939 686 21 18 in

529 710 35 18 the
574 709 54 19 hand
639 710 39 18 and
689 710 68 18 mixed
767 710 47 18 witli
826 710 28 19 oil
862 711 39 18 and
912 711 48 18 then

531 735 90 19 smeared
638 742 25 12 on
679 735 36 19 the
731 735 52 25 body
801 736 51 18 until
871 743 25 12 no
916 739 44 23 spot

531 768 40 12 was
583 761 38 19 left
630 761 122 19 untouched.
780 761 21 21 It
812 768 40 12 was
862 762 41 19 like
912 766 48 16 unto

530 788 34 18 the
574 787 34 19 red
619 787 57 24 paint
685 787 22 18 of
726 787 34 19 the
774 788 62 18 white
852 795 54 13 man.
942 789 18 18 A

530 813 72 19 basket
612 814 21 17 of
644 813 50 18 horu
704 820 40 12 was
755 813 72 19 indeed
844 820 12 13 a
871 817 89 17 treasure

530 842 20 16 to
560 839 35 19 the
605 839 65 19 Maori
682 839 22 18 of
713 839 108 19 Aotearoa.
856 840 40 19 But
912 841 48 18 such

531 865 69 25 things
611 871 33 12 are
654 871 26 12 no
690 865 72 24 longer
769 871 52 17 seen,
833 866 32 18 for
877 867 35 19 the
928 867 32 17 old

529 896 87 14 customs
627 898 34 11 are
672 891 95 19 iorsaken
774 892 32 18 for
814 892 33 18 the
854 900 43 12 new
906 899 53 16 ones,

529 917 34 18 the
574 917 32 18 <dd
618 917 106 19 traditions
734 918 40 18 and
789 918 77 25 history
874 926 34 11 are
919 921 41 16 cast

529 943 61 23 aside,
602 943 40 19 and
652 943 9 18 I
672 942 60 20 alone
748 950 31 12 am
791 945 37 18 left
838 947 20 15 to
868 944 61 25 speak
940 944 20 19 of

528 969 62 19 them.

647 1004 34 21 [To
693 1009 22 11 UK
728 1005 114 20 CONTIVU»D.]

1209 79 59 19 TIIE
1295 79 57 20 HOT
1379 80 93 21 LAKES
1501 80 171 24 CHRONICLE,
1701 80 189 23 WEDNESDAY,
1919 80 136 20 JANUARY
2083 81 18 23 1,
2119 81 48 17 1896

528 1053 148 19 LASSITUDE.

575 1076 150 19 HEADACHE,

621 1099 146 20 BACKACHE,

668 1124 54 15 A.MJ
736 1123 170 17 INDIGESTION

691 1146 51 17 APE
756 1147 138 16 SYMPTOMS
903 1145 32 19 OF
944 1147 15 16 A

529 1167 166 19 DISORDERED
710 1168 86 19 LIVER.

628 1214 138 18 CLEMENTS
782 1215 78 18 TONIC

656 1237 24 18 IS
692 1238 53 17 THE
761 1238 72 18 ONLY

528 1260 130 18 RELIABLE
679 1261 53 17 AND
754 1262 114 17 RADICAL
886 1262 73 17 CURE.

632 1307 72 17 HAVE
717 1307 35 17 NO
761 1308 93 17 OTHER.

527 1352 37 19 Mr
582 1352 86 19 Robert
686 1353 86 18 Hardie
794 1354 94 21 Duuedin,
913 1354 46 17 New

597 1376 70 18 cured
677 1376 26 18 of
792 1377 88 22 Zealand,
898 1378 61 16 writes

528 1399 69 18 Pains
604 1399 24 18 in
645 1399 40 18 the
700 1399 70 19 Back,
793 1406 25 11 on
838 1401 45 17 Dec.
908 1401 51 19 28th,

528 1423 44 16 1894
579 1428 5 11 :
586 1423 86 16 —About
682 1424 31 15 ten
723 1429 53 16 years
785 1423 50 18 since
844 1423 10 18 I
862 1424 39 17 met
914 1423 45 18 with

527 1452 11 11 a
547 1451 61 12 severe
619 1446 91 19 accident,
720 1446 38 17 and
779 1447 49 17 since
837 1446 42 18 that
887 1447 9 16 I
913 1446 46 17 have

526 1469 47 17 been
582 1469 86 17 troubled
675 1469 44 17 with
730 1470 54 21 pains
792 1470 19 16 in
821 1470 32 16 the
861 1470 48 16 back
922 1469 37 17 and

526 1491 85 23 kidneys,
621 1491 37 18 and
668 1492 56 17 could
739 1493 82 22 scarcely
841 1493 55 17 walk.
922 1493 19 16 If
950 1493 9 16 I

526 1515 77 22 stepped
613 1517 32 15 out
652 1516 9 15 I
668 1516 63 16 would
741 1516 36 17 feel
786 1516 45 22 pain
839 1516 19 17 in
865 1516 31 17 the
905 1516 54 16 small

526 1538 20 18 of
553 1538 33 18 the
594 1538 46 18 back
647 1538 4 21 ;
659 1539 11 16 I
683 1538 37 18 had
729 1540 21 16 to
770 1539 49 17 walk
840 1540 46 16 with
907 1539 52 17 short

525 1561 38 17 and
571 1561 71 18 careful
651 1563 56 21 steps.
733 1563 10 16 I
760 1563 48 16 tried
825 1561 111 24 everything
949 1563 9 15 I

526 1584 83 22 thought
618 1584 62 17 would
687 1591 42 10 ease
738 1591 35 15 me,
786 1585 37 18 but
831 1587 34 21 got
873 1591 24 11 no
906 1585 53 17 relief

526 1608 48 17 until
584 1608 9 16 I
606 1607 48 18 tried
676 1607 96 20 Clements
792 1609 64 18 Tonic,
881 1608 55 18 After
948 1613 11 13 a

525 1632 36 16 few
570 1631 53 17 doses
632 1631 10 17 I
658 1631 36 17 felt
707 1632 55 16 much
778 1631 66 21 bettor,
863 1631 36 18 and
913 1637 33 11 con-

525 1654 65 17 tinued
605 1654 67 21 taking
680 1654 21 20 it,
712 1655 33 17 the
757 1654 59 18 result
835 1655 58 21 being
910 1656 47 15 most

524 1677 111 23 gratifying.
646 1677 8 17 I
662 1677 48 18 have
717 1678 45 17 used
776 1678 44 22 only
841 1679 31 16 ten
881 1677 75 20 bottles,

524 1700 37 17 and
570 1705 28 13 am
609 1700 56 17 cured
673 1701 37 17 and
720 1707 30 11 am
759 1702 57 16 cured
833 1701 37 17 and
879 1701 19 17 in
908 1700 49 23 good

524 1724 69 18 health,
604 1723 38 17 and
658 1729 31 12 am
701 1725 33 16 not
748 1730 43 12 now
808 1724 86 18 troubled
912 1724 44 16 with

524 1752 36 16 any
569 1746 49 23 pain.
645 1747 9 16 I
664 1753 35 11 can
719 1747 40 17 also
779 1747 49 17 walk
839 1747 63 23 freely,
920 1747 37 17 and

524 1770 46 17 have
579 1770 60 17 found
647 1770 96 18 Clements
748 1770 58 19 Tonic
814 1772 20 15 to
842 1771 23 16 be
874 1776 11 12 a
894 1770 52 23 splen-

524 1792 31 18 did
576 1792 187 19 medicine.—Yours
783 1794 57 22 truly,
886 1794 70 16 Robert

524 1816 77 20 Hardie,
612 1815 94 23 Dunedin,
718 1817 47 17 New
774 1817 89 17 Zealand.

546 1874 16 17 A
569 1873 63 19 choice
637 1875 115 17 assortment
760 1875 19 17 of
788 1874 104 19 Christmas
897 1874 59 19 Cards

522 1897 45 17 ■with
576 1896 139 24 photographic
724 1898 56 17 views
790 1898 19 17 of
818 1898 47 17 Xew
873 1897 82 18 Zealand

522 1925 75 18 scenery
602 1920 20 18 at
631 1919 32 19 the
673 1921 117 17 Chronicle
800 1921 73 17 Office.*

545 1948 37 19 The
592 1948 102 19 Christinas
703 1950 89 17 numbers
805 1950 20 17 of
833 1950 32 17 the
882 1949 73 18 various

522 1971 78 24 English
610 1971 126 23 publications
752 1979 31 11 are
791 1979 43 11 now
843 1973 84 22 arriving
936 1976 19 14 at

522 1996 31 16 the
563 1995 116 17 Chronicle
693 1995 75 17 Office.*

522 2057 64 24 FOR
611 2058 81 22 SALE
715 2058 45 23 AT
788 2058 67 23 THE
877 2058 58 23 PAR-

670 2084 136 24 SONAGE.

523 2135 123 29 QPKING
659 2136 72 20 CART
742 2137 41 19 and
792 2137 92 19 Harness

520 2188 137 26 One-quarter
668 2195 45 12 acre
724 2189 65 19 Green
801 2189 49 19 Oats

521 2214 135 20 Chaff-cutter

522 2241 61 18 Hand
594 2240 45 19 Jiill
649 2241 32 18 for
691 2240 64 20 bones
773 2248 22 11 or
811 2243 68 22 oyster
893 2240 61 20 shells

613 2266 127 25 (invaluable
751 2267 31 19 for
792 2267 73 25 fowls.)

651 2307 55 19 FOE
727 2307 89 20 LEASE

524 2359 189 43 PARSONAGE
746 2359 68 19 house
842 2359 112 20 furnished.

589 2385 48 19 Two
646 2384 96 22 five-acre
753 2385 108 26 paddocks',
870 2385 84 20 drained

522 2411 144 25 swamplands,
677 2412 126 19 well.fenced
811 2412 40 19 and
860 2411 94 27 partially

520 2439 22 18 in
552 2444 64 20 grass.

548 2505 155 21 FIREWOOD
711 2506 5 19 !
763 2505 164 21 FIREWOOI)!

618 2558 74 19 RATA
707 2565 42 12 and
764 2558 91 19 TAWA.

521 2589 108 19 Delivered
649 2589 27 26 by
696 2590 84 19 Kusabs
800 2590 58 19 Bros,
875 2591 21 17 to
915 2596 39 18 any

521 2618 46 23 part
579 2617 21 17 of
612 2615 34 20 the
657 2616 101 25 township
768 2619 20 16 at

594 2642 85 18 Lowest
693 2642 99 19 Current
804 2641 76 20 Bates.

548 2667 73 21 Orders
632 2668 92 19 received
737 2671 20 16 at
767 2668 35 19 the
812 2669 67 24 yards,
889 2667 65 19 Ilinc

520 2701 46 12 moa
576 2694 72 18 Street.

647 2741 141 20 NOTIO
802 2740 23 21 E.

520 2792 84 20 nnHE
614 2792 171 21 FOLLOWING
793 2793 73 24 Goods,
877 2792 78 26 freight

529 2814 24 25 JL
588 2819 48 26 paid
646 2824 20 14 to
680 2820 91 19 Botorua
779 2827 34 11 :

520 2851 81 20 Double
612 2851 94 19 Wooden
717 2851 109 23 Bedstead,
842 2852 35 17 22s

560 2892 12 10 ~
609 2877 50 19 Iron
759 2892 12 9 ~
842 2879 35 16 40s

560 2918 12 9 „
580 2903 191 23 Brass-mounted,,
788 2905 42 21 465,
842 2904 40 21 6ss,
894 2903 35 18 60s

520 2930 50 19 Best
579 2928 75 21 double
666 2930 47 18 wire
722 2929 126 24 Mattresses,
860 2930 36 17 23s

583 2964 11 16 i,
767 2970 12 9 ~
861 2956 36 17 24s

583 2996 11 10 ~
660 2981 76 25 Kapok
746 2981 45 19 Bed
800 2983 36 17 40s

625 3007 56 20 Cask
700 3013 56 13 witii
771 3008 79 18 Order.

545 3034 178 25 Paperhaugiugs,
735 3041 12 11 a
757 3033 57 25 large
825 3033 62 24 stock,,
907 3039 48 18 very

519 3060 71 25 cheap,
618 3060 55 19 Send
683 3060 32 18 for
724 3062 97 23 patterns.

537 3095 42 33 T.
602 3093 58 34 W.
683 3093 254 37 MAUNDEB,

522 3187 432 60 HINEMO_A_STORE.

709 3256 110 20 SOGERS
835 3257 73 19 directs
925 3258 31 18 at-

538 3285 9 15 T
557 3290 7 12 i
599 3283 78 19 tention
687 3285 21 17 to
716 3283 35 19 the
760 3283 106 25 following
873 3283 51 18 lines
936 3283 20 18 of

747 3320 209 35 iM^HiP^

524 3368 101 25 Bycroft's
635 3368 111 19 Snowdrift
755 3368 52 19 N.Z-
816 3368 63 19 Flour

523 3394 102 24 Sultanas,
637 3394 101 20 Muscatel
746 3394 40 19 and
795 3394 97 20 Valencia
907 3394 36 19 Rai-

575 3421 48 22 sins,
635 3421 40 19 and
684 3421 98 19 Currants

523 3447 50 24 Figs
580 3447 40 19 and
630 3447 112 19 Preserved
752 3446 83 25 Ginger,
847 3446 70 25 Spices

522 3473 76 19 Lemon
608 3473 40 19 and
659 3473 82 24 Orange
752 3472 49 19 Peel

578 3497 69 21 White
658 3498 113 25 Sugar—A
787 3497 116 26 Speciality.

522 3525 51 19 New
585 3524 90 20 Zealand
683 3525 63 24 Dairy
753 3523 145 20 Association's
905 3523 38 19 But-

625 3553 38 17 ter.

546 3577 61 19 TEA.
666 3575 114 24 COFFEE.
835 3575 94 20 COCOA.

522 3626 87 19 General
621 3626 129 19 Assortment
767 3625 21 19 of
806 3624 149 25 Storekeeper's

698 3652 75 19 Goods.

581 3689 313 60 HiraOA~STORE.

522 3767 44 41 TO
581 3767 26 41 &
622 3767 94 41 FROM
736 3767 70 40 THE
833 3765 121 41 BATHS,

522 3889 151 49 CBIRSS
689 3897 50 12 runs
756 3897 13 12 a
786 3891 114 24 wagonette
919 3889 24 19 be-

564 3928 10 8 *
604 3919 66 16 tween
684 3916 35 19 the
736 3916 39 19 Old
790 3915 109 26 Township
915 3915 39 19 and

521 3944 34 18 the
565 3942 65 20 Baths
640 3942 126 25 throughout
776 3942 35 19 the
820 3941 46 25 day.

521 4005 48 20 Also
592 4004 200 23 Whaknrewarewa,
817 4002 74 20 Sodom
913 4002 41 19 and

555 4030 115 22 Gomoziah
679 4029 40 20 and
730 4030 58 19 other
797 4029 68 25 sights
872 4034 48 14 near

682 4056 36 19 the
728 4059 61 16 town.

617 4123 81 24 Eares
713 4122 139 24 Moderate.

1185 1090 191 52 RTF?
1390 1086 278 56 "RW'S

990 1200 162 56 HOT
1197 1198 339 57 SPRINGS
1584 1195 263 56 HOTEL

1087 1440 20 19 A
1127 1439 117 19 First-class
1259 1439 39 19 and
1316 1439 46 19 well
1371 1438 110 25 appointed
1489 1437 71 19 Ilouse
1573 1435 120 20 convenient
1702 1437 21 17 to
1733 1435 34 19 the

983 1492 95 32 HOT
1094 1491 202 33 SPRINGS
1319 1491 34 33 &
1371 1489 235 35 NATUBAL
1624 1487 245 34 WONDEB&

1009 1551 56 19 HOT
1091 1550 92 19 BATHS
1205 1556 27 13 on
1247 1550 35 19 the
1301 1550 98 25 premises
1441 1549 42 19 Tlio
1494 1548 96 25 stopping
1600 1547 70 19 House
1680 1547 33 19 for

1095 1581 67 23 THE
1186 1580 62 24 SPA
1270 1581 108 23 HOTEL
1403 1579 169 25 COACHING
1595 1576 164 26 COMPANY.

1010 1634 89 20 Conches
1113 1634 67 19 arrive
1190 1635 52 18 from
1251 1634 71 25 Tnupo
1332 1633 119 26 Thursdays
1459 1632 40 19 and
1517 1632 98 24 Sundays,
1627 1630 40 20 and
1681 1630 57 19 leave
1753 1629 32 19 for
1800 1628 69 26 Taupo

981 1661 87 25 Fridays
1078 1660 40 19 and
1128 1660 106 25 Mondays.

1228 1712 195 19 MODERATE
1446 1710 174 21 CHARGES.

1235 1811 110 19 BEFORE
1360 1811 148 22 ORDERING
1519 1813 63 19 ELSE-

1199 1870 107 23 WHERE
1317 1873 59 19 THE
1395 1873 105 20 PUBLIC
1513 1872 57 19 ARE
1588 1872 28 19 IN-

1236 1930 86 22 VITED
1338 1933 34 19 to
1385 1933 71 19 call
1470 1932 59 19 and
1541 1931 51 20 see

1277 1993 67 18 NEW
1359 1992 146 19 MATERIAL
1523 1990 32 19 IN

1200 2052 162 29 SUITINGS,

1277 2102 170 27 COATINGS,

1343 2150 172 28 VESTINGS,

1395 2258 237 26 TBOUSERINGS,

1226 2375 31 41 H,
1290 2375 41 42 W.

1428 2471 345 86 HOTEL,

1002 2671 41 17 One
1052 2670 37 18 and
1099 2676 11 12 a
1118 2669 41 18 half
1168 2669 52 17 miles
1229 2669 48 16 from
1286 2669 31 15 the
1327 2668 46 17 Post
1382 2667 64 18 Office.
1470 2666 31 17 All
1509 2665 81 19 Coaches
1597 2665 49 18 from
1652 2665 96 21 Tokaanu,
1755 2665 71 23 Napier
1830 2665 37 19 arid

979 2695 86 17 Rntorua
1073 2699 32 11 arc
1113 2693 40 17 met
1160 2693 26 21 by
1195 2691 31 18 the
1319 2691 88 18 Coaches,
1418 2690 37 17 and
1463 2690 75 17 visitors
1546 2688 95 23 conveyed
1653 2690 21 16 to
1687 2689 33 17 the
1830 2689 38 17 free

1368 2714 20 17 of
1397 2714 75 22 charge.

1004 2745 43 19 The
1187 2744 6 19 5
1196 2750 8 11 s
1218 2744 33 18 the
1262 2743 66 19 Home
1338 2743 22 18 of
1369 2742 35 19 the
1414 2742 87 19 Famous
1517 2741 94 23 Crow's
1625 2741 65 23 Nest
1707 2740 107 31 Geyser,
1833 2742 34 18 the

979 2772 83 17 Witches
1071 2771 101 20 Cauldron,
1186 2769 122 23 Champagne
1322 2770 76 21 Geyser,
1416 2768 61 21 Milky
1492 2768 74 21 Geyser.
1585 2767 106 22 Flesh-pot,
1708 2767 91 23 Porridge
1816 2768 51 20 Pots,

981 2795 120 18 Glow-holes,
1112 2793 83 18 Hannah
1204 2793 75 22 Geyser,
1289 2792 32 17 the
1331 2792 66 17 Lesser
1410 2792 70 17 Crow's
1494 2791 52 17 Nest.
1560 2790 65 17 Venus
1640 2791 56 17 Bath.
1712 2790 74 18 Satan's
1804 2791 63 22 Glory.

1028 2818 76 23 >Sprincr,
1115 2816 147 20 Paddle-wheel,
1273 2815 36 17 and
1318 2815 71 17 several
1397 2815 55 17 other
1460 2814 60 22 sights
1527 2814 21 17 of
1555 2813 84 18 interest.
1664 2813 77 18 Guide's
1750 2813 28 19 fee
1787 2815 20 16 2s
1823 2814 45 17 each

978 2847 73 17 person.

1002 2864 38 18 The
1049 2864 78 18 HUKA
1139 2862 86 18 FALLS.
1250 2862 80 17 Visitors
1338 2863 21 16 to
1367 2861 33 18 the
1491 2859 95 23 conveyed
1594 2860 38 17 free
1641 2860 20 17 of
1669 2860 75 23 charge.

1002 2911 38 17 The
1048 2909 161 19 accommodation
1218 2911 20 14 at
1246 2909 33 17 the
1306 2908 39 22 Spa
1394 2907 26 17 all
1429 2907 41 17 that
1486 2912 34 11 can
1536 2905 24 18 be
1576 2905 78 18 desired.
1687 2907 63 21 Eveiy
1766 2906 103 20 Bed-room

978 2934 109 17 over-looks
1096 2933 33 17 the
1137 2932 90 18 Gardens.
1252 2931 77 18 Private
1338 2931 62 17 Suites
1409 2931 20 17 of
1437 2931 128 21 Apartments.
1595 2929 63 23 Large
1672 2929 156 23 Drawing-room
1841 2931 28 16 for

978 2957 74 17 Ladies.
1078 2956 128 17 Comfortable
1215 2954 161 22 Smoldng-room.

1002 2980 52 17 THE
1068 2979 85 18 MAORI
1166 2978 102 18 CARVED
1281 2978 97 17 DINING
1390 2977 73 17 HALL
1471 2977 49 16 seats
1532 2981 34 11 one
1580 2975 87 17 hundred
1681 2982 77 16 persons
1773 2977 38 16 and
1825 2982 33 12 con-

978 3003 50 17 tains
1037 3003 26 17 all
1072 3003 85 21 separate
1166 3001 60 17 tables
1235 3001 29 17 for
1272 3000 73 24 private
1353 3000 71 22 parties
1433 3006 21 11 or
1465 2998 76 18 friends.

1002 3027 53 16 THE
1064 3025 87 18 LARGE
1159 3025 59 18 HOT,
1228 3024 67 17 COLD
1305 3024 15 17 &
1329 3024 78 17 TEPID
1414 3022 139 18 SWIMMING
1559 3022 69 17 BATH
1637 3022 75 22 adjoins
1720 3023 32 16 the
1761 3023 107 18 Bedrooms.

1002 3050 39 16 The
1051 3048 123 18 SULPHUR
1182 3048 69 17 BATH
1260 3047 15 17 is
1284 3047 76 22 equally
1369 3046 104 18 efficacious
1482 3051 19 11 as
1509 3045 32 17 the
1546 3046 75 16 famous
1626 3045 61 17 Priest
1693 3046 50 16 Bath
1750 3046 21 16 of
1779 3046 89 18 Rotorua.

1002 3072 39 18 The
1049 3072 79 18 TEPID
1141 3071 70 17 BLUE
1223 3071 69 17 BATH
1301 3071 15 16 is
1324 3076 46 16 very
1379 3069 112 22 refreshing.

1190 3094 50 17 ALL
1249 3093 83 18 BATHS
1341 3094 40 17 free
1389 3095 20 15 to
1417 3093 81 16 Visitors
1506 3093 20 16 to
1535 3091 32 17 the

1032 3118 44 19 The
1086 3118 94 19 Grounds
1190 3123 34 12 are
1236 3116 41 20 laid
1287 3118 36 18 out
1338 3116 21 19 in
1376 3116 68 19 choice
1465 3114 120 23 Rose-beds,
1607 3114 140 22 Slirubbpries,
1764 3115 104 20 Beautiful

979 3145 95 23 Flowers,
1085 3144 53 19 Fine
1148 3143 132 23 Plantations,
1292 3142 52 19 Turf
1353 3142 76 19 Tennis
1447 3142 69 21 Lawn,
1532 3140 126 19 Promenade
1679 3140 40 19 and
1738 3140 130 21 Ornamental

978 3171 81 19 Lawns.

1032 3196 59 20 Good
1101 3196 63 19 Grass
1173 3194 111 23 Paddocks,
1296 3194 103 25 Stabling,
1410 3194 68 18 Horse
1487 3192 61 25 Feed,
1559 3194 32 18 &c.

1424 3226 11 12 o

981 3246 117 23 Visitors
1110 3244 135 29 conveyed
1255 3244 54 22 free
1320 3244 28 23 of
1356 3243 96 29 charge
1462 3245 27 20 to
1497 3243 70 22 meet
1577 3242 36 23 all
1628 3242 110 23 coaches
1751 3243 118 29 proceed'

1263 3270 46 29 ing
1323 3271 29 22 to
1366 3269 122 23 different
1502 3270 79 27 parts.

1112 3319 127 24 TAEIFF
1249 3326 5 16 :
1273 3320 34 18 10s
1320 3318 57 20 PER
1392 3318 66 19 DAY.
1487 3317 28 19 £2
1532 3318 34 18 10s
1576 3317 56 20 PER
1644 3317 93 22 WEEK.

1005 3369 81 25 Special
1092 3368 126 21 concisions
1225 3370 20 17 to
1252 3368 98 19 Families
1355 3368 41 19 and
1403 3367 57 25 large
1468 3366 75 26 parties
1550 3366 85 25 making
1642 3373 12 12 a
1660 3366 125 26 lengthened
1792 3369 51 23 stay.

981 3419 87 20 Visitors
1078 3425 47 18 may
1134 3417 123 24 confidently
1269 3419 60 17 count
1338 3423 55 19 upon
1403 3423 60 18 every
1473 3422 45 14 care
1529 3415 38 20 and
1577 3415 100 20 attention
1687 3417 21 18 to
1717 3416 55 20 their
1778 3417 90 23 comfort,

1282 3443 40 19 and
1331 3443 78 24 civility
1417 3443 51 19 from
1478 3441 35 20 the
1523 3442 54 18 staff.

1084 3470 116 19 First-class
1209 3469 71 19 Table.
1414 3468 126 20 Abundance
1550 3468 21 18 of
1580 3467 59 20 Fruit
1648 3468 22 19 in
1680 3468 82 20 Season.

978 3497 43 19 Tea
1031 3497 41 19 and
1080 3496 70 20 Coffee
1161 3495 70 19 served
1243 3495 19 19 in
1279 3495 35 19 the
1331 3494 79 25 Dining
1425 3494 50 19 Hall
1493 3495 106 24 mornings
1618 3495 39 19 and
1674 3495 125 19 afternoons.
1834 3494 34 20 No

1350 3523 57 17 estra
1417 3521 81 25 charge.

1112 3574 105 32 THE
1407 3572 241 33 COACHING
1672 3572 62 33 CO,

1158 3615 44 18 Bun
1211 3615 82 17 Coaches
1301 3615 21 17 to
1331 3615 32 16 the
1371 3613 99 23 following
1478 3613 62 22 places
1550 3613 19 17 of
1577 3613 113 18 interest:—

979 3648 136 26 Tokaanu,
1125 3646 117 24 Thursdays
1251 3646 40 19 ard
1306 3645 100 24 Sundays.
1434 3645 52 18 Fare
1496 3646 28 18 ss.

983 3673 137 23 Wairakei
1134 3672 120 29 GeyseTS,
1265 3672 61 24 daily,
1338 3671 94 25 Sundays
1441 3670 100 20 included.
1569 3670 52 20 Fare
1632 3673 21 16 2s
1664 3671 32 19 Cd.

979 3704 153 18 ABATEATEA
1141 3704 99 17 BAPIDS.
1250 3704 57 19 daily.
1332 3703 48 17 Fare
1392 3703 20 17 3s
1420 3702 31 17 Gd.

979 3728 146 18 EOTOKAWA
1138 3726 121 18 SULPHUR
1271 3726 77 18 LAKE.
1372 3726 49 16 Fare
1429 3726 20 16 7s
1458 3725 29 20 Cd,
1497 3730 37 17 any
1543 3725 51 17 time.

1002 3808 149 45 JECKLIN
1184 3807 25 41 &
1240 3808 147 45 COTTER,

1054 3885 116 21 FAMILY
1185 3884 155 25 BUTCHERS,

1032 3943 81 19 Aeawa
1137 3939 91 25 Street,
1251 3939 106 20 RotoiiUa.

1005 3992 60 20 Have
1075 3992 21 17 to
1107 3989 65 23 thank
1184 3987 34 21 the
1228 3987 74 21 Public
1318 3988 21 19 of
1350 3987 49 20 Eoto-

979 4025 35 13 rua
1030 4018 34 19 for
1073 4019 44 22 last
1128 4016 84 18 favcurs
1223 4014 37 19 and
1273 4015 37 22 beg
1321 4017 22 16 to
1359 4016 54 18 state

980 4045 48 25 thpy
1040 4043 42 20 will
1098 4041 97 20 continue
1214 4043 21 16 to
1251 4041 59 19 merit
1327 4042 86 24 support

978 4071 26 26 by
1016 4069 109 27 providing
1136 4067 35 20 the
1181 4067 43 20 beet
1232 4067 78 25 quality
1321 4067 22 19 of
1359 4069 53 18 meat

1049 4118 38 20 AT
1101 4116 118 21 LOWEST
1233 4116 105 19 PRICES.

1480 3794 30 40 h
1536 3796 38 39 f.
1606 3795 34 39 f.

1563 3862 173 21 FRUITERER.

1460 3902 57 20 Next
1527 3901 99 20 Saddler's
1641 3902 56 25 shop,
1708 3902 132 21 Ohinemutu.

1436 3934 44 19 Has
1491 3934 74 25 always
1580 3940 11 12 a
1607 3934 52 25 gocd
1673 3935 72 24 supply
1762 3935 23 18 of
1804 3935 63 21 Fresh

1509 3960 66 24 Fruit,
1585 3960 49 19 both
1648 3960 51 19 local
1709 3961 38 18 and
1758 3961 24 18 im-

1560 3985 71 27 ported
1643 3992 25 13 on
1679 3986 59 20 hand.

1604 4011 90 25 Also,

1559 4038 19 19 A
1597 4037 44 20 well
1651 4038 92 20 assorted

1489 4063 57 20 stock
1556 4063 22 20 of
1588 4062 86 25 Biscuit,
1687 4064 129 20 Coufectinv

1435 4096 35 20 ery
1481 4090 39 19 and
1531 4090 91 19 Summer
1635 4089 77 20 Drinks
1724 4092 23 18 at
1762 4092 106 19 Moderate

1611 4115 76 21 Prices.

1218 223 90 18 Tourists
1318 223 40 19 and
1371 224 92 19 Invalids
1473 224 84 21 visiting'
1566 223 35 18 tho
1761 224 21 18 of
1791 224 51 18 New
1851 224 28 18 Ze

1461 353 396 64 ROTORUA,

983 419 80 16 riITTT!
1078 422 51 16 most
1140 419 87 26 elegant,
1239 419 132 19 comfortable
1378 419 41 19 and
1430 419 43 19 best
1484 418 110 25 appointed
1604 418 154 19 establishment
1768 419 21 17 in
1809 418 51 18 New
1876 417 97 20 Zealand,
1992 417 15 18 it
2027 417 63 25 being
2105 417 77 25 replete
2198 417 126 25 tbrougliout

990 439 23 22 _L
1444 439 2 28 ,
1453 445 50 19 with
1513 445 34 17 tlie
1558 446 52 16 most
1624 444 81 18 modern
1721 444 148 18 conveniences.

1009 471 58 19 THE
1080 471 93 19 HOTEL
1192 471 17 18 is
1227 471 21 18 in
1267 470 35 19 the
1320 470 117 19 immediate
1452 469 168 26 neighbourhood
1639 469 22 18 of
1678 469 36 20 the
1731 469 73 23 Priest,
1825 469 82 26 Rachel,
1928 469 124 18 Postmaster
2075 468 41 19 and
2131 468 58 19 other
2203 468 68 23 baths,
2288 468 36 19 the

983 497 89 18 curative
1083 497 112 25 properties
1206 497 21 18 of
1237 496 64 19 which
1317 502 34 13 are
1368 495 148 20 world-famed.
1545 495 53 19 Bath
1610 495 66 18 chairs
1686 495 40 19 and
1737 495 118 18 attendants
1865 501 33 12 are
1908 494 98 25 provided
2017 498 21 14 to
2050 500 76 18 convey
2142 494 87 18 invalids
2245 495 20 17 to
2283 494 42 19 and

983 523 51 18 from
1045 523 35 18 the
1090 523 81 18 various
1185 522 139 19 bath-houses.
1352 522 44 19 Tho
1406 522 108 19 bedrooms
1524 521 39 19 and
1582 521 87 24 retiiing
1690 527 66 12 rooms
1776 527 34 12 are
1829 520 57 19 fitted
1904 520 50 19 with
1982 520 76 24 special
2072 519 74 25 regard
2159 522 21 16 to
2194 520 34 18 the
2243 520 82 24 require

982 552 66 15 ments
1058 548 21 19 of
1088 551 71 22 guests
1168 548 21 19 in
1198 548 69 19 search
1277 548 21 18 of
1307 547 92 20 renewed
1410 547 99 25 strength.

1009 574 44 19 The
1065 574 63 19 Baths
1138 577 22 16 at
1171 574 35 18 tho
1213 574 129 19 Sanatorium
1353 573 52 19 have
1417 573 98 18 attracted
1526 572 151 24 man;-visitors
1696 573 22 18 of
1737 572 41 19 late
1798 578 71 18 years;
1895 572 94 24 amongst
2005 571 59 21 those
2078 570 44 19 who
2131 571 52 18 have
2194 570 64 19 found
2267 570 58 19 relief

983 600 33 19 bei
1025 600 35 18 tho
1069 600 146 22 convalescent,
1226 605 91 17 nervous,
1328 599 120 22 rheumatic,
1459 598 41 19 and
1509 598 101 24 sleepless.

1010 625 92 19 Rotorua
1111 626 17 18 is
1138 626 34 18 the
1191 628 66 15 centre
1276 625 51 18 from
1347 624 64 19 which
1432 624 27 19 all
1480 624 68 25 points
1557 624 22 18 of
1588 624 84 18 interest
1681 624 21 18 in
1720 624 34 19 the
1764 623 96 20 Thermal
1871 623 85 25 Springs
1972 622 85 20 District
2074 628 47 19 may
2136 622 25 19 be
2176 621 91 24 reached,
2286 621 39 19 and

983 651 74 25 special
1067 651 96 19 facilities
1173 657 33 13 are
1215 650 97 25 provided
1321 651 32 18 for
1361 651 57 18 those
1426 650 21 19 in
1457 649 71 19 search
1537 650 21 18 of
1566 649 34 19 tho
1610 649 102 19 beautiful
1723 649 40 19 and
1778 649 127 19 marvellous.

1077 682 182 18 MAGNIFICENT
1271 682 177 19 APARTMENTS,
1577 680 85 17 LOFTY
1674 680 147 18 BEDROOMS.
1938 680 117 21 PERFECT
2071 678 161 19 SANITATION.

1129 706 26 19 In
1166 706 56 18 short
1231 712 12 11 a
1253 711 123 13 fibst-cxass
1391 704 172 19 Establishment
1573 704 87 25 offering
1669 704 59 25 equal
1738 704 96 19 comforts
1843 705 21 17 to
1874 703 34 19 the
1918 703 45 20 best
1977 703 66 19 hotels
2052 703 22 19 in
2083 703 87 24 Europe.

1224 756 86 24 Suites
1327 757 28 23 of
1367 756 170 30 Apartments
1545 755 68 23 with
1624 756 98 28 special
1735 755 156 23 attendance
1905 755 40 23 for
1960 755 132 23 Families-

989 793 98 24 Spacious
1098 791 126 19 Promenade
1234 791 111 23 Balconies,
1355 791 58 25 Snug
1425 791 91 21 Alcoves,
1527 789 40 19 and
1583 789 128 25 luxuriously
1727 789 109 25 pppointed
1846 789 104 25 Drawing,
1970 789 71 22 Music,
2058 788 152 24 Conversation,
2225 787 100 25 Beading,

1437 816 100 24 Smoking
1547 816 38 18 and
1597 815 86 19 Billiard
1693 816 82 18 Rooms.
1803 814 71 19 Baths.

1222 853 36 23 £f
1274 850 117 20 SPECIAL
1404 849 162 21 ATTENTION
1578 849 70 19 PAID
1660 850 35 19 TO
1709 849 118 20 CUISIiNE
1841 849 60 19 AND
1916 849 126 19 SERVICE.
2057 851 36 22 _£s

1013 884 35 19 All
1058 883 178 21 communications
1248 883 27 24 by
1284 882 60 19 letter
1353 889 22 12 or
1387 882 97 23 telegram
1495 881 41 19 v>ill
1546 881 76 19 receive
1632 883 81 23 prompt
1723 881 105 19 attention.

1043 935 76 44 W.
1147 935 57 43 A.
1232 932 313 52 BOULTON,

1457 991 59 24 (Late
1526 992 21 17 of
1556 990 113 19 Grosvenor
1679 990 70 24 Hotel,
1761 989 80 25 Sydney
1850 990 7 24 )

2016 933 246 54 Manager,

1897 1058 164 41 ROTORUA
2084 1058 91 41 BOOT
2196 1058 25 41 &
2239 1058 88 42 SHOE

2049 1115 126 42 DEPOT.

1895 1444 19 19 A
1933 1446 68 26 Largo
2020 1448 62 20 Stock
2102 1450 21 18 of
2140 1450 93 24 German,
2250 1451 77 19 French

1963 1473 41 20 and
2014 1474 93 20 Colonial
2117 1475 62 20 Boots
2188 1475 75 22 always

2058 1502 22 18 in
2097 1501 67 20 Stock.

1895 1535 67 20 BEST
1970 1536 153 22 MATERIAL.
2159 1539 68 20 BEST
2236 1540 90 20 WORK.

1972 1573 160 22 AUCKLAND
2142 1575 105 21 PRICES.

1895 1621 164 25 Hand-sewn
2069 1624 78 23 Boots
2157 1632 15 16 a
2187 1625 138 32 Specialty.

1919 1685 115 23 Visitors
2045 1687 27 21 to
2086 1686 46 24 the
2146 1687 54 24 Hot
2207 1688 91 25 Lakes.

2082 1738 57 21 THE

1921 1764 176 48 Palace
2132 1766 161 57 Hotel,

1973 1821 10 19 d
2009 1822 19 19 in
2054 1822 35 20 the
2113 1823 49 19 New
2186 1824 136 21 Government

1891 1847 107 25 Township
2014 1848 20 19 in
2051 1849 54 19 ciose
2122 1850 109 26 proximity
2249 1854 22 17 to
2290 1853 35 19 the

1891 1873 70 25 Baths,
1978 1874 137 25 Sanatorium,
2135 1875 49 20 Post
2206 1877 60 20 Office
2284 1879 40 19 and

1890 1900 91 27 Railway
1989 1901 88 20 Station.

1915 1952 42 19 The
1968 1953 62 20 Hotel
2042 1954 17 19 is
2075 1954 127 27 luxuriously
2218 1955 104 21 furnis-hed

1889 1979 38 19 and
1940 1979 78 24 replete
2028 1980 47 19 with
2084 1987 58 19 every
2151 1983 134 19 convenience
2293 1983 31 19 for

1889 2006 86 18 touiists
1985 2006 40 19 and
2035 2006 75 20 otherp.
2140 2007 20 19 It
2182 2015 9 12 c
2207 2009 89 19 mmands
2313 2016 10 12 a

1889 2031 91 25 xplendid
1992 2033 49 18 view
2051 2034 22 17 of
2084 2032 34 20 the
2127 2033 55 20 Lake
2192 2035 38 19 and
2239 2035 17 19 is
2266 2036 45 19 with-

1889 2058 19 18 in
1919 2064 45 18 easy
1976 2065 68 13 access
2056 2059 22 20 of
2095 2059 34 20 the
2145 2060 78 26 Geyser
2238 2062 84 25 Springs

1888 2083 3 31 <
1902 2084 8 17 f
1921 2083 188 23 Wbakarewarewa
2119 2086 39 19 aid
2169 2087 26 19 all
2208 2087 32 21 the
2259 2087 63 27 sights

1889 2110 2 21 •
1901 2110 8 19 f
1920 2110 34 19 the
1964 2110 86 21 district.

1902 2137 33 18 All
1945 2137 108 25 telegrams
2064 2139 103 25 promptly
2177 2140 95 21 attended
2281 2143 28 18 to.

1954 2189 87 32 JOHN
2070 2190 183 40 JOHNSTON,

2023 2228 169 20 PEOPEEETOE.

1918 2278 185 46 Robert
2136 2279 156 47 Wake

1890 2340 98 45 BEGS
1997 2344 19 15 to
2026 2341 93 20 intimate
2126 2341 46 20 that
2182 2342 24 19 ho
2223 2342 37 20 hrs
2277 2350 45 13 now

1962 2367 111 19 concluded
2084 2368 34 19 the
2131 2368 117 20 alterations
2260 2373 21 15 to
2291 2370 32 19 his

1889 2392 96 26 premises
2001 2393 21 19 in
2040 2393 78 20 Fenton
2135 2394 71 23 Street,
2222 2395 101 26 (opposite

1889 2419 33 18 the
1933 2419 69 19 Grand
2013 2419 80 25 Hotel,)
2103 2420 40 19 and
2154 2420 36 19 has
2199 2427 12 12 a
2217 2421 57 25 large
2282 2422 41 19 and

1889 2445 44 19 well
1943 2446 92 18 assorted
2045 2446 57 19 stock
2112 2446 21 19 of
2147 2446 34 19 the
2200 2448 110 20 undermen-

1889 2470 68 19 tioned
1968 2471 69 24 goods,

1891 2506 66 41 FOR
1977 2506 89 41 CASH
2082 2506 25 41 &
2119 2506 88 42 CASH
2220 2507 101 43 ONLY.

1915 2561 50 19 This
1975 2561 54 19 Rule
2041 2561 40 19 will
2098 2562 24 18 be
2138 2562 77 24 strictly
2234 2564 89 19 adhered

1890 2590 20 16 to
1920 2594 22 12 so
1953 2594 26 12 no
1990 2594 38 12 one
2038 2587 51 19 need
2102 2587 3 22 I
2114 2594 10 13 o
2134 2588 94 20 offended
2236 2590 15 18 if
2261 2590 63 19 credit

1889 2613 18 19 is
1918 2613 88 19 refused.

1891 2648 82 22 Men's
1985 2648 127 29 Mercery,
2122 2648 75 29 Hats,
2209 2650 43 24 &c.

1893 2678 83 23 Men's
1992 2679 52 22 and
2058 2679 78 30 Boys'
2152 2679 122 31 Clothing

1996 2728 15 10 ~
2122 2710 79 25 Boots
2212 2712 22 23 &
2244 2713 80 24 Shoes

1891 2740 137 29 Blankets,
2042 2741 82 29 Rugs,
2135 2742 97 29 Prints,
2248 2743 61 25 Flan-

1944 2772 123 28 nelettes,
2079 2775 48 21 etc.

1893 2804 115 28 Saddles,
2019 2804 110 29 Bridles,
2145 2807 47 22 etc.

2004 2874 105 26 Complete
2120 2876 60 19 Stock
2190 2877 21 19 of

1893 2905 92 30 Fancy
1998 2905 92 28 Goods,
2108 2906 150 33 Stationery
2274 2911 52 22 and

1944 2936 87 25 Books

1893 2969 195 23 Tobacconist's
2103 2970 93 29 Goods,
2207 2973 48 22 etc-

1893 3001 113 22 Musical
2022 3001 178 24 Instruments

1892 3030 112 30 Fishing
2018 3030 97 24 Tackle

1892 3062 123 23 Window
2022 3062 71 29 glass
2101 3063 22 23 &
2130 3063 79 31 Lamp
2217 3065 108 30 glasses.

1891 3114 95 20 LARGE
2001 3114 61 20 AND
2093 3116 233 22 WELL-ASSORTED

2039 3146 89 20 STOCK
2142 3147 34 19 OF

1906 3178 187 28 BIRTHDAY,
2122 3179 94 24 XMAS
2242 3182 71 23 AND

1944 3210 81 22 NEW
2046 3210 94 27 YEAR
2159 3211 113 25 CARDS.

1932 3261 67 20 Maori
2012 3262 73 19 Curios
2096 3263 21 20 in
2128 3264 62 19 Great
2198 3264 91 26 Variety.

1893 3361 116 25 Prescripti.
2018 3368 24 12 ns
2053 3361 108 26 dispensed
2171 3363 26 26 by
2204 3371 13 12 a
2226 3364 101 21 Qualified

2050 3387 92 21 Chemist
2152 3392 21 16 at

1971 3419 128 36 ROBERT
2116 3420 134 34 WAKE'S.

2029 3472 161 25 ROTORUA.

1892 3551 422 88 Langham.

1913 3647 49 22 (One
1968 3648 90 17 minute's
2066 3650 50 16 walk
2125 3650 48 17 from
2180 3650 32 18 the
2218 3652 73 17 Govern-

2042 3674 54 15 ment
2103 3673 75 23 Baths.)

2010 3729 190 25 TGRWS:

1916 3763 46 22 35s
1969 3770 47 22 per
2034 3765 89 27 week;
2143 3766 29 22 6s
2186 3772 46 23 per
2239 3766 59 30 day.

1917 3793 62 24 Two
1988 3794 92 23 weeks
2090 3801 28 17 or
2128 3794 98 31 longer,
2243 3797 55 23 30s.

1924 3843 29 33 C.
1985 3831 305 52 HAWKER~WILSON,

2016 3885 186 21 PROPRIETOR.

1917 3931 177 25 WYNYARD
2107 3932 191 31 &PURCHAS,

1951 3965 131 19 Badristees
2089 3972 42 12 and
2143 3966 122 26 Solicitous,

1890 4003 79 19 B.N.Z.
1979 4003 119 25 Chambers,
2106 4004 104 25 QueenSt,
2218 4006 108 21 Auckland

1889 4064 84 43 WE
1985 4065 53 19 have
2048 4072 73 19 money
2130 4069 20 16 to
2161 4066 46 19 lend
2219 4074 25 12 on
2261 4067 51 21 Mort-

1982 4097 53 19 gage
2046 4092 21 21 of
2082 4092 99 19 Freehold
2195 4093 42 20 and
2251 4093 61 21 Lease-

1890 4116 48 19 hold
1949 4120 97 21 property
2055 4119 22 17 at
2088 4121 80 16 current
2176 4121 60 18 rates.

980 4210 102 41 Ask
1110 4209 71 41 for
1206 4208 225 43 Hancock
1447 4219 23 31 s
1495 4208 275 44 Celebrated
1828 4208 189 43 2XZX
2040 4208 113 42 Ales
2182 4212 95 40 and
2303 4212 149 41 Stout.

2349 143 219 52 LIVERY
2600 146 131 52 AND
2758 146 144 53 BAIT
2927 147 280 55 STABLES

2498 219 182 38 EBXHATIH
2716 221 136 36 STREET
2901 224 158 33 ROTARIIA

2351 300 403 42 r\v-JD6s>iovJnß
2786 300 436 58 DnUTHERo,

2624 365 324 56 Proprietors,

2477 464 129 23 SADDLE
2621 466 22 22 &
2667 466 114 23 BUGGY
2804 466 124 26 HORSES
2948 470 43 22 ON
3005 471 90 26 HIRE,

2366 525 116 21 kTESSBS
2495 525 143 20 ROBINSON
2652 527 77 30 BROS;
2738 527 88 20 Coaches
2836 536 38 14 run
2888 532 20 17 to
2922 531 27 19 all
2959 532 34 18 the
3010 532 65 19 sights
3091 533 20 20 in
3128 534 34 19 the
3181 534 47 20 Dis-

2349 548 49 23 J-'-l-
2703 553 51 23 trict,
2765 548 115 32 including:

2427 576 146 31 Waiotapu,
2587 578 124 28 Ttkitere,
2722 578 99 27 Rotoiti
2835 581 51 23 and
2898 582 251 29 Whakarewarewa-

2375 609 90 19 Coaches
2476 609 47 20 wait
2533 609 34 19 the
2578 610 76 19 arrival
2669 610 21 19 of
2706 616 59 19 every
2782 612 52 18 train
2850 612 40 19 and
2908 619 34 14 are
2960 615 42 18 also
3021 622 38 13 run
3075 616 20 19 in
3113 618 115 19 connection

2744 637 48 18 with
2805 637 35 19 the

2396 667 90 36 £PA
2506 666 163 37 BOTOX
2688 667 239 36 COACHING
2950 671 234 40 OOHPAHY,

2708 707 169 23 THUPO.

2376 803 37 21 (p3~
2429 800 116 25 Telegrams
2553 802 101 24 promptly
2663 801 96 21 attended
2770 803 18 17 to

2352 867 241 47 KUSABS
2627 867 154 46 BROS

2460 932 217 33 MAMAKU

2351 970 74 42 SAW
2439 970 26 41 &
2491 970 153 42 PLANING
2665 970 117 41 MILLS.

2354 1041 269 23 MOUNTHIN
2647 1041 137 24 Rl7^\J,

2512 1084 42 14 THE
2565 1084 55 13 OXLY

2354 1117 134 21 GENUINE
2503 1117 59 19 DRY
2578 1117 79 19 LAND
2674 1117 111 19 TIMBEB

2458 1152 29 17 IN
2500 1152 52 16 THE
2565 1151 115 18 MARKET.

2354 1198 128 43 MESSES
2501 1197 100 18 KUSABS
2618 1197 70 18 BROS,
2703 1197 38 23 bog
2757 1203 20 12 re-

2429 1221 101 23 spectfully
2536 1223 20 14 to
2565 1221 69 17 inform
2643 1221 33 18 the
2688 1221 66 17 Public
2768 1221 20 16 of

2355 1246 78 15 Koturua
2441 1244 34 16 and
2485 1244 73 21 vicinity
2567 1244 39 16 that
2614 1244 41 21 they
2669 1244 44 16 have
2728 1246 48 13 estab-

2354 1267 55 15 lished
2418 1272 10 9 u
2438 1271 10 15 y
2451 1265 29 16 aid
2489 1266 17 15 in
2521 1265 41 16 linn
2568 1268 78 16 moa-st.,
2655 1265 33 16 and
2704 1270 30 10 can
2749 1269 38 11 now

2353 1289 64 20 supply
2425 1286 30 17 the
2462 1286 52 17 finest
2521 1285 44 18 ola'ps
2578 1287 19 15 of
2611 1286 84 20 Building
2707 1286 79 16 Material

2353 1309 17 15 in
2380 1303 31 21 the*
2418 1308 75 16 Market.
2509 1308 17 15 It
2535 1308 14 14 is
2556 1313 28 10 uni
2589 1307 69 21 quailed
2667 1308 16 14 in
2693 1307 93 21 durability

2354 1330 33 15 and
2398 1329 105 21 impervious
2511 1331 17 13 to
2537 1328 29 16 the
2575 1329 68 15 attacks
2658 1328 18 16 of
2690 1329 49 15 borer
2752 1328 34 15 and

2353 1352 31 19 dry
2398 1354 31 13 rot.
2453 1350 54 16 Their
2516 1349 82 17 sawmills
2606 1355 29 11 ore
2643 1350 49 16 fitted
2702 1349 42 15 with
2758 1349 29 15 the

2353 1375 45 13 most
2407 1378 22 10 m(
2432 1370 4 22 ;
2436 1371 42 16 d<rn
2487 1370 87 22 appliance
2577 1376 8 11 a
2596 1371 33 16 and
2639 1371 28 16 the
2676 1371 38 16 firm
2727 1371 15 15 is
2753 1370 39 16 able

2352 1397 18 12 to
2387 1393 63 21 t-upply
2467 1397 34 16 any
2517 1392 81 21 quantity
2615 1392 19 16 of
2648 1392 38 21 Dry
2705 1392 87 19 Building

2352 1415 82 15 Material
2444 1420 20 10 on
2475 1414 29 16 the
2513 1416 74 13 slioitest
2595 1414 63 15 notice.

2352 1457 144 29 Skirtings,
2505 1456 181 28 Architraves,
2694 1456 82 23 Mould-

2390 1489 68 27 ings,
2471 1487 51 23 and
2531 1486 112 23 Dressed
2652 1486 103 23 Timber

2420 1519 27 22 of
2455 1524 81 23 every
2551 1517 183 30 description,;

2444 1549 110 29 Always
2564 1555 33 16 on
2606 1548 85 23 Hand.

2379 1583 121 23 HENAU
2510 1583 107 23 HOUSE
2627 1582 129 23 BLOCKS.

2371 1631 51 17 Price
2431 1630 47 16 Lists
2486 1635 21 11 on
2517 1630 103 21 application
2630 1630 18 15 to

2350 1661 225 34 KUSABS
2611 1660 171 36 BEOS.,

2424 1702 118 18 MAMAKU
2554 1707 26 12 or
2592 1702 114 18 OHAUPO.

2478 1731 26 18 Or
2512 1732 20 16 at
2540 1731 32 17 the
2585 1731 68 20 Yards,

2371 1759 126 19 HINEMOA
2509 1759 102 19 STREET,
2632 1757 126 18 ROTORUA.

2348 1833 34 20 TO
2398 1832 58 19 THE
2471 1830 104 22 PUBLIC
2591 1830 34 21 OF
2642 1829 138 21 KOTOEUA.

2387 1884 56 19 BEG
2455 1886 20 17 to
2484 1883 66 20 thank
2559 1883 35 19 the
2689 1882 23 20 of
2719 1881 49 19 Roto-

2401 1917 41 13 rua
2460 1910 32 20 for
2506 1909 53 19 their
2566 1910 82 18 favours
2660 1908 75 24 during
2746 1907 34 19 the

2347 1940 45 19 past
2403 1937 71 19 fifteen
2483 1942 64 19 years,
2559 1935 40 19 and
2614 1938 20 16 to
2651 1934 66 24 notify
2736 1933 44 19 that

2347 1961 31 22 for
2389 1963 35 19 the
2435 1963 132 19 convenience
2578 1961 21 19 of
2608 1961 99 20 residents
2718 1960 20 19 in
2747 1959 33 19 the

2347 1990 51 20 New
2410 1988 115 25 Township,
2537 1987 40 19 and
2588 1993 32 19 my
2634 1987 58 19 trade
2709 1992 59 19 gener-

2345 2016 49 25 ally,
2406 2015 11 19 I
2427 2015 52 19 have
2490 2014 52 18 built

2373 2050 52 19 New
2434 2050 104 19 Premises
2546 2053 21 14 in
2575 2048 84 19 Fexion
2667 2046 84 24 Street,

2346 2086 66 20 which
2423 2092 34 13 aie
2467 2091 44 13 now
2523 2091 50 18 open
2582 2084 32 20 for
2625 2083 99 22 business,
2740 2081 40 20 and

2345 2114 12 18 I
2367 2119 34 13 am
2419 2110 100 27 prepared
2540 2113 20 17 to
2573 2110 75 26 supply

2486 2145 70 19 Prime
2577 2144 62 20 Meat

2345 2185 21 19 in
2378 2184 50 20 both
2439 2184 51 19 New
2502 2182 38 19 and
2552 2182 38 19 Old
2599 2180 127 26 Townships.

2378 2251 43 23 An
2434 2249 151 30 Inspection
2600 2248 23 23 is
2638 2247 107 24 invited,

2554 2288 103 20 HENEY
2670 2286 82 22 KIRK,

2392 2356 30 39 A.
2451 2353 70 41 AND
2547 2352 30 40 C.
2605 2349 127 46 BROOK,

2345 2406 83 25 BOOT
2443 2404 69 25 AND
2528 2403 83 24 SHOE
2631 2399 148 28 MAKERS,

2405 2438 87 21 Fentok
2508 2437 88 21 Street,
2621 2436 4 23 I
2637 2439 89 14 otokua.

2347 2472 45 19 And
2415 2472 22 18 at
2467 2467 81 22 Parnell
2571 2467 39 19 and
2640 2464 138 22 Newmaiket.

2373 2525 66 23 Large
2448 2522 39 19 and
2499 2521 66 19 vatied
2582 2521 28 17 Si.
2620 2519 24 19 ck
2655 2518 22 19 of
2687 2516 90 25 English,

2348 2551 85 22 Foreign
2446 2549 38 19 and
2497 2546 90 22 Colonial
2599 2546 13 19 B
2628 2549 32 15 ots
2671 2545 36 19 and
2717 2544 62 18 Shoe*

2408 2578 22 18 to
2441 2575 71 19 choose
2524 2575 49 17 from
2585 2574 22 18 at
2619 2572 33 18 the
2663 2572 51 18 most

2382 2606 215 35 REASONABLE
2618 2602 127 34 PRICES,

2414 2648 95 21 GREAT
2523 2647 85 19 ErDU'
2621 2645 93 20 TtONS.

2374 2681 95 24 Clearmg
2488 2681 35 16 out
2544 2679 40 18 Sto.
2592 2678 11 19 k
2624 2677 33 19 for
2679 2674 75 26 Spring

2502 2704 122 25 Shipment*.

2349 2740 34 20 All
2398 2739 70 20 orders
2485 2737 38 19 and
2542 2744 26 17 ret,
2576 2736 39 19 airs
2632 2731 147 28 expeditiously

2512 2762 101 21 executed.

2349 2885 431 41 OARPENTEB,

2453 2940 105 19 FENTON
2574 2938 102 20 STREET,

2443 2970 99 17 Opposite

2373 3000 67 17 Sashes
2448 2998 55 17 made
2511 2999 20 16 to
2540 2996 60 18 order.

2351 3048 201 47 AUCKLAND
2565 3043 217 22 ADVERTISING

2506 3071 111 19 AGENCY,

2371 3099 100 16 Victoria
2483 3095 88 19 Arcade,
2586 3093 72 20 Queen
2675 3092 84 17 Street.

2404 3119 122 22 Advertising
2531 3118 20 17 in
2560 3118 26 16 all
2598 3117 25 16 its
2631 3114 97 20 brandies.

2349 3145 54 20 New,
2417 3143 76 22 Unique
2510 3141 37 17 and
2559 3139 86 19 Tasteful
2662 3136 122 23 Advertising

2521 3164 92 18 Medium.

2373 3190 69 18 Orders
2451 3189 49 17 from
2509 3187 26 18 all
2543 3188 53 22 parts
2604 3184 91 19 attended
2702 3186 21 15 to
2737 3182 47 18 with

2349 3220 43 11 care
2401 3212 38 18 and
2447 3211 114 23 expedition.

2366 3342 117 37 H*W,
2498 3339 269 36 MITCHELL,

2446 3399 119 23 Slutfiorteel)
2575 3400 112 23 je«vb«gor,

2497 3452 142 26 ROTORUfI.

2444 3504 29 40 F,
2516 3501 174 46 COODSON,

2493 3559 151 34 ROTORUA

2351 3607 83 33 COAL
2450 3606 27 31 &
2498 3603 167 33 FIREWOOD
2686 3601 96 37 YARD,

2436 3650 142 19 PUKTTATUA
2591 3648 102 20 STREET,

2370 3732 66 20 Goods
2445 3730 94 19 delivered
2547 3730 49 17 after
2609 3728 69 19 arrival
2692 3728 20 18 of
2724 3728 59 17 trains

2349 3758 20 17 to
2377 3756 27 18 all
2411 3756 53 22 parts
2473 3755 20 17 of
2500 3754 33 18 the
2542 3755 52 15 town
2602 3752 46 17 with
2657 3752 125 22 promptness.

2363 3794 48 17 ,arge
2420 3787 57 18 Stock
2490 3786 21 17 of
2526 3785 44 18 Coal
2588 3785 37 17 and
2642 3783 98 18 Firewood
2754 3783 19 17 id-

2418 3816 52 17 ways
2479 3815 25 11 on
2512 3808 51 18 hand
2573 3808 38 18 nnd
2619 3807 95 18 delivered

2488 3834 21 16 at
2516 3832 33 17 the
2561 3832 83 17 shortest

2530 3855 68 17 notice.

2372 3952 43 44 G
2428 3952 46 18 EO
2476 3951 160 43 -M°A
2648 3949 104 18 CLEY
2753 3949 4 47 '

2349 4022 123 24 Plumber
2488 4021 23 23 &
2518 4019 114 24 General
2642 4017 138 25 Mechanic

2440 4070 131 20 Tutanekai
2589 4068 93 22 Street,

2864 868 38 40 W,
2930 868 30 42 A,
2992 870 182 43 WILLIAMS'

2809 938 218 28 PIONEER
3069 943 166 28 STORE,

2886 978 101 24 Opposite
3002 979 72 20 Palace
3090 980 66 21 Hotel.

2808 1028 136 25 GROCERY,

2847 1060 138 19 OILMEN'S
3000 1061 109 24 STORES,

2887 1090 218 25 IRONMONftERV,

2940 1121 249 25 CROCKERYWARE,

2993 1156 141 25 DRAPERY,
3150 1159 85 23 &c,,&c;

2837 1188 16 16 A
2869 1185 149 22 well-assorted
3034 1188 57 20 stock
3109 1189 19 19 in
3145 1189 26 19 all
3188 1188 50 21 lines

2810 1211 21 19 of
2840 1211 34 19 tbe
2882 1212 62 20 above
2955 1216 21 16 at
2986 1213 69 21 lowest
3066 1215 70 22 prices.

2810 1246 49 19 New
2870 1246 87 20 Zealand
2965 1248 64 25 Dairy
3038 1248 144 21 Aeeociation's
3190 1250 37 19 Fac-

2844 1274 46 22 tory
2901 1272 75 20 Butter
2986 1274 55 19 fresh
3051 1274 57 19 twice
3118 1275 82 25 weekly.

2883 1307 51 19 New
2944 1308 50 19 Laid
3005 1308 61 25 Epgs,
3076 1309 42 24 &c,
3130 1309 34 19 &c.

2801 1359 4 33 I
2839 1359 164 26 MONEY
3027 1362 55 24 TO
3109 1364 117 25 LEND

2804 1464 3 33 I
2834 1470 125 22 GOVERNMENT
2977 1474 101 21 INSURANCE
3097 1475 129 22 DEPARTMENT.

2972 1521 15 14 J.
2997 1521 19 17 H,
3024 1521 136 19 BICHAKDSON,

2834 1542 16 9 *J
3095 1540 129 15 Commissioner.

2808 1599 218 49 Rotorua
3043 1601 195 61 Bakery

2850 1771 11 11 .
2886 1731 48 52 S.
2959 1731 277 63 SAMSON,

2818 1799 105 35 BAKER
2932 1801 28 32 &
2970 1801 254 33 CONFECTIONER.

2858 1887 85 23 Bread
2955 1888 133 23 delivered
3104 1889 77 30 daily,

2854 1958 168 25 GROCERIES,

2999 1990 144 23 DRAPERY,

2993 2034 45 14 AND

2801 2062 124 19 GENERAL
2932 2064 205 20 STOREKEEPER'S
3144 2065 90 21 GOODS,

2850 2116 136 43 HORACE
3007 2117 178 44 STEWART,

2801 2175 108 21 SADDLE,
2925 2175 124 21 HARNESS,
3063 2176 53 18 AND
3134 2177 100 20 COLLAR

2970 2211 99 21 MAKER,

2845 2243 179 23 FENTON-ST.,
3039 2244 150 21 ROTORUA.

2801 2275 40 17 Has
2850 2276 39 21 just
2897 2276 72 22 opened
2975 2282 11 11 a
2991 2276 68 18 Choice
3066 2277 118 18 Assortment
3190 2279 20 16 of

2801 2305 145 24 SADDLES,
2954 2307 135 22 BRIDLES,
3095 2308 137 21 COLLARS

2825 2329 120 23 CHAINS,
2951 2330 70 21 BITS,
3026 2331 102 23 SPURS,
3136 2331 56 20 HAR-

2901 2353 77 18 NESS
2991 2353 83 24 SOAP,
3090 2354 40 19 &c.

2826 2399 71 18 Collars
2906 2400 54 17 made
2974 2401 20 16 to
3007 2405 84 14 measure
3104 2407 24 11 on
3144 2402 33 17 the
3191 2408 32 17 pre-

2803 2423 54 18 mises
2866 2429 10 10 a
2885 2422 102 24 speciality.

2825 2446 123 22 Lengthened
2957 2446 108 23 experience
3074 2447 19 17 in
3102 2448 25 19 (ill
3136 2448 67 18 classes
3215 2450 20 17 of

2801 2469 94 17 Saddler's
2904 2469 57 19 work.
2987 2469 31 20 All
3025 2470 65 20 orders
3099 2472 95 22 promptly
3203 2474 20 16 at-

2801 2492 68 17 tended
2881 2493 26 16 to.

3020 2582 35 40 M,
3091 2583 118 48 SIMON,

2998 2634 61 24 (Late
3066 2634 22 19 of
3096 2635 137 26 Melbourne.)

3008 2684 113 19 Practical
3141 2685 81 19 Tailor.

2997 2756 104 23 Clothes
3114 2758 75 22 made
3208 2759 27 22 to

3024 2782 73 23 order
3114 2789 34 16 on
3163 2783 45 23 the

3048 2808 136 25 shortest

3069 2834 92 26 notice,

3010 2930 55 25 Style
3075 2930 38 19 and
3125 2930 35 20 Fit
3170 2932 37 18 not
3217 2933 19 18 to

2999 2958 23 17 bo
3032 2956 94 26 equalled
3142 2958 20 17 in
3180 2959 56 18 town

2998 2993 111 19 Address:
3125 2993 111 20 ArawaSt.

3069 3019 101 19 Rotorua.

2806 3110 135 22 BARBER
2956 3110 22 22 &
2993 3109 245 26 HAIRDRESSER.

2822 3191 57 52 H.
2908 3191 314 54 STEWART

2806 3274 61 18 HAS
2885 3273 110 19 removed
3009 3274 25 18 to
3051 3273 36 20 his
3101 3274 76 19 NEW
3192 3274 32 19 SA-

2829 3306 83 18 LOON
2920 3306 179 22 Fenton-street,
3109 3306 105 23 opposite

2930 3335 67 22 Kirk,
3012 3335 102 21 putcher.

2847 3401 89 19 Setting
2949 3400 82 20 Razors
3043 3407 12 12 a
3070 3400 121 20 Specialty.

2830 3449 109 22 Choicest
2952 3449 89 18 Brands
3054 3449 87 27 Cigars,
3154 3449 85 20 Tobao

2806 3478 46 17 cos,
2862 3473 40 19 &c.

2808 3530 52 44 B.
2902 3530 43 44 S.
2993 3529 36 45 C

3048 3530 16 18 O
3082 3531 17 17 R
3117 3530 17 17 L
3151 3531 16 17 E
3186 3532 14 16 T
3217 3532 20 20 T,

2911 3586 222 23 ARCHITECT,

2885 3621 97 25 Building
2998 3621 108 25 Surveyor,
3124 3621 34 20 &'c.

2806 3659 70 24 Agent
2897 3659 32 18 For
2949 3658 34 19 the
3006 3658 98 19 National
3128 3659 46 19 Fire
3197 3658 39 20 and

2897 3684 81 20 Marino
2985 3685 114 19 Inpuranee
3111 3684 21 20 C(

2869 3734 149 21 OEOIA

2805 3819 244 34 BOARDING
3066 3818 165 39 HQUSK

2804 3878 111 27 Opposite
2929 3878 41 19 the
2986 3879 54 18 Post
3050 3878 46 19 and
3108 3876 121 28 Telegraph

2980 3904 79 19 Office.

2804 3935 45 20 And
2870 3942 49 13 n*nr
2939 3935 35 20 the
2993 3934 118 21 Celebrated
3135 3933 95 20 PRIEST

2843 3961 118 20 RACHEL
2977 3962 38 19 and
3029 3961 56 19 ether
3095 3959 94 22 BATHS,

2947 3987 142 22 ROTORUA.

2836 4038 114 41 MRS
2993 4036 201 48 YOUNG,

2935 4088 169 19 PBOPIIiETttESS.

2880 4118 94 22 TERMS
2989 4116 160 23 MODERATE.
