3268 4240
1196 54 59 23 TEIE
1268 57 60 20 HOT
1344 57 93 20 LAKES
1452 55 175 28 CHROiNTICLK,
1645 57 192 26 WEDNESDAY,
1861 58 139 22 JANUARY
2018 62 19 22 1,
2051 59 58 25 U-95,

2759 4088 70 17 Printed
2841 4089 33 16 mid
2888 4089 91 22 published
2998 4090 27 16 for
3041 4091 30 15 the
3086 4092 105 20 proprietor,

2780 4113 18 14 at
2813 4111 27 16 his
2860 4111 96 19 registered
2962 4111 79 21 printing
3047 4112 48 16 office
3109 4113 79 16 Ratorua

2779 4132 23 20 by
2810 4132 59 16 Febcy
2880 4132 59 16 James
2949 4133 100 20 Hammond,
3062 4132 18 18 of
3088 4134 78 17 Rotorut>

2779 4156 163 23 WEDNESDAY,
2952 4157 117 19 JANUARY
3078 4160 15 21 1,
3103 4160 49 21 1895,
3224 4162 5 19 J

184 128 246 70 LAKE
484 124 347 80 HOUSE,

158 228 308 48 Hydropathic
485 225 143 41 Hotel,
644 226 207 35 Rotorua.

349 280 220 30 Established
587 280 77 26 1881

66 324 71 19 Under
151 324 34 19 the
203 327 111 23 patronage
330 323 21 18 of
370 322 32 19 Sir
410 321 34 19 W.
461 318 84 25 Jervois,
562 318 49 20 Earl
626 320 40 18 and
683 320 100 18 Countess
796 318 21 18 of
826 317 119 25 Hopetown,

235 350 34 19 the
280 350 54 19 Hon.
349 347 90 20 Premier
448 346 39 19 and
502 345 102 19 Members
618 346 21 18 of
649 345 130 19 Parliament.

119 402 43 19 The
172 402 60 20 Hotel
242 402 17 18 is
268 400 87 20 situated
365 406 25 12 on
400 406 26 12 an
437 398 89 20 elevated
536 398 87 25 position
632 404 26 13 on
668 397 33 19 the
711 397 70 19 shores
790 395 21 19 of
824 395 56 19 Lake
887 394 48 20 Roto-

66 435 44 17 rua,
121 428 116 19 convenient
251 431 20 14 to
281 426 27 19 all
318 426 35 19 the
362 425 66 25 sights
437 425 20 18 in
468 425 34 19 the
511 424 84 19 district.

141 461 133 21 SULPHUR
283 463 17 17 &
310 460 131 20 MINERAL
450 459 91 19 BATHS
551 459 21 19 in
582 459 34 19 the
626 458 94 20 Grounds
729 458 22 18 of
760 457 35 19 the
805 456 68 19 Hotel.

66 517 36 22 (£f
116 514 122 20 N.Jl.—Mrs
248 513 89 19 Graham
346 512 42 20 will
396 513 42 18 al?o
447 512 93 19 continue
551 517 20 14 to
581 511 101 25 supervise
692 510 35 19 the

84 545 170 27 GEYSER
272 544 144 27 HOUSE
437 541 315 29 HYDROPATHIC
772 539 152 32 HOTEL,

374 581 32 25 W
420 581 84 25 AIR
516 580 22 25 A
555 580 22 24 K
593 579 20 25 E
629 579 18 29 I,

66 616 66 21 which
150 616 36 19 has
201 616 80 19 become
300 621 11 14 a
322 615 86 26 popular
426 614 39 19 and
482 613 99 19 favourite
599 614 65 18 resort
678 612 94 24 amongst
788 610 105 20 travellers
908 609 39 19 and

208 695 18 18 A
235 694 104 21 reduction
350 695 16 18 is
376 694 58 19 made
444 696 20 16 to
478 692 76 24 weekly
564 699 22 12 or
600 691 91 25 monthly
701 689 103 21 boarders.

79 727 65 19 (Juido
154 727 67 18 Nooks
231 726 39 19 and
280 727 130 19 information
428 725 62 25 gratis
499 726 22 17 at
531 723 53 20 Cook
600 723 40 18 and
651 722 57 19 Sons'
719 722 50 24 (sole
780 723 80 23 agents)
871 722 65 19 offices

372 750 123 27 throughout
506 750 34 18 the
557 749 76 25 Colony

66 806 103 38 MRS
200 806 40 37 R.
260 804 206 44 GRAHAM,
518 824 16 6 -
576 824 15 6 -
631 823 18 7 -
697 802 250 45 Proprietress.

69 912 458 76 ATIAMURI
596 909 348 79 HOTEL,

301 1011 31 19 On
343 1011 34 18 the
387 1009 65 19 banks
463 1007 20 20 of
492 1007 35 19 tho
536 1007 98 20 Waikato
645 1006 67 20 River.

91 1060 118 20 Patronised
228 1060 27 24 by
269 1058 34 19 the
318 1058 48 19 Eirl
384 1057 39 18 and
433 1056 98 20 Countess
550 1055 21 18 of
580 1055 87 22 Onslow,
683 1054 98 19 Countess
795 1053 21 18 of
826 1051 94 25 Glasgow

247 1084 40 20 and
302 1084 63 19 Suite.
393 1084 32 18 Sir
433 1082 88 19 Thomas
535 1081 41 19 and
585 1081 57 25 Lady
657 1079 133 21 Mcllwraith.

98 1172 109 23 Situated
219 1171 102 31 hallway
332 1171 108 23 between
451 1169 116 26 Rotorua,
580 1166 86 32 Taupo
678 1165 47 23 and
740 1162 124 26 Lichfield.
894 1159 53 24 The

65 1205 102 33 starting
190 1204 66 33 place
275 1204 36 23 for
330 1204 40 23 the
381 1200 180 28 Aniwhaniwha
583 1199 74 27 Falls,
677 1199 40 22 the
741 1194 206 27 Orakei-Korako

65 1239 42 24 red
120 1239 47 23 and
180 1238 70 23 white
263 1237 126 26 Terraces,
403 1236 113 30 Geysers.
537 1233 72 24 Alum
633 1232 88 26 Caves,
741 1230 54 37 &C.,
809 1235 24 18 to
846 1227 75 26 which
934 1237 13 15 a

64 1280 53 16 new
136 1272 46 24 and
202 1279 56 23 easy
282 1270 66 24 track
363 1270 19 24 is
402 1277 51 16 now
477 1266 144 32 completed.
659 1265 117 23 Distance
794 1263 55 24 nine
870 1263 76 25 miles,

64 1305 54 24 four
127 1305 25 24 of
164 1304 74 24 which
257 1312 44 15 can
319 1303 31 24 be
369 1302 85 24 driven
476 1308 58 16 over
556 1299 17 24 if
591 1298 103 25 desired.
739 1297 52 24 Hot
811 1296 70 25 baths
899 1296 48 25 and

64 1338 53 25 falls
136 1338 78 24 within
231 1345 28 16 10
272 1337 103 24 minutes
388 1335 75 24 drive.

129 1422 72 26 Good
214 1427 65 20 trout
291 1420 87 34 fishing
391 1419 46 26 and
456 1418 113 33 shooting
581 1416 23 27 in
618 1417 40 25 the
671 1414 206 35 neighbourhood.

63 1496 76 23 Guides
146 1496 39 21 and
194 1495 72 22 Saddle
275 1494 76 21 Horses
358 1492 99 29 supplied.
471 1492 49 21 Post
527 1489 40 23 and
577 1489 114 27 Telegraph
698 1488 60 22 Office
765 1494 25 15 on
797 1488 34 20 the
840 1486 103 29 premises,

494 1526 11 12 o
580 1526 4 12 •

154 1549 39 22 For
202 1548 78 22 further
290 1545 130 24 information
434 1545 60 28 apply
509 1544 74 22 Messrs
594 1543 55 21 Cook
659 1543 40 21 and
709 1541 46 27 Son,
767 1541 84 28 Agents.

270 1614 54 47 C
361 1610 370 52 GROWTHER,

356 1668 286 34 PROPRIETOR.

139 1784 143 57 Pure
336 1778 255 62 .Aerated
628 1775 238 70 Waters.

207 1912 42 19 One
264 1912 21 19 of
300 1909 34 22 the
344 1908 115 22 necessities
474 1909 20 20 of
504 1906 34 22 tho
548 1909 80 25 coming
638 1909 75 19 Season
724 1905 39 21 will
774 1905 24 19 be

63 1963 29 26 A
116 1961 126 29 COOL
266 1960 106 27 AND
397 1957 349 30 REFRESHING
777 1955 169 28 DRINK

89 2004 135 21 TJiitinclured
237 2004 24 25 by
272 2010 37 19 any
327 2002 126 22 JVleterioua
464 2001 101 20 Ch.mici!
575 2001 91 24 Compoit
676 2001 25 18 id.
741 1999 15 19 A
771 1997 59 21 drink
841 2001 20 16 at
870 2004 49 13 once

218 2036 244 33 Exhilarating
481 2036 69 27 and
569 2034 214 32 Refreshing,

64 2081 39 21 and
114 2079 63 22 which
188 2079 40 21 will
238 2086 60 19 prove
309 2086 11 13 a
329 2079 116 26 preventive
456 2079 20 18 of
491 2077 113 26 Dyspepsia
623 2077 40 19 and
679 2076 27 20 all
725 2075 91 20 Internal
835 2075 111 19 Disorder?.

88 2133 86 20 Aerated
186 2131 80 21 Wafers
276 2131 39 19 and
325 2131 96 23 Cordials,
433 2130 122 26 comprising
565 2129 33 20 the
609 2129 73 20 Purest
699 2127 120 25 Lomonado,
840 2127 34 20 tho
893 2127 54 20 Most

64 2159 101 21 Delicious
175 2159 75 23 Ginger
261 2158 43 23 Ale,
317 2157 161 26 lligly-cliarged
490 2156 53 19 Soda
555 2156 76 24 Water,

341 2192 309 47 ZOLAKONE,

63 2251 10 13 n
86 2250 41 14 new
144 2244 146 26 Invigorating,
299 2243 148 20 non-alcoholic
461 2242 108 25 Beverage;
583 2242 57 19 Lime
659 2240 59 21 Juice
727 2239 87 24 Cordial,
823 2239 123 26 Raspberry,

61 2270 135 28 Peppermint,
207 2270 76 24 Gloves,
296 2269 50 20 Pine
357 2270 71 25 Apple,
440 2269 38 19 and
489 2267 75 21 Lemon
579 2267 77 27 Syrups
672 2267 40 19 and
727 2266 134 25 Sarsaparilla
877 2272 34 12 arc
921 2265 26 19 all

322 2295 153 20 manufactured
491 2300 24 14 on
531 2294 33 20 the
580 2295 101 26 premises.

253 2347 115 21 Lemonade
378 2348 40 20 and
428 2347 76 26 Ginger
514 2347 44 23 Ale,
568 2348 71 24 quarts
649 2346 38 19 and
696 2346 61 25 pints.

135 2424 62 75 C.
250 2423 63 75 A.
367 2422 338 88 CLARKE,
781 2422 84 73 Jr.

63 2565 368 55 SEDDON'S
470 2565 208 50 LAKE
710 2564 216 51 VIEW

177 2631 137 26 Overlooking
324 2631 34 20 the
373 2631 34 25 Pa,
419 2631 82 26 Boiling
510 2631 85 26 Springs
610 2631 40 19 and
665 2631 91 19 Kotorua
765 2629 63 21 Lako.

140 2724 142 28 TEBMS
298 2723 107 28 :—3os
417 2730 61 27 per
491 2723 106 33 week,
612 2730 39 21 or
671 2723 36 28 5s
720 2729 63 27 per
796 2721 74 34 day.

64 2778 132 37 Special
218 2779 269 33 Arrangements
511 2778 53 27 for
586 2785 20 20 a
628 2777 208 34 lengthened
862 2780 66 26 resi-

322 2813 104 26 dence
446 2812 68 27 and
532 2811 153 28 iamilies.

323 2879 169 22 CUISINE.—A
511 2879 171 21 SPECIALITY.

113 2928 122 23 Beferehc.es
251 2926 126 29 throughout
395 2927 50 20 New
460 2926 88 22 Zealand
560 2928 38 19 and
616 2928 35 19 the
664 2928 117 19 Australian
800 2926 91 22 Colonies

375 2955 51 19 from
436 2954 93 26 previous
543 2951 85 22 Visitors

61 3003 32 19 No
104 3005 52 18 touts
171 3003 104 26 employed
285 3006 21 17 at
320 3002 108 21 Auckland
443 3009 21 12 or
487 3001 89 20 Kotorua
591 3002 92 26 Eailway
698 3001 88 21 Stations
800 3008 22 13 or
836 3002 105 22 Steamers.

294 3051 33 19 No
341 3053 34 17 ten
391 3057 36 19 per
441 3052 44 17 cent
499 3049 94 26 Coupons
606 3050 100 26 accepted.

94 3110 120 27 NOTE.
217 3111 88 24 —Ask
320 3111 36 23 for
367 3109 172 31 Seddon's,
553 3110 47 23 and
613 3118 41 15 see
664 3118 46 23 you
724 3118 40 15 are
778 3109 42 24 left
833 3110 73 25 there.

197 3179 73 59 E.
295 3177 79 60 A.
402 3176 402 76 SEDDON,

291 3253 410 64 Proprietress.

83 3399 267 69 WHERE
395 3403 85 65 TO
543 3403 375 68 PURCHASE

441 3498 116 27 FROM

253 3554 150 58 mm.

58 3660 161 46 Lamps
506 3665 156 35 Cruets

288 3710 194 36 Brushes
767 3712 166 37 Knives

57 3753 180 38 Trunks
506 3758 166 45 Spoons

346 3803 138 36 Locks
794 3804 139 37 Forks

57 3847 160 33 Razors
505 3850 140 45 Trays

299 3893 185 46 Teapots
758 3896 174 38 Churns

159 3943 74 32 LAWN
255 3944 124 37 MOWERS,
402 3946 76 35 HOLS,
495 3947 90 35 RaKES,
607 3947 111 36 SPADES,
741 3948 90 36 FORKS,

101 3984 60 37 At
219 3986 183 45 Greatly
461 3988 203 36 Reduced
728 3990 156 36 Prices.

56 4068 78 48 J*.
182 4069 81 47 &d
305 4071 80 45 j\
425 4071 502 50 :exeo:k::e^z\

111 4126 3 31 v
115 4126 81 22 T»urth
206 4127 50 28 shop
266 4128 52 21 from
325 4128 192 27 Wellesley-Street.
580 4135 49 22 304
646 4132 15 21 &
677 4131 48 26 306
734 4130 91 27 QUEEN
836 4132 41 23 ST.

988 1865 72 21 Under
1075 1865 35 19 the
1126 1865 151 25 distinguished
1295 1867 116 24 Patronage
1427 1867 21 20 of
1463 1867 32 19 his
1505 1867 122 26 Excellency
1638 1868 35 20 the
1686 1868 107 20 Governor
1803 1869 36 20 Hie

1338 1893 30 19 arl
1383 1893 22 19 of
1414 1893 87 19 Onslow.

1027 1953 138 65 HOT
1198 1953 301 66 SPRINGS
1549 1954 250 76 HOTEL,

1201 2049 92 30 TO
1348 2049 98 28 MR
1460 2048 36 31 O
1514 2050 42 29 H
1574 2051 51 28 TK.

1035 2108 53 23 The
1101 2108 58 25 best
1182 2108 130 30 bituated,
1335 2109 46 24 the
1394 2110 67 23 most
1475 2108 187 32 Comfortable,
1677 2111 44 24 (be
1735 2111 58 24 best

1199 2142 141 30 appointed
1354 2142 79 24 Hotel
1442 2141 29 25 in
1483 2143 34 24 Te
1535 2145 97 24 Aroba.

1001 2178 109 33 Adjoins
1136 2178 73 33 (with
1234 2180 104 24 Private
1364 2180 141 32 Entrance)
1531 2182 46 24 the
1608 2182 124 25 Thermal
1754 2182 108 33 Springs

967 2213 121 31 Domain,
1100 2213 94 24 Tennis
1208 2213 82 24 Court
1300 2213 28 26 in
1341 2213 119 25 Domain.

968 2289 47 39 W.
1042 2288 40 40 JH,
1112 2288 162 48 KJIOCK,,

1634 2291 223 44 Proprietor.

992 2374 42 20 The
1052 2374 60 19 haths
1131 2374 38 19 and
1190 2373 98 24 drinking
1308 2377 64 17 water
1391 2380 34 13 are
1441 2374 109 26 especially
1568 2376 116 21 efficacious
1703 2377 21 19 in
1747 2377 57 20 Gout
1820 2378 38 18 and

966 2401 122 20 Rheumatic
1100 2400 114 23 affections,
1225 2401 89 19 Chronic
1324 2400 121 25 Dyspepsia,
1457 2401 107 20 Disorders
1583 2402 22 20 of
1615 2403 35 20 the
1660 2403 90 26 Urinery
1772 2404 86 25 Organs,

966 2428 116 19 Cutaneouß
1093 2427 98 22 Diseases,
1207 2427 81 26 Splenic
1298 2427 40 20 and
1355 2427 87 26 Hepahc
1455 2427 115 25 Disorders,
1589 2430 94 20 Diseases
1697 2430 38 19 due
1743 2432 21 17 to
1772 2430 87 20 Exeesst

968 2454 88 25 Acidity,
1066 2453 118 26 Neuralgia,
1195 2454 95 20 Sciatica.

1368 2491 27 14 .—
1401 2491 3 14 :
1407 2493 10 12 0
1420 2491 3 14 -

1088 2522 59 19 Town
1163 2521 47 20 Hall
1222 2522 39 20 and
1272 2521 81 26 Sample
1364 2520 77 22 Booms
1456 2522 110 21 connected
1582 2524 43 19 ,vith
1637 2524 34 19 the
1682 2524 69 23 Hotel,

1042 2601 52 19 New
1104 2599 86 20 Billiard
1199 2599 66 21 Room
1275 2598 50 21 with
1340 2604 37 15 olio
1391 2599 20 19 of
1422 2598 104 22 Bennett's
1536 2601 51 21 Now
1598 2602 86 20 Billiard
1695 2602 79 20 Tables.

967 2763 841 68 GEYSERHOUSE

1010 2838 328 47 Hydropathic
1369 2838 153 42 Hotel,
1541 2839 258 40 Wairakei.

1158 2888 36 19 Six
1204 2888 58 20 miles
1271 2889 53 20 from
1334 2888 57 20 Lake
1401 2888 69 26 Taupo
1481 2888 100 26 (Rotorua
1592 2890 59 25 side).

1088 2928 217 33 SUPERIOR
1336 2929 387 34 ACCOMMODATION

1154 2971 55 20 ALL
1218 2972 57 20 THE
1286 2971 144 21 COMFORTS
1440 2972 34 20 OF
1485 2972 16 20 A
1512 2972 82 21 HOME
1604 2973 54 21 FOR

1192 3032 155 26 Tourists
1367 3031 68 27 and
1465 3031 164 29 Invalids.

961 3125 69 26 Hot
1049 3123 205 33 Swimming
1268 3123 119 32 Baths,
1402 3122 196 30 Kiri-o-Kai
1612 3132 40 19 or
1665 3125 84 26 New
1763 3124 84 28 Skin

1014 3157 100 32 Bath,
1134 3157 72 27 Hot
1223 3156 140 28 Douche
1385 3156 115 33 Baths,
1517 3157 119 28 Grand
1650 3158 149 30 Climate.

1060 3196 314 31 Elevation—l,3so
1383 3194 69 28 feet
1465 3196 109 27 above
1587 3203 59 21 sea
1658 3196 96 28 level.

958 3272 257 29 COMPETENT
1232 3272 161 28 GUIDES
1404 3281 155 25 accompany
1571 3274 106 25 tourists
1688 3276 26 23 to
1723 3274 43 25 the
1780 3274 52 25 vari-

1057 3315 46 16 ous
1115 3307 84 31 places
1212 3307 27 23 of
1250 3307 117 30 interest,
1381 3307 86 23 which
1475 3307 75 25 baffle
1563 3308 45 24 the
1622 3309 64 23 most
1698 3307 77 25 facile
1785 3315 58 24 pen,

1056 3339 51 25 and
1119 3347 46 16 can
1178 3339 59 33 only
1251 3340 31 24 be
1294 3340 109 24 realized
1416 3340 76 24 when
1509 3349 68 16 seen.

958 3437 400 26 GEYSERVALLEY
1369 3439 93 20 contains
1469 3439 36 20 the
1513 3439 108 27 following
1629 3439 121 26 unequalled
1760 3438 83 21 Natura

1036 3464 255 25 wonders:—Tuhuatabi,
1313 3473 22 12 or
1356 3466 64 19 Great
1441 3466 132 24 Champagne
1591 3466 119 23 Cauldron;
1725 3466 34 19 the
1777 3465 66 20 Groat

1035 3490 102 19 Wairakei
1147 3490 78 26 Geyser
1234 3490 4 27 ;
1248 3491 34 20 the
1293 3492 87 25 Donkey
1392 3492 78 24 Engine
1479 3490 4 27 ;
1495 3492 34 19 the
1541 3492 84 19 Fairies'
1634 3492 52 19 Bath
1696 3490 4 27 ;
1712 3492 33 19 the
1757 3492 72 24 Lightn-

1036 3516 38 25 irg
1085 3516 60 28 Pool;
1157 3516 35 20 the
1201 3518 50 19 Case
1265 3518 25 19 de
1301 3518 85 26 Geyser,
1401 3525 22 12 or
1435 3518 101 25 Dragon's
1547 3519 70 19 mouth
1628 3516 4 28 ;
1643 3518 35 19 the
1686 3517 58 21 black
1756 3518 85 25 Geyser;

1035 3543 33 20 the
1077 3543 50 19 Mud
1140 3544 77 22 Gey6er
1226 3543 4 27 ;
1248 3543 35 20 iho
1294 3544 51 20 Blue
1357 3544 54 20 Lake
1421 3543 4 27 ;
1434 3544 35 19 the
1489 3544 32 19 Oil
1534 3544 51 19 Bath
1596 3543 3 27 ;
1619 3545 34 19 the
1676 3544 78 26 Eagle's
1775 3545 66 24 Nest;

1035 3570 36 19 the
1082 3568 76 20 DtMii's
1171 3569 68 20 Punch
1252 3570 53 19 Bowl
1317 3568 4 28 ;
1331 3571 35 19 the
1379 3571 70 18 Prince
1463 3570 21 19 of
1496 3570 75 19 Wales'
1583 3571 98 19 Feathers
1689 3568 4 28 ;
1702 3573 33 16 the
1752 3568 89 28 Mirror;

1035 3596 33 19 the
1078 3596 55 19 Twin
1143 3596 77 25 Geyser
1232 3596 3 26 ;
1246 3596 35 20 the
1291 3598 59 19 Coral
1362 3598 77 24 Geyser
1450 3596 4 26 ;
1467 3596 33 20 (he
1510 3597 67 20 Green
1594 3596 61 26 Pool;
1674 3597 132 24 Tertkerehe,
1819 3606 21 12 or

1034 3622 49 19 Hell
1094 3622 90 23 Geyser;
1195 3622 35 19 the
1240 3622 68 20 Steam
1321 3624 102 18 Hammer.
1452 3622 84 21 Guide's
1548 3624 31 19 fee
1590 3626 21 17 to
1623 3624 79 25 Geyser
1721 3623 78 25 Valley,
1811 3626 28 23 ss;

1035 3648 91 19 distance
1136 3648 51 19 from
1198 3648 35 19 the
1243 3648 60 25 hoa-1,
1314 3656 38 13 odj
1364 3649 44 19 mile

956 3700 95 25 THE
1070 3700 338 25 AREATEATEA
1440 3709 22 12 or
1474 3702 79 20 Ladder
1562 3703 85 25 Ripids.
1676 3703 41 19 The
1735 3704 102 20 Grandest

1033 3727 78 24 Kapids
1122 3727 20 19 in
1152 3727 35 18 the
1198 3727 102 20 Southern
1312 3727 136 26 Hemisphere
1456 3736 5 16 ;
1470 3728 75 26 falling
1555 3729 21 20 in
1596 3730 29 19 six
1644 3729 85 20 distinct
1746 3731 91 20 cascades

1032 3754 94 23 amongst
1143 3753 60 19 weird
1215 3753 40 19 and
1265 3754 76 25 rugged
1357 3760 89 19 scenery.
1474 3754 97 21 Distance
1582 3756 52 19 from
1646 3756 35 19 the
1700 3756 62 24 hotel,
1782 3757 55 21 three
1858 3753 4 30 \

1034 3779 62 19 miles.
1125 3778 74 20 Saddle
1208 3779 71 20 horses
1293 3782 22 17 to
1326 3780 47 19 visit
1383 3780 33 20 the
1425 3781 82 26 Eapids,
1519 3782 21 19 7b
1551 3782 25 19 Od
1587 3782 56 20 each.

1295 3817 10 3 -.
1384 3811 20 11 :o:

954 3826 220 24 KERAPITI
1203 3833 22 13 or
1235 3827 35 20 the
1281 3828 76 19 Devil's
1368 3828 95 25 Trumpet
1475 3829 16 19 is
1507 3830 43 19 said
1571 3834 20 16 to
1613 3831 50 19 emit
1682 3838 11 12 a
1716 3837 90 18 pressure
1816 3833 21 19 of

1032 3852 70 20 ISOIbs
1113 3853 21 18 of
1148 3855 97 18 stcamtr
1254 3854 35 20 the
1295 3854 54 24 inch,
1365 3854 51 19 from
1427 3861 24 13 au
1467 3859 96 21 aperture
1573 3856 22 19 of
1614 3857 64 19 about
1697 3858 24 18 12
1738 3857 68 20 inches
1816 3859 20 19 in

1031 3879 104 19 diameUr.
1162 3879 98 21 Distauce
1273 3880 52 20 from
1337 3880 53 20 hotel
1399 3880 56 21 three
1467 3883 37 18 and
1517 3890 12 11 a
1540 3882 42 20 half
1592 3883 56 19 miles
1656 3879 4 27 ;
1681 3883 69 20 saddle
1767 3883 69 21 Lorses

1031 3907 20 17 to
1064 3905 46 19 visit
1121 3905 33 20 the
1164 3906 68 24 above,
1244 3907 56 20 2sfid
1311 3907 55 20 each.
1855 3904 7 15 l

1362 3939 53 13 ALSO

954 3958 95 24 THE
1070 3957 132 25 HUKA
1220 3958 170 32 FALLS,
1408 3959 34 20 the
1450 3959 113 27 {Grandest
1575 3961 55 21 Falls
1641 3968 20 14 m
1681 3961 34 20 the
1735 3962 99 21 Southern
1854 3972 8 9 t

1030 3988 139 24 Hemisphere.
1197 3989 42 20 Tbe
1251 3989 54 19 Falls
1316 3996 45 19 may
1377 3991 22 18 be
1409 3991 71 19 visited
1488 3997 26 13 on
1524 3991 34 19 the
1569 3999 53 13 same
1629 3993 114 24 expedition
1758 4000 21 12 as
1801 3994 35 20 the

1029 4014 78 20 Devil's
1113 4014 104 26 Trumpet.
1246 4015 98 20 Distance
1354 4015 52 20 from
1417 4016 53 20 hotel
1481 4017 59 20 three
1548 4019 37 19 and
1598 4026 11 12 a
1620 4019 43 19 half
1674 4019 61 19 miles.
1761 4020 74 21 Saddle
1853 4031 7 14 t

1031 4040 58 20 horse
1107 4047 21 13 or
1138 4040 68 26 buggy
1220 4041 50 20 2f9d
1281 4041 54 21 each.

1084 4080 88 28 MRS
1185 4080 38 28 R.
1242 4080 194 34 GRAHAM,
1456 4082 241 34 Proprietress.
1853 4076 9 19 1

967 155 388 122 CENTRAL

968 306 57 27 HIGH
1044 306 35 27 ST.
1099 307 38 26 and
1155 307 111 27 VICTORIA
1288 308 34 26 ST.
1346 306 64 30 EAST,

994 415 42 20 The
1052 415 65 20 above
1135 416 108 19 Favourite
1257 417 40 19 and
1307 414 91 22 Commod-

968 441 43 19 ious
1044 441 64 19 Hotel
1140 442 75 21 affords
1246 440 167 23 EXCELLENT

967 467 241 21 ACCOMMODATION
1223 470 32 18 for
1269 466 142 23 TOURISTS,

967 493 183 21 TRAVELLERS
1178 496 16 18 &
1221 494 129 21 VISITORS
1368 492 45 20 who

967 519 42 19 will
1018 520 77 19 receive
1105 527 59 20 every
1180 521 91 20 Comfort
1286 520 41 20 and
1342 519 58 20 Atten-

967 545 48 19 tion.

994 645 105 20 Excellent
1121 646 88 19 Cuisine.
1251 646 97 26 Spacious
1373 643 41 20 and

971 679 179 20 Well-Ventilated
1169 680 116 20 Bedrooms.

968 714 64 19 liooiu
1043 714 48 19 with
1102 717 39 16 two
1151 715 104 18 lirst-class
1269 715 73 18 tallies.
1371 712 44 20 Hot

968 813 14 17 &
994 811 50 21 Cold
1058 813 81 24 Plunge
1149 813 13 19 &
1175 812 83 20 Shower
1267 813 72 19 Baths.

968 838 75 24 Wines,
1074 838 72 25 Spirits
1162 839 40 18 and
1217 839 48 19 Ales
1284 840 22 18 of
1324 839 34 19 the
1368 839 45 19 best
1456 853 13 5 «

1119 865 79 19 Brands
1205 865 54 25 only.

1814 407 149 23 gg«aa=aafe!

2382 181 269 96 HUTbL

2330 428 81 26 Sample
2429 429 67 20 Room
2516 431 33 18 for
2558 428 189 22 COMMERCIAL

2305 466 180 22 TRAVELLERS
2509 468 101 20 available
2629 470 21 17 at
2660 468 28 19 all
2697 467 50 19 time

2235 576 21 17 >,
2332 567 90 27 Charges
2471 570 112 23 Moderate.
2643 572 106 20 SPECIAI

2237 609 6 33 j
2309 607 90 20 RATES
2415 608 33 19 TO
2472 609 177 22 PERMANENT
2674 611 74 19 BOAR

2307 643 84 21 DEES.

2425 747 36 37 J.
2496 748 135 46 BUCK,

2434 868 208 47 Proprietor.

1100 960 636 58 WAIWERA
1809 960 816 103 SANATORIUM,

1447 1070 170 75 HOT
1643 1072 351 78 SPRINGS
2074 1077 281 81 HOTEL

967 1172 87 34 Only
1083 1173 43 27 30
1158 1174 100 27 miles
1291 1173 113 28 North
1435 1173 37 28 of
1497 1173 193 33 Auckland,
1722 1174 87 28 with
1837 1176 97 34 daily
1965 1182 297 31 communication
2292 1187 86 28 with
2408 1188 113 28 Coach
2552 1197 39 20 or
2612 1190 137 27 steame

1296 1216 54 21 See
1365 1215 165 20 advertised
1542 1215 84 22 Time
1644 1216 76 21 table
1731 1216 30 21 of
1770 1222 45 15 s.s.
1830 1217 79 22 Rose
1920 1219 98 28 Casey
2029 1222 59 19 and
2105 1222 129 26 Butler's
2244 1228 24 20 R
2291 1229 28 20 M
2347 1229 97 21 Coach

967 1249 103 28 yHHE
1096 1251 117 23 ABOVE
1228 1251 298 24 ESTABLISHMENT
1536 1251 140 25 STANDS
1691 1252 232 26 UNRIVALLED
1936 1264 27 15 as
1980 1264 15 15 a
2006 1256 91 24 Health
2108 1267 27 15 or
2147 1260 111 31 pleasure
2272 1265 98 28 Resort,
2384 1265 47 24 and
2444 1265 42 25 has
2499 1267 89 30 special
2610 1267 139 32 advantage

980 1286 22 28 Jj,
1053 1286 38 22 lor
1103 1286 77 22 either
1209 1286 106 23 lounsts
1331 1293 27 16 or
1373 1286 115 23 Invalids,
2513 1286 5 12 '
2718 1286 15 13 b

1331 1383 151 29 Beutiful
1502 1383 158 37 Scenery,
1703 1385 107 30 Sea-B
1830 1387 110 35 thing,
1961 1388 158 37 Boating,
2138 1392 146 35 Fishing
2306 1396 47 28 &c

1518 1419 126 29 Cusine
1658 1420 68 27 and
1740 1421 208 28 attendance
1968 1422 37 27 of
2025 1423 59 29 the
2105 1425 84 33 best.

964 1457 94 26 Famed
1069 1457 38 27 for
1120 1458 30 26 its
1163 1458 110 27 curative
1285 1458 95 28 natural
1394 1459 103 27 medical
1512 1460 53 26 Hot
1576 1462 103 33 Springs
1692 1463 50 25 and
1755 1462 81 26 Baths.
1873 1463 37 26 As
1923 1463 41 26 the
1978 1464 102 36 Springs
2093 1469 47 24 and
2155 1469 74 27 Baths
2241 1480 42 18 are
2293 1472 42 26 the
2347 1478 113 28 property
2474 1474 24 27 of
2512 1474 39 27 the
2565 1474 84 31 Hotel,
2664 1475 85 26 visitor

997 1500 40 17 are
1048 1494 111 32 supplied
1169 1494 56 24 with
1235 1494 106 29 Towels,
1354 1494 48 25 and
1416 1502 43 17 can
1468 1494 56 26 take
1534 1503 30 17 an
1578 1495 127 27 unlimited
1719 1497 102 26 number
1834 1498 25 25 of
1872 1498 74 25 Baths
1959 1504 24 20 at
1996 1508 46 24 any
2055 1500 59 27 time
2127 1503 25 25 of
2161 1503 41 27 the
2215 1505 47 33 day
2277 1506 79 29 FREE
2368 1506 63 26 from
2444 1516 45 26 any
2497 1508 88 34 charge
2598 1509 123 27 whatever

1150 1535 226 43 TARIFF
1392 1536 122 42 PER
1527 1538 142 49 DAY,
1689 1539 54 42 7s
1761 1540 67 49 8s;
1876 1540 122 42 PER
2012 1543 192 53 WEEK,
2225 1548 65 42 £1
2338 1549 79 42 15s
2435 1552 48 40 to
2510 1552 71 42 £2
2599 1552 67 42 2s.

1373 1593 157 34 Cottages
1544 1595 34 27 to
1592 1594 48 29 let
1653 1596 47 34 by
1713 1596 58 28 the
1790 1597 105 33 week,
1909 1598 130 34 month,
2055 1607 38 21 or
2114 1601 56 29 the
2189 1610 132 23 season,

962 1641 49 27 For
1028 1651 46 25 any
1088 1641 154 28 information
1256 1643 112 34 required
1383 1643 80 33 please
1477 1644 70 34 apply
1562 1651 24 19 to
1599 1646 146 33 Proprietor.
2015 1665 33 4 _
2100 1651 17 26 p
2118 1658 38 21 ost
2166 1655 48 25 and
2225 1655 141 35 Telegraph
2378 1656 91 27 Offices
2480 1657 126 36 adjoining
2631 1659 41 26 the
2687 1659 62 26 Hote

1519 1688 59 45 A.
1607 1689 53 39 A.
1689 1690 203 49 SMITH,
2016 1694 278 48 Proprietor.

2617 1947 6 23 !
2627 1954 97 44 AS/(i

2015 2469 94 24 WOLD
2116 2471 66 24 SPECK

2368 2520 70 39 OLD
2461 2535 71 27 and
2556 2530 163 35 MELLOW

2213 2606 208 37 SCOTLAND
2453 2612 271 41 PRODUCEST

2010 2666 165 31 iP.C.L/.BRAND

2184 2747 8 47 j
2227 2738 205 48 Proprietors;-

2189 2795 45 60 *
2257 2787 281 70 DISTILLERS
2577 2798 47 62 0>
2653 2798 52 68 ip

1867 2927 271 35 WHOLESALE
2157 2932 185 41 AGENTS,

2159 2974 51 40 L.
2238 2975 54 40 D.
2322 2976 264 46 NATHAN
2611 2984 105 41 &Co

1869 3083 175 69 THE
2089 3086 301 75 GRAND
2448 3096 296 68 HOTEL

2348 3253 301 35 STREET,

1896 3383 148 28 First-class
2055 3387 92 33 family
2160 3390 89 26 Hotel.
2290 3392 130 26 Situation
2438 3395 173 32 unsurpassed
2657 3395 74 25 Patro-

1863 3421 72 25 nised
1947 3423 35 32 by
1994 3423 69 25 their
2077 3425 181 28 Excellencies
2273 3430 45 24 the
2336 3431 134 26 Governor
2483 3433 50 24 and
2545 3432 124 25 Admiral.

1972 3509 146 33 Telegrams
2142 3514 50 23 and
2216 3515 90 25 letters
2316 3518 130 32 promptly
2459 3518 119 25 attended
2592 3519 33 22 to.

1930 3592 91 38 MRS
2050 3594 272 50 GALLAGHL'R,
2354 3600 280 51 Proprietress.

2129 3721 347 32 THURHNGH

1862 3752 76 39 Smith
1968 3752 50 40 and
2036 3752 113 53 Carriage
2171 3756 105 48 Works,
2307 3759 81 39 Coach
2413 3759 49 39 and
2491 3758 110 52 Waggon
2637 3759 104 53 Factory

2063 3816 214 24 ESTABLISHED
2292 3821 82 20 OVER
2390 3821 25 20 10
2430 3819 105 22 YEARS.

1875 3860 37 17 Ti;e
1922 3861 115 20 undersigned
2046 3868 29 10 !irc
2083 3864 138 19 manufacturers
2229 3867 18 16 of
2255 3867 22 17 all
2287 3868 62 17 classes
2357 3868 17 17 of
2383 3866 78 18 Vehicles
2469 3867 14 16 &
2492 3867 121 21 Agricultural
2622 3868 112 18 Imilements

1876 3883 37 14 Our
1922 3883 110 16 well-known
2041 3885 98 20 reputation
2147 3892 19 10 as
2175 3886 84 19 Practical
2274 3888 101 18 Mechanioa
2390 3888 32 16 nnd
2437 3887 58 18 W.P'a
2507 3890 20 16 27
2542 3895 51 14 years
2605 3890 100 20 experionee
2724 3892 16 15 in

1862 3904 22 14 Ac
1888 3904 118 15 Australasian
2016 3905 84 18 Colonies,
2109 3907 64 21 justify
2182 3914 19 10 us
2210 3910 17 15 in
2244 3910 83 21 claiming
2340 3911 37 15 that
2392 3914 24 11 we
2432 3914 32 11 can
2478 3910 70 16 furnish
2563 3916 10 10 a
2590 3911 56 16 bettor
2661 3911 44 17 class
2724 3914 18 16 of

1970 3925 62 15 sistenc
2041 3926 42 16 with
2090 3927 62 17 honest
2161 3930 47 16 work
2216 3932 19 15 at
2243 3936 10 11 a
2263 3931 68 17 cheauo:

2442 3935 34 15 any
2484 3931 19 16 of
2511 3937 32 10 our
2552 3933 117 19 competitors.

1874 3945 38 16 The
1919 3945 62 17 Pufclic
1989 3946 34 15 will
2036 3947 34 16 find
2080 3949 13 14 it
2105 3950 17 15 to
2136 3950 45 16 their
2196 3951 99 22 advantage
2310 3955 18 13 to
2344 3950 147 18 ENCOURAGE
2510 3952 81 17 LOCAL
2610 3952 125 20 INDUSTRY

1862 3967 48 15 phore
1918 3967 41 20 they
1976 3972 32 11 can
2015 3967 45 17 have
2065 3968 30 18 the
2100 3970 80 21 pleasure
2185 3972 21 16 cf
2211 3973 61 21 seeing
2285 3973 91 17 first-class
2391 3972 78 17 material
2482 3979 22 9 an
2509 3973 5 7 1
2515 3967 1 27 ,
2533 3974 129 20 workmanship
2677 3980 23 14 Pu
2702 3977 7 14 t
2724 3969 16 24 hi

1874 3989 42 17 clcs?
1923 3989 49 15 made
1981 3990 17 14 to
2006 3989 45 15 their
2056 3990 61 16 valued
2126 3992 63 17 urders.

1874 4008 149 19 Njß.—Vehicles
2030 4010 19 16 of
2053 4010 26 17 all
2085 4011 114 23 descriptions
2208 4016 84 19 repaired,
2304 4014 75 21 painted,
2389 4015 94 16 renovated
2492 4016 34 15 and
2535 4017 50 15 made
2601 4019 17 14 to
2634 4017 39 17 look
2690 4020 51 15 eaual

1862 4034 8 11 o
1878 4034 45 12 new.
2700 4031 11 8 n

1862 4076 193 30 WILLIAM
2279 4083 250 29 Coachbuilder

2205 4121 138 27 JAMES
2361 4121 136 33 HAUA,
2517 4123 221 32 Blacksmith

2115 4151 150 21 DEVONPOET
2276 4153 72 21 ROAD,
2363 4153 142 20 TAURANGA.

2809 115 20 19 A
2842 115 180 20 MANY-SIDED
3037 116 132 21 WITNESS.

2801 149 43 19 The
2862 149 50 20 Post
2930 156 47 18 says
2989 149 3 25 :
2999 151 66 19 —One
3079 152 21 18 of
3114 152 35 19 the
3167 155 29 19 wit-

2775 182 68 13 nesses
2851 178 20 17 at
2878 176 36 19 the
2918 176 92 19 Midland
3015 177 127 20 Arbitration
3148 178 57 22 Court

2775 202 104 19 described
2890 202 88 25 himself,
2998 203 21 19 in
3029 203 57 25 reply
3094 206 21 16 to
3133 210 62 15 succes-

2775 227 42 20 sive
2827 228 105 24 questions
2942 229 22 18 of
2973 229 35 19 the
3017 230 118 25 examining
3149 237 45 15 coun-

2776 254 34 21 sel,
2822 261 22 12 as
2854 254 81 25 mining
2943 257 67 22 agent,
3027 255 120 25 auctioneer,
3158 264 36 14 com-

2777 280 81 19 mission
2869 283 69 22 agent,
2949 281 96 25 practical
3057 282 69 19 miner.
3155 283 51 21 Here

2777 306 32 18 Mr
2818 306 66 19 Blake
2893 307 43 18 laid
2942 307 58 18 down
3011 307 30 19 his
3052 314 45 18 pen,
3106 308 41 19 and
3156 309 40 21 lean-

2776 332 36 24 ing
2822 332 57 24 back,
2891 332 69 24 asked,
2975 332 4 27 '
2985 333 54 19 Does
3048 334 41 19 this
3095 335 111 24 gentleman

2777 358 25 19 do
2820 358 103 25 anything
2937 358 41 20 else
2987 359 17 20 ?'
3034 360 5 11 •
3048 359 38 24 Oh,
3106 360 49 25 yes,'
3172 369 34 13 was

2777 384 34 19 the
2820 385 65 25 reply,
2897 384 4 29 '
2912 385 27 19 he
2948 385 37 19 lias
2995 385 43 20 also
3047 386 52 19 been
3115 393 92 20 manager

2776 410 22 19 of
2806 410 80 26 mining
2905 411 120 25 companies,
3041 412 86 19 director
3140 414 23 18 of
3177 415 29 20 the

2777 436 137 20 Government
2933 436 73 20 School
3015 438 23 18 of
3052 438 71 24 Mines,
3140 440 40 19 and
3194 442 13 19 is

2777 463 95 25 advising
2878 465 64 23 agent
2951 465 21 17 to
2978 463 34 19 Mr
3017 463 78 26 Ziman,
3104 465 34 19 the
3148 465 59 22 South

2777 488 83 20 African
2883 489 80 25 mining
2985 490 127 25 speculator.'
3152 491 56 22 After

2778 514 43 20 that
2830 515 34 19 Mr
2881 515 66 19 Blake
2966 516 101 25 appeared
3081 516 94 27 disposed
3191 523 16 16 to

2777 541 73 24 regard
2877 548 23 12 as
2922 544 170 23 supererogatory
3114 544 94 21 counsel's

2776 570 49 16 next
2833 567 102 24 question,
2955 574 22 12 as
2987 570 21 16 to
3019 568 91 20 whether
3119 569 35 19 the
3170 571 29 20 wit-

2777 599 45 13 ness
2839 593 42 19 had
2905 596 35 16 not
2961 593 4 28 '
2976 600 55 13 some
3050 595 118 26 knowledge
3190 599 17 18 of

2777 619 92 24 mining.'

2802 671 43 18 The
2855 671 133 23 expenditure
3005 678 25 13 on
3041 675 71 23 strung
3121 673 58 20 drink
3191 676 16 20 in

2777 696 50 20 New
2837 696 91 21 Zealand
2937 697 33 19 for
2982 699 47 17 18'.M
3041 706 40 12 was
3092 700 29 18 £2
3134 701 33 19 17s
3187 703 20 19 Id

2776 729 36 19 per
2834 723 124 20 inhabitant.
3012 724 42 20 Ten
3081 732 60 18 years
3168 733 30 18 pre-

2777 748 78 26 viously
2868 749 15 19 it
2894 756 41 13 was
2951 750 28 20 £4
2997 751 22 18 5s
3034 757 37 19 per
3089 751 118 28 inhabitant,

2776 775 41 18 and
2838 777 22 16 15
2878 782 61 18 years
2958 775 52 21 back
3029 777 30 25 (in
3080 779 57 20 1879;
3162 779 15 19 it
3195 781 13 19 is

2777 800 80 26 alleged
2878 804 21 17 to
2925 802 51 19 have
3001 802 51 20 been
3078 810 22 13 as
3123 805 51 23 high
3189 813 18 13 as

2777 827 31 18 £6
2829 828 41 17 10s.

2825 876 162 52 Steele
3025 878 140 54 Bros.

2768 961 4 60 |
2782 961 195 43 MAKAEROA
3034 965 172 46 SAWMILL,

2782 1022 134 48 DESIRE
2926 1025 21 17 to
2957 1023 62 19 thank
3041 1024 34 20 the
3093 1026 69 25 public
3180 1030 29 19 tor

2860 1052 47 22 past
2915 1049 68 21 favors
2991 1050 39 20 aud
3038 1051 38 25 beg
3083 1054 19 17 to
3109 1059 100 16 announce

2780 1075 45 19 that
2843 1075 75 25 having
2937 1082 10 12 a
2971 1076 56 26 large
3045 1078 58 20 stcck
3122 1080 22 19 of
3162 1081 47 20 well.

2780 1103 96 19 seasoned
2897 1103 108 19 tirst-class
3024 1103 73 21 timber
3115 1111 25 14 on
3161 1106 48 21 hand

2780 1127 48 27 they
2838 1134 34 14 are
2882 1129 99 25 prepared
3001 1134 20 14 to
3039 1130 52 20 fulfil
3109 1132 70 20 orders
3189 1138 18 15 at

2780 1153 87 21 reduced
2877 1158 61 18 rates.

2782 1214 39 47 T
2863 1214 53 48 M
2959 1216 48 45 H
3011 1216 126 22 ARRI3ON
3139 1234 5 10 '
3156 1218 42 21 ba
3206 1214 4 48 >

2794 1273 164 21 BARRISTER
2972 1275 61 19 AND
3045 1275 153 27 SOLICITOR,

2794 1306 44 23 118,
2850 1306 110 20 Victobia.
2971 1307 94 25 Abcade,
3077 1309 122 22 Auckland.

2971 1343 58 20 ALBO

2783 1371 101 21 Barrister
2895 1372 39 21 and
2945 1372 93 22 Solicitor
3048 1374 23 19 of
3078 1377 33 18 the
3118 1376 93 26 Supreme

2859 1399 72 26 Court,
2942 1399 94 26 Ontario,
3047 1401 88 22 Canada.

2786 1474 274 50 PHOENIX
3082 1477 128 52 FIRE

2886 1533 223 48 OFFICE.

2784 1638 80 21 Losses
2889 1639 55 21 Paid
3043 1638 16 30 ~;
3078 1640 133 28 £20,000,000

2784 1691 52 21 Fike
2846 1693 106 20 Premium
2963 1694 98 21 Exceeds
3105 1698 57 24 l,3'¥\
3171 1700 5 17 l
3188 1697 23 23 Ofl

2782 1745 162 21 AcCUMULiTED

2782 1771 98 22 Exceed.
2891 1784 84 9 ...;..;

2780 1823 24 23 Wi
2821 1824 59 23 WARD
2890 1826 66 22 BAKER

2816 1850 70 23 District
2903 1851 66 26 Manger

2867 1877 104 21 Aucklaand.

3019 1776 3 22 i
3104 1776 106 22 £IOOOOOO

3017 1828 24 21 W.
3057 1828 17 22 A.
3088 1829 100 25 WILLIAMS

3051 1854 48 21 Local
3112 1856 52 25 Igent

3095 1879 79 22 Rotorudt

2781 1939 166 43 ROTORUA
2966 1941 167 44 SAWMILL
3158 1945 50 42 CO.

2784 2020 135 48 WHITE
2928 2021 63 20 AND
3001 2022 56 20 RED
3067 2023 69 20 PINE
3146 2025 22 19 of
3180 2024 29 21 the

2883 2047 59 20 liiiest
2962 2048 79 26 (quality
3060 2050 40 19 and
3116 2051 94 26 carefully

2778 2074 40 18 cut.

2966 2100 54 21 Also

2778 2130 90 25 Matai,
2898 2132 128 27 Pukatea,
3059 2134 50 21 and
3135 2134 74 23 Tawa

2805 2158 134 27 Shingles,
2952 2159 117 27 Palings,
3085 2161 98 23 Blocks

2916 2186 52 21 and
2994 2186 82 23 Posts-

2801 2228 18 19 A
2834 2228 53 25 good
2898 2228 40 20 and
2948 2230 91 19 assorted
3053 2232 73 25 supply
3136 2232 72 26 always

2775 2260 26 14 on
2812 2254 55 20 hand
2878 2258 20 16 at
2910 2255 35 19 tho
2956 2255 82 21 Timber
3047 2256 63 26 Yard,

2920 2287 140 21 EOTOET'A.

2777 2336 34 19 N..
2829 2337 106 26 —Special
2945 2344 46 13 caro
3001 2338 61 21 taken
3079 2340 21 19 in
3116 2338 35 22 the
3168 2345 40 16 sea*

2957 2364 79 26 soDing.

2787 2411 98 21 PRICES
2900 2412 36 20 AT
2951 2412 134 22 CURRENT
3099 2413 95 22 RATES,

2824 2472 31 19 W.
2870 2472 155 25 HENSHAW,
3048 2474 112 20 Manageii.

2821 2528 166 37 Rotopua
3001 2526 160 49 Libpapy.

2773 2594 113 47 OPEN
2902 2595 54 20 from
2966 2596 26 19 10
3003 2603 46 13 a.m.
3059 2599 20 17 to
3090 2597 12 20 6
3109 2604 47 19 p.m.
3166 2597 38 21 aud

2831 2622 47 19 6.30
2886 2623 21 18 to
2918 2623 25 18 10
2951 2629 47 19 p.m.
3010 2623 94 26 Sundays
3112 2625 32 19 till
3152 2626 52 25 Op.in

2773 2652 194 23 Subscription:
2976 2655 52 17 SOs
3041 2660 49 17 per
3103 2660 98 15 annum

2796 2683 88 20 Visitors
2904 2691 45 18 may
2968 2692 85 19 procure
3069 2686 68 21 Books
3153 2687 51 20 from

2771 2709 33 20 the
2820 2710 87 26 Library
2926 2718 25 13 od
2968 2712 83 26 making
3069 2720 11 13 a
3094 2713 80 26 deposit
3184 2714 19 20 of

2771 2738 35 18 not
2821 2736 40 20 less
2880 2737 50 20 lhan
2948 2745 29 17 us,
2995 2739 41 20 and
3051 2740 122 26 purchasing
3182 2742 21 19 Is

2770 2769 79 18 coupon
2859 2763 33 20 for
2902 2771 62 19 every
2975 2765 57 20 Eour
3041 2766 70 20 books.

2794 2789 43 19 The
2856 2790 89 26 Library
2963 2790 18 21 is
3004 2799 52 19 open
3079 2793 73 27 during
3171 2794 32 20 the

2770 2815 90 26 evening.

2791 2872 69 40 M*
2883 2872 54 39 W
2968 2874 40 38 J.
3036 2875 103 39 NAPIEE-

2818 2918 154 22 BARRISTER
2984 2922 16 18 &
3009 2922 142 21 SOLICITOR.

2769 2947 148 21 Commissioner
2926 2951 20 17 of
2954 2951 32 17 the
3003 2952 90 23 Supreme
3109 2954 60 18 Court
3180 2954 20 18 of

2962 2975 54 23 Fiji-)

2768 2995 88 19 Solicitor
2868 2998 20 17 to
2897 2997 32 18 the
2938 2998 25 17 N.
2972 2998 20 18 Z.
3003 2998 128 20 Government
3146 3001 56 18 under

2876 3020 97 19 Advances
2982 3023 19 17 to
3010 3022 76 19 Settlers

2767 3054 98 20 Victoiua
2874 3057 91 24 Aiicade,
2973 3058 116 23 Quken-st.,
3097 3060 104 19 Auckland.

2791 3091 69 23 Money
2870 3095 20 15 to
2899 3093 51 17 lend
2959 3099 26 13 on
2994 3095 82 17 freehold
3090 3097 80 22 security
3182 3098 18 17 at

2767 3113 37 19 low
2813 3117 49 16 rates
2867 3116 21 17 of
2892 3116 82 19 interest.
3000 3119 71 23 Money
3081 3119 85 19 invested
3173 3120 28 18 for

2767 3137 68 19 clients
2845 3138 38 19 free
2893 3140 21 17 of
2922 3140 74 23 charge.

2817 3190 31 27 J,
2864 3191 51 33 W.
2929 3192 218 32 WRIGLEY,

2767 3231 432 32 ARCHITECT,

2909 3264 146 21 ROTORUA.

2791 3295 68 25 Agent
2867 3295 34 21 for
2912 3296 33 20 the
2957 3297 63 20 South
3036 3298 77 20 British
3124 3300 47 20 Fire
3182 3300 17 20 &

2766 3320 82 21 Marine
2858 3323 114 19 Insurance
2983 3324 109 27 Company.

2824 3403 73 21 When
2911 3405 22 19 in
2946 3404 125 22 Auckland
3081 3406 59 22 Visit

2839 3436 32 28 E.
2893 3436 228 29 SPENCERS

2805 3474 143 26 CURIO
2972 3476 182 33 DEPOT,

2852 3505 34 20 (On
2898 3506 60 18 Queen
2967 3506 56 17 Street
3032 3506 76 22 Wharf.)

2805 3547 41 20 For
2855 3549 28 19 all
2893 3549 61 19 kinds
2963 3549 22 19 of
3001 3550 51 20 New
3064 3551 90 20 Zealand

2838 3574 73 20 Curios
2921 3575 40 19 and
2976 3575 140 21 Greenstones.

2784 3653 71 47 W.
2880 3656 290 56 THOMAS,

2786 3718 255 25 MONUMENTAL
3051 3720 119 22 MASON

2806 3760 141 21 VICTORIA
2958 3759 104 23 STREET
3071 3762 78 24 EAST,.

2893 3802 169 20 AUCKLAND.

2794 3854 93 25 Orders
2907 3854 28 24 in
2956 3855 110 29 Marble,
3086 3856 110 25 Granite

2759 3887 50 24 and
2818 3888 87 28 Stone,
2916 3888 131 32 promptly
3057 3889 51 24 and
3115 3890 66 24 faith-

2759 3919 68 34 fully
2839 3921 135 26 executed.

2787 3980 111 33 Designs
2910 3981 51 23 and
2973 3980 82 32 pi'ices
3064 3981 55 25 free
3132 3990 34 17 on

2892 4014 166 31 application.
