2550 4039
1937 1823 43 23 We
1992 1831 38 15 are
2042 1831 49 15 now
2104 1830 62 16 more
2178 1823 54 23 than
2245 1831 52 16 ever
2305 1825 122 23 convinced
2440 1825 46 23 that

1903 1857 18 22 it
1940 1857 78 22 would
2038 1856 56 23 have
2112 1856 58 24 been
2186 1857 114 24 advisable
2313 1862 23 19 to
2347 1859 72 22 locate
2431 1858 55 24 New

1904 1889 135 31 Edinburgh
2069 1897 28 15 on
2126 1889 38 23 the
2193 1890 132 24 Manawatu
2348 1899 25 15 or
2400 1892 25 22 in
2450 1892 36 23 the

1903 1923 132 31 Wairarapa
2046 1923 92 29 Valley.
2175 1923 50 24 The
2243 1924 68 23 latter
2323 1925 18 22 is
2354 1933 14 15 a
2377 1932 54 23 very
2443 1925 43 24 fine

1904 1956 94 30 district,
2020 1961 22 19 to
2065 1957 75 23 which
2159 1965 14 14 a
2194 1958 59 29 good
2274 1958 54 23 road
2347 1958 25 24 of
2392 1959 53 30 only
2456 1960 30 22 20

1904 1990 64 23 miles
1979 1991 24 22 in
2022 1990 80 30 length
2119 1991 57 22 from
2196 1991 45 22 this
2252 1996 52 26 port
2316 1999 42 16 can
2370 1993 26 22 be
2414 1993 72 22 made.

1904 2023 54 23 And
1968 2031 59 15 were
2048 2024 38 22 the
2098 2024 57 22 New
2176 2023 138 31 Edinburgh
2326 2026 89 22 settlers
2427 2032 58 16 esta-

1905 2056 98 30 blishing
2015 2056 136 23 themselves
2163 2056 70 29 there,
2253 2057 91 24 besides
2356 2058 82 30 having
2450 2059 35 22 the

1905 2090 122 30 advantage
2040 2090 25 23 of
2081 2090 124 31 supplying
2217 2090 59 23 their
2286 2091 58 23 local
2357 2096 66 23 town,
2436 2091 50 30 they

1905 2123 72 23 would
1989 2123 56 24 have
2057 2123 38 23 the
2107 2124 84 23 benefit
2203 2123 24 23 of
2245 2124 39 23 the
2296 2124 56 23 Port
2364 2124 122 25 Nicholson

1905 2156 95 30 market,
2013 2156 95 24 without
2119 2158 118 29 incurring
2250 2158 37 22 the
2305 2165 121 17 enormous
2438 2163 48 19 out-

1904 2190 36 30 lay
1952 2190 73 23 which
2036 2191 89 23 attends
2138 2191 38 22 the
2187 2191 133 24 foundation
2331 2192 25 23 of
2365 2200 13 15 a
2386 2199 40 15 sea
2436 2196 49 27 port

1905 2229 66 18 town.

1937 2257 101 31 Already
2050 2266 41 15 one
2112 2257 68 24 small
2191 2258 74 23 vessel
2286 2258 42 23 has
2340 2258 85 24 carried
2434 2266 51 23 pas-

1905 2299 91 23 sengers
2008 2291 59 24 from
2085 2292 89 23 Nelson
2195 2297 23 18 to
2239 2292 85 31 Otago.
2361 2292 50 24 The
2422 2290 63 31 Lady

1903 2324 81 31 Leigh,
2003 2325 19 23 it
2043 2325 21 23 is
2081 2325 81 29 stated,
2185 2325 45 24 will
2253 2326 96 30 proceed
2370 2326 59 23 from
2450 2325 35 23 the

1904 2358 82 24 former
1996 2363 23 19 to
2025 2358 37 24 the
2071 2359 68 23 latter
2147 2358 65 32 place
2222 2359 48 23 also
2280 2359 54 23 with
2340 2365 132 26 passengers
2479 2367 6 19 ;

1904 2392 43 23 and
1960 2400 32 15 we
2006 2392 54 23 hear
2072 2393 37 23 the
2120 2391 118 30 Deborah,
2249 2401 29 14 on
2289 2393 42 24 her
2342 2398 77 19 return
2431 2393 54 22 from

1904 2425 38 23 the
1961 2426 82 28 South,
2055 2426 46 23 will
2121 2434 30 23 go
2168 2431 23 19 to
2213 2426 87 24 Nelson
2313 2427 54 23 with
2378 2426 37 24 the
2428 2433 57 16 same

1905 2459 72 31 object
1989 2460 22 23 in
2032 2459 65 24 view.
2135 2459 73 31 Many
2218 2460 26 23 in
2255 2460 45 23 this
2312 2460 63 32 place
2387 2467 39 15 are
2436 2466 46 24 pre-

1904 2493 81 31 paring
2002 2499 23 17 to
2046 2501 28 23 go
2086 2497 23 19 to
2126 2493 58 23 New
2195 2493 147 32 Edinburgh.
2379 2493 50 24 The
2445 2499 40 17 un-

1904 2527 92 30 settling
2008 2527 24 22 of
2043 2527 71 22 men's
2121 2527 75 23 minds
2208 2528 19 22 is
2236 2535 43 15 one
2288 2528 26 23 of
2323 2527 38 24 the
2372 2525 113 26 mischiefs

1905 2560 24 22 of
1971 2560 46 24 this
2062 2560 423 32 new-settlement-upon-the-lottery-

1905 2600 93 23 systera.

2060 2650 165 24 ZEALAND

1321 1486 52 24 The
1385 1486 158 25 Government
1554 1487 52 31 brig
1621 1487 110 31 Victoria,
1745 1490 90 23 arrived
1847 1498 29 16 on

1288 1519 94 32 Sunday
1394 1521 58 23 from
1462 1520 125 24 Auckland
1606 1521 45 23 and
1669 1521 116 24 Taranaki
1797 1532 6 20 ;
1824 1523 51 24 Col.

1288 1552 135 31 Wakefield,
1445 1554 50 24 Mr.
1513 1554 79 31 Spain,
1611 1555 46 23 and
1678 1555 98 25 Messrs.
1795 1556 80 30 Yates,

1288 1585 92 30 Clarke,
1392 1587 45 24 and
1458 1587 101 30 Morant,
1580 1596 63 16 came
1664 1596 25 16 as
1707 1597 125 24 passenger
1851 1592 25 22 in

1286 1619 40 24 her
1338 1620 59 24 from
1410 1620 126 25 Taranaki.
1561 1621 43 24 We
1614 1621 57 24 have
1679 1623 96 31 nothing
1787 1624 89 24 further

1286 1657 23 20 to
1321 1657 59 21 state
1390 1654 70 24 about
1471 1653 38 25 the
1521 1654 67 25 Land
1601 1655 122 25 Question.

1319 1694 52 25 The
1382 1693 57 28 Sfar
1451 1693 30 32 of
1495 1695 72 24 China
1586 1696 60 23 from
1662 1697 92 31 Sydney
1765 1698 38 23 via
1816 1698 66 24 Nel>

1286 1735 50 22 son,
1347 1728 127 24 'furnishes
1493 1729 93 31 Sydney
1604 1730 66 23 dates
1689 1734 22 20 to
1731 1732 39 22 the
1782 1732 59 24 30th
1853 1732 26 24 of

1287 1761 56 31 May
1355 1761 59 24 from
1427 1762 38 23 the
1477 1762 84 23 former
1573 1763 74 30 place.

1319 1802 45 23 We
1376 1803 54 23 hear
1451 1811 28 15 on
1498 1804 58 30 good
1568 1804 116 32 authority
1703 1805 49 24 that
1770 1805 104 25 H.M.S.

1287 1835 88 30 Thalia,
1387 1838 33 22 42
1432 1844 68 23 guns,
1514 1845 44 15 was
1580 1838 70 23 about
1670 1844 23 18 to
1705 1838 63 24 leave
1780 1839 95 32 Sydney

1286 1869 34 23 for
1342 1869 57 24 New
1417 1870 109 29 Zealand,
1547 1871 74 23 where
1639 1871 42 24 she
1697 1872 20 23 is
1735 1877 23 18 to
1777 1872 29 24 be
1827 1878 47 19 sta-

1288 1902 86 23 tioned.

1320 1943 51 23 The
1392 1943 139 32 Company's
1552 1945 131 31 dispatches
1700 1946 30 31 by
1749 1946 39 24 the
1808 1946 67 24 Bella

1397 1985 39 15 are
1456 1978 48 23 said
1525 1982 22 19 to
1559 1979 56 23 have
1635 1979 58 23 been
1709 1980 52 23 read
1773 1981 102 30 publicly

1286 2014 23 19 at
1321 2009 96 30 Nelson,
1430 2012 45 22 and
1486 2012 18 22 it
1516 2012 20 22 is
1555 2012 73 24 stated
1641 2013 53 30 they
1707 2012 118 25 contained
1837 2022 38 15 as-

1286 2050 119 16 surances-
1414 2044 191 24 ot_a.-sufficient-
1613 2045 100 31 military
1726 2045 61 24 force
1808 2047 67 31 being

1286 2076 112 23 stationed
1411 2081 23 19 at
1445 2085 29 15 an
1486 2077 64 31 early
1561 2078 78 30 period
1651 2079 25 22 in
1688 2079 62 23 these
1762 2080 95 24 islands.

1319 2116 53 23 The
1390 2116 113 31 Brigand,
1523 2118 74 23 which
1615 2119 123 30 proceeded
1759 2120 59 23 from
1831 2120 45 24 this

1286 2153 23 19 to
1328 2149 39 24 the
1388 2149 48 24 Isle
1456 2150 26 24 of
1497 2151 80 29 Pines,
1596 2153 76 22 where
1693 2161 13 15 a
1723 2158 51 26 part
1795 2154 25 23 of
1834 2154 42 24 her

1286 2190 57 16 crew
1356 2183 43 23 and
1410 2191 138 24 passengers
1567 2193 57 16 were
1643 2186 149 31 barbaroHsly
1813 2195 63 17 mur-

1286 2216 76 30 dered,
1375 2217 42 24 had
1430 2219 107 22 returned
1556 2219 63 24 there
1637 2220 58 23 from
1717 2220 94 32 Sydney
1824 2221 51 24 well

1286 2250 98 24 manned
1394 2250 45 24 and
1452 2251 85 30 armed,
1545 2252 44 24 and
1601 2253 44 23 had
1654 2253 100 32 severely
1763 2255 113 30 punished

1286 2283 38 23 the
1336 2284 87 23 natives
1436 2285 45 23 aud
1491 2285 70 24 taken
1570 2288 130 29 possession
1710 2287 25 23 of
1744 2287 38 24 the
1792 2288 82 24 island.

1286 2316 24 24 It
1332 2318 21 22 is
1374 2318 49 22 said
1442 2318 98 31 Captain
1559 2320 106 29 Paddon,
1686 2325 84 19 master
1790 2322 25 23 of
1837 2321 38 25 the

1286 2349 111 33 Brigand,
1410 2351 45 24 had
1467 2352 57 24 been
1536 2353 104 24 declared
1661 2354 118 24 Governor
1796 2355 26 24 of
1837 2355 39 24 the

1286 2384 89 29 island;
1394 2384 45 24 and
1460 2386 48 23 Mr.
1527 2386 111 33 Murphy,
1660 2387 44 24 late
1723 2388 79 24 Police
1821 2389 55 23 Ma-

1287 2418 98 30 gistrate
1396 2419 24 22 of
1437 2419 45 24 this
1493 2420 72 31 place,
1578 2421 39 24 the
1630 2421 102 24 Colonial
1745 2422 129 32 Secretary.

1287 2450 43 24 We
1342 2451 48 24 find
1401 2452 39 23 the
1452 2453 116 32 following
1579 2455 75 23 notice
1667 2455 23 23 in
1701 2455 36 24 the
1749 2455 127 25 Auckland

1286 2492 82 23 papers
1430 2486 100 32 Captain
1552 2487 77 24 James
1653 2488 96 25 Paddon
1772 2489 56 32 begs
1851 2495 23 18 to

1286 2518 84 24 inform
1390 2524 96 20 masters
1504 2521 26 23 of
1544 2521 95 24 whalers
1659 2522 43 23 and
1720 2523 89 23 traders
1827 2523 50 24 that

1286 2551 28 23 he
1335 2551 41 24 has
1403 2560 29 16 an
1453 2554 173 25 establishment
1646 2561 24 18 at
1694 2556 37 23 the
1756 2556 75 25 island
1853 2558 25 23 of

1285 2584 108 30 Anatam,
1406 2587 23 22 in
1441 2586 63 32 long.
1521 2588 47 25 170
1589 2590 39 27 15,
1641 2589 46 24 and
1698 2589 68 24 south
1778 2591 96 24 latitude

1286 2619 32 22 20
1331 2620 41 28 20,
1385 2620 73 24 where
1472 2626 68 19 water
1551 2622 45 23 and
1615 2622 64 24 fresh
1691 2624 129 31 provisions
1832 2632 42 16 can

1286 2652 27 23 be
1324 2652 46 24 had
1383 2657 22 19 at
1416 2661 45 24 any
1470 2655 63 23 time.
1557 2655 110 30 Anatam,
1681 2657 55 23 New
1751 2657 125 30 Hebrides,

1286 2684 75 32 April,

1319 2726 118 25 Accounts
1449 2728 58 25 from
1519 2729 77 25 Tahiti
1606 2735 59 19 state
1676 2731 47 24 that
1733 2732 38 24 the
1782 2733 92 24 French

1286 2760 43 23 had
1342 2761 90 23 refused
1444 2767 23 18 to
1480 2762 65 24 allow
1557 2763 37 24 the
1606 2765 91 23 officers
1709 2765 24 23 of
1743 2774 43 15 one
1799 2767 26 23 of
1836 2767 41 24 her

1287 2793 123 32 Majesty's
1428 2795 64 32 ships
1504 2800 24 20 to
1545 2796 53 25 land
1610 2798 74 24 there.
1719 2799 51 23 The
1787 2800 90 24 British

1287 2826 88 25 Consul
1392 2828 45 24 had
1455 2830 124 31 proceeded
1601 2836 23 19 to
1641 2831 145 33 Valparaiso.
1824 2834 51 23 The

1286 2861 88 23 natives
1394 2862 44 23 and
1460 2863 71 24 chiefs
1549 2864 50 24 who
1618 2866 75 23 would
1715 2871 41 19 not
1773 2869 104 23 sanction

1286 2894 92 24 French
1393 2896 159 31 interference,
1571 2897 46 25 had
1635 2899 58 24 been
1711 2900 106 25 hemmed
1827 2902 50 23 into

1286 2935 13 16 a
1310 2928 70 24 small
1398 2934 53 27 part
1462 2930 27 23 of
1507 2939 42 16 one
1568 2932 84 30 island,
1665 2934 59 23 from
1735 2934 74 24 which
1822 2935 55 31 they

1286 2962 66 24 made
1363 2970 14 16 a
1394 2964 78 29 sortie,
1486 2965 45 23 and
1551 2965 73 24 killed
1643 2967 70 24 about
1728 2968 52 30 fifty
1799 2969 25 23 of
1839 2969 38 24 the

1286 2995 92 24 French
1390 3001 85 28 troops.
1512 2998 30 24 In
1554 3007 164 24 consequence,
1731 3001 39 24 the
1784 3002 93 24 French

1285 3036 46 17 war
1343 3034 97 20 steamer
1453 3030 44 25 had
1508 3033 126 31 proceeded
1652 3035 73 23 round
1742 3035 40 24 the
1794 3036 83 30 island,

1286 3062 46 25 and
1352 3071 45 16 was
1417 3064 133 34 destroying
1561 3074 68 24 every
1642 3068 67 33 thing
1719 3068 50 25 that
1779 3070 20 23 it
1810 3070 67 24 could

1284 3096 70 24 reach
1366 3098 53 24 with
1430 3099 30 23 its
1472 3106 68 24 guns.
1587 3100 45 25 We
1648 3101 60 33 hope
1726 3102 66 25 these
1803 3108 74 20 state-

1285 3134 77 21 ments
1374 3139 51 24 may
1437 3137 41 19 not
1488 3141 70 24 prove
1570 3139 58 25 true,
1641 3135 36 23 for
1689 3136 20 24 if
1723 3136 54 31 they
1790 3136 36 31 do,
1839 3137 38 24 the

1284 3163 92 25 French
1388 3170 63 19 must
1462 3167 47 23 still
1528 3167 29 24 be
1569 3168 133 24 considered
1720 3177 14 16 a
1752 3170 125 25 barbarous

1285 3197 88 32 people,
1385 3199 46 24 and
1442 3198 39 25 the
1499 3200 102 32 English
1618 3207 65 19 must
1693 3203 68 24 stand
1776 3204 101 24 between

1284 3229 63 26 them
1358 3232 45 24 and
1414 3233 40 24 the
1465 3233 88 33 objects
1564 3235 27 24 of
1600 3235 61 25 their
1669 3243 139 25 vengeance.

1317 3292 46 25 We
1374 3292 57 26 have
1443 3294 40 25 the
1495 3294 115 27 Southern
1629 3296 71 25 Cross
1714 3298 59 24 from
1794 3298 82 24 Auck-

1283 3323 54 26 land
1349 3331 24 19 to
1383 3327 60 24 June
1457 3330 22 28 1,
1492 3330 45 23 and
1549 3330 37 24 the
1599 3329 120 26 Chronicle
1731 3336 23 19 to
1770 3331 61 24 June
1841 3334 16 22 4
1867 3341 7 19 ;

1284 3357 54 32 they
1350 3367 38 16 are
1406 3360 63 25 filled
1490 3363 54 24 with
1564 3363 94 24 debates
1677 3364 25 24 in
1717 3364 105 29 Council,
1841 3365 35 23 for

1284 3392 73 24 which
1370 3400 33 17 we
1418 3393 59 25 have
1488 3403 29 16 no
1530 3404 67 23 space
1608 3396 47 24 this
1667 3396 71 25 week.

1517 3462 123 23 COAL.

115 3602 133 26 NOTICE
260 3603 45 26 TO
321 3605 248 28 SUBSCRIBERS.

1316 3523 45 25 We
1379 3532 37 16 are
1436 3524 55 31 glad
1508 3529 24 20 to
1543 3533 46 22 see,
1603 3525 30 32 by
1646 3525 38 25 the
1696 3527 82 24 arrival
1795 3527 25 24 of
1837 3528 37 25 the

1281 3556 79 32 Royal
1378 3556 105 25 William
1502 3558 55 24 with
1577 3560 33 23 40
1630 3563 53 20 tons
1704 3559 26 24 of
1748 3561 50 24 coal
1815 3562 59 24 from

1283 3591 118 23 Massacre
1423 3590 60 32 Bay,
1507 3591 50 25 that
1579 3600 34 16 we
1636 3600 39 16 are
1703 3593 72 33 likely
1798 3599 24 20 to
1846 3596 28 24 be

1282 3624 94 23 assured
1388 3624 23 24 of
1428 3631 30 16 an
1477 3624 117 25 abundant
1613 3626 83 32 supply
1708 3627 25 23 of
1741 3627 48 25 fuel
1801 3630 26 23 of
1834 3630 40 24 the

1281 3657 52 25 best
1344 3657 145 32 description,
1502 3662 24 20 at
1543 3666 14 16 a
1569 3659 116 25 moderate
1702 3661 69 31 price.
1808 3663 66 24 With

1282 3690 37 25 the
1331 3691 130 31 increasing
1481 3691 111 33 difficulty
1609 3692 25 25 of
1650 3696 90 31 getting
1757 3696 116 31 firewood,

1281 3725 46 24 this
1338 3725 22 23 is
1371 3732 14 16 a
1395 3729 65 27 great
1472 3725 134 31 advantage.

1405 3788 339 30 CORRESPONDENCE.

709 851 50 24 The
771 859 140 24 appearance
930 852 26 23 of
972 851 46 24 this
1036 851 80 25 article
1132 852 41 24 has
1190 853 71 23 called

673 884 62 24 forth
754 893 14 14 a
785 884 65 31 reply
869 884 82 31 signed
1126 885 76 23 which
1220 893 41 23 ap-

672 917 84 30 peared
766 917 24 23 in
811 917 38 23 the
868 916 100 24 Journal
980 916 26 24 of
1020 917 40 23 the
1071 917 44 24 3rd
1132 917 128 32 February.

673 950 44 23 We
728 950 69 23 invite
809 950 112 23 attention
932 954 23 19 to
968 950 38 23 the
1016 950 53 23 first
1079 951 89 31 portion
1180 951 27 24 of
1215 951 46 24 this

674 983 112 23 excellent
806 983 199 23 communication.
1041 983 25 24 It
1084 984 47 24 will
1147 984 28 24 be
1190 985 71 24 found

672 1017 73 22 under
755 1017 39 22 the
814 1016 100 31 heading
929 1015 60 24 New
1005 1015 105 25 Zealand
1119 1016 106 31 Journal,
1237 1019 24 22 in

672 1049 94 24 another
776 1053 52 28 part
841 1050 25 23 of
883 1049 100 32 to-day's
995 1057 79 24 paper,
1087 1050 43 24 and
1142 1051 20 23 is
1173 1051 88 25 headed

696 1083 52 24 The
757 1083 115 26 Question
884 1083 24 23 of
917 1083 62 24 Title
985 1091 7 21 ;
1004 1091 26 16 as
1040 1088 103 27 respects
1152 1084 38 24 the
1197 1085 64 24 First

705 1149 51 24 The
769 1149 90 24 holders
870 1149 26 24 of
910 1149 55 24 land
984 1150 79 24 orders
1075 1150 37 24 for
1122 1150 53 25 land
1190 1156 25 19 to
1233 1151 27 24 be

671 1182 70 24 taken
759 1187 22 19 at
799 1183 58 24 Port
872 1182 129 25 Nicholson
1016 1184 47 23 and
1080 1189 25 19 at
1121 1184 138 31 Wanganui,

669 1216 127 32 purchased
818 1216 63 24 them
903 1217 59 24 from
978 1217 40 24 the
1035 1216 152 25 unchartered
1201 1217 59 24 New

670 1249 106 24 Zealand
788 1248 100 25 LAND
907 1249 121 33 Company,
1040 1250 46 24 and
1096 1251 58 23 have
1164 1251 96 31 nothing

670 1287 23 19 to
712 1283 36 29 do,
759 1283 107 31 properly
877 1283 120 32 speaking,
1011 1284 58 23 with
1089 1284 39 23 the
1142 1284 118 25 chartered

670 1316 59 24 New
741 1316 106 24 Zealand
864 1316 122 32 Company.
1022 1317 52 24 The
1093 1317 61 32 body
1165 1318 25 23 of
1206 1326 54 23 per-

671 1358 54 15 sons
741 1350 59 25 from
813 1350 74 23 whom
907 1351 39 22 the
964 1351 125 31 purchases
1108 1358 58 17 were
1184 1351 74 30 made,

671 1383 149 23 surrendered
832 1383 29 24 all
874 1383 59 24 their
950 1384 52 23 land
1013 1389 24 19 to
1050 1384 39 24 the
1101 1384 159 24 Government

670 1417 96 23 without
778 1417 38 23 the
835 1418 103 23 sanction
956 1418 26 23 of
997 1417 66 24 those
1079 1422 23 19 to
1120 1418 74 23 whom
1206 1418 54 32 they

670 1450 45 23 had
728 1450 48 23 sold
788 1450 61 29 land,
859 1451 52 29 and,
917 1451 73 23 under
999 1451 64 24 these
1075 1451 183 30 circumstances,

825 1484 49 23 who
886 1485 19 22 is
919 1485 113 30 evidently
1044 1493 14 15 a
1068 1485 91 31 lawyer,
1172 1485 86 32 though

670 1517 29 23 he
711 1517 106 31 pretends
830 1521 22 20 to
865 1518 27 23 be
910 1518 106 31 ignorant
1027 1518 26 24 of
1071 1518 38 24 the
1121 1518 49 29 law,
1183 1520 75 23 main-

670 1551 60 22 tains
749 1551 49 23 that
818 1551 38 23 the
876 1551 92 24 holders
992 1552 24 23 of
1035 1552 54 23 land
1110 1552 77 23 orders
1206 1561 52 23 may

670 1591 99 22 recover,
780 1584 61 24 from
851 1592 44 23 any
907 1585 101 23 member
1020 1585 24 24 of
1062 1585 39 24 the
1119 1585 37 24 old
1174 1585 84 25 Direc-

669 1618 58 28 tion,
750 1618 38 23 the
811 1622 93 19 amount
926 1618 52 31 paid
999 1618 36 24 for
1058 1618 38 25 the
1118 1619 71 24 same.
1227 1619 33 24 Of

668 1651 98 23 interest
776 1651 30 23 he
818 1651 54 24 does
883 1655 41 20 not
934 1652 79 31 speak,
1024 1652 43 23 but
1078 1660 34 16 we
1123 1652 86 24 believe
1219 1653 39 24 the

668 1684 92 23 holders
778 1684 74 24 would
868 1685 49 23 also
936 1685 27 24 be
983 1685 96 24 entitled
1098 1691 24 18 to
1131 1685 72 33 {their-
1213 1687 44 23 five

669 1725 67 23 years
755 1718 96 24 interest
869 1723 24 19 at
910 1719 45 23 five
972 1726 40 23 per
1032 1725 61 17 cent,
1111 1727 40 24 per
1162 1727 93 17 annum.

670 1751 58 23 This
751 1759 108 23 recovery
879 1752 21 23 is
922 1752 90 32 subject
1034 1757 24 19 to
1082 1752 38 25 the
1143 1753 115 24 condition

669 1784 75 24 stated
766 1785 29 31 by
980 1785 74 24 which
1074 1787 20 23 is
1112 1791 42 19 not
1173 1787 85 32 having

670 1817 71 25 taken
752 1819 131 30 possession
896 1819 25 24 of
932 1819 37 24 the
980 1819 62 24 land.

704 1852 51 23 The
767 1852 89 31 subject
868 1853 21 23 is
906 1853 147 31 particularly
1065 1853 85 32 worthy
1164 1854 38 24 the
1222 1859 35 19 at-

670 1885 87 23 tention
770 1885 25 23 of
810 1885 127 30 absentees,
949 1893 55 25 very
1014 1894 71 24 many
1096 1886 26 24 of
1137 1887 74 24 whom
1222 1895 35 16 we

668 1918 74 31 verily
753 1919 94 28 believe,
859 1919 22 23 if
889 1927 14 15 a
914 1926 54 24 very
980 1919 115 25 moderate
1107 1919 64 25 effort
1182 1921 73 24 under

669 1951 41 24 the
729 1952 141 29 inclination,
895 1952 74 25 which
992 1954 19 23 is
1034 1953 111 33 tolerably
1167 1954 91 25 evident

669 1993 84 23 among
772 1985 70 30 them,
856 1991 22 18 to
898 1986 83 24 realize
1001 1987 37 31 by.
1048 1987 88 32 forcing
1157 1987 60 25 sales
1236 1989 25 23 of
1255 1979 13 15 X

669 2018 59 24 their
739 2019 52 23 land
804 2019 62 28 here,
878 2020 20 22 is
919 2019 73 29 made,
1004 2020 45 23 will
1062 2026 40 17 not
1110 2020 80 25 ebtain
1201 2022 55 23 25

670 2051 55 24 each
736 2051 36 24 for
783 2051 60 24 their
853 2052 54 24 land
918 2052 86 30 orders,
1012 2052 37 24 for
1056 2053 75 24 which
1142 2053 53 31 they
1202 2054 54 31 paid

668 2085 73 24 100
752 2085 55 23 each
814 2085 44 24 five
867 2093 67 23 years
943 2086 70 24 since.
1050 2086 24 24 It
1084 2087 20 23 is
1114 2087 47 24 also
1170 2088 87 31 worthy

669 2118 39 23 the
719 2120 111 22 attention
843 2119 26 23 of
883 2119 65 23 those
956 2120 26 23 in
995 2120 39 23 the
1142 2121 49 23 who
1202 2121 55 23 hold

669 2151 53 24 land
735 2151 85 30 orders,
832 2152 56 23 with
897 2153 73 23 which
982 2153 53 31 they
1048 2153 58 24 have
1116 2154 46 25 had
1172 2158 23 19 to
1203 2154 54 24 take

671 2185 62 30 land,
743 2185 73 24 which
827 2186 59 23 from
898 2194 45 23 any
950 2187 164 23 circumstance
1122 2187 21 23 is
1154 2188 103 24 unavail-

668 2219 60 24 able.
779 2219 77 24 Three
876 2219 103 24 hundred
1006 2220 115 24 thousand
1143 2229 71 21 acres,
1234 2226 24 19 at

669 2252 66 29 least,
748 2260 57 16 were
817 2256 23 20 to
853 2253 56 23 have
920 2253 58 23 been
990 2254 112 31 surveyed
1114 2254 24 24 of
1154 2254 37 24 the
1202 2263 56 23 very

668 2286 53 23 best
740 2286 53 23 land
813 2287 24 22 in
857 2286 39 24 the
914 2287 95 29 district,
1023 2293 40 18 out
1084 2288 25 23 of
1125 2288 74 24 which
1220 2288 38 24 the

669 2319 92 24 holders
772 2320 25 23 of
813 2320 77 24 orders
903 2320 36 23 for
957 2328 42 16 one
1020 2320 104 25 hundred
1144 2321 114 25 thousand

669 2360 64 17 acres
754 2360 58 17 were
841 2357 23 20 to
885 2353 57 24 have
962 2353 65 24 made
1048 2354 59 25 their
1128 2355 128 24 selections.

670 2386 56 24 Had
735 2394 44 23 any
791 2390 97 28 attempt
905 2393 24 17 to
949 2387 89 32 comply
1050 2388 55 24 with
1120 2388 44 24 this
1176 2389 81 31 pledge

668 2419 58 24 been
745 2420 72 29 made,
830 2427 67 24 every
917 2421 87 24 section
1020 2421 83 24 should
1123 2422 56 24 have
1200 2422 57 25 been

669 2453 137 32 thoroughly
818 2454 118 24 available.
971 2455 49 23 But
1039 2455 40 24 the
1096 2460 101 20 contract
1216 2457 42 23 has

668 2487 59 23 been
739 2487 154 31 disregarded,
905 2487 45 24 and
969 2489 20 22 it
999 2496 51 16 now
1062 2489 106 24 becomes
1178 2497 14 16 a
1202 2489 56 32 duty

669 2525 22 19 to
704 2520 39 24 the
753 2521 131 23 settlement
896 2521 49 24 that
957 2521 37 24 the
1006 2522 92 24 settlers
1109 2523 44 23 and
1165 2523 37 24 the
1215 2523 42 24 ab-

668 2558 90 19 sentees
777 2554 112 32 together,
903 2563 25 16 or
947 2560 71 27 apart,
1032 2555 83 24 should
1133 2556 67 24 make
1219 2556 38 25 the

668 2587 52 24 best
730 2592 70 20 terms
819 2588 55 31 they
886 2596 42 16 can
947 2589 55 23 with
1022 2589 39 24 the
1081 2589 58 24 New
1155 2590 102 24 Zealand

668 2621 69 24 Land
755 2621 128 32 Company.
920 2621 25 25 It
963 2623 20 22 is
1004 2630 40 16 our
1064 2623 96 24 interest
1178 2628 22 19 to
1219 2628 39 26 get

668 2654 37 24 rid
715 2654 27 24 of
755 2655 128 29 absentees,
896 2655 44 24 and
958 2663 32 16 we
1002 2664 42 16 can
1062 2655 105 33 honestly
1178 2665 80 16 assure

668 2688 40 23 the
719 2688 119 24 absentees
858 2689 50 23 that
926 2689 19 23 it
962 2689 21 23 is
1002 2689 58 24 their
1078 2690 96 24 interest
1185 2695 23 20 to
1219 2696 39 25 get

668 2721 37 24 rid
716 2721 29 29 of,
757 2721 38 24 the
806 2727 90 26 greater
907 2726 52 27 part
969 2722 26 24 of
1009 2722 60 24 their
1081 2723 78 25 claims
1171 2728 23 20 to
1202 2724 56 24 land

668 2755 25 23 in
707 2755 45 23 this
764 2755 96 28 district,
873 2755 18 24 if
908 2755 54 31 they
973 2763 42 16 can
1034 2756 80 25 obtain
1125 2758 37 23 the
1173 2765 84 24 money

669 2788 53 31 they
734 2788 58 23 have
811 2788 54 31 paid
876 2788 55 24 with
942 2789 43 23 five
995 2796 42 25 per
1049 2795 60 19 cent,
1121 2798 41 25 per
1171 2799 85 16 annum

668 2821 37 24 for
715 2821 39 24 the
766 2821 54 24 time
833 2821 54 32 they
898 2822 57 24 have
976 2823 86 31 outlaid
1082 2824 27 24 it.
1145 2824 51 24 The
1208 2829 49 19 set-

668 2854 56 24 tlers
736 2859 60 19 want
807 2854 61 30 land,
881 2863 29 16 an
914 2855 11 23 J
936 2855 40 25 the
984 2856 119 32 Company
1111 2857 56 25 have
1177 2858 81 24 claims

670 2892 23 19 to
706 2888 86 31 plenty,
805 2888 53 24 half
872 2888 26 25 of
913 2888 74 25 which
1008 2890 53 32 they
1073 2890 104 25 obtained
1197 2892 60 24 thro'

669 2920 39 24 the
727 2929 84 24 money
821 2923 105 23 received
943 2923 59 24 from
1022 2924 40 24 the
1079 2924 135 32 purchasers
1235 2927 25 22 of

668 2955 54 23 land
733 2955 85 30 orders,
830 2956 35 24 for
883 2955 55 26 land
957 2961 23 20 to
999 2957 28 24 be
1039 2957 71 25 taken
1119 2958 26 24 in
1156 2958 38 25 the
1205 2960 53 23 first

668 2988 46 24 and
729 2989 112 32 principal
858 2990 137 30 settlement,
1008 2991 45 24 and
1074 2995 25 20 at
1116 2991 139 33 Wanganui.

668 3020 47 25 Let
735 3021 39 25 the
788 3023 92 24 settlers
900 3023 54 24 then
972 3024 90 25 declare
1080 3024 55 33 they
1153 3030 37 20 too
1209 3027 49 24 will

668 3055 68 24 claim
750 3055 58 24 their
819 3064 83 23 money
913 3057 55 24 with
979 3058 96 24 interest
1087 3058 58 24 from
1156 3059 39 24 the
1211 3067 45 16 n-

668 3087 122 26 chartered
797 3089 61 24 New
876 3090 107 24 Zealand
997 3090 71 25 Land
1079 3090 120 34 Company,
1211 3102 45 16 un-

667 3122 47 24 less
725 3127 44 19 two
781 3123 128 24 conditions
921 3132 38 16 are
969 3125 112 31 complied
1092 3125 62 25 with.
1183 3127 72 31 First,

667 3155 50 24 that
728 3155 54 33 they
792 3156 29 24 be
832 3157 96 31 granted
939 3162 52 25 two,
1003 3158 71 30 three,
1088 3166 25 16 or
1128 3159 50 25 four
1190 3169 65 16 acres

667 3189 36 23 for
714 3196 67 25 every
792 3191 79 30 pound
882 3191 53 32 paid
956 3196 22 19 to
990 3191 39 24 the
1044 3191 51 25 said
1116 3192 120 34 Company
1247 3203 7 21 ;

667 3222 46 24 and
724 3223 115 32 secondly,
854 3224 49 24 that
914 3224 52 32 they
976 3224 29 25 be
1016 3225 95 24 entitled
1122 3229 23 21 to
1157 3227 71 25 select
1238 3229 18 23 it

667 3256 24 23 in
712 3256 56 24 such
787 3259 130 29 quantities,
931 3259 44 23 and
993 3266 58 17 were
1069 3259 55 31 they
1134 3260 85 31 please,
1231 3262 25 24 in

667 3296 46 24 any
724 3289 90 25 district
825 3290 38 25 the
875 3291 119 32 Company
1003 3292 42 24 has
1056 3292 100 24 selected
1166 3302 26 16 or
1202 3303 53 24 may

667 3322 72 24 select
750 3323 72 25 under
834 3325 29 23 its
885 3330 130 26 agreement
1033 3325 61 31 with,
1099 3325 39 25 the
1150 3327 105 26 Colonial

667 3355 84 25 Office.
787 3357 52 24 The
857 3358 119 25 absentees
994 3359 45 24 and
1051 3358 47 26 the.
1102 3360 89 24 settlers
1202 3370 54 24 may

665 3396 52 16 now
729 3390 62 24 unite
802 3390 56 24 with
868 3391 135 33 advantage.
1039 3392 80 25 Their-
1125 3401 98 25 purpose
1234 3397 21 23 is

667 3422 39 24 the
717 3430 70 22 same,
799 3424 87 31 though
898 3425 59 24 their
975 3433 80 17 means
1070 3426 75 25 would
1156 3427 27 25 be
1195 3434 60 19 most

666 3456 119 31 opposing.
821 3457 52 24 The
886 3466 43 16 one
947 3459 59 31 body
1017 3459 84 25 should
1112 3460 55 25 seek
1178 3465 24 20 to
1214 3466 42 28 get

667 3489 38 23 rid
716 3489 27 23 of
757 3489 59 25 their
826 3490 55 25 land
891 3500 6 20 ;
910 3491 40 25 the
962 3492 65 25 other
1042 3497 24 20 to
1076 3497 44 26 get
1126 3501 71 24 more,
1209 3496 45 24 and

666 3522 32 24 all
720 3522 27 24 of
771 3523 20 24 it
816 3523 26 24 of
867 3524 138 33 thoroughly
1022 3526 114 25 available
1158 3529 95 32 quality.

665 3556 129 32 Sympathy
804 3557 48 24 will
870 3565 51 16 now
941 3558 59 25 arise
1013 3559 103 25 between
1126 3560 66 26 these
1211 3570 42 24 ap-

665 3590 105 31 parently
781 3590 132 33 conflicting
929 3592 114 31 interests,
1060 3592 45 26 and
1117 3595 63 30 (good
1190 3600 64 20 must

664 3623 30 24 be
705 3623 39 24 the
755 3623 81 24 result.
852 3642 3 3 .
947 3624 5 2 '
1020 3640 3 7 ,
1061 3622 3 3 '
1112 3617 16 40 \-

698 3653 106 28 Another
816 3657 66 24 mode
894 3657 98 33 through
1004 3659 73 25 which
1091 3668 13 16 a
1114 3660 97 25 demand
1215 3670 38 18 -on

664 3690 40 24 the
715 3690 120 32 Company
847 3698 53 24 may
910 3692 68 29 arise,
995 3692 48 25 will
1053 3693 31 24 be
1102 3693 100 34 through
1214 3696 39 24 the

664 3723 68 25 Land
744 3724 187 25 Commissioner.
942 3744 3 4 .
965 3725 27 24 It
1009 3727 21 24 is
1049 3726 141 26 understood
1202 3729 52 24 that

664 3758 50 23 that
722 3757 140 32 gentleman,
875 3757 68 25 when
961 3758 30 25 he
1008 3760 108 24 retnrned
1134 3765 23 19 to
1168 3762 83 25 Auck-

663 3790 53 24 land
729 3791 54 32 only
793 3791 106 32 reported
910 3791 40 27 the
961 3792 106 25 evidence
1086 3793 29 24 he
1126 3793 45 25 had
1182 3795 70 28 taken

663 3824 55 25 here
730 3832 30 17 on
778 3824 39 25 the
828 3824 80 25 claims
929 3829 23 20 to
961 3824 53 27 land
1022 3835 7 20 ;
1049 3827 46 24 and
1106 3826 50 26 that
1165 3828 46 25 had
1222 3829 30 25 he

663 3856 66 26 made
737 3866 15 16 a
760 3863 77 28 report
842 3859 26 24 in
873 3858 136 33 conformity
1015 3860 56 25 with
1073 3860 56 25 that
1136 3862 115 31 evidence,

662 3892 20 23 it
703 3891 74 26 would
796 3892 59 25 have
870 3884 65 33 %een
957 3897 25 20 to
998 3892 39 25 the
1055 3894 67 24 effect
1145 3895 47 25 that
1213 3897 39 25 the

664 3924 139 32 Company's
815 3925 61 26 titles
888 3930 22 20 to
922 3926 54 25 land
987 3927 24 24 in
1022 3926 49 27 this
1085 3928 90 27 district
1192 3936 59 19 were

663 3957 96 25 invalid.
794 3958 38 24 As
851 3958 44 27 he*
900 3967 49 16 was
967 3964 41 21 not
1025 3960 72 27 called
1178 3966 25 20 to
1214 3971 37 15 re-

46 3654 187 34 Henceforward
241 3654 36 24 all
284 3652 115 35 Agencies
416 3661 23 21 to
450 3658 48 25 this
503 3667 78 24 paper
591 3659 48 27 will

82 3689 27 26 be
119 3688 162 29 discontinued,
293 3688 55 25 with
359 3689 40 24 the
414 3692 117 32 exception
539 3693 98 31 vflMr.

82 3722 89 26 Elliott
191 3725 27 21 at
239 3721 96 32 Nelson,
359 3724 47 23 and
423 3722 52 27 Mr.
496 3725 99 32 Bowler,
609 3731 28 26 [at

80 3757 58 24 New
148 3755 108 25 Zealand
270 3755 88 31 House,
369 3755 83 26 Broad
469 3756 86 33 Street,
574 3760 62 25 Lon-

80 3790 52 25 don.
160 3788 100 26 Parties
268 3789 102 32 residing
381 3789 30 27 in.
416 3789 66 25 other
487 3791 82 32 places
578 3791 59 27 miiit

80 3822 163 25 communicate
267 3822 74 25 direct
359 3821 58 26 with
441 3831 43 16 our
501 3824 72 32 office,
593 3827 45 26 and

77 3860 63 22 must
145 3864 50 25 pay
198 3856 49 31 for
265 3856 188 25 advertisements
462 3860 25 21 at
496 3857 41 25 the
546 3861 93 31 ttmejof

77 3890 64 25 their
152 3889 119 31 insertion,
282 3889 47 26 and
330 3889 49 33 for
388 3889 40 25 the
435 3898 74 24 paper
518 3893 119 32 quarterly

79 3924 26 24 in
113 3924 108 25 advance.

47 3956 148 33 Wellington,
209 3957 97 30 Gfaietlc
318 3956 77 33 Office,
408 3955 89 27 March
505 3957 44 32 27,
562 3959 74 25 1844.

1281 3852 77 30 ,We
1382 3852 58 25 have
1458 3855 103 24 received
1582 3855 49 25 Mr.
1654 3856 39 26 W.
1716 3858 73 25 Fox's
1805 3858 68 27 lett

1280 3885 60 25 from
1351 3885 97 32 Nelson,
1459 3887 43 24 but
1517 3888 57 25 have
1595 3894 41 19 not
1653 3898 64 17 room
1735 3896 24 20 to
1770 3892 74 25 insert
1853 3892 20 25 it

1280 3918 46 25 this
1348 3920 72 25 week-.
1466 3921 25 25 It
1511 3922 59 24 shall
1592 3931 87 24 appear
1702 3925 24 24 in
1750 3933 44 17 our
1813 3930 59 21 next

1279 3959 79 23 paper.

1938 2707 42 23 We
1992 2707 58 25 have
2061 2709 104 23 received
2177 2709 61 23 them
2252 2714 21 18 to
2283 2709 37 23 the
2333 2709 41 25 3rd
2387 2708 25 23 of
2428 2707 57 25 Feb-

1906 2749 73 23 ruary,
2001 2741 45 24 and
2065 2741 39 24 the
2124 2748 79 18 recent
2222 2743 109 23 numbers
2349 2751 37 16 are
2406 2741 42 24 full
2466 2740 21 23 of

1905 2775 134 31 interesting
2050 2775 99 25 articles.
2187 2776 96 31 Having
2300 2784 68 23 space
2380 2783 32 17 we
2423 2778 63 29 quote

1905 2808 56 24 from
1974 2808 62 24 them
2048 2808 87 32 largely
2147 2817 29 16 on
2189 2810 45 23 this
2246 2810 113 24 occasion.

1939 2842 50 24 The
2007 2842 116 32 following
2145 2843 67 25 letter
2230 2843 112 32 appeared
2361 2842 70 26 under
2451 2842 35 23 the

1905 2875 49 24 title
1965 2876 27 23 of
2032 2876 68 24 Have
2111 2885 26 16 or
2148 2877 57 24 have
2217 2882 40 19 not
2269 2878 38 23 the
2319 2877 105 24 absentee
2436 2882 49 24 pro-

1905 2910 96 31 prietors
2024 2909 25 25 of
2071 2910 55 24 land
2144 2911 24 23 in
2191 2911 59 23 New
2269 2911 102 23 Zealand
2392 2909 65 24 made
2474 2915 12 15 a

1905 2943 117 31 profitable
2271 2944 45 24 We
2339 2951 53 24 may
2410 2949 75 17 assure

1906 2976 60 24 them
1978 2977 54 32 they
2050 2977 55 25 have
2118 2982 39 20 not
2176 2979 24 23 in
2212 2977 46 25 this
2274 2979 136 23 settlement.
2446 2974 40 25 We

1905 3010 68 32 lately
1990 3011 55 24 read
2063 3019 13 16 a
2087 3012 80 23 debate
2188 3012 24 23 in
2226 3012 39 23 the
2286 3011 82 24 House
2379 3010 25 25 of
2419 3009 65 24 Com-

1905 3052 72 21 mons,
1991 3045 87 31 opened
2086 3045 30 31 by
2128 3045 49 24 Mr.
2189 3045 28 24 C.
2230 3045 89 24 Buller.
2356 3045 35 23 Its
2400 3043 86 31 subject

1905 3085 46 16 was
1973 3078 40 23 the
2035 3079 187 23 re-colonization
2246 3078 26 24 of
2295 3078 99 23 Canada.
2431 3076 56 23 This

1905 3112 20 22 is
1937 3120 14 15 a
1961 3111 107 32 startling
2079 3112 142 32 proposition
2232 3117 24 18 to
2272 3111 69 24 make
2352 3111 24 23 in
2393 3109 93 24 relation

1906 3149 22 19 to
1952 3153 12 16 a
1987 3145 80 31 colony
2088 3146 85 30 having
2194 3146 134 27 1,000,000
2348 3144 25 24 of
2398 3143 87 31 people.

1907 3178 50 24 The
1968 3186 98 24 purpose
2073 3186 45 16 was
2130 3183 23 19 to
2165 3178 62 24 show
2239 3177 50 24 how
2301 3177 64 32 large
2376 3186 13 16 a
2401 3177 85 31 portion

1906 3212 24 23 of
1945 3212 39 23 the
1996 3217 60 18 most
2066 3212 130 30 productive
2212 3211 44 23 and
2267 3211 111 24 available
2389 3210 97 24 districts

1906 3245 24 23 of
1945 3244 93 24 Canada
2050 3252 57 16 were
2116 3243 54 25 held
2180 3244 32 32 by
2222 3244 119 25 absentees
2351 3254 7 21 ;
2386 3244 44 24 and
2441 3243 45 24 that

1904 3278 18 23 it
1933 3278 74 23 would
2017 3278 28 23 be
2056 3277 62 25 alike
2128 3278 36 23 for
2173 3277 39 24 the
2224 3278 97 25 interest
2328 3279 25 24 of
2363 3279 37 24 the
2410 3277 75 29 colony

1905 3311 43 23 and
1959 3311 39 23 the
2008 3311 120 24 absentees
2139 3311 19 24 if
2175 3311 38 25 the
2232 3311 159 26 Government
2401 3318 56 18 were
2491 3302 5 33 I

1904 3351 89 16 assume
2003 3344 30 23 all
2046 3344 56 24 such
2109 3344 74 31 lands,
2194 3346 45 23 and
2246 3346 66 24 allow
2325 3346 38 24 the
2372 3345 113 25 absentees

1904 3384 27 16 an
1944 3377 113 32 equitable
2069 3380 89 30 portion
2171 3379 25 24 of
2211 3379 38 24 the
2261 3380 48 24 sale
2319 3381 62 31 price
2395 3386 25 16 as
2432 3375 52 26 such

1903 3410 63 24 lands
1990 3419 58 16 were
2071 3412 107 32 disposed
2200 3413 31 24 of.
2268 3414 49 24 Mr.
2339 3415 29 23 C.
2390 3409 94 27 Buller's

1904 3445 81 30 speech
1997 3453 47 16 was
2054 3447 110 31 masterly
2176 3447 46 24 and
2232 3447 27 24 of
2272 3452 65 28 great
2347 3445 79 32 length
2443 3443 40 25 and

1904 3478 90 25 worked
2013 3483 39 20 out
2064 3478 39 26 the
2115 3480 73 24 whole
2208 3480 62 32 plan,
2288 3481 74 24 which
2379 3475 105 36 appeared

1903 3511 100 26 feasible.
2041 3513 24 24 It
2076 3514 80 23 struck
2169 3522 27 16 us
2214 3515 50 23 that
2276 3515 49 24 that
2337 3515 37 24 the
2389 3511 94 25 re-colo-

1902 3544 100 25 nization
2019 3546 31 31 of
2062 3546 38 24 the
2119 3547 136 32 Company's
2270 3548 138 28 settlements
2426 3547 57 22 must

1902 3586 57 17 soon
1975 3579 95 25 become
2081 3589 14 15 a
2106 3582 88 23 serious
2216 3581 89 33 subject
2317 3582 53 24 with
2389 3579 92 26 settlers,

1904 3613 43 24 and
1962 3614 51 23 that
2024 3614 48 25 Mr.
2091 3615 102 24 Buller's
2205 3616 55 31 plan
2277 3616 74 31 might
2362 3612 69 27 afford
2448 3612 35 23 the

1902 3654 120 24 necessary
2045 3648 73 24 relief.
2161 3648 52 25 The
2235 3649 57 24 evils
2314 3646 121 35 generated
2454 3645 29 29 by

1902 3680 149 25 absenteeism
2069 3681 115 32 produced
2201 3682 32 32 by
2252 3682 38 25 the
2309 3683 61 24 New.
2386 3677 97 27 Zealand

1903 3713 140 33 Company's
2053 3715 87 24 vicious
2150 3720 89 28 system
2251 3716 27 24 of
2291 3717 82 30 selling
2391 3713 52 24 land
2454 3712 28 29 by

1901 3746 90 33 lottery,
2003 3753 62 21 must
2076 3749 29 24 be
2114 3750 70 24 cured
2195 3758 27 16 or
2232 3749 40 25 the
2279 3757 105 25 progress
2394 3747 27 24 of
2428 3744 55 27 their

1900 3781 143 24 settlements
2059 3788 63 19 must
2143 3783 28 24 be
2191 3791 55 24 very
2264 3783 63 26 slow.
2363 3780 50 26 The
2431 3779 52 24 sub-

1898 3814 81 33 joined
2000 3815 69 31 letter
2088 3824 111 25 proposes
2218 3817 67 32 plans
2305 3817 37 25 for
2362 3813 123 28 correcting

1900 3847 50 28 the,
1950 3849 53 29 evil,
2025 3849 49 24 also
2085 3851 89 31 worthy
2185 3851 27 24 of
2225 3849 173 26 consideration.

2088 3895 3 15 :
2187 3894 5 9 '
2238 3889 102 28 January
2348 3887 40 29 '26,
2399 3886 60 24 1844.

1928 3921 77 27 Sir,
2006 3921 12 22 l
2028 3929 37 16 am
2072 3922 105 29 disposed
2182 3925 24 21 to
2212 3923 88 25 believe
2309 3923 56 27 that,
2372 3917 113 32 generally

1900 3948 115 33 speaking,
2027 3949 106 23 absentee
2148 3950 136 28 proprietors
2292 3950 32 22 of
2329 3948 54 24 land
2391 3948 24 21 in
2432 3946 53 22 New

1900 3975 103 22 Zealand
2010 3974 57 23 have
2072 3974 73 24 found
2151 3976 40 22 the
2196 3977 139 28 speculation
2342 3972 144 35 unprofitable

567 34 237 58 fc%sJ*te
833 38 209 41 aseaiaufc
1070 39 195 47 isjettf
1287 40 94 41 attb
1403 39 306 47 awetttttfltott
1732 37 255 50 p*ctatm\

676 118 88 1 New
793 118 205 1 Zealand
1027 117 205 2 Gazette

714 179 67 20 AND
795 179 218 21 WELLINGTON
1031 179 186 21 SPECTATOR.

2032 132 80 25 NEW
2137 133 223 25 EDINBURGH.

1291 132 61 26 port,
1374 128 29 23 he
1420 128 118 24 abstained
1556 129 60 23 from
1632 136 27 16 so
1676 129 76 31 doing,
1769 136 35 17 we
1820 129 58 25 have

1291 168 68 22 every
1370 168 81 16 reason
1470 166 23 19 to
1513 161 95 30 believe,
1626 166 42 20 out
1688 162 25 23 of
1728 170 14 16 a
1760 162 74 25 desire
1854 168 24 19 to

1291 200 65 16 serve
1367 193 38 23 the
1416 194 92 24 settlers
1518 195 45 23 and
1573 195 38 24 the
1625 195 126 32 Company,
1763 195 75 25 which
1848 195 30 25 he

1282 223 2 37 [
1291 226 132 24 considered
1440 227 75 31 might
1532 228 28 23 be
1578 227 61 25 done
1657 228 149 32 consistently
1822 229 56 24 with

1282 261 2 31 I
1291 259 38 24 the
1341 264 60 19 most
1412 261 165 23 conscientious
1586 261 120 32 discharge
1714 261 26 25 of
1748 261 37 24 bis
1792 261 84 25 duties.

1291 292 52 23 The
1361 291 111 25 kindness
1483 293 26 24 of
1528 294 37 23 the
1577 296 96 23 motives
1691 295 30 31 by
1731 294 76 24 which
1826 295 50 24 Mr.

1291 326 73 30 Spain
1382 333 44 16 was
1446 327 105 23 actuated
1567 327 46 23 will
1630 332 41 20 not
1690 328 37 23 fail
1746 332 23 19 to
1786 328 29 24 be
1836 336 42 24 ap-

1290 359 114 30 preciated
1422 359 31 31 by
1470 359 39 24 the
1527 360 90 23 settlers
1652 361 48 24 still
1716 368 70 24 many
1803 366 75 27 regret

1282 392 2 22 I
1291 391 48 24 that
1362 400 14 15 a
1396 397 78 26 report
1493 401 44 15 was
1556 398 40 18 not
1615 394 90 24 handed
1723 395 24 23 in
1764 394 54 24 with
1839 394 39 24 the

1291 425 105 23 evidence
1406 434 6 21 ;
1432 426 44 23 and
1496 426 64 23 there
1575 434 39 15 are
1635 427 65 23 those
1712 427 49 23 who
1778 435 100 23 propose

1291 458 49 23 that
1351 458 39 23 the
1409 458 156 24 Government
1583 460 82 23 should
1677 460 27 24 be
1718 461 125 30 petitioned
1854 465 24 19 to

1291 491 43 23 call
1345 499 61 23 upon
1418 491 38 24 the
1476 492 66 24 Land
1563 493 179 24 Commissioner
1753 498 22 19 to
1787 493 91 24 furnish

1291 524 37 23 the
1340 530 76 25 report
1426 525 24 23 in
1461 526 113 30 question.
1611 526 35 24 Of
1665 534 78 16 course
1755 535 29 15 no
1797 528 81 22 subse-

1290 562 71 26 quent
1372 562 48 20 acts
1430 558 75 24 would
1517 559 66 23 affect
1601 559 38 24 the
1658 565 76 26 report
1768 561 18 22 it
1805 561 73 22 would

1290 591 28 23 be
1336 592 89 30 strictly
1443 592 24 23 in
1486 592 136 24 accordance
1641 593 54 23 with
1713 593 37 23 the
1771 594 107 23 evidence

1290 624 120 25 furnished
1429 629 22 19 to
1472 633 14 15 a
1507 626 84 23 certain
1614 626 60 23 date.
1721 627 89 24 Should
1832 627 46 23 this

1290 662 82 26 report-
1389 658 63 23 show
1474 658 49 24 that
1545 658 38 24 the
1608 659 139 31 Company's
1770 660 62 24 titles
1855 665 23 19 to

1290 690 53 24 land
1356 691 52 23 here
1420 691 43 23 and
1476 696 23 19 at
1510 691 131 32 Wanganui
1652 700 59 16 were
1722 693 93 30 invalid,
1824 693 54 24 then

1290 724 18 23 it
1328 725 21 22 is
1370 724 62 32 plain
1453 724 37 24 the
1509 725 118 32 Company
1639 726 58 24 have
1715 727 50 23 sold
1785 727 46 23 and
1843 731 35 19 at-

1291 757 99 32 tempted
1401 763 23 19 to
1437 758 84 24 deliver
1533 759 48 24 that
1592 764 24 19 to
1634 759 75 24 which
1726 760 54 31 they
1792 761 45 23 had
1848 768 30 16 no

1283 803 4 12 i
1291 791 66 24 claim
1366 801 6 19 ;
1392 791 44 24 and
1448 792 38 24 the
1498 792 89 24 holders
1600 792 24 24 of
1641 793 54 24 land
1713 794 78 24 orders
1804 794 74 24 would

1290 825 28 23 be
1329 825 94 23 entitled
1436 830 22 18 to
1470 827 86 23 receive
1574 826 60 24 back
1653 827 59 23 their
1728 835 84 23 money
1824 827 54 24 with

1290 857 38 24 the
1340 858 59 30 legal
1411 858 95 23 interest
1517 859 35 23 for
1571 860 39 23 the
1626 860 57 23 time
1699 860 38 23 the
1759 860 119 31 Company

1289 889 46 23 had
1354 890 54 24 held
1427 891 27 23 it.
1490 891 76 23 There
1585 893 21 21 is
1625 899 32 16 no
1678 892 69 24 doubt
1765 893 113 23 whatever

1290 922 49 23 that
1358 922 38 24 the
1415 924 203 30 mismanagement
1637 924 27 24 of
1681 924 38 24 the
1738 925 140 32 Company's

1289 956 77 22 affairs
1395 963 29 17 on
1454 956 53 24 both
1537 957 60 23 sides
1624 958 26 23 of
1676 957 37 25 the
1737 959 77 28 world,
1837 959 41 23 but

1290 989 122 31 especially
1423 997 31 16 on
1463 990 54 29 this,
1530 998 95 24 exposes
1636 992 62 23 them
1706 996 22 19 to
1740 1000 14 15 a
1766 992 112 23 thousand

1289 1022 45 24 and
1345 1030 43 16 one
1399 1023 87 23 actions
1498 1029 24 18 at
1532 1023 43 24 law
1588 1024 31 31 by
1631 1025 39 23 the
1684 1025 55 23 Port
1751 1025 127 24 Nicholson

1289 1055 46 24 and
1345 1055 132 31 Wanganui
1488 1057 99 24 settlers.

1321 1096 69 24 None
1408 1104 43 17 can
1467 1097 71 24 doubt
1556 1098 38 23 the
1614 1098 92 24 settlers
1725 1098 53 24 here
1793 1100 44 23 and
1856 1105 23 18 at

1289 1129 131 32 Wanganui
1431 1130 57 24 have
1507 1131 57 24 been
1575 1131 41 24 sad
1634 1132 98 29 victims,
1745 1133 41 23 but
1797 1133 49 23 that
1858 1134 21 23 is

1289 1171 29 16 no
1340 1171 81 16 reason
1439 1164 35 23 for
1486 1164 141 32 desponding
1637 1174 7 20 ;
1665 1173 28 16 on
1706 1166 38 23 the
1764 1171 114 26 contrary,

1288 1197 19 23 it
1317 1197 21 23 is
1358 1205 15 15 a
1387 1205 83 16 reason
1482 1198 35 24 for
1536 1198 152 31 determining
1708 1204 21 19 to
1749 1199 75 24 detect
1841 1201 38 23 the

1288 1237 81 17 causes
1382 1231 26 23 of
1416 1231 59 24 their
1490 1232 130 31 sufferings,
1634 1232 44 23 and
1691 1237 21 19 to
1724 1241 80 16 secure
1816 1241 63 16 com-

1288 1265 120 30 pensation
1427 1264 35 24 for
1483 1265 37 23 the
1538 1271 58 26 past,
1610 1266 45 23 and
1674 1274 14 15 a
1705 1272 124 25 guarantee
1843 1267 36 24 for

1289 1297 37 23 the
1344 1298 83 23 future.
1464 1298 24 24 It
1505 1299 21 22 is
1545 1299 52 23 with
1618 1299 46 24 this
1683 1300 73 31 object
1776 1300 49 23 that
1840 1300 38 24 the

1288 1330 122 32 foregoing
1421 1331 124 32 important
1556 1332 102 32 subjects
1676 1332 55 24 have
1752 1333 58 25 been
1822 1335 56 23 sub-

1289 1364 79 23 mitted
1381 1369 21 19 to
1416 1365 59 24 their
1486 1366 88 23 serious
1586 1366 175 24 consideration.

1524 1429 107 24 NEWS.

110 2242 174 25 SHIPPING
301 2243 278 29 INTELLIGENCE.

1939 186 52 25 One
2008 187 102 25 hundred
2129 189 44 24 and
2192 194 85 26 twenty
2295 190 111 24 thousand
2425 199 61 16 acres

1905 220 20 23 is
1937 220 37 23 the
1985 221 104 31 quantity
2097 222 24 23 of
2130 222 54 24 land
2195 223 85 23 offered
2291 223 35 23 for
2343 224 48 23 sale
2401 223 25 23 in
2438 224 48 24 En-

1905 252 69 32 gland
1987 253 31 31 by
2030 253 38 24 the
2088 255 58 24 New
2156 256 102 23 Zealand
2278 256 118 32 Company
2419 258 69 23 under

1907 286 44 23 this
1973 286 58 24 title.
2067 287 58 23 This
2148 290 104 29 quantity
2276 289 25 24 of
2324 289 53 24 land
2396 297 42 16 can
2461 291 26 23 be

1906 319 118 24 embraced
2034 319 30 31 by
2076 328 14 15 a
2107 328 83 24 square
2212 322 39 23 the
2269 322 49 24 side
2338 323 25 23 of
2378 322 72 25 which
2470 324 18 23 is

1907 360 12 16 a
1930 352 94 24 fraction
2033 352 48 24 less
2093 354 56 23 than
2159 354 103 24 fourteen
2279 356 75 23 miles.

1939 386 23 23 A
1973 385 82 24 sketch
2067 387 24 22 of
2107 387 38 23 the
2156 392 96 26 country
2272 389 25 23 in
2305 389 46 23 and
2362 390 68 23 about
2450 391 36 22 the

1907 418 87 24 district
2013 420 25 22 of
2053 419 57 24 Port
2128 419 77 32 Otago
2215 421 42 23 has
2278 422 57 23 been
2345 423 102 23 received
2466 428 22 19 at

1907 452 37 23 the
1966 453 91 30 Survey
2076 453 75 24 Office
2174 454 61 23 here.
2272 455 52 23 The
2346 455 65 24 lands
2434 464 52 16 con-

1907 486 87 23 sidered
2022 486 97 23 suitable
2142 486 35 23 for
2207 486 57 24 Mew
2293 488 136 31 Edinburgh
2452 497 35 16 are

1907 518 104 24 coloured
2029 521 22 21 in
2072 519 57 31 pink
2147 526 62 24 upon
2227 521 27 22 it.
2290 521 24 24 A
2332 521 45 24 belt
2396 522 24 22 of
2436 522 50 24 land

1907 552 103 31 abutting
2021 560 60 23 upon
2094 553 38 23 the
2145 550 79 26 sliores
2236 554 25 23 of
2279 554 37 24 the
2328 555 105 28 harbour,
2445 556 41 24 and

1907 585 68 23 about
1994 585 61 31 forty
2067 586 79 23 chains
2165 586 63 31 deep,
2246 587 19 22 is
2285 587 103 25 coloured
2399 589 25 22 in
2444 589 43 24 this

1907 626 92 16 manner
2010 629 5 19 ;
2048 619 43 23 and
2109 627 26 15 as
2153 618 39 24 the
2203 620 79 23 shores
2295 622 24 22 of
2335 622 37 23 the
2391 621 96 25 harbour

1907 659 103 17 measure
2030 652 68 24 about
2120 653 142 30 thirty-four'
2277 655 63 22 miles
2359 654 28 24 all
2408 656 77 28 round,

1908 685 60 24 there
1980 693 38 16 are
2031 686 162 31 consequently
2205 686 69 24 about
2288 689 88 28 10,000
2388 695 63 17 acres
2467 689 22 23 of

1908 719 107 24 available
2035 719 53 24 land
2108 720 25 22 in
2148 719 57 24 Port
2224 720 84 32 Otago,
2328 721 120 31 according
2465 726 21 21 to

1908 752 44 24 this
1974 753 90 24 sketch.
2106 753 45 23 We
2173 757 58 19 state
2255 756 121 30 according
2398 759 22 19 to
2444 756 42 23 this

1907 785 79 24 sketch
2008 787 96 23 because
2127 786 59 23 from
2205 787 146 24 information
2375 796 34 17 we
2432 789 54 24 have

1906 820 109 29 received,
2027 827 32 16 we
2079 820 70 23 much
2159 820 72 23 doubt
2252 821 104 24 whether
2367 822 46 23 this
2434 823 52 23 esti-

1907 857 57 19 mate
1974 853 29 23 be
2013 858 40 18 not
2064 853 35 23 far
2111 857 38 19 too
2162 857 72 26 great.

1939 885 51 24 The
2000 886 116 30 following
2126 886 101 30 portions
2238 886 26 23 of
2271 887 55 23 laud
2337 895 37 15 are
2384 887 102 27 coloured

1907 918 22 22 in
1941 926 15 15 a
1966 919 87 23 similar
2065 926 104 16 manner.
2204 919 23 23 A
2239 921 58 29 strip
2304 920 66 29 Jrom
2382 921 37 23 the
2431 922 55 25 head

1908 951 24 23 of
1947 950 37 24 the
1994 951 99 26 harbour,
2111 951 68 31 along
2190 951 37 24 the
2241 957 62 19 coast
2321 958 23 19 to
2356 954 36 24 the
2409 957 76 23 mouth

1908 983 24 24 of
1947 984 37 24 the
1996 984 64 24 Tairi
2077 985 68 28 river,
2163 992 14 16 a
2198 985 101 25 distance
2321 987 24 23 of
2366 987 69 24 about
2454 992 31 22 20

1907 1018 72 23 miles.
2028 1017 113 29 Another,
2164 1018 60 24 from
2246 1019 39 24 the
2311 1028 62 16 same
2392 1024 94 31 starting

1907 1052 70 30 point,
1989 1052 94 31 passing
2093 1051 80 24 inland
2185 1057 22 18 to
2219 1052 38 24 the
2269 1061 63 16 same
2343 1055 65 28 river,
2426 1063 59 17 some

1908 1084 63 24 miles
1987 1085 61 23 from
2067 1086 30 22 its
2117 1085 88 24 mouth.
2241 1086 52 24 The
2312 1087 73 32 valley
2403 1088 26 23 of
2450 1091 36 22 the

1908 1117 62 24 Tairi
1990 1119 157 30 commencing
2170 1119 73 24 where
2263 1119 46 25 this
2330 1121 79 24 second
2432 1124 54 30 strip

1904 1152 60 32 joins
1984 1152 38 23 the
2042 1152 59 23 river
2121 1152 65 23 down
2205 1157 22 18 to
2245 1153 38 23 the
2303 1155 85 29 mouth,
2401 1155 20 23 is
2441 1157 45 23 also

1908 1185 91 24 deemed
2020 1185 98 31 eligible.
2166 1185 71 24 From
2257 1187 39 23 the
2313 1189 79 22 mouth
2410 1189 26 23 of
2450 1191 36 22 the

1908 1218 63 25 Tairi
1989 1218 38 25 the
2039 1220 56 30 strip
2116 1219 69 31 along
2196 1219 38 24 the
2253 1225 63 19 coast
2328 1222 116 24 continues
2462 1227 21 19 to

1908 1253 37 23 the
1953 1253 127 31 Molyneux
2090 1253 68 23 river.
2178 1253 108 23 Between
2295 1253 63 24 these
2366 1259 42 18 two
2417 1257 68 23 rivers

1907 1286 85 23 further
2004 1286 85 29 inland,
2103 1286 63 24 there
2178 1287 20 22 is
2210 1287 95 23 another
2316 1288 56 30 strip
2384 1288 24 23 of
2417 1289 69 24 avail-

1907 1320 49 23 able
1976 1319 62 24 land.
2074 1320 51 24 The
2145 1320 54 23 bulk
2213 1319 25 24 of
2253 1319 39 25 the
2310 1321 107 24 available
2435 1323 50 23 land

1907 1354 19 22 is
1947 1353 117 24 described
2075 1361 25 16 as
2121 1361 30 16 on
2162 1354 39 23 the
2220 1353 79 24 shores
2311 1354 25 23 of
2351 1354 37 24 the
2409 1356 75 31 Moly-

1907 1394 59 16 neux
1984 1387 60 23 river
2063 1387 74 23 which
2145 1387 21 22 is
2187 1386 85 24 distant
2290 1388 68 23 about
2378 1389 32 23 60
2422 1390 62 23 miles

1907 1420 56 23 from
1975 1420 85 31 Otago,
2072 1420 46 23 and
2135 1427 29 16 on
2175 1420 116 24 reference
2302 1426 23 18 to
2343 1422 38 23 the
2399 1430 59 24 map,
2468 1424 17 22 it

1907 1453 44 24 will
1961 1454 29 24 be
2002 1462 53 16 seen
2068 1453 50 24 that
2129 1453 30 23 all
2172 1453 64 24 these
2248 1454 100 24 districts
2366 1462 37 17 are
2415 1461 22 18 to
2450 1458 35 22 the

1907 1487 126 24 southward
2057 1488 26 23 of
2165 1491 58 27 port.
2267 1488 25 23 It
2307 1496 47 16 was
2373 1490 112 31 generally

1907 1521 95 30 thought
2022 1521 50 23 that
2090 1521 40 23 the
2150 1528 47 16 new
2219 1521 129 24 settlement
2368 1523 73 23 would
2459 1525 26 22 be

1907 1562 52 23 very
1970 1559 111 26 compact,
2098 1554 44 23 but
2151 1561 41 16 our
2210 1554 144 32 description,
2366 1556 73 24 which
2453 1564 32 16 we

1907 1587 83 25 believe
2012 1589 20 22 is
2055 1588 111 30 tolerably
2187 1593 93 24 correct,
2303 1589 74 24 shows
2400 1589 48 25 that
2468 1591 18 22 it

1905 1621 90 24 labours
2007 1621 73 24 under
2091 1621 39 24 the
2148 1621 160 31 disadvantage
2321 1623 24 23 of
2355 1623 68 30 being
2439 1624 46 23 dis-

1905 1655 120 23 tributable
2037 1662 53 17 over
2102 1663 14 15 a
2126 1655 63 31 large
2201 1660 78 19 extent
2292 1656 24 23 of
2332 1660 103 26 country.

1939 1688 41 24 We
1992 1688 86 24 believe
2099 1688 50 24 that
2169 1688 56 24 New
2245 1688 137 33 Edinburgh
2399 1690 44 24 will
2460 1691 25 23 be

1905 1723 95 22 situated
2013 1722 68 23 about
2093 1729 67 16 seven
2173 1722 65 23 miles
2248 1723 78 23 within
2337 1724 38 23 the
2382 1728 103 19 entrance

1905 1756 24 23 of
1945 1756 75 31 Otago
2040 1756 116 28 Harbour,
2179 1756 44 23 and
2243 1764 29 15 on
2292 1756 38 24 the
2349 1756 61 33 right
2427 1758 58 23 hand

1905 1789 51 27 side,
1962 1797 26 16 as
2000 1791 18 21 it
2027 1790 20 22 is
2060 1789 99 24 entered.

97 122 36 14 "-'
173 145 13 6 .
193 124 105 22 -Notice
308 125 32 21 -to
350 122 164 28 Surveyors.

65 153 172 26 ri^ENDERS
250 162 37 16 are
302 155 107 28 Teqnired
424 155 36 21 for
475 154 38 22 the
527 161 83 20 survey
624 154 24 22 of

71 178 31 28 X
138 182 72 22 above
218 181 91 28 100,000
317 188 63 16 acres
390 182 27 21 of
429 181 54 23 land
500 181 49 27 (the
559 185 86 23 greater

61 215 89 22 partun
152 208 102 27 wooded)
264 213 24 18 at
297 208 56 22 New
362 207 139 28 Edinburgh,
512 208 103 29 (Qjago,)
625 211 20 19 at

61 235 72 28 prices
141 235 148 28 respectively
295 242 39 21 per
342 242 52 16 acre
400 242 7 20 ;
418 241 60 22 upon
482 235 56 22 such
543 235 101 26 quantity

61 269 26 15 as
96 262 56 22 shall
160 262 29 22 be
197 259 49 25 laid
260 266 40 18 out
313 262 24 22 in
354 263 27 21 10
394 268 69 20 acres,
479 268 24 15 or
516 261 25 23 in
557 262 29 20 50
595 268 49 15 acre

59 288 103 23 sections.
190 288 50 22 The
256 288 131 24 Contractor
401 288 46 22 will
463 288 29 22 be
505 287 105 28 required
623 291 21 18 to

59 319 94 19 exeoute
168 314 39 23 the
222 322 81 21 survey
317 315 140 26 themselves,
468 314 46 22 and
528 317 24 19 to
562 314 82 32 specify

60 340 39 24 the
114 348 67 16 name
198 342 25 21 of
237 348 44 26 any
291 342 113 27 Surveyor
420 342 53 27 they
488 348 53 20 may
554 341 54 21 wish
625 345 19 17 to

59 368 91 27 mploy
159 375 24 15 as
192 375 29 15 an
232 371 106 24 assistant,
350 371 45 19 alss
403 372 24 18 to
444 369 54 26 give,
504 368 98 27 security
611 368 39 23 for.

58 394 135 23 themselves
213 395 45 22 and
274 395 114 22 assistants
407 394 49 23 that
474 395 52 30 they
545 394 45 22 will

59 425 61 18 erect
130 429 25 14 or
164 428 87 22 occupy
260 428 45 21 any
314 421 71 23 house
398 428 60 21 upon
467 419 38 24 the
521 421 66 22 lands
595 428 50 25 pur-

59 448 84 23 chased
152 448 34 22 for
194 448 39 22 the
242 449 129 21 settlement
374 448 104 28 previous
485 451 23 19 to
518 447 39 22 the
566 448 78 21 arrival

60 474 28 22 of
94 474 37 23 the
141 475 122 27 emigrants
272 475 45 22 and
331 475 38 22 the
385 475 141 22 distribution
540 475 27 21 of
573 474 38 22 the
623 476 23 20 10

59 508 52 15 acre
121 502 102 22 sections.

87 532 48 23 The
148 533 91 28 locality
249 534 26 21 of
282 533 37 23 the
329 533 66 23 lands
404 538 23 17 to
435 533 30 22 be
477 533 117 28 surveyed,
609 533 36 22 the

59 559 126 23 conditions
199 561 27 21 of
242 559 38 24 the
297 564 107 23 contract,
420 560 46 23 and
480 560 87 23 further
580 561 66 26 parti-

61 585 80 28 culars,
152 594 54 21 may
214 587 29 22 be
253 587 139 22 ascertained
402 587 25 22 of
433 587 39 22 the
481 587 57 22 New
548 587 98 22 Zealand

63 613 132 28 Company's
214 614 108 22 Resident
339 615 78 26 Agent
435 614 45 22 and
498 615 113 26 Surveyor
626 617 20 19 at

62 639 79 28 Otago,
155 643 24 19 to
187 640 74 23 whom
270 641 37 21 the
318 641 90 22 tenders
418 648 36 14 are
465 644 22 18 to
496 641 28 22 be
535 640 111 23 delivered

60 670 34 18 on'
100 674 26 14 or
134 667 77 22 before
220 667 39 22 the
268 667 52 23 25th
330 667 26 22 of
362 667 54 28 July
427 671 60 18 next.

86 698 47 23 The
151 700 77 22 lowest
247 700 88 23 Tender
352 700 45 22 will
418 704 38 19 not
471 701 135 27 necessarily
620 701 26 22 be

61 726 113 28 accepted.

279 754 36 22 W
332 754 152 28 Wakefield,

58 778 113 30 Principal
179 780 77 28 Agent
265 781 26 22 of
298 780 36 23 the
345 780 58 23 New
412 781 100 23 Zealand
519 782 123 27 Company.

87 812 146 30 Wellington,
245 815 60 22 June
313 816 35 27 25,
360 816 61 21 1844.

197 860 100 23 Notice
311 862 29 21 to
355 862 161 21 Labourers.

59 892 218 49 LABOURERS
291 895 23 21 in
332 893 39 24 the
390 895 137 22 settlements
546 895 26 22 of
587 894 58 23 Wel-

136 919 85 28 lington
233 921 45 22 and
293 921 86 22 Nelson
389 928 38 15 ate
437 921 119 22 cautioned
571 924 40 19 not
625 926 19 17 to

56 947 95 30 proceed
162 950 22 18 to
195 947 73 27 Otago
283 947 24 22 in
317 947 38 23 the
367 949 140 25 expectation
517 948 26 22 of
555 955 89 25 procur-

57 978 40 21 ing
105 973 151 31 employment
265 974 57 22 from
337 974 39 22 the
392 973 57 23 New
465 974 100 23 Zealand
580 975 64 22 Com-

56 1006 62 21 pany
126 999 94 23 without
234 1000 47 22 first
291 1001 115 27 obtaining
421 1008 14 15 a
442 1001 98 28 positive
550 1009 94 20 engage-

58 1029 69 19 ment.
156 1026 36 22 No
207 1034 42 14 one
265 1027 43 22 will
324 1028 89 22 receive
429 1028 151 28 employment
588 1029 55 21 from

57 1052 40 22 the
113 1053 135 28 Company's
258 1055 76 26 Agent
342 1055 64 22 there
416 1054 50 22 who
478 1055 59 22 snail
547 1059 61 18 erect
622 1062 22 15 or

59 1086 85 21 occupy
153 1087 14 15 a
177 1080 70 22 house
261 1088 29 15 on
307 1081 36 22 the
355 1081 56 23 land
425 1081 125 27 purchased
562 1083 32 23 by
608 1082 35 22 the

57 1105 116 30 Company
181 1107 36 22 for
235 1107 38 23 the
292 1108 56 22 New
367 1108 133 28 Edinburgh
515 1109 129 22 settlement

56 1133 103 28 previous
169 1137 23 19 to
202 1133 39 23 the
251 1135 141 22 distribution
402 1135 26 22 of
434 1135 38 22 the
481 1136 102 22 sections.

276 1161 33 23 W.
331 1161 150 28 Wakefield,

57 1185 112 33 Principal
180 1187 76 28 Agent
265 1189 28 21 of
298 1189 38 21 the
346 1187 57 24 New
413 1189 99 23 Zealand
521 1189 120 29 Company.

84 1210 144 32 Wellington,
240 1215 60 22 June
308 1217 35 25 25,
355 1217 61 21 1844.

227 1260 98 22 Public
338 1261 132 22 Auction.

58 1293 90 34 A/TR.
160 1293 222 24 FITZHERBERT
396 1295 44 22 will
450 1295 41 23 sell
499 1295 30 28 by
536 1297 105 27 Auction,

56 1318 61 24 JLtJL
147 1327 29 15 on
187 1319 83 30 Friday
279 1326 61 23 next,
350 1322 53 22 28th
413 1323 59 27 inst.,
483 1326 24 19 at
515 1323 37 22 his
564 1327 66 24 mart,

117 1347 49 22 The
176 1347 72 23 entire
257 1355 66 20 cargo
332 1350 27 21 of
364 1349 38 22 the
412 1351 54 20 Star
475 1351 26 26 of
508 1351 73 21 China.

84 1373 43 23 For
136 1374 137 28 particulars,
284 1382 38 16 see
331 1376 67 22 hand-
404 1377 57 22 bills.

84 1400 47 22 The
141 1401 46 22 sale
195 1402 45 22 will
251 1409 129 16 commence
390 1407 23 18 at
427 1411 43 15 one
481 1404 93 23 o'clock.

82 1432 60 23 June
154 1434 34 26 25,
200 1435 63 21 1844.

56 1479 93 48 THE
167 1479 151 28 undersigned
333 1481 45 22 will
397 1481 66 23 make
482 1482 112 23 advances
614 1490 27 15 on

131 1505 29 23 oil
172 1507 121 28 consigned
303 1511 22 18 to
334 1507 35 23 his
379 1508 85 22 friends
474 1509 22 22 in
508 1510 98 27 Sydney.

402 1544 108 22 Charles
526 1544 88 22 Perry.

176 1587 42 21 On
233 1587 70 26 Sale,
319 1593 35 17 ex
370 1590 16 11 '

57 1624 60 28 Qi
139 1620 91 23 WELL
242 1621 83 24 BRED
339 1622 138 24 HEIFERS
492 1631 47 15 and
558 1625 82 22 COWS

53 1639 71 33 &<&
153 1655 26 16 in
193 1648 89 28 CALF,

343 1684 63 21 ALSO,

80 1703 15 21 4
109 1704 76 26 strong
193 1702 77 23 horses
279 1703 26 23 fit
314 1702 35 24 for
358 1704 78 22 saddle
447 1705 47 22 and
502 1705 99 28 harness,

81 1730 15 21 2
108 1728 77 23 saddle
195 1728 84 24 horses.

354 1758 29 22 R.
399 1758 124 29 Wallace,

447 1786 74 23 Willis
536 1788 78 22 Street.

80 1810 60 22 June
153 1811 33 27 25,
197 1812 63 21 1844.

202 1857 167 23 Commissariat
380 1859 78 27 Office,
470 1860 144 27 Wellington,

305 1885 59 23 June
374 1887 35 26 24,
418 1888 61 21 1844.

54 1917 174 23 riIENDERS
243 1918 44 22 will
297 1918 28 23 be
334 1920 103 22 received
446 1921 56 23 until
512 1921 126 30 Thursday,

60 1942 31 24 -L
127 1944 53 22 27th
190 1945 93 28 instant,
294 1949 24 19 at
331 1954 68 20 noon,
411 1947 36 23 for
455 1948 38 22 the
502 1949 109 24 purchase
622 1951 23 21 of

53 1977 15 14 a
92 1970 168 24 Commissariat
281 1972 45 23 Bill
345 1973 37 23 for
405 1974 50 22 One
474 1975 104 23 hundred
600 1977 41 22 and

54 1999 84 26 twenty
147 1999 90 26 pounds
251 1998 76 24 drawn
338 2007 30 15 on
378 2001 38 22 the
427 2001 69 28 Right
512 2002 128 24 Honorable

51 2023 40 22 the
111 2024 72 22 Lords
208 2026 185 24 Commissioners
416 2028 27 22 of
464 2029 40 21 her
524 2030 117 27 Majesty's

54 2050 118 28 Treasury.

80 2077 129 29 Payments,
211 2078 46 23 will
272 2079 28 23 be
308 2080 105 27 required
423 2081 23 22 in
462 2081 84 23 British
555 2083 54 27 gold
618 2091 23 15 or

53 2104 67 22 silver
138 2105 57 27 coin,
207 2106 46 22 and
269 2107 55 21 each
342 2107 90 23 Tender
451 2112 59 19 must
528 2109 113 29 distinctly

52 2138 88 20 express
150 2132 37 22 the
197 2136 49 19 rate
256 2133 25 22 of
293 2133 116 30 exchange
424 2139 24 19 at
461 2135 73 23 which
544 2137 38 23 the
599 2138 40 23 Bill

53 2156 45 24 will
106 2158 29 22 be
143 2160 111 22 received.

54 2215 36 4 _____
270 2187 30 22 G.
314 2187 31 23 D.
362 2187 122 30 Lardwer,
500 2190 122 24 D.A.C.G.
