2550 4039
659 2863 2 6 '
703 2864 50 23 The
765 2864 115 31 following
900 2872 39 15 are
952 2864 37 24 the
1008 2872 92 16 sources
1110 2866 60 23 from
1182 2865 72 24 which

670 2897 37 23 the
718 2896 113 24 Southern
844 2897 77 30 Cross,
931 2897 78 24 thinks
1019 2898 39 24 the
1066 2906 99 17 revenue
1174 2899 80 24 should

669 2931 28 23 be
709 2931 74 23 raised
794 2931 44 23 and
847 2939 30 15 an
885 2932 105 23 estimate
997 2932 26 23 of
1031 2932 40 24 the
1079 2937 94 19 amount
1181 2932 73 24 which

670 2963 73 31 might
753 2972 26 15 so
790 2964 29 23 be
831 2964 91 23 derived
932 2973 7 14 :—:
941 2977 33 5 —

703 2997 49 23 The
764 2996 77 24 Taxes
851 3005 32 16 we
894 2997 81 24 should
984 3005 104 24 propose,
1097 3007 37 16 are
1143 2999 63 24 three
1214 3008 6 15 :
1222 3012 32 4 —

670 3030 22 24 A
706 3030 112 30 Poll-tax,
830 3039 14 16 a
856 3031 120 31 Property,
989 3032 43 23 and
1045 3040 29 15 an
1087 3032 94 24 Income
1193 3033 60 24 Tax.

670 3064 69 24 From
751 3064 38 24 the
800 3064 52 24 first
863 3073 33 15 we
904 3065 74 23 would
989 3069 81 28 expect
1082 3070 22 20 to
1115 3066 60 24 raise
1186 3066 68 24 about

669 3098 95 29 £3,750
776 3106 40 23 per
828 3106 93 15 annum.
957 3098 52 24 The
1022 3099 125 32 European
1158 3100 95 31 popula-

671 3131 45 23 tion
728 3132 19 22 is
759 3132 69 22 about
841 3134 99 27 15,000,
950 3132 42 23 and
1000 3132 21 23 if
1029 3132 50 24 half
1089 3133 25 23 of
1124 3134 61 23 them
1197 3141 57 16 were

668 3165 64 22 made
744 3169 23 19 to
783 3173 46 23 pay
840 3166 56 23 each
908 3170 23 18 at
950 3165 38 24 the
999 3170 48 19 rate
1059 3166 26 23 of
1098 3171 40 19 ten
1149 3167 104 31 shillings

666 3204 42 25 per
719 3198 66 29 head,
797 3199 17 22 it
826 3198 75 24 would
912 3199 51 31 give
980 3200 112 30 precisely
1105 3200 38 23 the
1159 3205 95 19 amount

668 3238 33 16 we
712 3230 57 24 have
781 3232 80 23 stated.
898 3233 52 23 The
960 3232 66 23 lands
1037 3233 33 28 in.
1074 3233 38 24 the
1123 3234 130 31 possession

669 3264 25 23 of
701 3264 135 32 Europeans
847 3271 95 18 amount
953 3271 23 17 to
988 3266 69 23 about
1066 3271 43 19 two
1122 3267 99 23 millions
1231 3267 22 24 o!

668 3305 70 16 acres.
774 3299 24 22 A
814 3298 87 24 million
920 3299 44 23 and
976 3307 14 14 a
1012 3299 51 24 half
1080 3301 26 22 of
1122 3300 73 24 which
1216 3308 37 17 are

669 3330 76 25 owned
765 3331 32 31 by
809 3331 37 24 the
865 3332 58 23 Port
941 3332 126 24 Nicholson
1080 3333 119 32 Company
1210 3334 44 24 and

668 3364 58 24 their
734 3364 99 29 settlers,
853 3365 45 23 and
918 3365 38 24 the
969 3365 63 24 other
1052 3366 51 24 half
1117 3367 95 24 million*
1223 3368 31 31 by

668 3396 65 25 Land
746 3397 127 25 Claimants
884 3398 45 24 and
946 3400 86 30 private
1047 3400 136 31 purchasers
1194 3401 60 24 from

668 3431 38 23 the
718 3431 162 24 Government.
918 3431 51 24 The
978 3432 53 24 land
1039 3433 81 24 valued
1129 3438 24 20 at
1162 3436 37 22 2s.
1212 3435 40 24 6d.

660 3484 1 4 .
668 3472 40 23 per
720 3472 58 22 acre,
791 3464 75 24 would
882 3471 94 18 amount
993 3470 24 19 to
1028 3467 141 29 £200,000,
1178 3468 76 24 which

668 3502 23 19 at
703 3497 36 24 the
751 3502 48 20 rate
811 3498 26 23 of
846 3503 44 19 two
901 3506 42 23 per
950 3504 59 24 cent,
1021 3499 75 24 would
1106 3501 62 31 yield
1175 3509 29 16 an
1211 3509 42 16 an-

669 3531 53 23 nual
738 3539 99 16 revenue
855 3531 25 24 of
896 3532 107 28 £4,000.
1046 3533 73 25 Town
1137 3540 115 26 property,

667 3563 88 30 bouses,
775 3564 76 30 cattle,
870 3565 45 23 and
932 3565 30 24 all
981 3565 64 24 other
1056 3567 61 24 fixed
1138 3572 113 28 property,

668 3597 71 24 would
751 3602 93 20 amount
856 3603 23 18 to
892 3598 68 24 about
971 3599 167 31 £1,000,000,
1148 3601 75 24 which
1230 3606 23 20 at

668 3630 38 24 the
710 3636 69 19 'same
797 3636 48 19 rate
858 3632 24 23 of
901 3636 44 19 two
957 3640 40 23 per
1015 3637 60 25 cent,
1088 3634 46 24 will
1152 3635 60 31 yield
1224 3643 29 16 an

661 3671 2 14 :
668 3664 120 25 additional
800 3673 52 16 sum
863 3665 26 24 of
903 3666 123 29 £20,000.
1063 3666 51 25 The
1126 3673 93 19 amount
1230 3668 24 24 of

667 3697 99 24 incomes
783 3698 24 23 in
831 3697 38 25 the
892 3699 81 31 colony
995 3699 21 24 is
1038 3701 124 24 somewhat
1183 3702 70 24 about

661 3730 143 30 .££oo/000,
817 3731 74 24 which
901 3736 24 19 at
937 3739 42 17 one
996 3739 102 25 percent,
1106 3735 81 24 would!
1201 3736 52 31 give

667 3772 13 15 a
692 3772 63 16 sume
772 3765 137 31 amounting
929 3770 23 19 to
970 3767 97 29 £2,000
1086 3776 71 17 more.
1202 3769 50 24 The

670 3797 60 24 Tax
741 3805 61 24 upon
814 3798 94 24 Income
926 3799 83 24 should
1029 3800 29 24 be
1070 3809 26 15 as
1105 3810 14 15 a
1134 3806 84 23 matter
1230 3802 24 24 of

667 3838 86 22 course,
766 3832 27 22 be
811 3831 92 25 smaller
917 3832 54 24 than
991 3842 63 24 upon
1064 3835 62 24 fixed
1136 3840 115 27 property,

661 3861 101 27 'because
780 3865 18 23 it
809 3865 21 24 is
848 3866 24 23 in
883 3866 32 23 its
932 3871 82 19 nature
1030 3875 64 17 more
1113 3869 138 31 precarious,

666 3898 44 24 and
725 3906 63 16 more
807 3899 68 23 liable
894 3904 23 19 to
936 3899 94 33 change.
1068 3901 51 25 The
1138 3909 80 20 source
1230 3903 24 23 of

666 3939 42 16 our
727 3939 97 17 revenue
842 3932 75 24 would
936 3933 53 24 then
1002 3934 26 24 be
1046 3935 24 23 in
1087 3935 38 23 the
1137 3936 116 30 following

666 3964 86 24 tabular
763 3965 66 30 form,
841 3966 44 24 viz.
899 3974 5 16 :—:
906 3978 33 5 —
1146 3971 3 4 '
1181 3957 9 33 I

574 46 101 44 C&e
693 46 124 41 Kfeto
843 44 208 41 iSeaiant)
1077 43 188 46 <Sr*?ette
1289 43 91 39 ati&
1407 41 297 45 W^tttmqton
1731 39 255 47 *jwtatai,

673 131 116 29 published
807 132 34 21 for
859 131 39 22 the
907 130 85 22 benefit
1012 131 25 21 of
1058 130 38 22 the
1116 129 139 23 commercial

665 159 2 20 i
674 159 75 22 clases.

699 184 48 23 The
767 185 117 21 Governor
898 183 112 27 approved
1025 183 27 22 of
1066 182 38 23 the
1120 183 133 26 suggestion,

674 211 43 23 and
725 211 73 22 would
807 210 66 22 make
889 213 167 24 arrangements
1066 212 27 19 .to
1109 216 64 20 carry
1177 209 24 22 it
1207 209 47 23 into

675 237 68 24 elect.

755 272 40 67 §
807 270 73 16 COURT
891 270 27 15 OF
933 269 113 17 REQUESTS
1061 269 60 17 BILL,

795 297 80 15 vernor
890 289 81 23 moved
985 289 37 23 the
1035 289 87 22 further
1131 288 123 23 considera-

795 324 9 14 s
814 316 52 22 Bill.

701 344 77 22 Clause
786 344 14 20 5
810 343 117 26 amended,
939 342 136 27 authorising
1089 341 37 22 the
1137 341 117 23 Governor

673 373 23 19 to
704 370 89 27 appoint
805 370 135 27 Temporary
944 369 178 22 .Commissioner
1136 367 24 23 in
1171 375 60 15 case,
1232 369 26 21 of

673 397 104 22 sickness.

699 423 78 22 Clause
795 425 14 20 9
826 421 120 26 amended,
965 421 105 27 allowing
1087 420 83 28 parties
1190 421 63 23 when

673 449 79 27 agreed
760 449 86 22 thereto
861 452 23 18 to
899 449 66 26 bring
978 447 57 23 their
1051 454 60 15 cases
1126 447 76 22 before
1213 447 40 23 the

673 476 176 26 Commissioner,
859 474 108 27 although
981 474 38 22 the
1035 482 49 14 sum
1098 474 81 26 sought
1195 477 21 19 to
1226 475 27 21 be

672 502 117 22 recovered
804 501 78 23 should
899 501 85 22 exceed
997 501 56 23 £20.
1083 500 55 23 Also
1154 503 23 19 to
1186 501 68 22 Allow

673 529 59 22 Rent
741 532 23 18 to
773 529 28 21 be
810 527 128 23 recovered.

699 555 46 23 Tbe
755 556 109 25 Attorney
872 554 98 22 General
978 554 101 27 objected
1088 556 21 18 to
1113 553 50 22 .this
1170 557 49 24 part
1230 554 26 22 of

673 582 38 25 the,
718 581 149 23 amendment.

699 607 44 24 Mr.
753 609 81 21 Brown
843 607 91 23 showed
942 608 18 22 it
969 614 43 16 was
1023 607 36 22 the
1065 607 95 27 practice
1171 606 22 23 in
1201 607 51 23 Van

673 635 115 23 Dieman's
797 634 72 23 Land.

699 661 65 22 After
772 669 61 14 some
843 661 122 22 discussion
975 660 20 22 it
1000 667 45 15 was
1055 659 98 27 allowed,
1164 659 37 23 the
1211 661 42 23 At-

673 692 75 23 torney
758 687 97 23 General
865 688 66 27 being
940 687 38 22 the
988 687 52 27 only
1051 686 139 22 dissentient.

700 715 88 21 Clauses
799 716 32 25 10,
843 716 34 24 11,
884 715 31 22 12
924 714 100 22 allowed.

700 741 78 22 Clause
788 743 26 19 13
823 748 57 20 gave
889 741 44 21 rise
944 744 21 18 to
976 747 13 15 a
1002 740 54 27 long
1065 740 121 22 discussion
1197 747 23 14 as
1230 743 22 19 to

672 768 36 22 the
718 768 85 26 sittings
812 768 26 20 of
844 767 37 22 the
892 768 73 21 Court.
995 767 35 21 On
1040 767 39 21 the
1089 766 83 22 motion
1183 767 25 21 of
1215 767 37 22 the

673 795 114 21 Governor
805 794 38 22 the
859 794 76 21 clause
950 801 45 14 was
1009 792 110 23 amended
1126 792 76 28 'fixing
1216 794 36 22 the

671 821 86 27 sittings
767 828 30 14 on
812 820 37 22 the
864 820 48 22 first
920 820 54 26 (and
988 820 60 22 third
1062 819 152 29 Wednesday
1230 820 22 22 in

670 855 67 20 every
746 848 85 21 month.

696 874 48 22 The
753 874 86 22 further
847 873 165 23 consideration
1023 872 113 28 posponed
1146 872 106 28 tilljTuea-

673 901 44 27 day
726 904 60 18 next.

699 928 34 21 On
744 928 37 20 the
791 928 85 20 motion
885 927 27 21 of
924 927 36 21 the
970 927 124 21 'Governor
1108 925 39 22 the
1165 926 43 22 Bill
1218 927 34 22 for

670 954 38 22 the
725 954 76 22 Relief
812 954 27 21 of
842 961 97 20 .persons
953 952 137 28 imprisoned
1098 952 34 22 for
1149 952 52 23 debt
1210 961 43 14 was

671 980 91 22 ordered
772 980 123 22 to.be.read
905 987 13 15 a
931 979 85 23 second
1029 979 55 22 time
1094 986 28 15 on
1137 978 116 30 Thursday

671 1011 60 18 next.

697 1034 65 22 After
779 1034 120 27 arranging
917 1033 38 22 tbe
974 1032 100 23 business
1092 1032 34 22 for
1145 1032 37 23 the
1199 1037 54 19 next

670 1060 102 27 meeting,
784 1060 36 22 the
831 1060 93 22 Council
934 1059 124 28 adjourned
1067 1062 24 20 at
1099 1061 13 20 4
1122 1060 93 22 o'clock.

819 1108 280 24 AUCKLAND.

1312 1099 58 23 The
1383 1099 99 24 Native
1503 1099 92 24 Feast.
1597 1112 35 4 —
1632 1100 24 23 A
1674 1100 61 31 large
1757 1100 59 31 body
1839 1100 24 23 of

1279 1133 85 23 natives
1376 1132 63 29 have,
1453 1140 32 16 we
1497 1133 147 29 understand,
1661 1133 91 31 already
1774 1142 86 15 assem-

1279 1166 50 23 bled
1350 1166 23 23 in
1395 1166 37 23 the
1451 1166 186 30 neighbourhood
1653 1166 26 23 of
1693 1166 122 24 Auckland
1828 1168 33 22 for

1278 1199 38 23 the
1325 1206 97 24 purpose
1434 1199 25 23 of
1468 1199 119 30 attending
1597 1199 40 23 the
1644 1199 66 24 feast.
1745 1199 36 24 As
1794 1208 68 22 many

1278 1236 80 27 stange
1376 1232 85 23 natives
1479 1232 47 23 will
1544 1232 27 23 be
1593 1232 96 31 visiting
1707 1232 36 24 the
1764 1237 67 23 town,
1844 1234 18 22 it

1278 1265 72 23 would
1362 1265 28 23 be
1404 1265 50 23 well
1465 1265 20 23 if
1499 1266 85 30 parties
1595 1265 75 24 would
1682 1265 99 24 exercise
1800 1274 61 15 some

1278 1298 110 30 vigilance
1400 1299 22 22 in
1433 1300 135 29 preventing
1587 1298 62 24 them
1669 1298 58 24 from
1745 1298 115 31 pilfering.

1279 1331 94 24 Several
1392 1331 25 23 of
1440 1331 61 24 them
1522 1340 37 15 are
1579 1332 166 31 unacquainted
1757 1332 55 23 with
1824 1333 37 23 the

1277 1364 75 24 habits
1364 1364 26 24 of
1405 1364 142 32 Europeans,
1566 1366 44 23 and
1623 1366 58 22 their
1701 1365 49 24 love
1769 1366 26 23 of
1809 1373 52 23 pro-

1278 1403 65 26 perty
1366 1398 20 22 is
1409 1398 75 23 rather
1505 1403 86 26 strong.
1639 1398 44 24 We
1706 1406 37 16 are
1766 1398 53 31 glad
1840 1404 21 18 to

1277 1430 137 25 understand
1436 1431 50 24 fhat
1514 1432 35 23 Te
1577 1431 149 30 Wero-wero,
1750 1432 110 30 Bunting,

1277 1464 45 24 and
1334 1472 63 16 some
1415 1464 64 24 other
1496 1465 112 31 principal
1624 1465 72 23 chiefs
1714 1465 57 23 have
1787 1465 74 23 them-

1277 1498 72 23 selves
1360 1497 89 24 warned
1459 1497 60 24 their
1532 1498 77 31 people
1622 1498 89 31 against
1718 1499 143 31 committing

1277 1538 42 22 any
1332 1531 97 23 offences
1440 1531 26 23 of
1480 1531 39 23 the
1531 1531 63 24 kind.
1597 1543 33 5 —
1632 1531 61 24 Ibid.

1310 1564 91 23 Union
1425 1564 78 24 Bank
1529 1572 30 17 of
1588 1566 160 23 Australia.
1750 1578 34 3 —
1785 1564 76 25 There

1277 1604 73 17 seems
1360 1602 23 18 to
1395 1598 26 23 be
1433 1606 14 15 a
1458 1603 78 26 report
1553 1599 25 22 in
1596 1598 131 23 circulation
1745 1598 51 24 that
1817 1599 44 23 this

1276 1630 67 24 Bank
1367 1630 89 24 intends
1479 1636 24 18 to
1527 1631 108 24 establish
1665 1639 14 15 a
1715 1631 92 24 Branch
1838 1632 22 23 in

1277 1664 44 24 this
1344 1664 64 31 place
1417 1673 6 20 ;
1445 1664 37 24 the
1506 1669 76 27 report
1602 1665 28 28 is,
1649 1665 110 28 however,
1778 1672 33 16 we
1824 1673 37 15 are

1277 1705 63 23 sorry
1363 1704 22 17 to
1407 1705 47 23 say,
1484 1698 95 23 without
1600 1706 46 23 any
1668 1698 126 29 foudation,
1818 1698 43 23 and

1276 1738 95 23 appears
1392 1735 22 19 to
1431 1731 56 23 have
1510 1731 71 31 solely
1600 1733 77 21 arisen
1696 1731 58 24 from
1767 1731 39 24 the
1817 1732 44 22 cir-

1277 1768 128 19 cumstance
1417 1764 24 23 of
1449 1772 14 15 a
1475 1764 48 23 Bill
1532 1765 67 30 being
1611 1764 70 24 about
1691 1770 21 18 to
1725 1764 28 23 be
1762 1764 99 31 brought

1277 1797 75 23 before
1364 1797 38 23 the
1413 1797 142 32 Legislative
1566 1798 96 24 Council
1675 1802 23 19 to
1716 1797 80 24 enable
1813 1798 48 23 that

1277 1830 67 24 Bank
1357 1837 23 16 to
1392 1839 40 15 sue
1443 1830 44 24 and
1496 1831 30 23 be
1538 1832 63 23 sued.
1649 1830 106 25 Without
1774 1839 30 15 an
1827 1836 34 19 act

1277 1864 24 22 of
1317 1863 44 24 this
1374 1864 56 24 kind
1441 1864 53 31 they
1513 1872 39 16 are
1569 1864 85 24 unable
1674 1870 21 18 to
1714 1865 88 30 compel
1823 1865 37 23 the

1277 1902 106 26 payment
1395 1898 24 23 of
1433 1898 74 28 debts,
1528 1898 73 23 which
1615 1906 32 15 we
1660 1898 85 23 believe
1757 1898 54 30 they
1824 1905 37 16 are

1277 1938 53 23 very
1341 1931 96 23 anxious
1449 1936 23 18 to
1484 1931 37 28 do,
1541 1931 54 23 both
1615 1936 24 18 at
1658 1931 56 23 Port
1734 1931 127 23 Nicholson

1277 1964 43 22 and
1332 1968 23 18 at
1370 1964 93 22 Nelson.
1466 1977 34 4 —
1500 1964 60 22 Ibid.

1310 1996 77 25 Land
1401 1998 106 26 Claims.
1509 2010 34 4 —
1543 1997 44 23 We
1597 1997 139 26 understand
1749 1998 49 26 that
1810 1998 50 26 Col.

1278 2027 110 30 Godfrey,
1409 2027 38 23 the
1465 2027 168 23 Commisioner
1644 2027 27 23 of
1686 2027 66 23 Land
1766 2027 95 28 Claims,

1277 2060 40 23 has
1329 2060 88 23 arrived
1429 2060 57 24 from
1499 2060 109 31 Kaipara,
1622 2060 58 23 after
1692 2061 131 30 examining
1832 2060 30 23 all

1277 2093 38 23 the
1327 2093 79 23 claims
1416 2094 24 22 in
1453 2093 49 24 that
1513 2093 89 24 district
1614 2093 44 23 and
1671 2093 135 31 Hokianga,
1818 2094 43 23 and

1277 2134 33 15 we
1322 2134 37 16 are
1372 2126 51 31 glad
1435 2131 21 19 to
1469 2126 56 25 hear
1537 2127 48 23 that
1596 2128 23 22 iv
1637 2135 29 15 no
1684 2127 103 24 instance
1807 2127 55 23 have

1278 2160 37 23 the
1338 2161 87 22 natives
1448 2160 81 24 denied
1552 2160 37 24 the
1610 2160 47 23 sale
1681 2161 25 23 of
1731 2160 38 24 the
1797 2160 65 24 lands

1278 2193 94 24 claimed
1394 2194 29 30 by
1446 2193 38 24 the
1508 2193 143 31 Europeans.
1704 2193 43 24 We
1776 2194 86 23 remind

1278 2227 118 23 claimants
1419 2227 48 23 that
1491 2227 94 23 Colonel
1607 2227 103 30 Godfrey
1739 2227 67 23 holds
1827 2227 35 23 his

1280 2260 70 23 Court
1371 2264 23 19 at
1416 2260 151 23 Coromandel
1589 2260 109 23 Harbour
1710 2268 28 16 on
1752 2260 38 24 the
1804 2260 58 24 28th

1277 2294 95 21 instant.
1373 2305 33 4 —
1407 2292 60 23 Ibid.

1312 2326 184 24 Government
1536 2327 151 24 Buildings.
1690 2339 33 5 —
1724 2326 43 25 We
1807 2327 57 24 have

1279 2368 61 15 some
1359 2360 53 23 time
1431 2368 41 23 ago
1485 2360 91 24 noticed
1594 2361 38 22 the
1651 2359 137 32 dilapidated
1806 2365 57 19 state

1279 2394 25 23 of
1329 2393 88 24 several
1446 2394 25 23 of
1498 2394 39 23 the
1560 2393 157 24 Goverument
1739 2394 124 30 buildings,

1278 2426 74 24 which
1364 2426 56 24 have
1432 2427 57 23 been
1507 2432 41 27 put
1559 2434 30 23 up
1601 2432 24 18 at
1642 2427 68 23 much
1722 2434 101 25 expense
1841 2431 22 19 to

1279 2460 38 23 the
1328 2460 89 31 colony,
1430 2460 43 23 and
1486 2460 57 23 have
1555 2460 59 23 been
1625 2460 93 24 allowed
1731 2460 30 30 by
1773 2460 37 23 the
1820 2460 44 24 late

1280 2493 155 24 Government
1446 2499 23 18 to
1487 2494 41 24 fall
1539 2495 47 22 into
1607 2502 13 15 a
1633 2499 58 18 state
1704 2493 24 23 of
1743 2493 119 33 disrepair.

1280 2526 50 24 The
1352 2527 71 23 Court
1434 2526 83 25 House
1535 2528 20 22 is
1566 2527 111 31 certainly
1695 2535 13 15 a
1719 2526 104 32 disgrace
1841 2532 22 19 to

1280 2560 37 24 the
1336 2560 136 24 settlement.
1510 2560 50 24 The
1576 2561 63 23 front
1659 2561 42 23 has
1719 2568 70 16 never
1807 2561 58 23 been

1279 2593 106 30 finished,
1408 2594 43 23 and
1477 2594 38 23 the
1545 2601 53 24 very
1621 2594 68 23 doors
1712 2601 39 16 are
1773 2594 92 32 already

1279 2627 126 31 beginning
1416 2631 22 19 to
1450 2627 71 32 decay
1538 2627 35 24 for
1584 2632 61 19 want
1656 2628 26 23 of
1696 2627 63 32 paint
1771 2632 23 18 to
1811 2636 53 23 pro-

1280 2664 45 20 tect
1348 2660 62 24 them
1432 2660 59 24 from
1515 2661 38 24 the
1574 2660 106 25 weather.
1725 2660 51 25 The
1799 2661 66 24 brick

1280 2693 132 25 foundation
1421 2695 28 22 of
1464 2694 38 24 the
1515 2695 115 30 Treasury
1642 2695 21 22 is
1678 2694 47 24 also
1737 2695 129 30 crumbling

1281 2726 72 25 down.
1390 2727 53 24 And
1452 2728 39 23 the
1500 2732 64 19 stone
1573 2728 106 30 building
1690 2728 24 23 in
1723 2728 142 23 Mechanics'

1282 2761 50 30 Bay
1349 2761 47 23 will
1412 2761 23 23 in
1447 2761 80 23 twelve
1545 2761 92 24 months
1654 2769 62 16 more
1734 2761 40 24 fall
1787 2766 22 19 to
1828 2762 39 24 the

1280 2794 97 30 ground.
1412 2794 44 24 We
1468 2794 99 24 directed
1576 2795 112 23 attention
1700 2800 22 19 to
1734 2794 46 25 this
1790 2795 73 24 build-

1280 2828 40 30 ing
1339 2827 84 30 before,
1444 2828 40 24 but
1503 2828 96 31 nothing
1621 2828 42 24 has
1682 2828 57 24 been
1762 2829 60 23 done
1845 2834 22 18 to

1280 2868 107 24 preserve
1398 2862 25 23 it.
1459 2861 24 24 It
1502 2861 71 24 woald
1593 2862 29 23 be
1640 2862 77 31 surely
1729 2862 97 31 cheaper
1845 2867 23 19 to

1280 2893 48 25 lath
1340 2894 45 24 and
1396 2894 83 31 plaster
1491 2895 39 23 the
1542 2895 62 24 walls
1618 2895 45 24 and
1680 2900 23 19 to
1714 2895 64 32 place
1790 2904 14 15 a
1816 2904 51 16 ver-

1282 2927 73 24 andah
1376 2927 31 24 all
1425 2928 71 24 round
1515 2929 18 23 it
1545 2928 54 25 than
1621 2933 23 20 to
1663 2929 62 24 build
1736 2937 72 16 anew.
1845 2929 25 24 If

1281 2961 97 31 nothing
1395 2961 45 24 else
1461 2962 75 24 would
1555 2967 89 27 protect
1661 2963 27 29 it,
1703 2970 31 16 we
1747 2970 39 17 are
1806 2963 62 31 quite

1282 2995 84 23 certain
1385 2995 48 24 that
1444 2996 18 23 it
1481 2996 74 31 might
1576 2997 27 23 be
1620 2996 122 31 preserved
1760 2996 31 31 by
1803 2997 65 23 these

1280 3035 88 16 means.
1371 3041 32 4 —
1404 3027 60 24 Ibid.

1315 3061 59 24 The
1566 3075 34 5 —
1601 3062 59 25 This
1683 3063 74 24 vessel
1781 3062 89 25 arrived

1280 3095 120 31 yesterday
1420 3097 106 30 morning
1546 3096 58 24 from
1627 3096 103 29 Russell,
1753 3097 54 23 with
1831 3096 39 24 the

1280 3128 116 32 following
1400 3137 150 23 passengers:
1552 3142 31 4 —
1587 3129 67 31 Capt.
1665 3130 105 31 Clayton,
1778 3130 92 24 Messrs

1281 3161 80 32 Ligar,
1374 3162 134 32 Thompson
1521 3164 44 23 and
1577 3163 114 24 Clendon.
1726 3163 44 24 We
1781 3163 88 25 under-

1280 3195 68 24 stand
1357 3195 51 24 that
1421 3196 98 32 Captain
1538 3197 98 24 Stewart
1656 3197 42 23 has
1709 3197 125 24 succeeded
1846 3198 24 23 in

1280 3229 93 31 putting
1385 3229 36 23 the
1430 3229 100 32 English
1541 3230 67 24 mails
1618 3229 75 25 which
1705 3230 27 24 he
1745 3231 87 24 carried
1846 3236 22 18 to

1280 3262 89 24 Russel
1380 3270 29 16 on
1420 3262 70 25 board
1502 3264 39 23 the
1558 3263 123 31 NorwAal,
1693 3264 59 24 after
1763 3264 42 24 she
1825 3264 45 24 had

1280 3295 126 32 proceeded
1416 3301 23 19 to
1450 3305 46 16 sea.
1534 3297 98 32 Captain
1651 3298 98 23 Stewart
1761 3298 109 23 deserves

1280 3328 39 25 the
1341 3329 83 24 thanks
1437 3331 24 23 of
1477 3330 38 24 the
1536 3331 85 31 public,
1634 3331 46 24 and
1703 3332 37 23 tbe
1762 3331 108 25 Govern-

1280 3367 63 19 ment
1354 3364 24 22 in
1390 3364 130 31 particular,
1532 3364 35 24 for
1579 3364 54 24 thus
1644 3365 120 31 attending
1775 3370 24 19 to
1810 3365 60 24 their

1282 3397 104 21 interest.

2048 3895 77 18 Printed
2138 3896 37 17 and
2188 3896 107 20 published-
2305 3899 56 17 every
2376 3891 108 20 Wednesday

1924 3916 88 21 morning,
2025 3916 23 21 by
2067 3917 86 17 Samoxl
2168 3918 90 17 Rkvahs,
2274 3918 21 16 at
2309 3916 32 18 the
2355 3916 57 16 Office
2427 3913 20 17 of
2456 3913 28 15 tne

1924 3938 49 17 Nbw
1987 3939 97 15 Zealand
2094 3938 94 17 Gamttjs
2199 3942 42 13 and
2254 3937 138 19 Wxuxvsxoy
2406 3936 78 17 B«cii-

1924 3963 44 13 Toa.
1979 3958 155 21 Manners-street,
2143 3959 116 20 Wellington.
2273 3956 160 21 PorTiNieooWon,

1925 3981 84 16 Znlaad.
2299 3971 36 23 •£>

139 135 234 25 LEGISLATIVE
402 132 163 26 COUNCIL.

160 169 150 29 Thursday,
329 168 63 23 May
410 169 42 28 23,
473 169 73 22 1844.

93 208 93 21 Present
194 208 37 20 the
242 208 115 21 Governor
367 208 43 19 and
421 208 31 19 all
461 208 38 18 the
510 208 121 19 Members.

92 234 99 22 Minutes
200 234 26 21 of
238 233 36 23 the
292 234 41 20 last
346 232 97 27 meeting
457 238 59 15 were
522 232 61 21 f-Mttd
592 230 52 23 »arid

59 260 137 22 •confirmed.
355 261 4 4 '
459 272 2 3 ■

90 287 37 21 On
137 287 38 21 the
185 286 82 22 motion
277 285 26 21 of
310 285 36 21 the
357 285 113 21 Governoi
483 285 38 21 the
529 284 117 25 folio-wing

59 312 61 22 -Bills
129 320 59 14 wete
196 312 53 22 read
257 319 14 14 a
280 312 49 21 first
343 312 60 26 time,
414 311 45 21 and
470 310 92 22 ordered
577 313 24 18 to
612 310 33 21 *be

62 339 53 21 read
124 347 15 13 a
147 338 83 22 second
240 338 52 22 time
303 343 28 16 ou
340 338 108 27 Saturday
458 341 64 18 next.

94 365 44 22 Bill
146 365 36 21 for
190 364 161 31 appropriating
361 364 36 22 the
408 364 116 22 Revenue.

88 391 44 22 Bill
143 392 34 21 for
186 392 106 26 imposing
299 390 49 23 Tax
358 398 30 15 on
398 390 73 22 Land.

90 418 44 21 Bill
143 418 34 21 for
186 417 108 28 imposing
302 417 49 22 Tax
362 425 28 14 on
400 418 100 21 Houses.

90 444 43 22 Bill
144 445 34 20 for
186 444 110 27 imposing
304 444 49 21 Tax
364 451 29 14 on
403 444 69 26 Dogs.

89 470 48 22 The
155 471 108 26 Attorney
273 470 97 21 General
385 477 57 19 gave
452 468 73 23 notice
534 467 26 22 of
571 474 74 20 apro-

62 496 68 50 Eoied
140 496 116 23 alteration
266 497 22 21 in
302 496 37 22 the
351 496 75 22 House
435 495 50 22 Tax
500 495 24 21 in
533 494 79 22 favour
623 493 24 22 of

80 523 92 22 licensed
184 522 138 27 Victuallers,
332 522 47 22 who
390 529 36 14 are
437 525 24 18 to
470 528 44 21 pay
522 527 28 15 an
560 520 84 22 annual

63 554 39 18 tax
111 550 26 21 of
149 550 41 26 £4,
202 550 90 21 without
306 549 113 22 reference
433 551 23 18 to
470 548 37 21 the
521 547 93 22 number
623 546 25 21 of

63 583 80 16 rooms.

88 603 45 22 Mr.
144 602 91 23 Clifford
249 609 55 20 gave
319 602 72 21 notice
407 601 49 22 that
470 601 29 21 he
516 599 79 22 should
605 607 39 20 op-

60 636 54 20 pose
123 629 39 22 the
179 628 64 23 Land
253 628 43 22 and
315 628 76 22 House
409 628 48 21 Tax
467 630 24 18 at
506 627 38 21 the
562 626 82 21 second

61 655 101 27 reading.

89 681 154 22 Considerable
254 681 119 22 discussion
384 687 61 15 arose
456 687 30 14 on
500 679 93 27 reading
604 679 38 21 the

62 708 53 26 Dog
123 708 49 22 Tax
182 708 51 21 Bill.

88 734 39 22 Dr.
142 734 81 22 Martin
233 733 82 23 wished
332 733 28 22 all
376 733 61 27 Dogs
452 736 23 18 to
493 733 28 21 be
531 731 72 27 taxed,
615 731 29 22 he

61 761 39 22 did
110 764 40 18 not
158 764 80 23 expect
247 768 43 20 any
299 767 96 14 revenue
406 760 57 21 from
473 759 38 22 the
522 762 44 23 tax,
576 759 41 21 but
623 758 19 22 it

65 787 73 22 would
148 787 62 22 abate
223 795 13 13 a
244 790 62 24 great
315 786 112 23 nuisance.

86 814 48 21 The
144 814 117 21 Governor
268 813 67 28 spoke
346 812 85 28 against
444 812 82 26 taxing
535 812 61 26 Dogs
604 811 40 22 be-

58 840 94 27 longing
240 841 96 24 Natives,
346 847 24 14 as
379 839 116 28 impolitic,
504 838 47 22 and
559 839 86 26 impos-

58 867 56 21 sible
131 872 22 17 to
170 868 26 20 be
216 867 78 22 levied.
323 867 22 21 It
360 873 45 15 was
419 865 124 27 ultimately
562 864 82 28 agreed

58 893 50 22 that
116 893 37 22 the
165 893 42 22 Bill
216 893 78 22 should
304 893 29 21 be
343 892 90 27 altered,
445 900 25 14 so
480 891 49 22 that
537 891 30 22 all
577 892 63 26 Dogs

59 921 77 21 within
151 920 37 21 the
206 920 59 27 large
278 919 136 22 settlements
428 917 81 23 should
523 917 27 22 be
561 919 80 26 taxed.;

60 947 61 26 Dogs
136 947 53 27 kept
202 947 28 26 by
242 953 90 21 persons
345 952 151 14 residing.five
511 944 63 22 miles
583 944 59 22 from

61 981 43 18 any
115 973 125 22 settlement
250 976 21 18 to
281 973 27 21 be
317 975 95 24 exempt.

84 1000 48 21 The
143 1000 114 21 Governor
266 999 82 26 having
360 998 45 22 laid
414 1005 29 14 on
458 997 39 21 the
509 997 58 21 'able
578 1004 62 15 com-

59 1027 102 26 parativ»
174 1026 118 22 Estimates
301 1025 26 22 of
339 1025 146 27 expenditure
494 1023 35 23 for
534 1024 37 21 the
578 1030 64 21 years

62 1054 53 21 1843
124 1053 45 21 and
181 1054 58 23 1844,
254 1051 80 23 moved
347 1052 37 21 the
395 1051 64 21 order
468 1051 28 21 of
508 1051 37 21 the
555 1050 42 27 day
607 1051 35 21 for

61 1079 38 22 the
110 1079 162 22 consideration
283 1079 26 21 of
315 1079 36 21 the
360 1081 68 19 assets
438 1077 47 22 and
497 1076 112 24 liabilities
620 1077 25 21 of

61 1106 38 22 the
110 1106 92 27 Colony.
245 1115 40 19 •#

86 1133 44 22 Mr.
142 1133 79 21 Brown
231 1131 122 27 remarked,
361 1131 48 22 that
419 1131 36 21 the
466 1130 99 26 £14,000
573 1129 69 23 liabi-

60 1159 64 26 lities,
137 1159 108 28 appeared
255 1162 20 18 to
285 1159 28 21 be
322 1159 41 21 due
372 1165 30 19 up
412 1161 21 17 to
440 1157 38 21 the
489 1156 49 22 14th
546 1156 25 22 of
578 1157 62 27 May,

59 1186 99 21 whereas
168 1186 36 21 the
221 1185 88 22 salaries
323 1192 80 20 appear
418 1189 22 16 to
450 1183 58 22 have
525 1183 54 21 been
590 1183 51 28 paid

58 1219 30 20 up
95 1216 21 18 to
127 1213 36 21 the
172 1214 49 20 31st
230 1212 26 22 of
264 1211 77 22 March
349 1211 62 27 only;
423 1211 34 21 six
465 1209 81 22 week's
552 1209 89 23 salaries

57 1238 74 22 would
142 1239 108 21 therefore
259 1238 86 27 require
363 1242 21 17 to
395 1238 27 21 be
433 1236 73 22 added
522 1241 22 17 to
555 1236 36 22 the
601 1237 41 21 lia-

59 1265 88 22 bilities.

86 1292 47 22 The
150 1292 114 22 Governor
273 1291 44 23 and
327 1291 37 21 the
374 1291 110 26 Attorney
496 1289 97 23 General
603 1298 39 14 ex-

57 1317 89 28 plained
156 1319 47 21 that
219 1319 37 21 the
271 1318 88 22 salaries
370 1317 73 22 would
457 1320 40 18 not
516 1317 27 21 be
553 1317 43 21 due
608 1317 33 21 till

58 1345 55 27 July
123 1349 61 24 next,
196 1345 44 22 and
250 1345 157 27 consequently
414 1348 39 18 not
463 1343 129 22 considered
600 1343 41 22 lia-

57 1371 90 22 bilities.

84 1398 48 22 The
143 1399 114 21 Governor
266 1399 23 21 in
299 1405 83 15 answer
391 1401 22 18 to
423 1405 14 14 a
444 1397 101 27 question
556 1397 28 28 by
594 1397 46 21 Mr.

60 1425 86 26 Brown,
162 1425 54 26 said,
229 1425 36 22 the
281 1425 72 21 Home
370 1425 154 21 Government
537 1423 44 22 had
597 1424 45 22 dis-

57 1451 100 22 honored
168 1453 36 20 the
216 1452 43 21 Bill
269 1452 73 21 drawn
350 1451 30 27 by
388 1451 35 21 the
434 1451 44 21 late
491 1451 114 21 Governor
616 1452 24 20 iv

57 1479 64 21 favor
130 1479 25 21 of
172 1479 63 26 Boyd
250 1478 44 22 and
309 1477 114 23 Robinson
440 1478 34 20 for
491 1477 93 26 £2,000;
604 1477 37 21 the

57 1505 79 27 colony
147 1505 72 22 would
229 1505 56 21 have
297 1509 21 17 to
329 1512 41 20 pay
382 1504 47 21 that
440 1503 51 22 with
505 1503 99 27 interest,
617 1507 23 18 at

57 1531 39 23 the
106 1536 47 18 rate
162 1533 23 21 of
194 1533 13 20 5
217 1539 39 20 per
265 1535 58 22 cent,
335 1531 72 21 which
417 1537 45 15 was
477 1530 29 22 all
517 1530 36 22 the
566 1531 72 21 Home

59 1558 154 22 Government
220 1559 71 21 would
298 1559 71 21 allow,
377 1557 108 27 although
495 1556 37 22 the
539 1564 102 19 arrange-

58 1590 63 17 ment
132 1593 44 15 was
184 1586 24 22 15
219 1593 38 19 per
266 1588 57 19 cent.
352 1585 65 21 After
426 1591 62 15 some
496 1583 83 23 further
588 1591 52 14 con-

57 1613 122 25 versation,
202 1611 37 23 the
263 1615 118 19 statement
401 1618 44 14 was
460 1610 93 22 ordered
571 1614 22 18 to
613 1611 27 21 be

56 1638 90 27 printed
154 1639 25 21 in
188 1639 37 21 the
236 1639 94 21 minutes
340 1638 25 22 of
377 1637 100 23 Council.

84 1665 48 22 The
143 1665 114 22 Governor
272 1665 80 22 moved
368 1665 36 21 the
415 1664 161 22 consideration
587 1665 27 21 of
627 1672 13 14 a

56 1692 180 27 supplementary
246 1695 118 19 statement
377 1691 26 21 of
416 1695 76 22 assets,
507 1695 39 17 not
562 1692 78 21 imme-

57 1718 83 28 diately
154 1718 115 27 available,
287 1718 44 22 and
345 1717 111 23 liabilities
471 1724 41 15 nor
526 1718 114 27 requiring

56 1744 130 23 immediate
195 1745 138 28 liquidation.

83 1772 44 22 Mr.
139 1772 87 27 Brown,
238 1779 29 15 on
282 1771 90 28 looking
386 1775 23 18 at
425 1771 39 21 the
479 1773 58 19 asset
554 1771 52 21 item
618 1771 26 22 of

56 1797 64 23 Land
130 1799 72 26 Fund,
212 1799 43 21 and
264 1799 37 21 the
317 1798 132 28 emigration
459 1797 55 22 item
530 1798 22 21 in
559 1798 81 22 liabili-

57 1825 42 22 ties
108 1826 54 27 said,
173 1827 37 21 the
222 1825 92 23 Council
323 1826 68 27 ought
404 1829 22 17 to
437 1827 57 19 have
508 1832 28 14 an
546 1829 94 17 account

56 1852 27 21 of
89 1852 29 22 all
127 1852 55 22 land
191 1853 55 26 sold,
253 1853 22 21 in
287 1853 64 21 order
360 1857 22 17 to
389 1852 65 21 know
465 1851 50 22 how
524 1851 66 22 much
600 1851 38 22 the

55 1879 138 26 Emigration
200 1879 65 22 Fund
273 1886 43 15 was
323 1879 93 22 entitled
421 1883 30 22 to,
463 1878 44 22 and
515 1878 48 22 how
571 1878 68 22 much

55 1905 111 26 had.been
176 1906 58 27 paid.

82 1932 48 23 The
141 1933 116 22 Governor
266 1932 82 27 agreed
364 1931 51 23 with
432 1931 46 23 Mr.
495 1931 79 23 Brown
591 1931 49 23 that

55 1959 55 22 such
118 1966 30 15 an
170 1963 95 19 account
280 1966 45 15 was
340 1966 124 19 necessary,
482 1966 24 14 as
523 1959 48 21 well
585 1966 26 14 as
626 1966 13 14 a

55 1989 120 19 •tatement
184 1987 25 21 of
220 1987 58 21 what
287 1986 54 22 Bills
350 1993 57 15 were
417 1986 77 21 drawn
504 1992 29 15 on
544 1991 94 16 account

55 2012 27 22 of
92 2013 141 26 emigration;
254 2013 28 21 he
299 2020 44 14 was
360 2018 61 20 sorry
437 2015 22 17 to
471 2018 48 20 say,
531 2012 27 20 be
572 2013 66 19 could

55 2041 42 19 not
106 2039 50 26 give
168 2039 36 21 the
213 2038 102 28 required
324 2038 149 22 information.
501 2037 49 21 The
567 2038 72 21 finan-

56 2065 43 23 cial
109 2071 101 17 accounts
221 2067 25 20 of
253 2065 37 22 the
297 2065 86 27 Colony
393 2071 57 15 were
461 2067 39 19 not
510 2071 24 15 so
544 2064 95 22 forward

56 2099 26 14 as
91 2092 27 22 he
129 2092 65 22 could
205 2092 60 22 wish.
304 2092 21 21 It
341 2098 44 16 was
395 2099 14 13 a
417 2091 148 27 complicated
574 2098 66 20 ques-

57 2119 54 27 tion,
122 2119 45 22 and
178 2119 65 22 could
252 2123 38 17 not
299 2119 28 21 be
336 2121 40 24 put
393 2119 23 21 in
431 2125 14 14 a
460 2118 97 26 tangible
572 2119 67 26 shape

55 2146 161 27 immediately.
254 2146 21 22 A
291 2149 119 18 statement
424 2144 86 27 having
525 2145 56 21 been
591 2149 49 17 sent

56 2173 74 21 Home
141 2173 48 21 that
198 2180 14 14 a
221 2180 47 14 sum
282 2172 25 22 of
313 2173 97 26 £20,000
423 2171 74 23 would
508 2171 26 21 be
544 2171 96 22 realized

57 2199 58 22 from
139 2199 64 23 Land
224 2199 68 22 Sales.
330 2199 47 21 The
393 2198 75 22 Home
488 2198 152 22 Government

57 2226 130 22 authorized
221 2225 136 28 Emigration
390 2229 22 17 to
441 2225 38 21 the
503 2229 91 17 amount
618 2225 25 21 of

55 2253 108 27 £12,000;
186 2260 28 15 on
229 2253 37 22 the
281 2252 80 22 arrival
379 2253 26 20 of
421 2252 38 22 the
476 2253 121 25 emigrants
615 2252 24 21 in

57 2280 44 22 this
117 2280 85 27 Colony
221 2279 61 23 theie
301 2286 43 15 was
360 2286 30 14 no
405 2279 57 21 fund
477 2282 22 18 to
516 2279 75 26 defray
601 2278 38 22 the

56 2314 111 20 expence;
183 2307 38 21 the
240 2306 63 22 Land
320 2306 65 22 Fund
403 2306 83 26 having
503 2305 74 28 failed,
602 2305 37 23 the

55 2340 47 16 sum
109 2333 117 23 advanced
246 2334 28 26 by
294 2333 37 22 the
350 2333 73 21 Home
446 2333 155 21 Government
619 2333 19 21 is

55 2360 96 27 charged
161 2365 23 17 to
193 2361 37 21 the
241 2360 91 27 Colony,
343 2360 44 22 and
397 2361 17 20 is
424 2359 67 22 made
501 2366 30 21 up
547 2360 25 21 of
584 2359 56 22 cash

55 2387 122 26 advanced,
188 2387 43 22 and
242 2387 49 22 bills
300 2387 75 22 drawn
393 2387 52 21 here
463 2391 22 17 to
504 2386 79 28 defray
598 2387 42 21 the

57 2421 116 18 expences.

84 2442 40 22 Dr.
136 2441 85 23 Martin
231 2441 52 26 said,
295 2441 37 21 the
342 2443 119 19 statement
472 2439 38 23 did
526 2443 38 19 not
579 2439 60 23 show

55 2467 60 23 what
123 2472 93 18 amount
224 2467 46 23 had
280 2469 56 21 been
345 2467 52 28 paid
404 2467 36 21 for
450 2467 144 26 Emigration.

82 2495 48 22 The
150 2495 123 26 Governor,
293 2495 43 26 No,
351 2495 19 21 it
388 2494 85 27 merely
494 2495 90 21 showed
602 2494 38 22 the

57 2521 119 23 liabilities.

83 2549 40 22 Dr.
136 2549 83 22 Martin
230 2548 126 26 continued,
368 2548 22 22 It
398 2547 112 28 appeared
522 2552 22 17 to
554 2548 27 22 be
591 2548 50 22 that

55 2575 39 23 the
108 2575 136 28 Emigration
260 2575 63 23 Fund
337 2575 45 22 had
399 2576 58 21 been
477 2579 64 23 spent
560 2576 33 21 for
602 2575 38 21 the

57 2608 106 22 purposes
186 2603 24 21 of
230 2603 159 22 Government.
430 2601 61 23 That
518 2602 54 22 fund
596 2609 44 15 was

55 2629 111 23 therefore
175 2629 106 22 indebted
292 2634 22 17 to
332 2629 37 22 the
386 2629 75 22 Home
478 2629 160 27 Goverument,

56 2656 43 22 and
108 2657 38 21 the
156 2656 79 27 colony
245 2659 22 19 to
277 2656 47 22 that
333 2656 62 22 fund.

83 2683 47 22 The
142 2683 115 22 Governor
266 2683 54 26 said,
337 2687 39 17 not
391 2683 68 28 being
475 2683 49 22 able
539 2686 23 18 to
579 2682 61 22 show

55 2709 38 23 tbe
104 2713 55 19 state
170 2712 21 20 o)
207 2710 37 22 the
255 2709 63 23 Land
329 2710 68 27 Fund,
409 2711 27 21 he
452 2710 67 22 could
534 2713 40 18 not
588 2709 52 28 give

56 2736 39 22 the
105 2744 117 20 necessary
240 2736 151 28 information,
412 2737 39 26 (he
468 2737 53 21 here
539 2737 54 21 read
612 2744 28 14 an

57 2766 87 20 extract
162 2763 58 22 from
243 2771 14 14 a
280 2764 99 27 dispatch
402 2765 25 21 of
454 2763 62 23 Lord
539 2763 94 28 Stanley

56 2791 93 26 making
159 2791 37 21 the
207 2791 129 26 emigration
352 2791 54 22 debt
421 2790 143 27 chargeable)
579 2791 21 21 if
612 2798 29 14 no

56 2817 54 23 land
120 2825 46 15 was
174 2817 56 28 sold,
243 2825 28 14 no
281 2821 48 24 step
336 2818 57 22 need
401 2818 27 22 be
438 2817 68 22 taken
518 2821 21 17 to
548 2825 44 20 pay
603 2817 38 22 the

61 2844 59 22 debt.
158 2843 61 23 With
237 2848 90 24 respect-
341 2847 22 20 to
383 2845 65 22 items
457 2844 72 22 under
537 2848 36 18 tne
583 2844 58 22 head

61 2875 76 24 assets,
147 2878 62 15 some
219 2871 25 22 of
255 2872 61 21 them
325 2879 57 14 were
397 2872 25 21 cf
440 2879 14 14 a
469 2871 103 22 doubtful
588 2871 54 22 cha-

57 2901 79 24 racter,
162 2898 73 22 others
253 2899 73 21 would
344 2899 28 21 be
390 2899 95 21 revised.
522 2898 47 22 The
587 2898 55 22 land

58 2925 99 22 estimate
172 2929 77 18 meant
266 2925 52 22 land
337 2933 50 14 now
412 2925 121 27 belonging
557 2930 21 17 to
602 2925 38 22 the

58 2952 112 27 Crown,of
183 2952 37 22 the
230 2953 46 21 title
283 2956 23 18 to
317 2953 70 22 which
398 2952 63 22 there
471 2960 47 14 was
528 2960 29 14 no
564 2952 76 23 doubt.

85 2986 45 23 Mr.
148 2986 82 22 Brown
244 2986 52 22 here
311 2986 124 27 remarked,
454 2986 48 22 that
519 2986 27 22 he
555 2986 38 22 did
602 2991 40 18 not

56 3013 64 23 think
131 3013 109 23 sufficient
249 3013 52 21 land
310 3013 72 22 would
397 3014 26 20 be
440 3013 50 22 sold
505 3016 24 19 to
544 3020 43 21 pay
602 3014 38 22 the

58 3041 59 23 debt.

82 3067 48 23 The
141 3067 116 23 Governor
267 3067 126 27 continued,
395 3067 51 23 —lt
456 3075 44 15 was
515 3076 24 14 as
551 3075 83 15 reason'

61 3095 50 22 able
121 3102 29 14 an
162 3095 99 22 estimate
271 3102 23 14 as
303 3095 30 21 he
343 3095 64 22 could
416 3095 57 26 give,
490 3095 16 22 it
522 3095 89 22 shewed
628 3103 14 14 a

55 3122 94 22 balance
169 3122 63 22 when
253 3121 117 28 compared
388 3122 52 22 with
460 3123 37 21 the
517 3123 47 21 first
572 3127 68 17 state-

56 3152 63 19 ment
129 3148 24 23 of
165 3149 103 26 £26,000,
277 3149 48 21 that
342 3149 93 22 balance
454 3156 43 14 was
514 3154 40 17 not
569 3150 71 22 avail-

57 3176 58 27 able,
126 3182 42 16 nor
177 3175 72 23 would
259 3177 18 21 it
283 3176 30 22 be
322 3177 33 21 for
363 3183 61 15 some
443 3176 54 22 time
506 3184 5 19 ;
529 3177 37 21 the
584 3177 56 28 posi-

57 3203 48 21 tion
115 3210 31 14 we
158 3209 57 15 were
224 3203 30 26 in,
266 3203 82 27 having
358 3203 97 27 £14,000
465 3208 23 17 to
497 3203 91 28 provide
598 3205 41 26 for,

55 3236 34 15 we
99 3229 70 27 ought
179 3233 39 18 not
227 3233 22 18 to
260 3229 25 22 be
296 3230 144 26 discouraged
450 3233 24 19 at
491 3230 83 27 having
591 3231 49 21 that

57 3263 49 15 sum
116 3260 23 18 to
148 3261 57 23 pay;
221 3256 30 22 all
261 3256 94 22 colonies
371 3256 44 22 had
430 3257 58 22 been
504 3257 91 22 assisted
611 3258 29 27 by

57 3283 38 23 the
106 3282 76 23 Home
200 3283 167 27 Government;
384 3283 42 22 this
438 3284 80 27 colony
529 3284 42 22 had
581 3285 58 21 been

56 3309 99 27 assisted,
175 3309 41 23 but
234 3309 150 28 moderately;
409 3310 38 22 the
465 3311 129 27 impression
618 3314 22 19 at

56 3337 67 23 home
142 3336 65 22 when
225 3336 29 24 he
273 3335 47 27 (the
336 3337 127 26 Governor)
481 3338 42 21 left
537 3345 44 15 was
592 3338 48 22 that

56 3364 46 22 this
120 3363 82 29 colony
212 3363 63 23 could
285 3370 45 21 pay
343 3363 28 22 its
388 3371 47 15 own
452 3371 113 21 expenses,
583 3372 56 15 even

57 3395 24 19 at
89 3391 99 26 £50,000
195 3398 39 20 per
244 3397 94 20 annum;
353 3390 35 22 his
403 3391 95 28 surprise
515 3399 27 15 on
560 3393 80 21 arrival

56 3417 67 23 could
141 3418 28 21 be
186 3417 112 27 imagined
315 3421 22 17 at
351 3416 85 28 finding
459 3418 38 22 the
517 3418 79 29 colony
615 3419 23 22 in

56 3445 54 23 debt
118 3444 44 23 and
171 3444 97 26 scarcely
278 3451 45 20 any
333 3450 102 16 revenue.

84 3471 67 23 After
168 3478 60 16 some
245 3471 86 24 further
348 3470 129 27 discussion,
494 3471 40 24 Dr.
553 3472 85 23 Martin

55 3498 124 27 remarked,
195 3506 29 14 on
241 3498 84 22 motion
340 3497 68 28 being
423 3498 66 22 made
502 3502 23 18 to
534 3499 57 22 have
600 3500 39 22 the

55 3529 120 19 statement
193 3525 88 28 printed
298 3524 24 24 in
346 3524 37 22 the
402 3524 104 27 minutes,
525 3526 52 22 -that
600 3527 38 21 the

57 3555 118 20 •tatement
190 3553 107 22 defective
313 3560 24 14 as
352 3551 18 23 it
385 3558 43 15 was
445 3551 109 23 admitted
571 3556 22 19 to
602 3553 35 28 be,

55 3579 75 23 would
149 3582 39 19 not
192 3584 4 10 1
203 3579 84 23 benefit
306 3580 38 21 the
359 3579 79 30 colony
455 3579 30 28 by
501 3579 68 28 being
583 3581 57 26 pub-

56 3605 81 28 lished,
148 3606 196 28 notwithstanding
353 3607 28 21 its
390 3605 114 29 flattering
513 3606 93 22 balance
617 3608 26 21 of

56 3633 106 28 £26,000,
172 3633 28 22 he
210 3633 109 22 therefore
330 3633 80 23 moved
419 3633 49 24 that
475 3633 20 22 it
503 3633 81 22 should
599 3638 48 18 not'

56 3660 29 23 be
95 3660 87 28 printed
190 3659 24 23 in
219 3660 38 22 the
267 3661 102 22 minutes.
644 3676 3 11 ,

84 3687 89 24 Mot.op
181 3687 80 27 agreed
270 3690 29 19 to.

84 3714 44 23 Mr.
146 3714 82 22 Brown
246 3714 81 22 moved
343 3714 34 22 for
394 3722 13 14 a
421 3718 77 19 return
510 3714 24 22 of
546 3715 37 22 the
592 3715 48 23 Ex-

55 3744 61 30 ports
134 3741 47 24 and
197 3741 95 28 Imports
307 3741 35 22 for
357 3741 37 22 the
412 3749 54 24 year
482 3741 61 28 1843,
560 3742 45 22 and
616 3749 23 15 as

55 3764 45 28 late
108 3769 24 21 in
144 3769 54 22 1844
207 3775 24 14 as
240 3768 101 27 possible,
351 3768 99 28 shewing
459 3769 38 22 the
507 3771 93 20 amount

55 3802 98 15 revenue
162 3794 109 28 received,
282 3795 29 22 be
321 3795 94 27 thought
423 3796 19 21 it
456 3796 76 23 would
548 3797 99 24 materi-;

55 3820 46 32 ally
123 3822 65 22 assist
210 3821 60 24 them
288 3821 25 22 in
332 3822 57 22 their
407 3822 124 23 discussion
551 3831 28 14 on
600 3823 45 22 the'

55 3849 121 22 Estimates
185 3856 29 17 on
224 3848 116 28 Saturday.

81 3880 86 24 Return
177 3880 93 23 ordered
279 3884 22 19 to
313 3882 26 21 be
350 3880 113 28 produced
482 3889 29 15 on
529 3883 109 28 Saturday

55 3911 62 19 next.

82 3934 44 22 Mr.
142 3934 81 22 Brown
240 3934 45 22 also
299 3934 118 28 suggested
432 3934 50 23 that
496 3943 14 16 a
525 3936 114 28 quarterly

56 3963 118 20 ■tattment
190 3961 26 22 of
231 3960 95 28 Exports
340 3962 44 22 and
402 3962 95 28 Import*
515 3963 79 23 should
611 3964 28 22 be

667 1175 2 3 ■
703 1164 35 30 By
751 1164 36 23 the
796 1164 128 30 brigantine
935 1162 94 30 Sisters,
1044 1163 98 31 Captain
1155 1163 92 30 Clarke,

670 1196 73 24 which
755 1197 88 23 arrived
856 1204 29 16 on
898 1196 85 31 Friday
992 1196 52 29 last,
1052 1196 58 24 from
1120 1196 130 30 Auckland,

670 1237 32 16 we
713 1230 56 23 have
780 1230 102 23 received
893 1238 14 15 a
917 1229 38 24 file
969 1229 24 24 of
1002 1229 38 24 the
1051 1229 114 24 Southern
1176 1229 74 29 Cross,

668 1263 59 23 from
738 1263 38 23 the
788 1263 42 23 4th
841 1263 23 23 to
877 1263 38 23 the
936 1264 31 22 25
971 1262 23 24 th
1016 1262 66 31 May,
1100 1262 60 24 from
1179 1260 71 26 which

670 1303 32 15 we
713 1296 67 22 make
792 1304 122 14 numerous
925 1300 99 18 extracts
1033 1304 6 14 :—:
1040 1308 36 5 —

704 1329 89 23 Union
811 1329 78 23 Bank
908 1336 30 16 of
963 1329 159 23 Australia.
1124 1341 35 4 —
1159 1328 29 24 In
1211 1336 39 16 our

670 1363 101 23 remarks
783 1363 44 23 last
839 1362 63 24 week
925 1370 29 15 on
974 1362 38 23 the
1031 1362 49 23 Bill
1098 1363 68 22 about
1183 1366 22 19 to
1224 1363 26 23 be

670 1396 96 31 brought
784 1396 76 23 before
883 1396 39 23 the
944 1395 103 29 Council,
1068 1399 24 19 to
1112 1395 78 23 enable
1213 1396 37 23 the

670 1429 77 23 Union
760 1429 67 24 Bank
840 1434 23 17 to
874 1436 41 16 sue
925 1428 46 23 and
983 1433 22 18 to
1017 1429 28 22 be
1057 1428 63 23 sued,
1134 1436 33 15 we
1186 1430 64 21 attri-

670 1462 143 24 butedblame
821 1467 22 18 to
852 1462 37 23 the
898 1461 226 31 Attorney-General
1134 1462 116 31 forhaving

669 1495 91 24 omitted
781 1500 22 18 to
822 1496 72 22 insert
913 1496 24 21 in
956 1495 49 23 that
1017 1495 47 22 Bill
1076 1503 13 14 a
1101 1495 75 23 clause
1189 1502 60 16 com-

668 1528 84 31 pelling
764 1529 48 23 that
825 1529 118 30 Company
953 1533 23 19 to
987 1536 43 24 pay
1043 1528 74 31 specie
1139 1528 35 23 for
1192 1528 58 24 their

669 1569 46 15 own
728 1567 72 18 notes.
848 1561 25 24 It
892 1563 20 22 is
931 1561 43 23 fair
994 1561 49 23 that
1061 1569 33 15 we
1105 1561 80 23 should
1198 1561 51 24 take

669 1595 37 23 the
718 1595 91 23 earliest
827 1596 147 29 opportunity
993 1595 26 23 of
1033 1595 94 30 stating,
1145 1594 104 31 that\the

668 1627 226 32 Attorney-General
905 1628 41 23 has
962 1627 45 24 had
1026 1628 96 30 nothing
1139 1627 111 25 whatever

669 1667 22 17 to
711 1661 27 23 do
757 1661 54 23 with
831 1661 37 23 the
885 1660 101 32 framing
1005 1660 23 24 of
1045 1660 38 24 the
1101 1660 54 30 Bill,
1169 1661 79 30 which,

668 1695 66 30 being
746 1702 13 15 a
771 1695 85 30 private
868 1694 54 29 Bill,
936 1694 40 23 has
988 1695 57 22 been
1057 1693 87 24 framed
1164 1695 29 30 by
1212 1695 37 22 the

669 1728 136 30 Company's
818 1735 49 15 own
888 1732 75 26 agent.
1011 1727 55 23 And
1088 1735 33 15 we
1142 1735 38 15 are
1197 1735 52 24 per-

668 1761 90 28 suaded,
783 1761 64 23 when
868 1761 17 23 it
905 1768 75 16 comes
996 1760 77 24 before
1092 1761 38 23 the
1146 1761 102 29 Council,

668 1794 48 23 that
726 1794 38 23 the
776 1794 123 31 Attorney-
903 1794 100 23 General
1014 1793 45 24 will
1071 1794 28 23 be
1110 1793 38 24 the
1161 1794 50 23 first
1227 1799 22 19 to

667 1828 66 22 insist
755 1827 49 23 that
823 1836 13 14 a
854 1827 77 23 clause
950 1831 22 19 to
993 1827 37 23 the
1050 1827 65 23 effect
1126 1827 90 24 alluded
1228 1832 21 19 to

668 1860 43 22 will
724 1860 26 22 be
761 1860 139 22 introduced.
903 1873 35 4 —
939 1860 103 22 Souhem
1054 1859 76 23 Cross.

701 1894 130 23 Members
849 1901 31 16 of
899 1893 124 30 Council,
1024 1905 34 6 —
1059 1893 42 23 We
1112 1893 137 24 understand

668 1926 47 25 that
736 1927 47 23 Mr.
804 1926 102 29 Clifford,
925 1927 38 23 the
974 1926 129 31 gentleman
1115 1926 97 25 selected
1227 1931 22 20 to

667 1961 20 22 si
699 1961 22 23 in
734 1960 96 24 Council
842 1968 25 16 as
879 1960 38 23 the
929 1961 176 30 representative
1124 1960 25 23 of
1166 1960 83 29 Cp.ok's

668 1994 89 28 Straits,
767 1993 42 24 has
821 1994 90 23 arrived
926 1994 24 22 in
969 1998 66 19 town.
1084 1993 165 33 Weare^uite

666 2025 105 30 ignorant
783 2025 24 22 of
823 2025 38 23 the
872 2025 90 30 politics
981 2025 44 22 and
1044 2024 97 23 abilities
1160 2025 24 23 of
1201 2025 46 23 Mr.

668 2058 101 28 Clifford,
781 2058 42 23 but
834 2065 32 16 we
879 2058 57 23 have
948 2065 67 22 every
1027 2065 80 15 reason
1120 2062 22 18 to
1150 2065 99 24 suppose

668 2091 27 23 he
708 2091 43 23 will
764 2091 76 23 attend
853 2096 22 19 to
889 2091 111 23 whatever
1012 2091 27 23 he
1053 2098 51 23 may
1115 2090 85 25 reckon
1212 2090 37 24 the

668 2126 94 22 interest
773 2124 25 23 of
812 2125 50 22 that
873 2128 52 28 part
937 2124 24 23 of
976 2124 38 23 the
1027 2123 80 31 colony
1127 2124 74 23 where
1218 2123 31 26 .he

667 2158 93 23 resides.
812 2158 45 23 We
869 2158 59 23 shall
939 2165 56 15 soon
1006 2157 28 23 be
1046 2158 23 22 in
1080 2165 14 15 a
1103 2158 113 22 condition
1226 2161 23 19 to

664 2191 79 31 judge.
796 2191 43 23 We
863 2199 37 15 are
924 2191 76 31 happy
1024 2195 22 18 to
1066 2191 54 22 hear
1141 2191 49 22 that
1201 2190 48 24 Mr.

669 2224 101 23 Clendon
787 2224 41 24 has
850 2224 105 31 resigned
964 2227 5 4 '
975 2224 36 22 his
1034 2229 50 17 seat
1103 2225 22 22 in
1146 2224 103 24 Council.

668 2257 43 23 We
725 2265 37 16 are
774 2257 52 32 glad
839 2258 24 23 of
878 2257 47 24 this
937 2257 53 24 both
1004 2265 28 15 on
1044 2257 36 23 his
1092 2264 49 16 own
1157 2262 92 19 account

668 2299 24 15 as
703 2291 48 23 well
764 2299 24 15 as
800 2298 30 16 on
841 2295 97 19 account
949 2291 29 25 of,
990 2290 36 24 the
1039 2290 80 31 colony
1130 2299 6 19 ;
1160 2291 28 23 he
1210 2290 39 24 has

666 2324 31 30 by
720 2333 24 14 so
763 2325 69 30 doing
849 2324 69 23 saved
935 2323 92 24 himself
1043 2323 67 24 much
1122 2332 127 23 annoyance

668 2358 19 22 if
702 2362 38 19 not
751 2365 56 16 even
819 2358 85 29 injury.
906 2370 33 3 —
939 2356 62 24 Ibid.

702 2391 60 23 Th»
778 2391 149 24 Wesleyan
948 2391 118 23 Mission.
1069 2403 34 4 —
1104 2390 43 23 We
1168 2390 82 24 under-

668 2424 66 24 stand
746 2424 49 24 that
807 2424 89 24 several
907 2424 112 24 members
1032 2424 25 23 of
1073 2424 37 23 the
1129 2424 122 30 Wesleyan

668 2457 98 24 Missiou
778 2457 57 24 have
846 2458 90 23 arrived
947 2459 24 21 in
983 2457 38 23 the
1033 2462 60 18 town
1105 2457 34 24 for
1152 2457 37 23 the
1196 2465 55 23 pur-

668 2499 54 22 pose
733 2492 25 22 of
772 2491 96 31 holding
879 2499 15 15 a
905 2491 132 23 conference
1049 2491 53 23 with
1114 2490 38 24 the
1165 2491 85 30 Siiper-

668 2524 116 23 intendant
796 2525 122 30 regarding
931 2525 38 22 the
980 2525 93 29 general
1083 2524 76 23 affairs
1171 2524 23 23 of
1213 2525 38 22 the

669 2558 105 24 Mission.
823 2558 43 23 We
889 2563 60 19 trust
971 2558 48 23 Mr.
1044 2558 84 30 Lawry
1149 2557 46 23 will
1213 2562 40 18 not

668 2591 71 31 forget
751 2591 39 23 the
809 2591 89 32 subject
917 2592 25 22 of
964 2591 74 24 native
1058 2591 96 24 schools.
1202 2591 50 23 Tne

667 2624 86 24 further
765 2625 163 23 advancement
946 2624 26 24 of
986 2625 39 23 the
1042 2626 88 22 natives
1151 2624 25 24 of
1195 2624 57 24 New

668 2658 99 23 Zealand
779 2657 99 32 depends
892 2657 126 31 altogether
1029 2666 62 23 upon
1109 2657 59 24 their
1185 2657 68 31 being

668 2691 80 30 taught
758 2691 39 25 the
809 2690 103 32 English
924 2691 120 30 language.
1065 2691 43 23 We
1117 2691 57 23 have
1186 2699 67 23 every

669 2732 79 15 reason
759 2728 24 19 to
795 2729 82 27 expect
887 2725 50 22 that
950 2725 47 23 Mr.
1011 2724 85 32 Lawry
1115 2725 47 23 will
1179 2724 74 23 follow

669 2765 13 15 a
693 2757 105 24 different
809 2758 54 31 plan
875 2758 58 23 from
945 2758 50 23 that
1006 2758 24 23 of
1045 2758 40 23 the
1097 2758 88 32 Bishop
1194 2767 6 20 ;
1214 2758 39 23 but

669 2798 33 15 we
715 2791 65 23 think
792 2791 28 23 he
833 2791 71 31 ought
915 2795 23 19 to
951 2791 27 23 be
997 2798 50 17 now
1062 2793 93 29 moving
1174 2792 25 23 in
1204 2800 3 3 '
1216 2791 37 24 the

669 2828 89 19 matter,
760 2836 33 5 —
794 2823 62 24 Ibid.

2133 3093 123 20 DUTIES.

1897 3118 100 22 British
2008 3118 90 22 Spirits
2315 3121 33 20 4s.
2357 3127 42 20 per
2407 3119 77 27 gallon.

1886 3154 2 24 I
1898 3145 106 22 Foreign
2013 3144 57 23 ditto
2316 3147 33 21 ss.
2359 3154 40 20 per
2406 3146 78 28 gallon.

1897 3172 106 22 Tobacco
2012 3172 178 28 manufactured,
2319 3175 30 21 Is.
2357 3181 42 20 per
2407 3173 30 23 lb.

2011 3199 209 23 Unmanufactured
2315 3200 38 22 tJd.
2364 3208 40 20 per
2411 3200 31 22 lb.

1898 3227 76 21 Snuff
2316 3229 33 21 2s.
2358 3226 79 29 perlb.

1898 3254 88 22 Cigars
2317 3256 33 20 2s.
2361 3262 40 20 per
2409 3254 30 22 lb.

1899 3281 83 22 Wines
2309 3281 26 22 15
2349 3288 40 21 per
2397 3283 57 21 cent.
2461 3282 2 10 '

1898 3308 57 27 Tea,
1970 3309 83 26 Sugar,
2070 3309 89 27 Flour,
2178 3309 117 28 Wheat,!

1917 3335 46 23 and
1972 3335 63 25 qjher
2046 3336 89 27 Grain,
2145 3337 13 21 5
2168 3343 40 21 per
2218 3341 59 18 cent.
2290 3331 5 27 I
2340 3350 7 7 •
2388 3337 11 21 ,'
2411 3358 22 6 M
2435 3357 20 3 _

1899 3362 39 23 All
1948 3363 63 22 other
2018 3363 110 23 Foreign
2133 3351 144 40 productions
2289 3351 13 46 f
2319 3351 30 22 ad
2359 3351 96 22 valoreni
2457 3365 6 6 -

1912 3389 45 23 and
1962 3391 169 22 manufactures
2140 3392 25 21 10
2170 3398 41 19 per
2218 3395 58 18 cent.
2282 3386 13 31 J

2102 3417 189 24 EXCHANGE.

1901 3500 35 22 On
1947 3500 87 28 Sydney
2324 3501 73 22 Ditto.

1901 3527 89 22 Private
2000 3527 49 22 bills
2301 3528 113 22 Nominal.
