2460 3850
13 34 2370 124 THE

13 158 592 124 OXFORD
704 158 296 124 AND
1099 158 395 124 CUST
1593 158 790 124 OBSERVER

578 288 177 54 AND
828 284 570 56 CANTERBURY
1468 282 382 62 LIBERAL,

667 365 506 41 CIRCULATING
1218 366 506 36 THROUGHOUT

13 406 697 110 NORTH
849 406 1534 110 CANTERBURY.

1054 539 221 29 Established
1317 537 89 31 1889.

721 659 103 32 EAST
873 657 180 35 OXFORD,
1096 652 236 40 SATURDAY,
1380 649 194 33 OCTOBER
1617 649 28 34 1,
1698 648 76 30 1892

1964 645 130 30 Price—
2096 645 82 30 ONE
2214 643 143 32 PENNY

43 657 65 32 Vol
129 659 70 29 4—
199 659 58 30 No.
303 657 81 38 164.]

1869 782 66 43 M.
2005 783 382 47 SANDSTEES

1874 847 90 52 HAS
1987 854 47 15 now
2048 850 74 21 moved
2137 851 46 21 into
2198 851 34 21 his
2248 852 66 21 NEW
2332 852 54 20 PBE

1956 875 90 26 MISES,
2065 882 28 14 on
2112 877 35 21 the
2164 878 43 21 Site
2225 878 68 21 which
2311 878 26 21 he
2356 878 39 21 has

1869 901 97 25 occupied
1976 902 75 25 during
2060 903 36 21 the
2111 905 47 24 past
2168 906 146 23 twenty-seven
2328 911 68 18 years,

1868 927 42 19 and
1928 929 78 24 opened
2024 928 33 21 his
2075 929 68 21 NEW
2165 930 95 25 STOCK,
2279 931 117 26 purchased

1867 952 59 21 when
1936 959 28 15 on
1973 953 33 22 his
2016 954 49 22 visit
2078 959 22 17 to
2108 956 90 27 Europe.

1893 984 164 27 Arrangements
2064 986 77 27 having
2146 987 51 22 been
2206 989 61 20 made
2276 989 32 20 for
2314 990 82 25 regular

1869 1010 97 27 Monthly
1981 1012 121 26 Shipments
2118 1016 22 18 of
2160 1015 50 20 New
2225 1016 76 23 Goods,
2313 1016 26 20 he
2355 1016 39 20 has

1869 1038 86 19 marked
1970 1039 36 19 the
2022 1039 61 20 Stck
2102 1041 22 18 at
2138 1040 53 21 such
2204 1046 67 20 puces
2284 1047 23 15 as
2317 1047 77 17 cannot

1868 1062 38 20 fail
1916 1065 22 19 to
1948 1070 69 16 secure
2031 1071 12 14 a
2052 1066 62 24 quick
2129 1066 49 21 sale.
2219 1067 45 20 The
2272 1068 78 26 capital
2358 1068 38 20 in-

1848 1087 2 14 -1
1869 1089 69 21 vested
1949 1092 55 19 must
2014 1091 25 21 be
2048 1092 104 27 promptly
2161 1094 75 20 turned
2245 1100 54 17 over.

1896 1120 33 21 He
1951 1122 39 20 has
2012 1124 95 24 pleasure
2128 1124 23 21 m
2171 1125 101 26 directing
2290 1127 105 21 attention

1868 1148 100 26 specially
1984 1150 20 19 to
2021 1150 35 21 the
2071 1150 152 26 DIAMONDS,
2239 1152 57 21 loose
2305 1153 42 21 and
2358 1155 37 23 3et,

1868 1174 42 20 and
1919 1174 59 21 oiher
1987 1176 96 21 Precious
2093 1177 82 22 Stones.

1895 1205 172 23 WATCHES.—
2067 1209 33 25 By
2110 1209 77 26 special
2203 1212 145 24 arrangement
2367 1212 27 21 he

1869 1232 18 20 is
1904 1232 86 21 enabled
2007 1235 21 19 to
2036 1235 46 24 give
2098 1235 36 21 the
2143 1236 46 20 best
2203 1237 61 20 value
2272 1238 24 20 m
2305 1239 89 24 genuine

1868 1258 158 25 English-made
2036 1261 66 21 Silver
2116 1262 42 20 and
2167 1263 55 20 Gold
2231 1263 97 22 Watches
2344 1265 49 21 that

1867 1284 40 21 has
1916 1291 47 15 ever
1971 1286 52 20 been
2060 1287 48 21 ered
2116 1289 23 19 m
2149 1289 43 20 this
2202 1289 86 26 Colony.

1895 1316 85 26 Having
1989 1317 74 26 family
2078 1319 135 21 connections
2222 1320 51 21 with
2281 1320 61 21 Paris
2351 1328 43 15 ana

1868 1342 89 20 London
1971 1343 106 22 Diamond
2094 1345 42 21 and
2147 1345 106 27 Jewellery
2268 1347 119 23 Merchants

1867 1369 70 25 places
1954 1369 45 21 him
2017 1371 23 20 m
2058 1377 13 15 a
2088 1372 92 25 position
2197 1374 21 19 to
2238 1374 37 20 sell
2293 1374 35 21 the
2346 1376 47 20 best

1868 1395 81 21 articles
1959 1397 23 19 at
1991 1403 13 14 a
2012 1398 121 20 reasonable
2145 1399 63 26 price.
2251 1400 44 21 The
2303 1401 91 26 Jobbing

1867 1422 42 20 and
1918 1422 170 28 Manufacturing
2097 1425 18 19 is
2131 1426 80 20 carried
2226 1428 37 19 out
2278 1428 66 21 under
2358 1429 36 20 his

1848 1447 2 26 |
1867 1454 46 15 own
1922 1450 129 25 supervision
2060 1453 23 18 at
2089 1451 35 21 the
2130 1452 81 21 Lowest
2217 1454 69 20 Prices
2293 1454 101 23 Possible,

1895 1501 29 19 M.
1937 1501 157 24 SANDSTEIN
2103 1503 39 22 has
2157 1506 112 25 appointed
2278 1507 42 21 Mb.
2329 1508 24 20 E.
2363 1508 29 21 H.

1868 1527 80 22 Parish
1963 1535 24 15 as
2002 1529 34 21 his
2051 1530 78 22 Oxford
2142 1531 101 27 AGENT,
2257 1533 47 20 who
2319 1534 43 21 will
2371 1541 13 14 a

1867 1560 43 19 any
1919 1555 51 21 time
1978 1562 92 19 procure,
2084 1563 28 13 on
2127 1559 145 26 approbation,
2290 1561 106 24 Watches,

1848 1582 2 29 |
1869 1580 79 26 Clocks,
1959 1582 42 20 and
2010 1583 112 25 Jewellery,
2131 1585 33 19 for
2180 1585 33 20 his
2227 1587 77 20 Oxford
2319 1587 75 20 clients

1872 1608 21 20 to
1904 1607 62 21 select
1979 1608 63 26 from,
2052 1610 22 20 at
2084 1610 36 20 the
2137 1616 58 16 same
2204 1613 56 24 price
2276 1619 23 15 as
2306 1613 90 26 charged

1867 1635 22 19 at
1898 1634 36 21 the
1944 1635 148 22 Christchnrch
2100 1637 176 23 Establishment.

1909 1686 57 41 M.
2011 1687 339 50 SANDSTEIN,

2013 1740 108 22 OASHEL
2135 1741 115 26 STEEET,

1957 1776 348 29 CHEISTCHU.RCH.

1870 1858 76 56 A.
1964 1858 80 57 ».
2074 1845 320 77 HasisaH

1985 1928 287 41 SADDLER
2308 1950 10 19 ,
2340 1955 60 18 ,*■

1961 1980 3 9 '■
2041 1977 5 17 '
2069 1983 8 21 ?
2192 1975 44 20 '*"■"
2311 1973 5 12 ''
2396 1978 4 3 '

1945 2091 359 57 OUST.

1870 2160 97 51 BEGS
1977 2161 21 20 to
2013 2161 67 21 thank
2091 2162 35 21 the
2139 2162 133 23 inhabitants
2288 2166 22 19 of
2325 2166 67 21 North

1940 2187 129 26 Canterbury
2086 2189 33 20 for
2133 2190 36 19 the
2186 2190 76 21 liberal
2279 2194 113 24 patronage

1866 2213 90 19 received
1976 2213 75 25 during
2075 2215 36 19 the
2133 2218 48 23 past
2204 2219 37 17 ten
2262 2223 66 19 years,
2351 2220 42 19 and

1865 2237 77 22 desires
1951 2239 22 19 to
1980 2239 41 20 call
2031 2241 106 21 attention
2147 2244 22 18 to
2178 2242 35 21 his
2221 2245 72 20 varied
2302 2246 59 19 stock
2370 2246 22 20 of

1892 2265 153 24 SADDLEBY,
2061 2267 41 24 &c,
2116 2269 68 20 which
2192 2270 19 19 is
2221 2269 61 27 being
2291 2271 75 21 offered

2035 2294 23 20 at
2066 2293 81 22 Lowest
2156 2296 76 21 Prices.

1868 2345 131 32 Subjoined
2010 2354 41 17 are
2063 2355 14 16 a
2088 2348 103 25 number
2199 2349 26 24 of
2230 2350 96 25 articles
2336 2351 50 25 kon<

2050 2380 27 24 m
2089 2381 69 24 stock
2168 2389 5 16 :
2175 2396 33 4 —

1898 2421 122 27 Habness.
2021 2437 33 4 —
2056 2422 58 30 Cab,
2137 2424 56 32 Dog
2215 2425 66 30 Cart,
2304 2427 84 33 Buggj

1865 2453 90 33 (plated
1989 2455 49 24 and
2071 2455 67 26 brass
2166 2458 138 35 furniture),
2334 2461 56 32 Gig,

1868 2487 80 29 Shaft,
1961 2488 118 33 Leading,
2091 2490 49 24 and
2152 2491 106 32 Plough.

1900 2520 103 25 Chains.
2004 2536 33 4 —
2037 2522 109 31 Leading
2166 2523 91 25 Chains
2276 2526 64 24 from
2363 2529 28 22 6s

1865 2552 47 29 6d;
1930 2552 97 33 Plough
2034 2554 101 29 Chains,
2142 2555 65 25 from
2217 2558 28 24 3s
2254 2557 43 30 6d;
2315 2559 68 24 Back

1864 2585 60 31 Tug,
1937 2586 49 24 and
1997 2587 56 31 Dog
2065 2587 99 26 Chains.

1900 2618 118 26 Saddles.
2024 2632 45 7 —
2087 2621 167 27 Gentlemen's
2285 2623 104 26 Saddles,

1866 2651 71 32 from,
1946 2653 36 23 £?>
1994 2660 5 21 ;
2024 2653 96 25 Ladies'
2143 2655 108 30 Saddles,
2269 2663 25 18 at
2312 2659 53 22 Pru-

1865 2686 25 24 to
1902 2684 48 25 suit
1962 2684 34 26 all
2007 2689 140 23 customers.

1898 2718 122 25 Belting.
2032 2734 33 3 —
2083 2720 55 24 Mill
2161 2723 49 23 and
2234 2723 160 26 ChaH-cutter

1869 2750 67 25 Belts
1948 2752 26 23 of
1983 2759 48 24 any
2041 2752 87 31 length
2141 2755 49 24 and
2202 2756 83 25 width.

1901 2784 88 24 Horse
1997 2785 148 26 Medicines.
2148 2802 33 3 —
2181 2788 131 26 Elliman's
2319 2790 76 32 Eoyal

1868 2817 182 28 Embrocation,
2071 2818 101 25 Cottie's
2193 2821 112 26 Colonial
2323 2822 70 29 Cure,

1867 2849 93 30 Fryer's
1969 2850 108 29 Balsam,
2085 2851 88 25 Worm
2183 2853 122 30 Powders,
2317 2855 79 26 Sweet

1868 2882 77 29 Nitre,
1970 2882 119 30 Stevens',
2114 2884 99 31 James',
2233 2888 48 24 and
2305 2888 91 26 Slesin-

1867 2917 60 30 gers'
1941 2915 152 33 Blisterings.

1901 2948 113 32 Carriage
2043 2950 102 32 Lamps,
2183 2952 98 33 Whips,
2311 2954 85 33 Spurs,

1848 2991 2 17 i
1868 2982 162 31 Breaking-in
2049 2983 72 29 Gear,
2144 2985 54 25 Soft
2222 2987 72 31 Soap,
2318 2989 78 32 Lamp

1871 3014 81 30 Black,
1967 3015 80 31 Sheep
2061 3017 82 29 Skins,
2158 3018 62 25 Sack
2232 3020 89 33 Twine,
2333 3022 63 32 Leg-

1869 3048 78 31 gings,
1961 3048 170 32 Currycombs,
2150 3051 58 25 Iron
2220 3053 49 24 and
2289 3054 109 26 Wooden

1869 3080 100 29 Haaies,
1983 3081 43 24 &c.

1902 3113 78 25 Eope.
1982 3128 33 3 —
2015 3113 111 31 Manilla,
2150 3116 91 33 Hemp,
2265 3120 49 24 and
2337 3121 63 25 Flax

1870 3145 26 25 of
1916 3146 33 24 all
1974 3147 62 24 sizes
2066 3147 118 33 (English
2211 3151 50 25 and
2290 3153 110 27 Colonial

1872 3178 189 34 manufacture).
2124 3183 153 32 Tarpaulins,
2317 3187 81 29 Teaks,

1871 3212 92 24 Binder
1990 3213 108 33 Aprons,
2128 3215 134 32 Elevators,
2291 3219 109 29 Butters,

1872 3246 150 32 Polestraps,
2035 3247 94 32 Eiding
2140 3250 96 26 Bridles
2243 3252 102 31 (Snaffb
2351 3255 48 24 and

1877 3279 129 33 Pelhans),
2019 3281 62 23 from
2095 3283 58 24 GsGd
2166 3286 26 21 to
2199 3285 51 24 12s
2263 3286 39 25 Gd.

1910 3312 70 26 Oils.
1984 3327 31 5 —
2017 3312 20 25 A
2048 3313 68 32 large
2127 3317 113 32 quantity
2249 3326 25 17 o:
2286 3320 114 26 Machine

1874 3345 52 25 Oils
1937 3348 26 21 at
1987 3346 175 27 Ohristchurch
2170 3351 85 29 prices,
2275 3353 126 32 including

1872 3377 60 25 Eaw
1943 3378 49 25 and
2003 3378 87 25 Boiled
2097 3380 114 32 Linseed,
2225 3383 91 31 Castor,
2325 3375 75 37 Lanf

1873 3410 97 25 Golden
1988 3412 152 34 Machinery,
2159 3415 137 32 Valvolina,
2318 3419 81 31 Colza,

1852 3456 3 4 ■
1872 3443 47 24 and
1930 3444 134 26 Neatsfoot.

1876 3504 167 25 Second-hand
2069 3506 99 26 Saddles
2198 3511 85 31 oouglit
2310 3521 27 15 or
2362 3522 39 16 ex-

2020 3538 106 31 changed
2131 3540 47 30 for
2196 3549 58 17 new.

1953 3577 168 22 HOESEHAIE
2143 3581 178 27 PUECHASED,

1876 3630 80 31 Agent
1973 3630 38 25 for
2029 3631 40 24 the
2087 3632 124 31 Lyttelton
2230 3638 81 24 Times
2331 3639 72 26 Com-

1875 3671 72 23 pany.
1982 3664 88 24 Orders
2083 3665 68 25 taken
2168 3667 37 25 for
2216 3670 48 23 and
2276 3672 126 32 Subscrip-

1875 3697 65 22 tions
1950 3696 110 23 received
2071 3704 31 16 on
2109 3702 104 23 account
2225 3699 27 26 oY
2262 3706 5 10 J
2278 3704 125 31 Lyfctelton

1855 3726 156 39 jTiYnes,'|g«
2023 3727 151 36 Canterbury
2216 3733 98 31 Times,'
2338 3756 3 3 .
2356 3739 49 24 and

1853 3760 90 27 ■Star.
1953 3759 17 32 (I

1289 820 179 45 JOHN
1533 817 285 52 INGKAM,

1290 906 58 22 HAS
1362 907 56 21 FOR
1431 907 70 22 SALE
1517 907 36 21 BY
1569 907 121 21 PRIVATE
1703 905 118 22 TBEATI.

1397 1053 33 21 On
1439 1054 89 21 accourt
1538 1054 21 20 of
1568 1053 35 21 Mr
1613 1052 102 22 Johnson.

1293 1116 57 25 Shop
1357 1117 42 20 and
1413 1117 102 28 dwelling,
1524 1118 98 24 fronting
1631 1117 38 21 the
1678 1115 59 21 Main
1750 1113 67 24 Eoad,

1293 1143 95 25 opposite
1397 1144 92 22 Pearson
1509 1146 58 21 Park
1589 1151 28 15 on
1635 1144 46 21 half
1691 1149 28 15 an
1797 1140 23 21 of

1291 1169 59 21 land.

1293 1333 55 22 That
1367 1336 130 22 two-storied
1514 1337 100 27 Building
1632 1344 28 14 on
1678 1336 36 21 the
1729 1334 94 25 Terrace,

1294 1362 94 26 opposite
1399 1364 43 19 Mrs
1452 1365 80 20 Leurs'.

1388 1469 33 21 On
1430 1471 89 20 account
1528 1471 22 20 of
1560 1470 35 21 Mr
1609 1471 29 20 H.
1648 1470 80 21 Heabn.

1293 1512 39 23 His
1341 1521 50 21 very
1406 1514 98 29 compact
1531 1519 56 21 little
1595 1519 100 26 Property
1712 1517 23 20 m
1754 1516 69 26 Queen

1293 1542 73 24 Street,
1376 1545 122 26 containing
1507 1545 64 21 about
1579 1546 28 27 4£
1615 1546 62 20 Acres
1686 1545 22 20 of
1714 1543 46 21 rich
1766 1542 57 24 land,

1294 1568 122 22 subdivided
1426 1570 47 22 into
1482 1573 79 20 several
1571 1573 63 19 small
1642 1571 112 26 paddocks,
1771 1569 52 21 with

1294 1595 52 22 good
1365 1596 72 21 House
1454 1599 94 24 thereon;
1566 1599 59 20 brick
1642 1599 52 19 well.
1719 1597 50 21 Cost
1787 1595 36 21 the

1294 1626 70 15 owner
1373 1623 60 21 £250.
1461 1625 51 21 Will
1521 1625 25 21 be
1555 1625 45 21 sold
1610 1627 23 19 at
1642 1632 13 14 a
1665 1630 48 20 very
1722 1622 101 23 consider-

1291 1647 45 22 ab'e
1345 1649 108 22 reduction
1463 1658 26 15 on
1498 1653 70 21 above
1577 1653 61 26 price.

1380 1804 31 21 On
1425 1809 88 20 account
1527 1809 24 20 of
1559 1809 35 21 Mr
1611 1809 33 21 W.
1658 1808 83 22 Neithe.

1327 1856 42 22 His
1383 1865 52 21 very
1453 1864 95 25 compact
1564 1863 58 21 liltte
1640 1863 93 28 grazing
1749 1862 72 25 Farm,

1294 1891 124 28 containing
1436 1895 27 21 40
1479 1902 66 19 acres,
1565 1898 50 20 with
1633 1898 55 25 good
1706 1898 12 20 6
1736 1896 84 21 roomed

1308 1923 88 27 welling
1404 1925 67 21 house
1480 1929 75 25 nearly
1566 1935 52 17 new,
1627 1929 68 20 stable
1705 1929 43 19 and
1761 1929 59 20 ebed.

1315 1960 57 15 acres
1382 1957 89 26 stumps,
1482 1960 30 29 |n
1536 1961 106 24 ploughed
1651 1962 49 25 part
1710 1961 24 20 of
1750 1960 68 21 which

1291 1985 18 20 is
1317 1986 30 23 ;in
1363 1987 51 21 fruit
1428 1989 63 22 trees.

1319 2018 45 20 The
1374 2022 98 25 property
1481 2022 19 21 is
1592 2016 94 29 situated
1695 2025 26 20 at
1729 2025 37 21 the
1774 2025 44 21 foot

1293 2051 23 21 of
1326 2053 34 20 the
1369 2053 48 28 Bay
1425 2055 68 27 Eoad,
1505 2057 54 22 East
1567 2058 86 26 Oxford,
1662 2059 56 26 price
1727 2060 65 21 .£360.

1510 2268 54 21 Also
1564 2280 29 3 —

1371 2319 33 21 On
1414 2323 89 19 account
1512 2323 22 20 of
1542 2323 34 20 Mr
1585 2323 57 21 John
1651 2323 87 22 Fishee.

1291 2352 42 23 His
1343 2356 96 21 valuable
1449 2357 64 21 Stone
1523 2359 81 26 Quarry
1613 2361 22 19 at
1644 2360 56 20 View
1709 2360 51 23 Hill,
1771 2365 47 16 con-

1290 2381 86 27 taining
1386 2383 36 20 the
1431 2384 45 20 best
1486 2385 94 25 building
1589 2387 60 19 stone
1657 2386 23 20 m
1690 2387 129 24 Canterbury

1291 2408 51 21 with
1351 2410 27 19 20
1386 2410 64 21 Acres
1460 2412 20 19 of
1489 2411 61 21 Land
1560 2418 27 15 on
1606 2412 68 22 which
1693 2413 57 21 there
1767 2413 19 21 is
1805 2420 13 14 a

1291 2440 57 16 seam
1360 2436 21 21 of
1389 2436 127 23 Limestone.

1357 2627 32 21 On
1400 2630 87 20 account
1503 2630 22 20 of
1540 2631 79 26 Joseph
1636 2631 114 21 Powvalke.

1318 2673 68 27 Eight
1396 2681 57 15 acres
1463 2677 22 20 of
1494 2677 58 23 land,
1704 2680 12 19 3
1734 2680 85 20 roomed

1292 2704 96 27 dwelling
1407 2707 93 26 thereon,
1514 2709 46 21 rice
1583 2711 85 25 garden,
1690 2712 130 21 surrounded

1291 2736 52 21 with
1349 2738 25 20 fir
1384 2739 62 20 trees.
1500 2740 59 21 Price
1570 2742 112 28 onlypSO.

1500 2994 36 22 TO
1548 2996 63 22 LET.

1451 3040 26 20 In
1494 3042 82 22 Horn's
1585 3045 80 21 Estate.

1294 3073 61 21 Good
1364 3075 96 26 dwelling
1469 3078 51 20 with
1530 3079 43 20 Ten
1582 3086 57 14 acres
1649 3083 23 19 of
1679 3083 57 21 land.

1299 3240 188 36 JOHN
1519 3245 304 40 INGRAM

1445 3354 235 33 AUCTIONEEE,

1378 3495 367 38 OXFORD.
1746 3487 2 8 1

703 1984 218 62 ROBERT
1001 1989 221 75 FISHER,,

739 2063 173 30 GENERAL
933 2067 257 29 STOREKEEPER

719 2111 94 45 Teas,
854 2112 129 47 Coffees,
1022 2114 123 47 Cocoas,
1177 2120 45 35 an

801 2162 139 40 General
962 2165 177 41 Groceries-

750 2214 139 30 WEST
952 2216 218 31 OXFORD.

740 2312 35 28 CS
791 2313 32 27 A
839 2314 128 26 f^T^T
989 2315 93 25 WES

696 2382 78 52 H.
801 2383 60 54 J.
879 2385 341 58 LAMING

788 2462 340 38 SADDLER

925 2508 62 20 AND

698 2542 281 41 HARNESS
1015 2547 205 40 MAKER

841 2594 70 25 Nea?.
929 2595 146 32 Saleyakds,

733 2637 130 41 O^y*
889 2639 44 21 'sst
1104 2643 44 22 «p^

801 2652 64 27 BfiSta
888 2652 32 27 J?
957 2653 44 28 \J
1028 2652 51 29 &fo
1104 2652 44 30 JU
1174 2672 13 11 B

698 2710 85 26 Orders
796 2712 48 25 and
861 2712 102 33 Repairs
973 2715 123 32 promptly
1108 2717 115 25 executed

858 2757 26 23 at
894 2756 84 25 lowest
989 2760 73 23 rates.

800 2821 140 39 HORSE
963 2823 160 40 COVERS

700 2871 97 39 made
809 2872 35 38 to
860 2873 100 39 Order
975 2874 78 40 and.
1057 2875 167 51 Repaired

758 2987 254 28 CALEDONIAN
1028 2991 142 27 HOUSE.

702 3046 213 49 JAMES

781 3105 81 26 BOOT.
879 3105 83 27 SHOE.
978 3107 25 26 &
1017 3107 128 28 SUPPER-

832 3138 256 32 Manufacturer.

802 3183 115 30 WEST
950 3184 176 32 OXFORD.

702 3234 48 21 Has
760 3241 28 13 on
796 3234 62 21 hand
867 3240 12 14 a
888 3235 102 26 splendid
997 3237 129 20 assortment
1133 3238 23 20 of
1162 3239 66 21 Boots

703 3267 42 19 and
757 3266 67 20 Shoes
834 3266 64 21 made
917 3273 28 14 on
955 3267 37 20 the
1002 3269 103 24 premises
1124 3271 25 19 at
1158 3270 68 25 prices

703 3297 53 19 that
765 3298 50 25 defy
825 3298 147 25 competition.
999 3299 60 26 Boys
1067 3300 79 21 School
1171 3303 54 24 oots,

703 3330 56 19 hack
769 3336 70 14 seams
848 3330 45 20 and
902 3330 61 21 front
971 3331 62 21 hand
1040 3337 64 19 sewn,
1113 3334 81 20 cannot
1200 3335 28 20 be

703 3362 123 24 surpassed.
858 3362 66 20 Men's
935 3363 47 20 best
988 3364 145 26 waSerfcights,
1144 3366 83 25 pegged

705 3393 47 25 15/-.
792 3393 96 26 BcspoliC
910 3393 138 25 department
1070 3396 101 25 carefully
1196 3397 33 20 at-

703 3424 84 20 tended
801 3426 29 18 to.
858 3425 39 21 Fit
916 3425 44 20 and
977 3425 166 29 Workmanship
1163 3429 67 21 Guar-

703 3457 86 20 anteed.
817 3457 90 25 Repairs
917 3457 75 24 neatly
1001 3458 43 21 arid
1054 3460 110 27 prciaptly
1174 3461 56 21 done

704 3490 25 19 at
737 3489 128 20 reasonable
888 3490 55 19 rices

735 3542 57 20 auch
805 3542 177 20 Establishment
990 3552 4 10 :
1010 3544 58 19 Near
1086 3545 65 19 Town
1170 3546 60 24 Hall,

887 3569 56 20 Fnst
953 3568 88 22 Oxford.

729 3643 48 36 G.
805 3643 46 38 E.
881 3643 334 49 WEYLANDT,

839 3705 107 28 FAMILY
963 3707 142 28 BUTCHER.

752 3740 152 41 EAST
933 3743 257 43 QXFOBT).

80 2003 35 64 I
145 2003 57 62 J.
245 2002 367 65 WEEBER,.

151 2068 70 31 High
234 2067 86 29 Street,
332 2067 62 25 East
414 2067 98 25 Oxford.

155 2127 122 27 PICTURE
296 2126 98 27 FRAME
416 2126 101 26 MAKER

70 2179 101 26 Picture
182 2180 90 24 Frame
281 2179 144 32 Mouldings
438 2187 26 17 ov
496 2180 58 24 sale.

71 2220 81 31 Agent
159 2220 38 25 for
207 2220 39 24 W.
259 2218 138 26 Eainbow's
415 2219 180 30 Preparations.

122 2277 16 11 „
204 2257 135 25 Ellisdon's
350 2257 131 32 Neuralgic
491 2258 89 32 Drops.

104 2313 34 16 •,,
203 2298 93 25 United
314 2297 134 26 Insurance
470 2298 126 32 Company

72 2339 26 25 of
109 2338 106 33 Sydney.
234 2340 30 22 25
276 2338 22 31 %
319 2345 62 18 ower
392 2340 65 23 rates
476 2338 62 25 than
559 2341 36 23 ot-

72 2379 45 25 her
133 2378 88 29 offices,

73 2449 21 25 A
106 2456 54 18 new
171 2448 36 26 lo!;
223 2448 26 26 of
260 2448 208 32 Paperhangings,
492 2448 50 31 just
564 2456 36 17 re-

77 2487 90 29 ceived,
179 2487 63 25 from
254 2486 112 31 sixpence
383 2494 44 23 per
435 2502 4 3 •
446 2486 74 31 piece.

129 2619 77 32 W-
253 2619 303 34 biUWJ&iOf

76 2669 337 36 MONUMENTAL
435 2669 168 36 MASON,

198 2722 129 30 Madras
350 2721 141 36 Steeeet,

119 2773 443 34 CHRISTCHURCH.

79 2858 29 29 A
118 2856 84 40 large
217 2856 88 30 stock
320 2856 31 29 of
365 2855 194 29 Monuments
575 2856 31 26 to

80 2909 93 31 select
193 2909 79 29 from
288 2911 31 27 at
332 2908 107 30 lowest
452 2910 91 26 rates.

82 3100 214 21 O2s:^Oia3D
340 3098 231 23 BAKEE7

186 3133 207 29 Established
419 3135 84 29 1862.

83 3206 121 31 PLOUE,
216 3208 54 25 best
281 3207 78 25 brand
370 3210 58 31 only
439 3210 64 32 kept.

85 3250 138 31 SHAEPS,
258 3251 198 32 OATMEAL,
490 3255 107 26 BEAN

174 3295 284 31 OHICEENWHEAT,
477 3299 41 24 &o.

88 3431 45 44 J.
149 3429 58 45 T.
237 3431 193 53 Brown,
453 3434 40 43 &
514 3435 92 43 Sou

143 3497 106 19 TIMBER
260 3497 17 20 &
288 3497 70 20 COAL
372 3498 177 23 MERCHANTS.

260 3535 161 21 IMPORTEES

91 3572 34 26 Of
155 3571 138 27 TIMBER
322 3572 51 26 and
402 3573 47 26 All
479 3574 85 27 Kinds
588 3575 27 26 of

144 3617 181 27 BUILDING
350 3618 215 28 MATERIALS.

278 3663 146 27 CO.HKER

91 3705 159 27 COLOMBO
291 3705 18 23 &
337 3705 93 25 TUAM
467 3707 149 26 ST.EEETB

246 3749 188 26 Cj?ri?tohukoh

433 770 54 41 J,
525 771 58 39 g-
610 772 222 48 OOO3S,

604 823 42 19 The
663 823 203 28 Peopl^Chemist,

715 860 88 25 washel
820 861 94 32 Street,
1017 883 2 2 .
1064 881 3 4 .

854 899 274 26 CHRISTCHURCH.

774 951 125 32 (Opposite,
910 953 41 24 the
972 953 54 24 A.I.
1040 953 86 33 Hotel)

81 1015 13 20 I
102 1015 53 22 have
165 1016 94 25 pleasure
269 1016 22 20 m
303 1016 102 26 thanking
414 1024 35 18 ray
459 1018 77 20 friends
546 1019 42 20 and
598 1021 118 24 supporters
727 1021 33 20 for
770 1022 35 20 the
821 1023 117 21 confidence
957 1023 52 28 and]
1018 1028 48 21 very
1083 1024 73 21 liberal
1174 1024 37 26 pat

57 1058 78 18 ronage
153 1052 68 19 which
231 1052 38 19 has
279 1052 49 20 been
337 1054 99 19 extended
445 1056 21 17 to
474 1061 32 12 me
513 1056 33 18 for
555 1056 35 19 the
599 1058 48 23 past
656 1063 66 19 years,
731 1058 12 19 I
752 1059 54 19 trust
816 1059 46 19 that
880 1059 12 21 I
910 1059 55 21 shall
981 1059 61 21 merit
1059 1059 36 22 the
1113 1059 111 22 continued

55 1089 113 24 patronage
178 1089 22 19 of
209 1095 34 19 my
253 1089 78 20 friends
341 1090 41 20 and
392 1090 34 20 the
436 1091 70 24 public
513 1092 110 25 generally,
649 1092 82 27 During
741 1094 34 21 the
784 1101 58 19 years
852 1096 12 19 I
878 1096 53 21 have
946 1096 51 21 been
1006 1097 22 20 m
1046 1097 148 21 Christchurch
1208 1098 11 20 I

55 1124 54 21 have
120 1124 107 26 dispensed
235 1131 64 20 many
307 1125 114 21 thousands
431 1127 21 20 of
462 1128 147 26 prescriptions
619 1130 42 20 and
669 1132 134 25 successfully
812 1133 78 20 treated
902 1134 77 19 several
1000 1134 117 21 thousands
1146 1135 21 20 of
1185 1141 36 19 my

54 1161 98 26 patients.
179 1161 55 21 lam
243 1162 52 26 fully
304 1162 124 26 acquainted
497 1165 35 21 the
546 1165 94 22 business
647 1167 22 20 m
680 1167 28 20 ah
717 1167 28 21 its
755 1168 106 25 branches,
871 1170 43 20 and
923 1171 80 26 itismy
1012 1171 118 21 endeavour
1148 1173 76 25 always

88 1198 119 26 personally
220 1199 72 20 attend
302 1200 21 19 to
334 1200 32 20 the
374 1200 148 25 requirements
532 1203 42 20 and
581 1203 71 20 obtain
664 1204 35 21 the
709 1205 118 21 confidence
842 1207 22 19 of
882 1207 28 21 all
929 1208 54 22 who_
993 1209 73 25 kindly
1083 1209 74 21 favour
1188 1216 33 14 me

55 1235 51 21 with
116 1235 54 21 their
180 1237 120 24 patronage.

57 1274 63 20 TRY
139 1274 48 20 MY
211 1274 91 22 CURE
321 1275 62 21 FOR
401 1276 63 21 ALL
482 1277 161 27 KINDS4OF
659 1280 80 21 SKIN
769 1282 169 22 DISEASE-

215 1310 12 19 I
236 1315 36 14 am
281 1310 131 26 exceedingly
422 1313 110 20 successful
544 1313 23 19 m
577 1319 35 19 my
618 1315 99 21 remedies
726 1317 32 19 for
768 1317 42 19 this
819 1318 120 24 complaint,
950 1320 52 19 have
1012 1327 12 12 a
1029 1320 56 26 large
1102 1322 88 19 number
1209 1324 21 17 of

255 1346 147 21 testimonials.

81 1391 40 20 RY
141 1391 48 21 MY
208 1392 72 20 NEW
298 1392 141 22 REMEDY
457 1394 63 20 FOR
539 1394 94 22 LIVER
647 1397 217 23 COMPLAINTS
882 1401 68 21 AND
969 1402 250 24 INDIGESTION-

218 1426 110 21 Hundreds
339 1428 21 19 of
368 1434 35 20 my
414 1430 92 24 patients
516 1430 53 21 have
579 1432 76 24 proved
665 1432 16 20 it
691 1433 73 26 highly
779 1435 140 26 satisfactory.

203 1474 78 31 Largo
295 1474 73 25 Stock
385 1475 27 25 of
420 1476 33 24 all
464 1477 71 24 kinds
547 1479 24 23 of
582 1479 86 25 Patent
690 1480 132 25 Medicines
845 1485 25 21 at
898 1484 69 24 Store
984 1487 90 23 Prices.

287 1528 20 24 A
318 1528 115 32 complete
457 1529 146 26 Assortment
624 1533 25 23 of
669 1534 173 32 Homeopathic
869 1536 138 28 Medicines.

122 1576 41 26 Ail
181 1578 122 26 DRUGS
320 1580 188 26 Guaranteed
526 1581 81 33 Pure,
625 1583 72 26 Best
719 1585 126 34 Quality,
866 1588 54 24 and
937 1590 116 25 Lowest
1079 1590 89 26 Price.

255 1626 295 27 PRESCRIPTIONS
567 1632 115 31 carefully
701 1634 47 22 and
768 1636 109 30 correctly
901 1638 129 30 dispensed.

388 1681 596 41 COTSTBTJ-TLTATIONS
1022 1691 189 35 ir-^^IC

420 1764 2 2 .
478 1734 115 32 JOHN
614 1736 28 31 S.
668 1737 142 40 COOEEJ,

81 1806 5 4 '
95 1811 3 7 :
452 1795 141 32 Registered
626 1797 204 29 Pharniacentical
847 1803 115 30 Chemist,

781 1849 108 27 Cashel
915 1851 113 35 Street,

908 1899 273 28 OHRISTCHURCH.
