2460 3850
47 164 114 27 obtained
173 164 62 24 from
247 163 41 25 the
302 164 106 31 meeting
419 172 32 17 an
463 173 107 23 express-

47 205 42 33 ion
100 205 27 23 of
132 204 89 30 feeling
231 203 140 25 favourable
380 206 25 22 to
412 204 73 32 being
493 213 78 23 repre-

47 244 85 29 sented
144 246 25 22 at
181 244 42 24 the
234 244 95 24 district
341 244 107 32 meeting
459 245 111 31 proceed-

47 284 29 24 ed
88 287 26 21 to
125 284 103 24 election
248 284 24 24 oi
283 292 14 15 a
320 284 116 31 delegate.
470 284 49 24 Bro
541 284 28 24 P.

44 324 42 25 .<&,-
97 324 88 31 Lough
196 324 118 31 proposed
326 324 55 24 that
391 324 28 24 P.
434 325 25 25 S.
483 324 87 24 Morris

47 362 34 24 be'
87 362 129 31 appointed
229 362 78 24 which
327 370 49 16 was
400 362 118 24 seconded
539 362 31 30 by

47 400 29 24 P.
87 400 29 25 G.
128 400 134 28 Mehrtens,
274 400 145 30 whereupon
424 400 49 24 Bro
483 395 88 28 Morris

48 440 52 23 said
113 440 54 23 that
178 447 27 15 as
217 439 31 23 he
271 439 48 23 had
347 439 61 23 been
430 440 140 30 constantly

47 478 55 23 sent
111 477 37 24 for
160 477 92 24 several
262 484 70 22 years
353 478 63 28 past,
437 476 32 23 he
490 475 80 24 would

47 516 74 24 much
142 516 79 31 prefer
243 524 14 15 a
280 516 93 30 change
395 515 72 31 being
488 515 80 29 made,

47 553 45 25 but
103 562 27 16 as
140 555 68 23 there
231 561 59 16 were
312 561 33 17 no
367 553 70 25 other
459 553 111 25 nomina-

48 593 72 25 tions'
134 593 41 25 the
186 593 134 25 resolution
331 601 49 15 was
391 595 45 28 put
459 593 48 24 and
530 593 40 24 de-

48 631 79 24 clared
149 633 25 22 to
201 630 30 24 be
264 631 92 23 carried
389 631 181 30 unanimously.

49 668 102 24 Several,
163 669 72 23 items
257 668 106 23 in.-erixd
388 677 31 14 on
442 668 41 23 the
507 668 63 24 busi-

46 714 55 15 ness
113 706 67 23 sli-jot
191 706 120 30 provoked
329 706 74 23 much
426 706 142 29 discussion,

45 743 45 24 but
102 753 26 14 as
142 744 66 23 there
221 743 95 24 seemed
328 745 24 23 to
372 743 30 25 bo
424 752 32 16 no
479 744 91 24 chance

47 782 26 23 of
81 782 94 30 gei.i.iii.ir
196 782 137 31 unanimity
353 781 26 25 of
398 782 108 31 opinion,
528 783 42 23 the

46 821 96 23 matter,
147 827 49 17 was
208 819 43 24 left
267 821 27 23 m
316 819 42 25 the
380 819 79 25 hands
482 820 26 24 of
529 821 41 23 the

47 856 108 33 delegate-
167 860 24 22 to
204 860 54 21 vote
269 858 37 24 for
318 866 26 16 or
365 858 96 31 against
483 860 26 22 at
530 858 40 24 his

47 897 137 25 discretion.
210 898 37 28 At.
254 898 49 22 this
316 900 67 27 stage
394 898 42 23 the
448 898 121 23 attention

46 934 26 24 of
81 934 42 24 the
136 934 63 25 N.G.
212 943 50 16 was
274 935 77 24 called
361 938 26 21 to
405 936 42 23 the
466 937 56 29 gate
544 937 26 22 at

46 972 42 23 the
111 974 114 23 entrance
244 978 25 19 to
298 973 42 24 the
370 973 94 31 ground
496 973 74 30 being

46 1009 90 26 broken
156 1011 78 25 down.
269 1011 49 25 Bro
340 1011 61 24 P.G.
425 1011 87 31 Lough
535 1011 33 24 of-

45 1050 66 24 fered
123 1053 24 21 to
169 1051 54 31 give
246 1051 41 24 the
307 1059 127 23 necessary
457 1051 113 24 material

45 1090 109 31 required
167 1091 25 23 m
204 1091 42 23 the
266 1090 98 31 repairs,
377 1090 113 31 provided
502 1098 66 16 some

46 1127 70 26 other
124 1128 56 25 Bro.
191 1128 80 25 would
280 1128 132 24 undertake
421 1127 41 25 the
474 1127 93 25 labour.

45 1166 50 24 Bro
118 1166 61 24 P.G.
205 1166 82 25 Smith
307 1166 106 31 jocosely
443 1166 126 24 remarked

42 1206 58 24 .that
111 1206 31 24 he
160 1206 105 38 thought
287 1206 43 26 the
349 1206 70 37 lodge
440 1214 50 21 we\.s
511 1214 57 23 very

46 1244 74 23 much
142 1243 112 29 indebted,
278 1245 25 27 fa
323 1244 52 28 fciw
398 1243 104 34 already,
531 1243 37 25 for

45 1283 100 34 nassjng
156 1290 45 17 one
213 1282 46 30 day
281 1281 31 27 be
334 1282 97 27 noticed
451 1290 14 18 a
486 1283 35 25 lot
544 1282 26 26 of

47 1327 69 23 gprse
139 1321 48 32 &c.,
206 1320 108 34 gpgwing-
333 1321 25 27 at
381 1319 42 29 the
445 1319 66 28 tot
544 1320 26 27 of

47 1357 41 28 the
106 1357 117 33 buijdipg,
247 1357 80 28 wbieh
349 1358 31 26 he
400 1357 105 33 thought
527 1357 40 27 did

47 1399 43 24 not
113 1397 46 26 add
171 1397 72 26 much
255 1397 87 31 beauty
355 1398 25 24 to
391 1397 42 25 the
444 1397 76 32 place,
541 1406 26 16 so

47 1444 57 23 very
116 1444 60 17 soon
187 1435 61 25 after
259 1435 31 29 h^
302 1435 57 25 took
370 1442 16 18 a
397 1435 111 31 grubber,
521 1436 48 24 and

47 1475 50 24 had
109 1484 14 16 a
134 1475 67 32 pilch
213 1475 26 24 m
250 1477 25 22 at
287 1482 31 17 on
330 1475 38 25 his
381 1483 55 17 own
459 1482 79 16 a-ov—
553 1478 4 5 '

48 1512 273 30 neverthele.ss.lie-i""-'
321 1512 5 10 1
334 1512 8 7 '
426 1537 9 2 _
483 1519 35 7 —

50 1551 55 18 rjij...
123 1549 34 7 -*■
275 1543 73 16 ..^.±u
363 1539 74 20 mend
449 1539 42 22 the
507 1540 63 29 gate.

53 1571 50 17 -.~e
125 1565 56 26 Sick
204 1568 106 28 Visitors
343 1575 81 29 report
452 1582 49 18 was
534 1584 36 17 re-

51 1603 81 26 ceived
144 1608 110 33 together
264 1611 59 25 with
337 1613 143 26 certificates
492 1615 80 26 which

51 1646 94 28 Sflewtd
156 1647 54 27 ttat
222 1648 42 26 the
273 1649 76 33 hopes
372 1654 151 25 entertained
546 1657 26 24 at

43 1682 47 30 :tbe
108 1684 48 28 last
175 1689 110 32 meeting
306 1693 139 31 respecting
467 1702 14 16 a
502 1702 68 18 more

47 1722 139 28 favourable
196 1726 90 31 future,
298 1728 109 27 sickness
429 1733 141 30 experience

47 1769 60 18 were
120 1764 132 26 somewhat
263 1765 114 33 delusive,
390 1776 27 18 as
433 1770 66 25 since
520 1772 49 25 last

46 1806 102 23 account
160 1812 45 17 one
217 1805 49 24 had
276 1806 111 26 declared
398 1816 32 18 on
441 1809 43 25 the
494 1811 74 24 funds

46 1841 58 24 thus
116 1844 100 31 making
227 1844 68 26 three
307 1853 32 17 on
358 1846 43 26 the
413 1848 50 24 sick
483 1849 51 26 list.

78 1880 52 26 The
151 1885 102 23 amount
287 1885 52 24 £22
368 1888 44 24 12s
453 1889 32 25 9d
516 1898 51 17 was

42 1919 89 31 passed
141 1919 37 26 for
188 1923 116 29 payment
315 1922 43 26 the
368 1925 103 32 receipts
494 1926 74 33 being

45 1957 54 24 £42
116 1959 28 24 7s
161 1959 39 24 Id.
235 1959 52 29 The
299 1961 69 33 lodge
376 1971 50 18 was
437 1964 81 26 closed
539 1966 28 25 m

43 1996 42 31 the,
97 1998 70 28 u§nai
186 1999 71 26 farm.

74 2112 236 57 CORRESPONDENCE.

47 2209 65 20 While
121 2215 37 14 our
168 2211 88 20 columns
266 2215 35 18 are
307 2216 50 20 open
366 2211 21 20 \o
396 2210 31 21 all
444 2216 28 15 we
491 2210 25 21 do
534 2213 34 17 not

70 2242 88 27 identify
164 2244 99 19 ourselves
268 2243 51 20 with
322 2249 41 20 any
367 2243 93 26 opinions
463 2243 105 26 expressed

70 2274 83 19 therein.

144 2321 188 25 SALVATION
366 2322 102 24 ARMY.

94 2415 33 25 To
139 2415 27 25 he
174 2416 86 24 Editor
272 2417 29 28 of
308 2416 36 27 the.
357 2419 5 10 '
376 2415 115 25 Observer.
507 2416 5 10 '

79 2467 50 30 Sir,
132 2484 30 3 —
164 2469 49 25 Far
228 2469 29 24 be
273 2469 21 24 ib
310 2469 63 25 from
390 2477 40 17 me
458 2471 24 23 to
510 2469 59 25 offer

43 2516 48 25 any
101 2517 87 17 excuse
200 2509 36 25 for
245 2509 162 25 Larrikinis'n
419 2518 27 16 or
454 2509 115 25 offensive

43 2548 133 26 behaviour
209 2550 26 24 m
263 2558 48 23 any
341 2550 83 31 shape,
458 2549 45 25 but
529 2557 41 16 are

204 2588 49 23 and.
270 2587 38 23 his
326 2587 135 30 colleagues

211 2625 26 25 Is
251 2625 20 24 it
282 2628 44 20 not
343 2633 14 15 a
374 2625 48 23 fact
441 2625 53 24 that
511 2624 58 31 they

46 2664 74 23 exoife
133 2664 100 23 ridicule
246 2664 48 23 and
305 2671 83 16 coar^o
395 2663 60 31 jests
465 2664 29 30 by
508 2664 63 23 their

45 2703 115 31 religions
174 2704 134 29 burlesque,
322 2703 125 30 assuming
465 2711 14 15 a
489 2703 82 30 purity

44 2741 26 24 of
91 2741 133 29 character,
360 2740 106 25 tumbles
489 2741 34 23 all
545 2742 26 23 to

44 2780 80 32 pieces
148 2781 70 24 when
251 2780 143 31 reasonably
425 2779 146 32 annalysed?

77 2821 121 22 However
210 2821 54 22 that
276 2820 22 23 is
317 2826 32 18 no
373 2826 86 18 excuse
480 2819 37 24 for
529 2819 42 24 the

46 2857 114 25 larrikins
172 2857 125 31 attacking
310 2857 68 25 them
393 2857 27 25 m
441 2857 64 25 their
516 2864 55 18 own

46 2896 119 31 building,
178 2896 26 24 m
216 2895 80 25 which
308 2895 58 31 they
377 2895 62 25 have
449 2903 14 17 a
480 2895 91 31 perfect

46 2934 66 31 right
124 2941 24 17 to
161 2934 72 24 stand
242 2942 32 16 on
283 2933 64 25 their
353 2934 76 24 heads
437 2942 26 16 or
472 2933 99 32 indulge

42 2974 26 24 m
80 2982 47 23 any
140 2974 58 24 kind
210 2974 26 25 of
246 2973 144 25 absurdities
410 2973 58 32 they
489 2974 82 30 please

47 3014 114 31 provided
174 3014 42 23 the
224 3014 47 24 Jaw
283 3013 25 24 of
315 3013 42 23 the
366 3013 58 23 land
435 3013 21 23 is
467 3014 104 29 respect-

47 3054 37 24 ed.
140 3054 50 24 But
202 3054 31 23 do
256 3053 57 30 they
324 3052 89 31 always
425 3052 108 24 conform
546 3053 25 23 to

46 3092 43 24 the
98 3092 59 24 law?
191 3091 25 25 Is
227 3092 20 23 it
258 3092 43 23 not
322 3099 14 16 a
358 3090 49 25 fact
430 3090 54 25 tint
507 3090 64 25 their

47 3132 66 31 Holy
126 3132 59 24 Zeal
195 3132 8 31 (
214 3140 26 16 as
252 3131 58 31 they
322 3131 47 24 call
381 3130 35 33 it)
430 3131 140 24 sometimes

47 3172 110 29 prompts
169 3170 68 24 them
250 3171 23 24 to
282 3169 100 24 become
389 3177 14 16 a
414 3168 82 32 public
505 3169 66 23 nuis-

49 3210 71 23 ance?
166 3209 25 24 Is
202 3210 19 23 it
228 3210 44 23 not
284 3218 14 14 a
306 3208 50 25 fact
367 3209 56 24 that
433 3208 93 32 mainly
538 3216 31 17 on

48 3250 102 23 account
188 3249 27 24 of
240 3249 63 24 their
327 3256 58 24 very
411 3248 95 24 limited
532 3248 37 24 in-

47 3286 166 29 tellectuality,
237 3287 58 28 they
324 3287 139 31 frequently
485 3294 84 23 escape

48 3334 81 16 severe
145 3324 118 32 penalties
284 3326 60 24 with
366 3325 110 25 nominal
498 3325 69 25 fines.

47 3365 33 25 As
93 3374 13 15 a
118 3373 54 17 case
183 3365 26 24 m
221 3365 76 31 point,
310 3365 13 23 I
334 3365 47 25 will
395 3365 110 25 mention
523 3374 46 16 one

47 3405 26 24 of
83 3404 76 25 which
181 3404 14 24 I
217 3412 49 17 was
288 3412 31 16 an
340 3413 43 24 eye
404 3405 106 25 witness.
545 3405 24 25 It

47 3452 49 16 was
120 3444 100 31 Sunday
242 3445 120 30 morning,
383 3445 52 31 just
462 3447 26 23 at
527 3444 42 25 the

47 3483 59 24 time
117 3483 71 24 when
206 3483 83 24 horses
312 3483 48 25 and
381 3484 105 25 vehicles
507 3490 62 18 were

46 3522 137 32 plentifully
194 3523 112 30 wending
317 3523 64 25 their
391 3532 51 23 way
465 3523 103 26 towards

47 3560 41 24 the
92 3561 112 30 'meeting
223 3560 81 31 places
316 3561 25 24 of
351 3561 42 25 the
412 3562 96 24 various
527 3561 40 24 de-

45 3597 180 25 nominational
237 3600 69 28 scots,
325 3598 70 25 when
407 3600 126 31 suddenly,
553 3606 15 18 a

47 3637 91 24 section
149 3637 26 24 of
190 3637 42 24 the
254 3637 75 31 Army
350 3638 126 31 appeared,
499 3638 68 24 maki-

46 3674 92 29 ng.the
155 3675 66 29 quiet
242 3674 108 24 Sabbath
373 3682 71 18 morn
465 3675 102 25 hideous

46 3710 30 29 by
88 3711 133 32 thumping
232 3719 14 16 a
256 3711 42 32 big
309 3711 79 29 drum,
401 3712 95 32 blaring
507 3712 59 25 with

47 3748 66 26 brass
135 3750 168 26 instruments,
327 3751 49 25 and
398 3752 95 31 waving
524 3751 43 26 red

46 3786 156 28 ragiLhorses
214 3791 66 23 sln'pfl
294 3791 46 20 mid
457 3791 118 18 niiii/lgma-

664 165 102 23 suppose
789 165 14 16 a
825 158 94 30 capsize
948 158 48 23 and
1027 166 31 16 an
1091 160 97 31 inquest

664 194 80 25 would
755 195 62 24 have
830 195 59 24 been
898 195 37 25 for
947 195 42 25 the
1000 195 68 33 glory
1080 197 26 25 of
1125 198 61 25 God.

666 235 68 24 Then
747 234 42 25 the
800 236 73 24 noble
885 235 75 32 Army
969 238 65 23 went
1043 237 105 32 through
1161 247 27 16 as

665 282 73 23 many
783 275 78 24 antics
901 284 26 16 as
983 285 14 16 a
1042 278 85 31 troupe
1165 279 27 24 of

666 313 100 31 tropical
778 313 124 32 monkeys,
927 315 49 24 and
996 324 14 15 a
1030 315 71 26 sister
1123 317 67 25 testi-

664 352 48 24 fied
725 355 24 22 to
760 353 45 25 her
816 354 101 24 seventh
930 355 142 25 conversion
1086 356 57 25 then
1157 358 34 23 all

664 392 80 24 hands
761 393 93 31 flopped
873 393 71 25 down
960 394 27 24 m
1014 395 66 25 front
1108 396 26 24 of
1149 397 41 24 the

664 430 57 29 pub,
735 432 48 22 and
795 433 132 30 consigned
942 433 42 25 the
995 435 56 23 host
1063 436 25 23 to
1106 443 14 15 a
1138 443 52 23 per-

664 469 84 30 petual
763 470 108 31 grilling,
890 473 48 23 and
955 473 58 31 they
1030 482 68 16 came
1122 483 67 24 away

664 508 105 25 without
785 511 95 30 getting
897 512 64 24 their
989 514 104 30 spotless
1120 515 71 25 robes

667 548 122 31 spattered
803 550 58 23 with
880 550 42 25 the
939 551 96 26 kernels
1052 553 27 24 of
1094 555 97 24 ancient

667 594 56 23 eggs
735 586 48 24 and
799 589 87 22 inore's
899 588 41 24 the
951 589 59 31 pity.

699 626 21 23 A
734 626 118 32 guardian
869 626 27 25 of
911 627 41 25 the
969 637 72 22 peace
1059 639 49 16 was
1125 640 64 16 care-

665 664 69 31 fully,
765 666 40 29 yet
833 665 181 33 unobtrusively
1031 668 123 33 watching
1169 670 21 24 it

665 701 32 25 all
715 702 48 24 and
779 703 71 24 when
868 703 33 24 all
922 704 91 32 danger
1028 705 48 25 had
1092 708 96 30 passed,

664 741 32 25 lie
725 742 87 24 turned
845 745 25 22 to
900 751 39 16 me
967 745 49 24 and
1044 746 73 24 asked
1146 747 42 24 the

664 782 119 31 question.
844 783 51 24 Can
911 792 49 22 you
977 785 95 24 wonder
1088 788 25 22 at
1146 786 42 25 the

664 829 143 17 occurrence
827 823 26 24 of
868 830 14 17 a
899 823 88 24 breach
1006 824 27 24 of
1058 825 41 24 the
1116 833 74 24 peace

664 861 77 25 under
756 861 41 25 the
815 863 154 31 provocation
987 864 27 25 of
1043 865 60 24 such
1129 867 62 23 tom-

663 901 91 30 foolery
771 908 27 18 as
810 901 86 25 that?''
930 901 30 25 In
977 902 140 26 conclusion
1135 913 52 22 per-

663 938 46 24 mit
725 946 40 16 me
782 940 25 23 to
825 946 43 25 say
885 941 24 23 to

663 976 56 24 take
730 976 42 25 the
784 979 66 23 mote
865 980 43 22 out
919 978 26 25 of
959 978 69 26 thine
1045 988 54 17 own

854 1019 80 25 Yours
955 1020 39 23 &c.

951 1059 62 25 Anti
1035 1060 117 24 Humbug.

691 1169 82 31 SHEARING
773 1169 16 31 BY
789 1169 40 31 MACHINERY.

696 1249 82 28 Ssr,-—
779 1251 13 26 I
804 1259 40 18 am
856 1259 47 20 on©
913 1253 27 25 of
948 1252 70 27 those
1033 1252 54 26 who
1110 1252 74 26 doubt

663 1287 42 27 the
727 1288 101 27 wisdom
849 1289 28 25 of
896 1289 139 33 employing
1056 1291 127 32 expensive

662 1326 139 33 machinery
823 1328 26 24 to
866 1327 106 32 perform
998 1327 70 33 work,
1102 1328 80 28 whieli

662 1373 46 17 can
718 1365 30 25 be
757 1366 61 26 clone
830 1374 27 18 as
868 1367 115 33 perfectly
994 1368 48 25 and
1062 1378 24 9 »-

662 1403 62 34 oally
744 1404 30 32 by
797 1413 88 17 mum*
887 1406 7 14 1
921 1406 6 8 '
944 1406 6 4 '
1068 1393 119 25 -oonomi-

663 1429 65 34 (..r,cl~
800 1433 6 5 '
880 1449 23 8 ..x
925 1436 93 20 labour.
1052 1432 25 24 It
1098 1432 22 24 is
1147 1431 43 24 the

685 1477 77 17 ..~voni
785 1470 13 24 I
820 1470 78 29 know,
921 1470 27 24 of
967 1470 145 31 Newspaper
1133 1477 54 24 pro-

666 1509 103 31 prietors
778 1511 24 23 to
814 1510 51 24 hail
881 1510 33 24 all
924 1519 53 15 new
996 1510 86 24 labour
1104 1510 86 29 saving

666 1547 138 26 inventions
826 1548 60 26 with
908 1548 105 26 clarions
1047 1549 26 25 of
1101 1549 88 31 praise,

666 1587 104 26 without
781 1587 37 26 for
840 1596 45 18 one
904 1590 110 24 moment
1036 1588 154 32 considering

666 1627 42 25 the
724 1628 106 31 position
852 1628 27 25 of
898 1628 70 26 those
989 1628 124 25 labourers
1134 1628 56 25 who

665 1673 41 16 are
729 1666 146 32 supplanted
896 1667 32 31 by
950 1667 33 24 its
1014 1667 174 24 introduction.

665 1703 60 25 This
737 1705 26 24 of
772 1712 84 17 course
867 1712 75 24 opens
962 1712 33 24 up
1015 1712 15 17 a
1051 1704 61 25 wide
1135 1703 56 26 sub-

661 1741 49 32 ject
722 1750 27 17 as
760 1743 25 24 to
793 1743 110 24 whether
913 1743 44 24 the
967 1743 76 25 world
1064 1743 22 24 is
1109 1741 79 26 better

663 1790 28 16 or
703 1790 75 17 worse
789 1783 36 25 off
833 1790 27 18 as
872 1791 15 17 a
898 1783 78 25 whole
999 1784 67 24 since
1088 1782 43 26 the
1152 1790 36 16 re-

663 1821 57 21 cent
739 1820 89 26 almost
849 1820 124 26 universal
995 1819 148 33 application
1166 1818 27 25 of

663 1858 142 33 machinery
817 1867 60 18 even
899 1860 38 25 for
959 1860 42 25 the
1023 1861 65 24 most
1108 1859 83 25 trivial

662 1903 124 25 purposes,
800 1897 49 25 and
866 1898 42 24 the
931 1898 141 24 conclusion
1094 1898 55 24 that
1176 1896 14 25 I

663 1933 62 29 have
736 1936 95 24 arrived
842 1937 26 24 at
879 1936 63 25 after
953 1936 91 25 careful
1066 1935 121 26 consider-

663 1973 67 24 ation
741 1974 23 24 is
776 1973 54 26 that
842 1975 19 24 it
873 1974 21 25 is
907 1974 121 32 infinitely
1039 1982 85 17 worse.

697 2011 65 24 That
786 2011 48 30 Sir,
857 2012 22 25 is
901 2020 43 24 my
966 2012 108 32 opinion,
1097 2011 46 25 but
1176 2011 14 24 I

663 2048 89 26 should
762 2058 92 24 occupy
865 2052 41 23 too
917 2050 76 25 much
1004 2050 28 25 of
1037 2058 61 24 your
1119 2050 69 25 valu-

663 2086 54 26 able
729 2096 71 23 space
811 2088 32 31 by
855 2088 92 31 stating
966 2096 42 24 my
1030 2096 101 17 reasons
1152 2088 38 24 for

663 2128 107 29 arriving
781 2131 26 21 at
815 2128 51 24 this
886 2129 150 23 conclusion.
1071 2129 43 30 My
1135 2135 53 24 pre-

663 2168 54 22 sent
728 2166 79 30 object
823 2166 22 24 is
856 2168 26 22 to
895 2166 67 24 show
973 2166 55 24 that
1051 2165 42 25 the
1115 2165 75 25 latest

661 2204 144 26 innovation
827 2205 144 25 introduced
991 2207 25 24 to
1039 2206 79 25 throw
1146 2205 43 25 the

662 2242 112 26 labourer
786 2244 35 24 off
828 2244 42 25 the
879 2244 67 24 track
955 2252 7 21 ;
983 2245 50 31 (viz
1046 2244 42 25 the
1102 2244 87 25 Shear-

662 2282 43 32 ing
716 2283 134 32 Machine,)
863 2284 21 25 is
904 2292 15 17 a
941 2283 113 26 wasteful
1075 2283 114 33 expendi-

663 2322 53 23 ture
739 2322 49 24 and
805 2329 14 17 a
852 2322 105 31 positive
990 2322 95 25 failure.
1120 2322 69 28 Now,

665 2359 47 26 Sir,
724 2359 14 23 I
749 2368 41 14 am
801 2361 44 21 not
861 2359 100 31 writing
980 2362 26 20 at
1027 2359 112 29 random,
1162 2366 28 17 or

663 2395 106 32 forming
779 2404 33 16 an
823 2397 100 31 opinion
934 2404 33 18 on
978 2396 89 33 partial
1088 2396 101 26 inform-

664 2436 68 25 ation
754 2437 84 25 drawn
859 2437 64 25 from
944 2437 114 26 doubtful
1086 2446 103 16 sources.

664 2476 53 25 The
739 2476 140 31 knowledge
901 2477 56 25 that
977 2477 13 24 I
1012 2477 63 25 have
1103 2477 87 32 gained

664 2522 65 23 upon
741 2515 51 24 this
804 2514 93 32 subject
908 2516 21 23 is
941 2514 84 26 drawn
1044 2515 33 32 by
1099 2524 90 16 corres-

664 2555 125 29 pondence
808 2555 64 22 from
895 2555 100 23 reliable
1013 2562 105 21 sources,
1142 2556 49 23 and

665 2592 31 31 by
718 2593 59 30 long
799 2593 93 23 careful
914 2592 49 24 and
982 2601 134 17 numerous
1138 2601 52 24 per-

665 2633 69 23 sonal
767 2632 138 24 interviews
939 2630 61 27 wfth
1033 2633 159 32 experienced

665 2672 119 25 shearers.

699 2710 53 24 The
769 2710 97 24 shearer
888 2710 56 25 who
966 2710 45 25 has
1030 2710 101 26 become
1153 2719 40 16 ex-

665 2750 55 30 pert
731 2750 25 23 at
767 2749 73 32 using
850 2750 43 25 the
905 2750 115 25 machine
1033 2759 26 16 as
1072 2759 14 16 a
1103 2752 90 23 matter

667 2789 25 24 of
703 2797 83 15 course
797 2789 66 29 gives
873 2790 21 23 it
914 2790 105 32 nothing
1042 2790 45 24 but
1104 2790 88 32 praise.

666 2826 40 24 He
717 2825 45 26 has
774 2826 105 31 adopted
889 2827 117 24 Machine
1029 2827 116 33 shearing
1166 2836 27 17 as

666 2874 14 17 a
692 2866 142 31 profession,
848 2867 48 24 and
915 2867 39 25 his
976 2867 101 33 opinion
1099 2876 33 17 on
1151 2867 42 26 the

666 2904 94 32 subject
771 2906 67 23 must
849 2905 30 24 be
891 2905 74 25 taken
973 2906 61 24 with
1046 2914 15 17 a
1077 2906 70 31 grain
1170 2906 27 24 of

667 2942 55 25 salt.
757 2942 59 25 You
828 2942 80 29 know,
928 2943 48 29 Sir,
988 2944 73 25 when
1073 2952 14 17 a
1099 2944 98 25 cobbler

666 2990 49 16 was
726 2982 73 24 asked
809 2982 66 24 what
887 2991 62 16 were
961 2984 43 24 the
1015 2984 55 24 best
1092 2984 100 24 materi-

666 3020 37 24 als
715 3020 37 24 for
764 3019 111 32 building
898 3028 14 16 a
935 3020 57 31 city,
1015 3020 32 25 he
1072 3021 121 24 informed

666 3060 39 24 his
727 3060 98 24 hearers
848 3059 69 25 there
939 3067 51 17 was
1012 3060 105 31 nothing
1143 3060 50 26 like

666 3098 101 24 leather.
801 3098 65 23 lam
878 3097 121 25 informed
1012 3098 54 25 that
1089 3098 42 25 the
1152 3107 40 16 ex-

666 3141 74 26 pense
753 3135 26 25 of
789 3135 148 32 thoroughly
955 3136 132 32 equipping
1110 3137 82 26 shear-

665 3174 44 31 ing
729 3173 73 25 sheds
825 3173 25 25 of
871 3173 62 25 from
956 3173 124 26 moderate
1102 3176 26 23 to
1151 3175 42 24 the

665 3211 90 31 largest
767 3211 61 24 sizes
839 3211 22 24 is
877 3210 62 25 from
964 3211 70 25 £500
1056 3214 26 22 to
1106 3213 87 25 £1500

666 3251 109 32 sterling,
788 3251 103 31 varying
908 3251 26 25 of
955 3259 85 17 course
1063 3253 129 30 according

665 3291 25 25 to
701 3290 63 25 local
774 3289 113 25 facilities
904 3288 27 25 m
952 3289 127 32 obtaining
1101 3291 92 25 motive

664 3336 88 23 power.
786 3328 84 24 Under
888 3335 48 23 any
959 3327 198 32 circumstances,
1177 3338 15 16 a

665 3370 93 29 greater
766 3369 55 30 part
833 3367 26 24 of
868 3367 42 24 the
919 3367 55 24 first
984 3376 70 23 years
1066 3369 84 32 outlay
1169 3370 22 24 is

666 3408 54 24 sent
731 3406 66 30 right
809 3407 43 22 out
863 3405 26 24 of
899 3405 42 24 the
950 3408 111 30 country,
1076 3408 46 23 and
1134 3416 56 16 con-

665 3443 126 32 sequently
803 3443 117 24 dinrishes
932 3443 65 24 whai
1014 3444 77 30 ought
1113 3447 25 22 to
1160 3445 32 24 be

663 3482 28 24 m
701 3481 50 24 fact
762 3481 21 24 is
795 3480 42 25 the
849 3479 87 25 labour
948 3481 61 24 fund
1021 3482 26 24 of
1057 3481 42 26 the
1116 3491 74 16 coun-

664 3523 46 29 try.
746 3521 51 24 The
819 3519 157 32 advantages,
1002 3529 42 23 my
1077 3523 116 23 machine

663 3561 80 26 friend
751 3559 103 27 infornis
868 3567 40 17 me
920 3567 49 21 are,
988 3560 65 26 That
1065 3561 43 25 the
1117 3561 76 33 sheep

664 3606 40 17 are
715 3605 69 17 more
795 3596 97 33 quickly
905 3597 83 30 shorn,
1009 3598 49 26 less
1080 3599 113 26 knocked,

663 3637 82 28 about,
758 3637 79 23 closer
848 3636 83 28 shorn,
944 3644 15 15 a
969 3644 69 16 more
1055 3645 60 15 even
1138 3642 48 24 cut,

663 3672 49 26 and
722 3672 174 33 consequently
915 3681 15 16 a
952 3672 74 27 fleece
1046 3674 27 25 of
1093 3677 98 28 greater

661 3711 96 25 market
769 3711 78 25 value.

694 3752 13 24 I
727 3760 55 17 now
794 3760 68 17 come
875 3754 24 23 to
912 3752 41 25 the
963 3753 133 24 statement
1108 3752 26 25 of
1154 3760 34 17 an

1281 165 132 25 statement
1425 166 26 25 of
1460 167 43 25 the
1509 169 134 27 machinist
1655 174 83 29 except
1748 181 53 22 one,

1280 204 49 24 and
1340 205 55 26 that
1406 207 29 28 is,
1449 208 54 25 that
1515 216 14 17 a
1551 212 95 28 greater
1669 212 88 31 weight
1780 214 21 23 is

1276 244 113 25 obtained
1402 246 31 32 by
1450 248 66 25 what
1538 249 31 24 he
1593 252 75 24 terms
1688 252 110 33 shaving,

1274 284 47 24 and
1332 285 66 31 gives
1410 286 39 25 his
1461 296 100 18 reasons
1569 289 37 26 for
1617 292 119 31 asserting
1745 293 56 25 that

1273 322 95 25 instead
1387 325 26 23 of
1424 325 48 24 this
1485 325 72 33 being
1568 336 31 15 an
1616 329 136 33 advantage
1779 332 20 24 it

1274 361 22 24 is
1305 370 15 16 a
1331 363 103 30 positive
1461 365 49 25 loss
1530 370 85 30 except
1636 369 27 24 m
1686 370 115 32 shearing

1274 401 40 23 old
1336 402 62 24 culls
1411 403 62 25 from
1485 405 79 24 which
1575 408 102 25 another
1694 410 41 23 cut
1757 410 41 24 the

1272 439 104 31 ensuing
1383 447 58 23 year
1453 441 21 24 is
1486 443 44 23 not
1542 445 121 30 expected.
1700 447 40 24 He
1760 456 38 16 as-

1272 477 61 23 serts
1345 476 54 26 that
1412 478 74 33 sheep
1495 482 40 22 too
1548 481 89 33 closely
1660 484 76 25 shorn
1757 494 41 16 are

1274 523 58 23 very
1344 518 145 31 susceptible
1502 522 24 23 to
1550 523 120 25 excessive
1701 525 99 26 climate

1274 553 115 32 changes.
1423 556 25 24 If
1468 558 40 24 too
1535 559 45 25 hot
1608 560 57 33 they
1698 562 99 26 become

1273 589 114 27 blistered
1399 593 48 24 and
1458 597 152 30 corrugated,
1623 598 49 25 and
1692 600 105 30 produce

1272 635 15 15 a
1304 628 68 25 short
1380 631 49 23 and
1441 640 94 16 uneven
1547 635 85 31 staple,
1644 637 49 24 and
1714 637 21 25 if
1755 640 41 23 too

1272 666 53 23 cold
1341 667 58 31 they
1421 668 99 26 become
1543 671 97 30 chilled,
1663 674 52 25 lose
1738 684 57 17 con-

1271 702 78 26 dition
1361 706 49 24 and
1421 706 98 26 become
1530 708 74 27 liable
1615 712 25 24 to
1661 712 100 27 disease.

1303 743 39 25 He
1365 748 89 23 asserts
1477 748 53 26 that
1549 750 64 25 close
1636 751 115 34 shearing
1771 755 23 24 is

1269 781 97 28 neither
1376 786 131 26 conducive
1516 790 26 22 to
1554 788 42 26 the
1607 790 86 26 health
1705 793 26 24 of
1751 793 43 26 the

1268 820 73 32 sheep
1360 831 46 16 nor
1424 826 41 30 yet
1482 827 26 23 to
1529 827 42 25 the
1592 828 80 33 filling
1699 831 27 25 of
1751 833 43 24 the

1268 859 99 29 pockets
1386 861 27 23 of
1422 863 41 23 the
1481 871 87 22 owner,
1593 869 84 29 except
1699 868 27 24 m
1749 870 42 24 the

1267 906 55 16 case
1334 898 27 25 of
1370 899 40 25 old
1422 902 60 24 culls
1495 903 101 25 doomed
1613 907 25 23 to
1660 906 30 25 be
1713 908 79 27 UoiJeel

1267 934 71 26 down
1345 936 166 36 immediately
1520 950 32 15 on
1560 943 99 31 lea^a^
1668 944 42 25 the
1721 946 69 26 shed.

1267 972 40 26 He
1319 978 89 23 asserts
1420 977 54 25 that
1494 979 43 28 &c
1559 989 129 18 enormous
1711 985 81 26 tallies

1267 1014 80 32 whiq]\
1356 1024 41 17 are
1408 1019 139 33 constantly
1557 1022 106 30 paraded
1674 1024 26 24 m
1722 1026 67 30 print

1265 1061 41 17 are
1318 1058 128 29 suggested
1457 1058 31 33 by
1499 1061 114 25 machine
1630 1064 155 34 proprieiews,

1263 1092 49 25 and
1323 1101 153 26 newspapers
1487 1099 88 35 greedy
1596 1100 40 29 fa?
1653 1102 133 27 advertise-
1801 1098 3 7 :

1263 1132 87 29 ment3,
1363 1132 57 31 tha,^
1429 1134 61 37 they
1506 1144 42 16 ara
1569 1139 147 31 exceptions,
1739 1142 50 27 ancl

1263 1173 44 26 n<#
1319 1171 112 31 thftTOte,
1443 1174 48 27 and
1502 1175 22 27 if
1536 1176 44 27 the
1601 1176 42 36 big
1663 1180 80 25 tallies
1764 1182 28 29 of

1263 1207 68 29 hsvna
1342 1209 121 33 shearing,
1474 1211 96 36 ifageig
1580 1221 63 21 w^©
1657 1214 132 37 publ^a

1262 1246 91 34 theyw
1354 1256 14 19 O
1369 1257 16 19 «
1386 1249 25 28 W
1422 1249 16 28 b
1439 1252 134 32 ee^a}lv-
1585 1266 114 32 starfcling
1701 1247 27 43 ;-
1730 1242 11 9 J

1258 1334 7 9 k
1281 1328 7 9 ,
1398 1295 74 42 S^S
1491 1305 26 25 of
1537 1305 42 24 the
1601 1305 51 24 belt
1674 1304 50 25 and
1746 1304 43 25 the

1264 1345 116 32 whirring
1388 1345 49 25 and
1445 1345 138 32 oscillating
1592 1345 26 24 of
1623 1345 42 24 the
1674 1344 114 25 machine

1262 1385 22 26 is
1296 1394 14 16 a
1321 1386 87 25 fearful
1420 1386 76 24 strain
1516 1393 33 17 on
1571 1385 43 25 the
1636 1385 107 24 muscles
1764 1385 26 25 of

1263 1426 43 25 the
1315 1426 104 28 shearer,
1429 1425 48 25 and
1485 1433 65 17 none
1558 1424 43 25 but
1613 1421 43 28 the
1668 1426 121 30 strongest

1263 1472 58 16 men
1333 1472 40 17 aro
1385 1464 71 32 equal
1467 1465 26 24 to
1504 1464 43 24 the
1569 1463 85 30 strain,
1676 1463 49 25 and
1748 1463 42 24 the

1265 1504 113 30 ordinary
1401 1504 98 23 shearer
1526 1505 67 21 must
1616 1503 72 24 stand
1721 1503 67 24 aside

1265 1542 48 24 and
1325 1550 39 16 see
1376 1542 39 24 his
1428 1541 144 31 occupation
1589 1549 70 23 gone.

1299 1581 44 25 We
1363 1583 67 23 must
1451 1581 27 25 of
1505 1589 85 17 course
1624 1581 93 24 admire
1750 1581 43 24 the

1266 1619 86 32 genius
1365 1620 54 24 that
1430 1627 60 24 gave
1502 1619 67 25 birth
1580 1621 25 22 to
1618 1618 59 26 such
1695 1627 15 17 a
1732 1626 59 17 cun-

1267 1660 61 31 ning
1338 1660 127 25 invention
1468 1684 6 11 f
1487 1659 44 25 but
1543 1668 35 16 we
1597 1661 68 23 must
1684 1661 44 23 not
1747 1659 47 25 for-

1268 1701 41 28 get
1321 1698 55 25 that
1387 1706 61 17 even
1458 1698 51 24 had
1524 1698 44 24 the
1588 1699 67 23 most
1677 1698 118 31 sanguine

1268 1738 166 32 expectations
1445 1738 62 25 been
1529 1737 106 25 realized
1658 1738 42 24 the
1716 1738 77 24 result

1267 1777 82 24 would
1360 1777 63 24 have
1434 1776 61 25 been
1507 1779 25 21 to
1543 1776 65 23 close
1620 1783 45 16 one
1682 1783 68 16 more
1770 1776 26 23 of

1268 1814 42 25 the
1333 1822 106 17 avenues
1462 1814 26 25 of
1513 1813 101 26 manual
1649 1813 87 25 labour
1768 1814 27 23 m

1267 1852 81 25 which
1371 1852 68 25 there
1461 1853 22 24 is
1505 1860 68 17 more
1596 1852 62 25 than
1693 1852 98 31 enough
1801 1877 2 3 .

1268 1890 159 32 competition
1442 1890 107 32 already.

1302 1928 52 25 The
1366 1928 158 25 information
1542 1928 55 25 that
1608 1928 14 24 I
1632 1928 63 25 have
1723 1927 72 26 taken

1268 1969 68 29 great
1347 1967 71 32 pains
1427 1969 25 22 to
1464 1967 87 31 gather
1562 1974 33 17 on
1616 1967 53 24 this
1691 1966 101 31 subject,

1267 2006 69 30 point
1348 2006 25 24 to
1385 2006 43 24 the
1440 2004 142 26 conclusion
1591 2004 55 25 that
1658 2004 42 26 the
1711 2004 84 25 mach-

1267 2043 41 25 ine
1331 2043 115 32 shearing
1467 2043 51 25 will
1538 2051 40 17 ere
1599 2044 59 31 long
1679 2042 30 26 be
1737 2043 59 32 only

1267 2082 88 25 knows,
1377 2082 27 24 m
1427 2082 100 32 history,
1557 2082 48 25 and
1634 2082 43 25 the
1710 2084 84 29 expert

1266 2122 98 25 shearer
1376 2129 54 23 may
1441 2121 57 25 look
1509 2121 104 25 forward
1623 2121 27 24 m
1671 2121 121 32 pleasure-

1267 2160 54 26 able
1333 2162 156 30 anticipation
1503 2162 26 24 of
1538 2161 40 24 his
1589 2161 94 25 annual
1702 2161 92 32 cheque

1267 2200 103 25 without
1403 2200 74 32 being
1510 2200 112 31 annoyed
1657 2200 60 25 with
1750 2201 43 24 the

1267 2241 93 24 muscle
1381 2241 98 31 jerking
1502 2241 49 24 and
1569 2240 119 32 whirring
1707 2241 88 24 clatter

1268 2280 26 24 of
1303 2281 93 24 useless
1416 2281 150 31 machinery.

1465 2319 80 24 Yours
1558 2320 40 27 &c,

1578 2354 76 26 Cross
1682 2355 78 27 Bbed.

1333 2446 21 24 A
1371 2446 137 26 VISITOR
1525 2446 42 26 TO
1585 2446 142 26 OXFORD.

1302 2527 50 27 Sir,
1354 2543 32 3 —
1482 2529 39 23 Mr
1532 2529 115 23 Burrows
1742 2529 52 23 tak-

1268 2569 43 33 ing
1322 2578 15 17 a
1349 2573 81 29 stump
1443 2573 43 23 out
1493 2571 26 25 of
1528 2571 40 25 his
1576 2571 109 33 paddock
1692 2571 32 26 he
1746 2580 49 17 was

1269 2615 122 31 surprised
1403 2617 25 23 to
1442 2624 39 16 see
1493 2625 14 15 a
1520 2616 97 24 Weasel
1629 2625 47 15 run
1688 2618 42 22 out
1742 2616 26 24 of
1782 2624 14 16 a

1269 2657 56 25 hole
1347 2658 27 24 m
1397 2659 42 24 the
1462 2661 92 29 stump.
1589 2658 22 25 A
1641 2659 63 32 good
1737 2660 59 29 long

1267 2701 74 24 chase
1362 2709 50 17 was
1432 2702 73 31 given
1534 2703 62 23 after
1615 2702 28 29 h,
1678 2702 48 25 and
1760 2703 35 24 al-

1268 2744 94 32 though
1374 2745 32 24 he
1415 2747 45 29 put
1476 2745 40 24 his
1539 2745 51 24 foot
1599 2754 33 15 on
1654 2746 20 23 it
1698 2747 47 23 two
1768 2754 28 15 or

1265 2787 65 24 three
1342 2787 73 24 times
1422 2787 28 24 m
1460 2787 42 24 the
1514 2787 97 29 rushes,
1623 2787 21 24 it
1655 2788 141 30 eventually

1267 2831 42 29 got
1320 2837 76 24 away.
1432 2829 19 25 A.
1463 2829 47 32 boy
1522 2830 141 25 afterwards
1686 2832 45 30 put
1755 2831 39 24 his

1267 2872 68 25 hand
1345 2873 53 24 into
1410 2873 43 24 the
1464 2873 57 25 hole
1531 2875 25 23 to
1569 2882 39 16 see
1618 2874 21 24 if
1648 2874 69 25 there
1733 2882 63 18 were

1267 2924 47 22 any
1325 2924 83 24 young
1419 2924 66 22 ones,
1498 2917 73 25 when
1582 2917 33 24 he
1624 2918 64 24 drew
1698 2919 43 24 out
1755 2918 40 25 the

1266 2959 44 24 tail
1322 2960 49 23 and
1387 2959 61 24 hind
1456 2962 111 29 quarters
1579 2961 26 24 of
1615 2969 14 15 a
1651 2968 94 18 mouse.

1462 3003 80 25 Yours
1554 3004 43 28 &c,

1650 3037 113 26 Weasel.

1263 3127 94 26 BUSH
1373 3128 81 24 LIFE
1468 3129 37 24 IN
1517 3129 120 24 NORTH
1655 3130 125 24 ISLAND.

1301 3210 50 28 Sib,
1354 3224 32 4 —
1388 3210 32 24 As
1429 3217 47 17 one
1484 3210 56 25 who
1544 3210 46 24 has
1597 3210 65 24 lived
1667 3210 26 25 m
1705 3211 89 25 Oxford

1266 3247 37 24 for
1325 3248 93 23 several
1451 3256 79 22 years.
1554 3248 14 22 I
1590 3248 57 23 take
1665 3255 15 16 a
1703 3249 55 25 deal
1773 3249 27 25 of

1267 3283 103 26 interest
1399 3285 26 24 m
1456 3285 43 24 the
1562 3285 119 25 Observer
1717 3286 82 25 which

1269 3323 107 31 through
1385 3325 44 24 the
1441 3327 112 29 courtesy
1570 3325 26 24 of
1606 3332 14 17 a
1631 3325 87 29 friend,
1733 3326 14 23 I
1758 3334 41 17 am

1267 3363 103 25 enabled
1388 3366 25 22 to
1434 3372 39 17 sea
1493 3364 172 32 occasionally,
1679 3365 49 24 and
1758 3374 41 17 am

1265 3401 57 30 glad
1334 3403 25 23 to
1376 3409 39 17 see
1425 3403 54 23 that
1491 3402 92 25 Oxford
1595 3402 49 24 and
1663 3404 133 24 surround-

1267 3439 55 30 ings
1333 3447 40 15 are
1393 3440 52 23 still
1467 3440 28 24 m
1507 3440 130 29 existence,
1667 3441 49 23 and
1733 3441 65 25 their

1267 3478 64 24 local
1348 3486 75 23 papej?
1453 3480 52 24 still
1535 3479 146 32 circulating
1709 3488 90 26 among

1272 3516 77 24 them.

1301 3556 25 24 If
1332 3563 48 24 you
1392 3556 48 25 will
1450 3556 73 26 allow
1531 3565 39 17 me
1582 3565 15 17 a
1608 3557 64 26 little
1693 3567 80 24 space,
1785 3560 14 26 I

1267 3596 10 25 i
1284 3596 70 25 itend
1362 3598 26 23 to
1396 3596 55 32 give
1463 3605 14 16 a
1500 3594 65 28 brief
1585 3598 87 25 sketch
1694 3600 28 24 of
1737 3600 63 26 bush

1266 3636 43 23 life
1326 3636 27 23 m
1366 3636 42 23 the
1418 3636 69 25 Back
1499 3636 93 25 Blocks
1608 3637 28 25 of
1653 3637 43 26 the
1719 3638 80 26 North

1267 3675 96 24 Island.

1299 3715 52 24 The
1362 3716 56 30 part
1429 3715 27 25 of
1474 3715 43 25 the
1530 3718 104 30 country
1653 3718 81 26 where
1757 3720 42 25 the

1265 3753 82 23 writer
1357 3753 61 23 lives
1430 3753 73 30 being
1524 3762 18 15 a-
1552 3753 62 24 back
1626 3755 79 29 block,
1724 3757 75 27 lately

1894 176 99 24 covered
2005 177 58 25 with
2075 180 98 26 maiden
2185 181 71 26 bush.
2292 183 53 26 The
2352 164 83 46 busl

1893 215 80 25 tracks
1985 225 40 16 are
2037 226 57 24 very
2104 221 86 30 rough.
2222 221 64 26 Kain
2298 223 21 24 is
2330 207 105 43 nearlß

1892 252 89 32 always
2000 254 94 34 falling,
2104 259 49 23 and
2165 259 42 25 the
2218 259 85 32 nights
2311 270 41 16 are
2360 246 75 42 coll

1888 291 48 23 and
1948 292 77 32 frosty
2036 302 26 16 so
2086 295 53 25 that
2159 296 73 26 taken
2251 298 33 24 all
2295 299 26 25 m
2343 301 33 25 all
2398 284 37 41 I

1885 331 98 26 settlers
1995 333 42 24 life
2053 334 22 24 is
2086 337 43 22 not
2141 344 14 16 a
2166 336 81 33 happy
2267 346 46 17 one
2324 339 38 25 for
2370 320 65 45 thl

1885 369 55 25 first
1952 370 45 25 few
2008 380 78 22 years.
2401 362 34 35 I

1919 408 212 30 Communication
2145 414 22 24 is
2185 415 102 27 difficult
2298 425 28 17 as
2346 418 21 25 it
2388 400 47 55 iflj

1884 447 123 32 generally
2019 450 13 23 1
2058 458 27 17 or
2096 452 16 23 2
2126 451 59 33 days
2201 452 104 34 journey
2316 458 25 22 to
2366 439 69 43 thl

1884 487 97 23 nearest
1992 486 76 26 Town
2080 489 49 24 and
2151 490 42 25 the
2215 492 60 25 mail
2296 493 82 26 which
2389 478 46 42 \M

1885 522 91 31 always
1988 524 115 27 welcome
2126 528 90 25 arrives
2228 529 74 26 about
2313 539 60 16 once
2395 522 40 35 afl

1884 560 66 23 week
1962 562 82 25 unless
2056 565 101 31 stopped
2170 565 32 32 by
2223 567 77 26 rivers
2311 576 27 18 or
2350 567 85 33 slipsß

1882 606 28 16 or
1919 598 62 26 from
1994 609 67 17 some
2072 604 71 24 other
2154 613 80 17 cause.
2409 595 26 35 I

1915 637 52 27 The
1979 640 108 34 Country
2109 644 74 32 being
2193 646 63 32 hilly
2268 647 43 25 the
2322 649 83 25 tracks
2410 629 25 45 I

1880 685 40 17 are
1932 682 175 32 consequently
2115 683 78 26 either
2205 693 32 17 on
2249 686 43 26 the
2308 687 63 25 sides
2383 689 26 24 of
2411 670 24 43 I

1878 714 58 26 hills
1953 726 27 15 or
1991 718 26 25 m
2028 720 43 25 the
2082 722 97 30 gullies,
2191 731 48 18 one
2250 726 69 24 track
2327 726 77 31 lately
2413 709 22 41 I

1876 755 95 26 formed
1981 759 53 24 into
2046 768 14 16 a
2070 762 59 23 road
2141 763 31 24 16
2185 764 71 25 mile
2255 764 18 25 3
2268 766 67 31 long,
2359 766 45 25 has
2413 748 22 43 I

1877 793 30 23 14
1920 794 70 26 miles
2012 797 27 25 of
2048 798 51 25 side
2117 801 97 32 cutting
2228 802 49 25 and
2298 806 68 29 parts
2378 804 28 25 of
2414 787 21 42 I

1875 830 21 26 it
1907 840 42 18 are
1960 836 139 31 constantly
2112 838 106 31 slipping
2237 848 76 24 away,
2338 849 66 17 com-
2415 827 20 39 I

1874 873 91 33 pletely
1988 878 115 33 stopping
2129 881 87 29 traffic,
2239 882 38 25 for
2298 891 15 16 a
2335 883 68 25 time.
2416 863 19 45 I

1875 912 53 26 The
1950 914 65 27 bush
2026 919 89 29 tracks,
2128 921 92 31 mostly
2232 922 60 25 used
2298 922 33 31 by
2338 923 66 25 Pack
2418 906 17 41 I

1874 950 103 33 Horses*
1986 962 40 18 are
2034 964 27 16 as
2070 965 15 16 a
2091 958 54 24 rule
2153 959 72 25 miles
2233 961 26 24 of
2263 961 61 24 mud
2330 962 70 25 holes
2419 947 16 39 I

1875 997 32 26 up
1919 992 26 23 to
1957 991 42 25 the
2009 994 68 30 girth
2087 996 50 24 and
2147 996 20 25 it
2186 997 22 24 is
2220 998 67 31 quite
2299 1007 15 16 a
2337 1008 65 16 com-
2420 982 15 42 I

1873 1034 60 19 mon
1955 1037 144 20 occurrence
2133 1035 25 24 to
2181 1042 40 18 see
2244 1035 94 30 horses,
2362 1039 41 22 too
2421 1021 14 40 I

1872 1067 68 24 weak
1952 1070 26 24 to
1989 1077 69 25 carry
2068 1072 66 25 their
2145 1074 69 25 loads
2226 1082 49 25 any
2297 1076 103 30 furthei,
2423 1060 12 42 I

1872 1106 45 26 left
1927 1109 26 24 to
1965 1108 38 27 die
2015 1110 74 33 along
2105 1112 71 26 these
2192 1114 89 26 tracks.
2316 1115 25 26 It
2352 1116 21 24 is
2385 1124 15 17 a
2423 1100 12 41 I

1870 1154 69 28 Eorry
1950 1149 66 33 sight
2028 1152 26 24 to
2066 1159 46 21 see.
2117 1152 93 31 horses,
2233 1154 82 25 -which
2338 1155 62 25 have
2425 1140 10 40 I

1872 1188 83 24 served
1964 1188 63 25 their
2035 1190 104 25 masters
2146 1190 125 33 faithfully
2279 1191 38 25 for
2323 1201 76 23 many

1870 1235 76 23 years,
1970 1226 44 26 but
2025 1235 55 18 now
2092 1231 40 22 too
2144 1230 41 24 old
2195 1230 37 25 for
2244 1231 79 25 active
2346 1240 50 16 ser-

1872 1266 59 29 vice,
1941 1267 53 24 sold
2004 1267 37 25 for
2052 1275 15 18 a
2079 1269 74 24 small
2169 1277 56 17 sum
2234 1271 25 24 to
2272 1271 47 24 end
2332 1272 65 24 their

1869 1306 60 32 days
1940 1308 25 23 at
1975 1307 111 33 packing.
2098 1308 51 25 But
2161 1309 60 24 such
2233 1309 21 25 is
2277 1310 43 25 the
2343 1312 50 24 fate

1870 1340 28 24 of
1906 1347 83 25 many.

1905 1378 70 25 Then
2000 1379 120 32 principal
2141 1380 67 26 work
2230 1381 27 24 m
2279 1382 43 24 the
2343 1390 56 17 new

1873 1415 89 26 Blocks
1972 1416 30 29 is,
2015 1417 26 24 of
2057 1425 92 21 course,
2200 1418 70 26 Bush
2292 1419 107 25 Whack-

1873 1456 49 32 ing,
1968 1457 38 32 (as
2016 1457 21 25 it
2047 1456 22 26 is
2086 1458 76 25 called
2183 1458 68 33 here)
2264 1467 28 17 or
2310 1460 88 29 falling

1873 1496 80 25 which
1965 1497 111 31 occupies
2098 1496 74 25 about
2194 1499 16 24 7
2221 1505 27 17 or
2259 1499 16 24 8
2297 1498 102 25 months

1873 1533 26 24 of
1909 1533 42 25 the
1969 1542 64 22 year,
2046 1534 50 25 and
2106 1535 21 24 is
2139 1536 86 31 nearly
2235 1536 36 24 all
2293 1536 63 25 done
2367 1536 32 32 by

1874 1573 116 28 contract,
2009 1572 80 25 which
2111 1574 81 30 partly
2222 1575 116 23 accounts
2359 1574 38 24 for

1876 1610 41 25 the
1928 1611 65 31 price
2011 1611 73 32 being
2105 1612 54 30 low,
2183 1613 49 24 and
2250 1613 27 24 m
2300 1621 99 17 seasons

1873 1650 50 26 like
1934 1651 42 25 the
1988 1653 104 31 present,
2099 1652 90 31 which,
2200 1660 26 18 so
2238 1653 37 24 far
2281 1653 46 25 has
2338 1655 61 23 been

1873 1691 124 25 incessant
2008 1692 61 30 rain,
2080 1700 75 24 many
2166 1692 27 25 of
2197 1693 43 24 the
2249 1695 150 23 contractors

1872 1731 51 25 will
1934 1733 44 23 not
1987 1732 75 25 finish
2074 1733 64 24 their
2160 1734 124 24 contracts
2305 1733 33 31 by
2356 1733 43 24 the

1873 1771 115 30 specified
2004 1772 68 28 time,
2096 1772 49 24 and
2160 1773 27 23 m
2210 1772 43 25 the
2274 1772 48 25 end
2350 1772 49 25 will

1873 1810 53 24 find
1938 1810 146 26 themselves
2094 1812 44 24 out
2153 1811 26 25 of
2197 1811 99 30 Pocket,
2316 1811 44 26 but
2371 1812 27 24 m

1874 1858 15 16 a
1910 1850 140 25 favourable
2081 1858 94 22 season,
2207 1851 122 25 bushmen
2352 1859 45 17 can

1875 1888 72 24 make
1957 1890 80 30 pretty
2056 1888 45 25 fair
2121 1889 112 32 cheques.

1906 1925 53 27 The
1986 1926 100 25 Timber
2106 1927 23 25 is
2161 1928 145 31 principally
2334 1928 60 29 Eed,

1875 1964 84 25 White
1970 1964 48 25 and
2026 1964 75 25 Black
2113 1964 63 25 Pine
2185 1965 58 25 with
2251 1974 14 16 a
2276 1966 46 25 few
2328 1966 71 25 other

1877 2011 59 25 very
1946 2004 62 25 hard
2019 2004 80 25 woods
2106 2004 49 25 and
2165 2004 21 25 if
2191 2013 60 17 near
2261 2013 16 17 a
2288 2013 48 18 saw
2344 2006 54 26 mill

1874 2042 72 25 could
1953 2042 30 25 be
1994 2043 72 25 made
2077 2043 61 31 good
2160 2051 43 18 use
2222 2043 33 25 of.
2289 2043 34 26 As
2333 2044 21 25 it
2374 2044 23 24 is

1873 2083 44 24 the
1928 2083 44 24 fire
1983 2083 79 24 which
2072 2083 69 24 takes
2152 2084 68 30 place
2232 2083 74 24 about
2317 2084 77 24 Janu-

1875 2130 43 23 ary
1926 2121 76 26 burns
2011 2124 42 23 the
2062 2124 65 23 most
2135 2123 27 24 of
2165 2123 21 24 it
2193 2131 41 23 up,
2245 2123 61 24 after
2314 2122 81 26 which

1872 2159 57 26 seed
1939 2161 23 24 is
1973 2168 66 17 sown
2051 2160 48 25 and
2110 2160 84 25 makes
2205 2161 54 25 first
2270 2162 53 25 rate
2334 2169 61 24 pas-

1872 2200 55 24 ture
1938 2199 36 25 for
1995 2199 80 25 Cattle
2086 2199 49 24 and
2147 2199 87 32 Sheep.

1905 2238 25 25 It
1941 2238 21 25 is
1974 2247 14 16 a
1999 2239 159 32 magnificent
2170 2239 65 32 sight
2246 2241 26 24 to
2279 2246 36 18 sec
2329 2239 65 25 hun-

1873 2278 69 26 dreds
1954 2279 27 25 of
1998 2287 67 17 acres
2087 2279 26 25 of
2133 2279 43 32 dry
2198 2279 70 25 Bush
2289 2279 106 32 burning

1872 2319 29 23 m
1912 2327 47 15 one
1969 2319 52 28 fire,
2033 2319 50 23 and
2099 2319 38 23 for
2148 2319 59 32 days
2223 2318 105 32 nothing
2349 2325 46 18 can

1873 2358 30 25 be
1915 2366 57 17 seen
1983 2359 45 24 but
2039 2358 83 25 smoke
2146 2357 88 33 during
2256 2357 43 26 the
2320 2357 73 25 burn-

1873 2399 44 32 ing
1929 2407 94 17 season.
2059 2398 73 26 Stock
2154 2407 27 17 as
2204 2408 15 15 a
2242 2399 54 24 rule
2317 2398 79 26 thrive

1873 2447 57 25 very
1941 2439 56 26 well
2007 2448 32 17 on
2051 2439 49 25 this
2111 2448 55 17 now
2176 2439 66 30 land,
2255 2439 49 25 and
2324 2438 73 32 bring

1871 2478 62 32 good
1943 2479 86 31 prices,
2042 2478 80 31 owing
2141 2479 80 31 partly
2240 2479 26 24 to
2289 2477 43 25 the
2353 2477 40 25 de-

1872 2517 76 23 mand
1956 2517 37 23 for
2003 2516 112 31 stocking
2119 2523 52 17 new
2176 2516 67 28 land,
2256 2515 49 24 and
2315 2514 81 31 partly

1873 2556 25 23 to
1906 2555 42 24 the
1960 2554 118 31 difficulty
2089 2552 26 25 m
2126 2552 127 32 obtaining
2269 2552 77 26 them.

1904 2593 32 25 In
1947 2601 67 17 some
2025 2594 74 30 parts,
2113 2591 67 25 three
2188 2591 71 25 miles
2281 2599 43 24 per
2345 2591 48 31 day

1873 2634 23 25 is
1907 2633 142 25 considered
2059 2632 62 32 good
2128 2631 128 31 travelling
2266 2631 37 24 for
2315 2631 81 31 sheep.

1864 2679 37 17 ;so
1912 2671 55 25 that
1978 2671 42 24 the
2032 2678 116 24 expenses
2160 2669 26 25 of
2195 2678 14 15 a
2223 2669 111 31 journey,
2357 2671 36 22 to-

1873 2711 85 31 gether
1969 2711 59 24 with
2040 2709 42 26 the
2093 2710 50 24 loss
2154 2717 32 17 on
2208 2709 43 24 the
2272 2709 59 24 road
2353 2716 40 17 are

1873 2753 82 31 pretty
1965 2751 86 29 heavy.
2087 2749 80 24 Cattle
2178 2756 41 17 are
2227 2749 76 23 easier
2314 2747 83 25 driven

1873 2789 45 25 but
1930 2796 41 17 are
1981 2796 68 17 more
2059 2789 75 31 likely
2146 2789 25 23 to
2193 2789 66 31 stray
2280 2786 53 26 into
2355 2786 42 26 the

1875 2830 64 25 bush
1951 2830 49 24 and
2011 2829 99 25 become
2120 2828 65 26 wild.

1908 2868 66 25 Wild
1985 2868 75 25 cattle
2071 2867 49 25 and
2130 2867 41 32 pig
2179 2866 107 31 hunting
2301 2866 22 24 is
2345 2873 50 17 car-

1875 2907 52 25 ried
1938 2915 32 17 on
1981 2906 157 31 extensively,
2155 2906 44 24 not
2221 2913 27 17 so
2269 2903 75 26 much
2360 2904 37 24 for

1874 2947 68 30 sport
1953 2953 27 16 as
1995 2953 15 16 a
2021 2953 55 16 case
2087 2944 26 24 of
2132 2942 127 32 necessity,
2284 2949 27 18 as
2333 2942 20 24 it
2374 2941 21 24 is

1875 2984 43 23 the
1929 2983 57 31 only
1997 2989 85 18 means
2094 2981 26 25 of
2129 2980 126 31 obtaining
2270 2981 67 23 meat
2358 2979 38 24 for

1873 3020 119 26 numbers
2014 3020 26 25 of
2059 3019 122 26 bushmen
2203 3018 50 25 and
2291 3017 103 29 settlers,

1875 3059 49 25 and
1935 3067 75 23 many
2022 3066 15 17 a
2047 3057 63 33 good
2121 3057 49 25 tale
2181 3064 46 18 can
2249 3056 30 25 be
2301 3055 51 25 told
2374 3055 26 25 of

1877 3098 42 24 the
1940 3096 171 25 hair-breadth
2132 3102 96 25 escapes
2251 3093 73 27 while
2357 3101 40 17 en-

1876 3138 78 31 gaged
1965 3137 27 24 m
2003 3137 49 24 this
2065 3137 88 30 sports.

1906 3177 105 31 Pigeons
2027 3176 49 25 and
2098 3175 92 25 Kaka's
2213 3182 41 18 are
2275 3173 121 33 plentiful,

1874 3215 45 25 but
1931 3224 41 16 are
1980 3215 95 31 getting
2086 3222 68 17 more
2165 3221 81 17 scarce
2258 3221 36 15 ;as
2317 3212 81 24 settle-

1875 3254 69 23 ment
1966 3261 58 24 goes
2046 3261 40 16 on.
2122 3252 76 24 Great
2219 3249 116 27 numbers
2358 3257 41 16 are

1875 3292 75 24 killed
1972 3290 32 33 by
2026 3291 47 24 the
2103 3290 113 29 Maories,
2250 3288 55 25 who
2336 3287 63 25 form

1875 3332 91 31 parties
1978 3332 48 24 and
2038 3339 31 24 go
2091 3339 33 23 up
2136 3332 103 29 country
2249 3329 37 25 for
2297 3329 14 23 2
2334 3335 28 16 or
2383 3328 15 23 3

1875 3370 86 30 weeks,
1979 3369 126 32 generally
2129 3368 128 31 returning
2278 3365 59 26 with
2359 3365 41 31 big

1875 3408 78 25 loads.

1910 3447 76 24 Grass
1997 3445 57 26 seed
2065 3445 96 31 cutting
2171 3444 22 25 is
2204 3443 92 33 largely
2307 3440 93 27 carried

1878 3493 33 17 on
1921 3485 27 24 m
1960 3485 42 24 the
2014 3484 66 25 older
2093 3483 89 28 blocks,
2195 3482 49 24 and
2265 3481 64 25 finds
2351 3487 48 17 em-

1877 3525 127 31 ployment
2014 3524 38 25 for
2063 3532 16 16 a
2094 3522 105 26 number
2221 3521 26 26 of
2266 3528 56 17 men
2345 3520 55 24 dur-

1877 3565 43 31 ing
1931 3566 56 31 part
2009 3564 26 25 of
2055 3563 134 26 December
2211 3561 49 27 and
2282 3561 117 30 Japuary,

1880 3605 43 24 the
1934 3612 58 22 crop
2003 3604 21 23 is
2036 3603 88 30 chiefly
2136 3602 128 28 cocksfoot,
2380 3599 21 23 is

1878 3642 44 26 the
1932 3642 66 25 chief
2013 3641 56 25 food
2096 3641 38 23 for
2155 3640 76 24 stock.
2262 3635 83 29 'South'
2364 3637 37 24 Is-

1877 3680 60 24 land
1948 3687 57 17 men
2017 3687 41 17 are
2066 3680 52 23 met
2129 3678 59 24 with
2204 3677 59 25 here
2284 3675 27 26 m
2330 3682 71 18 num-

1875 3720 63 29 bers,
1951 3720 45 25 but
2008 3720 42 25 the
2062 3720 59 24 kind
2143 3718 27 24 of
2189 3717 67 25 work
2278 3717 57 24 does
2357 3717 43 23 not

525 47 167 33 OXFORD
735 45 87 32 AND
865 44 105 33 OUST
1003 44 237 42 .OBSERVER
1284 49 229 43 SATURDAY,
1557 57 186 33 OCTOBER
1786 63 26 40 1,
1859 64 77 29 1892
