2394 3868
17 169 19 25 is
37 170 6 8 1
47 169 56 29 and,
117 169 48 24 and
176 168 123 24 instances
312 173 40 16 arc
364 164 66 24 often
442 163 92 24 record-

17 207 28 23 ed
78 207 26 23 of
135 205 63 23 their
230 202 176 31 depredations.
441 201 97 27 Among

17 246 78 24 lambs
107 244 48 24 and
176 243 104 31 poultry,
300 249 26 16 as
338 240 54 24 well
414 247 27 16 as
463 238 71 30 phea-

17 284 67 23 sants
97 282 48 24 and
157 281 69 24 other
245 287 77 23 game,
346 277 81 24 which
444 275 57 28 will,
526 274 13 24 I

18 322 57 28 fear,
93 329 58 17 soon
163 320 98 25 become
270 319 99 26 extinct,
384 316 67 24 thess
473 316 66 29 pests

19 361 119 31 supposed
149 362 25 23 to
183 361 96 28 destroy
291 357 100 25 rabbits,
415 363 41 17 are
468 361 73 24 many

19 402 35 23 mi
66 409 25 16 es
99 401 63 23 from
172 400 42 23 the
226 398 157 24 unfortunate
395 395 98 30 Bunny.

52 439 66 23 Most
129 438 26 24 of
165 437 41 25 the
218 436 66 25 older
301 434 139 24 settlement
446 441 7 15 j
481 431 62 24 havo

22 479 63 24 their
96 479 71 23 small
181 475 127 30 township,
317 473 134 29 consisting
463 471 26 24 of
498 478 45 17 one

21 525 27 16 or
59 519 47 21 two
118 517 77 23 stores
207 514 47 24 and
266 521 15 15 a
305 517 5 9 '
319 511 69 28 Pub,'
413 510 40 25 the
473 516 69 17 occu-

21 554 64 30 piers
108 554 26 23 of
150 552 87 27 which,
259 558 64 15 seem
346 551 26 20 to
394 548 30 23 do
447 555 14 15 a
483 545 62 30 good

23 594 75 23 trade.
132 592 82 23 Prices
237 597 40 16 are
297 589 25 23 of
340 595 84 16 course
458 584 87 31 higher

22 633 62 23 than
95 632 25 23 m
132 632 42 23 the
186 630 78 30 larger
274 630 85 24 towns,
382 626 44 23 but
448 627 25 22 to
493 623 50 24 bal-

24 679 59 17 ance
95 671 54 24 that
160 670 42 24 the
213 667 92 33 quality
317 667 21 23 is
350 666 80 27 lower,
443 664 43 24 but
505 662 41 24 the

24 711 143 31 purchasers
190 717 41 15 are
252 709 44 22 not
324 705 139 32 particular,
498 702 47 25 and

24 749 49 24 Avill
96 747 122 32 generally
240 745 56 24 take
318 745 66 23 what
406 743 20 23 is
449 741 96 28 offered,

25 787 48 22 and
84 786 29 23 be
125 784 112 25 thankful
249 785 24 22 to
284 783 40 30 get
341 782 27 23 it.

57 824 75 31 Dairy
143 823 106 30 farming
259 822 23 23 is
292 822 44 22 not
359 820 87 24 carried
468 826 31 17 on
524 821 23 20 to

25 872 48 23 any
85 865 90 23 extent,
200 870 26 16 as
250 861 42 24 the
315 862 101 28 country
438 859 21 23 is
482 865 66 17 more

26 903 105 25 suitable
141 903 36 24 for
190 902 73 29 sheep
275 901 25 23 m
313 900 32 24 its
357 900 98 30 present
477 898 71 27 state,

26 942 44 24 but
82 940 104 30 milking
198 947 62 17 cows
272 946 40 16 are
324 937 94 31 getting
434 943 67 16 more
522 935 26 23 m

27 979 112 27 demand,
152 978 47 24 and
211 976 71 31 bring
292 975 62 31 good
376 975 77 30 prices
473 972 75 24 under

27 1018 43 24 the
91 1017 119 24 hammer.
244 1013 92 26 Lambs
358 1020 88 23 appear
468 1013 25 23 to
520 1010 28 24 be

27 1058 80 30 pretty
113 1061 132 19 numerous
254 1055 25 23 at
288 1055 105 29 present,
402 1052 43 22 but
457 1060 15 14 a
483 1051 65 29 great-

27 1094 105 25 number
142 1093 62 24 have
213 1091 54 25 died
275 1091 63 23 from
350 1090 94 24 various
456 1095 92 17 causes.

30 1133 90 31 Spring
131 1133 21 23 is
164 1131 99 30 coming
274 1138 29 16 on
318 1137 28 16 us
358 1129 56 27 fast,
427 1128 48 23 and
498 1135 50 19 gar-

28 1171 90 30 dening
139 1169 138 32 operations
300 1167 79 25 where
406 1164 142 33 practicable

28 1217 41 16 are
80 1209 26 23 m
118 1208 46 24 full
175 1207 84 30 swing.

223 1246 79 24 Yours
314 1246 43 28 &c,

399 1286 117 24 Oxonian.

219 1379 151 19 CRICKET.

62 1458 48 24 Sir.
113 1473 31 3 —
146 1458 51 24 The
220 1457 90 24 cricket
332 1465 86 16 season
437 1458 21 22 is
470 1465 31 16 on
521 1465 28 15 us

27 1498 71 30 again
112 1498 47 22 and
172 1498 49 22 this
233 1505 86 15 season
327 1496 68 24 there
406 1497 21 23 is
439 1496 74 30 likety
526 1498 23 22 to

27 1537 29 24 be
68 1544 66 17 more
153 1537 101 24 interest
277 1535 73 24 taken
372 1535 26 24 m
419 1535 41 24 the
479 1542 70 24 game

27 1575 60 24 than
100 1583 63 16 ever,
176 1575 80 30 owing
268 1575 24 23 to
316 1573 41 24 the
381 1572 90 26 Oxford
494 1572 55 24 club

27 1615 91 30 having
141 1613 97 25 entered
260 1613 37 24 for
319 1613 40 24 the
382 1621 54 23 cup,
459 1613 26 23 m
508 1612 41 25 the

29 1654 76 24 North
119 1653 152 31 Canterbury
284 1652 95 25 Cricket
390 1652 158 25 Association.

60 1692 13 24 I
94 1691 63 31 hope
178 1692 46 26 Sir,
245 1691 56 24 that
320 1690 42 25 the
386 1695 13 9 '•
411 1690 138 24 Observer

28 1730 49 22 will
89 1730 52 29 give
154 1737 28 15 ns
195 1728 40 24 the
247 1728 76 24 result
338 1730 25 22 of
385 1728 32 24 all
440 1729 42 23 the
505 1736 44 23 cup

28 1770 110 23 matches
158 1768 58 25 with
239 1776 14 16 a
275 1768 45 24 full
342 1770 81 29 report
447 1768 26 24 of
508 1767 41 24 the

28 1807 110 24 matches
151 1808 41 23 the
202 1805 89 25 Oxford
303 1805 56 25 club
378 1806 77 31 plays.
491 1806 58 25 This

28 1845 80 24 would
119 1844 29 25 be
157 1845 26 23 of
190 1846 67 25 great
266 1844 100 24 interest
375 1846 24 23 to
409 1843 32 25 all
451 1844 98 25 cricket-

29 1893 38 16 ers
77 1885 26 24 m
116 1884 41 26 the
174 1884 102 25 district.

221 1924 80 24 Yours
314 1925 40 27 &c,

372 1961 145 25 Cricketer.

128 2069 90 22 VIEW
234 2069 84 22 HILL
335 2068 115 23 NOTES.

62 2152 31 24 At
109 2152 46 24 List
173 2151 41 25 the
232 2151 67 24 View
328 2151 52 24 Hill
407 2151 142 26 Recreation

30 2192 100 24 Ground
146 2192 20 24 is
183 2191 99 32 planted
300 2192 48 24 and
371 2192 92 24 fenced.
500 2192 49 24 The

28 2232 63 22 tress
104 2230 54 23 look
171 2230 50 22 well
234 2230 86 28 owing,
333 2238 32 14 no
377 2229 83 27 doubt,
474 2232 24 20 to
508 2231 41 22 the

29 2267 77 31 heavy
124 2266 94 25 rainfall
236 2266 82 32 lately,
338 2267 47 23 and
402 2268 87 23 should
521 2267 28 24 do

30 2307 143 31 splendidly.
208 2307 52 23 The
276 2309 59 22 noxt
368 2307 71 30 thing
469 2309 24 22 to
522 2307 27 24 be

30 2347 62 24 done
104 2347 20 23 is
136 2349 25 22 to
178 2346 61 24 level
252 2347 41 23 the
304 2347 101 30 ground,
420 2348 41 23 but
473 2347 48 24 this
538 2347 11 23 I

30 2392 110 23 suppose,
153 2387 66 20 must
237 2385 71 22 stand
323 2393 57 15 over
395 2386 37 22 fcr
448 2385 101 23 another

30 2432 64 22 year.

63 2500 52 24 The
127 2499 65 26 View
205 2499 53 25 Hill
270 2499 97 25 Cricket
380 2499 62 25 Club
454 2500 45 24 has
510 2501 39 30 got

32 2540 49 23 und
96 2548 12 15 r
124 2548 52 22 way
187 2541 78 28 again,
280 2539 57 24 with
355 2540 39 23 Mr
411 2540 28 23 C.
459 2540 90 24 Gorton

30 2586 26 15 as
73 2579 105 29 captain,
198 2577 39 23 Mr
254 2577 65 30 Boys
350 2577 125 31 Secretary
503 2577 46 24 and

30 2618 137 26 Treasurer,
186 2617 49 23 and
252 2625 15 15 a
283 2617 61 29 good
363 2616 107 31 working
487 2626 62 15 com-

29 2655 92 23 mittee.
157 2657 190 28 Arrangements
397 2655 61 23 have*
492 2654 57 24 been

30 2693 70 23 iihulj
113 2695 25 21 to
156 2693 38 29 lay
211 2700 29 15 an
260 2692 96 31 asphalt
373 2692 75 28 pitch,
466 2693 20 23 it
503 2692 46 24 will

28 2733 116 31 probably
157 2732 28 25 be
197 2732 104 24 finished
314 2733 25 23 m
357 2741 15 16 a
388 2732 66 25 week
471 2740 27 17 or
515 2740 34 17 so.

30 2771 47 24 and
89 2771 58 23 will,
159 2778 32 16 no
209 2771 81 27 doubt,
308 2771 31 23 do
357 2771 72 23 much
448 2771 101 24 towards

29 2811 137 31 improving
183 2818 44 16 our
244 2810 97 25 cricket.

140 2850 12 14 :¥
284 2849 12 14 >'?
428 2849 14 14 #

65 2888 27 25 In
105 2888 143 26 connection
260 2890 58 23 witli
336 2889 97 26 cricket,
451 2889 14 23 I
492 2889 57 23 hear

29 2928 54 25 that
100 2938 15 16 a
131 2928 53 26 well
205 2928 87 25 known
309 2928 123 29 cricketer,
451 2928 40 25 Mr
518 2928 30 25 E.

30 2970 87 24 Biinljz
134 2969 51 25 will
197 2970 27 23 be
250 2969 26 24 m
304 2969 67 25 View
399 2969 52 25 Hill
479 2968 70 33 again

29 3008 79 23 hofoj'fi
120 3009 65 28 long.
223 3007 38 24 He
274 3007 44 24 has
329 3007 87 31 played
432 3008 26 23 m
484 3007 65 31 Eng-

28 3046 56 22 land
103 3045 89 29 during
209 3045 40 23 ike
267 3048 55 26 past
339 3053 93 17 season,
451 3043 98 31 making

28 3093 67 16 s.une
108 3093 19 14 v<
136 3092 25 22 17
174 3085 60 29 good
248 3091 86 21 scores,
351 3084 48 24 and
416 3083 87 25 shouM
522 3083 27 25 be

27 3125 26 24 m
75 3124 68 32 -gjod
176 3125 70 23 form.
282 3124 40 24 He
350 3123 49 25 will
432 3123 29 25 be
495 3131 54 23 very

27 3162 114 24 welcome
153 3164 25 22 to
190 3169 44 17 our
246 3161 55 24 club
313 3161 80 31 again,
412 3168 27 18 as
451 3161 30 24 he
498 3161 21 25 is
536 3169 13 16 a

27 3200 56 25 hoft
95 3200 24 24 m
136 3200 106 24 himself.

138 3239 12 13 :\*
284 3241 5 10 5
287 3238 4 5 1
289 3238 7 13 .*

60 3275 23 25 It
94 3275 21 24 is
127 3283 56 23 very
199 3275 112 31 pleasing
327 3276 25 23 to
370 3281 39 18 see
426 3274 42 25 tbe
485 3274 64 31 large

26 3315 185 31 congregations
245 3314 55 25 that
343 3315 45 24 the.
420 3315 59 24 Rev.
512 3315 37 23 Mr

28 3355 103 24 Garbett
143 3354 78 23 draws
238 3356 25 22 at
280 3355 67 23 View
364 3355 66 27 Hill;
448 3355 19 23 it
484 3356 65 22 must

26 3393 30 24 ba
66 3400 55 22 very
134 3392 162 30 encouraging
308 3394 25 21 to
345 3391 55 24 that
410 3391 139 31 gentleman

27 3435 24 20 to
64 3436 57 19 note
134 3431 54 23 how
206 3431 56 29 they
279 3431 60 30 keep
356 3439 31 16 on
404 3432 145 30 increasing.

28 3468 39 23 Mr
101 3467 102 25 Garbett
232 3468 116 29 certainly
383 3468 109 24 deserves
526 3471 23 21 to

28 3506 107 27 succeed,
149 3506 36 23 for
197 3506 30 23 ho
244 3505 20 24 is
274 3504 52 31 just
338 3504 66 25 what
420 3514 14 15 a
453 3504 96 26 Church

26 3544 28 26 n£
65 3543 115 32 England
193 3543 111 24 minister
321 3543 76 30 ought
415 3544 25 23 to
466 3543 35 29 be,
505 3558 27 3 —
536 3551 13 16 a

27 3582 60 24 hard
116 3581 109 31 working
249 3581 118 23 Christian
401 3581 147 30 gentleman.

138 3620 14 14 if
283 3619 13 14 *
429 3620 13 13 #

60 3655 24 21 It
101 3654 21 22 is
130 3661 14 15 a
155 3653 51 30 pity
217 3652 54 23 that
283 3661 67 14 more
361 3652 27 23 of
394 3661 45 14 our
447 3652 101 24 dissent-

27 3691 43 31 ing
82 3689 89 26 friends
184 3690 30 23 do
223 3692 43 21 not
279 3692 56 22 turn
348 3694 42 20 out
401 3691 25 23 to
439 3689 41 25 the
503 3697 46 17 ser-

28 3730 72 23 vices.
136 3729 24 23 It
171 3729 70 24 could
251 3731 43 21 not
304 3729 30 24 do
347 3728 67 24 them
423 3736 47 22 any
480 3727 69 25 harm

28 3769 48 24 and
88 3769 20 23 it
119 3769 21 23 is
147 3768 52 30 just
210 3767 104 31 possible
326 3767 55 25 that
392 3767 58 31 they
472 3768 77 30 might

12 3805 239 31 Miearspmethipg
272 3807 26 23 to
321 3805 64 26 their
406 3804 143 35 advantage;

627 152 48 24 and
687 152 93 24 besides
788 152 56 30 they
856 150 77 32 ought
945 150 87 30 surely,
1046 152 24 22 to
1093 157 56 17 con-

628 192 63 24 sider
702 192 19 23 it
738 192 64 23 their
814 192 58 29 duty
886 194 23 20 to
922 190 64 24 s'iow
999 190 63 23 their
1086 197 63 22 sym-

626 231 77 30 pathy
714 230 58 23 with
785 239 14 14 a
810 230 62 29 good
889 237 79 19 cause,
992 228 49 23 and
1064 230 24 21 to
1112 230 37 27 try

626 270 47 23 and
687 270 53 31 give
753 277 14 16 a
778 269 64 24 little
862 268 203 30 encouragement
1089 267 23 22 to
1136 274 13 15 a

626 315 67 19 man,
706 307 54 24 who
771 307 21 24 is
810 306 103 24 without
936 304 82 28 doubt,
1042 304 73 31 doing
1136 311 13 17 a

628 347 61 30 good
703 345 62 26 work
776 346 26 23 m
815 345 41 24 the
868 343 103 25 district.

629 465 183 58 LOCAL
848 465 1 58 and
886 462 263 60 GENERAL

662 582 213 24 Oddfellowship.
881 594 28 3 —
911 581 52 22 The
1029 579 122 31 quarterly

630 624 106 31 meeting
753 624 27 24 of
795 624 41 24 the
853 623 76 30 Loyal
947 622 90 24 Oxford
1068 621 84 31 Lodge

630 667 171 28 No,6)G2was
818 666 57 24 held
891 666 25 23 m
934 665 42 24 the
1006 664 145 25 Oddfellows

631 710 59 25 Hall
701 710 66 24 West
780 709 88 24 Oxford
880 717 31 16 on
922 707 119 32 Saturday
1051 708 102 30 evening

630 754 56 24 last.
722 752 19 24 A
759 752 62 31 good
847 751 105 24 number
979 751 27 24 of
1030 750 122 25 members

632 796 73 31 being
720 797 105 30 present,
844 795 42 23 the
903 795 31 23 N.
965 794 30 24 G.
1025 794 56 23 Bro.
1114 794 38 23 W.

633 838 147 31 Youngman
796 837 109 30 presided
923 837 48 23 and
1003 836 92 31 opened
1112 836 42 22 the

632 881 83 31 Lodge
741 881 26 23 m
796 880 42 24 the
865 880 72 23 u^ual
969 886 110 21 manner,
1112 878 42 25 the

633 926 115 23 accounts
760 923 48 25 and
820 923 107 24 minutes
944 923 24 24 of
985 922 42 25 the
1044 922 110 31 previous

633 967 108 31 meeting
758 975 62 15 were
853 966 57 24 read
938 965 48 24 and
1014 964 139 25 confirmed.

635 1010 208 31 Correspondence
876 1016 50 17 was
959 1007 108 25 received
1093 1008 62 24 from

634 1053 102 24 District
753 1052 134 24 Chambers
915 1052 112 29 covering
1054 1050 102 25 District

635 1098 115 22 accounts
759 1097 48 22 and
818 1094 122 32 password
952 1093 36 26 for
1001 1093 41 25 the
1053 1093 104 31 ensuing

635 1141 105 30 quarter,
748 1139 51 24 also
807 1138 112 24 business
928 1137 67 25 sheet
1007 1137 36 25 for
1055 1136 102 25 District

636 1182 108 31 meeting
755 1183 25 23 to
792 1181 28 24 be
837 1181 57 25 held
922 1181 26 25 m
975 1180 123 31 Eangiora
1126 1187 31 17 on

639 1225 120 32 Saturday
777 1224 103 25 October
893 1224 51 24 Bth.
979 1223 52 25 The
1042 1224 80 30 report
1134 1222 27 24 of

637 1268 50 25 sick
705 1267 95 26 visitors
818 1275 49 16 was
894 1267 108 24 received
1029 1267 52 24 also
1109 1274 48 16 cer-

635 1310 67 30 tiilw
705 1312 8 17 f
712 1327 2 3 -
716 1319 12 15 e
730 1319 11 16 s
752 1310 62 25 from
831 1310 83 30 Lodge
927 1309 108 31 Surgeon
1051 1309 108 31 shewing

635 1358 54 25 four
706 1358 121 26 members
835 1361 21 23 -Z
858 1354 7 11 l
858 1352 36 33 3
912 1361 32 16 on
961 1351 41 26 tlie
1020 1351 50 25 sick
1087 1351 72 24 Fund

635 1402 27 24 of
677 1401 41 26 the
746 1402 89 32 Lodge.
870 1403 28 24 P.
928 1401 31 26 G.
988 1404 56 25 £uC
1074 1394 20 26 A
1097 1413 6 6 -
1129 1394 20 25 A
1153 1413 4 5 -

636 1446 134 31 Frampton
783 1455 49 16 was
844 1446 56 32 duly
914 1447 90 25 elected
1016 1455 27 17 as
1055 1445 102 34 deligate

636 1490 24 22 to
675 1488 41 24 the
733 1488 164 32 forthcoming
912 1490 103 24 District
1044 1490 113 31 meeting.

637 1530 73 24 Some
731 1530 91 31 repairs
844 1538 62 17 were
917 1532 92 24 needed
1032 1534 24 22 to
1076 1533 83 29 Lodge

635 1580 68 17 room
712 1573 49 24 and
773 1574 49 24 Bro
834 1574 86 25 Brown
946 1583 48 16 was
1019 1574 140 25 authorized

635 1618 25 22 to
683 1617 30 24 do
736 1617 42 24 the
800 1625 67 16 same
900 1620 110 29 previous
1044 1620 24 23 to
1100 1620 60 23 next

636 1658 83 32 Lodge
748 1660 79 31 night.
861 1660 58 26 Two
941 1662 140 24 candidates
1098 1670 62 16 were

635 1702 58 31 duly
705 1704 117 30 proposed
842 1705 25 23 to
891 1704 97 25 become
999 1705 121 24 members
1136 1705 26 24 of

635 1745 43 24 the
702 1745 91 31 Lodge.
823 1747 123 25 Accounts
969 1748 145 31 amounting
1136 1751 24 21 to

636 1799 50 26 £37
708 1799 29 25 is
757 1799 31 24 2d
806 1808 62 16 were
879 1798 94 34 passed'
978 1801 36 24 for
1036 1803 123 30 payment,

637 1844 41 22 tlie
689 1842 102 32 receipts
802 1843 70 32 being
884 1845 49 24 £47
965 1845 43 23 los
1031 1845 32 23 2d
1094 1845 67 24 After

637 1886 42 24 the
691 1887 70 24 usual
773 1888 102 23 amount
886 1887 27 24 of
920 1887 110 25 business
1041 1888 50 24 had
1101 1888 59 24 been

637 1930 138 24 transacted
799 1930 41 24 the
853 1930 81 31 Lodge
957 1939 49 17 was
1029 1932 81 24 closed
1132 1932 27 24 m

635 1979 73 23 peace
719 1972 49 24 and
788 1972 129 32 banaony.

670 2025 158 25 Canterbury
844 2026 108 24 Liberal
964 2026 164 29 Association,
1131 2041 31 4 —

670 2069 51 24 The
734 2069 53 24 first
797 2070 107 31 meeting
926 2070 26 24 of
970 2070 41 25 the
1038 2070 124 31 Eangiora

637 2111 99 24 Branch
759 2111 26 24 of
816 2112 42 24 the
889 2112 152 32 Canterbury
1063 2113 99 24 Liberal

637 2156 152 24 Association
802 2163 48 17 was
863 2156 56 24 held
931 2165 31 16 on
980 2156 88 33 Friday
1091 2156 71 32 night

638 2200 25 23 at
676 2199 41 25 the
729 2199 118 25 Institute
860 2199 67 25 Hall.
964 2199 39 25 Mr
1014 2200 23 24 J.
1053 2201 109 23 Sutcliffe

638 2250 47 14 was
697 2242 70 22 voted
780 2243 24 21 to
816 2242 43 23 the
870 2242 75 24 chair.
980 2243 24 23 It
1013 2252 49 15 was
1070 2245 91 28 report-

639 2281 27 24 ed
680 2281 53 24 that
745 2281 75 24 about
831 2282 75 29 thirty
914 2282 121 24 members
1044 2282 48 24 had
1102 2282 60 25 been

638 2325 106 24 enrolled
756 2332 6 8 f
768 2326 54 23 ince
836 2325 39 24 the
885 2325 81 31 public
979 2326 112 31 meeting,
1114 2326 47 24 and

638 2368 103 25 another
752 2368 93 25 sixteen
856 2376 86 17 names
953 2377 61 17 were
1027 2371 24 23 to
1063 2369 30 25 be
1104 2370 57 24 add-

638 2411 28 24 ed
679 2412 24 24 to
717 2412 40 24 the
766 2412 49 24 list.
851 2412 37 24 On
912 2412 42 24 the
970 2413 92 23 motion
1084 2413 26 23 of
1123 2413 39 23 Mr

639 2455 24 23 J.
676 2455 130 30 Reynolds,
820 2455 39 23 Mr
867 2455 74 30 Hugh
952 2455 69 31 Boyd
1030 2464 49 16 was
1089 2455 70 25 elect-

637 2497 29 24 ed
689 2497 126 24 President
837 2497 26 24 of
882 2497 42 24 the
945 2498 105 24 Branch.
1085 2499 39 24 Mr
1136 2499 24 24 J.

640 2540 110 25 Sutcliffe
762 2549 48 16 was
822 2540 91 25 elected
925 2549 46 16 one
983 2541 26 24 of
1029 2541 42 25 the
1091 2542 68 25 Vice-

637 2583 135 30 President,
785 2583 49 25 and
847 2583 38 24 Mr
896 2584 33 24 H.
942 2584 30 24 L.
989 2584 92 32 Eogcrs
1105 2586 55 24 Sec-

638 2627 88 31 rataiy.
771 2627 24 24 It
807 2635 49 17 was
868 2627 98 25 decided
989 2629 25 24 to
1036 2629 61 24 elect
1119 2629 42 24 the

639 2670 144 24 Committee
795 2673 26 21 at
832 2669 42 25 the
893 2673 59 21 r.ext
974 2670 115 32 mooting,
1113 2671 49 24 and

637 2713 61 24 after
707 2713 127 30 attending
844 2714 24 23 to
878 2721 67 16 some
954 2714 96 23 routire
1060 2715 101 23 matters

639 2756 41 25 the
692 2756 107 31 meeting
814 2756 153 25 terminated.

668 2809 137 28 Caklkton,
808 2823 31 4 —
841 2809 52 24 The
938 2810 119 24 Institute
1100 2810 61 25 Hall

639 2852 19 26 C
674 2852 111 25 mmittee
797 2852 56 25 held
863 2861 14 16 a
889 2853 107 31 meeting
1004 2861 32 17 on
1046 2854 114 24 Wednes-

637 2897 48 30 day
698 2897 54 29 Sep.
766 2897 62 23 21st.
863 2896 104 24 Present
981 2897 89 24 Messrs
1081 2897 79 24 Dohr-

635 2946 85 22 mann,
735 2938 77 26 Skurr
834 2939 48 23 and
905 2939 24 23 J.
955 2939 79 28 Cross,
1053 2947 14 17 a
1089 2941 71 23 letter

635 2991 51 17 was
707 2982 108 25 received
837 2981 62 25 from
940 2982 39 24 Mr
998 2983 32 24 H.
1056 2982 104 26 Stcffens

636 3026 128 30 tendering
774 3026 39 24 his
825 3026 148 30 resignation
985 3034 27 16 as
1025 3025 132 26 Chairman

635 3069 26 24 of
672 3068 152 24 Committee.
859 3068 21 22 A
893 3070 53 21 vote
967 3069 122 24 o'tianks
1111 3078 49 16 wa3

635 3110 86 32 passed
739 3112 25 23 to
787 3110 41 24 the
852 3110 81 25 Social
956 3111 145 25 Committee
1122 3112 37 24 for

637 3155 63 24 their
719 3153 116 25 donation
866 3153 26 24 of
919 3153 35 24 £1
974 3155 27 23 4s
1021 3155 30 24 9d
1074 3155 48 24 and
1145 3163 14 16 a

635 3205 54 17 new
701 3197 74 31 lamp,
796 3198 184 30 arrangements
1003 3205 62 17 were
1088 3198 70 24 made

635 3242 37 24 for
683 3240 43 25 the
737 3240 90 24 annual
835 3240 114 31 meeting,
963 3240 48 24 and
1024 3240 41 24 the
1083 3243 75 23 meet-

634 3283 44 31 ing
686 3283 80 25 closed
778 3283 57 23 with
848 3285 55 21 vote
920 3283 24 22 ol
967 3283 90 23 thanks
1070 3285 24 22 to
1117 3285 42 23 the

637 3325 141 26 Chairman.

668 3380 43 24 Mn
727 3379 90 24 Foley.
819 3394 32 3 —
854 3379 42 24 We
908 3379 46 32 beg
970 3384 24 20 to
1022 3379 65 26 draw
1115 3388 44 17 our

636 3423 97 25 readers
745 3422 119 25 attention
877 3423 25 24 to
920 3423 40 24 the
972 3423 48 24 fact
1037 3423 55 24 that
1120 3423 39 25 Mr

637 3466 73 30 Foley
739 3465 48 24 will
814 3465 54 29 give
893 3473 46 16 one
967 3466 27 24 of
1018 3466 38 24 bb
1082 3467 76 29 grand

635 3509 203 23 entertainments
865 3507 27 25 m
920 3508 42 24 the
988 3508 74 24 Town
1091 3508 66 28 Hall,

634 3551 62 25 East
731 3550 98 25 Oxford,
863 3558 32 18 on
929 3551 153 32 Wednesday
1109 3553 49 23 and

635 3594 136 31 Thursday,
790 3594 103 23 October
910 3594 42 25 the
970 3595 51 23 sth.
1040 3595 48 23 and
1106 3596 50 23 (!th.

638 3637 44 24 Wo
698 3637 62 31 hope
777 3645 45 16 our
838 3638 96 24 readers
961 3638 49 23 will
1028 3638 54 24 take
1108 3639 50 24 thu

636 3681 157 30 opportunity
848 3681 27 22 of
925 3682 83 29 seeing

810 3722 81 26 which
903 3732 40 16 are
959 3724 55 24 well
1023 3724 93 33 worthy
1133 3725 27 25 of

635 3774 14 16 a
663 3766 65 24 visit.

666 3808 86 28 North
788 3809 98 27 Island,
887 3824 32 4 —
920 3809 22 28 A
982 3809 72 29 letter
1108 3811 50 27 will

1239 158 89 24 appear
1338 151 25 24 m
1376 151 50 25 this
1443 152 87 25 week's
1547 152 66 24 issue
1638 151 62 24 from
1717 158 47 17 one

1239 193 55 25 who
1305 194 45 25 has
1365 195 62 24 lived
1444 195 23 24 m
1487 195 90 25 Oxford
1604 195 37 25 for
1676 195 92 25 several

1239 244 77 22 years,
1330 238 46 23 and
1389 238 54 24 who
1455 239 20 23 is
1486 246 56 17 row
1554 239 108 30 farming
1677 238 28 24 m
1724 238 41 23 the

1240 279 78 25 North
1331 280 91 24 Island.
1446 280 25 24 Ii
1483 280 48 24 will
1545 281 28 23 be
1585 289 15 15 v
1615 288 26 23 ry
1652 282 111 23 interest-

1240 322 43 31 ing
1298 325 25 22 to
1335 331 67 17 some
1419 325 26 23 of
1460 332 43 16 our
1520 323 97 25 reade.-s
1637 324 51 24 who
1705 323 63 25 have

1242 365 105 32 thought
1357 365 24 26 of
1390 366 84 32 taking
1485 374 33 24 up
1526 367 58 24 ]and
1591 367 26 24 m
1627 367 41 24 the
1677 366 87 25 North.

1241 408 24 24 It
1282 409 49 24 will
1349 410 66 23 show
1433 409 68 24 them
1518 410 55 24 that
1589 410 20 24 it
1620 410 21 25 is
1660 416 44 19 not
1730 411 41 25 all

1241 452 56 30 gold
1308 452 55 24 that
1380 452 95 30 g'ittcrs
1491 461 32 22 up
1541 452 69 24 there
1619 461 5 21 ;
1637 452 44 25 but
1709 462 55 23 very

1241 494 61 24 hard
1321 495 72 24 work.

1276 569 53 24 The
1339 569 133 29 Weather,
1477 583 30 4 —
1509 569 43 25 We
1562 569 50 25 hail
1625 570 58 24 with
1693 569 74 25 much

1242 610 110 32 pleasure
1366 611 40 24 the
1417 610 49 25 fine
1479 611 105 25 weather
1601 612 80 24 which
1698 619 68 17 came

1243 662 32 16 sn
1286 654 127 31 Thursday
1427 654 120 32 morning.
1580 655 47 24 We
1639 663 40 16 are
1698 663 68 23 sorry

1243 698 26 22 to
1276 696 62 25 have
1350 699 25 23 to
1384 698 82 24 record
1475 698 77 31 heavy
1563 698 77 24 losses
1652 700 114 29 amongst

1244 736 41 25 the
1296 744 82 24 young
1389 737 87 28 lambs,
1488 738 49 24 and
1548 739 51 24 also
1617 737 42 25 the
1676 739 89 23 cessat-

1243 779 48 28 ion,
1303 780 37 24 for
1352 780 41 24 the
1409 780 58 25 time
1479 781 80 31 teing,
1572 781 27 24 of
1609 781 85 31 spring
1705 788 59 17 sow-

1244 822 43 30 ing
1300 823 76 24 which
1396 824 21 23 is
1434 823 74 24 much
1525 823 92 25 behind
1634 823 50 24 this
1701 831 66 23 year,

1245 863 42 25 the
1299 864 121 25 excessive
1432 866 45 23 wet
1488 865 45 24 has
1547 866 52 24 also
1616 865 60 25 been
1690 867 80 29 pretty

1244 906 61 24 hard
1317 915 32 16 on
1361 909 84 28 cattle,
1459 908 128 32 especially
1599 908 107 24 milkers.

1277 981 101 24 Baptist
1429 981 99 25 Sunday
1574 981 102 25 School.
1679 996 30 3 —
1719 981 52 24 The

1246 1024 162 32 Anniversary
1432 1024 108 25 Services
1571 1025 26 24 m
1625 1026 143 23 connection

1243 1068 60 23 with
1316 1068 40 24 tha
1373 1068 75 24 abjve
1460 1068 81 24 school
1554 1076 61 16 ware
1629 1068 135 24 conducted

1246 1118 31 16 on
1290 1110 99 30 Sunday
1399 1110 49 24 lasb
1460 1110 55 31 S-jp.
1530 1110 59 24 25th
1607 1110 30 32 by
1652 1110 43 25 the
1707 1111 59 24 Rev.

1246 1153 31 24 E.
1312 1153 119 24 Richards
1453 1154 26 23 of
1498 1153 113 25 Lincoln.
1657 1153 30 24 In
1711 1161 55 17 con-

1246 1204 117 24 sequence
1375 1197 26 24 of
1415 1197 42 24 the
1474 1199 43 22 wet
1540 1197 106 24 weather
1657 1197 42 24 the
1711 1205 55 16 con-

1246 1240 137 31 gregations
1400 1247 61 19 were
1483 1242 43 22 not
1547 1248 26 16 so
1594 1240 62 31 good
1677 1240 27 24 m
1726 1240 42 24 the

1246 1283 114 32 morning
1371 1283 47 24 and
1440 1284 126 24 afternoon
1585 1292 26 16 as
1632 1284 47 24 last
1703 1292 63 23 year.

1245 1326 31 24 In
1283 1326 42 25 the
1336 1327 103 30 evening
1450 1327 109 25 however
1569 1327 41 24 the
1620 1328 85 30 chapel
1715 1335 48 16 was

1248 1369 115 25 crowded.
1407 1369 37 25 On
1467 1369 106 32 Monday
1596 1369 105 32 evening
1723 1369 42 26 the

1249 1412 154 32 anniversary
1422 1415 40 23 tea
1494 1414 107 31 meeting
1635 1421 48 17 was
1703 1413 63 31 held,.

1249 1456 72 25 ~'hen
1350 1457 42 25 the
1423 1457 84 31 chapel
1537 1457 48 24 and
1604 1456 82 26 school
1711 1465 61 17 were

1249 1505 115 31 crowded;
1378 1510 25 21 at
1417 1508 62 30 tuC;
1476 1500 76 24 iublic
1564 1502 107 29 meeting
1691 1501 80 23 which

1248 1557 49 18 was
1309 1550 109 30 presided
1429 1557 56 16 over
1497 1550 30 30 by
1540 1549 42 24 the
1603 1546 90 33 pa»id;
1731 1551 28 16 Gv
1762 1562 5 5 -

1249 1593 24 25 J.
1300 1593 123 32 Wagstaff,
1437 1593 41 24 the
1492 1591 205 32 Superintendent
1706 1597 59 24 gavo

1248 1637 39 24 his
1297 1639 81 29 report
1389 1636 79 25 which
1491 1635 97 24 showed
1608 1637 29 22 65
1661 1635 106 24 scholars

1249 1680 49 25 and
1310 1682 13 23 7
1347 1679 116 28 teachers,
1487 1687 32 16 on
1541 1678 43 25 the
1606 1677 80 25 Books
1688 1691 31 4 —
1728 1677 42 23 the

1250 1731 95 24 income
1367 1723 37 23 for
1415 1723 42 23 the
1468 1729 56 24 year
1541 1721 73 31 bo-ing
1626 1721 51 24 £12
1697 1722 26 23 Is
1740 1719 32 25 7d

1251 1767 49 23 and
1311 1767 42 23 the
1364 1766 159 30 expenditure
1535 1766 52 23 £11
1607 1765 44 23 Us
1669 1764 30 24 5d
1721 1763 52 24 bal-

1251 1817 59 17 ance
1321 1811 28 22 m
1370 1808 67 25 hand
1460 1807 66 33 10/2.
1563 1806 95 33 Special
1680 1806 90 31 hymns

1251 1861 63 17 were
1324 1861 63 23 sung
1398 1852 31 32 by
1439 1852 42 24 the
1492 1851 117 28 children,
1622 1849 47 26 and
1679 1847 92 27 several

1253 1896 108 25 scholars
1372 1903 59 24 gave
1451 1894 140 25 recitations
1602 1893 80 25 which
1695 1892 75 25 show-

1253 1939 30 27 ed
1294 1948 15 16 a
1320 1938 100 26 marked
1441 1938 177 32 improvement
1640 1944 57 18 over
1717 1936 56 31 past

1253 1990 77 24 years,
1343 1983 41 23 the
1396 1981 67 24 choir
1475 1982 51 23 also
1548 1988 50 16 was
1610 1982 67 22 extra
1690 1981 83 28 strong

1253 2025 49 25 and
1314 2025 112 29 efficient,
1437 2024 63 25 their
1522 2024 78 24 music
1622 2023 73 30 being
1710 2023 64 24 most

1253 2068 104 31 heartily
1391 2066 160 32 appreciated.
1597 2066 60 25 Miss
1691 2065 84 25 Twose

1253 2112 111 31 presided
1375 2113 26 22 at
1420 2111 42 25 the
1490 2118 82 25 organ.
1617 2109 95 31 During
1733 2108 42 25 the

1254 2155 103 31 evening
1369 2155 39 24 Mr
1418 2153 120 26 Richards
1549 2161 59 24 gave
1618 2160 30 18 au
1657 2153 119 26 excellent

1254 2199 98 24 address
1364 2206 31 17 on
1406 2199 41 23 the
1457 2198 79 24 duties
1549 2198 24 26 of
1578 2199 106 30 parents,
1695 2196 80 26 teach-

1254 2250 37 17 ers
1303 2242 49 24 and
1375 2241 115 25 scholars.
1526 2241 21 24 A
1569 2241 86 32 hearty
1677 2243 54 23 vote
1752 2240 29 25 of

1253 2283 91 25 thanks
1356 2291 49 17 was
1417 2284 86 31 passed
1514 2285 26 23 to
1563 2284 42 25 the
1625 2284 150 31 superinten-

1253 2328 66 29 dent,
1333 2327 110 25 teachers
1454 2327 48 25 and
1514 2327 97 25 friends.
1646 2327 52 25 The
1707 2326 68 26 anni-

1253 2379 96 23 versary
1361 2379 50 16 was
1422 2379 14 16 a
1448 2371 99 24 decided
1558 2378 95 17 success
1663 2370 111 25 notwith-

1253 2414 117 30 standing
1381 2414 41 24 the
1436 2416 124 23 incessant
1582 2414 62 25 rain.

1286 2487 112 25 Cricket.
1401 2502 32 3 —
1434 2488 52 24 The
1497 2488 123 33 following
1631 2489 49 25 will
1695 2496 78 25 repre-

1253 2533 54 22 sent
1319 2531 89 24 Oxford
1418 2531 96 32 against
1525 2532 128 32 Amberley
1665 2535 25 23 at
1709 2533 65 25 Ran-

1252 2574 68 32 giora
1332 2574 90 32 to-day.
1426 2590 30 3 —
1457 2575 86 32 Ffary,
1568 2576 80 30 Clark,
1672 2577 102 31 Gorton,

1253 2618 75 31 Ryde,
1347 2618 33 33 (2)
1399 2618 96 29 Brown,
1519 2619 144 29 Volckman,
1686 2620 88 32 Ryder,

1255 2661 76 29 Weld,
1356 2662 94 27 Fisher,
1474 2662 48 23 and
1542 2663 132 31 Harbidge,
1698 2672 75 16 emer-

1252 2712 92 23 gency,!
1359 2703 92 25 Bluett.

1285 2778 98 25 Oxford
1403 2778 70 26 Sale.
1477 2794 30 4 —
1509 2779 22 25 J.
1545 2780 100 32 Ingram
1657 2781 59 25 held
1734 2782 40 25 his

1251 2822 72 23 usual
1331 2822 145 32 fortnightly
1484 2822 50 25 sale
1543 2825 25 23 at
1580 2824 41 24 the
1630 2825 62 25 local
1703 2827 72 29 yards

1252 2872 31 17 on
1296 2865 126 32 Thursday
1433 2866 56 25 last.
1524 2867 51 25 The
1597 2869 107 24 weather
1726 2878 48 17 was

1251 2909 176 31 exceptionally
1436 2910 57 28 fine,
1517 2912 49 23 and
1588 2913 67 29 quite
1674 2922 15 16 a
1716 2922 56 18 con-

1251 2952 62 23 trast
1324 2954 26 21 to
1361 2951 66 25 what
1439 2952 47 25 has
1498 2952 61 26 been
1570 2955 157 30 experienced
1737 2956 37 26 for

1251 2994 42 24 the
1304 2995 48 24 last
1364 2996 41 24 ten
1418 2996 66 31 days.
1521 2997 51 25 The
1584 2998 77 25 rivers
1671 2999 101 33 though,

1251 3046 62 17 were
1323 3046 55 24 very
1390 3039 76 24 much
1479 3041 98 24 swollen
1590 3042 46 24 and
1658 3043 115 26 debarred

1251 3089 73 22 many
1345 3081 73 31 sheep
1438 3083 135 24 advertised
1594 3084 63 25 from
1677 3088 98 31 coming

1249 3123 110 24 fovward.
1395 3125 52 24 The
1469 3127 145 25 attendance
1637 3136 49 18 was
1716 3138 58 24 very

1249 3167 73 31 large.
1357 3166 52 26 The
1420 3168 123 33 following
1553 3178 40 16 are
1605 3179 15 15 a
1628 3171 45 25 few
1684 3173 27 24 of
1731 3174 42 25 the

1250 3210 105 24 sales.—
1357 3211 31 23 2B
1397 3210 35 25 fat
1442 3211 94 26 Merino
1550 3213 111 27 Wethers
1672 3216 101 27 realised

1251 3252 65 33 10/6,
1330 3255 31 22 50
1372 3255 25 23 at
1408 3255 64 32 10/6,
1486 3256 30 23 21
1530 3258 24 22 at
1567 3256 50 34 9/-,
1630 3260 29 23 41
1678 3260 95 27 Merino

1250 3295 72 24 Ewes
1331 3296 59 23 with
1409 3299 46 21 100
1466 3299 22 30 %
1504 3299 27 23 of
1538 3300 80 24 lambs
1630 3303 25 22 at
1666 3303 57 29 foot,
1749 3309 25 19 at

1251 3338 64 32 11/7,
1343 3340 35 23 41.
1404 3340 130 26 Crossbred
1556 3342 73 27 Ewes
1657 3346 59 25 with
1740 3356 31 16 an

1250 3382 72 30 equal
1344 3383 104 25 number
1476 3385 27 24 cf
1534 3385 78 26 lambs
1646 3391 25 22 at
1705 3392 66 32 15/2.

1237 3441 4 2 ■
1250 3423 87 26 Cattle.
1372 3425 36 25 An
1430 3428 176 33 exceptionally
1618 3432 61 30 good
1693 3440 77 27 entry,

1249 3466 64 25 close
1325 3476 64 22 upon
1403 3470 46 23 120
1462 3469 72 33 being
1549 3474 97 28 yarded.
1681 3476 21 24 A
1724 3486 47 22 pen

1249 3508 27 23 of
1295 3509 31 24 87
1349 3510 122 32 yearlings
1489 3512 96 27 fetched
1609 3517 60 31 50/-,
1692 3520 30 24 28
1746 3523 25 22 at

1249 3547 61 32 52/-,
1329 3549 14 22 2
1367 3549 30 24 18
1420 3552 100 23 months
1543 3553 50 29 old,
1617 3557 26 23 at
1667 3558 60 32 GO/-,
1756 3562 15 22 3

1248 3585 122 32 yearlings
1380 3589 75 23 steers
1468 3590 60 32 (53/-,
1542 3592 52 23 3at
1606 3594 61 31 G5/-.
1702 3596 69 26 Cows

1248 3622 27 24 m
1293 3623 31 25 all
1337 3627 63 21 sorts
1412 3626 27 23 o'*
1454 3627 123 26 condition
1599 3638 61 18 were
1682 3635 89 29 yarded

1249 3662 48 24 and
1311 3662 104 33 brought
1427 3665 61 25 from
1502 3667 36 25 £3
1553 3671 42 23 r~s
1609 3671 30 24 (id
1651 3673 25 24 to
1688 3674 33 24 £5
1735 3677 35 23 ss.

1249 3701 83 25 Bacon
1355 3703 57 31 Pig?
1439 3705 106 32 broaghs
1565 3710 60 31 25/-,
1655 3712 116 27 Weaners

1249 3740 46 33 9/-.
1330 3740 50 32 Rye
1393 3741 75 27 Grass
1482 3744 62 26 Seed
1556 3747 41 33 2/9
1619 3757 43 23 per
1685 3751 86 29 bushel

1249 3777 37 24 for
1316 3778 54 25 best
1399 3782 113 30 samples.
1547 3785 59 26 Oats
1641 3789 58 31 1/10
1728 3799 44 24 per

1249 3814 94 27 bushel.
1378 3817 38 26 No
1427 3818 104 28 demand
1540 3822 37 27 for
1588 3825 117 32 potatces.

1890 153 52 26 The
1954 163 71 18 scene
2036 158 79 25 which
2127 161 113 25 occurred
2261 163 26 23 at
2305 169 16 23 $
2342 170 38 16 re-

1856 193 55 23 cent
1939 195 107 31 meeting
2069 204 13 17 o
2085 197 10 23 f
2116 197 40 24 the
2179 198 65 25 Rosa
2264 199 115 32 Borough

1857 230 100 26 Council
1970 242 47 16 wa*
2026 235 26 24 m
2064 237 87 30 reality
2163 246 12 15 a
2199 246 49 16 Avar
2257 250 2 4 ■
2271 239 107 24 between

1857 269 93 25 France
1984 274 48 22 and
2066 275 131 31 Germany.
2255 278 125 30 Germany

1857 310 113 29 occupied
1982 311 42 25 the
2036 313 68 23 chair
2115 313 48 24 and
2172 314 21 24 is
2205 314 52 24 said
2269 317 25 22 to
2311 329 5 14 f
2316 315 63 24 have

1856 347 90 25 viewed
1958 350 57 24 with
2038 352 120 30 anything
2180 353 44 24 but
2246 354 68 24 favor
2336 353 43 25 the

1857 387 67 29 great
1932 386 156 33 Donegfcue's
2096 390 57 24 road
2163 390 88 32 falling
2259 391 120 32 question.

1857 424 53 26 Th^
1929 427 77 25 wrath
2022 429 26 24 of
2061 429 92 25 France
2166 430 49 25 had
2227 431 61 25 been,

1856 465 43 31 ing
1918 466 36 24 for
1966 475 67 17 some
2044 469 67 28 time,
2132 469 43 25 but
2198 470 20 24 it
2240 471 71 30 leapjb.
2327 471 53 24 into

1856 505 100 32 activity
1965 508 71 30 again
2045 510 26 22 at
2082 508 43 24 the
2137 508 114 33 meeting,
2264 510 49 25 anifl
2336 510 43 25 the

1857 543 140 26 astonished
2008 546 139 31 ratepayers
2158 555 49 16 saw
2214 555 15 17 a
2236 544 64 28 mfld«
2307 547 73 25 white

1856 580 84 25 haired
1951 582 135 25 individual
2097 584 26 24 of
2137 583 144 26 benevolent
2287 600 10 12 ,.
2297 588 84 29 aspect

1857 618 82 25 bound
1954 619 61 25 from
2032 621 40 24 his
2088 614 69 30 chair
2183 622 50 23 like
2249 630 32 16 an
2302 647 5 8 (
2309 623 73 23 India

1857 657 88 25 rubber
1961 658 50 25 ball
2027 659 49 24 and
2091 659 61 33 bury
2168 660 40 25 his
2224 661 54 25 fists
2283 670 38 22 \in
2339 662 42 24 the

1859 698 118 28 occupant
1991 697 26 23 of
2034 698 42 24 the
2093 698 61 25 civic
2170 698 76 30 chair,
2264 699 54 26 who
2344 708 36 17 re-

1859 734 81 25 ceived
1951 735 42 25 the
2010 736 87 32 charge
2113 738 60 24 with
2190 739 42 25 the
2249 739 133 32 resistance

1859 773 49 24 and
1918 773 64 25 force
2010 775 26 23 of
2061 784 32 15 an
2120 777 147 25 unstarched
2281 776 98 31 //collar.

1891 811 52 26 The
1960 812 75 27 Town
2053 814 72 25 Clerk
2142 816 105 31 dropped
2264 818 44 27 tha
2332 826 49 24 pen

1859 849 62 24 from
1939 850 38 24 his
1994 859 40 16 ear
2061 852 27 24 m
2105 852 70 26 sheer
2201 856 181 25 astonishment

1859 885 48 25 and
1921 886 58 25 then
1990 887 87 26 hurled
2088 889 100 26 himself
2200 891 60 25 with
2276 892 106 26 reckless

1859 925 120 34 gallantry
1991 927 108 26 between
2110 929 42 26 the
2165 931 137 30 assailants,
2315 933 67 25 amid

1860 965 42 25 the
1935 967 117 31 applause
2084 969 27 24 of
2136 969 42 26 the
2206 973 140 29 spectators.
2349 987 32 5 —

1886 1004 108 26 Kumara

1892 1055 24 24 A
1928 1055 63 31 good
2003 1058 64 31 story
2078 1056 21 26 is
2111 1058 73 33 going
2193 1059 41 25 the
2244 1062 90 24 rounds
2356 1064 26 23 at

1861 1094 43 23 the
1916 1103 102 21 expense
2029 1096 26 24 of
2068 1105 15 15 a
2104 1098 125 26 Victorian
2247 1101 134 30 politician.

1862 1134 78 24 When
1954 1135 112 25 Minister
2077 1138 27 22 of
2109 1136 139 28 Education
2256 1139 36 28 he.
2296 1139 87 27 visited

1860 1181 15 17 a
1884 1174 91 25 certain
1989 1174 68 26 State
2067 1176 93 30 school,
2172 1179 47 24 and
2229 1187 50 17 was
2290 1181 49 25 told
2351 1180 32 33 by

1860 1212 42 24 the
1913 1212 172 27 head-teacher
2095 1215 56 26 that
2172 1216 41 25 the
2233 1218 114 25 stancard
2358 1219 28 25 of

1859 1251 43 23 the
1913 1251 147 25 curriculum
2073 1260 48 17 was
2139 1256 43 22 not
2194 1263 26 16 as
2238 1254 59 33 high
2316 1263 27 17 as
2361 1256 22 25 it

1860 1287 86 26 should
1963 1288 37 25 be.
2203 1292 40 24 I'll
2255 1300 39 17 see
2302 1293 55 25 that
2368 1301 15 18 a

1860 1327 127 30 carpenter
1997 1326 22 25 is
2031 1329 54 23 sent
2096 1329 78 24 round
2186 1331 24 23 to
2222 1329 62 26 have
2292 1331 19 28 it
2322 1331 60 26 rais-

1862 1363 30 24 ed
1902 1365 26 22 at
1950 1372 67 16 once.

1893 1414 136 32 According
2040 1416 25 24 to
2077 1423 14 17 a
2103 1416 141 33 Wairarapa
2259 1419 124 32 exchange

1861 1459 14 16 a
1886 1452 91 25 careful
1987 1454 113 24 traveller
2111 1454 44 25 left
2178 1456 42 24 the
2243 1454 139 28 Occidental

1861 1490 82 29 Hotel,
1957 1491 142 29 Masterton,
2116 1493 47 24 last
2186 1494 79 29 week,,
2283 1495 49 25 and
2351 1503 31 18 on

1860 1527 39 23 his
1909 1527 87 24 arrival
2008 1530 25 22 at
2045 1529 42 24 the
2099 1532 58 22 next
2167 1532 63 23 town
2239 1534 19 21 it
2269 1533 113 26 occurred

1860 1567 25 24 to
1897 1566 52 24 him
1960 1567 54 23 that
2023 1567 31 24 he
2066 1569 48 22 had
2127 1571 64 28 'plan
2195 1571 38 22 ted
2257 1571 76 24 under
2344 1571 40 24 his

1858 1606 81 33 piliow
1949 1607 26 25 at
1991 1606 64 27 Host
2078 1607 95 34 Philips
2196 1610 187 27 establishment

1860 1648 42 24 the
1912 1655 53 17 sum
1987 1647 25 25 of
2034 1648 77 24 £104.
2146 1649 20 24 A
2186 1649 71 33 hasty
2278 1651 57 24 wire
2356 1653 26 23 to

1862 1686 135 24 Masterton
2008 1691 49 19 was
2069 1685 110 25 followed
2201 1687 30 31 by
2244 1696 11 16 a
2269 1688 113 26 comfort-

1859 1726 43 30 ing
1913 1726 67 30 reply
1992 1725 54 24 that
2058 1725 42 25 the
2107 1734 87 24 money
2206 1736 49 16 was
2264 1728 120 26 discover-

1860 1765 30 25 ed
1909 1764 80 26 where
2019 1764 32 26 he
2073 1764 43 25 left
2138 1766 20 24 it
2180 1766 49 25 and
2250 1768 81 25 would
2352 1768 30 26 be

1859 1804 166 33 immediately
2038 1808 53 22 sent
2102 1813 31 17 on
2146 1808 25 22 to
2182 1806 32 25 its
2226 1815 89 20 owner,
2383 1817 5 17 v

1893 1862 39 28 An
1941 1863 39 27 old
1994 1862 156 34 Omaruvian,
2162 1875 54 17 now
2225 1867 26 25 m
2276 1868 106 33 Sydney,

1860 1902 98 34 writing
1966 1905 25 24 to
2010 1912 14 17 a
2035 1904 78 27 friend
2132 1914 62 24 says.
2240 1908 13 25 I
2272 1907 63 28 have
2356 1911 27 24 to

1862 1941 66 26 work
1939 1941 61 27 from
2012 1942 46 26 five
2069 1943 27 25 m
2107 1943 42 26 the
2161 1945 113 33 morning
2285 1947 37 24 till
2342 1947 38 25 six

1861 1983 25 23 at
1894 1982 72 30 night
1977 1982 36 24 for
2024 1984 28 24 6s
2062 1983 31 24 8d
2102 1992 14 16 a
2127 1984 47 32 day
2182 1985 49 25 and
2237 1994 48 24 pay
2293 1987 87 24 travel-

1861 2018 53 32 ling
1925 2026 115 24 expenses
2051 2021 42 23 out
2104 2020 28 26 of
2144 2022 29 24 it.
2206 2022 79 26 Bread
2306 2024 22 25 is
2351 2025 29 26 7d

1861 2058 43 25 the
1923 2058 41 26 41b
1986 2058 58 32 loaf;
2064 2062 109 29 potatoes
2197 2062 31 24 5d
2249 2065 25 23 to
2286 2063 32 26 6d
2339 2071 43 24 per

1860 2096 93 32 pound.
1987 2097 58 24 Men
2078 2106 41 16 are
2151 2099 86 32 asking
2262 2101 67 27 work
2351 2101 30 35 by

1862 2135 89 24 dozens
1972 2137 26 22 at
2018 2136 35 35 5/'-
2076 2143 42 27 per
2140 2137 54 33 day,
2227 2138 14 26 I
2267 2138 63 26 have
2348 2147 34 18 no

1862 2173 75 25 doubt
1959 2173 55 27 that
2030 2182 47 24 you
2097 2174 63 26 have
2190 2183 57 18 seen
2275 2176 32 33 by
2339 2177 43 25 the

1862 2219 85 24 papers
1957 2211 41 26 the
2009 2211 130 27 distressed
2146 2215 62 24 state
2217 2214 26 25 of
2253 2214 41 26 the
2305 2215 77 26 worki-

1863 2250 43 31 ng
1916 2249 89 26 classes
2013 2251 27 24 m
2053 2250 96 33 Sydney
2160 2252 47 25 and
2219 2252 14 25 I
2251 2252 91 27 believe
2361 2253 21 27 it

1864 2288 48 23 will
1921 2287 28 24 be
1958 2296 72 15 worse
2039 2288 68 24 three
2115 2290 100 23 months
2222 2289 77 26 hence
2310 2291 73 25 when

1862 2326 43 26 the
1921 2326 59 26 New
2003 2327 78 26 South
2115 2328 81 26 Wales
2226 2330 159 31 production*

1862 2369 41 30 get
1922 2375 87 18 scarce.
2043 2368 70 25 Then
2133 2377 37 17 we
2189 2369 64 25 shall
2271 2370 62 26 have
2354 2373 26 28 tQ

1862 2416 47 25 pay
1929 2408 65 30 duty,

438 34 168 32 OXFORD
649 32 90 31 AND
783 31 105 32 OUST
933 28 222 33 OBSERVER
1200 28 233 38 SATURDAY,
1475 27 193 34 OCTOBER
1712 27 27 39 1,
1784 27 89 36 1893.

1863 3613 99 25 Printed
1984 3613 48 25 arl
2070 3613 91 26 PubJisl
2165 3615 36 24 .^1
2212 3615 29 31 ly
2267 3603 123 41 .Thei&Rii

1895 3657 104 24 Uolman
2021 3657 95 27 Vauish,
2140 3658 25 23 at
2183 3657 38 24 ii:s
2240 3657 150 33 iiegistere«

1895 3700 111 28 PrintJD?
2018 3701 80 26 (^fdw,
2121 3700 49 31 Hif
2171 3700 14 24 h
2211 3700 86 26 Kfcveei.
2321 3692 69 38 Bail

1959 3794 131 29 Saturday,
2103 3794 111 25 Ootobeb
2226 3796 52 26 Is?.
2370 3784 20 37 I

1993 2503 80 43 TO
2103 2503 133 44 LET

1863 2625 39 58 A
1921 2625 68 25 Good
1999 2627 15 23 4
2026 2626 98 25 roomed
2134 2627 84 30 house,
2230 2627 48 25 and
2300 2630 31 30 6£
2341 2637 37 18 ac.

1935 2659 101 31 ground,
2048 2660 48 24 and
2107 2660 53 25 first
2182 2661 63 25 class
2267 2662 111 29 orchard,

1861 2695 97 28 stables,
1987 2696 80 29 sheds,
2096 2698 40 24 &c.
2170 2698 64 25 Rent
2264 2700 36 31 6/-
2333 2708 45 20 per

1864 2744 16 15 v.
1886 2735 50 24 eek.
1971 2735 78 32 Apply
2060 2738 33 27 to,
2382 2751 8 12 *

1942 2772 136 26 GEORGE
2103 2774 192 31 MARSHALL,

2162 2813 68 25 West
2248 2813 97 26 Oxford.

1862 2920 120 57 EH.
2000 2920 132 31 PARISH,
2160 2921 75 32 hopes
2262 2921 55 27 that

1903 2964 8 13 i
1950 2954 143 30 continuing
2109 2956 26 23 to
2156 2956 64 23 close
2241 2955 40 24 his
2302 2948 79 36 eiyki>-

1866 2994 117 24 lishment
2009 3001 32 17 on
2060 2993 148 32 Wednesday
2241 2993 141 33 Aftern^fca^

1864 3033 50 25 ■will
1925 3041 71 17 cause
2008 3034 38 25 his
2056 3034 89 25 friends
2157 3034 48 25 and
2213 3034 41 25 the
2265 3034 82 33 public
2357 3036 28 26 of

1867 3073 90 25 Oxford
1966 3081 33 17 no
2009 3074 194 28 inconvenience,
2215 3074 48 25 and
2284 3074 32 26 he
2332 3076 51 25 will

1861 3115 26 22 at
1903 3113 33 29 ajl
1958 3113 72 24 times
2053 3113 149 24 endeavour.
2209 3116 26 21 to
2256 3115 120 29 purchase

1864 3151 75 30 goods
1950 3150 37 25 for
1998 3151 58 24 cash
2067 3152 25 23 at
2104 3152 59 23 such
2180 3152 65 30 price
2266 3152 54 25 that
2342 3154 40 25 his

1864 3191 133 22 customers
2008 3189 49 24 will
2069 3190 43 23 not
2123 3189 55 31 only
2201 3189 50 24 find
2272 3189 110 36 Drapery

1865 3226 132 33 purchased
2010 3228 26 23 at
2046 3227 38 24 his
2096 3227 183 26 establishment
2294 3229 87 33 cheap-

1865 3275 26 17 er
1902 3267 48 24 and
1961 3267 77 25 better
2049 3267 58 25 than
2120 3267 57 32 they
2188 3275 44 17 can
2244 3268 26 24 m
2288 3268 92 27 Christ-

1865 3306 98 26 church,
1981 3306 43 23 but
2035 3306 38 23 his
2084 3305 73 25 client
2250 3306 52 25 also
2324 3316 57 18 save

1863 3344 106 31 carriage
1987 3344 47 25 aid
2056 3344 127 32 travelling
2204 3351 110 25 expense.
2349 3347 31 26 K.

1863 3382 33 24 H.
1920 3382 86 24 Parish
2030 3382 44 25 has
2093 3382 52 32 just
2167 3382 91 25 cleared
2285 3386 43 24 out
2366 3394 14 17 a

1865 3422 226 33 Warehouseman's
2129 3423 68 24 stock
2244 3423 27 24 of
2314 3423 66 33 Boys

1862 3462 105 25 Knicter
1985 3462 66 25 Suits
2080 3463 33 24 all
2136 3462 67 30 sizes,
2234 3462 43 33 5/-,
2302 3464 77 26 worth

1862 3502 41 30 8/6
