3262 4248
70 959 199 46 Visitors
269 959 25 46 '
319 954 119 45 List.

167 1063 99 22 Geyser
279 1058 78 25 Hotel

38 1110 40 17 Mrs
87 1108 37 18 and
133 1108 47 17 Miss
189 1106 71 19 Olivon,
272 1104 75 22 Sydney

178 1129 75 23 Briggs,
303 1138 11 10 „

177 1151 112 21 Aloisandor,
298 1149 111 18 Melbourne

73 1177 96 20 Riohards,
181 1176 74 22 Sydney

37 1199 66 25 Misses
112 1200 79 22 Murray
200 1197 32 25 (2),
242 1197 76 22 Sydney

37 1225 27 18 Mi
68 1230 15 12 S3
93 1223 67 18 Perlon
163 1221 14 23 8,
185 1221 89 18 Brisbane

72 1246 111 20 Grimwado,
197 1244 104 18 Melbourr..

72 1271 36 16 and
117 1270 31 17 Mr
156 1267 96 21 Riohards,
263 1266 76 22 Sydney

35 1294 52 18 lion-.
97 1294 21 16 P.
129 1292 37 18 and
174 1292 40 16 Mrs
223 1289 84 21 PorMus,
317 1287 90 19 Brisbane

35 1318 33 17 Ir
75 1317 85 19 Murray,
170 1314 75 23 Sydney

72 1340 38 17 and
118 1340 72 16 Master
199 1335 93 22 Blundoll,

71 1364 22 17 B>
103 1362 84 19 Perkins,
197 1360 91 18 Brisbane

70 1386 38 18 and
116 1386 41 16 Mrs
165 1384 91 23 Seymour
264 1382 62 19 Allan,
336 1378 91 20 Brisbane

70 1411 92 21 Courage,
169 1407 91 23 England

70 1433 115 21 Gill-Carey,
194 1428 107 25 Wanganui

70 1456 38 17 and
115 1456 41 16 Mrs
164 1455 98 18 Paterson,
272 1450 89 19 Adelaide

69 1479 74 22 Smyth,
155 1477 72 18 Dublin

70 1502 64 18 Wood,
145 1501 76 21 Sydney

68 1526 39 17 and
115 1525 40 17 Mrs
164 1521 111 22 Grimwado,
286 1520 110 18 Melbourne

68 1548 88 21 Bastard,-
162 1545 103 19 -Auckland

68 1572 87 18 Sinibert,
169 1568 90 20 Scotland

67 1596 62 19 Hunt,
140 1592 90 24 England
235 1592 3 24 :

68 1619 73 19 Atkins,
175 1630 10 7 „

67 1642 40 16 Mrs
116 1640 38 18 and
161 1639 47 18 Miss
216 1639 87 18 Noonan,
316 1635 91 19 Gisbomc

67 1665 38 17 and
113 1665 46 16 Miss
169 1663 85 19 Stewart,
265 1660 76 23 Sydney

67 1687 127 19 Whitehouse,
204 1684 89 22 England

67 1711 37 17 and
112 1711 41 18 Mrs
161 1710 37 19 Leo
206 1708 84 21 Murray,
301 1706 75 22 Sydney

67 1734 37 17 and
113 1734 46 16 Miss
173 1732 79 19 Palmer,
261 1729 70 23 Napier

66 1758 86 21 Haggas,
168 1754 89 24 England

65 1781 87 18 Thomas,
167 1777 89 23 England

66 1804 69 19 Miller,
146 1800 97 19 Auokland

65 1826 38 18 and
111 1826 41 17 Mrs
160 1824 98 20 Mcßcatb,
268 1822 77 23 Sydney

31 1849 70 19 Messrs
110 1849 59 17 Blake
178 1847 31 23 (2),
220 1847 76 22 Sydney

100 1872 67 22 Irving
176 1870 32 24 (2),
218 1870 111 17 Melbourne

30 1897 45 17 Rev.
86 1896 70 17 Father
164 1894 99 22 Dorrigen,
273 1892 89 18 Brisbane

30 1920 28 17 Dr
67 1919 73 22 Hardy,
151 1918 75 22 Sydney

32 1942 80 23 Captain
120 1941 67 20 Neviri,
198 1938 89 20 Scotland

30 1965 77 18 Colonel
115 1963 110 21 Townsond,
235 1960 89 25 England

63 2022 102 24 Brent's
182 2020 130 28 Bathgate
330 2019 149 29 House.

28 2054 28 18 Dr
63 2054 61 21 Barry
133 2053 20 16 T.
163 2053 79 17 Russell,
312 2053 96 14 Maitland

27 2078 41 16 Mrs
77 2071 108 24 Mckenzie,
199 2074 92 17 Gisbomo

63 2100 37 17 and
109 2100 71 16 Master
189 2097 101 19 Chisholm,
300 2095 91 19 Brisbann

63 2121 102 24 Wynyard,
176 2120 99 18 Auckland

62 2146 54 23 Tyer,
126 2145 116 22 Wellington

63 2169 81 20 Gordon,
155 2167 89 19 Scotland

62 2192 104 20 Mathows,-
171 2189 98 19 Auckland

27 2216 47 16 Miss
82 2215 37 17 and
128 2215 71 17 Master
208 2212 108 20 McKenzio,
326 2211 91 18 Gisborno

72 2239 89 19 Graham,
175 2236 99 19 Auckland

180 2258 98 19 Auckland

73 2284 76 22 Spence,
161 2283 89 23 England

72 2308 66 23 Dring,
149 2307 90 23 England

71 2331 111 21 Robertson,
192 2330 106 21 Onehunga

183 2353 32 23 (2),
225 2350 99 20 Auckland

71 2401 55 20 Qilin,
136 2401 116 22 Wellington

70 2424 38 17 and
115 2424 32 17 Mr
155 2422 134 23 McLoughlin,
301 2421 63 23 Druvy

70 2447 61 21 Hunt,
142 2446 98 18 Auckland

23 2470 46 17 P;v.
79 2470 22 17 E.
111 2470 22 18 O.
144 2470 37 17 and
190 2470 40 16 Mrs
238 2469 63 22 Perry,
312 2465 100 20 Auckland

24 2494 28 16 Dr
61 2494 21 16 P.
93 2493 72 20 Callan,
174 2492 80 18 Thames

24 2517 32 16 Mr
63 2516 116 22 Handyside,
188 2514 82 19 Hawkes
277 2515 40 21 Bay

58 2540 80 22 Lumley
148 2539 45 20 Hill,
204 2538 90 17 Brisbane

58 2563 99 20 Halstcad,
167 2562 89 23 England

58 2586 25 17 H.
94 2586 22 18 R.
127 2586 80 21 Aubrey,
217 2581 115 25 Whangarei

58 2609 39 17 und
104 2609 40 18 Mra
153 2608 78 20 Button,
247 2606 98 19 Auckland

57 2631 18 19 I.
85 2632 82 21 Pantlin,
177 2632 96 17 Northern
282 2629 74 19 Wairoa

59 2748 38 17 and
106 2748 40 17 Mrs
154 2747 86 22 Baigout,
254 2746 71 18 Nelson

59 2818 19 17 J.
88 2818 22 16 A.
120 2816 103 24 Wynyard,
233 2813 98 20 Auckland

59 2841 98 17 Dennison
166 2840 25 23 (2)
200 2840 92 16 lleiuuera

59 2863 75 22 Heriot,
144 2863 92 17 Itomucra

59 2887 132 20 Hamuierton,
202 2882 98 21 Auckland

61 2909 122 20 O'Halloran,
193 2909 71 17 Nelson

61 2933 71 22 Astlcy,
143 2932 95 18 Avondale

60 2956 21 17 T.
92 2956 83 20 Sinclair,
186 2955 75 22 Sydney

61 2980 24 16 Di
97 2979 82 21 Coulter,
214 2990 11 9 ~

60 3002 30 17 W.
101 3002 62 20 Clark,
214 3012 10 11 „

60 3025 23 17 E.
93 3025 26 17 H.
129 3025 81 21 Wright,
221 3022 76 24 Sydney

61 3048 37 17 and
107 3048 40 17 Mi-3
156 3047 110 22 Kingsford,
276 3044 95 19 Australia

61 3071 37 17 and
107 3071 40 17 Mrs
155 3072 77 18 Turner,
246 3069 99 18 Auckland

61 3095 38 17 and
107 3095 41 16 Mrs
157 3094 53 20 Bain,
219 3093 117 22 Wellington

62 3117 38 18 and
108 3116 104 21 Mrs'Quin,
285 3129 12 7 ~

63 3141 36 16 and
108 3141 40 16 Mrs
157 3140 110 20 Parkinson,
277 3136 99 21 Auckland

62 3164 23 16 E.
94 3164 21 16 T.
125 3163 56 20 Hart,

63 3187 34 16 and
108 3187 47 16 Miss
163 3185 107 21 McKerras,
308 3197 12 8 ~

61 3210 136 19 McCutcheon,
310 3221 10 8 ~

63 3232 162 22 Selmaekenberg,
310 3243 10 8 ~

63 3255 128 21 McCormack,
310 3267 10 7 ~

63 3279 29 17 W.
102 3279 77 20 Martin,

63 3302 94 22 Hopkins,
311 3313 11 7 ~

64 3325 66 20 Mtock,
311 3336 11 7 ~

65 3348 52 19 Sara,
311 3359 11 7 ~

66 3371 104 20 Patterson,
311 3382 11 7 ~

66 3393 65 24 Sagar,

66 3417 110 20 Grandison,
311 3428 11 8 ~

66 3440 92 22 Stephens
166 3439 38 18 and
212 3445 39 14 son,
312 3451 12 7 ~

51 3494 122 24 Seddon's
183 3490 70 28 Lake
270 3490 70 28 View
355 3490 96 25 House.

32 3535 41 16 Mrs
82 3534 38 17 and
128 3532 46 17 Miss
183 3532 107 22 Gallagher,
301 3530 99 19 Auckland

68 3555 111 22 McFadyen
186 3555 39 16 and
233 3560 39 13 son,
282 3554 81 18 Waiuku

69 3579 37 18 and
113 3579 48 17 Miss
171 3577 82 20 Salmon,
263 3577 98 18 Hamilton

70 3603 99 20 Summers,
179 3600 38 18 and
226 3601 42 16 four
277 3600 89 22 children,
374 3601 93 18 Waharoa

33 3624 47 19 Miss
89 3626 72 19 Inches,
171 3623 100 19 Tasmania

34 3648 32 18 Mr
74 3649 73 17 Norrell
155 3649 77 21 Young,
242 3646 134 18 Christchurch

70 3671 19 18 J.
98 3672 28 17 W.
136 3672 86 19 Anioore,
232 3669 100 18 Auckland

70 3695 22 16 F.
101 3695 22 16 F.
132 3694 58 21 Watt,

72 3717 70 21 Shortt,
269 3729 11 8 „

72 3740 76 21 Martin,
270 3752 10 8 ~

72 3763 19 18 J.
105 3759 81 25 Skelton,
197 3762 99 18 Auckland

72 3786 71 22 Joseph
150 3786 87 22 Asquitk,
247 3785 76 22 Sydney

72 3809 60 20 Firth,
141 3809 99 17 Auckland

72 3833 67 19 BurnS,
152 3832 84 17 Victoria

71 3855 72 20 Welch,
151 3854 116 23 Wellington

72 3877 58 20 Heed,
139 3877 98 17 Auckland

72 3902 23 16 G.
105 3898 86 24 R'ainnbs,
200 3900 76 18 Pamoll

72 3923 68 20 Smith,
146 3923 80 17 Newton

72 3948 19 17 J.
101 3946 27 18 M.
138 3945 113 22 McFadyen,
260 3946 82 18 Waiuku

71 3970 89 21 Bamfjay,
170 3968 98 18 Auckland

71 3995 23 16 B.
104 3990 75 22 Giimer,
190 3991 73 22 Mayor,
272 3991 76 18 Parnell

72 4017 45 18 Geo.
127 4014 76 21 Gilmer,
213 4014 75 17 Parnell

70 4040 28 17 H.
108 4040 21 17 L.
139 4037 115 22 McFadyen,
265 4037 88 17 Scotland

71 4064 25 16 D.
102 4063 18 17 J.
128 4061 68 20 Quinn,
394 4059 73 24 Sydney

36 4086 82 22 Captain
126 4085 76 22 Young,
213 4083 133 18 Christchurch

587 2023 137 22 Tarawera
736 2020 90 25 House

484 2062 40 17 Mrs
533 2062 73 20 Garret,
617 2061 97 18 Avondalc

519 2084 80 23 Daniell,
610 2085 104 18 Halcombe

530 2132 22 16 E.
562 2131 77 17 Salmon
647 2132 37 16 and
693 2132 27 16 M.
731 2132 55 22 Loyg,
796 2130 100 18 Auckland

483 2155 31 17 Mr
523 2155 37 17 and
568 2155 40 17 Mrs
617 2155 25 16 H.
653 2155 63 22 Perry,
728 2154 89 22 England

599 2178 26 17 H.
635 2178 53 20 Ross,
700 2178 89 17 Ihniedin

599 2201 54 22 Leys,
663 2201 101 17 Auckland

599 2225 66 21 Daloy,
677 2222 101 20 Auckland

599 2247 74 23 Hodge,
684 2247 100 18 Auckland

599 2270 82 21 Salmon,
692 2268 99 21 Auckland

517 2293 27 17 W.
555 2293 57 21 West,
622 2294 74 16 Mauku

516 2317 28 17 W.
555 2317 84 21 Hocken,
652 2317 102 17 Pukekoho

516 2340 22 17 A.
549 2339 81 21 Rateliff,
641 2340 101 17 Auckland

516 2363 22 17 E.
549 2364 61 21 Craig,
621 2363 100 17 Auckland

517 2387 21 16 G.
548 2387 26 16 H.
584 2387 20 17 C.
614 2387 50 20 Best,
677 2387 99 17 Auckland

555 2409 81 20 Salmon,
648 2410 99 17 Auckland

517 2432 71 20 Clarke,
599 2432 100 24 Tauranga

516 2456 102 22 Campbell,
628 2456 92 17 Gisborne

597 2510 53 23 The
661 2509 141 28 Langham.

480 2542 40 17 Mrs
529 2542 37 17 and
574 2542 72 17 Muster
657 2542 109 22 Carpenter,
777 2542 92 17 Romuora

515 2565 38 17 and
561 2565 46 17 Miss
616 2564 74 23 Taylor,
701 2564 99 18 Auckland

596 2588 88 20 Dawson,
699 2588 100 17 Auckland

515 2610 77 22 Hamer,
606 2611 76 22 Sydney

515 2634 71 21 Homo,
636 2647 11 8 ~

515 2658 89 20 Bedford,
614 2658 77 16 Parnoll

515 2681 87 23 Morgan,

480 2704 46 17 Miss
535 2704 22 17 L.
567 2704 77 20 Wilson,
651 2702 101 19 Auckland

527 2727 70 20 Carter,
608 2726 33 25 (2),
654 2727 77 17 Parnell

527 2750 52 20 Bate,
590 2750 76 17 Parnell

481 2773 31 17 Mr
520 2773 38 18 and
566 2773 40 18 Mrs
616 2773 67 21 Cooke,
694 2773 76 18 Parnell

597 2796 87 21 Walters,
694 2796 99 17 Auckland

518 2820 28 16 Do
554 2820 75 20 Kenzie,
642 2820 90 22 England

517 2842 67 21 Smith,
594 2843 100 17 Auckland

517 2865 97 21 Goodwin,
623 2865 118 23 Wellington

517 2889 87 20 Hibbert,
615 2889 76 22 Sydney

518 2912 73 23 Speedy
599 2911 33 24 (2),
642 2912 52 17 Hutt

611 2968 71 23 Lake
696 2969 96 22 House.

483 3002 39 17 Mrs
531 3001 37 17 and
576 3001 46 17 Miss
632 3001 77 19 Gilleth,
719 3001 99 17 Auckland

482 3025 33 17 Mr
522 3024 38 17 and
568 3024 41 17 Mrs
618 3024 102 23 Mclllopp,
766 3037 11 8 ~

517 3047 97 21 Williams,
767 3059 11 8 ,■,

517 3070 90 20 McLeod,
767 3083 11 8 „

517 3093 80 20 French,
765 3105 11 9 ~

517 3116 30 17 W.
557 3116 103 22 Mowbray,
766 3128 11 9 ~

519 3139 38 17 and
564 3139 40 17 Mrs
616 3137 52 23 Hall,
767 3151 11 9 „

519 3161 54 21 Kirk,
768 3174 10 9 „

519 3186 38 16 and
565 3186 40 17 Mrs
613 3185 64 21 Jones,
768 3199 11 8 „

519 3231 73 23 Hardy,
768 3245 12 7 ~

519 3255 38 16 and
565 3255 46 17 Miss
620 3253 81 21 Harkcr,
767 3266 11 9 ~

519 3276 69 23 Hume,
767 3290 12 9 >,

519 3301 106 20 Mathcson,
767 3313 13 8 ~

520 3324 74 21 Brown,
768 3336 12 8 >,

520 3347 87 20 Wallace,

521 3370 123 20 Grcensmith,
769 3383 12 7 ~

520 3393 52 17 John
581 3393 69 21 Currie,
661 3392 100 18 Auckland

521 3415 88 18 Kenneth
618 3415 89 23 Graham,
718 3415 100 18 Hamilton

522 3439 120 21 ltutherford,
654 3439 120 23 Canterbury

522 3462 37 17 and
567 3462 46 18 Miss
622 3462 78 21 Wilson,
710 3462 80 18 Thames

606 951 114 22 Rotorua
735 949 86 23 Hotel.

494 991 39 17 Mrs
543 990 61 19 Grien,
614 988 92 19 Taranaki

493 1011 46 19 Miss
548 1013 22 17 A.
579 1012 72 21 Clarke,
663 1011 113 23 Cambridge

492 1037 32 16 Mr
532 1036 23 17 A.
565 1035 26 18 M.
601 1036 65 19 Grant,
677 1035 89 16 Duucdin

527 1060 23 16 A.
560 1059 59 19 Cross,
630 1058 88 18 Dunedin

527 1083 23 16 R.
560 1081 111 23 McGrystal,
681 1079 76 19 Wairoa
766 1079 59 19 South

527 1105 37 17 and
572 1105 40 16 Mrs
619 1105 58 19 Cane,
688 1104 114 22 Cambridge

527 1128 77 17 Francis
612 1125 56 23 Peak,
678 1124 132 23 Toowoomba,
822 1126 22 19 Q>

527 1150 52 23 Clay,
590 1150 106 23 Onehunga

527 1174 38 17 and
572 1175 40 16 Mrs
620 1174 92 20 Wiluiott,
722 1173 101 23 Tauranga

527 1197 89 22 Murphy,
626 1197 100 23 Tauranga

526 1220 101 20 Johnston,
644 1220 96 17 Australia

527 1243 124 21 Hurstbouse,
661 1244 26 16 Te
696 1243 54 17 Kuiti

526 1266 78 23 Megoflf,
618 1265 98 18 Auckland

527 1290 65 20 Quick,
603 1287 99 20 Auckland

527 1312 77 23 Pliilips,
656 1324 12 9 ~

526 1336 73 22 Hardy,
657 1346 11 11 „

526 1359 80 19 Purcell,
655 1372 11 7 ~

525 1382 131 17 Marohesseau
665 1382 77 17 Canada

491 1405 100 17 Constable
600 1406 108 21 Berryman,
720 1405 65 22 Taupo

603 1462 104 23 Mokoia
726 1463 82 22 View.

490 1505 40 16 Mrs
539 1504 72 20 Elliott,
624 1502 90 24 England

524 1528 77 17 Burton,
613 1526 99 18 Hamilton

525 1549 45 22 Cox,
581 1549 99 19 Hamilton

501 1570 2 25 •
526 1572 99 23 Crossloys,
637 1570 100 20 Hamilton

489 1597 46 17 Miss
630 1595 91 23 England

489 1643 31 17 Mr
529 1642 75 21 Collolo,
614 1641 57 19 India

523 1666 37 17 and
569 1667 39 16 Mrs
618 1665 59 20 Firth,
690 1663 118 25 Wellington

523 1689 74 20 Brown,
608 1688 76 22 Sydney

523 1712 91 23 Moelooy,
623 1708 99 21 Auckland

523 1758 53 22 Hull,
586 1756 82 21 Waiuku

523 1782 65 19 Green,
599 1780 92 19 Tarauaki

522 1804 41 22 Isit,
574 1803 105 19 Matauiata

522 1827 37 19 and
568 1829 39 16 Mrs
616 1827 84 21 Jenkins)
712 1824 97 20 Auckland

522 1851 37 17 and
567 1851 40 17 Mrs
617 1851 81 19 Salmon,
710 1850 99 17 Hamilton

521 1873 73 24 Farley,
606 1872 123 25 Invorcargill

521 1897 95 20 Peterson,
627 1897 119 17 Palmcrston
755 1896 60 18 North

521 1921 38 16 and
567 1921 46 17 Miss
622 1920 70 19 Cutler,
704 1919 113 24 Cambridge

521 1944 77 20 Penroe,
609 1943 115 18 Helensville

521 1967 103 22 Mclntyre,
635 1966 103 23 liokianga

1409 1542 56 12 THE
1484 1542 56 12 HOT
1559 1542 94 12 LAKES
1672 1542 170 12 CHRONICLE

1409 1554 433 38 AND

1409 1592 204 37 Tourist'
1638 1592 204 37 Journal.

1499 1629 60 22 fact
1574 1629 15 22 I
1604 1629 59 22 will

1450 1686 169 20 WEDNESDAY,
1633 1689 79 17 APRIL
1724 1691 25 15 17,
1761 1691 50 15 1895.

1408 1733 31 19 No
1451 1733 57 19 other
1521 1737 83 22 country
1615 1741 26 12 on
1655 1735 34 18 tlio
1707 1736 44 19 face
1768 1736 21 19 of
1809 1736 33 20 tho

1407 1759 57 19 earth
1477 1760 50 18 than
1541 1760 46 18 New
1599 1759 92 22 Zealand
1702 1762 61 19 offers
1773 1769 12 12 a
1801 1763 30 19 bet-

1408 1788 30 16 ter
1448 1792 71 12 excuse
1531 1786 31 19 for
1571 1786 96 27 dwelling
1678 1795 55 18 upon
1743 1789 35 19 the
1794 1795 47 19 very

1407 1811 58 19 much
1489 1811 102 21 discussed
1609 1814 94 25 question
1724 1815 21 18 of
1764 1816 78 19 seismic

1406 1837 28 25 ph
1448 1844 87 12 noineuu
1544 1839 38 18 and
1594 1846 26 12 no
1629 1839 82 22 locality
1724 1840 61 20 offers
1800 1841 31 19 bet-

1406 1868 31 14 ter
1446 1865 148 24 opportunities
1604 1865 32 19 for
1648 1866 85 25 making
1750 1867 80 19 observa-

1406 1889 52 19 tions
1477 1891 110 24 regarding
1607 1892 59 18 earth
1687 1896 85 16 tßem.irs
1793 1894 48 19 than

1406 1915 40 19 this
1458 1916 42 18 Hot
1509 1915 66 21 Lakes
1586 1917 90 20 District.
1705 1919 44 18 The
1762 1919 80 26 subject

1406 1942 15 17 is
1433 1948 37 12 one
1481 1942 64 18 which
1556 1943 36 18 has
1604 1944 39 18 had
1662 1945 56 19 much
1739 1948 99 17 attention

1406 1967 47 25 paid
1463 1971 19 15 to
1494 1968 14 19 it
1521 1967 24 26 by
1556 1969 117 26 goologisis,
1684 1971 40 19 and
1741 1972 100 25 although

1406 1994 52 18 their
1471 1994 92 25 opinions
1575 1996 50 18 have
1639 1996 86 20 differed
1740 1999 88 18 consider-

1405 2020 48 24 ably
1463 2020 21 19 in
1497 2020 2 29 i
1505 2021 24 18 lie
1541 2025 50 20 past,
1607 2023 16 17 it
1640 2022 15 19 is
1676 2023 128 26 satisfactory
1820 2028 20 16 lu

1406 2049 51 18 note,
1469 2047 52 18 from
1540 2050 68 16 recent
1627 2049 96 19 seientitio
1740 2049 99 26 journals,

1405 2071 44 19 that
1459 2078 12 13 a
1481 2079 135 19 convergence
1627 2074 21 19 of
1656 2075 56 19 idem
1729 2077 17 17 is
1767 2077 59 24 begin-

1404 2098 51 24 ning
1475 2100 20 17 to
1517 2098 24 19 be
1564 2100 59 19 made
1651 2101 96 20 manifest
1798 2102 42 20 The

1404 2123 156 21 establishment
1575 2126 22 15 •>*
1613 2133 9 9 n
1642 2126 145 21 »«ißmtimetric
1805 2129 23 18 ob-

1404 2153 104 21 servatory
1532 2157 25 12 on
1579 2152 34 19 the
1637 2152 56 26 slope
1719 2155 21 18 of
1766 2155 73 19 Mount

1403 2175 100 20 Vesuvius
1519 2183 39 12 was
1573 2184 14 12 a
1601 2181 53 16 most
1668 2180 110 24 important
1795 2184 44 22 step

1404 2202 39 18 and
1462 2202 33 19 led
1512 2206 19 15 to
1546 2203 34 19 tho
1601 2205 106 19 invention
1726 2206 21 19 of
1766 2208 73 24 special

1403 2228 116 25 appliances
1526 2229 30 19 for
1569 2230 139 27 determining
1715 2232 34 19 the
1765 2234 75 24 preciso

1404 2257 69 16 extent
1487 2254 41 20 aud
1544 2254 97 21 direction
1662 2258 22 18 of
1699 2258 34 19 tho
1753 2261 84 18 tremors

1404 2280 64 18 which
1486 2281 58 19 affect
1561 2283 34 18 the
1615 2284 77 19 earth's
1712 2288 55 16 crust
1785 2286 51 19 from

1403 2306 48 18 time
1464 2310 20 15 to
1496 2308 55 18 time.
1581 2308 28 20 To
1620 2316 21 12 so
1653 2309 50 27 high
1713 2317 12 12 a
1735 2311 73 25 degree
1820 2314 20 19 of

1404 2333 110 23 perfection
1527 2334 49 18 have
1587 2335 57 20 those
1660 2336 132 20 instruments
1808 2343 21 14 at-

1403 2359 68 18 tained
1482 2359 44 19 that
1538 2360 33 19 the
1582 2366 52 14 most
1644 2362 77 19 minute
1732 2364 78 26 change
1819 2366 21 19 of

1402 2383 57 25 level,
1469 2392 50 12 eveu
1529 2388 19 16 to
1559 2387 35 19 the
1609 2388 173 21 one-thousandth
1794 2396 43 20 part

1402 2411 21 18 of
1434 2416 26 13 an
1470 2411 46 19 inch
1533 2415 21 15 to
1570 2413 36 19 the
1625 2414 53 23 mile,
1698 2415 17 18 is
1737 2418 100 19 recorded.

1402 2437 63 23 Tests,
1475 2437 58 19 made
1555 2438 25 24 by
1595 2439 117 26 explosions
1735 2442 20 18 in
1776 2444 63 19 mines

1402 2463 40 18 and
1461 2469 22 13 so
1501 2464 61 25 forth,
1580 2465 80 21 further
1682 2468 69 24 testify
1769 2473 20 15 to
1805 2470 33 19 the

1402 2489 109 25 reliability
1519 2491 20 18 of
1551 2493 58 18 these
1618 2493 127 24 earthquake
1761 2496 66 19 record-

1402 2515 36 25 ing
1460 2516 128 24 pendulums.
1627 2519 43 18 The
1698 2520 141 20 observations

1402 2542 82 24 already
1495 2543 58 18 made
1562 2550 26 18 go
1597 2549 20 14 to
1628 2545 36 18 s!m
1674 2552 7 10 v
1698 2545 45 20 that
1759 2554 12 12 a
1787 2548 40 19 well-

1402 2564 80 23 defined
1498 2569 127 26 earthquake
1645 2571 70 26 tltnury
1733 2573 16 18 is
1766 2581 36 11 one
1819 2575 20 18 of

1402 2594 35 19 the
1460 2595 130 24 possibilities
1623 2598 21 17 of
1666 2597 35 19 the
1721 2599 118 19 immediate

1401 2622 75 22 future,
1488 2621 40 19 and
1538 2625 21 16 at
1566 2630 26 12 no
1601 2623 77 19 distant
1687 2623 47 20 date
1741 2626 98 19 scioutslic

1401 2655 47 11 men
1458 2653 45 19 may
1515 2648 24 20 bo
1550 2649 46 20 able
1613 2653 21 16 to
1647 2650 77 24 proJict
1742 2651 48 20 with
1806 2659 22 12 ac-

1401 2679 72 18 curacy
1483 2675 34 18 the
1527 2676 119 19 imminence
1657 2676 21 18 of
1694 2677 140 21 earthshakes.

1401 2700 40 18 and
1452 2700 135 21 demonstrate
1599 2702 53 19 their
1662 2703 119 26 periodicity
1789 2705 49 19 with

1401 2732 22 12 as
1449 2728 60 19 much
1527 2728 114 19 confidence
1661 2735 21 12 as
1702 2729 20 19 in
1740 2730 34 19 the
1794 2738 45 12 caso

1401 2754 21 19 of
1434 2757 80 16 comets.
1543 2754 82 19 Certain
1638 2755 112 25 important
1769 2757 70 24 points

1402 2782 51 17 have
1463 2783 21 16 at
1495 2780 26 19 all
1531 2783 70 16 events
1611 2780 52 19 been
1677 2780 115 22 elucidated
1813 2783 26 25 by

1401 2807 34 19 the
1461 2807 76 19 studies
1561 2807 66 23 made,
1656 2806 46 24 viz.,
1736 2809 45 19 that
1804 2809 35 19 tho

1402 2833 71 19 winter
1481 2832 81 20 mouths
1571 2839 35 12 are
1617 2839 55 13 more
1684 2835 121 19 favourable
1818 2837 20 18 to

1402 2859 53 19 their
1473 2865 117 13 occurrence
1613 2859 50 19 than
1681 2865 94 19 summer,
1797 2860 41 20 and

1401 2885 45 19 that
1456 2886 35 18 the
1503 2891 94 19 pressure
1611 2886 21 18 of
1648 2886 35 19 the
1702 2887 134 25 atmosphere,

1402 2910 78 27 though
1491 2915 33 15 not
1532 2912 35 18 the
1574 2917 66 18 cause,
1648 2912 38 19 has
1695 2912 142 26 undoubtedly

1401 2944 26 12 an
1437 2938 99 18 influence
1546 2943 47 13 over
1601 2938 34 18 the
1642 2938 134 25 phenomena.
1794 2940 43 18 The

1401 2963 71 26 theory
1482 2963 47 19 held
1538 2963 26 25 by
1574 2963 116 20 Humboldt
1705 2965 45 19 that
1769 2965 57 19 earth-

1402 2990 78 24 quakes
1497 2990 40 18 and
1557 2989 91 20 volcanic
1667 2991 104 25 eruptions
1786 2998 51 13 were

1402 3016 34 18 the
1452 3016 68 19 effects
1537 3016 21 18 of
1574 3022 13 12 a
1598 3022 91 14 common
1706 3023 66 18 cause,
1792 3018 45 25 (the

1402 3042 66 20 action
1484 3043 21 17 of
1523 3042 34 18 the
1577 3042 76 19 molten
1676 3046 68 16 centre
1763 3044 22 18 of
1804 3044 33 18 tho

1402 3069 58 18 earth
1469 3075 25 11 on
1504 3069 25 18 its
1537 3069 71 23 crust,)
1620 3068 36 19 has
1665 3069 33 19 for
1709 3076 60 18 many
1775 3076 60 18 years

1402 3095 52 19 been
1467 3094 100 25 disputed.
1596 3095 25 18 In
1638 3095 57 24 place
1715 3096 22 18 of
1754 3096 40 18 this
1811 3102 26 12 an

1402 3120 82 25 opinion
1494 3121 37 18 has
1538 3120 52 19 been
1598 3123 30 16 set
1639 3127 35 18 up,
1688 3122 60 19 based
1759 3126 26 14 On
1802 3122 35 18 the

1402 3147 139 18 observations
1548 3149 21 15 to
1574 3146 65 20 which
1644 3154 29 12 we
1682 3147 52 19 have
1740 3148 95 23 referred,

1403 3173 45 18 that
1458 3172 34 19 the
1507 3172 119 25 subsipence
1644 3173 21 19 of
1682 3175 65 17 strata
1763 3173 62 19 under-

1403 3198 68 19 mined
1481 3198 27 25 by
1521 3201 62 17 water
1592 3199 18 19 is
1620 3198 35 20 the
1672 3199 132 25 explanation
1818 3199 21 19 of

1403 3225 50 18 both
1473 3224 134 26 phenomena.
1641 3225 69 19 When
1726 3225 16 19 it
1758 3225 18 19 is
1791 3232 35 12 con-

1404 3250 78 19 sidered
1504 3250 44 19 that
1566 3257 13 12 a
1597 3253 85 23 country
1700 3251 42 19 like
1763 3251 73 25 Japan,

1404 3276 64 19 which
1489 3283 46 17 may
1559 3276 26 19 be
1609 3276 44 19 said
1674 3279 21 17 to
1720 3277 51 20 have
1795 3277 43 26 ju-t

1404 3309 77 18 sprung
1505 3302 42 19 into
1571 3302 129 24 civilization,
1731 3304 107 26 according

1404 3331 19 15 to
1434 3330 85 17 western
1531 3328 61 23 ideas,
1611 3328 38 19 has
1666 3328 50 20 been
1733 3330 32 19 for
1783 3337 54 12 some

1404 3354 48 19 time
1470 3354 94 24 engaged
1581 3353 22 20 in
1618 3355 35 18 the
1668 3356 61 24 stud}'
1742 3357 22 18 of
1780 3356 57 19 these

1402 3379 133 25 phenomena,
1552 3380 15 19 it
1583 3387 65 12 seems
1663 3384 83 23 strange
1765 3382 45 19 that
1827 3389 11 12 a

1404 3405 77 19 district
1491 3412 21 13 so
1522 3406 120 19 favourable
1653 3410 20 15 to
1683 3408 49 18 such
1745 3408 80 19 observa-

1404 3431 53 20 tions
1463 3431 21 20 in
1495 3438 12 13 a
1513 3431 78 20 British
1603 3432 83 25 Colony,
1698 3434 73 19 should
1786 3434 51 19 have

1404 3457 51 19 been
1475 3458 105 25 neglected
1601 3458 26 25 by
1648 3458 107 21 scientists.
1795 3460 42 19 The

1404 3483 153 19 establishment
1564 3484 22 20 of
1592 3491 12 13 a
1615 3484 144 21 seismometric
1767 3486 69 19 obser*

1403 3512 71 22 vatory
1491 3510 66 19 would
1575 3512 36 18 not
1627 3511 81 19 involve
1724 3512 59 18 much
1802 3518 24 13 ex-

1403 3536 106 23 penditure
1528 3536 40 19 and
1588 3537 67 19 would
1673 3538 114 24 materially
1804 3538 33 19 aid

1404 3561 118 25 Europeans
1538 3565 83 16 savants
1641 3563 21 18 in
1682 3563 53 19 their
1754 3564 72 18 investi-

1404 3587 68 24 gation
1486 3588 21 18 of
1514 3587 128 25 phenomena
1654 3589 21 18 of
1685 3589 102 19 universal
1797 3590 40 18 and

1404 3613 89 24 peculiar
1502 3613 90 19 interest.

1403 3669 26 17 Iy
1444 3668 86 19 another
1544 3669 81 19 column
1641 3670 40 20 will
1701 3671 25 19 be
1744 3672 64 19 found
1825 3678 13 13 a

1403 3693 67 26 digest
1488 3695 21 18 of
1526 3695 45 19 that
1586 3699 46 21 part
1651 3697 21 18 of
1691 3697 35 19 the
1744 3697 94 19 business

1403 3719 52 19 dono
1463 3722 21 17 at
1494 3721 33 18 the
1543 3725 68 15 recent
1627 3723 67 18 Maori
1712 3723 126 20 Parliament

1403 3746 48 19 held
1460 3747 47 18 here
1518 3747 65 19 which
1598 3754 55 13 more
1664 3749 131 24 particularly
1808 3750 20 18 af-

1404 3772 49 19 fects
1474 3773 34 18 tho
1530 3773 90 19 Pakoha.
1662 3773 43 20 The
1729 3777 68 22 roport
1820 3775 18 20 is

1404 3798 75 24 unique
1489 3798 32 19 for
1529 3799 42 18 this
1580 3805 72 13 reason
1666 3800 46 19 that
1726 3801 16 18 it
1757 3801 17 18 is
1791 3807 36 13 con-

1403 3824 90 19 tributed
1503 3824 27 25 by
1538 3825 35 19 the
1582 3825 106 25 Secretary
1697 3830 20 15 to
1724 3826 35 19 the
1766 3826 72 20 House

1404 3850 66 19 whoso
1480 3855 58 14 name
1551 3851 18 18 is
1582 3852 107 24 appended
1702 3855 21 17 to
1732 3852 17 19 it
1763 3853 41 18 and
1820 3853 18 19 is

1403 3875 81 25 printed
1493 3881 22 13 as
1522 3876 91 19 received
1620 3878 53 19 from
1683 3878 43 19 him
1732 3883 106 16 VEBBATim

1403 3907 25 12 et
1437 3905 118 16 LiTEUAfiJt.
1584 3902 43 20 Tho
1636 3904 81 24 portion
1732 3905 21 18 to
1771 3904 67 21 •which

1403 3933 30 12 we
1443 3926 66 19 would
1519 3928 63 19 direct
1596 3929 34 18 the
1646 3930 100 19 attention
1761 3930 22 19 of
1801 3937 37 14 our

1403 3952 81 20 readers
1493 3953 18 19 is
1521 3954 67 19 where
1601 3954 36 20 tho
1653 3954 101 21 intention
1768 3956 17 19 is
1803 3963 24 13 ox-

1403 3978 81 24 pressed
1495 3979 22 19 of
1525 3980 88 26 sending
1627 3980 104 25 delegates
1747 3984 20 17 to
1783 3982 42 26 Eng-

1403 4003 54 24 land,
1481 4004 21 19 in
1525 4005 35 19 the
1585 4008 59 18 event
1666 4007 22 18 of
1709 4007 35 20 the
1763 4008 75 20 Native

1403 4029 75 26 Eights
1498 4030 43 19 Bill
1561 4031 63 26 being
1646 4031 89 26 rojected
1757 4034 27 25 by
1804 4035 35 19 tho

1403 4055 70 20 House
1483 4056 21 20 of
1514 4058 169 24 representatives
1690 4061 49 18 next
1750 4060 85 25 session,

1403 4083 20 18 to
1434 4082 33 25 lay
1476 4082 54 20 their
1539 4083 118 25 grievances
1672 4084 71 21 before
1753 4086 35 20 the
1799 4086 39 20 Im>

1872 105 65 24 perial
1949 105 126 19 Parliament
2082 106 67 18 whose
2158 105 92 19 function
2261 105 16 19 it
2284 105 22 22 is,

1872 131 48 22 they
1930 131 98 22 consider,
2103 131 97 19 interfere
2217 131 90 19 between

1871 156 36 18 the
1917 156 136 19 Government
2064 157 21 19 of
2099 157 51 18 New
2161 156 91 19 Zealand
2268 157 40 19 mid

1871 181 35 19 the
1913 181 85 24 Maoris;
2013 181 65 20 which
2087 183 52 24 duty
2146 183 40 18 and
2193 183 34 18 the
2234 182 61 20 honor-

1871 207 46 20 able
1927 207 110 20 fulfilment
2046 206 22 21 of
2078 209 35 18 the
2129 209 75 24 Treaty
2213 209 22 17 of
2254 205 44 23 W'.ai-

1871 234 59 24 tangi
2109 233 44 20 The
2177 234 71 24 illegal
2266 237 42 16 acts

1871 260 126 24 complained
2008 259 21 20 of
2038 260 64 19 relate
2112 263 21 16 to
2144 261 33 18 the
2219 260 77 26 unjusti-

1871 284 61 21 fiable
1942 286 129 19 confiscation
2088 284 22 21 of
2124 286 103 19 extensive
2248 289 59 16 tracts

1871 311 21 18 of
1900 310 49 20 land
1959 312 27 24 by
1996 312 54 19 force
2060 312 21 19 of
2099 319 54 12 arms
2163 312 40 18 and
2223 312 25 24 by
2263 317 44 20 past

1871 336 116 25 legislation
2006 344 26 12 on
2049 338 69 19 native
2140 341 83 16 matters
2244 339 62 18 which

1871 362 41 19 had
1926 363 52 19 been
1993 364 113 19 disastrous
2120 366 20 17 to
2156 364 35 19 the

1871 388 42 19 The
1924 389 58 19 oilier
1997 393 84 16 matters
2094 390 118 19 considered
2231 390 27 25 by
2274 390 33 19 tho

1871 414 125 21 Parliament
2007 416 64 18 which
2082 419 53 16 went
2146 421 34 14 oat
2191 417 22 17 of
2231 416 75 19 sessioa

1871 446 26 12 on
1908 440 102 27 Saturday
2020 442 39 18 last
2066 449 59 16 were,
2135 448 30 12 we
2174 442 131 21 understand,

1870 467 72 24 purely
1958 468 86 25 bearing
2060 475 26 12 on
2106 468 54 18 their
2179 475 44 11 own
2245 467 61 20 tribal

1871 495 99 22 interests,
1982 494 38 18 but
2037 500 29 12 we
2083 494 52 18 have
2150 500 72 12 reason
2238 497 19 16 to
2276 494 30 18 be

1870 517 51 21 lieve
1949 520 45 18 that
2019 520 121 19 resolutions
2159 526 52 12 were
2235 520 72 25 passed

1871 545 65 19 which
1959 545 42 19 will
2019 552 59 12 cause
2095 546 35 18 tho
2147 546 66 18 voices
2233 547 20 18 of
2274 546 33 18 the

1870 571 67 19 native
1947 571 99 19 members
2066 572 22 18 of
2104 572 34 18 the
2158 571 70 19 House
2245 575 21 16 to
2282 572 25 18 bo

1870 596 62 20 heard
1940 604 26 12 on
1983 604 61 17 many
2059 599 106 23 questions
2178 598 21 18 of
2220 597 87 25 general

1869 623 80 23 politics
1959 627 49 15 next
2018 624 76 18 session
2104 622 21 20 in
2134 622 135 26 Wellington.

1899 672 34 18 '•lrs
1940 671 19 19 J.
1970 671 81 23 Wright,
2063 672 160 24 fromTauranga,
2233 679 61 12 accom-

1869 695 68 23 panied
1946 696 25 22 by
1979 695 34 18 her
2022 696 48 16 head
2084 695 133 22 dross*-maker,
2234 703 33 11 c:ni
2283 698 24 16 Le

1870 719 121 17 interviewed
2000 719 20 17 at
2029 719 32 17 Mr
2073 717 74 20 Brent's
2162 720 49 16 from
2224 721 71 17 to-mor-

1869 747 37 12 row
1916 741 120 24 (Thursday),
2052 742 29 17 till
2095 743 101 21 Saturday.
2227 743 25 17 As
2266 743 41 17 Mrs

1869 765 77 22 Wright
1959 765 34 16 lias
2009 765 84 22 brought
2114 771 11 12 a
2147 766 54 17 small
2217 767 54 16 stock
2287 766 20 17 of

1869 788 94 23 millinery
1972 788 38 17 and
2019 788 81 18 mantles
2109 788 46 18 with
2164 789 39 20 her,
2211 789 32 18 the
2247 789 60 18 ladies

1868 812 20 16 of
1897 810 84 18 Itotorua
1990 811 68 17 should
2071 812 44 16 take
2130 813 37 17 this
2182 812 124 23 opportunity

1869 834 19 17 of
1896 834 107 22 inspecting
2012 835 31 17 tho
2053 840 51 13 same
2113 835 37 17 and
2159 836 39 17 also
2205 835 46 18 have
2258 835 49 18 their

1868 858 86 21 patterns
1975 858 58 17 taken
2053 858 31 17 for
2106 858 135 23 dressmaking.
2276 858 31 18 Fit

1868 879 37 18 and
1915 881 48 21 style
1975 881 213 21 guaranteed,—AnvT.

1892 908 26 16 At
1926 908 32 16 the
1966 908 63 17 Board
2039 908 19 18 of
2067 908 107 18 Education
2189 909 83 22 meeting
2287 909 19 17 in

1868 931 99 17 Auckland
1975 931 38 18 last
2021 932 51 17 week
2082 938 8 11 a
2102 933 56 16 letter
2171 938 38 11 was
2223 933 83 16 received

1869 954 47 17 from
1926 954 85 18 Itotorua.
2019 955 94 23 referring
2123 957 20 16 to
2154 955 32 17 the
2201 955 68 18 refusal
2287 956 19 17 of

1868 977 32 17 the
1909 978 48 16 local
1966 978 107 17 committee
2083 979 19 17 to
2111 979 85 16 sanction
2205 979 31 16 the
2246 985 31 11 use
2287 980 19 16 of

1868 1001 31 15 the
1909 999 127 19 Sehoolhouse
2045 1002 30 16 for
2083 1002 33 17 the
2124 1008 81 16 purpose
2217 1002 20 17 of
2250 1002 44 17 hold-

1867 1023 34 21 ing
1910 1023 62 18 divine
1984 1024 89 24 worship.
2104 1025 19 17 It
2137 1031 38 11 was
2188 1025 62 17 stated
2263 1025 43 17 that

1867 1047 45 16 such
1922 1048 69 16 refusal
2005 1053 36 11 was
2055 1049 40 16 said
2109 1050 19 15 to
2143 1048 47 17 have
2206 1049 100 16 emanated

1868 1070 49 17 from
1925 1070 33 17 the
1970 1071 103 17 Chairman
2088 1072 19 17 of
2123 1072 32 16 the
2172 1072 68 17 Board.
2274 1072 32 16 Mr

1868 1091 44 24 lTdy
1921 1093 39 17 said
1969 1094 43 17 that
2020 1095 32 16 the
2061 1095 103 17 statement
2173 1095 54 17 made
2233 1095 26 22 by
2266 1095 39 17 him

1867 1122 39 11 was
1920 1122 57 12 never
1991 1117 90 18 intended
2095 1124 19 12 to
2131 1118 58 22 apply
2206 1119 20 16 to
2243 1118 62 17 divine

1867 1140 87 22 worship,
1965 1140 34 17 but
2009 1141 44 22 only
2062 1142 77 20 against
2148 1142 31 16 the;
2193 1147 32 11 use
2238 1142 21 16 of
2272 1142 33 16 the

1867 1162 88 23 building
1963 1164 57 22 being
2029 1164 82 23 granted
2120 1164 69 22 during
2203 1165 33 17 the
2253 1164 51 18 week

1867 1185 30 18 for
1906 1186 31 16 the
1946 1192 80 17 purpose
2041 1188 20 16 of
2078 1189 131 19 amusements,
2224 1188 45 16 such
2285 1194 19 11 as

1867 1209 101 24 travelling
1979 1211 66 16 shows.

1890 1238 31 17 Mr
1932 1238 26 17 W.
1965 1239 92 17 Edwards
2065 1239 42 17 who
2114 1238 37 18 had
2158 1239 47 17 been
2211 1239 93 23 spending

1867 1262 28 16 his
1904 1261 86 23 holidays
2007 1263 20 16 at
2040 1262 86 19 Rotorua
2139 1267 38 12 was
2193 1263 31 16 the
2238 1263 55 17 unfor-

1867 1286 66 16 tunate
1942 1285 74 22 subject
2026 1286 19 17 of
2058 1292 25 11 an
2097 1286 83 22 exciting
2195 1286 109 23 experience

1866 1314 24 10 on
1912 1307 28 18 his
1956 1309 109 17 homeward
2081 1309 81 22 journey
2178 1315 25 11 on
2220 1309 84 22 Monday

1866 1331 43 17 last.
1935 1331 38 17 The
1982 1331 72 19 sudden
2064 1333 94 21 swerving
2167 1333 20 16 of
2201 1333 32 16 the
2247 1333 55 18 train,

1866 1360 20 11 as
1899 1355 15 16 it
1932 1355 102 21 proceeded
2052 1357 20 16 at
2089 1356 35 17 full
2139 1356 61 21 swing
2217 1356 60 17 round
2294 1362 10 10 a

1866 1383 62 15 curvo,
1949 1383 46 12 near
2010 1378 108 18 Matamata
2139 1379 80 20 Station,
2236 1378 68 18 caused

1866 1401 32 16 Mi-
1914 1401 91 18 Edwards
2022 1404 20 14 to
2059 1402 39 17 lose
2116 1402 28 17 his
2168 1402 80 22 footing,
2267 1402 37 17 and

1866 1424 60 17 threw
1935 1425 40 16 him
1988 1425 27 17 off
2027 1425 32 17 the
2072 1425 97 23 platform.
2199 1426 39 16 The
2254 1425 50 17 train

1866 1447 103 23 proceeded
1979 1455 50 10 some
2038 1448 53 17 miles
2100 1449 63 16 before
2170 1449 31 16 the
2210 1449 94 16 attention

1867 1471 19 16 of
1895 1470 31 18 the
1935 1471 63 17 driver
2006 1477 20 12 or
2035 1472 104 17 conductor
2147 1472 55 17 could
2211 1472 22 16 he
2240 1471 63 18 drawn

1867 1495 18 15 to
1895 1494 32 17 the
1937 1494 43 22 fact,
1991 1495 35 17 but
2034 1501 20 11 as
2067 1502 12 10 a
2092 1495 63 22 jigger
2168 1495 99 23 happened
2284 1496 20 16 to

1866 1517 22 16 he
1898 1519 20 15 at
1927 1517 55 19 hand,
1994 1518 31 17 the
2034 1519 124 16 unfortunate
2170 1519 87 16 traveller
2266 1524 38 11 was

1866 1540 77 23 quickly
1951 1542 106 19 reclaimed,
2072 1542 74 21 though
2160 1542 19 16 in
2193 1548 24 11 an
2231 1547 60 12 uncon-

1866 1564 60 17 scious
1935 1566 55 19 state,
2000 1564 38 18 and
2047 1565 55 17 made
2113 1571 20 11 as
2147 1565 123 17 comfortable
2283 1571 21 11 as

1866 1587 81 23 possible
1961 1594 24 10 on
1998 1588 33 17 the
2048 1589 56 16 train.
2138 1588 29 17 On
2184 1589 84 22 arriving
2284 1588 19 17 in

1866 1610 99 17 Auckland
1973 1611 23 17 he
2008 1617 36 11 was
2058 1611 95 22 conveyed
2166 1611 55 18 home
2234 1611 26 23 by
2274 1611 29 18 his

1867 1632 75 21 friends,
1952 1634 70 18 Messrs
2038 1633 72 18 Gilmer
2125 1635 38 16 and
2175 1634 72 22 Foster,
2266 1634 38 18 and

1866 1656 74 22 beyond
1949 1663 11 11 a
1970 1663 61 11 severe
2041 1658 82 22 shaking
2132 1658 14 17 is
2160 1659 33 16 not
2206 1657 58 23 likely
2283 1658 20 17 to

1866 1681 108 21 experience
1984 1687 36 16 any
2029 1681 71 17 serious
2109 1682 64 16 result.
2198 1681 39 17 The
2253 1681 40 17 acci-

1866 1703 45 17 dent
1919 1704 63 22 points
1992 1705 19 16 to
2022 1705 33 16 the
2069 1705 121 21 advisability
2204 1705 19 16 of
2240 1704 52 18 estab-

1866 1725 70 25 lishing
1946 1733 10 10 a
1965 1728 61 16 belter
2034 1733 66 12 means
2109 1728 19 17 of
2144 1726 158 19 communication

1866 1750 83 17 between
1970 1755 111 18 passengers
2104 1751 37 17 and
2162 1752 53 16 those
2231 1751 73 22 having

1866 1773 68 18 charge
1944 1774 19 16 of
1972 1774 31 16 the
2013 1774 56 17 train.

1889 1802 29 18 On
1932 1802 78 23 Sunday
2024 1804 47 16 nest
2086 1807 23 13 an
2124 1802 112 25 interesting
2252 1808 40 13 ocrc-

1865 1831 17 11 m
1892 1831 30 16 my
1937 1826 37 16 will
1989 1826 43 16 take
2046 1826 52 23 place
2113 1827 20 17 at
2147 1825 85 22 Makctu,
2247 1826 54 17 when

1865 1848 70 24 Bishop
1944 1847 92 20 Williams
2046 1850 38 17 will
2094 1849 71 21 ordain,
2176 1856 20 11 as
2206 1850 75 18 deacon,
2291 1856 10 11 a

1865 1871 82 18 Rotorm
1959 1873 64 16 native
2037 1873 69 17 named
2120 1873 77 18 Raneku
2211 1873 90 18 Huumiu.

1864 1894 38 18 The
1912 1894 99 19 o.tndidute
2023 1896 74 18 studied
2107 1898 20 15 at
2135 1897 32 16 the
2182 1896 59 18 Maori
2258 1896 33 18 Col-

1864 1917 47 23 lege,
1925 1918 111 22 Gisbourne,
2051 1919 61 17 under
2125 1920 71 22 Bishop
2211 1919 90 18 Williams

1864 1939 63 20 before
1936 1942 28 17 liis
1973 1940 78 19 election
2060 1942 20 17 to
2090 1943 31 16 the
2131 1943 99 22 bishopric.

1888 1973 29 17 On
1926 1974 79 17 aceorUit
2015 1974 19 16 of
2048 1974 32 17 the
2095 1974 79 22 activity
2187 1981 43 10 now
2244 1974 57 18 I>nin<*

1863 1996 63 18 evince
1934 1997 6 16 1
1947 1997 18 16 in
1973 1995 87 23 building
2067 1997 107 23 operations
2183 1998 118 22 throughout

1864 2020 31 16 the
1905 2020 78 21 district,
1994 2020 32 17 the
2036 2020 72 18 Rotoiti
2120 2021 85 19 sawmill,
2215 2021 61 17 which
2286 2021 15 18 is

1863 2043 66 17 owned
1946 2043 25 22 by
1988 2044 31 16 Mr
2034 2044 28 17 W.
2073 2042 62 24 Kelly,
2148 2044 27 17 M.
2185 2045 25 16 H.
2220 2045 30 20 R.,
2263 2044 38 17 and

1863 2066 93 23 managed
1969 2065 25 23 by
2004 2067 30 15 Mr
2043 2067 29 17 W.
2082 2067 102 19 Henshaw,
2201 2067 14 17 is
2229 2067 72 23 having

1862 2089 25 17 its
1900 2094 94 13 resources
2009 2090 49 21 fully
2072 2090 66 17 tested.
2156 2091 40 16 The
2212 2090 89 18 Mararoa

1862 2112 38 17 and
1909 2110 92 20 Mamuku
2010 2108 57 24 mills,
2077 2113 38 17 and
2125 2114 39 16 also
2178 2114 43 17 that
2234 2114 67 17 owned

1862 2134 26 24 by
1896 2136 69 16 }[,.,«,.<
1975 2136 45 15 TCI
2035 2136 53 17 Tiros,
2103 2137 38 17 and
2154 2134 92 21 Williams
2260 2135 41 19 find

1862 2164 50 11 some
1922 2159 91 22 difficulty
2022 2160 20 16 in
2051 2159 63 23 filling
2123 2160 31 17 the
2168 2160 62 18 orders
2239 2161 61 16 which

1862 2188 31 11 arc
1902 2181 80 23 flowing
1992 2182 25 17 in.

1886 2213 29 17 No
1924 2213 62 18 bettor
1994 2214 89 18 evidence
2092 2214 55 18 could
2154 2215 23 17 bo
2185 2215 38 17 bad
2232 2216 21 16 of
2269 2216 32 17 tbe

1863 2237 78 24 implicit
1951 2237 107 19 confidence
2067 2237 45 18 with
2126 2238 61 17 whicb
2197 2239 31 16 the
2238 2239 63 17 future

1862 2260 20 17 of
1891 2260 84 18 Botorua
1982 2261 15 16 is
2006 2261 93 26 regarded
2108 2261 47 17 than
2164 2261 14 18 is
2185 2260 83 20 afforded
2275 2263 26 22 by

1863 2283 31 17 the
1904 2282 69 28 stately
1981 2284 89 23 building
2084 2284 100 23 gradually
2200 2286 101 23 uprearing

1862 2306 52 17 itself
1922 2307 19 16 in
1951 2307 74 17 Fenton
2034 2307 62 19 Street
2105 2308 38 16 and
2151 2307 62 18 which
2226 2308 39 18 will
2278 2309 23 17 be

1862 2329 69 18 known
1940 2335 20 12 as
1969 2329 31 19 the
2010 2331 66 17 Grand
2085 2331 63 17 Hotel.
2179 2331 31 18 Mr
2224 2331 64 19 McCal-

1862 2352 46 20 lum,
1918 2353 32 17 the
1959 2355 113 18 contractor,
2083 2354 15 17 is
2110 2353 84 25 pushing
2202 2355 33 17 the
2248 2356 53 17 work

1862 2376 74 22 rapidly
1946 2382 30 13 on,
1987 2376 31 18 the
2027 2377 53 18 bliok
2094 2378 97 22 chimneys
2204 2384 31 11 are
2249 2385 39 11 com-

1861 2399 70 22 pleted,
1961 2400 32 16 the
2020 2400 94 23 cellarage
2140 2401 160 19 accommodation

1861 2422 86 22 finished,
1958 2423 37 17 and
2004 2423 33 17 the
2046 2425 41 16 roof
2100 2425 38 16 will
2152 2425 113 23 apparently
2278 2426 23 17 be

1862 2446 58 22 rcaily
1929 2446 30 17 for
1972 2446 24 17 its
2011 2447 41 17 iron
2067 2447 102 23 sheathing
2181 2447 20 18 in
2216 2448 57 18 about
2291 2455 8 12 a

1863 2469 66 17 week's
1939 2469 50 17 time.
2015 2470 39 17 The
2068 2471 57 17 lower
2138 2471 81 18 window
2232 2472 69 18 frames

1862 2498 32 10 are
1903 2493 24 16 all
1936 2492 19 18 in
1965 2493 82 21 position
2056 2493 38 18 and
2103 2500 70 16 convey
2183 2501 11 11 a
2203 2496 48 16 faint
2260 2496 41 17 idea

1862 2515 20 17 of
1891 2515 32 18 the
1932 2516 76 21 general
2024 2522 117 18 appearance
2155 2518 61 18 which
2229 2519 39 17 will
2277 2520 23 17 bo

1861 2539 99 21 presented
1969 2538 48 19 later
2026 2545 30 13 on.
2082 2540 133 20 Considerable
2220 2547 80 18 expense

1862 2562 15 16 is
1894 2562 57 22 being
1967 2562 87 18 incurred
2070 2564 20 17 in
2107 2564 32 17 the
2155 2566 70 16 matter
2233 2566 20 17 of
2267 2566 34 17 bar

1861 2585 75 22 fittings
1950 2585 38 17 and
2004 2586 16 16 it
2037 2587 15 17 is
2069 2587 116 22 anticipated
2201 2589 43 17 that
2258 2589 42 17 that

1862 2609 75 21 portion
1947 2609 19 16 of
1975 2609 31 17 the
2018 2609 89 23 building
2120 2611 39 17 will
2175 2611 22 17 be
2214 2618 49 16 open
2280 2613 20 16 to

1862 2632 32 16 the
1905 2632 64 21 public
1978 2633 52 21 early
2038 2633 20 17 in
2067 2633 55 18 June.

1884 2660 39 17 The
1933 2659 66 18 Palace
2009 2660 59 18 Hotel
2077 2661 16 17 is
2101 2667 42 12 now
2153 2662 119 22 undergoing
2289 2669 11 11 a

1862 2683 55 17 much
1927 2689 51 11 more
1987 2684 121 22 satisfactory
2116 2691 74 16 process
2199 2686 20 17 of
2234 2691 54 12 recon-

1861 2706 91 17 struction
1960 2707 46 16 than
2010 2708 71 16 certain
2088 2707 87 19 financial
2182 2708 118 18 institutions

1863 2730 19 16 of
1892 2729 60 18 which
1962 2736 28 11 we
1999 2730 47 17 have
2056 2731 37 17 had
2102 2732 73 21 painful
2190 2731 110 23 experience

1861 2753 20 16 of
1890 2753 43 17 lato.
1960 2754 39 16 One
2009 2754 77 21 portion
2093 2754 19 17 of
2121 2755 32 16 the
2161 2755 88 23 building
2265 2755 34 18 has

1861 2776 47 17 been
1918 2776 76 20 shifted,
2004 2776 33 18 the
2051 2776 68 18 second
2133 2777 14 17 is
2163 2777 20 18 in
2198 2783 65 12 course
2280 2779 20 17 of

1861 2799 58 22 being
1931 2800 94 20 removed,
2041 2800 38 17 and
2092 2801 32 16 the
2140 2801 52 17 third
2208 2801 38 17 and
2262 2801 36 19 last

1861 2822 109 19 instalment
1981 2823 19 17 of
2015 2823 32 18 the
2061 2823 86 23 gigantic
2159 2824 84 23 hostelry
2261 2825 38 17 will

1861 2846 73 22 shortly
1943 2846 70 17 follow.
2039 2846 26 17 As
2074 2852 45 12 soon
2129 2852 19 12 as
2162 2848 32 17 the
2209 2848 58 17 house
2284 2847 16 20 is

1861 2868 19 18 in
1889 2868 38 18 situ
1936 2869 32 18 the
1977 2869 110 17 renovation
2096 2870 20 17 of
2122 2870 33 17 the
2169 2870 78 18 interior
2260 2871 40 18 will

1861 2892 22 17 be
1900 2893 125 20 commenced,
2044 2891 37 19 and
2098 2893 19 17 in
2134 2892 38 18 this
2189 2896 69 16 matter
2275 2901 24 11 no

1861 2915 54 22 pains
1924 2915 39 18 will
1971 2916 23 17 be
2003 2915 68 23 spared
2079 2915 20 18 in
2107 2917 102 23 providing
2222 2918 31 17 for
2267 2919 33 17 the

1861 2939 80 17 comfort
1955 2939 19 16 of
1991 2940 71 21 guests.
2096 2940 31 17 Mr
2143 2940 51 22 Keys
2211 2941 15 17 is
2243 2942 57 21 using

1861 2968 55 16 every
1925 2962 55 17 effort
1988 2961 73 18 toward
2070 2962 111 24 expediting
2192 2964 33 17 the
2239 2964 59 21 work,

1861 2985 37 17 and
1907 2985 15 17 it
1930 2985 15 17 is
1955 2984 115 24 confidently
2079 2985 115 23 anticipated
2208 2987 43 17 that
2267 2988 32 17 the

1861 3009 52 16 hotel
1927 3008 38 17 will
1978 3008 23 17 be
2019 3014 48 16 open
2084 3009 64 18 before
2164 3011 33 16 the
2214 3013 85 16 contract

1861 3032 45 16 time
1910 3032 53 16 —the
1978 3031 41 17 first
2035 3032 52 17 week
2101 3033 20 16 in
2135 3032 57 18 June.
2225 3034 24 17 In
2266 3035 32 16 the

1863 3055 100 17 meantime
1971 3055 33 16 Mr
2012 3055 38 17 and
2063 3056 40 17 Mrs
2116 3056 96 18 Johnston
2228 3058 71 16 extend

1861 3084 11 11 a
1880 3077 70 18 cordial
1959 3077 89 18 welcome
2057 3080 20 16 to
2086 3079 63 17 casual
2157 3080 75 18 visitors
2239 3081 20 17 to
2267 3081 32 17 the

1861 3102 108 21 temporary
1977 3102 95 21 premises.

1884 3129 17 17 A
1910 3129 79 18 football
1997 3131 64 16 match
2070 3131 85 17 between
2161 3132 32 17 the
2199 3131 49 18 local
2256 3138 42 12 men

1861 3152 37 17 and
1907 3159 10 10 a
1926 3154 50 15 team
1985 3154 131 21 representing
2122 3155 32 16 tbe
2161 3155 92 17 Mamnku
2261 3155 37 18 and

1861 3176 88 17 Mararoa
1966 3176 94 18 Sawmills
2081 3176 45 18 took
2148 3178 53 22 place
2222 3184 24 12 on
2267 3178 32 18 the

1861 3199 87 17 Pukeroa
1956 3199 81 17 Reserve
2046 3206 23 11 on
2079 3199 94 24 Saturday
2181 3201 43 17 last.
2254 3201 30 17 Ow-

1861 3222 33 22 ing
1900 3223 19 16 to
1927 3223 32 17 the
1967 3223 110 23 forbidding
2084 3225 63 21 aspect
2153 3224 20 17 of
2180 3225 31 16 the
2217 3225 83 16 weather

1861 3245 44 23 play
1914 3246 33 16 did
1955 3247 34 16 not
1997 3251 107 13 commence
2115 3247 48 17 uuiil
2171 3253 10 11 a
2190 3247 49 17 later
2251 3247 49 18 hour

1861 3269 46 17 than
1916 3268 60 18 usual.
2002 3269 40 17 The
2051 3276 54 15 game
2115 3270 60 17 which
2183 3276 39 11 was
2235 3270 65 18 rather

1861 3292 98 17 one-sided
1968 3292 83 18 resulted
2060 3293 19 16 in
2088 3299 11 10 a
2107 3293 73 21 victory
2195 3293 30 17 for
2239 3293 48 18 Eoto-

1861 3321 35 11 rua
1903 3316 26 21 by
1940 3316 19 16 12
1969 3316 63 22 points
2041 3317 20 16 to
2069 3316 32 17 nil.
2127 3316 69 17 Messrs
2204 3315 30 18 W.
2246 3316 40 19 Dan-

1861 3344 38 17 sey,
1910 3337 98 24 (captain),
2019 3339 22 17 G.
2057 3339 81 21 Dansey,
2157 3338 88 21 Martins,
2265 3340 32 23 (2),

1861 3361 38 17 and
1908 3358 86 20 Mitchell
2004 3368 48 11 were
2060 3361 88 17 included
2164 3362 20 16 in
2197 3363 32 17 tbe
2244 3363 56 18 home

1861 3386 56 18 team,
1936 3385 33 16 the
1985 3385 64 17 others
2069 3384 58 23 being
2147 3385 79 18 natives.
2260 3387 40 17 The

1860 3408 75 17 visitors
1950 3413 48 11 were
2016 3406 99 28 captained
2132 3408 25 22 by
2174 3407 77 23 Dalton,
2267 3410 33 17 the

1861 3431 63 17 others
1932 3431 58 22 being
1999 3430 22 18 G.
2032 3430 66 20 Steele,
2107 3430 29 18 W.
2147 3431 66 21 Steele,
2232 3432 66 21 Given,

1860 3454 78 18 Wilson,
1963 3453 69 19 Boord,
2055 3453 21 17 P.
2094 3452 70 23 Welsh,
2186 3455 22 17 A.
2231 3456 67 20 Steele,

1861 3477 71 20 Power,
1940 3476 87 20 Wallace,
2034 3475 89 22 D.ilbeth,
2131 3477 101 21 Whitwell,
2241 3478 57 21 Giles,

1860 3500 72 21 Young
1945 3499 38 17 and
1999 3499 24 17 D.
2041 3500 28 16 W.
2088 3499 66 19 Steele.
2185 3501 32 17 Mr
2233 3501 18 18 J.
2269 3502 29 17 W.

1860 3523 81 17 Webber
1948 3522 55 17 acted
2012 3528 20 11 as
2043 3523 76 17 referee.

1883 3551 85 22 Samples
1977 3551 19 17 of
2005 3556 11 12 a
2029 3551 132 23 consignment
2169 3553 20 17 of
2197 3553 72 22 garden
2278 3559 21 12 or

1859 3573 95 18 verandah
1968 3573 61 18 chairs
2044 3574 94 24 imported
2154 3576 26 22 by
2193 3576 32 17 Mr
2236 3576 19 18 J.
2271 3577 26 17 H.

1860 3595 69 24 Taylor
1937 3602 43 16 may
2024 3603 42 11 seen
2076 3598 19 17 at
2104 3598 29 17 his
2141 3599 52 17 Mart
2206 3605 46 12 near
2266 3600 33 17 the

1860 3620 117 18 CiIROXICLE
1987 3619 59 19 office.
2071 3622 40 17 The
2124 3622 112 17 framework
2250 3623 15 17 is
2279 3624 20 16 of

1859 3643 47 18 iron,
1917 3649 10 11 a
1937 3642 78 18 wooden
2025 3645 40 16 seat
2073 3645 59 22 being
2140 3642 98 26 attached;
2253 3646 46 22 they

1860 3672 30 11 are
1898 3666 56 22 light,
1965 3671 45 18 easy
2023 3667 37 17 and
2075 3668 123 17 comfortable
2213 3669 37 16 and
2264 3675 35 11 can

1859 3689 23 17 bo
1891 3689 58 22 easily
1958 3689 64 18 folded
2037 3690 38 17 and
2088 3691 71 17 stowed
2172 3697 54 17 away
2242 3692 56 17 when

1859 3718 103 16 necessary.
1993 3712 53 24 They
2058 3719 32 12 aro
2107 3715 50 16 most
2172 3714 81 18 suitable
2269 3716 30 16 for

1860 3736 33 16 out
1901 3735 20 17 of
1930 3735 46 17 door
1984 3740 33 13 use
2029 3743 20 11 as
2057 3737 46 22 they
2111 3743 31 11 aro
2151 3737 114 22 impervious
2278 3739 21 16 to

1859 3758 32 17 the
1900 3758 63 18 effects
1972 3759 20 17 of
2005 3760 33 17 the
2046 3760 83 17 weather
2137 3760 38 17 and
2188 3761 111 23 practically

1859 3781 149 18 indestructible.

1883 3809 38 17 The
1933 3809 61 23 Right
2002 3810 46 17 Rev.
2054 3810 29 18 W.
2091 3810 22 17 L.
2121 3810 99 22 Williams,
2228 3812 72 22 Bishop

1862 3832 19 16 of
1897 3832 86 23 Waiapu,
2001 3833 40 17 will
2057 3833 45 17 visit
2119 3834 38 17 this
2173 3836 44 21 part
2233 3835 21 17 of
2269 3835 31 17 his

1859 3855 78 17 Diocese
1958 3854 59 19 about
2037 3855 46 23 May
2105 3857 50 17 19th.
2192 3858 40 16 Tho
2250 3858 49 18 Ven.

1860 3878 122 18 Archdeacon
1992 3878 21 19 S.
2022 3878 92 19 Williams
2122 3880 39 17 will
2173 3879 95 24 probably
2276 3881 23 18 be

1859 3901 44 18 here
1912 3902 58 17 about
1978 3901 49 24 Hay
2040 3902 50 17 12th.

1883 3930 38 17 The
1931 3930 50 17 Hon.
1999 3930 52 18 John
2065 3931 73 22 Henry,
2152 3932 43 17 who
2209 3931 45 18 held
2267 3932 33 17 the

1859 3953 90 22 portfolio
1963 3954 20 17 of
1993 3954 100 17 Treasurer
2105 3954 21 18 in
2138 3954 34 18 the
2185 3955 115 17 Tasmanian

1860 3976 89 22 Ministry
1958 3977 52 21 prior
2018 3978 20 16 to
2046 3977 33 17 the
2087 3979 76 20 present
2177 3979 57 21 party
2247 3984 39 11 com-

1860 3999 34 22 ing
1902 3999 40 18 into
1951 4005 69 17 power,
2031 4000 34 17 has
2072 3999 54 18 made
2132 4001 95 22 Bathgate
2233 4001 66 17 House

1860 4022 30 17 his
1900 4022 136 23 headquarters
2050 4023 56 17 while
2123 4024 77 21 touring
2213 4024 33 16 the
2260 4024 30 17 dis-

1860 4045 45 17 trict
1913 4045 71 22 during
1991 4046 33 17 the
2032 4047 44 21 past
2081 4046 99 23 fortnight.
2194 4046 33 18 Mr
2232 4046 67 23 Henry

1861 4067 38 18 and
1907 4069 56 21 party
1971 4068 35 18 left
2019 4074 25 12 on
2057 4068 85 24 Monday
2154 4069 30 18 for
2199 4069 100 18 Auckland

1862 4096 22 11 en
1893 4092 54 17 route
1955 4092 62 17 home.

2354 102 31 17 Mr
2399 102 22 18 B.
2438 103 24 16 D.
2477 102 82 22 Dansey,
2577 102 122 22 Postmaster,
2717 103 16 17 is
2749 103 19 17 ut

2331 126 76 21 present
2416 124 91 23 enjoying
2524 130 11 12 a
2548 125 41 17 well
2606 126 68 18 earned
2693 126 75 22 holiday

2331 148 72 23 having
2418 149 47 16 Leon
2487 148 79 16 relieved
2583 149 20 17 of
2620 149 27 17 hi;
2665 149 62 17 duties
2745 155 23 11 on

2331 171 85 23 Monday
2432 171 37 18 last
2486 171 25 21 by
2527 171 32 17 Mr
2573 171 17 18 J.
2609 172 77 17 Salmon
2703 173 20 17 of
2736 173 32 17 the

2331 194 101 18 Auckland
2440 193 58 18 office.
2524 193 101 20 Constable
2637 196 80 22 Murray
2731 196 37 16 will

2330 218 30 17 act
2369 223 20 11 as
2399 217 55 19 Clevk
2463 216 21 17 of
2492 216 32 17 the
2533 217 57 17 Court
2599 218 19 17 in
2633 219 32 17 the
2679 218 87 18 interval.

2330 241 32 17 Mr
2369 241 78 21 D.uisey
2457 240 37 16 will
2502 240 24 16 be
2534 241 66 17 .absent
2609 242 58 17 about
2675 249 11 10 a
2694 241 72 21 month,

2330 263 35 18 but
2382 263 44 17 does
2439 264 34 15 not
2487 263 125 23 contemplate
2621 265 87 23 straying
2724 270 44 17 very

2331 286 29 18 far
2368 287 48 16 from
2428 286 83 17 Kotorui
2520 286 69 22 during
2598 288 27 16 his
2634 288 93 18 vacation.

2354 318 40 16 Mrs
2404 318 22 16 li.
2437 318 88 18 Graham,
2536 324 19 10 as
2564 319 76 17 notified
2649 320 19 16 in
2685 326 34 10 our
2733 320 34 16 last

2331 340 54 21 issue,
2395 341 34 16 hits
2437 340 86 17 resumed
2532 341 32 16 the
2573 343 70 16 control
2653 343 21 16 of
2679 343 32 17 the
2717 343 50 16 Lake

2331 364 64 17 House
2406 363 64 19 Hotel,
2486 363 36 17 and
2540 364 65 18 inserts
2622 372 24 10 an
2664 366 93 17 advertise-

2331 388 51 15 ment
2392 387 19 16 in
2424 387 79 16 another
2517 387 73 18 column
2605 389 87 22 drawing
2705 390 52 16 atten-

2330 410 39 17 tion
2380 412 20 15 to
2409 410 31 17 tin,
2451 409 76 23 leading
2536 411 80 18 features
2628 413 20 16 of
2661 413 33 16 the
2710 413 57 16 house

2330 433 62 17 which
2400 433 35 17 will
2446 437 57 18 prove
2508 434 99 17 attractive
2616 436 19 16 to
2641 436 72 22 guests.
2727 436 27 15 Ex-

2330 456 72 16 tensive
2411 456 110 16 alterations
2530 456 36 17 and
2575 457 146 23 improvements
2729 458 38 17 will

2331 479 22 16 be
2362 479 55 16 made
2425 479 64 16 before
2498 479 32 16 the
2539 479 37 18 tide
2590 482 20 16 of
2623 482 69 16 tourist
2708 480 59 18 traffic

2331 503 37 16 sets
2377 502 20 17 in
2406 503 46 16 next
2461 508 72 11 season.

2353 530 27 16 As
2388 529 78 17 notiiied
2477 529 18 16 in
2501 530 80 17 another
2586 531 75 18 column
2667 538 12 12 a
2684 531 83 24 meeting

2330 552 20 17 of
2362 552 134 18 householders
2515 553 38 17 will
2569 554 43 17 take
2628 556 54 21 place
2698 556 20 16 in
2736 555 31 17 the

2331 575 120 18 Schoolroom
2462 581 24 11 on
2495 576 83 23 Monday
2587 580 81 21 evening
2683 580 46 15 next
2739 578 28 18 for

2330 599 32 16 the
2371 604 82 17 purpose
2461 599 21 16 of
2490 599 80 23 electing
2578 606 11 11 a
2597 607 42 11 new
2652 602 114 18 committee.

2330 621 133 18 Nominations
2472 627 43 16 may
2526 622 22 17 be
2566 624 53 17 made
2635 625 54 23 right
2706 630 25 16 up
2748 625 19 17 to

2331 645 31 17 the
2371 645 57 22 night
2437 645 19 17 of
2463 645 31 17 the
2504 646 83 19 election,
2597 653 20 11 so
2626 648 15 16 it
2649 648 16 16 is
2680 648 76 22 impossi-

2329 668 31 16 ble
2369 669 20 15 to
2399 668 42 22 give
2450 674 11 10 a
2470 668 31 17 list
2510 669 20 16 of
2538 669 99 25 intending
2651 670 115 18 candidates.

2330 691 25 16 Of
2366 691 33 16 the
2407 691 32 16 old
2448 691 107 18 committee
2560 692 70 19 Messrs
2638 694 77 22 Dunsoy
2729 694 37 16 am!

2330 713 74 23 Cprlctt
2412 714 47 17 have
2468 714 86 23 signified
2563 716 42 17 that
2613 717 15 17 it
2637 717 15 17 is
2718 717 49 18 thoir

2330 737 94 17 intention
2433 739 20 15 to
2463 738 55 16 stand
2532 739 61 22 again,
2609 742 33 15 out
2656 741 17 16 it
2686 741 15 16 is
2715 740 52 23 quite

2329 759 82 23 possible
2425 761 42 16 that
2482 757 91 23 sufficient
2587 769 85 16 pressure
2686 770 43 16 may
2745 764 22 16 be

2329 783 86 23 brought
2423 786 21 15 to
2460 784 45 16 bear
2519 791 22 10 on
2557 786 50 17 these
2620 787 109 23 gentlemen
2748 787 19 17 to

2329 812 55 11 cause
2394 806 50 18 them
2454 807 21 17 to
2481 807 48 18 alter
2533 808 50 18 thoir
2587 809 88 18 decision.
2697 810 70 17 Messrs

2330 830 97 18 Williams,
2439 830 73 18 Purcell
2521 832 36 16 and
2567 832 108 23 Fitzgerald
2684 839 42 16 may
2745 833 21 17 be

2329 852 92 24 regarded
2430 859 20 10 as
2460 853 56 22 likely
2526 855 111 22 oandidates,
2646 857 38 17 and
2696 857 71 16 several

2330 876 49 17 fresh
2389 877 94 21 aspirant;
2492 883 42 16 may
2544 878 22 17 be
2575 879 65 17 looked
2655 880 30 17 for
2700 880 18 16 in
2735 879 31 18 the

2329 904 77 17 persons
2421 900 21 16 of
2456 900 69 18 Messrs
2540 902 98 19 Thomson,
2655 903 24 17 D.
2698 902 67 21 Steele,

2329 923 24 16 H.
2364 923 29 17 W.
2402 923 117 22 Neighbour,
2529 924 21 18 F.
2559 924 44 18 Hall
2612 926 36 17 and
2656 926 85 22 Murray.

2353 952 60 16 There
2423 958 37 10 was
2470 959 10 9 a
2489 952 51 23 large
2550 953 58 18 influx
2623 956 20 16 of
2658 955 75 18 visitors
2746 957 20 15 to

2329 975 31 17 the
2369 977 51 15 town
2436 975 37 17 and
2487 975 72 18 district
2573 977 69 24 during
2653 979 33 17 the
2703 980 63 16 recent

2328 998 93 22 holidays,
2432 998 37 17 and
2477 998 16 17 it
2501 999 15 17 is
2529 1001 49 16 most
2592 1002 116 22 regrettable
2722 1002 44 17 that

2329 1022 31 16 the
2369 1022 83 16 weather
2461 1026 38 13 Was
2508 1028 19 11 so
2536 1023 92 24 intensely
2637 1025 129 22 disagreeable

2328 1045 71 22 during
2407 1045 49 16 their
2465 1046 47 21 stay.
2543 1045 78 24 Captain
2635 1048 75 21 Edwin,
2726 1054 30 11 cer-

2328 1068 67 22 tainly,
2406 1067 31 18 did
2449 1068 52 17 what
2508 1069 23 17 he
2544 1070 55 17 could
2611 1071 19 17 in
2644 1071 73 23 raising
2734 1072 32 16 the

2327 1091 59 22 hopes
2395 1091 21 17 of
2424 1097 34 11 our
2467 1093 64 20 guests
2540 1093 24 21 by
2576 1095 165 22 prognosticating
2755 1101 11 10 a

2327 1114 75 23 change
2411 1115 29 16 for
2452 1114 32 17 the
2498 1115 61 17 better
2573 1117 48 17 after
2634 1118 33 17 the
2680 1118 53 22 lapse
2746 1118 20 17 of

2327 1137 68 17 twelve
2404 1138 63 18 hours,
2481 1137 35 18 but
2531 1140 32 16 the
2580 1141 81 21 promise
2677 1147 38 11 was
2731 1142 35 16 not

2328 1161 81 17 fulfilled
2418 1161 49 16 until
2480 1161 84 23 Monday
2577 1163 24 22 by
2616 1164 62 17 which
2693 1165 45 16 time
2754 1170 11 11 a

2327 1184 54 22 large
2389 1184 111 22 proportion
2509 1185 19 17 of
2536 1185 73 18 visitors
2618 1187 38 17 had
2667 1187 96 23 departed.

2328 1207 39 17 The
2376 1207 75 17 various
2463 1208 61 17 hotels
2540 1209 36 16 and
2592 1208 173 24 boarding-houses

2327 1236 49 11 were
2385 1231 57 16 taxed
2456 1232 19 16 to
2491 1231 49 18 their
2557 1234 70 16 utmost
2644 1234 50 17 from
2711 1234 54 17 Good

2327 1253 71 23 Friday
2407 1253 28 18 till
2451 1254 68 17 Easter
2531 1255 89 23 Monday,
2635 1257 37 17 but
2686 1257 33 17 the
2734 1263 20 11 re-

2327 1282 75 12 sources
2415 1277 20 17 of
2449 1279 49 15 most
2511 1278 20 17 of
2547 1279 51 17 these
2611 1280 154 17 establishments

2327 1305 32 11 are
2386 1300 20 17 of
2430 1306 20 11 so
2467 1301 64 17 elastic
2550 1308 11 10 a
2584 1304 67 16 nature
2675 1304 44 16 that
2739 1304 26 17 all

2327 1323 136 22 requirements
2472 1330 47 11 were
2530 1326 134 23 satisfactorily
2672 1328 45 16 met.

2350 1352 17 17 A
2388 1352 147 23 correspondent
2550 1354 62 18 writes
2628 1355 88 23 drawing
2732 1356 32 17 the

2327 1375 94 17 attention
2435 1376 20 16 of
2468 1377 33 16 the
2514 1377 48 17 local
2574 1378 112 17 authorities
2699 1380 20 16 to
2732 1379 33 17 the

2327 1398 97 17 condition
2433 1399 20 17 of
2461 1399 105 18 Tutanokai
2583 1400 33 21 St,,
2632 1401 87 18 between
2732 1402 32 17 the

2327 1422 119 17 Courthouse
2454 1422 38 17 and
2501 1423 32 16 the
2542 1424 83 22 llailway
2635 1424 82 20 Station,
2727 1425 38 17 and

2326 1445 64 22 points
2406 1447 34 15 out
2455 1446 42 16 that
2513 1446 15 17 if
2545 1447 31 17 the
2593 1448 88 22 roadway
2698 1448 16 18 is
2730 1450 35 16 not

2326 1468 90 17 metalled
2424 1468 64 18 before
2497 1469 32 17 the
2543 1470 80 18 winter's
2638 1472 51 16 rains
2702 1472 29 16 set
2745 1472 19 16 in

2327 1492 128 17 considerable
2463 1492 143 19 inconvenience
2612 1494 39 17 will
2660 1495 22 17 be
2689 1495 65 22 experi-

2326 1514 59 18 enced
2401 1514 25 23 by
2444 1515 69 18 drivers
2531 1516 19 17 of
2570 1518 58 16 teams
2650 1518 38 17 and
2710 1518 55 17 other

2326 1538 87 17 vehicles.
2439 1539 47 17 Last
2500 1545 45 16 year
2557 1540 16 16 it
2590 1540 37 17 will
2644 1541 23 17 be
2684 1547 66 11 remem-

2326 1561 57 17 bered
2392 1561 42 17 that
2451 1562 82 22 nothing
2547 1568 38 12 was
2600 1563 49 18 done
2665 1565 48 16 until
2731 1565 33 16 the

2326 1584 47 18 road
2381 1591 39 9 was
2428 1585 68 16 almost
2513 1586 111 22 impassable
2638 1587 38 18 and
2689 1588 47 17 then
2748 1588 16 17 it

2326 1607 38 17 had
2374 1609 19 16 to
2402 1608 23 17 be
2434 1608 88 17 fascined.

2349 1640 17 16 A
2375 1640 76 22 general
2460 1640 71 19 exodus
2540 1641 20 17 of
2568 1641 71 18 natives
2649 1643 44 17 took
2711 1643 52 22 place

2325 1668 25 11 on
2359 1663 85 22 Monday
2453 1664 93 23 morning,
2557 1664 54 18 when
2620 1665 32 18 the
2667 1666 37 17 last
2717 1671 34 13 con-

2325 1685 77 24 tingent
2418 1687 21 16 of
2451 1687 58 17 chiefs
2524 1687 37 17 and
2578 1688 63 18 others
2658 1689 42 17 who
2716 1689 47 17 have

2324 1709 49 17 been
2381 1709 102 23 attending
2491 1711 19 17 to
2519 1710 49 18 their
2582 1711 104 23 legislative
2702 1712 61 18 duties

2325 1732 46 17 took
2381 1733 49 16 their
2439 1734 44 16 final
2489 1734 105 21 departure.
2619 1735 61 23 Many
2685 1735 21 18 of
2711 1735 52 18 these

2324 1758 90 20 amongst
2420 1756 81 18 whomis
2508 1758 30 16 Mr
2545 1758 55 17 Hone
2606 1757 61 23 Heke,
2673 1759 88 21 M.H.R.,

2325 1779 38 17 will
2382 1779 78 22 proceed
2479 1781 19 15 to
2514 1780 33 17 the
2564 1779 67 24 King's
2649 1782 114 21 parliament

2325 1801 60 19 which
2403 1802 15 18 is
2439 1803 116 23 assembling
2575 1805 20 16 at
2613 1805 148 23 Maungakawa,

2324 1831 47 11 near
2383 1826 120 22 Cambridge.
2534 1827 25 18 At
2576 1827 42 18 that
2632 1829 84 22 meeting
2730 1828 32 18 the

2324 1848 86 18 business
2418 1849 47 17 done
2476 1850 43 17 here
2530 1850 36 18 will
2573 1850 22 17 be
2602 1852 114 19 considered,
2724 1852 39 17 and

2324 1872 93 17 amended
2426 1878 21 12 or
2455 1873 69 22 agreed
2533 1875 26 19 to,
2575 1874 101 23 according
2692 1877 19 15 to
2726 1875 27 17 cir-

2324 1897 124 15 cumstances*

2348 1928 95 21 Amongst
2459 1928 32 18 the
2512 1928 74 18 visitors
2603 1934 24 12 on
2645 1930 116 22 yesterday's

2324 1951 51 17 train
2390 1951 47 17 from
2545 1951 5 8 1
2565 1952 31 17 Mr
2603 1952 25 18 D.
2636 1952 19 18 J.
2665 1952 69 22 Quinn,
2751 1959 11 11 a

2323 1974 147 22 representative
2555 1974 2 24 .
2576 1975 76 23 Sydney
2674 1976 88 22 Evening

2324 1996 56 19 Notvs
2389 1997 38 17 and
2444 1998 39 17 Tow
2540 1997 16 19 .d
2573 1998 85 24 Country
2674 1999 86 18 Journal.

2324 2020 32 16 Mr
2364 2021 63 19 Quinn
2440 2021 42 17 who
2497 2022 14 16 is
2526 2022 77 22 touring
2616 2022 48 17 >Te\v
2678 2023 84 17 Zealand

2323 2044 65 22 partly
2393 2050 24 12 on
2424 2043 90 22 business,
2521 2044 35 17 but
2563 2045 69 21 mostly
2642 2052 24 10 on
2675 2046 86 22 pleasure

2323 2066 51 21 bent,
2386 2067 37 17 will
2436 2068 47 16 have
2497 2074 24 10 an
2535 2068 124 22 opportunity
2673 2069 20 16 of
2707 2075 43 10 exer-

2323 2090 61 22 cising
2393 2091 28 16 his
2430 2090 110 23 descriptive
2550 2097 71 16 powers
2627 2091 20 17 in
2655 2092 105 22 conveying

2323 2114 20 15 to
2356 2113 109 17 Australian
2478 2114 74 16 readers
2566 2120 51 12 some
2634 2115 42 16 idea
2692 2115 20 17 of
2728 2115 33 17 the

2324 2137 113 16 marvellous
2445 2137 70 22 beauty
2521 2137 20 17 of
2549 2139 32 15 the
2608 2136 133 19 Wonderland.

2323 2157 32 18 Mr
2364 2161 56 16 Louis
2430 2159 65 22 Ueckc,
2506 2160 32 17 the
2555 2161 42 16 well
2607 2161 70 17 known
2691 2161 70 17 author

2323 2182 20 17 of
2377 2183 29 22 By
2423 2182 47 19 Reef
2481 2183 38 17 and
2620 2190 38 11 was
2673 2191 11 10 a
2698 2184 63 17 fellow

2323 2211 102 17 passenger
2434 2207 46 16 with
2491 2207 32 16 Mr
2537 2207 62 18 Quinn
2613 2207 49 17 from
2677 2207 82 23 Sydney,

2323 2229 36 17 but
2366 2230 81 16 remains
2456 2230 19 17 in
2484 2229 99 18 Auckland
2592 2231 30 16 for
2633 2231 32 16 the
2677 2231 82 22 present.

2323 2252 32 17 Mr
2363 2253 61 16 Beck';
2433 2252 15 18 is
2456 2259 43 10 now
2509 2259 24 11 on
2545 2254 32 16 the
2590 2253 78 23 literary
2685 2254 47 17 staff
2741 2254 20 17 of

2323 2275 33 17 the
2364 2276 58 17 Town
2431 2276 38 17 and
2478 2276 85 22 Country
2571 2276 86 18 Journal.

2328 2343 429 45 CABLEGRAMS

2356 2433 89 31 HOME
2479 2434 64 32 AND
2585 2435 151 32 FOREIGN.

2418 2497 82 23 China
2512 2497 52 22 and
2572 2496 93 30 Japan.

2351 2529 91 22 Loxnox,
2454 2529 59 24 April
2529 2530 26 18 1(3.
2559 2528 70 18 —Tlio
2639 2529 67 19 Times
2715 2536 36 18 sjie-

2322 2555 40 19 cial
2378 2555 21 19 in
2415 2554 106 26 Shanghai
2536 2555 117 24 telegraphs
2669 2555 45 19 that
2725 2556 34 18 the

2324 2583 62 17 terms
2404 2581 22 19 of
2444 2587 61 18 peace
2525 2581 91 19 between
2637 2581 65 19 China
2719 2581 40 19 and

2324 2607 68 25 Japan
2412 2607 79 19 iiic.'udo
2513 2607 34 18 the
2566 2607 153 24 independence
2738 2607 21 19 of

2324 2633 70 23 Corea;
2407 2634 34 18 tho
2455 2633 100 18 retention
2567 2633 26 24 by
2603 2633 69 24 Japan
2682 2634 21 18 of
2714 2640 33 12 con-

2323 2660 76 24 quered
2407 2660 72 24 places:
2495 2659 40 19 and
2554 2658 41 20 also
2615 2659 34 19 the
2666 2660 93 24 territory

2323 2689 45 15 east
2377 2685 22 20 of
2409 2686 34 18 the
2456 2685 48 19 Liao
2513 2685 68 23 River;
2592 2685 36 19 the
2644 2686 115 18 concession

2323 2712 22 18 of
2364 2711 103 24 Formosa;
2487 2718 26 11 an
2531 2711 113 25 indemnity
2655 2711 21 19 of
2686 2718 12 13 a
2709 2712 37 19 hun-

2322 2737 50 20 dred
2383 2738 77 19 million
2471 2737 82 24 dollars,
2564 2737 41 19 and
2622 2744 25 13 an
2662 2738 97 19 offensive

2322 2764 41 19 and
2370 2764 103 19 defensive
2483 2764 92 19 alliance.

2349 2790 75 23 Pkici.v,
2442 2790 59 25 April
2511 2791 22 18 16
2544 2790 3 25 .
2586 2790 18 18 A
2614 2790 145 24 proclamation

2323 2816 38 19 has
2373 2816 50 19 been
2434 2816 70 25 posted
2516 2816 20 19 in
2547 2816 34 19 the
2594 2816 69 24 larger
2672 2816 57 19 cities
2739 2816 20 19 of

2323 2842 71 22 China,
2406 2842 87 25 bearing
2510 2843 34 18 the
2561 2842 115 25 Emperor's
2693 2849 64 16 mime,

2322 2869 21 18 in
2354 2868 62 19 whico
2427 2868 16 19 it
2453 2868 17 19 is
2480 2868 67 19 stated
2565 2869 45 18 that
2626 2868 35 19 tho
2677 2868 82 26 Empire

2322 2895 17 18 is
2348 2894 87 19 finished
2446 2901 22 12 as
2483 2894 35 19 tho
2533 2894 99 24 Emperor
2648 2894 17 20 is
2682 2894 76 19 unable

2322 2923 21 16 to
2355 2927 75 18 govern
2441 2927 40 18 any
2495 2920 78 25 longer.

2348 2947 44 18 The
2399 2946 146 25 proclamation
2554 2946 74 19 caused
2634 2946 78 21 intense
2723 2953 21 12 ex-

2321 2973 96 18 citement
2426 2979 75 18 among
2510 2972 35 19 the
2555 2973 86 19 natives.

2428 3004 61 22 The'
2496 3004 63 23 Suez
2566 3004 81 24 Canal

2349 3036 71 24 Cairo,
2431 3036 58 25 April
2505 3037 23 18 16
2538 3036 4 25 .
2544 3036 69 18 —The
2624 3036 78 20 French
2712 3043 36 12 con-

2322 3063 56 19 sular
2399 3065 57 16 court
2474 3062 48 19 here
2540 3061 102 26 adjudges
2660 3063 45 18 that
2724 3063 34 19 the

2322 3089 51 19 Suez
2392 3087 64 20 Canal
2481 3087 104 26 Company
2605 3089 17 18 is
2643 3089 116 24 absolutely

2322 3115 84 18 French.
2418 3115 32 17 An
2461 3114 73 25 appeal
2548 3113 75 25 lodged
2634 3115 80 24 against
2724 3115 35 19 the

2322 3141 87 18 decision
2426 3140 18 19 is
2455 3141 87 18 awaited
2555 3141 49 18 with
2617 3140 83 20 interest
2710 3147 23 13 as
2742 3141 17 18 it

2321 3166 91 19 involves
2427 3166 34 19 the
2474 3166 60 19 claim
2543 3167 21 18 of
2578 3166 103 19 exclusive
2696 3166 52 26 juris-

2322 3193 75 18 diction
2408 3199 47 12 over
2467 3193 35 19 the
2509 3192 64 19 canal.
2584 3193 43 18 The
2637 3193 122 19 convention

2322 3219 21 18 of
2364 3220 49 17 18G6
2432 3218 105 20 described
2556 3218 35 19 tho
2611 3218 106 26 Company
2736 3225 23 13 as

2322 3245 111 25 Egyptian.

2361 3275 55 23 The
2427 3275 85 23 North
2524 3275 61 23 Pole
2596 3274 119 24 reached.

2349 3310 70 23 Paris,
2436 3310 59 25 April
2517 3311 56 17 IG.—
2585 3310 76 24 Figaro
2680 3313 79 22 reports

2323 3337 45 18 that
2380 3336 35 19 the
2427 3336 92 24 explorer
2529 3335 85 20 Nansen
2624 3336 37 18 has
2673 3336 86 19 reached

2324 3363 34 19 the
2369 3362 66 19 North
2445 3362 55 19 Polo.

2402 3393 54 23 The
2463 3399 56 17 war
2535 3392 28 23 in
2573 3392 106 23 ChitraL

2349 3425 112 22 Calcutta,
2481 3424 59 25 April
2557 3426 23 16 16
2590 3423 86 20 .—Col.
2696 3423 63 25 Kelly

2324 3451 48 19 with
2382 3452 37 17 300
2430 3457 78 19 sepoys,
2520 3450 37 19 has
2573 3450 90 20 relieved
2679 3449 78 25 Mastuj

2323 3477 88 19 wherein
2421 3483 42 13 was
2472 3472 68 23 Lieut.
2548 3476 130 20 Bretherton.

2348 3503 44 18 The
2402 3508 71 19 sppoys
2482 3503 75 18 rushed
2564 3508 13 13 a
2586 3503 62 19 series
2664 3503 21 17 of
2701 3503 57 17 stone

2323 3529 56 19 walls
2390 3529 65 18 which
2463 3529 49 24 they
2522 3528 98 25 captured
2630 3530 21 16 at
2659 3528 33 18 the
2700 3527 59 25 point

2322 3555 21 18 of
2361 3554 35 19 the
2413 3554 87 25 bayonet
2517 3555 52 18 after
2585 3560 27 13 an
2629 3553 62 20 hours
2707 3553 51 19 hard

2322 3581 98 24 fighting.

2322 3645 209 32 AUSTRALIAN
2546 3644 211 34 TELEGRAMS.

2428 3721 82 23 A.J.C.
2524 3721 127 29 Meeting-

2348 3752 92 23 Sydney,
2465 3751 59 26 April
2550 3751 103 20 16.—Tho
2682 3752 75 19 results

2322 3785 51 13 were
2384 3785 22 13 as
2415 3778 76 19 follows
2502 3776 166 22 :—Champagne
2678 3780 79 17 Stakes

2322 3804 45 20 Kob
2378 3804 51 25 Roy,
2444 3803 20 26 1;
2478 3803 98 24 Wallace,
2589 3804 11 19 2
2610 3803 4 26 ;
2629 3804 97 25 Bluecap,
2739 3805 17 18 3.

2347 3831 87 19 Sydney
2453 3829 43 19 Cup
2503 3829 4 24 :
2526 3829 115 24 Putronoss,
2662 3832 7 16 1
2679 3829 3 24 ;
2703 3829 39 21 Qui-

2321 3864 41 14 ver,
2371 3858 11 17 2
2391 3855 4 25 ;
2411 3855 94 25 Cobbity,
2517 3857 18 17 3.

2347 3883 43 19 The
2401 3881 75 26 Flying
2486 3881 109 25 Handicap
2611 3887 42 13 was
2669 3888 45 12 won
2730 3881 28 24 by

2322 3909 103 22 Solanum,
2435 3907 42 21 and
2486 3907 142 26 Steeplecn-se
2644 3907 28 24 by
2688 3907 56 24 High-

2322 3935 58 19 born.

2795 105 56 19 THE
2865 104 217 21 PRESBYTERIAN
3103 106 79 19 CHURCH.

2818 159 43 17 The
2870 159 70 17 efforts
2949 159 21 17 of
2979 159 34 19 tlie
3021 159 142 25 Presbyterian
3176 159 51 25 body

2793 184 20 18 in
2822 190 39 12 our
2870 184 60 18 midst
2941 190 34 12 ore
2992 184 61 24 being
3071 185 70 19 attend
3148 185 19 19 rd
3182 186 47 18 with

2792 217 11 11 a
2814 209 138 20 considerable
2964 216 91 13 measuro
3066 213 21 16 of
3097 217 78 13 bucjess
3191 219 23 10 an
3225 213 5 17 I

2792 236 16 19 it
2818 236 19 19 is
2846 236 123 24 utiiicipaiel
2991 237 44 18 that
3055 237 41 18 this
3118 237 52 25 !;■;<!;.'
3190 237 39 19 will

2792 262 76 24 shortly
2884 262 23 17 lie
2927 262 19 17 iii
2967 268 9 12 n
2997 262 85 25 position
3102 265 20 17 to
3140 263 38 19 call
3199 264 31 18 for

2792 287 81 20 tenders
2883 288 32 18 for
2925 288 34 19 the
2969 288 87 19 erection
3076 288 20 19 of
3114 295 12 12 a
3143 289 82 20 church.

2793 314 32 17 Mr
2842 313 121 23 Grandison,
2982 314 65 18 areliit
3060 318 24 18 ct,
3103 314 37 19 has
3157 315 71 25 kindly

2792 340 102 24 promised
2905 343 19 14 to
2936 346 84 18 prepare
3030 347 11 11 a
3061 341 53 24 plan,
3133 347 37 14 one
3187 343 31 17 fea-

2792 369 45 15 ture
2846 366 21 18 of
2880 365 63 19 which
2958 366 39 17 will
3008 366 24 18 iiy
3041 366 34 19 the
3091 367 101 24 provision
3209 368 19 18 of

2792 397 23 13 an
2828 397 47 18 easy
2886 397 69 13 means
2970 392 22 18 of
3006 391 78 25 ingress
3100 393 39 18 and
3159 400 68 18 egress

2792 418 30 18 for
2844 417 87 19 invalids
2957 423 21 13 so
3004 417 45 20 that
3070 418 47 25 they
3139 425 37 13 can
3201 420 25 17 bo

2793 443 86 19 wheeled
2891 448 34 12 out
2938 444 39 18 and
2987 444 26 18 in.
3044 444 23 18 In
3086 445 72 24 regard
3177 448 19 16 to
3215 452 11 12 a

2792 469 37 19 site
2853 474 29 14 lor
2903 469 34 18 the
2954 469 99 25 proposed
3072 470 25 19 bu
3107 471 69 24 Mings
3192 471 35 19 the

2792 495 93 19 Minister
2894 495 22 19 of
2928 495 66 19 Lands
3004 495 38 19 has
3053 496 49 19 been
3113 497 98 19 com.nuni-

2790 521 57 19 cated
2869 521 47 19 with
2939 521 18 18 in
2979 522 49 18 view
3048 522 21 19 of
3087 523 109 24 obtaining
3215 531 10 11 a

2791 550 60 21 grant
2861 547 21 19 of
2893 554 23 11 an
2929 547 106 19 allotment
3045 550 21 16 at
3079 549 34 19 the
3123 556 72 12 corner
3205 549 21 19 of

2792 572 85 20 Amohia
2890 573 38 17 and
2941 573 74 19 Arawa
3022 573 67 20 Street
3103 582 27 12 or,
3148 575 16 19 if
3182 576 44 18 that

2792 599 24 18 be
2827 598 141 25 impractiealo,
2985 601 20 17 to
3023 599 58 19 allow
3099 601 34 18 the
3152 601 75 19 church

2792 628 18 16 to
2823 630 68 13 secure
2901 625 13 18 it
2928 627 20 16 at
2959 625 33 18 the
3003 629 58 21 upset
3074 627 57 24 price.

2816 651 43 18 The
2870 650 49 19 Rev.
2933 650 22 19 E.
2968 650 22 20 0.
3002 651 61 25 Perry
3070 652 111 20 conducted
3189 653 34 19 the

2791 677 74 18 service
2875 677 19 18 in
2907 677 34 18 the
2952 676 94 21 Pukeroa
3057 677 50 20 Hall
3117 679 40 19 last
3172 679 39 19 Sun-

2790 703 39 24 day
2841 703 93 24 morning
2944 704 41 17 and
2997 704 93 24 evening,
3102 705 34 19 the
3147 705 67 19 attend-

2790 735 49 12 ■•'.uce
2858 732 21 15 at
2897 728 36 19 the
2952 728 62 20 latter
3034 730 61 25 being
3115 731 109 20 extremelv

2790 755 62 25 large,
2896 754 18 19 It
2934 761 40 12 was
2992 756 117 19 announced
3130 757 45 19 that
3191 759 34 17 the

2791 780 50 19 Rev.
2853 780 22 19 G.
2885 780 23 18 li.
2923 780 77 24 Munro,
3019 781 115 19 Moderator
3151 784 21 18 of
3190 783 35 19 the

2794 806 118 26 Presbytery
2924 807 114 24 Assembly,
3056 808 66 19 would
3140 809 84 20 officiate

2790 834 31 17 for
2839 833 34 18 the
2896 836 49 15 next
2967 835 39 17 two
3030 833 99 25 Sundays.
3169 836 21 18 It
3209 836 16 17 is

2790 858 122 19 understood
2923 860 44 17 that
2986 858 75 26 during
3081 860 33 19 Mr
3131 861 94 20 Munro'a

2789 887 44 22 stay
2845 884 47 20 here
2903 884 25 20 ho
2946 885 41 19 will
3008 885 46 26 give
3075 892 37 13 one
3129 893 23 12 or
3169 894 56 13 more

2790 911 90 24 lectures,
2893 910 114 20 illustrated
3019 911 25 25 by
3061 913 66 24 magic
3143 913 80 20 lantern

2790 937 65 22 views,
2868 944 25 11 on
2905 936 70 20 behalf
2985 938 21 18 of
3018 938 34 18 the
3067 938 75 20 church
3161 940 50 19 build-

2790 963 35 23 ing
2835 963 58 18 fund.

2816 989 42 18 The
2865 989 107 19 Auckland
2980 989 124 27 Presbytery
3113 991 51 19 have
3172 991 51 20 been

2790 1017 51 16 most
2850 1015 126 19 considerate
2987 1017 19 17 in
3019 1017 87 24 sending
3121 1024 13 12 a
3147 1024 63 13 succes-

2789 1041 43 18 sion
2842 1042 21 18 of
2875 1048 10 10 a
2889 1041 33 19 bio
2931 1042 103 19 ministers
3048 1045 19 16 to
3077 1043 86 20 conduct
3180 1051 33 12 ser-

2790 1067 42 19 vice
2842 1067 47 19 here
2900 1073 22 13 so
2932 1067 44 19 that
2987 1068 34 18 the
3031 1069 76 18 church
3117 1071 54 18 work
3187 1071 36 18 lias

2790 1093 109 24 proceeded
2926 1094 85 18 without
3033 1095 136 20 intermission
3192 1098 31 17 for

2788 1125 55 13 some
2853 1119 48 19 time
2910 1123 52 21 past.
2990 1121 113 24 Following
3111 1122 32 18 Mr
3150 1123 73 18 Munro

2789 1145 34 18 the
2833 1145 145 25 congregation
2990 1153 44 18 may
3048 1147 45 18 look-
3104 1147 88 20 forward
3202 1152 20 16 to

2789 1171 34 18 the
2834 1177 94 19 presence
2939 1172 21 18 of
2969 1172 35 19 the
3016 1173 59 19 Revs.
3088 1173 24 19 11.
3131 1174 23 18 F.
3169 1175 54 19 Mae-

2788 1196 65 24 Nicol,
2874 1198 20 17 J.
2915 1198 44 18 Hill
2975 1199 40 18 and
3035 1200 25 18 li.
3080 1200 105 25 Ferguson
3202 1204 21 16 at

2789 1224 81 24 regular
2884 1224 103 19 intervals.

2878 1259 83 13 SUNDAY
2974 1260 75 14 SCHOOL
3065 1262 71 14 I'ICMC.

2814 1288 42 19 The
2869 1289 46 18 firss
2924 1288 21 19 of
2957 1290 53 18 what
3021 1291 16 18 is
3048 1293 20 16 to
3079 1291 57 20 beau
3147 1294 76 18 annual

2788 1314 65 25 picnic
2862 1315 32 18 for
2903 1314 91 20 children
3005 1317 106 25 attending
3123 1319 34 18 the
3165 1318 58 21 Pres«.

2790 1340 91 25 byterian
2891 1341 83 25 Srnday
2987 1342 78 24 School,
3078 1350 40 13 was
3135 1344 47 19 held
3196 1352 26 12 on

2788 1366 72 19 Easter
2878 1366 90 26 Monday
2988 1368 21 19 in
3029 1368 34 19 the
3086 1369 137 22 Government

2787 1392 93 23 pleasure
2894 1399 80 13 reservo
2983 1401 50 12 near
3042 1395 35 19 tho
3087 1395 49 20 Post
3153 1396 67 21 Office.

2787 1419 21 19 It
2818 1419 75 24 proved
2903 1425 12 12 a
2924 1424 52 15 most
2987 1422 109 18 successful
3105 1422 60 19 affair
3182 1424 40 19 and

2787 1445 36 19 tho
2833 1445 96 22 teachers,
2940 1452 38 12 ono
2988 1446 40 19 and
3038 1447 34 24 all,
3081 1448 34 19 did
3126 1449 53 19 their
3189 1453 22 16 ut-

2787 1473 52 17 most
2848 1472 21 18 in
2879 1471 72 25 aiding
2962 1472 35 19 tho
3007 1472 91 21 children
3108 1476 20 17 to
3138 1476 63 24 spend
3209 1483 13 12 a

2787 1499 52 17 most
2849 1497 108 25 enjoyable
2971 1499 45 24 day.
3051 1500 33 18 An
3102 1500 120 21 abundance

2787 1523 21 19 of
2818 1523 52 24 good
2881 1523 67 24 things
2956 1531 40 12 was
3004 1525 97 24 provided
3110 1527 27 24 by
3144 1526 78 21 several

2787 1549 82 24 loading
2881 1550 99 19 members
2992 1552 21 18 of
3023 1551 34 19 the
3067 1554 152 25 congregation,

2787 1576 40 18 and
2841 1577 55 17 these
2908 1582 51 12 were
2970 1577 48 24 ably
3028 1577 108 26 dispensed
3143 1580 26 25 by
3178 1580 43 19 Mrs

2787 1601 40 19 and
2846 1602 75 18 Misses
2937 1601 85 27 Murray
3039 1605 43 18 who
3100 1612 50 13 were
3169 1611 53 15 most

2787 1627 147 26 indefatigable
2948 1630 126 24 throughout
3091 1631 19 18 in

2786 1654 41 19 and
2841 1654 108 24 attending
2969 1658 20 16 to
3011 1657 35 17 the
3065 1659 64 17 wants
3147 1659 22 18 of
3187 1659 35 19 tho

2786 1680 52 19 little
2848 1686 55 14 ones.
2931 1681 43 18 The
2983 1682 66 24 prizes
3058 1683 32 18 for
3100 1685 43 17 foot

2787 1713 51 12 wore
2850 1706 82 25 eagerly
2939 1708 103 19 contested
3053 1709 31 18 for
3092 1709 26 24 by
3127 1712 94 18 upwards

2785 1733 22 18 of
2818 1733 23 18 30
2854 1732 93 19 children
2956 1733 53 20 fro:a
3020 1741 10 12 o
3049 1737 19 17 to
3087 1737 22 17 1-1
3125 1742 59 18 years
3201 1738 21 18 of

2786 1765 44 18 age.
2858 1758 138 26 Tug-of-war,
3012 1761 85 19 football
3114 1762 40 19 and
3163 1763 58 19 other

2785 1787 66 23 spoils
2861 1791 52 13 were
2921 1786 97 25 indulged
3026 1787 20 18 in
3054 1790 20 16 to
3082 1788 53 19 their
3145 1789 75 19 heart's

2785 1813 87 17 content.
2901 1812 33 18 Au
2945 1813 96 25 amusing
3053 1813 78 20 feature
3148 1815 21 19 of
3187 1816 34 19 tho

2786 1837 39 25 day
2843 1843 40 13 was
2900 1844 12 12 a
2929 1845 44 12 rece
2990 1838 21 19 in
3032 1840 64 19 which
3114 1841 33 19 the
3166 1841 56 19 elder

2786 1867 89 15 matrons
2895 1864 48 19 took
2961 1864 58 27 part;
3043 1867 132 24 conspicuous
3199 1871 21 16 to

2786 1890 34 18 tho
2831 1890 43 19 fore
2886 1897 50 12 wore
2948 1890 44 19 Mrs
3000 1890 90 29 Murray,
3098 1893 43 19 Mrs
3148 1893 58 20 Thom-

2785 1922 42 17 son,
2839 1916 40 18 and
2889 1916 42 19 Mrs
2942 1916 86 25 Purcell,
3046 1918 33 19 the
3095 1919 61 20 latter
3171 1921 49 18 took

2786 1942 34 18 tho
2839 1942 45 19 lead
2904 1942 41 19 and
2963 1944 50 24 kept
3030 1944 15 18 it
3063 1946 21 17 to
3099 1945 35 19 the
3152 1946 68 24 finish,

2785 1968 80 25 coming
2875 1968 21 19 in
2906 1969 74 18 amidst
2990 1976 56 12 roars
3054 1971 20 18 of
3084 1971 102 20 laughter.

2799 1994 4 30 _
2812 1994 81 25 During
2910 1995 35 19 the
2964 1995 40 25 day
3025 1997 34 18 the
3079 1998 80 24 ground
3180 2005 40 13 was

2785 2020 72 20 visited
2867 2020 26 25 by
2903 2027 12 13 a
2925 2021 87 20 number
3026 2023 22 18 of
3063 2024 99 19 residents
3180 2025 40 18 and

2785 2050 109 21 strangers,
2915 2050 95 23 amongst
3030 2049 65 19 whom
3114 2057 52 12 were
3185 2051 34 19 tho

2785 2072 48 19 Rev.
2844 2073 23 17 E.
2879 2073 23 17 O.
2914 2073 40 19 and
2965 2074 43 18 Mrs
3022 2074 64 24 Perry
3104 2076 22 19 of
3147 2076 58 19 Auck-

2784 2097 53 24 land,
2858 2099 41 18 and
2919 2099 33 18 Mr
2971 2099 56 19 John
3147 2103 21 18 of
3186 2103 35 19 tho

2784 2123 93 19 Thames.
2908 2125 44 19 Tho
2970 2125 69 19 school
3053 2128 167 24 superintendent

2786 2149 32 19 Mr
2828 2149 123 26 Neighbour
2961 2151 39 19 and
3018 2152 76 20 Messrs
3108 2153 56 20 Scott
3181 2155 40 19 and

2785 2175 71 24 Steele,
2869 2177 43 19 also
2922 2177 42 19 had
2974 2177 54 19 their
3037 2179 58 19 share
3107 2180 20 18 in
3135 2181 85 24 making

2784 2202 34 19 tho
2828 2202 52 19 little
2891 2209 48 13 ones
2957 2210 73 19 merry.
3063 2205 44 19 The
3128 2208 90 23 proceed/

2784 2228 46 26 ings
2840 2229 121 19 terminated
2972 2229 63 20 about
3049 2233 12 17 5
3078 2238 48 18 p.m.
3140 2233 53 19 aftor
3208 2240 12 12 a

2784 2255 56 18 short
2849 2254 90 24 address,
2951 2256 34 19 the
2995 2257 84 26 singing
3088 2258 21 19 of
3117 2264 12 13 a
3136 2259 72 19 doxolo-

2784 2287 32 18 gy,
2828 2281 40 19 and
2879 2281 57 20 three
2955 2282 73 26 hearty
3046 2283 70 20 cheers
3135 2285 31 19 for
3185 2285 34 19 tho

2783 2306 64 20 ladies
2867 2308 45 18 who
2934 2308 42 20 had
3000 2309 128 21 contributed
3147 2314 20 16 to
3185 2312 34 18 the

2784 2332 57 26 day's
2860 2334 123 24 enjoyment.

2784 2390 58 18 THE
2854 2390 112 20 MAORIA
2980 2391 186 23 PARLIAMENT
3183 2395 35 20 AT

2935 2417 139 21 ROTORUA.

2811 2468 38 27 [by
2858 2469 97 19 Raureti
2964 2469 25 20 P.
2996 2470 198 31 Mokonuiarangi.]

2809 2501 43 19 Tlio
2862 2501 92 25 meeting
2973 2508 40 13 was
3029 2506 128 19 commenced
3172 2507 47 20 hero

2783 2533 25 13 on
2818 2527 35 19 tlio
2863 2527 34 19 7th
2914 2528 21 18 of
2953 2527 78 25 March,
3051 2529 38 21 but
3112 2531 21 19 in
3150 2539 58 13 conse-

2782 2559 77 19 quence
2867 2553 21 18 of
2898 2553 35 19 the
2946 2555 124 20 non«amyal
3080 2557 22 19 of
3119 2564 60 18 many
3199 2560 20 18 of

2783 2579 34 19 the
2840 2579 86 25 leading
2945 2580 70 24 chiefs,
3036 2581 103 28 including
3159 2585 59 20 Jlono

2783 2605 66 23 Heke,
2864 2604 22 20 M
2897 2605 61 23 H.R.,
2971 2605 211 28 RopataTeAo,M.H
3193 2611 16 20 R

2785 2630 34 21 Wi
2829 2631 58 23 Poro,
2899 2631 93 25 M.H.R.,
3010 2633 53 19 Hon.
3078 2635 28 19 11.
3117 2636 26 19 K.
3160 2637 47 20 Taia-

2782 2663 41 17 roa,
2837 2657 21 18 M
2867 2657 56 20 L.0..
2940 2660 41 17 and
2998 2659 34 19 the
3051 2661 80 20 famous
3150 2663 68 27 Major

2782 2684 73 24 Kemp,
2867 2684 21 18 of
2899 2683 139 26 Whancfanui,
3055 2686 53 20 little
3123 2695 95 20 progress

2783 2716 40 12 was
2834 2710 50 18 then
2900 2710 60 19 mado
2979 2711 48 20 with
3043 2711 99 22 business.
3161 2706 57 30 °Tho

2782 2735 71 19 House
2862 2736 116 24 adjourned
2988 2741 18 15 to
3018 2737 72 21 March
3103 2741 52 19 13th.

2809 2762 31 19 On
2858 2761 138 27 Wednesday,
3016 2764 74 20 March
3110 2768 53 23 13th,
3183 2769 35 19 tlio

2782 2787 71 20 llouso
2876 2794 41 13 was
2940 2790 78 21 opened
3042 2790 27 25 by
3091 2791 75 23 Petera
3189 2795 28 19 To

2782 2813 111 20 Pukuatua
2912 2815 38 19 and
2967 2815 71 26 Keepa
3054 2817 28 20 To
3097 2818 119 27 Rangipua.-

2782 2840 50 23 wha,
2847 2842 39 16 two
2896 2840 22 19 of
2929 2841 35 19 the
2975 2842 81 26 leading
3065 2844 64 20 chiefs
3147 2847 21 18 of
3183 2847 34 19 tlio

2782 2865 79 19 Arawa,

2807 2892 42 18 The
2858 2892 44 19 real
2912 2891 78 27 objects
3000 2894 21 19 of
3031 2895 34 19 the
3075 2898 91 26 meeting
3177 2906 39 13 was

2782 2920 19 18 to
2808 2918 92 19 combine
2907 2919 28 19 all
2943 2920 35 18 the
2987 2921 68 19 native
3065 2923 63 20 tribes
3135 2925 80 24 (union'

2782 2946 19 18 to
2811 2944 49 19 send
2869 2945 62 24 again
2941 2946 35 19 the
2992 2946 73 21 Native
3084 2948 76 27 Rights
3175 2951 41 20 Bill

2782 2972 19 17 to
2812 2970 125 20 Parliament
2946 2975 49 16 next
3014 2974 83 19 session.
3138 2976 78 22 Should

2782 2997 33 19 the
2824 2996 72 19 House
2906 2997 63 26 reject
2979 2999 34 19 the
3028 2999 46 24 Bill,
3090 3001 34 19 the
3138 3004 78 20 natives

2782 3023 66 19 would
2858 3023 52 19 have
2920 3025 35 17 the
2969 3025 127 21 satisfaction
3112 3028 21 19 of
3148 3029 53 20 know-

2781 3048 36 26 ing
2830 3049 27 23 it;
2879 3049 21 19 of
2916 3056 71 13 course
3004 3051 49 26 they
3069 3054 66 24 might
3156 3056 59 21 make

2781 3075 53 19 their
2845 3075 39 19 last
2894 3075 61 19 effort
2964 3078 21 17 to
2995 3084 26 18 go
3035 3082 20 16 to
3065 3079 97 26 England
3175 3084 40 18 and

2782 3101 33 24 lay
2827 3100 54 20 their
2890 3100 42 21 Bill
2947 3102 69 20 before
3033 3105 34 19 the
3084 3105 78 26 Queen,
3180 3109 24 19 he-

2780 3133 60 12 cause
2849 3127 36 19 the
2910 3127 99 26 Imperial
3028 3131 136 22 Government
3182 3138 34 16 not

2781 3153 46 24 only
2836 3153 38 19 has
2882 3159 11 13 a
2900 3154 57 25 right
2965 3157 20 16 to
2994 3155 96 21 interfere
3096 3165 22 12 as
3126 3160 90 21 between

2782 3179 33 19 the
2825 3179 137 20 Government
2972 3181 21 19 of
3003 3183 51 19 New
3064 3184 92 21 Zealand
3175 3188 40 19 and

2782 3205 34 19 the
2825 3204 84 25 Maoris,
2921 3206 38 20 but
2972 3207 50 26 duty
3036 3210 41 18 and
3093 3211 34 19 tho
3143 3212 61 20 honor-

2782 3231 45 19 able
2837 3231 111 20 fulfilment
2956 3233 21 19 of
2987 3233 34 20 the
3029 3235 75 26 Treaty
3119 3238 21 18 of
3156 3239 45 19 Wai-

2782 3257 57 24 tangi
2849 3256 98 22 demands
2957 3259 23 20 it.

2807 3283 43 19 Tuo
2860 3283 75 25 Treaty
2948 3291 40 13 was
2998 3286 58 20 made
3074 3288 91 21 betwoen
3180 3291 35 19 the

2782 3309 70 21 Queen
2864 3310 40 18 and
2914 3310 35 19 the
2959 3311 63 20 chiefs
3029 3314 21 18 of
3057 3313 52 20 New
3117 3315 98 22 Zealand.

2781 3335 28 19 To
2816 3335 35 18 the
2861 3335 96 26 Imperial
2965 3337 125 22 Parliament
3097 3342 34 19 the
3138 3344 77 19 central

2782 3361 102 25 authority
2894 3362 22 18 of
2923 3362 33 19 the
2964 3363 77 20 British
3051 3365 89 27 Eoinire,
3150 3369 55 20 there-

2782 3388 47 20 fore,
2841 3387 35 19 the
2885 3387 108 21 combined
3011 3391 64 20 tribes
3091 3394 73 25 appeal
3183 3396 33 19 for

2781 3413 119 19 relief.froni
2907 3415 35 18 the
2952 3422 61 19 many
3023 3417 71 26 illegal
3102 3422 42 17 acts
3161 3427 42 14 com-

2781 3439 71 19 mitted
2870 3439 28 25 hy
2916 3440 35 20 the
2969 3441 91 21 Colonial
3078 3444 137 23 Government

2781 3465 20 19 of
2811 3464 169 27 JNewJZealand.

2807 3491 65 19 These
2883 3495 41 16 acts
2934 3494 63 20 rolato
3008 3497 19 17 to
3037 3496 70 26 illegal
3123 3498 41 19 and
3178 3505 36 14 un'

2780 3517 112 25 justifiable
2914 3520 130 21 confiscation
3070 3523 21 19 of
3112 3526 104 18 extensivo

2781 3545 60 18 tracts
2852 3544 22 19 of
2883 3544 48 20 land
2942 3545 26 25 by
2979 3547 54 19 force
3044 3549 22 18 of
3074 3556 54 12 arms
3140 3551 40 19 and
3189 3552 24 24 by

2781 3572 46 22 past
2849 3569 117 26 legislation
2989 3579 24 13 on
3034 3575 69 19 native
3131 3579 84 17 matters

2782 3596 66 19 which
2866 3597 41 18 had
2930 3597 52 20 been
3005 3599 111 21 disastrous
3137 3605 20 16 to
3180 3603 35 19 tho

2781 3622 86 19 natives,.

2807 3648 44 19 The
2861 3648 65 19 Maori
2940 3649 126 22 Parliament
3085 3656 20 16 at
3123 3653 92 22 Eotorua

2781 3674 100 19 consisted
2901 3675 22 18 of
2942 3677 24 18 60
2983 3678 100 19 members
3099 3681 118 19 nominated

2781 3701 52 18 from
2843 3700 34 19 the
2889 3700 95 21 different
2994 3704 69 22 tribes,
3076 3705 48 19 with
3146 3707 70 19 minis.-,

2781 3733 41 15 Hers
2831 3726 41 19 and
2887 3727 35 18 the
2940 3728 96 22 Premier,
3055 3730 28 19 11.
3102 3731 99 26 Mangaka-

2782 3752 40 19 hia.
2851 3753 82 25 During
2943 3754 35 19 the
2993 3756 77 19 session
3090 3763 12 13 a
3175 3766 42 12 \v,is

2781 3778 73 25 passod
2864 3779 130 27 authorising
3006 3788 12 12 a
3034 3784 82 23 genera!
3133 3784 45 24 levy
3194 3785 22 19 of

2782 3807 38 15 two
2834 3804 95 24 shillings
2948 3812 37 19 per
2999 3807 52 20 head
3069 3809 51 18 from
3137 3810 29 19 all
3182 3811 34 19 the

2781 3831 78 17 natives
2870 3830 21 18 of
2900 3829 52 21 New
2961 3832 97 25 Zealand,
3070 3834 32 19 for
3114 3836 35 18 the
3168 3843 36 18 pur-

2781 3861 48 18 pose
2839 3855 21 19 of
2870 3855 109 29 defraying
2985 3865 98 20 expenses
3094 3864 20 15 to
3122 3858 96 29 England

2781 3881 16 18 if
2806 3886 113 15 necessarv.

2806 3906 43 20 The
2874 3908 126 22 Parliament
3029 3918 41 13 was
3102 3915 116 24 prorogued

2781 3931 108 28 Saturday,
2909 3935 60 26 April
2990 3937 46 19 13th
3054 3938 53 25 iusfc.,
3125 3940 41 19 and
3184 3940 34 20 the

2783 3958 73 26 King's
2879 3960 125 22 Parliament
3036 3964 42 20 will
3112 3972 52 18 opon
3205 3970 21 15 at

2783 3984 152 27 Maungakawu
2946 3994 26 13 on
2984 3989 59 25 April
3058 3990 56 20 2£th.

1304 38 58 21 THE
1389 38 58 20 HOT
1474 37 69 27 LAKE
1560 37 17 27 3
1594 37 172 27 CHRONICLE,
1795 39 189 24 WEDNESDAY,
2013 37 89 24 APP.IL
2132 44 30 20 17,
2181 39 49 21 1835

47 125 118 57 Jiot
193 122 203 62 Lakes!
569 123 115 59 .Hot
713 122 181 59 Lakes
918 114 10 57 1

284 226 40 18 \*A
348 226 92 16 tin
458 226 38 15 it
517 226 37 14 n
574 226 43 15 ill
668 226 35 14 w

47 245 227 70 Lake
335 246 283 69 House
656 242 272 84 Hotel,

51 386 55 22 Under
115 386 28 21 the
152 387 89 27 patronage
259 385 17 23 of
290 385 27 24 S!r
325 386 25 22 W.
364 387 71 24 Jervois,
447 384 37 23 Earl
501 384 33 24 and
550 387 80 21 Countess
646 385 17 22 of
680 385 99 26 Hopetown,
799 382 28 24 the
846 384 36 21 Hon
903 382 26 24 the

310 412 71 21 Premier
389 409 33 23 and
430 411 101 22 Membersof
539 410 107 23 Parliament,

173 469 608 35 imaF*DKraftrc»:mjtirti

55 522 100 28 Utuated
165 530 31 18 oil
208 529 29 18 aft
249 519 113 27 elevated
375 519 104 33 position
497 527 30 17 on
539 518 41 25 tbe
589 518 83 25 shores
689 516 25 26 of
727 518 70 25 Lake
809 519 119 27 Rotoi'ua,

191 555 144 25 convenient
353 558 25 19 to
390 553 32 24 all
435 552 41 25 the
493 552 77 33 sights
583 551 22 25 in
619 552 39 23 the
671 550 103 29 district,

175 591 86 33 Sulphur
278 591 15 26 &
306 591 84 26 Mineral
402 589 61 28 Baths
473 588 21 28 in
506 577 33 39 tie
552 589 88 27 Grounds
651 588 20 26 of
680 588 32 27 the
724 587 67 28 Hotel.

264 625 109 31 Charges
386 624 62 23 from
459 625 28 22 8s
497 628 24 18 to
538 630 40 16 12s
590 629 42 24 per
645 619 54 33 day.

355 736 237 27 WAIRAKEI.

45 777 52 27 The
110 777 78 26 above
202 773 87 27 Hotels
301 782 40 16 are
353 782 52 16 now
419 770 75 27 under
508 770 40 26 the
562 772 76 24 direct
656 771 93 24 control
773 770 47 25 and
844 779 71 23 super-

150 811 78 23 vision
238 809 25 23 of
276 809 40 22 die
329 807 185 31 Proprietorcss,
527 805 72 24 MRS
610 805 30 24 R.
659 804 167 27 GRAHAM,

83 844 24 24 A
131 841 123 26 reduction
275 842 20 22 is
316 840 71 24 made
412 845 25 18 to
459 839 93 31 weekly
576 847 26 15 or
625 837 108 31 monthly
757 836 126 24 boarders.

208 874 81 24 Guide
302 873 81 24 Books
393 872 87 32 posted
494 872 50 23 free
557 880 29 15 on
595 870 154 32 application.

544 3544 63 44 H.
661 3544 200 53 KOHN,

489 3605 251 21 MANUFACTURING
760 3607 160 24 JEWELLEB,

599 3639 91 26 Queen
714 3640 92 28 Street,

645 3679 122 19 Auckland.

490 3738 41 13 and
554 3732 28 23 B.
598 3730 171 24 PETERSON
783 3730 21 23 &
821 3728 48 30 Co,

600 3770 77 20 HIGH
696 3769 112 24 STREET,

624 3813 168 19 CIIRISTCIIUKCir.

518 3874 43 20 Tho
569 3874 77 25 largest
661 3874 42 19 and
719 3876 53 18 most
787 3874 62 20 select
866 3874 58 20 stock

492 3901 21 19 of
522 3900 102 26 jewellery
634 3900 56 25 kept.

609 3972 195 25 NOTICE.

558 4051 68 26 Apply
640 4052 21 18 to

676 4077 34 20 W.
721 4077 20 20 S.
752 4076 120 21 GORDON.

1046 102 87 25 MAIL
1154 102 145 25 NOTICES.

957 155 80 40 THE
1046 154 122 21 Letter-box
1179 156 43 19 will
1236 156 26 19 be
1271 155 81 21 cleared
1359 157 32 19 for

1018 182 88 21 Despatch
1115 182 18 16 of
1145 182 143 19 correspoudenee
1303 181 46 16 from
1356 183 35 15 this

956 204 48 15 ofhie
1011 205 18 14 to
1036 203 29 16 the
1074 203 165 16 under-mentioned
1251 204 57 20 places
1322 208 19 11 an
1356 204 25 15 fol-

955 223 41 17 lows
1002 223 4 17 :
1011 223 19 17 —■

975 245 34 16 For
1017 245 92 17 Auckland
1117 245 34 17 and
1168 245 121 16 intermediate
1298 245 61 17 Offices
1368 247 23 20 by

955 266 50 21 train,
1015 267 92 22 Mondaj-9,
1125 266 120 21 Wednesdays
1259 265 34 18 and
1310 266 79 23 Fridays,

954 288 10 15 8
972 292 41 12 a.m.

976 308 35 17 For
1018 310 94 21 Tauranga
1120 308 33 17 and
1164 308 25 17 Te
1197 309 54 20 Puke,
1263 309 86 22 Mondays
1356 310 34 15 and

954 327 79 25 Fridays,
1044 332 38 15 0.30
1091 336 40 12 a.m.

975 350 34 17 For
1026 352 73 20 Matata,
1125 352 114 19 Whakatane,
1269 352 62 15 Ohiwa
1356 352 34 16 and

954 372 76 21 Opotiki,
1048 373 90 21 Mondays,
1159 374 38 14 6.30
1215 378 49 14 a.m.,
1281 374 101 19 Thursdays

955 395 37 15 7.30
1000 399 42 15 p.m.

975 414 34 17 For
1017 414 94 21 Atiamuri,
1124 414 97 21 Wairakci,
1236 414 60 23 Taupo
1316 415 71 22 Napier,

954 437 94 20 Tuesdays,
1059 438 38 16 7.30
1105 442 43 15 p.m.

975 455 34 18 For
1015 458 94 19 Atiamuri,
1117 456 88 17 Wairakci
1212 459 33 16 and
1251 458 66 22 Tanpo,
1323 457 54 18 Thurs-

953 477 43 21 days
1003 479 34 15 and
1044 479 100 20 Saturdays,
1156 480 38 16 7.30
1204 485 42 15 p.m.

975 499 34 16 For
1018 499 78 21 Galatea,
1106 500 95 22 Tuesdays,
1213 501 37 18 7.30
1260 507 41 15 p.m.

975 526 140 17 N.B.—Letters
1136 529 103 19 containing
1262 529 87 20 anything
1371 529 19 15 of

954 548 50 16 value
1009 548 63 16 should
1079 549 20 16 be
1105 549 68 17 handed
1188 552 17 14 to
1218 550 30 16 the
1259 550 105 16 Postmaster
1371 552 18 14 to

954 569 20 15 be
982 569 101 20 registered.

975 590 68 17 Letters
1049 591 103 22 containing
1158 593 44 22 coin,
1215 593 14 15 if
1240 592 61 21 posted
1319 591 69 21 linregi*

954 612 52 16 lered.
1025 613 36 15 will
1078 613 20 16 bo
1115 613 122 20 oompulsorily
1249 613 94 20 registered
1356 613 33 15 and

953 633 76 21 charged
1034 634 62 17 doublo
1103 635 112 20 registration
1223 637 33 14 tee.

975 654 36 16 The
1019 655 139 22 Receiving-box
1167 658 18 14 at
1194 656 28 16 Mr
1234 656 70 16 Wake's
1316 655 43 20 shop
1374 655 15 15 is

954 675 65 17 cleared
1027 677 47 21 daily
1082 679 18 14 at
1112 678 9 15 5
1129 682 47 16 p.m.,
1187 680 63 17 except
1258 682 22 10 on
1300 676 87 21 Sundays.

1113 703 25 20 R.
1148 704 25 18 D.
1187 702 120 24 JJANSEY,

1229 734 132 19 Postmaster.

1041 814 249 44 NOTICE.

954 932 195 34 FRANKTON
1174 934 211 33 JUNCTION

1119 976 114 32 HOTEL.

961 1079 196 47 PASSENGERS
1172 1079 27 26 by
1215 1081 53 19 train
1284 1083 20 17 to
1320 1081 58 20 Auok

1142 1107 55 19 land.

951 1201 71 19 Trains
1044 1203 44 24 stop
1109 1203 76 24 twenty
1204 1203 87 18 minutes
1310 1205 22 17 at
1352 1203 35 19 the

996 1227 106 20 Erankton
1111 1228 97 20 Junction
1218 1229 32 19 for
1260 1229 80 19 dinner.

976 1276 42 19 The
1042 1277 138 24 undersigned
1207 1277 38 20 has
1276 1278 44 19 first
1334 1279 51 19 clasj

950 1302 65 19 Meals
1027 1303 63 25 ready
1100 1303 40 19 and
1150 1304 71 19 served
1230 1310 26 13 on
1271 1305 74 19 arrival
1366 1305 21 19 of

950 1328 27 19 ull
990 1329 70 19 trains.

950 1377 218 48 William
1182 1379 200 56 Geatch,

1003 1458 322 26 PROPRIETOR.

949 1567 128 14 •n.<lllut>U*L
1087 1569 11 11 S
1107 1570 32 10 A.

1081 1602 33 16 on
1126 1595 127 26 Draught.

1040 1678 27 31 J.
1089 1678 27 31 F.
1138 1677 160 39 PEATSON,

1077 1741 168 25 FRUITERER,

973 1789 56 20 Next
1038 1789 102 20 Saddlei'a
1150 1790 58 25 ship,
1222 1790 130 25 Ohinemutu,

948 1827 43 19 Has
1001 1828 73 25 always
1088 1835 9 11 a
1107 1828 53 24 good
1183 1829 75 25 supply
1277 1829 21 19 of
1318 1829 64 19 EYcSb

1017 1854 65 24 Emit,
1095 1854 49 19 both
1157 1855 48 18 local
1218 1856 37 18 and
1269 1855 22 19 im-

1076 1881 69 24 ported
1157 1888 25 12 on
1194 1881 59 20 band.

1139 1908 14 18 A
1161 1913 35 14 i.so

949 1933 13 18 A
974 1932 34 20 wel
1019 1933 100 19 -assorted
1131 1934 56 18 stoc-li
1197 1935 21 18 of
1229 1935 21 19 Bi
1263 1935 60 22 cuits,
1331 1935 16 19 C
1356 1942 24 12 »u-

987 1959 110 25 Fectionery
1108 1959 39 19 and
1159 1961 91 19 Summer
1261 1961 84 24 Drinks,

1025 1985 26 20 all
1061 1988 20 16 at
1092 1992 117 14 MODERATE
1222 1993 83 13 PtiICKS.

1058 2053 91 24 JOHN
1168 2052 100 30 HALL,

950 2105 149 24 DAINTER,
1118 2106 228 24 PAPERIIANGER,
1364 2107 17 19 &

947 2128 23 19 A

1063 2158 66 20 SIGN
1133 2158 123 24 WRITER,

982 2279 156 25 KOTORUA
1150 2281 186 24 TOWNSHIP.

1006 2333 133 20 SECTIONS
1152 2334 56 19 EOR
1220 2333 96 21 LEASE.

964 2387 21 21 )
992 2385 73 20 LOCK
1079 2385 36 24 IV,
1126 2386 62 19 Town
1205 2387 21 17 of
1244 2386 97 25 Rotonta,
1363 2387 17 19 is

964 2411 24 20 J
1018 2411 130 20 sub-divided
1173 2413 43 18 into
1237 2413 86 19 sections
1348 2413 32 19 for

943 2439 53 18 lease
1006 2438 32 19 for
1046 2439 24 18 94
1082 2444 65 19 years.
1178 2439 83 19 Rentals
1276 2439 55 19 fixed
1347 2439 33 19 for

943 2464 35 19 the
999 2464 65 19 whole
1089 2464 76 25 period.
1206 2465 56 19 Well
1284 2465 94 23 situated,

943 2490 56 25 large
1010 2490 91 23 sections,
1115 2490 41 19 and
1169 2490 89 20 suitable
1274 2491 33 19 for
1323 2491 44 20 busi-

943 2523 46 12 ness
1000 2523 22 12 or
1032 2516 102 19 residence
1150 2517 49 18 sites
1215 2518 48 18 with
1284 2517 94 25 splendid

943 2542 61 19 views
1014 2543 40 18 and
1065 2542 53 26 good
1128 2542 94 26 position.
1236 2543 41 19 Eor
1287 2544 92 24 particu*

942 2568 41 19 lars
995 2568 63 26 apply

1129 2595 23 16 F.
1166 2595 21 17 B.
1203 2594 81 21 SCOTT,

1241 2618 91 18 Rotoma.

1009 2646 21 12 or
1038 2641 133 17 WYNYARD
1182 2642 14 16 &
1206 2641 125 21 PURCIIAS,

966 2669 76 22 Temple
1051 2669 108 20 Chambers,
1166 2669 54 22 High
1227 2669 34 21 St.,
1272 2669 106 17 Auckland.

1023 2732 23 22 S.
1075 2729 223 31 HOWARD,

1086 2766 140 21 ROTORUA.

943 2801 21 19 Is
988 2808 46 12 now
1058 2802 89 25 opening
1169 2808 28 19 up
1222 2803 52 19 New
1296 2803 84 19 Winter

1030 2827 93 26 Drapery
1134 2828 41 18 and
1184 2828 104 25 Clothing.

969 2877 47 21 Pull
1027 2885 63 19 range
1104 2879 20 20 of
1143 2880 40 20 this
1201 2880 95 20 Season's
1315 2881 64 19 Dress

943 2904 73 20 Goods.

944 2992 98 47 Ehr
1045 2994 191 46 enfried
1255 2995 123 46 Bros

1087 3073 143 25 BREWERS,

1023 3114 110 21 ALBERT
1148 3115 150 26 BREWERY,

965 3155 221 27 QUEEN-STREET,
1200 3158 160 21 AUCKLAND

966 3218 66 16 WINK
1046 3219 49 14 AVD
1107 3219 80 15 SPIRTr
1199 3219 156 22 MERCHANTS,

987 3245 123 17 BOTTLERS
1122 3246 51 16 AND
1190 3246 145 23 IMPORTERS,

1030 3273 27 19 43,
1071 3278 132 12 Qr/KKM-STEEKr
1220 3279 70 12 WIIABF.

1037 3324 51 11 PniZE
1098 3325 60 11 MEDAL
1169 3326 35 11 AND
1216 3326 71 13 AWABD3

945 3354 24 16 At
978 3354 28 16 the
1020 3354 89 21 following
1127 3355 112 17 Exhibitions
1254 3356 27 16 for
1290 3362 31 11 our
1330 3357 39 16 well-

1040 3376 62 15 known
1115 3376 46 16 Bulk
1169 3377 33 15 and
1212 3377 67 16 Bottled

1059 3401 48 16 ALE
1119 3402 50 15 AND
1182 3401 85 18 STOUT:

945 3431 70 20 Sydnoy
1023 3430 125 17 International
1157 3431 107 19 Exhibition,
1276 3433 48 17 1579.

946 3451 101 16 Melbourne
1055 3451 127 17 International
1190 3453 105 20 Exhibition,
1307 3455 70 16 18S0-81

945 3473 44 16 New
995 3472 74 16 Zealand
1077 3472 207 23 IndustrialEtlub.tion,
1289 3474 77 21 Welling-

989 3495 35 18 ton,
1036 3495 46 15 IBSO.

945 3515 44 17 New
1008 3515 74 17 Zealand
1097 3516 34 16 and
1145 3518 54 15 Smth
1211 3517 41 17 SeaM
1269 3518 110 16 Exhibition.

989 3537 86 16 Duncdin.
1086 3537 79 18 188U-90.

945 3558 22 16 In
975 3558 78 16 addition
1060 3560 18 14 to
1088 3559 53 16 above
1149 3560 43 15 have
1210 3560 42 15 beun
1267 3561 80 15 awarded
1361 3562 17 15 at

988 3579 105 17 Tasrnanian
1124 3581 108 19 Exhibition,
1260 3581 117 20 Lmuoestou,

990 3601 79 16 1891-92.

1032 3626 57 17 FIVE
1100 3627 71 16 FIRST
1187 3627 104 17 AWARDS

1147 3656 34 13 For

946 3678 67 17 BULK
1024 3678 110 17 BOTHjED
1150 3679 46 17 ALE
1203 3681 5 14 \
1227 3680 50 16 AND
1300 3680 80 17 STOUT

975 3788 64 24 Gold
1051 3789 87 25 Medal
1148 3791 28 23 of
1185 3792 168 23 Australasia

1055 3823 71 13 AOAIKBT
1136 3826 98 12 ALLCOMEBS
1246 3827 33 11 FOB

947 3845 95 24 BULK
1055 3845 71 24 AND
1146 3847 150 25 BOTTLED
1314 3849 67 25 ALE

1041 3910 73 21 Having
1122 3916 10 11 a
1139 3911 57 21 Largo
1204 3913 51 15 Stock
1264 3914 18 16 of

1059 3941 49 15 ALE
1119 3941 51 16 AND
1182 3941 83 21 STOUT,

948 3970 69 18 Bottled
1024 3971 18 17 in
1050 3974 52 19 quart
1111 3972 34 17 and
1160 3972 39 21 pint
1213 3973 67 18 bottle*,
1298 3974 83 21 specially

948 3993 67 15 brewed
1023 3993 26 16 for
1057 3993 30 17 tho
1095 3998 74 12 summer
1178 3994 54 19 trade,
1244 3995 56 15 which
1307 4000 28 10 are
1343 4000 39 12 now

948 4014 104 21 thoroughly
1060 4015 85 20 matured,
1159 4020 32 11 nan
1204 4015 44 16 with
1262 4021 50 15 every
1326 4017 45 15 confi-

948 4035 52 16 dence
1011 4036 107 16 recommend
1134 4042 46 10 same
1196 4038 18 14 to
1227 4042 120 12 connoisseurs
1363 4043 18 11 as

948 4056 61 17 second
1017 4057 18 16 to
1042 4061 45 12 none
1095 4057 19 16 in
1123 4057 29 17 tho
1161 4057 71 22 Golony.

1559 103 56 19 FOR
1630 103 76 20 SALE.

1429 155 13 18 A
1472 153 79 21 FARM
1561 155 21 19 of
1599 157 25 18 89
1646 162 62 17 acres,
1729 155 51 19 -with
1799 155 49 19 milk

1484 188 39 12 run
1531 181 40 19 and
1579 188 58 16 cows,
1648 181 23 19 in
1681 181 94 25 woiking
1783 182 65 18 order.

1413 207 94 24 —Apply
1517 210 21 16 to

1563 231 76 21 JOHN
1653 232 142 20 DALBETH.

1544 284 64 23 FOR
1627 283 88 25 SALE.

1480 363 94 25 —Apply
1585 365 20 16 to

1629 388 35 21 W;
1674 388 121 19 SEDDON.

1412 441 119 23 Election
1541 440 27 23 of
1580 440 92 23 School
1688 440 158 23 Committee.

1416 494 46 45 A
1477 492 129 19 MEETING
1615 492 22 19 of
1648 492 34 18 the
1693 492 154 19 Householders

1491 519 21 19 of
1522 518 34 20 the
1566 518 92 19 Rotorua
1668 518 74 19 School
1756 518 89 23 District,

1413 546 40 18 will
1464 546 24 18 be
1498 544 47 20 held
1555 550 26 13 on.
1596 544 99 23 Monday,
1710 544 32 19 '22
1742 544 22 19 nd
1781 544 64 25 April,

1415 572 54 23 1895,
1481 574 20 16 at
1513 572 44 17 7.30
1568 576 54 19 p.m.,
1637 572 21 17 at
1669 570 35 19 the
1714 570 79 19 School.

1411 883 209 48 HANC
1636 884 38 43 O
1690 883 34 44 C
1740 883 45 43 K
1801 884 28 43 S

1533 956 185 22 CELEBRATED

1541 1134 56 13 MADE
1607 1134 55 14 FROM
1672 1134 40 12 THE

1411 1178 116 33 FINEST
1554 1176 87 35 [MIT
1664 1178 63 32 AND
1745 1177 97 37 HOPS,

1449 1275 51 12 EUEE
1514 1274 54 13 ITIOM
1581 1274 38 13 ALL
1634 1273 128 14 AXTISEI'TICS
1775 1273 25 13 01!

1516 1312 138 12 DELETERIOUS
1674 1312 46 12 ACID

1411 1372 138 34 CAPTAIN
1571 1374 84 32 COOK
1673 1372 169 39 BREWERY,

1514 1433 194 18 NEWMARKET.

1013 4170 101 41 Ask
1139 4171 72 41 for
1236 4173 264 42 Hancock's
1526 4176 280 42 Celebrated
1831 4179 191 41 XXXX
2047 4180 118 40 Ales
2192 4183 96 37 and
2314 4181 149 39 Stout.

2323 4008 89 16 Hudson's
2419 4008 94 16 celebrated
2528 4006 81 16 Duneiin
2623 4006 75 16 Biscuits
2711 4012 30 10 con-

2323 4029 61 21 sisting
2392 4030 18 15 of
2420 4029 55 19 Wme,
2485 4027 91 18 Whoaten,
2592 4027 61 16 W.iter
2661 4027 89 20 Crackers,

2323 4051 65 18 Lunch,
2397 4051 98 15 Arrowroot
2504 4048 35 16 and
2551 4048 45 16 Milk
2604 4048 3 22 ;
2621 4049 35 15 also
2669 4054 10 11 a
2686 4049 65 21 supply

2322 4072 17 15 of
2347 4071 94 21 Boynold'B
2455 4070 75 21 Factory
2546 4071 66 16 .Butter.
2615 4069 52 18 —W.
2676 4070 75 21 Bog&ra.

2323 4091 71 22 [Advt.]

2781 4047 441 63 dsfdas
