3280 4290
145 111 72 36 The
229 108 87 37 Thin
339 106 82 37 End.

97 181 4 32 '
110 192 25 19 So
153 189 47 24 they
214 193 36 17 say
259 185 39 19 I'm
312 186 33 17 too
360 181 61 21 much
436 181 51 19 abou

71 218 48 21 with
127 214 85 26 Captain
220 213 78 19 Burton
308 210 14 19 ?'

97 238 4 27 '
108 242 45 23 Yes,
165 240 47 24 they
222 238 39 20 do.'

98 268 43 19 'Do
150 267 47 19 thev
207 272 22 12 sa
230 271 12 8 v
256 263 39 19 I'm
313 264 32 17 too
363 261 59 18 much
436 261 51 17 abou

71 295 48 22 with
127 299 40 19 you
176 291 14 20 ?'

98 323 5 10 '
110 318 86 22 N—no.'
360 338 5 4 .
404 337 5 8 ,

97 340 4 26 '
109 346 56 20 Then
174 344 12 19 I
195 343 33 19 do.
238 340 56 21 Good
302 344 100 18 morning.

190 369 40 19 I'm
261 367 12 19 d
326 364 34 19 d!'
392 363 105 20 remarked

71 399 94 21 Graham,
176 402 22 13 as
207 395 35 18 she
247 391 88 22 wheeled
344 390 36 19 her
390 390 58 18 horse
458 389 39 19 and

70 423 93 22 cantered
185 421 28 20 off
231 421 21 18 in
265 418 54 25 quite
338 416 83 19 another
435 415 52 19 direc-

70 452 49 19 tion.
146 448 88 20 Graham
251 442 88 26 dropped
348 442 32 18 his
399 441 95 25 eyeglass,

71 477 68 23 seeing
148 482 12 12 a
170 472 51 28 good
239 469 43 20 deal
301 469 65 18 better
379 468 85 19 without
474 468 22 22 it,

71 503 39 20 and
129 499 76 27 slipped
225 496 31 20 his
272 495 41 19 feet
326 494 59 19 down
407 493 42 19 into
462 493 35 19 the

71 529 90 23 stirrups.
186 525 60 19 Later
268 528 26 12 on
315 520 22 19 in
353 519 34 19 the
410 519 39 24 day
471 519 25 18 he

72 553 93 22 observed
174 554 19 16 to
204 556 11 12 a
228 547 66 19 friend
312 548 21 17 at
346 545 35 19 the
397 545 45 19 club
452 545 44 18 that

71 582 26 19 he
106 578 63 21 didn't
178 572 121 23 understand
310 577 82 14 women.

99 606 65 19 'Then
185 601 70 26 you've
277 599 52 19 boon
350 597 74 24 trying,
447 602 49 19 poor

71 629 93 26 beggar!'
178 625 75 27 replied
262 624 34 20 the
305 623 73 19 friend.

97 657 44 20 Ella
159 652 115 22 Glendower
299 649 94 19 cantered
414 655 32 17 on,
461 648 34 19 the

72 688 75 15 corners
165 679 20 19 of
195 679 37 18 her
250 675 70 21 mouth
334 674 83 25 slightly
427 674 68 19 drawn

72 709 55 23 back,
150 705 39 20 and
199 704 37 18 her
254 708 45 19 eyes
313 701 82 24 looking
409 700 86 24 straight

71 736 88 19 between
167 731 36 19 her
217 728 75 20 horse's
311 733 48 16 ears,
371 733 21 12 so
406 726 45 18 that
459 726 36 18 she

71 761 33 20 did
125 761 35 17 not
181 762 32 13 see
236 753 85 27 Captain
343 752 83 23 Burton,
450 752 44 19 who

70 783 104 28 happened
182 785 21 16 to
212 782 25 18 bo
243 780 79 24 coming
331 778 21 19 in
360 778 35 18 the
404 777 90 25 opposite

70 811 99 21 direction,
180 808 31 19 till
223 807 35 19 she
268 811 40 14 was
317 804 51 19 close
382 810 54 19 upon
445 803 48 19 him.

70 838 32 20 Ho
112 835 64 21 raised
190 834 31 19 bis
231 833 41 21 hat,
284 830 40 20 and
332 830 63 24 really
404 829 34 19 did
447 829 46 19 look

69 870 21 14 as
112 863 16 18 if
145 862 25 18 bo
184 859 41 20 had
238 860 34 17 not
290 863 47 12 seen
354 856 37 18 her
408 855 85 24 coming.

68 890 45 20 You
127 894 33 13 see
177 886 25 19 he
216 891 40 12 was
276 882 98 26 prepared
397 881 48 19 With
459 881 34 19 the

68 915 54 25 right
131 911 119 27 expression.
278 909 39 19 She
329 907 68 26 pulled
407 914 32 18 up.

94 933 4 31 '
106 938 84 26 Captain
212 935 91 22 Burton,'
336 934 35 19 she
393 933 43 19 said
459 933 34 24 (he

67 966 86 25 thought
162 964 33 19 the
214 968 58 14 name
289 959 93 26 acquired
392 965 11 13 a
419 959 74 19 certain

67 994 104 20 sweetness
181 990 19 18 of
208 987 78 25 sound),
308 985 4 29 '
320 992 40 19 you
370 985 60 19 asked
440 991 32 13 me
482 988 15 16 aJ

68 1018 91 26 question
167 1016 38 19 last
214 1014 64 24 night.
306 1012 42 19 The
365 1017 75 13 answer
450 1017 41 12 is—

66 1046 33 19 Ah
110 1036 3 32 !
128 1049 39 19 you
173 1041 52 19 shall
238 1040 51 18 havo
298 1038 16 18 it
321 1037 101 25 to-night.'
450 1036 42 19 The

67 1076 77 15 corners
153 1068 21 20 of
190 1067 37 19 her
236 1064 69 20 mouth
324 1070 50 13 were
389 1062 54 25 rpiite
453 1063 39 18 soft

67 1096 65 26 again,
152 1093 39 20 and
214 1098 11 13 a
244 1091 52 19 little
309 1089 61 20 blush
392 1089 66 25 began
472 1091 19 16 to

66 1111 96 35 climb'up
171 1126 24 13 on
205 1119 37 18 her
251 1116 76 24 cheeks,
342 1116 62 19 where
413 1115 16 18 it
439 1116 52 17 must

65 1150 52 20 boon
125 1148 74 23 happy.
404 1166 5 5 ,

92 1168 4 29 '
105 1170 119 27 To-night'?'
239 1170 33 19 Ho
284 1170 37 24 put
337 1169 35 18 out
389 1168 31 17 his
430 1168 59 22 hand,

66 1208 22 13 as
98 1200 34 20 she
143 1204 38 14 was
190 1196 82 24 moving
280 1194 34 19 off.

94 1226 52 19 'Yes
153 1218 4 27 -
160 1218 4 27 '
180 1222 43 23 and,
244 1227 21 13 as
286 1220 15 19 if
319 1220 35 18 she
377 1218 57 19 could
456 1220 35 17 not

65 1253 47 24 help
134 1251 21 23 it,
179 1249 35 19 she
235 1247 42 26 just
299 1245 85 20 touched
408 1244 16 19 it
442 1244 48 19 with

65 1279 60 20 her's.

92 1298 4 25 '
103 1303 52 20 That
164 1302 17 19 is
190 1303 20 17 to
219 1300 25 19 be
254 1299 33 18 the
295 1303 77 14 answer

91 1330 40 19 Sho
146 1326 72 21 turned
235 1326 36 18 her
284 1323 58 24 head,
362 1323 40 19 and
418 1329 50 19 gavo
479 1329 10 13 a

66 1356 58 26 quick
141 1354 68 25 glance
225 1357 47 13 over
284 1350 36 19 her
343 1349 98 19 shoulder.
469 1348 20 20 It

65 1380 76 23 seemed
150 1382 20 17 to
179 1379 26 19 be
214 1376 80 25 enough
310 1376 31 18 for
350 1375 48 22 him,
415 1375 39 19 and
464 1375 25 19 lie

66 1405 111 24 astonished
192 1404 31 20 his
232 1403 58 19 horse
308 1401 28 24 by
350 1401 69 24 giving
426 1400 42 20 him
479 1408 10 12 a

65 1434 74 21 sudden
148 1432 36 25 dig
192 1429 48 21 with
253 1429 33 19 the
294 1434 53 18 spur,
357 1427 65 19 which
431 1427 58 19 made

65 1461 43 20 that
117 1456 95 27 outraged
231 1453 74 21 animal
322 1455 55 17 snort
391 1453 39 19 and
439 1455 49 17 start

66 1487 26 20 off
112 1484 48 21 with
182 1490 11 12 a
215 1480 66 20 bound
301 1479 72 19 almost
395 1479 93 25 vigorous

65 1510 78 27 enough
152 1512 20 18 to
185 1513 80 21 express
275 1506 33 19 the
317 1505 70 19 rider's
397 1505 90 26 feelings.

91 1538 50 20 That
150 1535 109 21 afternoon,
278 1534 20 17 at
318 1538 24 13 an
355 1531 39 20 'At
407 1531 80 24 Home,'

66 1564 84 22 Graham
159 1561 40 21 had
212 1566 12 13 a
233 1559 43 19 talk
293 1557 48 21 with
355 1557 56 25 Lady
421 1557 66 25 Tapir,

65 1591 45 22 Ella
124 1585 131 25 Glendower's
274 1586 54 18 aunt.
356 1582 39 21 She
405 1589 40 14 was
455 1584 33 19 the

66 1619 5 13 •
77 1617 54 25 They
140 1609 4 33 '
155 1613 42 22 who
214 1611 40 21 hud
264 1613 34 23 got
307 1610 41 19 him
358 1610 42 19 into
410 1609 78 20 trouble

66 1643 47 23 with
122 1642 32 20 the
164 1644 66 22 young
239 1637 52 26 lady.

91 1663 3 27 <
105 1669 11 21 I
133 1666 41 22 told
187 1665 39 24 her,
247 1670 39 20 you
302 1663 64 23 know,
394 1663 43 20 said
455 1663 31 24 he,

65 1695 93 24 Screwing
167 1693 21 19 in
196 1691 31 21 bis
239 1688 95 28 eyeglass,
347 1695 20 14 as
378 1688 15 20 if
404 1688 24 21 ho
437 1695 50 14 were

66 1721 77 28 glazing
165 1719 30 20 his
218 1717 57 23 head,
296 1715 3 34 '
311 1715 11 19 I
336 1715 42 20 told
395 1716 36 19 her
444 1715 44 20 that

66 1750 33 20 she
112 1745 62 27 ought
191 1749 34 15 not
244 1746 19 16 to
279 1749 25 19 go
319 1742 62 19 about
394 1749 21 12 so
429 1741 58 20 much

65 1775 47 21 frith
121 1771 83 27 Captain
213 1770 140 24 Burton---put
362 1768 21 19 in
401 1768 34 19 the
444 1767 43 20 thin

66 1801 37 21 end
112 1800 20 20 of
141 1800 33 18 the
185 1796 73 26 wedge,
277 1802 21 12 as
316 1801 38 18 you
369 1794 42 20 told
420 1800 31 14 mo
460 1796 26 22 to,

65 1832 38 22 you
112 1824 69 21 know.'
235 1824 3 30 t

92 1846 4 25 '
104 1851 44 20 And
158 1851 53 19 what
220 1847 34 20 did
264 1847 34 20 sho
308 1853 35 18 say
353 1846 13 19 ?'

91 1873 4 25 '
105 1877 66 21 Asked
190 1881 31 14 me
235 1874 16 19 if
270 1873 35 20 sho
319 1873 42 19 said
379 1873 35 19 sho
435 1874 53 18 went

65 1904 61 22 about
142 1905 31 18 too
183 1901 59 20 much
258 1899 100 20 withme.
385 1898 61 20 Don't
456 1905 31 13 see

65 1932 52 20 what
126 1930 43 19 that
177 1928 41 19 had
227 1928 20 17 to
257 1926 25 19 do
291 1924 50 21 with
350 1924 28 20 it.'

91 1950 4 26 '
103 1954 55 22 Then
167 1954 54 20 what
230 1952 34 19 did
272 1952 35 19 sho
317 1950 57 26 say?'

91 1975 4 30 '
103 1982 47 20 Said
159 1980 47 25 thoy
221 1978 64 26 ought
292 1979 70 17 to—or
372 1977 34 19 sho
416 1975 40 26 did,
467 1984 21 12 or

64 2008 117 24 something.
209 2005 96 24 Anyhow,
317 2002 35 21 sho
361 2003 81 20 bolted.'

89 2029 4 26 '
103 2034 33 21 Ah
145 2033 5 20 !
164 2032 48 20 then
221 2031 16 19 it
246 2030 41 20 had.
305 2036 54 13 some
378 2029 63 19 effect.
467 2029 22 19 It

64 2061 64 22 would
138 2065 58 14 never
200 2054 32 29 do.
260 2057 21 19 Is
288 2055 45 20 that
342 2056 43 18 Mrs
389 2055 35 19 Trc
429 2054 60 27 iegar

63 2088 12 21 I
89 2093 31 14 sco
140 2085 78 24 talking
240 2085 20 17 to
274 2082 33 19 Mr
324 2081 56 20 Fane
389 2081 9 19 ?
411 2081 11 19 I
436 2085 52 15 must

61 2114 62 24 yeaHy
132 2111 61 26 speak
202 2112 20 16 to
231 2107 50 21 her.'

87 2140 63 19 Thorc
160 2142 39 14 was
210 2141 11 13 a
236 2134 61 19 dance
315 2133 44 19 that
373 2133 85 24 evening
468 2136 20 16 at

61 2166 43 21 Mrs
126 2160 132 26 Hortleigh's.
284 2159 33 19 Mr
342 2159 88 19 Graham
448 2165 40 13 was

62 2193 61 21 there,
141 2190 32 18 for
192 2188 26 18 lie
232 2187 57 19 know
307 2185 50 19 Miss
371 2185 118 19 Glendower

63 2224 40 15 was
110 2219 20 17 to
139 2215 26 19 be
178 2215 85 25 present.
292 2212 20 19 It
321 2218 39 13 was
378 2217 53 13 somo
441 2211 47 19 time

63 2245 68 20 before
140 2242 25 18 ho
174 2239 58 20 could
244 2238 41 19 iiud
294 2238 42 23 her,
348 2237 36 20 and
396 2237 58 19 when
463 2237 25 19 lie

65 2271 33 19 did
107 2269 34 19 sho
150 2273 40 14 was
197 2265 49 20 with
252 2264 85 26 Captain
345 2264 82 18 Burton.
455 2262 33 20 Ho

65 2295 59 22 asked
137 2294 31 19 for
185 2299 11 12 a
213 2291 67 23 dance,
296 2290 77 25 though
383 2289 25 19 ho
416 2289 72 25 hardly

66 2320 91 27 expected
170 2321 20 17 to
209 2319 33 24 get
261 2323 36 13 one
305 2316 4 31 ;
324 2316 37 19 but
374 2316 27 19 ho
409 2321 47 18 was,
467 2321 21 13 as

66 2349 25 19 ho
100 2344 102 28 expressed
212 2344 21 24 it,
244 2350 11 12 a
274 2342 52 26 good
340 2342 44 19 deal
403 2347 51 19 gone
463 2348 25 12 on

65 2375 41 19 her.
133 2372 38 20 She
179 2370 75 24 readily
264 2375 51 19 gave
324 2368 42 19 him
376 2368 33 18 tho
420 2368 67 24 dance,

66 2400 39 21 and
112 2399 25 19 ho
146 2398 46 19 took
201 2396 17 19 it
227 2402 21 12 as
263 2401 12 12 a
281 2394 58 26 proof
350 2394 19 19 of
383 2394 105 19 contrition

65 2434 25 13 on
103 2426 34 19 her
154 2426 52 24 part.
232 2421 49 20 This
294 2420 35 19 did
347 2422 34 17 not
400 2420 88 19 astonish

64 2453 41 20 him
122 2452 19 19 in
151 2450 33 19 the
201 2448 57 19 least.
286 2446 33 20 He
333 2446 96 20 reasoned
444 2446 45 19 that

65 2479 34 20 sho
108 2476 63 21 would
180 2472 154 27 uaturallywish
343 2474 20 18 to
373 2472 54 20 boon
437 2472 51 25 good

65 2508 58 17 terms
132 2502 47 21 with
189 2508 11 13 a
218 2507 47 12 man
275 2499 20 19 of
312 2499 33 19 his
358 2499 92 25 peisonal
460 2500 19 18 at-

65 2530 90 21 tractions
165 2528 39 19 and
218 2527 100 25 property,
338 2525 39 19 and
390 2525 47 24 only
446 2531 31 13 sus-

65 2556 68 26 pected
141 2555 33 18 she
190 2553 66 24 might
265 2551 47 19 hold
331 2553 35 17 out
383 2553 20 17 to
418 2553 69 17 attract

66 2584 40 19 bim
127 2582 33 19 the
190 2585 60 14 more.
291 2577 42 19 The
356 2583 92 19 presenco
469 2577 20 19 of

67 2608 81 26 Captain
166 2607 77 19 Burton
261 2610 46 17 was,
323 2603 20 19 of
362 2609 73 18 course,
455 2609 23 13 an-

67 2636 54 19 other
127 2634 47 19 lure.
200 2631 35 20 Ho
248 2637 40 13 saw
298 2629 89 25 through
401 2629 26 19 all
446 2629 43 19 that

67 2663 38 18 sort
115 2660 19 20 of
143 2660 62 23 thing,
217 2657 57 19 don't
281 2662 41 19 you
330 2655 65 19 know.

93 2681 4 30 '
105 2686 57 25 Hope
184 2690 39 21 you
250 2682 82 20 weren't
355 2681 92 26 annoyed
470 2683 19 17 at

66 2714 52 19 what
139 2712 11 19 I
176 2710 43 20 said
249 2709 40 19 this
317 2708 98 25 morning,
439 2707 51 19 Miss

67 2739 113 21 Glendower
189 2737 13 19 ?'

93 2765 52 19 'Not
166 2764 21 19 in
209 2762 34 19 the
256 2761 56 19 least.
340 2760 21 19 It
383 2767 41 13 was
442 2767 48 18 very

67 2792 47 21 kind
123 2791 20 19 of
153 2796 43 19 you,
216 2788 38 19 I'm
273 2794 51 13 sure.
352 2786 46 19 You
413 2786 34 19 did
457 2786 33 19 the

66 2819 43 19 best
118 2823 37 19 you
165 2815 62 23 could,
237 2815 11 19 I
258 2814 64 23 know,
335 2813 39 19 and
380 2819 40 19 you
427 2812 64 19 didn't

67 2845 56 21 know
133 2849 37 18 any
175 2842 71 22 better,
257 2840 34 19 did
300 2846 41 18 you
351 2838 13 21 ?'

94 2865 4 29 '
107 2870 37 24 No,
154 2867 71 21 indeed
242 2866 12 20 I
274 2866 68 23 didn't,
362 2865 50 19 Miss
432 2865 48 19 Glen-

67 2898 69 20 dower.
163 2895 20 19 If
192 2894 32 19 I'd
233 2892 88 25 thought
334 2892 16 18 it
365 2892 66 19 would
440 2892 51 18 have

66 2924 37 20 lost
120 2928 30 14 me
165 2928 11 13 a
194 2920 75 19 minute
283 2918 21 19 of
317 2924 51 19 your
381 2918 79 24 society,
480 2917 11 19 I

67 2948 93 22 wouldn't
169 2947 50 20 have
226 2946 51 19 done
281 2945 21 22 it,
311 2951 40 17 you
358 2944 72 19 know.'
458 2943 33 19 He

67 2974 111 22 considered
196 2972 40 21 this
253 2971 69 19 rather
335 2970 46 19 well
394 2971 41 25 put,
453 2970 38 18 and

67 3001 27 21 let
103 3001 31 20 his
143 3000 88 25 eyeglass
249 2997 37 20 fall
295 2997 21 18 in
325 2996 32 19 his
368 2996 123 19 excitement.

94 3022 4 28 '
106 3027 11 20 I
126 3026 63 23 think,
207 3024 93 26 perhaps,
310 3029 40 19 you
368 3029 52 12 were
430 3022 60 25 right,

68 3054 39 20 and
115 3054 43 18 that
167 3052 11 19 I
187 3057 40 14 was
239 3053 32 16 too
281 3049 59 20 much
350 3048 48 20 with
408 3048 84 25 Captain

68 3081 75 20 Burton
143 3078 46 19 —in
202 3077 35 19 tho
246 3076 158 19 circumstances.
431 3074 41 20 But
481 3074 12 20 I

69 3106 50 20 have
128 3103 89 26 changed
228 3102 26 20 all
264 3102 44 19 that
317 3101 57 20 now.'

96 3127 4 29 '
107 3132 40 19 Yes
155 3127 4 29 ;
174 3130 54 26 quite
237 3128 61 26 right,
313 3134 41 19 you
362 3127 64 24 know,
438 3127 55 26 quito

68 3157 66 27 right.'

96 3186 5 10 '
111 3184 55 19 Then
174 3189 40 19 you
232 3187 87 20 approve
329 3181 21 19 of
359 3181 54 19 what
422 3181 10 18 I
442 3180 52 19 have

71 3210 54 24 done,
136 3210 24 19 do
169 3215 39 19 you
218 3210 34 18 not
258 3214 14 13 r

98 3239 5 9 '
111 3236 36 24 Oh,
157 3234 100 25 certainly,
269 3234 55 19 don't
332 3240 41 19 you
379 3233 65 24 know,
456 3232 39 20 and

72 3262 27 21 all
107 3262 48 20 that.
182 3260 93 21 Couldn't
287 3260 25 19 do
331 3260 99 25 anything
448 3259 45 24 else,

70 3288 48 20 fib?'

100 3311 4 28 1
111 3315 69 19 Thank
190 3320 38 19 you
239 3311 4 28 ;
257 3313 12 19 I
278 3313 58 19 knew
346 3318 40 19 you
395 3311 66 20 would
470 3311 25 19 be

73 3341 54 20 kind.
152 3340 55 24 Now,
218 3340 12 18 I
241 3340 52 18 want
303 3346 40 17 you
361 3341 20 16 to
399 3338 24 19 do
434 3344 49 12 some-

75 3367 57 25 thing
141 3367 30 18 for
179 3373 38 13 me.
244 3365 10 19 1
265 3367 53 17 want
336 3371 40 18 you
389 3366 20 16 to
418 3363 35 20 toll
463 3370 33 18 my

75 3395 53 21 aunt,
148 3392 54 25 Lady
220 3391 66 26 Tapir.
313 3391 48 19 You
373 3389 47 26 will,
436 3389 60 20 won't

73 3424 39 21 you
119 3418 14 19 ?'

103 3442 4 27 4
114 3444 59 24 Well,
183 3450 39 19 you
239 3443 64 24 know,
314 3443 36 19 she
365 3442 42 20 told
420 3448 31 14 mo
461 3442 34 19 to.'

101 3469 4 20 4
114 3470 104 19 To—what
225 3469 14 19 ?'

101 3497 5 11 4
114 3497 27 18 To
150 3496 33 20 toll
192 3502 44 18 you,
247 3496 25 19 eh
281 3495 15 21 ?'

101 3522 49 23 'Oh,
169 3522 48 20 well,
232 3522 66 27 please
315 3522 36 19 tell
364 3522 36 19 her
417 3522 44 19 that
470 3527 26 12 no

75 3555 37 14 ono
123 3548 39 19 will
179 3554 34 18 say
222 3548 20 19 in
258 3548 67 21 future
338 3548 45 19 that
396 3548 12 19 I
421 3554 33 13 am
463 3549 32 17 too

74 3574 59 21 much
141 3573 47 20 with
197 3574 84 24 Captain
289 3574 91 21 Burton,'

104 3599 4 25 '
117 3600 66 19 That's
204 3599 28 19 all
253 3606 51 17 over,
328 3600 115 24 then—yes,
475 3599 21 19 of

75 3632 68 14 course
159 3625 13 19 I
184 3625 45 20 will.
256 3625 37 19 It's
311 3626 62 24 going
386 3628 20 16 to
421 3625 26 20 bo
463 3632 33 18 my

75 3654 47 18 turn
135 3657 48 17 now,
202 3651 25 18 eh
236 3652 9 19 ?
260 3651 38 20 She
312 3652 74 24 always
399 3652 96 19 favoured

73 3684 37 15 me.
122 3683 38 19 you
171 3677 68 19 know.'

101 3703 4 25 4
112 3703 104 20 Favoured
232 3709 38 19 you
280 3703 7 19 ?
301 3703 31 20 Oh
342 3704 5 19 !
361 3704 47 24 Yes,
422 3703 34 20 I'll
471 3704 25 19 do

73 3730 28 20 all
119 3730 12 18 I
148 3736 35 12 can
197 3729 30 19 for
248 3736 39 20 you
307 3730 48 19 with
374 3730 42 19 her.
443 3729 52 20 How

73 3758 64 19 secret
146 3761 39 19 you
194 3755 49 19 have
253 3755 45 26 kept
307 3756 21 23 it,
347 3756 33 20 Mr
394 3756 101 19 Graham.'

101 3784 5 9 4
115 3782 40 19 She
164 3780 41 20 told
217 3787 30 13 me
253 3783 26 17 to.
304 3781 21 19 It
333 3782 71 19 wasn't
413 3788 38 19 any
461 3789 35 13 use

73 3816 22 13 as
104 3809 49 24 long
162 3813 22 13 as
194 3806 75 19 Burton
278 3814 39 12 was
334 3808 108 19 about—so
461 3809 35 19 sho

73 3835 51 23 said,
134 3834 39 20 but
181 3832 33 20 it's
228 3832 27 19 all
271 3832 53 25 right
337 3840 50 14 now.
414 3835 20 18 It
442 3834 18 19 is
469 3835 26 19 all

72 3861 62 26 right,
145 3859 26 20 eh
180 3859 15 19 ?'

99 3887 47 19 You
154 3886 60 19 know
227 3884 50 24 best,
297 3885 20 18 of
330 3892 72 14 course.
429 3887 12 19 I
449 3894 46 18 may

71 3912 138 26 congratulate
220 3917 34 19 my
263 3913 48 17 aunt
320 3911 15 19 ?'

97 3943 5 9 4
109 3940 33 19 Eh
152 3939 16 21 ?'

98 3969 5 10 4
110 3965 146 27 Congratulate
269 3970 34 18 my
319 3966 48 17 aunt
385 3972 24 12 on
418 3966 35 19 her
463 3972 22 13 en-

69 3995 114 27 gagement.
211 3990 13 14 *
250 3990 13 13 *
289 3990 12 13 *
327 3990 46 19 You
401 3991 40 19 will
470 3992 26 18 be

68 4028 48 19 very
125 4021 74 25 happy,
209 4017 41 20 I'm
269 4022 52 17 sure,
339 4016 39 19 and
390 4023 38 18 you
437 4017 58 20 know

68 4054 40 19 you.
125 4047 52 19 have
191 4051 35 19 my
239 4043 45 20 best
298 4042 40 19 and
355 4044 51 17 most
423 4043 73 20 sincero

68 4072 85 22 wishes.'

93 4100 65 19 There
167 4104 41 14 was
217 4104 12 13 a
247 4096 67 26 gleam
332 4094 22 19 in
366 4094 32 19 his
408 4094 87 25 eyeglass

68 4132 23 18 &a
99 4126 35 22 she
143 4123 110 27 glancedat
260 4122 48 21 him.
337 4120 40 21 She
386 4120 58 21 knew
452 4120 44 21 how

516 102 114 24 dangerous
648 107 12 12 a
677 100 42 19 fool
733 107 37 12 can
792 100 31 21 be,
840 101 40 19 and
903 101 44 19 how

517 127 120 26 impervious
645 128 20 17 to
674 126 55 19 hints
738 126 57 19 when
799 133 54 12 bome
858 127 89 20 accident

515 154 38 19 has
562 154 61 24 given
633 152 43 19 him
686 158 26 13 an
720 152 52 19 idea.
800 152 40 19 She
850 152 96 20 hastened

515 181 21 17 to
546 178 160 25 enlightonhirn.

543 204 4 24 '
558 205 12 18 I
580 206 53 17 want
651 209 40 19 j'ou
707 205 20 17 to
737 204 36 18 tell
786 210 35 18 my
835 206 49 17 aunt
903 204 44 19 that

515 231 34 18 the
567 237 72 12 reason
657 229 11 18 I
682 229 53 19 shall
750 231 35 17 not
805 230 25 19 be
840 232 32 16 too
886 230 61 19 much

515 257 49 19 with
583 256 85 25 Captain
678 254 79 20 Burton
767 256 20 18 in
797 255 68 19 future
875 256 17 18 is
902 256 45 18 that

515 282 12 19 I
536 289 33 12 am
578 281 92 26 engaged
689 282 20 17 to
719 281 25 19 bo
758 281 86 19 married
854 283 21 17 to
889 281 57 19 him.'

543 308 46 19 'Oh
599 308 5 18 !
653 307 33 18 Ah
696 306 12 19 i'
740 307 76 24 replied
849 307 97 19 Graham.

517 336 5 9 '
531 334 58 20 Since
599 333 118 19 wh—when
727 332 14 18 ?'

542 358 4 26 '
557 360 12 19 I
578 359 59 20 think
655 359 17 18 it
680 364 41 13 -was
731 358 45 19 half
789 364 26 13 an
824 359 53 19 hour
892 365 39 19 ago
941 358 4 26 ;

515 393 21 12 or
542 387 17 18 it
567 392 47 18 may
620 385 51 18 have
680 384 53 18 been
741 386 21 17 at
768 384 99 26 half-past;
877 385 70 19 eleven

513 413 42 18 this
564 411 106 24 morning.'

542 436 4 27 '
557 437 61 26 Why,
630 436 61 19 that's
701 436 59 19 when
769 442 40 18 you
818 436 38 19 loft
865 443 37 17 me,
914 437 33 19 for

513 464 13 19 I
534 470 41 13 saw
583 462 113 20 Parkinson
707 462 45 19 look
761 464 20 17 at
790 462 32 19 his
830 463 65 19 watch
905 463 39 19 and

513 489 63 20 asked
586 489 42 19 him
637 488 35 19 the
682 488 47 19 time
738 488 59 19 when
806 488 12 19 I
837 491 34 23 got
881 493 20 15 to
911 489 35 19 the

513 516 53 19 club.
594 514 71 19 Didn't
674 514 12 19 I
694 520 57 13 warn
759 520 41 18 you
809 514 15 19 ?'

540 540 4 26 '
555 541 31 19 Do
595 547 40 19 you
644 540 67 24 know,
721 540 34 19 Mr
765 540 95 24 Graham,
879 540 46 19 that
934 541 12 18 I

512 568 60 18 think
581 573 51 18 your
641 566 93 25 warning
743 566 41 19 had
800 566 115 26 something
924 568 21 18 to

512 594 26 18 do
548 593 50 19 with
607 592 16 19 it
632 592 15 19 V

541 620 5 9 '
556 618 37 23 Oh,
604 618 12 19 I
626 624 35 18 say
672 618 3 24 ;
690 618 47 18 look
746 618 48 19 here
803 624 45 13 now
859 618 8 19 !'

540 646 5 10 '
555 645 12 18 I
577 651 32 12 am
619 644 67 19 afraid
696 649 37 13 our
742 644 62 19 dance
814 645 17 18 is
841 651 53 17 ever,
905 644 39 19 and

512 677 29 13 wo
552 671 51 18 have
613 672 34 17 not
656 670 42 18 had
708 675 49 13 even
766 676 38 13 one
821 672 54 17 turn.
903 670 41 19 But

513 703 29 13 we
560 696 51 19 have
621 695 41 19 had
680 702 12 12 a
706 695 92 26 pleasant
811 696 50 24 talk,
879 696 41 19 and
933 696 11 19 I

512 722 52 25 hopo
573 728 40 19 j'ou
623 721 40 20 will
673 721 25 19 do
710 728 21 12 as
740 728 40 18 you
794 722 100 25 promised
905 722 39 18 and

511 748 35 20 tell
556 755 34 18 my
605 748 55 23 aunt,
672 748 41 18 and
721 747 12 19 I
747 748 40 19 will
805 750 97 23 congrata
903 748 5 12 1
912 749 32 17 ate

511 775 37 18 her
566 781 26 12 on
605 774 37 18 her
661 780 45 12 own
719 776 84 16 account
825 775 40 18 and
883 780 61 18 yours

510 800 52 19 later
572 806 31 13 on.
632 799 56 24 They
694 799 44 19 said
747 806 40 17 you
797 806 51 13 were
854 806 21 12 so
884 799 59 19 much

510 826 99 24 together,
620 832 40 18 you
669 825 73 19 know.'

536 851 74 19 Beforo
620 851 90 19 Graham
724 851 59 19 could
792 858 80 13 recover
891 851 51 19 from

510 878 31 18 his
552 877 135 26 stupefaction
696 877 35 19 sho
741 877 40 19 had
791 878 70 19 bowed
870 879 21 17 to
901 877 41 18 him

510 903 40 19 and
569 903 61 19 taken
644 903 35 19 the
697 910 43 12 arm
754 903 21 19 of
798 904 36 18 her
853 906 88 22 jiartnor,

510 929 45 19 who
564 929 107 25 happened
687 931 21 17 to
717 929 25 19 be
757 929 85 25 Captain
857 929 84 19 Burton,

510 956 33 18 no
560 956 75 24 sought
644 957 35 17 out
689 955 57 25 Lady
760 956 67 24 Tapir,
843 955 39 19 and
901 954 41 19 told

509 982 37 18 her
564 982 35 18 tho
607 987 56 13 nows
676 981 22 19 of
715 981 37 19 her
766 981 72 19 niece's
854 987 76 19 engage-

509 1009 55 17 ment
587 1009 20 18 to
630 1007 45 19 that
698 1007 129 19 detrimental
856 1006 86 26 Captain

509 1034 84 18 Burton.

537 1059 4 25 '
552 1060 11 18 I
581 1059 89 25 thought
679 1059 16 18 it
709 1065 48 18 very
776 1059 111 25 probable,'
898 1059 43 18 said

508 1084 42 20 she.
586 1084 4 25 '
600 1085 46 18 You
665 1091 38 17 see,
724 1085 16 18 it
754 1086 50 18 suits
821 1086 35 18 tho
870 1085 61 24 family-

509 1117 48 18 very
567 1110 45 20 well
628 1111 54 18 since
691 1110 35 19 the
736 1110 61 19 death
806 1111 21 18 of
837 1111 31 19 his
883 1110 58 19 uncle

510 1137 64 19 —last
584 1136 65 25 night.
677 1136 36 25 My
722 1137 56 19 niece
787 1136 35 20 did
837 1140 35 16 not
881 1137 59 19 know

508 1163 21 19 of
536 1163 51 23 that,
599 1163 40 19 and
646 1163 87 25 perhaps
740 1163 35 19 she
785 1163 47 19 does
840 1165 35 17 not
881 1163 59 18 know

508 1196 51 17 now,
578 1189 73 23 unless,
662 1190 20 17 to
693 1189 25 19 bo
732 1194 52 19 sure,
804 1189 26 19 ho
847 1189 37 19 has
899 1189 42 18 told

508 1215 42 19 her.
578 1215 12 19 I
608 1215 72 19 almost
698 1215 61 18 think
781 1215 45 19 that
839 1222 40 17 you
894 1221 46 18 may

508 1241 51 19 have
569 1241 132 25 precipitated
711 1241 96 19 matters.'

535 1266 4 25 '
550 1267 42 19 But
609 1273 40 18 j'ou
659 1267 42 18 told
712 1273 30 12 mo
756 1269 20 17 to
786 1267 103 19 introduce
905 1266 35 19 tho

507 1293 45 19 thin
561 1293 39 19 end
609 1293 22 18 of
640 1293 34 19 the
684 1293 83 24 wedge.'

535 1319 4 24 '
549 1319 22 19 It
580 1325 63 13 seems
658 1321 21 16 to
688 1325 38 17 mo,
738 1319 32 18 Mr
780 1319 94 24 Graham,
894 1319 46 19 that

507 1352 39 17 j'ou
556 1345 117 19 introduced
683 1345 34 18 tho
727 1343 55 21 thick
792 1345 52 19 end.'

534 1370 4 20 '
545 1371 12 19 I
567 1378 32 12 am
609 1371 67 19 afraid
683 1371 15 18 it
707 1377 40 12 was
757 1371 68 18 rather
832 1373 33 16 too
874 1371 45 19 thin
927 1370 10 19 !'

507 1397 33 19 Mr
549 1397 90 19 Graham
648 1397 41 18 had
698 1403 26 12 an
734 1396 46 19 idea
789 1398 21 17 at
819 1396 45 19 last.

618 1454 74 20 POOR
705 1455 122 20 FRANCE!

531 1507 78 20 French
627 1507 57 26 pride
694 1507 37 19 has
740 1507 43 26 just
797 1507 87 19 suffered
903 1507 35 19 tho

505 1534 92 19 cruellest
607 1534 21 19 of
637 1533 56 20 cruel
701 1533 70 20 blows.
797 1533 96 20 Towards
903 1533 34 20 the

505 1560 39 19 end
554 1560 21 20 of
584 1559 92 26 January
686 1559 34 20 tho
728 1559 101 20 Chamber
838 1559 21 20 of
869 1560 54 25 Depu-

505 1586 37 20 ties
565 1586 72 26 passed
656 1592 12 13 a
691 1585 115 25 resolution,
830 1585 50 21 with
903 1585 35 20 tho

505 1612 75 20 cordial
590 1614 66 18 assent
667 1611 21 20 of
696 1612 35 20 the
740 1611 141 25 Government,
892 1611 46 21 that

505 1645 60 19 every
575 1641 93 22 contract,
680 1637 56 28 large
747 1646 21 12 or
778 1638 63 25 small,
861 1638 32 20 for
903 1638 34 20 the

505 1665 134 26 Madagascar
670 1664 120 26 expedition,
816 1664 73 20 should
912 1665 25 19 be

505 1691 76 20 offered
590 1693 20 18 to
627 1691 79 19 Trench
715 1691 55 19 firms
780 1691 53 25 only.
861 1691 20 20 It
895 1697 42 14 was

507 1717 120 20 understood
644 1717 45 20 that
702 1719 36 18 not
756 1724 12 13 a
786 1717 112 27 halfpenny
916 1717 21 20 of

505 1744 78 19 French
593 1751 72 18 money
679 1744 73 19 should
762 1751 25 18 go
806 1744 82 19 abroad.
916 1744 22 19 It

505 1777 40 14 was
563 1772 36 17 not
608 1770 75 25 merely
693 1777 12 12 a
715 1770 93 25 question
821 1771 21 18 of
860 1775 66 21 protec-

505 1797 48 23 tion,
564 1797 37 19 but
611 1796 42 20 also
672 1796 21 19 of
702 1796 113 26 patriotism
825 1797 40 19 and
882 1803 44 19 pres-

505 1824 47 24 tige.
587 1823 57 19 Somo
668 1822 49 25 days
731 1822 51 19 later
801 1829 36 13 ono
860 1824 21 18 of
902 1823 34 18 the

505 1850 97 24 deputies,
622 1855 11 13 a
642 1849 77 18 certaiu
728 1849 29 18 M.
772 1849 81 23 Breton,
873 1851 38 23 put
925 1855 12 13 a

505 1882 47 18 very
559 1875 101 20 awkward
670 1875 93 24 question
773 1877 19 16 to
802 1875 34 19 the
843 1875 94 19 Minister

505 1902 21 19 of
535 1902 57 19 War.
623 1902 61 18 'lsit
694 1907 11 12 a
715 1901 54 23 fact,'
780 1901 26 18 ho
821 1901 61 19 asked
892 1901 45 19 that

505 1928 120 26 gentleman,
639 1927 4 27 '
653 1927 45 19 that
709 1934 12 12 a
736 1929 88 17 contract
834 1927 36 19 has
884 1927 53 19 been

506 1954 81 19 entered
604 1954 42 19 into
656 1953 91 19 between
761 1953 34 19 tho
810 1953 52 20 War
876 1952 60 20 Oilico

506 1981 39 19 and
565 1987 26 12 an
609 1979 87 26 English
710 1979 109 25 steamship
839 1985 97 20 company

505 2007 32 19 for
546 2007 34 18 the
590 2005 138 26 transporting
742 2008 20 16 to
771 2005 135 26 Madagascar
916 2005 21 19 of

507 2033 33 19 tho
562 2032 64 20 whole
640 2039 22 12 or
681 2034 45 23 part
747 2032 21 18 of
790 2031 34 19 tho
848 2031 88 26 military

506 2061 62 17 stores
578 2058 14 19 ?'
620 2058 48 19 This
678 2060 21 16 at
709 2064 48 12 once
766 2057 65 19 raised
846 2065 12 11 a
867 2060 69 16 storm.

506 2085 41 19 Tho
566 2085 92 19 Minister
672 2083 98 20 admittod
784 2084 45 18 that
846 2084 31 18 his
892 2090 33 19 pre-

506 2111 89 19 decessor
605 2110 41 20 had
655 2109 128 26 perpetrated
793 2109 40 19 this
851 2110 85 18 heinous

505 2137 55 24 piece
579 2136 20 19 of
615 2140 85 18 treason,
712 2135 37 19 but
763 2135 25 19 ho
803 2135 86 25 pleaded
903 2142 22 12 ex-

506 2163 107 24 tenuating
635 2161 157 19 circumstances.
826 2161 43 19 Tho
891 2167 34 13 con-

506 2191 51 17 tract
575 2194 40 14 was
625 2190 42 21 not,
686 2187 26 19 he
726 2187 111 25 explained,
857 2187 32 19 for
902 2187 35 19 the

506 2215 63 18 entire
579 2213 89 26 military
673 2215 63 18 stores
746 2213 21 19 of
773 2213 34 19 the
815 2213 121 25 expedition,

506 2241 37 19 but
561 2241 47 24 only
618 2241 31 18 for
660 2239 34 19 the
708 2239 101 25 gunboats
828 2239 41 19 and
884 2239 54 19 river

506 2267 63 19 boats.
597 2266 43 19 Tho
648 2266 78 18 French
732 2265 103 23 merchant
841 2265 46 19 licet
896 2265 41 19 had

506 2299 25 13 no
541 2293 56 25 ships
615 2292 57 19 litted
682 2292 32 19 for
727 2292 34 19 tho
780 2292 157 25 transportation

505 2319 22 19 of
544 2319 57 19 theso
615 2318 90 26 portions
724 2318 21 19 of
764 2318 33 19 the
819 2319 117 18 armament.

505 2345 50 19 This
578 2344 109 20 admission
709 2350 41 13 was
772 2344 91 19 received
888 2342 50 22 with

505 2371 63 20 howls
587 2372 21 18 of
622 2370 134 25 indignation,
771 2369 64 21 which
851 2375 47 20 may
912 2370 26 18 bo

507 2397 85 19 excused
609 2396 59 20 when
678 2403 29 13 wo
721 2396 111 19 remember
842 2396 55 19 what
912 2401 26 14 an

506 2424 85 19 incubus
609 2423 34 19 tho
653 2422 109 26 pampered
776 2422 39 19 and
829 2422 96 25 premium-

506 2450 34 19 fed
549 2448 104 21 merchant
663 2455 53 18 navy
731 2449 21 18 of
762 2448 75 20 France
848 2448 16 19 is
882 2455 56 18 upon

507 2476 33 19 tho
557 2476 88 19 finances
664 2476 20 17 of
698 2475 34 19 tho
755 2476 90 23 country.
872 2474 66 19 There

507 2508 39 13 was
556 2502 16 19 it
581 2508 69 17 seems,
667 2507 36 13 one
714 2500 44 20 firm
777 2502 20 18 at
807 2500 69 19 Havre
893 2500 45 19 that

507 2535 40 12 was
556 2528 62 25 ready
637 2528 19 19 to
667 2526 111 21 undertake
791 2527 35 19 the
842 2528 94 22 contract,

507 2554 36 19 but
562 2554 16 19 it
587 2559 41 15 was
637 2555 35 18 not
682 2559 46 13 sure
742 2553 20 19 of
777 2553 62 25 being
858 2553 45 19 able
917 2554 21 18 to

507 2587 75 18 convoy
614 2580 125 25 everything,
763 2579 40 19 and
830 2580 17 18 it
875 2579 63 19 asked

508 2607 89 23 £-10,000
615 2606 32 19 for
665 2606 35 19 tho
714 2605 61 20 work.
803 2605 32 19 An
851 2604 87 27 English

507 2633 120 25 shipbrokor
649 2638 42 14 was
712 2631 64 20 found
798 2631 46 20 who
872 2631 66 20 would

508 2659 111 19 undertake
641 2659 35 18 the
691 2659 87 18 contract
795 2658 33 18 for
849 2658 89 23 £IB,OOO

507 2685 40 19 and
554 2686 110 24 guarantee
672 2690 58 19 every
738 2683 131 19 satisfaction.
896 2683 42 19 The

507 2711 39 19 last
568 2713 108 17 statement
695 2716 40 14 was
756 2709 82 28 greeted
860 2709 22 19 in
903 2709 36 19 the

507 2737 101 20 Chamber
617 2737 22 19 of
647 2737 98 25 Deputies
755 2736 49 20 with
816 2742 73 19 groans
899 2735 40 19 and

508 2763 49 20 with
580 2763 48 19 cries
647 2763 45 19 that
705 2763 77 18 Franco
801 2768 40 14 was
864 2766 21 15 at
904 2761 35 19 the

507 2796 66 19 mercy
583 2789 21 19 of
613 2789 102 25 England.
743 2789 42 18 Ono
795 2788 21 19 of
825 2788 35 19 the
877 2793 46 14 mem-

508 2815 45 21 bers
563 2815 72 19 moved
644 2816 45 18 that
698 2815 34 19 the
742 2817 87 17 contract
846 2813 49 21 with
905 2814 34 19 the

507 2842 78 19 British
602 2842 74 18 broker
695 2841 72 19 should
786 2840 25 20 be
832 2840 106 19 cancelled.

507 2868 21 19 It
545 2874 43 14 was
597 2867 125 23 scandalous,
737 2867 26 18 he
779 2866 100 24 shrieked,
895 2866 45 19 that

508 2894 87 25 English
605 2895 107 18 assistance
722 2893 72 20 should
802 2893 24 19 be
836 2892 63 20 asked
909 2892 32 19 for

508 2927 12 13 a
538 2920 79 19 French
630 2920 89 24 military
742 2919 121 25 expedition.
897 2918 43 19 The

508 2948 42 19 cost
568 2953 41 14 was
622 2946 86 24 nothing
719 2945 4 25 ;
737 2945 16 19 it
764 2951 39 14 was
820 2952 11 12 a
848 2945 92 25 epicstion

509 2974 21 18 of
548 2972 91 20 national
651 2973 85 18 honour.
770 2972 25 19 Of
818 2977 70 14 course
906 2971 35 19 tho

509 3000 77 19 motion
608 3005 40 14 was
668 2998 110 26 supported
790 2998 28 25 by
836 3003 66 14 scores
921 2997 21 19 of

509 3026 50 24 fiery
577 3025 69 24 Gauls,
661 3024 44 20 who
724 3024 66 20 would
804 3026 35 17 not
852 3024 50 19 hear
921 3023 21 19 of

510 3052 52 19 their
571 3051 85 20 beloved
665 3052 84 23 country
757 3050 62 25 being
828 3050 65 19 under
902 3056 40 18 any

510 3078 112 24 obligation
640 3080 20 17 to
677 3077 34 19 tho
727 3075 3 27 '
742 3076 50 19 rival
806 3076 83 23 nation,'
903 3075 39 20 but

510 3104 35 19 tho
555 3103 90 21 Premier
655 3102 101 27 protested
766 3102 45 19 that
820 3102 16 19 if
852 3102 34 19 tho
896 3108 34 13 con-

510 3132 52 17 tract
573 3137 50 13 were
632 3130 77 19 broken
726 3129 28 19 off
763 3128 95 25 damages
874 3127 69 21 would

511 3156 51 20 have
573 3159 20 16 to
602 3156 26 19 be
637 3156 54 26 paid,
702 3155 40 19 and
749 3154 87 26 perhaps
846 3154 34 20 the
890 3160 39 19 gun-

510 3183 59 19 boats
579 3182 66 20 would
654 3184 35 17 not
703 3181 60 19 reach
772 3181 134 26 Madagascar
921 3180 21 19 in

511 3210 55 18 time.
594 3208 27 20 At
639 3208 71 25 length
720 3214 25 12 an
759 3207 68 19 hour's
846 3207 84 26 adjourn-

511 3238 56 17 ment
584 3241 42 14 was
636 3234 74 26 agreed
719 3236 20 17 to
748 3234 21 18 in
783 3233 58 19 order
858 3235 21 17 to
892 3233 51 19 hear

512 3262 35 19 the
567 3268 44 13 now
628 3261 94 19 Minister
736 3260 21 18 of
774 3259 86 20 Marine.
894 3259 49 19 This

512 3288 72 18 official
606 3287 95 26 repeated
721 3286 34 19 tho
774 3285 129 26 explanation
922 3285 21 18 of

513 3315 34 19 the
569 3314 96 19 Premier.
693 3313 22 19 If
732 3312 34 19 tho
781 3314 88 17 contract
891 3318 52 13 were

513 3340 100 20 cancelled
630 3339 26 20 he
665 3339 68 19 would
748 3341 35 17 not
792 3338 112 20 undertake
922 3340 21 16 to

515 3371 23 15 bo
547 3367 62 24 ready
618 3366 20 19 in
654 3365 54 19 time.
736 3364 43 20 Ono
789 3371 22 13 or
820 3367 38 17 two
877 3363 57 26 indig

513 3395 50 17 nant
572 3393 68 25 spirits
648 3391 41 20 still
698 3391 75 25 sought
780 3393 20 17 to
810 3397 47 13 Rave
866 3391 77 18 Franco

512 3419 54 19 from
587 3419 35 19 tho
639 3417 129 20 humiliation
788 3417 21 19 of
828 3417 116 25 employing

513 3445 87 25 English
609 3444 61 25 ships,
681 3444 38 18 but
728 3443 34 19 the
775 3443 94 25 majority
879 3443 21 19 of
910 3442 33 19 the

514 3471 101 19 Chamber
632 3469 89 26 thought
729 3469 16 19 it
759 3469 65 19 better
833 3471 20 17 to
871 3469 73 25 pocket

514 3497 52 19 their
575 3497 57 25 pride
642 3496 49 19 than
701 3495 78 25 imperil
788 3495 34 19 tho
836 3501 78 14 success
923 3495 22 19 of

513 3523 34 19 the
557 3522 121 26 expedition,
689 3522 40 19 and
738 3522 70 25 finally
817 3522 34 19 the
861 3522 83 19 adverse

513 3549 76 20 motion
599 3555 41 14 was
648 3547 94 27 rejected.

578 3609 174 22 ATTRACTIVE
767 3608 104 20 GLOVES.

541 3661 4 26 '
555 3664 13 19 I
577 3669 61 14 never
647 3663 21 19 in
684 3669 34 18 my
726 3661 50 25 life,'
786 3661 44 19 said
839 3668 12 12 a
867 3661 66 24 clergy-

513 3697 48 12 man
578 3692 21 17 to
615 3689 32 19 his
660 3688 53 24 wife,
733 3688 52 18 after
799 3694 12 12 a
829 3692 78 14 sermon
922 3687 22 18 in

513 3716 143 20 Westminster
672 3714 78 25 Abbey,
762 3712 4 27 '
777 3720 21 12 so
808 3713 85 19 touched
909 3712 35 20 tho

514 3742 150 25 congregation.
692 3740 56 25 Thoy
762 3746 51 13 were
823 3739 107 19 entranced
938 3746 5 17 ;

514 3775 58 18 every
583 3774 34 19 eye
627 3774 40 13 was
682 3773 54 18 upon
745 3772 32 12 mo
787 3766 56 18 from'
848 3765 34 19 tho
900 3765 44 19 first

514 3795 55 21 word
578 3796 21 17 to
609 3793 33 19 tho
651 3793 53 19 last.'
734 3792 15 19 4
749 3792 31 19 No
790 3791 92 24 wonder,'
900 3791 44 19 said

514 3821 32 19 his
565 3820 46 20 wife
621 3817 4 31 j
648 3817 4 31 '
664 3825 51 23 your
733 3818 67 29 gloves
814 3824 51 12 wore
879 3817 65 19 insido

514 3854 51 18 your
583 3846 42 23 hat,
644 3845 40 19 and
700 3844 59 20 when
772 3850 40 19 you
821 3843 48 20 took
886 3843 16 20 it
916 3843 28 20 off

514 3873 48 25 they
571 3871 103 21 remained
684 3877 24 12 on
719 3872 33 23 top
763 3869 20 20 of
792 3876 50 18 your
855 3869 52 20 head
917 3865 27 23 ail

514 3898 89 25 through
613 3897 35 20 tho
657 3896 92 20 sermon.'

992 101 19 18 A
1018 100 195 20 REMARKABLE
1221 101 75 19 DEAF
1305 101 61 19 MAN.

992 158 19 18 A
1019 164 69 19 j'oing
1100 158 107 18 American
1225 159 106 24 presented
1349 158 50 22 him?

966 190 21 12 so
987 183 5 13 1
995 185 9 11 *
1014 186 21 16 at
1044 185 34 17 the
1096 183 120 23 University
1234 185 22 17 at
1273 183 127 26 Heidelberg

965 209 32 19 for
1007 209 135 20 examination
1155 211 132 24 preparatory
1297 213 19 15 to
1326 211 63 19 receiv-

965 235 36 25 ing
1009 235 33 19 the
1052 236 72 25 degree
1131 236 21 17 of
1159 236 74 18 Doctor
1239 235 22 18 of
1268 235 130 26 Philosophy.

965 260 43 20 The
1014 261 43 20 first
1067 261 81 26 inquiry
1158 261 25 18 he
1192 261 59 18 made
1262 267 40 13 was
1310 261 89 20 whether

964 286 35 19 the
1010 287 116 25 examining
1140 287 111 25 professors
1260 287 42 18 had
1319 287 79 20 beards.

990 313 154 19 Astonishment
1171 313 71 19 waxed
1265 313 74 24 higher
1357 315 42 18 still

965 338 58 19 when
1034 339 15 18 it
1058 339 81 19 became
1148 339 55 19 know
1209 346 13 11 a
1232 338 44 19 that
1286 339 34 18 the
1328 346 71 20 young

964 364 106 19 American
1093 371 41 13 was
1152 365 75 23 utterly
1245 364 65 19 bereft
1328 366 22 18 of
1364 367 34 19 the

964 396 68 19 power
1041 391 20 18 of
1070 391 92 24 hearing,
1172 390 38 19 but
1226 397 22 12 so
1267 393 69 23 oxpoil
1355 392 41 19 had

964 416 26 18 he
999 416 81 19 become
1098 416 21 19 in
1137 416 85 25 reading
1235 416 64 19 men's
1317 421 69 16 counte-

964 448 78 18 nances,
1054 442 40 19 and
1103 442 135 25 interpreting
1248 441 34 20 the
1292 444 75 18 motion
1377 444 21 19 of

964 468 34 18 the
1009 468 59 19 facial
1082 468 40 19 and
1132 467 63 19 labial
1204 467 91 24 muscles,
1311 469 44 19 that
1372 470 25 18 lie

964 494 59 18 could
1032 494 123 18 understand
1169 500 60 17 every
1248 494 55 18 word
1320 495 77 24 spoken

964 521 20 17 to
1001 519 43 19 him
1058 520 26 23 by
1099 526 37 12 one
1155 519 67 19 whoso
1240 519 44 19 face
1302 526 39 13 was
1360 527 24 13 un-

964 545 82 19 covered
1056 546 49 18 with
1115 545 51 19 hair.

990 571 28 19 To
1027 571 34 20 the
1071 571 136 19 wonderment
1223 571 22 18 of
1263 571 9 19 a
1272 571 18 19 1!
1304 571 25 19 he
1344 575 53 16 went

964 596 89 25 through
1062 597 31 19 his
1103 597 136 19 examination
1253 597 49 19 with
1319 599 76 23 perfect

963 628 51 18 ease,
1030 623 39 19 and
1079 630 25 12 no
1115 629 36 13 one
1166 622 66 20 would
1241 623 52 19 have
1303 623 90 21 believed

963 648 52 19 from
1024 649 31 18 his
1065 651 73 17 corrrct
1152 655 87 13 answers
1257 649 45 19 that
1317 649 26 19 he
1361 649 34 19 did

962 678 35 15 not
1007 675 48 18 hear
1065 681 12 13 a
1095 675 55 19 word
1164 675 44 19 that
1227 681 41 13 was
1284 675 47 19 said.
1362 675 33 20 He

962 702 35 22 got
1007 700 31 19 his
1048 701 78 25 degree.

1009 759 19 19 A
1039 759 90 20 GREAT
1136 759 122 21 CHINESE
1268 760 82 20 LADY.

988 813 137 21 Marchioness
1140 815 31 23 Li,
1192 815 46 19 wife
1257 816 21 18 of
1296 816 23 18 Li
1331 815 63 26 Hung

963 839 77 25 Chang,
1051 841 126 19 ex-Prcinier
1187 842 21 18 of
1218 841 69 24 China,
1306 842 16 19 is
1341 842 45 25 iifty-

962 865 37 19 hve
1010 865 39 19 and
1063 866 57 19 looks
1138 867 117 24 thirty-five,
1276 867 62 26 being
1354 868 40 19 still

961 891 128 25 remarkably
1126 892 102 20 beautiful
1262 893 48 19 with
1336 893 58 26 large

961 917 110 19 handsome
1082 924 51 19 eyes,
1148 919 40 18 and
1206 919 50 25 high
1273 919 121 20 aristocratic

961 943 62 19 cheek
1034 943 66 20 bones.
1129 944 41 19 Sho
1184 945 17 18 is
1211 952 37 12 ono
1258 945 21 19 of
1295 945 34 19 tho
1343 948 51 17 most

960 968 82 20 learned
1055 976 76 13 women
1147 971 22 18 in
1195 971 71 23 China,
1293 971 37 19 but
1354 971 40 20 this

960 1001 70 13 means
1071 996 58 19 little.
1175 997 44 19 Her
1248 996 94 21 husband
1378 999 16 18 is

960 1020 117 26 fabulously
1103 1022 49 24 rich,
1181 1023 40 18 and
1255 1023 34 19 sho
1321 1024 73 24 spends

960 1046 113 26 absolutely
1081 1048 54 19 what
1148 1048 36 19 sho
1194 1049 57 23 likes,
1271 1049 41 20 and
1330 1051 64 23 (nioro

961 1073 88 18 woudeif
1052 1072 29 27 al)
1089 1074 36 18 she
1132 1074 62 25 keeps
1202 1077 93 17 accurate
1301 1079 93 16 accounts

959 1098 22 19 of
992 1098 37 19 her
1038 1100 137 25 expenditure.
1203 1101 28 18 At
1241 1101 34 19 the
1284 1102 110 25 vice-regal

959 1124 59 19 home
1032 1131 49 13 near
1098 1126 35 19 the
1140 1126 66 19 banks
1225 1127 21 18 of
1260 1127 35 19 the
1312 1128 82 19 lVi-ilo

959 1150 35 19 sho
1003 1150 50 20 lives
1063 1151 20 19 in
1091 1158 101 18 gorgeous
1199 1155 57 21 state,
1268 1155 125 18 surrounded

959 1176 28 25 by
1004 1183 51 19 song
1082 1177 61 25 birds,
1172 1175 102 29 peacocks,
1302 1181 89 23 aquaria,

958 1204 85 23 pottery,
1063 1210 61 18 gems,
1145 1204 102 20 botanical
1271 1205 119 21 collections,

959 1228 40 19 and
1020 1230 48 18 1000
1088 1230 116 20 attendants
1232 1231 40 20 and
1295 1235 97 16 sorvants.

959 1253 40 20 She
1017 1254 37 20 has
1074 1256 50 18 2000
1143 1258 60 23 coats,
1225 1258 49 18 1200
1289 1258 56 25 pairs
1372 1260 21 18 of

1142 1283 40 18 and
1201 1285 37 17 .500
1266 1284 35 18 fur
1326 1284 66 20 robes.

958 1306 44 19 Her
1009 1307 40 19 feet
1056 1314 33 12 arc
1095 1314 22 13 so
1123 1308 59 20 sma'l
1192 1309 44 19 that
1242 1309 35 21 she
1284 1310 18 18 is
1317 1310 75 21 unable

957 1335 21 16 to
988 1333 52 19 walk
1049 1340 54 13 moro
1122 1335 50 18 than
1191 1342 11 12 a
1218 1336 39 19 few
1275 1338 59 23 steps,
1355 1337 37 19 but

957 1359 57 19 twice
1022 1366 12 12 a
1043 1359 39 25 day
1092 1360 35 18 sho
1136 1360 73 20 bathes
1218 1362 22 18 in
1250 1362 26 18 oil
1286 1363 22 18 of
1316 1370 76 18 orango

957 1384 40 19 and
1008 1385 65 19 acacia
1083 1386 84 24 blooms,
1178 1387 40 19 and
1227 1388 36 18 she
1281 1389 57 18 takes
1357 1389 35 19 tho

957 1411 31 18 air
996 1411 22 19 in
1025 1418 13 12 a
1051 1418 37 12 ooo.
1089 1412 10 13 l;
1100 1418 13 12 .o
1123 1413 68 19 sedan.
1220 1413 40 19 She
1270 1414 77 19 dresses
1355 1415 37 19 her

957 1436 45 19 hair
1011 1437 21 19 in
1042 1439 25 17 50
1077 1444 60 19 ways,
1152 1439 35 19 the
1205 1439 86 20 favorito
1307 1441 84 19 coiffure

957 1462 63 26 being
1029 1464 20 19 in
1059 1464 34 19 tho
1103 1464 63 26 shape
1176 1465 22 19 of
1208 1472 11 12 a
1228 1467 76 24 griiliu.

991 1530 20 21 A
1020 1530 134 22 PRINCESS
1165 1533 147 21 BANISHED
1322 1535 32 20 TO

1122 1557 120 22 SIBERIA.

982 1610 80 27 Among
1072 1611 33 21 the
1116 1615 66 17 recent
1192 1613 77 20 convict
1279 1614 84 21 airivals
1370 1617 20 19 at

955 1637 35 20 tho
1015 1637 75 21 central
1117 1639 124 26 forwarding
1269 1641 68 25 prison
1370 1643 20 18 in

955 1664 87 19 Moscow
1070 1665 75 25 (writes
1176 1665 35 20 tho
1238 1667 62 26 Daily
1327 1667 60 21 News

955 1691 163 26 correspondent)
1128 1691 17 20 is
1156 1698 12 13 a
1178 1693 102 25 Georgian
1299 1693 91 21 Princess

956 1717 20 19 of
986 1717 127 20 remarkable
1124 1717 80 27 beauty,
1225 1720 124 20 condemned
1358 1721 32 19 for

955 1744 141 25 participation
1112 1745 22 18 in
1152 1745 35 19 the
1212 1746 81 20 murder
1312 1748 21 18 of
1354 1747 36 21 her

956 1769 93 20 husband
1068 1772 20 17 to
1110 1771 94 26 life-long
1223 1773 129 20 banishment
1368 1774 22 19 in

955 1803 37 12 ono
1003 1796 20 19 of
1030 1796 35 21 the
1074 1799 75 18 remote
1155 1799 61 24 penal
1226 1799 124 21 settlements
1368 1801 22 19 of

955 1822 84 19 Siberia.
1050 1822 81 21 Sidoine
1142 1824 110 21 GuUdasch
1275 1825 52 26 Will,
1344 1834 45 13 now

954 1849 22 18 in
994 1850 36 19 her
1048 1850 48 18 27th
1111 1857 55 17 year,
1193 1851 40 19 and
1251 1852 21 19 in
1299 1853 34 19 the
1351 1851 39 22 full

955 1876 96 24 maturity
1062 1882 20 12 o:
1092 1876 57 19 these
1159 1878 94 24 personal
1268 1879 79 19 charms
1356 1880 33 20 for

955 1902 65 19 which
1043 1900 33 21 tho
1102 1903 102 25 Georgian
1232 1911 77 13 women
1338 1912 52 14 were

956 1928 95 25 formerly
1060 1928 74 24 famed,
1147 1937 38 12 was
1197 1930 34 20 tbo
1251 1932 98 25 daughter
1368 1934 21 18 of

955 1961 38 13 ono
1003 1954 22 20 of
1034 1955 33 20 the
1081 1961 59 19 many
1150 1956 146 26 impoverished
1309 1958 80 22 Princes

955 1981 21 18 of
985 1981 35 20 her
1029 1988 50 17 race,
1089 1984 41 17 and
1142 1982 55 20 when
1209 1985 23 18 13
1243 1991 58 18 years
1311 1986 21 19 of

957 2013 38 14 was
1010 2008 92 20 bartered
1114 2008 20 19 in
1145 2010 97 25 marriage
1253 2013 21 16 to
1281 2018 10 12 a
1303 2011 86 27 wealthy

957 2034 36 19 but
1001 2034 90 25 decrepit
1098 2033 32 21 old
1139 2033 53 26 man.
1220 2037 47 19 This
1278 2037 110 21 Caucasian

956 2060 111 20 Bluebeard
1096 2061 119 27 practically
1235 2063 51 25 kept
1303 2065 29 19 his
1351 2066 38 24 girl

957 2087 44 19 wife
1013 2088 63 19 under
1086 2088 44 19 lock
1141 2088 38 19 and
1190 2088 38 25 key
1238 2090 33 19 for
1281 2091 26 18 10
1322 2099 65 18 years.

955 2113 148 25 Subsequently
1114 2114 33 19 her
1157 2114 90 20 freedom
1267 2122 40 14 was
1326 2123 51 15 some-

957 2139 51 20 what
1024 2138 102 27 enlarged,
1146 2141 39 18 and
1206 2142 68 19 whilst
1293 2144 96 26 assisting

956 2169 21 16 at
988 2165 34 20 tho
1037 2167 96 24 marriage
1152 2166 55 20 feast
1224 2168 21 20 of
1263 2175 10 12 a
1294 2170 95 25 neighbor

956 2192 34 20 she
1015 2192 55 20 made
1099 2193 32 19 the
1161 2194 146 25 acquaintance
1340 2198 21 18 of
1378 2205 11 12 a

957 2219 107 20 haudsorao
1070 2225 68 20 young
1147 2219 100 27 Georgian
1253 2222 65 21 noble.
1347 2223 42 20 The

957 2245 63 19 result
1027 2246 21 18 of
1059 2246 40 19 this
1113 2248 75 18 chance
1206 2247 22 20 of
1245 2250 88 26 meeting
1351 2257 38 12 was

956 2271 34 21 tbe
999 2272 33 18 old
1043 2272 31 20 old
1095 2273 55 26 story
1166 2274 21 19 of
1206 2274 113 25 graduated
1338 2276 50 26 pity,

956 2297 112 27 sympathy,
1093 2300 38 18 and
1159 2300 99 21 unlawful
1288 2302 100 21 affection.

960 2325 37 19 Ihe
1008 2327 65 17 lovers
1089 2326 60 25 again
1170 2330 40 16 met
1221 2334 11 13 a
1251 2328 38 20 few
1309 2331 80 18 months

957 2351 51 20 later
1024 2352 22 19 at
1065 2352 85 20 anuther
1182 2354 80 25 nuptial
1278 2361 111 21 ceiemony,

956 2378 40 19 and
1005 2385 25 12 on
1042 2377 39 20 this
1091 2380 92 19 occasion
1194 2380 48 25 they
1260 2382 71 26 eloped
1350 2384 39 19 and

957 2404 37 19 fled
1005 2407 21 17 to
1037 2412 9 12 a
1058 2406 105 19 mountain
1184 2406 98 21 domicile.
1310 2411 25 17 Jn
1354 2410 35 19 tbe

957 2431 105 19 meantime
1071 2432 32 19 tbe
1114 2432 90 20 husband
1216 2434 22 18 of
1249 2434 82 23 Bidonis
1350 2443 39 12 wan

957 2457 62 19 found
1031 2458 104 20 murdered
1152 2459 22 19 in
1194 2459 29 20 his
1235 2460 42 24 bed,
1297 2462 38 19 and
1356 2463 33 19 the

956 2484 60 19 criino
1027 2484 61 25 being
1095 2486 111 20 attributed
1218 2490 20 16 to
1250 2489 34 18 the
1294 2494 94 22 runaway

957 2511 71 24 lovers,
1038 2511 46 25 tbey
1096 2519 49 12 were
1160 2514 69 19 traced
1250 2518 20 16 to
1291 2514 32 21 tho
1343 2516 45 19 hills

956 2537 39 19 and
1013 2539 96 19 arrested.
1137 2539 55 26 They
1219 2547 51 14 were
1300 2542 88 26 recently

957 2563 51 19 tiied
1019 2563 69 21 before
1102 2566 34 19 tbo
1146 2565 86 21 District
1252 2567 98 21 Tribunal
1368 2573 21 15 at

959 2589 87 26 Rostoff,
1058 2598 24 12 on
1102 2593 33 19 the
1154 2593 55 24 Don,
1227 2595 38 18 and
1285 2595 104 20 confessed

959 2616 43 20 that
1014 2616 34 20 tho
1063 2620 80 18 murder
1164 2626 40 13 was
1224 2622 115 18 committed
1365 2622 23 25 by

957 2643 52 19 their
1028 2643 53 26 joint
1098 2645 126 26 instigation.
1253 2647 41 20 The
1323 2648 67 20 actual

957 2670 75 25 culprit
1049 2678 23 12 or
1091 2672 87 27 culprits
1201 2674 49 20 have
1276 2676 36 17 not
1340 2674 49 21 been

956 2695 71 26 found,
1039 2697 81 26 Siponie
1130 2700 39 18 a:id
1184 2699 35 21 her
1230 2700 54 20 lover
1294 2707 33 13 are
1347 2709 42 12 now

959 2722 31 20 for
1011 2730 46 13 ever
1082 2726 113 25 separated.
1223 2726 41 20 Tbe
1296 2728 93 26 unbappy

959 2749 90 21 Princess
1060 2758 45 18 goes
1117 2753 20 19 to
1158 2753 35 19 iier
1210 2754 79 25 gloomy
1309 2754 42 20 fate
1370 2754 20 20 in

959 2775 33 20 the
999 2775 90 22 Siberian
1100 2779 63 23 wilds,
1175 2782 39 17 and
1227 2780 34 20 her
1272 2781 118 25 companion

959 2804 20 17 to
992 2803 33 19 tho
1036 2805 59 24 penal
1105 2805 67 19 island
1182 2806 21 19 of
1214 2806 114 25 Saghalien.

986 2874 39 19 AN
1034 2873 161 22 AWKWARD
1202 2875 155 21 SITUATION.

985 2927 32 19 An
1028 2926 177 22 anti-tobacconiot
1226 2935 40 13 was
1282 2930 109 26 delivering

960 2954 18 18 in
987 2953 34 20 the
1032 2961 94 18 presence
1134 2954 21 20 of
1171 2961 10 13 a
1193 2956 54 24 large
1255 2957 38 18 and
1303 2956 88 20 brilliant

959 2980 98 26 assembly
1068 2987 11 13 a
1084 2981 106 20 vehement
1205 2982 102 26 harangue
1313 2984 79 24 against

960 3007 34 19 the
1004 3013 35 13 use
1049 3007 21 20 of
1080 3008 81 19 tobacco
1178 3009 39 19 and
1237 3009 55 19 Bnuff
1310 3010 39 19 and
1366 3010 26 19 its

960 3033 112 24 daLger>us
1088 3040 155 20 consequences.
1355 3043 36 14 can

959 3066 39 19 any
1010 3066 43 13 man
1065 3060 19 18 in
1093 3060 30 19 his
1233 3062 23 19 119
1276 3063 115 24 continued,

960 3086 48 20 with
1025 3087 113 25 increasing
1164 3088 90 24 warmth,
1275 3090 62 19 -'turn
1362 3090 30 19 his

961 3113 68 19 mouth
1041 3113 41 19 into
1101 3120 11 12 a
1129 3114 92 26 chimney
1236 3114 39 20 and
1295 3115 30 20 his
1343 3123 50 13 nose

960 3139 42 19 into
1013 3145 11 13 a
1035 3140 113 25 cess-pool'r
1148 3139 2 26 1

987 3167 31 18 At
1036 3165 56 21 these
1112 3168 70 23 words,
1209 3167 24 20 he
1253 3168 137 27 abstractedly

960 3192 67 19 thrust
1038 3191 30 21 his
1079 3193 52 19 hand
1145 3194 44 20 into
1209 3194 30 20 his
1254 3198 46 17 coat
1318 3196 74 25 pocket

961 3219 38 19 and
1009 3219 63 26 coolly
1084 3219 29 19 hel
1120 3227 35 18 pea
1173 3221 80 20 himself
1272 3224 20 17 to
1312 3229 10 13 a
1334 3222 58 26 pinch

961 3245 21 19 of
993 3245 60 19 snuff.

987 3271 42 19 The
1039 3271 46 21 loud
1096 3273 94 25 laughter
1209 3275 21 19 of
1249 3275 31 20 his
1297 3275 96 20 audience

962 3298 44 20 first
1013 3298 54 20 mude
1075 3299 39 20 hiw
1123 3307 63 14 aware
1194 3301 21 20 of
1224 3302 29 19 his
1260 3304 133 17 unfortunate

962 3325 90 18 mistake.

1026 3401 125 20 GAINING
1163 3402 17 18 A
1190 3402 126 20 VERDICT.

989 3455 19 18 A
1021 3454 108 20 Galveston
1141 3461 45 13 mm
1197 3457 40 17 met
1247 3456 21 19 in
1279 3456 34 19 the
1332 3458 62 18 street

963 3486 11 13 a
982 3480 67 20 friend
1059 3481 51 19 from
1122 3481 34 19 the
1167 3484 93 23 country.
1369 3482 24 20 do

962 3513 40 18 you
1112 3507 109 20 exclaimed
1259 3507 35 21 the
1321 3509 72 19 friend.

1052 3533 10 20 I
1073 3533 39 20 last
1124 3534 59 20 heard
1195 3533 21 20 of
1226 3541 40 18 you
1276 3542 40 19 you
1326 3535 39 19 had
1384 3543 10 12 a

963 3559 82 20 lawsxn't
1060 3567 26 13 on
1106 3560 53 19 hand
1181 3559 49 21 with
1256 3561 48 19 Tom
1329 3562 64 19 Smith

963 3586 62 20 ahout
1036 3593 10 13 a
1060 3586 65 20 horse.
1153 3587 52 19 How
1213 3587 34 19 did
1263 3587 45 20 that
1324 3589 37 18 end

997 3620 43 12 won
1051 3613 21 20 it,
1101 3613 10 19 I
1119 3613 119 26 completely
1245 3616 34 23 got
1287 3621 54 20 away
1346 3615 47 19 with

962 3639 53 20 Tom.
1045 3639 45 20 Ton
1101 3646 38 17 see,
1156 3640 34 18 the
1209 3639 74 26 justice
1304 3647 38 13 was
1361 3641 33 19 the

963 3669 51 16 most
1024 3666 72 20 honest
1106 3673 45 13 man
1162 3666 19 19 in
1202 3665 35 21 the-
1255 3667 68 24 world,
1343 3674 21 12 so
1383 3668 10 19 I

963 3695 61 17 wrote
1035 3692 38 20 him
1083 3700 10 12 a
1103 3695 47 17 note
1160 3692 71 25 asking
1244 3693 39 19 him
1295 3695 21 19 to
1323 3695 71 24 accept

963 3719 35 19 the
1016 3719 91 19 enclosed
1143 3718 113 21 five-dollar

963 3745 72 19 should
1048 3745 58 19 think
1126 3745 34 19 the
1259 3747 67 19 would
1345 3746 49 20 have

963 3771 58 19 ruled
1030 3771 79 25 against
1118 3778 40 19 you
1170 3773 32 18 for
1212 3773 68 24 trying
1298 3775 22 17 to
1339 3773 55 19 brihe

1101 3798 24 19 he
1143 3799 73 23 would,
1238 3798 16 20 if
1271 3800 10 18 I
1301 3799 38 19 had
1358 3801 36 18 not

962 3824 49 20 been
1021 3824 75 20 careful
1105 3825 72 24 to.oign
1186 3825 49 19 Tom
1246 3825 81 21 Smith's
1336 3833 58 13 name

963 3851 78 21 instead
1052 3851 21 19 of
1083 3858 30 18 my
1122 3857 52 16 ovyn.
1202 3851 11 20 T
1223 3851 34 21 tell
1275 3860 47 17 you,
1336 3853 47 19 then-

962 3883 34 13 are
1003 3877 57 19 other
1071 3884 52 18 ways
1133 3877 22 19 of
1170 3877 73 27 filling
1261 3886 11 12 a
1289 3879 38 26 dog
1344 3879 48 20 thai:

963 3902 87 25 choking

1210 48 57 19 THE
1280 47 60 21 HOT
1354 43 68 29 LAKE
1439 43 17 29 3
1473 43 168 29 CHRONICLE,
1658 45 193 24 V7EDNESDAY,
1865 43 87 21 APRIL
1968 43 30 26 17,
2013 44 59 24 1895,

531 3948 35 15 The
579 3947 77 17 Customs)
665 3947 66 14 returns
741 3949 52 18 prove
800 3945 65 19 beyond
875 3944 59 15 contra-

513 3968 63 17 diction
591 3967 39 15 that
641 3965 67 20 Nelson,
718 3964 56 17 Moate
786 3964 34 16 and
830 3964 39 16 Co's
877 3964 31 16 fine
917 3964 26 14 tea

512 3993 29 11 are
555 3987 51 19 being
620 3985 108 21 appreciated
741 3984 23 19 ljy
775 3984 28 15 tlie
812 3984 85 19 majority,
918 3983 26 15 for

513 4009 17 16 in
545 4007 41 20 spite
600 4006 17 16 of
630 4006 28 16 the
665 4010 89 11 numerous
767 4004 46 15 firms
824 4004 16 15 in
849 4008 50 14 every
906 4003 37 19 part

513 4028 16 16 in
538 4027 28 16 the
579 4026 78 17 Colonies
665 4025 39 16 that
719 4029 28 12 are
765 4024 72 19 copying
851 4023 51 17 them,
917 4022 26 15 the

512 4049 80 15 turnover
605 4046 14 16 is
627 4051 19 11 as
653 4046 46 18 largo
712 4049 19 11 as
738 4048 44 14 over,
796 4043 33 15 and
839 4043 28 14 Hie
875 4041 68 17 demand

512 4072 17 10 so
548 4067 48 19 great
607 4066 38 16 that
658 4065 41 19 they
713 4064 31 15 sell
754 4068 45 11 moro
809 4062 66 19 Indian,
889 4062 54 19 Ooyon

512 4087 33 15 and
564 4086 70 17 hleudod
651 4086 37 14 teas
705 4084 41 15 tlian
763 4083 28 15 the
811 4082 52 15 wholo
879 4081 17 15 of
917 4080 27 17 the

515 4107 69 19 imports
600 4106 33 16 and
648 4104 65 17 dealers
734 4103 37 20 put.
790 4102 77 21 togothor
879 4105 17 13 a
913 4100 31 15 last

514 4126 68 19 quarter
589 4126 17 16 of
614 4125 29 18 the
653 4124 71 18 Colony-

989 3963 42 20 Tho
1049 3964 78 19 Thief's
1146 3964 152 22 Motto—Take
1325 3965 68 26 things

964 3990 82 25 quietly.

989 4084 64 25 Many
1063 4091 11 12 f,
1084 4091 45 13 man
1143 4085 36 20 Las
1195 4086 58 20 made
1270 4093 12 14 a
1297 4094 60 19 goose
1373 4088 20 20 of

964 4110 80 21 himself
1054 4110 47 21 with
1113 4118 11 13 a
1134 4112 64 25 singlo
1209 4111 57 27 quill.

1409 99 35 34 \<*
1464 97 131 37 Rofoft!
1641 96 170 37 Sawmill.
1827 108 25 23 s*

1429 170 128 25 SXTHITE
1580 170 59 20 AND
1665 170 54 19 RKD
1741 169 65 20 PINE
1830 169 22 19 of

1436 203 9 12 «
1458 202 11 15 7
1514 199 35 18 the
1640 199 78 23 quality
1736 202 39 13 ana
1795 202 45 12 care-

1417 223 53 26 fully
1481 225 41 18 cut.

1591 249 80 19 ALSO
1871 249 2 21 I

1418 270 99 24 MATAI,
1547 270 136 20 PUKA.TKA
1699 270 38 19 and
1765 268 85 21 TAWA

1417 296 100 26 Shingles,
1533 296 101 26 Palioges,
1653 296 72 19 Blocks
1735 296 40 19 and
1783 295 67 19 Posts.

1457 346 12 20 A
1476 346 41 26 good
1528 345 32 21 and
1570 345 74 21 assorted
1658 345 61 25 supply
1728 346 63 24 always
1803 349 21 16 on

1504 370 44 21 hand
1555 370 18 21 at
1584 370 27 20 the
1619 370 65 20 Timber
1700 370 49 21 Yard.

1564 395 151 30 I^OIIOI^UA.

1417 438 53 20 N.B.
1474 437 125 26 —Special
1613 443 57 14 care
1680 437 74 20 taken
1772 438 23 19 in
1807 437 43 20 the

1498 465 147 24 seasoning.

1444 504 86 39 Prices
1558 504 25 38 at
1605 503 106 40 Current
1731 503 87 44 Rates,
1869 506 5 35 I

1905 125 30 30 J.
1959 124 38 30 H,
2020 123 251 37 BUCHANAN,

1911 170 117 21 STOXE
2043 170 218 21 MERCHANT.

1585 583 157 22 HENSHAW,

1716 609 106 22 Manager.

1484 671 92 32 H.C
1597 673 193 33 WRIGHT,

1490 719 139 20 SURGEON
1640 720 130 21 DENTIST.

1464 771 119 26 (Successor
1592 774 23 17 to
1625 774 26 17 A.
1664 773 22 20 L.
1697 774 104 25 Wright),

1440 824 90 20 Notifies
1540 823 45 21 that
1596 825 25 19 he
1639 826 18 18 is
1676 826 121 26 continuing
1815 827 35 19 the

1413 850 93 20 business
1516 850 22 20 of
1548 858 12 12 a
1571 851 84 19 Dentist
1665 855 21 16 at
1697 854 34 19 the
1742 852 106 21 Premises.

1414 876 229 26 SHORTLA.ND-ST.,
1658 880 86 19 assisted
1766 880 25 25 hy
1810 880 39 19 Mn

1417 903 30 19 \V.
1458 903 28 19 11.
1497 903 106 21 Weight.
1622 904 43 21 The
1676 906 109 25 high-class
1795 906 53 19 work

1413 929 22 19 of
1446 929 35 19 the
1490 929 42 20 late
1542 930 36 20 Mr
1587 931 26 19 A.
1623 930 25 20 L.
1657 932 87 26 Wright
1764 932 40 20 will
1824 933 24 20 be

1413 956 87 18 adhered
1511 957 28 22 to,
1547 957 39 18 aud
1597 964 39 17 any
1648 958 38 20 left
1697 959 116 19 unfinished
1822 959 26 24 by

1416 981 38 20 hat
1465 981 118 26 gentleman
1596 983 40 19 will
1655 985 24 19 be
1697 985 113 26 completed
1821 986 25 25 by

1507 1008 34 19 the
1550 1016 44 12 new
1605 1014 149 19 management.

1482 1068 215 32 Established
1719 1080 59 19 1876-

1479 1127 96 37 John
1606 1127 37 37 J.
1674 1127 104 47 Keys,

1415 1182 118 28 Builder
1566 1182 59 27 and
1658 1182 188 29 Contractor.

1482 1220 296 27 ROTORUA.

1411 1253 110 20 Estimates
1540 1254 58 25 given
1613 1254 34 19 for
1657 1254 115 25 Buildings,
1783 1254 52 20 alter-

1430 1280 77 20 tations
1517 1282 38 17 and
1566 1281 77 24 repairs
1653 1281 20 18 in
1684 1280 26 19 all
1721 1281 98 19 brancbes

1568 1306 23 20 of
1601 1307 35 20 the
1644 1307 63 20 trade.

1968 203 171 17 ESTABLISHED
2149 205 48 15 1592.

1871 253 106 20 Statuary,
1996 250 143 20 Monumental
2162 250 38 20 aed
2220 250 87 19 General

1899 294 118 21 MARBLE
2034 294 62 20 AND
2115 292 166 21 F»EESTONE

1872 327 137 21 CHIMNEY
2028 326 107 24 PIECES,
2149 325 101 23 LIASES,
2262 325 44 19 Etc.

1911 362 130 32 VICTORIA
2061 360 110 32 STREET
2198 359 74 36 EAST,

1962 404 250 34 AUCKLAND.

1896 471 65 25 Desig
2003 470 40 19 and
2063 469 67 20 Prices
2147 466 115 21 forwarded
2281 472 25 13 on

1870 497 124 26 application
2005 499 20 16 to
2035 503 39 18 any
2083 497 47 24 part
2137 494 22 20 of
2166 494 35 19 the
2208 493 99 20 Province

1871 525 83 23 Colony.

1894 600 70 46 W.
1989 595 291 55 THOMAS,

1878 658 259 26 MONUMENTAL
2148 656 129 21 MASON.

1918 694 139 21 VICTORIA
2069 692 104 20 STREET
2182 691 76 23 EAST,

2001 727 173 21 AUCKLAND.

1904 783 94 24 Orders
2018 781 28 25 in
2067 781 111 27 Marble,
2199 778 108 25 Granite

1869 817 50 24 and
1929 816 86 28 Stone,
2025 814 134 33 promptly
2168 812 52 25 and
2227 812 66 24 faith-

1869 851 69 31 fully
1951 848 134 25 executed.

1896 910 112 31 Designs
2020 908 48 24 and
2083 908 83 31 prices
2177 906 55 24 free
2245 913 34 16 on

2002 941 168 33 application.

1930 1040 99 32 GEO-
2050 1039 31 31 S.
2100 1039 145 36 WOOD,

1964 1085 79 16 EPSOM
2063 1083 143 18 AUCKLAND.

1905 1122 122 21 liuildcr
2043 1121 24 20 &
2078 1119 200 23 Contractors

1951 1174 157 21 ESTIMATES
2121 1172 100 21 GIVEN.

1893 1228 85 19 Houses
1985 1227 55 19 built
2049 1226 40 20 aud
2104 1225 116 21 Furnished
2232 1225 21 19 in
2263 1232 39 18 any

1866 1254 57 26 Style
1933 1256 22 17 at
1966 1255 70 18 lowest
2047 1254 62 18 Rates
2120 1252 32 20 for
2161 1251 59 21 Cash.

1867 1306 114 21 Furniture
1999 1306 21 19 of
2040 1312 38 19 any
2099 1305 135 24 Description
2255 1312 36 19 sup-

1918 1333 54 26 plied
1984 1334 21 18 at
2015 1333 71 19 lowest
2097 1332 66 24 prices
2174 1333 22 17 at
2215 1331 35 20 tbo

1985 1359 93 20 Shortest
2100 1358 82 20 Notice.

2017 1461 68 65 ISE
2124 1459 156 66 HOTEL

1608 1549 36 20 Six
1654 1550 58 19 miles
1723 1550 52 19 from
1784 1550 59 20 Lake
1852 1550 71 26 Taupo
1935 1549 99 26 (Rotorua
2045 1548 58 26 side).

1535 1590 221 33 SUPERIOR
1788 1589 393 34 ACCOMMODATION

1604 1637 54 22 ALL
1669 1639 57 21 THE
1737 1638 145 22 COMFORTS
1893 1639 35 21 OF
1939 1639 17 21 A
1966 1638 82 22 HOME
2058 1637 55 22 FOR

1562 1679 216 33 TOURISTS
1816 1679 91 32 AND
1943 1678 206 33 INVALIDS.

1410 1767 69 27 Hot
1493 1766 205 33 Swimming
1711 1766 109 28 Baths
1956 1766 71 27 Hot
2040 1764 142 28 Douche
2192 1762 112 30 Baths

1711 1800 118 27 Grand
1848 1799 152 28 Climate.

1510 1839 303 28 Elevation—l3so
1833 1839 69 27 feet
1916 1839 109 27 above
2036 1845 59 21 sea
2105 1836 98 32 level.

1410 1918 259 27 COMPETENT
1685 1917 162 28 GUIDES
1859 1927 156 24 accompany
2027 1918 108 25 tourists
2144 1919 26 23 to
2180 1918 45 23 the
2239 1916 52 25 vari-

1509 1961 46 15 ous
1568 1954 85 31 places
1667 1952 26 24 of
1705 1952 117 31 interest,
1837 1952 88 24 which
1932 1952 75 24 bailie
2020 1952 45 24 the
2079 1954 65 22 most
2156 1951 78 25 facile
2245 1959 59 24 pen,

1509 1986 50 24 and
1573 1994 47 16 can
1632 1986 60 32 only
1706 1986 31 24 be
1750 1986 110 24 realized
1872 1986 77 24 when
1968 1994 66 16 seen.

1544 2032 88 28 MRS
1646 2033 37 27 R.
1704 2032 196 33 GRAHAM,
1921 2032 245 33 Proprietress.

1918 2086 8 10 r
1927 2085 80 13 'B>—

1410 2120 195 26 GEYSER
1620 2121 193 24 VALLEY
1825 2121 94 20 contains
1926 2121 35 20 the
1969 2121 107 25 following
2083 2119 122 27 unequalled
2214 2119 91 19 Natural

1488 2148 94 19 wonders
1592 2143 157 30 :—Tubuatabi,
1770 2155 22 12 or
1813 2148 66 20 Great
1898 2148 133 25 Champagne
2050 2147 106 20 Cauldron
2167 2143 4 30 ;
2186 2147 34 19 tlie
2239 2146 67 19 Groat

1488 2173 104 21 Wairakei
1603 2175 80 24 Geyser
1691 2171 4 28 ;
1705 2174 34 19 tho
1750 2174 89 25 Donkey
1850 2175 80 24 Engine
1940 2171 4 28 ;
1955 2174 35 20 the
2001 2173 84 21 Fairies'
2094 2173 53 20 Batb
2158 2171 3 28 ;
2173 2173 35 19 tbe
2219 2171 75 26 Lightn-

1489 2201 37 25 ing
1537 2201 48 19 Pool
1595 2199 4 27 ;
1612 2201 35 18 tbe
1657 2201 50 19 Case
1723 2201 24 19 de
1759 2201 86 25 Geysc-r,
1860 2208 22 12 or
1893 2200 104 26 Dragon's*
2008 2201 70 19 mouth
2090 2199 3 27 ;
2104 2200 35 20 the
2147 2199 61 20 black
2220 2199 86 24 Geyser;

1489 2228 34 18 tho
1532 2227 51 19 Mud
1596 2227 80 24 Geyser
1684 2225 4 28 ;
1707 2227 34 19 tho
1752 2227 52 20 Blue
1815 2227 56 20 Lake
1881 2236 5 17 ;
1895 2227 35 19 the
1951 2227 34 21 Oil
1995 2226 53 20 Bath
2057 2235 5 16 ;
2081 2227 35 19 tho
2138 2225 81 26 E&gle's
2239 2225 67 25 Nest;

1490 2254 35 19 the
1536 2253 79 20 Devil's
1627 2253 70 20 Punch
1710 2254 54 19 Bowl
1775 2251 3 28 ;
1790 2254 35 20 the
1838 2254 73 19 Prince
1925 2253 22 20 of
1957 2253 77 20 Wales'
2045 2253 99 19 Feathers
2153 2251 4 28 ;
2166 2253 33 19 tbo
2216 2251 90 25 Mirror;

1490 2280 33 20 the
1532 2280 57 19 Twin
1599 2280 79 25 Geyser
1688 2278 3 27 ;
1704 2280 34 20 the
1749 2281 60 19 Coral
1820 2281 80 24 Geyser
1911 2278 3 27 ;
1926 2280 35 20 Ibe
1972 2280 67 20 Green
2055 2279 63 24 Pool;
2137 2278 134 24 Terekerehe,
2284 2286 22 12 or

1489 2306 48 20 Hell
1550 2307 79 24 Geyser
1638 2305 4 27 ;
1653 2307 35 19 tbe
1699 2307 69 19 Steam
1779 2307 105 21 Hammer.
1914 2307 85 20 Guide's
2010 2307 32 19 fee
2053 2308 21 18 to
2086 2307 80 25 Geyser
2185 2305 80 25 Valley,
2276 2307 29 23 ssj

1490 2334 93 19 distance
1593 2333 52 19 from
1656 2333 34 19 the
1700 2333 63 24 hotel,
1773 2341 38 13 ono
1822 2334 53 19 mile.

1411 2394 96 25 THE
1528 2395 353 32 AREATEATEA,
1901 2402 22 13 or
1934 2395 80 20 Ladder
2024 2395 84 26 Rapids.
2137 2394 44 20 The
2199 2394 107 21 Grandest

1489 2426 79 24 Rapids
1579 2426 22 20 in
1610 2426 36 20 the
1657 2425 102 21 Southern
1770 2426 151 27 Hemisphere;
1930 2427 76 26 falling
2015 2427 22 20 in
2057 2427 30 19 six
2104 2426 90 20 distinct
2211 2427 93 19 cascades

1489 2455 95 23 amongst
1600 2453 61 19 weird
1674 2453 39 19 and
1725 2453 75 26 rugged
1817 2460 91 19 scenery.
1936 2454 98 20 Distance
2045 2453 52 20 from
2109 2453 35 19 the
2165 2453 62 24 hotel,
2247 2454 57 20 three

1490 2480 63 19 miJes.
1582 2479 76 20 Saddle
1667 2479 71 20 horses
1752 2482 21 17 to
1784 2480 48 19 visit
1843 2481 33 19 the
1885 2480 85 26 Rapids,
1981 2481 22 19 7s
2015 2481 25 19 Cd
2050 2480 55 20 each.

1832 2512 33 10 -:o:

1411 2527 200 25 KERAPII
1632 2527 3 27 I
1665 2534 22 14 or
1696 2527 36 21 the
1741 2528 79 21 Devil's
1830 2529 99 25 Trumpet
1939 2529 16 19 ia
1972 2529 43 19 said
2036 2531 19 16 to
2078 2528 50 20 emit
2147 2536 12 13 a
2181 2535 93 19 pressure
2285 2529 20 19 of

1490 2554 71 19 ISOlbs
1571 2554 22 19 of
1608 2557 63 16 steam
1683 2557 20 17 to
1714 2554 34 20 the
1756 2555 53 23 inch,
1824 2556 54 18 from
1889 2562 25 13 an
1930 2557 97 23 aperture
2038 2555 21 20 of
2079 2556 65 19 about
2163 2557 25 18 12
2204 2556 70 19 inches
2284 2556 19 19 in

1490 2580 104 21 diameter.
1623 2580 99 21 Distance
1735 2580 54 21 from
1799 2581 57 21 hotel
1862 2581 59 21 three
1931 2583 39 19 and
1984 2589 10 13 a
2004 2581 44 22 half
2057 2581 57 21 miles
2122 2580 4 26 ;
2147 2582 71 20 saddle
2234 2582 71 21 horses

1489 2609 20 17 to
1523 2607 47 20 visit
1581 2607 35 20 the
1627 2608 68 23 above,
1707 2608 54 19 2s(id
1772 2608 56 19 each.

1413 2669 96 24 THE
1531 2669 133 24 HUKA
1684 2669 170 32 FALLS,
1874 2670 34 20 the
1926 2670 105 21 Grandest
2041 2670 56 21 Falls
2107 2672 21 19 in
2149 2670 34 20 the
2203 2670 101 20 Southern

1490 2700 142 25 Hemisphere.
1661 2700 41 21 The
1714 2700 55 20 Falls
1780 2707 45 21 may
1840 2702 25 19 be
1875 2702 72 19 visited
1956 2708 24 12 rn
1992 2702 33 19 the
2036 2707 54 14 same
2096 2701 117 25 expedition
2227 2709 22 12 as
2270 2702 36 20 tbo

1492 2726 76 19 Devil's
1577 2727 104 25 Trumpet.
1709 2726 99 22 Distance
1818 2728 54 19 from
1883 2728 54 19 hotel
1949 2728 58 19 three
2015 2728 38 19 and
2065 2735 12 12 a
2087 2728 44 20 half
2141 2728 64 21 miles.
2231 2729 74 20 Saddle

1490 2752 60 21 horse
1558 2760 22 13 or
1590 2753 70 25 buggy
1708 2754 25 19 9d
1744 2754 55 20 each.

1535 2841 264 49 LHKE
1857 2843 333 48 HOUSE

1573 3045 84 34 (Both
1671 3048 102 24 Houses
1786 3050 83 24 under
1883 3057 69 17 same
1960 3047 195 34 management)

1413 3120 202 36 Pleasantly
1634 3123 162 29 situated.

1453 3159 223 33 Magnificent
1686 3161 90 28 view
1785 3163 37 27 of
1827 3163 113 28 Maori
1949 3162 47 27 Pa
2006 3161 28 28 &
2043 3162 156 28 Rotorua
2211 3160 92 27 Lake

1513 3202 72 27 Hot
1594 3203 149 28 Mineral
1756 3204 28 28 &
1799 3204 157 34 Sulphur
1968 3203 108 29 Baths
2086 3204 37 27 in
2140 3203 162 35 grounds.

1483 3297 198 47 Buggies
1699 3302 45 33 to
1763 3302 300 35 Government
2081 3298 151 43 Baths.

1648 3394 254 44 JOSEPH
1927 3396 238 53 McRAE,

1954 3457 282 29 PROPRIETOR.

1686 3683 350 30 TKURHNGH

1414 3718 81 40 Smith
1524 3719 49 39 and
1592 3718 115 49 Carriage
1730 3718 105 46 Works,
1866 3719 83 40 Coach
1975 3720 49 39 and
2054 3719 111 53 Waggon
2201 3722 105 52 Factory

1620 3786 216 21 ESTABLISHED
1852 3787 83 20 OVER
1952 3787 26 21 10
1993 3787 107 23 YEARS.

1432 3834 38 16 Tho
1478 3832 118 22 undersigned
1604 3838 30 11 are.
1641 3833 139 17 manufacturers
1787 3834 19 16 of
1814 3834 24 16 all
1846 3835 64 16 classes
1918 3836 18 15 of
1945 3835 80 17 Vehicles
2034 3836 13 16 &
2056 3836 121 21 Agricultural
2187 3838 119 19 Implements.

1434 3856 36 17 Our
1479 3855 112 16 well-known
1599 3854 100 20 reputation
1707 3860 19 10 as
1734 3854 85 17 Practical
1834 3855 103 19 Mcohanioa
1954 3857 34 16 and
2002 3857 58 17 W.P'.'
2072 3859 20 16 27
2107 3864 52 15 years
2171 3860 101 21 experience
2290 3861 18 16 in

1413 3876 28 17 Uio
1450 3876 120 16 Australasian
1578 3875 85 20 Colonies,
1672 3876 64 20 justify
1744 3881 20 11 us
1772 3876 17 16 in
1807 3877 84 21 claiming
1902 3879 40 15 that
1958 3883 24 11 wo
1999 3884 32 11 can
2045 3879 69 17 furnish
2130 3886 10 11 a
2155 3881 58 16 better
2228 3881 45 18 claBS
2291 3883 18 16 of

1413 3898 78 18 vehicles,
1501 3897 95 16 consistent
1604 3896 42 17 with
1653 3897 63 16 honest
1724 3897 47 16 work
1780 3899 18 15 at
1807 3904 10 10 a
1825 3899 75 20 cheaper
1912 3901 37 14 rate
1958 3900 41 15 than
2009 3905 34 14 any
2051 3900 18 16 of
2078 3906 31 11 our
2117 3903 114 19 competitors

1433 3919 37 16 The
1477 3919 62 16 Public
1547 3918 36 16 will
1594 3918 36 15 find
1639 3918 14 15 it
1664 3919 17 14 to
1696 3918 45 15 their
1756 3919 100 21 advantage
1872 3921 18 14 to
1907 3920 151 17 ENCOURAGE
2077 3922 80 17 LOCAL
2176 3924 126 17 INDUSTItY

1413 3940 56 16 where
1480 3940 42 20 tlioy
1533 3945 31 10 can
1573 3939 44 15 have
1624 3939 29 15 the
1659 3939 79 20 pleasure
1746 3940 18 16 of
1771 3940 61 21 seeing
1846 3942 94 16 first-class
1956 3942 79 17 material
2048 3944 35 15 and
2099 3945 129 20 workmanship
2244 3947 33 18 put
2292 3947 16 15 in

1411 3961 80 17 Vehicloi
1499 3961 50 16 made
1557 3961 18 15 to
1584 3960 46 16 their
1636 3960 62 16 valued
1705 3960 65 17 orders.

1432 3982 153 19 N.B.—'Vehicles
1592 3981 19 16 of
1617 3980 24 17 all
1650 3980 114 22 descriptions
1773 3984 87 20 repairol,
1871 3984 80 21 painted,
1961 3986 96 16 renovated
2066 3987 34 16 and
2117 3987 51 16 mado
2185 3989 26 16 to'
2219 3988 40 17 look
2276 3994 33 16 equ

1415 4050 203 30 WILLIAM
1638 4050 184 35 PARKER,
1845 4053 253 29 Coachbuilder

1772 4089 142 27 JAMES
1935 4091 133 33 HAUA,
2088 4093 221 31 Blacksmith

1671 4122 149 17 DEVONPORT
1833 4123 76 20 ROAD,
1923 4123 149 19 TAURANCA.

813 4178 127 52 Ask
971 4179 91 52 for
1112 4180 292 55 Hanoeks'
1434 4187 343 54 Celebrated
1809 4198 207 46 XXXX
2039 4193 143 52 Ales
2206 4184 119 60 and
2347 4187 193 53 Stout.

2359 494 71 70 E.
2469 496 270 76 HARE,

2368 627 354 46 HERBALIST,

2325 760 161 37 cMedieal
2525 762 235 39 Electrician.

2425 842 247 33 AUCKLAND.

2488 957 107 28 BEST

2350 1012 163 40 Eleetrie
2539 1016 197 42 Machines

2448 1088 58 20 FOE
2516 1088 71 22 SALE
2599 1091 35 19 AT

2357 1141 181 32 LOWEST
2565 1144 160 28 PRICES.

2375 1254 177 21 INSPECTION
2576 1255 129 22 INVITED.

2354 1360 77 25 From
2437 1362 45 24 the
2489 1370 80 24 many
2576 1362 66 26 facts
2651 1363 35 25 all
2690 1365 71 24 must

2320 1414 100 26 believe
2444 1417 59 25 that
2532 1418 76 24 there
2631 1419 22 24 is
2676 1420 47 24 not
2747 1428 12 16 a

2321 1470 81 33 single
2413 1471 97 27 disease
2519 1472 28 25 in
2559 1481 63 17 man
2630 1473 59 26 that
2701 1482 60 25 may

2321 1527 45 23 not
2375 1526 68 26 have
2455 1526 34 25 its
2502 1528 106 33 remedy
2621 1537 28 17 or
2658 1537 62 18 cure
2733 1529 28 26 in

2321 1591 69 18 some
2403 1583 64 25 herb
2485 1590 28 18 or
2526 1583 76 26 other
2621 1584 21 25 if
2662 1592 38 19 we
2712 1585 49 26 but

2321 1639 76 26 knew
2420 1639 87 26 which
2530 1639 85 34 plant.
2668 1640 93 35 Thirty

2321 1694 80 34 years'
2432 1694 47 26 life
2502 1693 27 27 in
2554 1694 66 27 New
2649 1695 112 27 Zealand

2322 1752 67 24 have
2402 1752 47 24 not
2458 1752 69 24 been
2536 1752 99 25 wasted
2660 1752 28 25 in
2709 1751 53 27 this

2322 1808 110 31 respect,
2446 1814 28 18 so
2486 1815 40 17 we
2540 1807 64 25 offer
2616 1811 26 22 to
2656 1808 35 25 all
2703 1808 59 26 who

2322 1863 80 24 suffer
2414 1862 56 32 just
2482 1863 72 25 what
2566 1863 64 26 each
2643 1872 57 17 case
2722 1872 26 17 re-

2324 1918 93 33 quires.

2358 2046 54 24 Our
2425 2046 116 26 Electric
2554 2047 83 25 Baths
2649 2055 44 17 are
2716 2047 46 25 the

2324 2100 56 25 best
2398 2101 27 25 in
2449 2102 46 23 the
2526 2103 61 32 city,
2617 2110 67 18 none
2709 2102 53 26 like

2323 2155 81 27 them.
2484 2157 56 24 Our
2568 2157 116 26 Mineral
2712 2158 49 25 and

2324 2211 106 32 Vapour
2442 2212 82 25 Baths
2538 2221 44 17 are
2594 2214 54 24 also
2672 2214 27 24 of
2718 2214 44 25 the

2324 2267 56 24 first
2393 2267 80 26 order.

2328 2663 33 21 u
2398 2670 140 32 Buying
2573 2670 36 26 in
2648 2670 112 33 Large

2325 2702 206 29 Quantities.
2554 2704 15 25 I
2596 2710 57 20 am
2677 2703 83 28 thus

2324 2735 145 28 enabled
2521 2737 36 27 to
2611 2743 149 26 procure

2323 2769 106 32 goods
2472 2770 36 27 at
2545 2770 59 27 the
2640 2770 121 28 lowest

2322 2803 153 31 possible
2518 2804 123 33 prices,
2691 2804 69 27 and

2322 2836 176 27 therefore
2512 2844 56 19 am
2585 2837 37 26 in
2636 2844 21 19 a
2669 2837 72 33 posi-

2322 2869 75 26 tion
2405 2870 36 26 to
2462 2870 65 27 sell
2540 2871 38 26 at
2595 2870 165 33 cheapest

2322 2902 103 31 rates.
2462 2903 48 28 As
2536 2910 46 21 an
2601 2903 158 34 example

2324 2936 15 26 I
2362 2936 104 32 quote
2488 2936 60 27 the
2579 2936 181 35 following

2323 2969 141 28 articles
2482 2970 54 27 for
2557 2970 90 27 Cash
2660 2971 99 33 Only.

2322 3022 53 23 Jam,
2386 3022 129 23 Australian,
2535 3022 64 21 dozen
2610 3022 41 20 tins
2705 3023 14 19 6
2747 3024 13 18 0

2341 3063 13 10 „
2373 3048 85 21 MenDio
2469 3050 17 19 &
2497 3049 64 25 Doy's
2707 3051 11 18 6
2747 3051 13 18 6

2323 3075 114 23 Kerosene,
2468 3076 70 19 White
2566 3076 54 20 Rose
2648 3076 40 19 and

2349 3100 119 26 Snowflake,
2481 3104 38 18 150
2533 3104 41 18 test
2694 3104 25 19 15
2747 3104 13 19 G

2322 3128 65 26 Sugar
2399 3129 42 20 No.
2452 3130 11 19 1
2479 3129 48 20 sGlb
2535 3129 49 25 bags
2693 3130 26 19 14
2747 3131 13 18 6

2348 3170 13 9 ~
2405 3170 11 10 ~
2443 3156 12 19 2
2479 3170 14 10 „
2547 3171 12 10 „
2693 3156 26 20 13
2747 3158 13 19 6

2348 3194 12 12 „
2402 3197 12 9 „
2442 3183 13 19 3
2479 3197 12 10 „
2548 3197 12 10 „
2693 3184 26 19 12
2747 3184 13 19 6

2322 3208 96 24 Tobacco,
2430 3209 33 19 61b
2474 3209 112 26 quantilies
2707 3211 12 18 5
2747 3211 13 19 8

2323 3236 46 22 Tea,
2380 3235 23 20 L.
2414 3236 27 19 D.
2453 3236 104 20 Nathan's
2562 3236 40 21 and
2611 3236 78 20 Nelson

2349 3260 88 22 Moate'e
2448 3264 22 17 at
2481 3263 25 20 Id
2517 3262 30 21 off
2557 3262 33 21 for
2600 3263 34 20 Gib
2646 3263 38 19 lots

2322 3288 68 24 Flour,
2420 3289 48 19 50lb
2498 3290 121 20 Housewife
2639 3290 40 20 aud

2349 3315 112 25 Champion
2473 3317 22 18 5s
2509 3317 39 18 and
2560 3318 23 18 5s
2594 3316 32 20 6d.

2323 3340 97 23 Waikato
2430 3342 101 20 Potatoes
2541 3344 21 18 8a
2574 3349 11 12 a
2599 3343 54 20 sack.

2348 3368 42 20 The
2401 3368 64 20 above
2485 3369 117 25 quotations
2622 3376 34 14 are
2679 3370 81 25 subjeot

2323 3398 21 17 to
2352 3394 78 20 market
2437 3394 139 22 fluctuations.

2349 3422 66 19 Other
2425 3422 64 25 goods
2502 3423 81 26 equally
2598 3422 69 27 cheap.

2350 3490 99 26 Monthly
2458 3492 104 22 accounts,
2578 3490 47 21 that
2636 3491 17 19 is
2663 3493 97 19 accounts

2324 3518 45 24 faid
2381 3516 70 22 defore
2460 3517 34 20 the
2505 3517 49 20 10th
2564 3518 23 19 of
2601 3518 72 19 month
2683 3518 66 20 follow-

2323 3545 34 25 ing
2368 3544 47 20 date
2425 3544 23 19 of
2454 3544 41 20 sale
2505 3544 39 19 will
2554 3544 23 19 be
2587 3544 81 20 treated
2675 3551 22 13 as
2703 3544 57 21 cash.

2465 3578 137 21 WILLIAM
2613 3578 120 22 ROGERS.

2387 3685 37 45 J.
2461 3685 234 47 LARKIN,

2345 3766 217 31 BOOTM
2569 3766 179 31 HK6R,

2387 3835 324 62 F^OTORUA.

2329 4012 49 48 J.
2411 4012 82 47 w
2524 4010 66 47 w

2594 4010 162 21 RIGLEY

2446 4069 169 24 ARCHITECT,

2430 4112 19 19 R
2463 4111 18 21 0
2495 4112 17 20 T
2527 4111 18 22 0
2559 4112 21 20 R
2595 4111 21 22 U
2630 4111 26 21 A.

2837 102 7 22 I
2866 102 13 22 T
2900 102 11 21 Z
2933 102 13 22 R
2968 101 12 23 0
3000 100 13 22 Y
3056 100 13 22 H
3085 101 35 22 03T
3137 99 10 21 E
3162 99 11 22 L

2892 139 94 23 Wakefield
2997 139 33 26 St.,
3039 138 96 23 Auckland.
3152 156 7 3 ,
3175 136 3 31 j

2829 188 137 33 Newman
3012 192 125 31 Tvleider

2800 646 69 19 Having
2879 644 51 16 taken
2940 644 28 14 the
2982 642 51 15 above
3043 640 108 16 well-known
3161 639 51 15 Hotel

2780 665 35 16 will
2827 670 17 10 uo
2856 665 39 19 glad
2905 665 17 14 to
2933 667 26 12 see
2969 662 32 15 and
3011 661 77 16 welcome
3098 660 23 15 all
3140 659 25 16 his
3184 658 28 15 old

2961 680 68 17 friends.

2869 718 53 18 ONLY
2933 717 38 18 THE
2980 715 51 18 BEST
3040 713 81 19 BRANDS

2840 755 18 15 of
2865 754 56 15 Wines
2926 752 33 17 and
2966 752 62 20 SpiritH
3035 752 42 19 kept
3083 750 18 15 in
3108 749 49 16 Stock

2824 790 115 19 SPARKLING
2947 788 54 18 XXXX
3010 788 38 17 ALE
3055 792 21 12 on
3090 786 80 21 draught.

2792 825 44 19 Ivcry
2844 823 108 17 convenience
2963 821 87 18 combined
3060 820 41 15 with
3108 820 62 19 civility
3180 819 33 16 and

2801 844 72 16 comfort
2879 844 27 15 for
2913 843 70 18 country
2996 841 64 15 visitors
3067 840 33 15 and
3107 839 85 16 Boarders.
3196 840 18 18 11

2782 915 242 45 STEELE
3057 914 155 43 Bros.

2818 1001 164 40 Mararoa
3008 997 170 40 Sawmill.

2782 1076 116 41 DESIRE
2923 1076 22 17 to
2956 1074 66 19 thank
3038 1073 36 19 the
3092 1073 67 22 public
3166 1071 9 20 A
3182 1072 32 19 for

2842 1099 48 21 past
2898 1098 75 17 favors,
2986 1095 41 19 and
3032 1094 38 22 beg
3078 1096 22 18 to
3109 1099 104 15 announce

2779 1142 99 19 seasoned
2900 1139 104 20 first-class
3025 1138 75 18 timber
3117 1143 27 13 on
3158 1138 55 20 hand

2779 1164 50 22 they
2851 1168 36 13 are
2905 1160 98 24 prepared
3015 1161 23 17 to
3049 1159 53 19 fulfil
3110 1159 69 19 order*
3190 1159 24 19 at

2778 1185 88 19 reduced
2877 1185 65 18 rates.
3164 1180 12 26 \\

2780 1277 188 34 JECKLIN
2991 1275 25 32 &
3033 1274 177 33 COTTER

2785 1326 114 31 rT[TISII
2909 1327 22 17 to
2939 1329 105 15 announce
3052 1322 46 20 that
3105 1321 48 26 they
3161 1321 52 20 have

2780 1379 75 27 oponed
2866 1386 11 13 a
2888 1378 107 21 Butcher's
3005 1377 54 25 Shop
3075 1375 94 26 opposite
3178 1374 34 20 the

2780 1432 143 22 Court-House
2942 1430 39 21 and
2998 1431 82 25 request
3098 1435 12 14 a
3123 1428 58 20 share
3190 1427 23 20 of

2780 1486 68 29 public
2862 1488 118 25 patronage.

2852 1559 149 22 OEOI4

2937 1610 67 23 PTITTT
3013 1611 5 8 I
3027 1609 33 12 ft*TJ

2954 1620 107 13 AIVAJU

2785 1659 226 38 BOARDING
3051 1655 150 37 HOUSE

2782 1776 130 21 OPPOSITE
2930 1776 52 17 ttHE
2999 1771 65 22 BOSSI
3073 1772 52 19 AND
3135 1768 70 27 §EIiE

2999 1800 95 20 OPPIGB
3107 1804 10 14 '.
3128 1815 9 5 ..
3147 1806 14 12 ■.••
3173 1792 9 35 |

2782 1835 48 21 And
2843 1841 52 14 near
2911 1834 36 19 the
2970 1832 120 21 Celebrated
3111 1828 101 22 PRIEST

2834 1867 115 21 RACHEL
2958 1866 40 20 and
3004 1865 57 20 other
3068 1862 98 25 BATHS,
3175 1862 4 31 \

2931 1896 138 22 ROTORUA.

2806 1952 120 38 MRS
2951 1949 214 40 YOUNG,

2981 1996 186 26 .^.Proprietress,.

2900 2025 70 19 Terms
2984 2020 111 23 Moderate.

2781 2079 46 35 B.
2858 2079 42 35 S.
2942 2073 275 40 CORLETT;

2865 2148 258 30 ARCHITECT.

2782 2228 199 22 BUILDING
3014 2224 200 22 SURVEYOR

2816 2304 91 34 COMET
2926 2303 94 36 STORE,
3045 2302 132 33 ROTORUA.

2782 2407 210 23 DRESSMAKING
3003 2406 21 20 in
3034 2406 27 20 all
3071 2406 26 21 its
3107 2404 101 22 branches

2805 2491 60 35 M.
2890 2488 296 42 BRENNEN,

2803 2606 133 21 GENERAL
2947 2606 91 25 STORE,
3048 2605 137 21 ROTORUA.

2779 2654 68 25 Every
2861 2653 123 26 description
2997 2653 21 19 of
3036 2652 57 20 Fruit
3106 2651 41 20 and
3161 2651 39 20 Con-

2819 2679 118 26 fectionery,
2953 2679 97 24 Tobacco,
3065 2679 134 25 Cigarettes,.
3210 2679 3 26 ■

2863 2707 34 18 &c.
2977 2706 33 19 &C
3090 2706 33 19 &c.

2884 2736 71 19 Finest
2964 2735 88 20 Smoked
3058 2735 50 20 Fish

2857 2768 72 20 Finest
2944 2768 81 25 Oysters
3035 2773 25 14 on
3069 2767 62 20 hand.

2780 2839 49 28 75.
2866 2836 344 31 WKRBRICK,

2780 2894 39 22 T>
2825 2893 183 21 OATBUILDER
3013 2894 16 18 &
3034 2891 176 22 CONTRACTOR

2927 2991 140 20 ROTORUA.

2810 3041 110 21 Estimates
2929 3040 107 20 furnished
3045 3040 43 20 free
3098 3040 22 20 of
3130 3042 50 18 cost.

2778 3098 42 41 J.
2848 3098 51 39 B.
2936 3097 273 45 HARKER,

2778 3170 360 35 Watchmakerjewelier,
3158 3172 47 25 &c.

2898 3231 190 26 Hamilton.

2792 3273 87 26 Repairs
2903 3275 20 17 to
2947 3271 92 26 watches,
3064 3271 71 24 clocks,
3159 3271 41 22 &.C.,

2831 3299 99 20 executed
2952 3299 101 26 promptly
3071 3297 41 21 and
3130 3299 21 18 at

2908 3326 103 18 nioderato
3020 3327 61 17 rates.

2779 3352 68 25 Agent
2856 3352 33 20 for
2902 3352 100 19 Rotorua:
3039 3350 20 20 J.
3083 3349 124 20 SEVERIN
3229 3352 8 18 1

2791 3403 121 48 A..N.
2954 3401 47 46 B
3001 3401 47 46 u
3077 3400 14 22 s
3120 3401 19 21 B
3166 3401 21 23 T
3232 3400 5 22 ;

2908 3454 57 20 THE
2975 3454 132 20 ORGINAL

2779 3487 151 22 VENETIAN
2937 3487 62 20 AND
3018 3487 81 20 WIRE
3118 3486 96 21 GAUZE

2886 3520 94 21 BLIND
2996 3520 109 24 MAKER,

2823 3574 28 27 J.
2870 3573 52 27 W.
2943 3572 218 32 WEIGLEY,

2857 3629 200 21 RCHIT
3091 3629 18 19 E
3141 3628 15 20 C
3189 3627 23 25 1,

2814 3656 6 13 i

2924 3681 139 21 ROTORUA.

2807 3711 70 24 Agent
2893 3709 33 20 for
2938 3709 35 19 the
2993 3708 65 19 South
3076 3706 82 21 British

2780 3739 17 19 &
2808 3737 82 20 Marine
2900 3736 113 19 Insurance
3024 3735 110 25 Company.

2829 3792 165 36 Rotorua
3008 3789 160 43 library.

2794 3901 51 47 3P
2851 3901 18 19 E
2876 3901 21 19 N
2912 3901 52 19 from
2975 3901 26 19 10
3013 3906 45 14 a.m.
3067 3901 21 18 to
3098 3900 12 18 5
3118 3904 44 20 p.m.
3173 3894 38 22 and

2841 3929 12 18 G
2862 3928 26 19 30
2897 3929 20 17 to
2927 3928 26 18 10
2960 3934 47 19 p.m.
3018 3926 94 25 Sundays
3120 3924 31 20 till
3158 3924 52 24 9p-m

2781 3958 197 23 Subscription:
2987 3958 52 17 SOs
3051 3961 49 18 per
3112 3956 94 17 annum

2806 3989 89 21 Visitors
2914 3995 45 19 may
2977 3995 85 19 procure
3077 3986 67 20 Books
3157 3984 52 20 from

2780 4016 35 20 the
2831 4015 88 25 Library
2936 4021 25 13 on
2978 4014 82 26 making
3078 4021 12 12 a
3102 4010 76 26 deposit
3188 4008 22 19 of

2780 4044 37 18 not
2832 4042 40 19 less
2891 4042 49 19 than
2958 4042 29 22 ss,
3005 4041 39 20 and
3059 4036 118 29 purchasing
3185 4035 23 18 Is

2780 4075 80 19 coupon
2871 4068 33 19 for
2912 4074 63 19 every
2985 4067 55 20 Four
3049 4065 69 21 books.

2806 4100 42 20 Tho
2866 4099 90 26 Library
2973 4099 18 20 is
3013 4103 51 22 open
3073 4093 83 25 ..<&ring
3174 4090 34 21 the

2780 4126 92 22 evening.
3041 4127 11 6 '''
3071 4119 33 27 £*
