3280 4290
2787 131 228 55 Settlers'
3040 131 178 55 Column.

2815 238 131 21 FEEDING
2963 238 134 20 MILKING
3109 238 87 19 COWS.

2814 292 32 18 An
2859 291 123 25 interesting
2998 291 143 25 investigation
3152 290 22 19 of
3190 290 34 20 the

2787 317 93 26 question
2893 317 89 20 whether
2994 317 65 20 wheat
3078 317 65 19 would
3154 319 36 16 not
3201 317 23 19 bo

2788 351 11 12 a
2810 350 54 13 more
2873 343 122 20 economical
3007 342 90 21 addition
3113 343 48 19 than
3172 342 52 20 bran

2789 372 19 17 to
2820 370 35 18 tho
2874 370 42 19 diet
2927 370 21 19 of
2958 376 52 13 cows
3022 370 20 18 in
3058 370 55 23 iniik,
3123 369 38 19 and
3180 369 44 25 give

2789 396 68 19 belter
2867 396 80 24 results,
2958 396 36 19 has
3005 396 62 24 lately
3085 396 50 19 been
3147 395 77 20 carried

2789 424 37 17 out
2835 422 26 25 by
2872 422 30 19 Dr
2919 421 98 24 Aliwork,
3029 428 38 13 one
3078 422 21 19 of
3109 422 35 19 tho
3159 428 49 13 mem-

2790 449 44 19 bers
2859 448 21 19 of
2903 448 34 19 the
2960 448 99 20 Riverton
3082 448 141 25 Agricultural

2792 476 84 22 Bureau,
2888 474 63 19 South
2964 474 111 20 Australia.
3104 475 30 18 As
3144 474 34 19 the
3189 480 19 13 re
3216 484 8 4 -

2789 501 42 19 suit
2840 501 22 19 of
2872 507 11 13 a
2893 501 75 25 special
2977 500 90 25 analy*'s
3079 500 23 19 he
3113 500 110 20 ascertains

2790 528 44 18 that
2842 527 21 20 in
2872 527 58 19 these
2940 529 39 17 two
2987 526 80 20 articles
3078 526 21 20 of
3107 526 47 20 food
3166 526 57 20 there

2791 555 14 18 is
2819 553 116 25 practieal'y
2954 554 35 19 the
3000 560 20 13 sa
3026 560 29 13 ice
3065 552 120 27 proportion
3201 553 22 19 of

2791 580 131 25 nitrogenous
2934 580 109 23 materials;
3054 579 37 19 but
3101 579 22 19 of
3129 579 35 19 the
3174 585 38 13 non-

2791 607 130 24 nitrogenous
2932 607 102 18 materials
3046 605 93 26 required
3156 607 21 17 to
3187 612 25 12 en-

2791 633 39 19 rich
2841 639 65 12 creum
2921 633 59 19 there
2990 633 16 19 is
3024 633 59 19 4988
3095 638 35 19 per
3140 633 47 17 cent
3203 631 21 19 in

2792 659 64 19 wheat
2866 661 80 22 against
2963 659 33 19 4'7
3008 666 35 15 per
3053 661 46 17 cent
3115 658 22 18 of
3147 657 26 19 oil
3184 658 39 18 and

2791 692 11 14 a
2820 685 54 19 little
2888 685 75 24 sta-ch,
2979 685 88 19 whereas
3086 684 35 19 the
3135 684 52 19 husk
3202 684 22 18 of

2791 713 50 19 bran
2856 712 126 19 constituted
2994 718 56 12 moie
3063 711 50 19 than
3132 711 92 19 one-half

2793 740 22 18 its
2827 737 56 23 bulk,
2893 744 21 13 as
2934 738 106 24 compared
3052 737 47 19 with
3120 738 24 18 12
3146 737 4 25 -
3153 737 10 25 3
3173 737 10 25 i
3193 737 31 25 per

2791 767 45 17 cent
2847 764 20 19 in
2880 764 69 20 wheat.
2979 764 78 24 Taking
3064 763 35 19 the
3109 765 85 17 amount
3203 763 21 19 of

2791 790 68 21 starch
2868 791 20 19 in
2909 791 50 19 bran
2969 793 21 17 to
3000 791 24 19 be
3035 790 31 20 5'3
3078 796 35 18 per
3122 793 46 16 cent
3185 789 39 20 and

2791 818 75 25 adding
2876 817 39 19 this
2933 820 21 16 to
2966 817 34 19 the
3011 817 12 19 4
3031 818 11 18 7
3054 823 34 18 per
3103 819 46 17 cent
3160 816 20 19 of
3191 816 33 24 oil,

2792 845 38 18 and
2842 844 119 24 comparing
2979 844 17 18 it
3007 843 47 19 with
3066 842 34 19 the
3114 844 26 18 49
3149 843 25 19 88
3191 849 33 19 per

2792 874 46 16 <-ent
2848 870 21 19 of
2886 871 188 24 non-nitrogenous
3086 869 102 19 materials
3203 869 21 19 in

2793 897 70 23 wheat,
2883 897 40 19 this
2940 897 57 24 gives
3008 895 65 20 wheat
3087 902 22 12 as
3125 895 59 25 being
3198 902 26 13 no

2794 925 36 18 less
2841 923 49 19 than
2902 923 38 19 fivo
2960 923 58 19 times
3029 928 22 13 as
3061 922 52 24 good
3124 928 12 13 a
3156 922 68 20 butter

2792 951 99 24 producer
2902 956 21 12 as
2935 950 58 19 bran.
3023 948 4 27 '
3040 948 133 25 Considering
3183 949 41 19 this

2792 978 20 18 in
2822 977 28 19 its
2860 975 86 21 relation
2964 977 20 17 to
2996 975 34 19 the
3041 977 84 23 present
3135 975 54 25 price
3203 975 21 19 of

2794 1005 47 18 bran
2861 1003 40 19 and
2920 1002 78 24 wheat,'
3015 1002 30 19 Dr
3060 1001 91 19 Aliwork
3173 1008 51 19 says,

2793 1027 3 24 '
2808 1036 28 12 we
2846 1029 41 19 find
2899 1029 49 20 bran
2966 1031 54 16 costs
3033 1028 38 19 7id
3081 1027 33 20 for
3123 1028 64 23 201bs,
3202 1035 22 12 or

2793 1057 20 19 Is
2824 1056 51 24 IOJd
2894 1055 32 20 for
2936 1057 25 18 GO
2972 1054 38 24 lbs,
3021 1054 38 19 and
3071 1053 66 20 wheat
3154 1055 20 18 Is
3186 1055 38 20 10J

2792 1083 31 19 for
2834 1083 63 19 02lbs.
2925 1081 47 20 This
2984 1081 65 19 shows
3057 1087 12 12 a
3079 1080 57 19 small
3147 1081 77 25 margin

2791 1116 48 12 even
2850 1111 22 17 at
2888 1107 125 26 purchaser's
3024 1106 65 26 prices
3099 1107 20 18 in
3130 1106 57 21 favor
3201 1108 23 19 o?

2794 1135 68 24 wheat,
2882 1135 38 20 but
2937 1134 57 19 when
3015 1141 28 12 we
3058 1133 46 20 take
3121 1133 44 20 into
3180 1141 33 13 con-

2792 1161 109 20 sideration
2911 1161 45 19 that
2967 1160 33 20 the
3010 1160 66 19 wheat
3084 1159 32 19 for
3127 1160 41 19 this
3176 1167 36 19 pur-

2793 1195 45 18 pose
2849 1188 65 19 would
2926 1187 81 25 require
3016 1189 22 16 to
3048 1191 24 21 go
3090 1186 87 26 through
3189 1187 35 20 the

2793 1215 105 19 winnower
2907 1214 39 20 but
2963 1220 56 16 once,
3030 1214 45 17 that
3085 1213 58 19 there
3158 1214 66 19 would

2793 1241 22 19 be
2826 1247 26 13 no
2871 1241 40 20 loss
2921 1247 26 12 en
2958 1240 45 24 bag,
3018 1246 25 12 no
3054 1239 6 11 '
3070 1238 86 26 docking
3168 1238 4 26 '
3191 1239 33 20 for

2792 1268 56 18 small
2868 1267 76 23 grains,
2962 1273 27 12 no
3004 1265 79 25 earning
3101 1268 20 16 to
3138 1266 85 23 market,

2793 1294 51 19 what
2867 1293 47 20 does
2934 1293 35 19 tho
2989 1292 110 19 difference
3118 1295 106 23 represent

2792 1320 46 20 then
2850 1320 9 20 ?
2887 1320 49 19 This
2955 1319 17 19 is
2987 1325 11 14 a
3019 1318 94 26 question
3134 1325 38 19 you
3186 1325 37 14 can

2791 1346 61 26 easily
2863 1353 77 13 answer
2956 1346 33 19 for
3000 1345 129 26 yourselves.'
3157 1346 30 19 As
3202 1347 21 18 to

2791 1374 33 19 the
2845 1373 80 20 method
2949 1372 21 19 of
2986 1371 135 27 preparation
3142 1371 34 20 the
3190 1379 22 12 ex-

2793 1399 90 25 perience
2906 1399 22 20 of
2947 1398 35 21 the
2998 1398 97 20 members
3120 1398 43 19 who
3184 1398 39 21 had

2791 1426 51 20 tried
2853 1426 66 20 wheat
2930 1433 21 13 as
2966 1432 11 13 a
2987 1424 48 21 food
3047 1424 32 20 for
3095 1424 59 21 milch
3171 1431 51 15 cows

2792 1459 37 14 was
2841 1452 43 20 that
2901 1452 34 21 the
2946 1452 47 26 plan
3005 1451 22 20 of
3037 1451 84 26 soaking
3132 1451 15 20 is
3167 1453 20 18 to
3199 1452 23 19 be

2792 1478 103 26 preferred
2915 1482 22 17 to
2947 1474 4 30 '
2961 1478 77 26 boiling
3052 1478 33 20 the
3105 1478 63 26 grain,
3184 1478 39 21 aud

2790 1506 45 21 that
2857 1506 98 27 probably
2970 1505 17 21 it
3007 1504 65 22 would
3096 1504 24 21 be
3144 1505 65 21 advan-

2790 1537 84 21 tageous
2886 1535 20 18 to
2917 1533 50 20 have
2977 1533 16 20 it
3003 1530 85 23 crushed
3106 1532 49 26 also,
3166 1534 21 19 to
3198 1532 24 21 be

2789 1560 33 21 fed
2834 1560 47 21 with
2893 1559 60 22 chaff.

2855 1625 123 21 LINSEED
2996 1624 60 22 AND
3072 1624 81 22 FLAX.

2814 1681 55 20 Doea
2889 1679 119 26 harvesting
3023 1679 34 21 the
3073 1679 77 21 linseed
3168 1679 51 23 from

2789 1707 37 21 flax
2837 1707 124 21 deteriorate
2978 1707 35 20 the
3023 1707 59 20 value
3093 1707 21 20 cf
3124 1707 34 20 the
3173 1714 46 20 crop

2789 1735 31 20 for
2837 1735 49 19 fihre
2897 1734 8 20 ?
2917 1735 18 19 is
2945 1741 11 13 a
2971 1735 92 26 question
3074 1733 57 21 often
3148 1734 71 21 raised;

2788 1763 25 18 In
2829 1761 99 24 Holland,
2940 1761 63 20 which
3019 1761 16 19 is
3046 1760 79 20 famous
3135 1760 34 20 for
3185 1761 34 21 the

2788 1789 91 24 superior
2898 1788 78 26 quality
2988 1787 21 20 of
3024 1788 27 19 its
3069 1785 43 25 flax,
3124 1788 35 20 the
3175 1788 44 20 seed

2788 1815 51 19 from
2860 1821 11 14 a
2886 1815 49 19 fibre
2954 1822 48 18 crop
3018 1814 16 20 is
3058 1814 101 25 regularly

2789 1841 75 25 veaied,
2884 1841 35 20 the
2928 1841 54 26 yield
2994 1841 59 25 being
3067 1840 54 20 from
3131 1841 47 21 nine
3197 1844 22 17 to

2788 1868 93 23 eighteen
2893 1868 82 20 bushels
2987 1874 35 19 per
3036 1874 50 12 acre.
3114 1867 19 19 A
3143 1867 43 20 firm
3197 1868 22 20 of

2790 1895 37 19 flax
2838 1895 113 20 merchants
2967 1895 21 19 of
3004 1893 126 26 Rotterdam,
3149 1895 70 26 taking

2788 1921 105 24 exception
2914 1924 21 17 to
2955 1928 11 13 a
2982 1923 109 17 statement
3106 1921 56 19 made
3172 1922 20 18 in
3208 1929 11 12 a

2788 1951 71 22 roprrfc
2879 1956 24 12 on
2914 1949 35 19 the
2964 1947 118 21 cultivation
3099 1946 21 20 of
3140 1945 37 21 flax
3193 1947 26 28 by

2788 1975 35 20 the
2841 1975 77 20 United
2936 1975 68 20 States
3020 1973 123 20 commercial
3159 1976 60 23 agent

2789 2004 20 18 :it
2820 2002 150 23 Dunfermline,
2987 2001 22 19 to
3019 1999 35 21 the
3063 1999 61 20 effect
3135 2000 44 20 that
3199 2001 19 19 in

2790 2028 90 21 Holland
2888 2029 41 20 flax
2938 2028 18 21 is
2972 2027 66 20 raised
3049 2026 72 26 chiefly
3135 2026 30 20 foi
3185 2027 34 21 the

2788 2057 44 19 need
2844 2057 39 19 and
2895 2057 45 19 that
2956 2054 34 20 the
2999 2053 78 26 quality
3088 2053 22 19 of
3125 2053 35 20 the
3170 2053 49 22 fibre

2788 2083 16 19 is
2815 2083 46 19 thus
2872 2081 89 28 injure!,
2969 2081 68 19 writes
3048 2079 43 20 that
3103 2079 34 20 the
3149 2081 70 26 saving

2787 2109 22 19 of
2818 2109 35 19 the
2872 2110 46 18 seed
2929 2109 49 19 does
2988 2109 35 17 not
3037 2106 20 20 in
3069 2105 35 20 the
3123 2106 52 20 least
3189 2114 29 12 m.

2787 2134 75 20 terfero
2871 2135 46 19 with
2926 2135 35 19 the
2970 2133 76 23 raising
3056 2133 39 18 and
3103 2132 33 20 the
3147 2133 71 25 saving

2787 2162 21 19 of
2829 2161 19 21 tb
2856 2158 4 24 )
2870 2161 50 20 fibre
2935 2161 19 19 in
2971 2160 19 19 A
3001 2159 11 20 1
3027 2158 109 20 condition.
3165 2160 22 19 It
3202 2160 16 20 is

2787 2189 95 19 admitted
2902 2187 45 20 thut
2970 2192 12 13 a
2997 2185 44 20 v,c:l
3051 2184 65 21 raised
3135 2192 47 20 crop
3197 2187 21 19 of

2788 2215 43 24 flax,
2852 2214 82 26 steeped
2959 2213 19 19 in
2994 2212 34 19 the
3042 2211 61 20 Diver
3123 2212 42 24 Lys
3186 2212 32 25 (at

2787 2242 101 23 Couvtrai,
2908 2239 111 27 Belgium),
3035 2238 81 19 renders
3134 2245 11 12 a
3160 2238 58 26 light,

2787 2268 101 25 yellowish
2908 2267 51 19 fibre
2968 2266 22 20 of
3006 2265 69 25 higher
3094 2265 58 20 value
3167 2266 50 20 than

2787 2295 33 20 the
2838 2302 53 12 same
2907 2295 38 19 flax
2961 2292 68 21 rotted
3044 2291 20 19 in
3086 2290 90 21 Holland
3196 2294 21 19 in

2786 2322 39 19 still
2837 2325 61 16 water
2912 2320 76 26 (blue),
2997 2318 38 19 bat
3044 2318 16 19 it
3070 2318 17 19 is
3096 2325 12 12 a
3117 2318 44 20 fact
3170 2319 47 20 that

2784 2349 48 24 good
2845 2350 22 18 to
2877 2348 40 20 fine
2936 2346 82 21 threads
3028 2351 34 14 are
3072 2344 75 21 seldom
3164 2353 52 19 spun

2785 2375 86 21 without
2881 2377 21 17 at
2917 2375 51 19 least
2978 2379 26 14 an
3020 2371 90 20 addition
3129 2379 23 12 or
3166 2372 38 20 mix-

2785 2403 44 18 ture
2852 2401 23 21 of
2894 2401 93 26 superior
3008 2399 46 19 blue
3077 2398 69 19 Dutch
3170 2399 46 25 flax,

2785 2428 61 20 which
2866 2427 44 21 fact
2928 2426 76 21 several
3020 2424 104 21 first-class
3144 2425 72 20 thread

2784 2455 91 25 spinners
2898 2455 41 19 will
2954 2453 88 21 ronflnn.
3077 2451 58 23 How,
3159 2452 16 19 it
3199 2452 17 21 is

2784 2481 65 24 asked,
2870 2481 18 19 is
2903 2481 48 19 blue
2962 2480 50 19 fibre
3026 2478 22 19 of
3058 2478 46 24 high
3121 2478 57 20 va'ue
3194 2481 21 18 to

2784 2508 23 18 he
2827 2508 99 26 produced
2937 2507 21 20 in
2975 2506 88 19 Holland
3074 2504 15 19 if
3109 2504 69 26 saving
3193 2505 22 20 of

2784 2534 32 20 the
2836 2535 44 19 seed
2898 2533 113 21 interfe-cd
3027 2531 45 20 with
3091 2530 32 20 the
3139 2531 76 26 raising

2783 2561 20 19 of
2814 2563 32 17 the
2858 2561 92 25 superior
2958 2561 51 19 c'a-s
3020 2558 90 26 required
3122 2557 32 20 for
3164 2558 49 20 such

2783 2594 23 13 an
2825 2587 72 21 article
2908 2588 9 19 ?
2945 2587 17 20 T
2972 2587 22 20 >is
3004 2585 45 20 idea
3063 2591 40 12 was
3123 2584 43 19 held
3187 2585 26 25 by

2782 2614 37 20 flax
2839 2621 89 19 grower*
2937 2615 20 19 in
2975 2614 16 19 Ii
2997 2612 58 20 eland
3066 2612 33 18 for
3109 2617 38 13 one
3163 2610 38 21 hun-

2782 2641 45 18 dred
2847 2648 65 16 yra'v,
2923 2641 38 19 but
2976 2638 106 27 gradually
3094 2637 46 25 they
3157 2644 56 13 came

2782 2669 18 18 to
2811 2667 14 19 fl
2834 2668 29 19 e'v
2883 2674 75 16 senses,
2969 2666 39 20 and
3019 2666 20 18 in
3054 2671 53 12 ssme
3118 2666 55 23 parts
3191 2665 22 20 of

2783 2694 49 19 frela
2841 2694 18 19 'd
2879 2694 34 19 the
2932 2694 70 23 saving
3027 2690 21 21 of
3063 2690 33 19 the
3116 2691 45 19 seed
3176 2690 35 21 has

2780 2720 11 19 h
2805 2727 22 13 en
2848 2721 51 19 tried
2911 2720 24 20 wi
2947 2720 12 19 h
2975 2725 80 14 success
3072 2717 31 19 for
3123 2717 34 20 the
3171 2718 40 19 lat

2780 2747 53 19 three
2856 2754 59 16 years
2945 2746 87 19 without
3056 2743 96 25 reducing
3176 2745 35 20 the

2782 2773 56 20 value
2857 2774 22 19 of
2889 2774 35 19 the
2940 2774 55 21 fibre,
3015 2772 37 19 and
3068 2777 11 12 a
3090 2770 37 20 fe-v
3146 2771 65 20 weeks

2779 2807 36 13 aeo
2825 2807 54 12 sr.ni
2894 2800 93 23 splendid
2999 2799 43 19 seed
3058 2803 37 12 tvns
3106 2803 53 16 6cen,
3176 2798 35 20 the

2780 2826 46 19 fihre
2849 2827 22 19 of
2891 2826 63 21 which
2970 2825 87 23 brought
3083 2824 33 19 12s
3135 2824 24 19 Gd
3175 2831 36 18 per

2778 2855 56 17 store
2843 2853 67 25 (IOO
2921 2860 36 17 per
3027 2852 19 19 in
3055 2850 33 19 the
3100 2850 111 26 Balymena

2779 2879 83 22 market,
2874 2879 60 22 heim
2944 2880 49 19 then
3004 2878 33 19 the
3048 2876 81 25 highest
3138 2880 71 22 quota-

2778 2906 40 19 Hon
2837 2906 87 20 realised
2936 2906 31 19 for
2979 2905 37 20 flax
3030 2905 21 18 in
3070 2903 88 20 Ireland.
3188 2904 22 21 Ifc

2776 2939 63 12 seems
2851 2933 52 19 e'ear
2915 2933 44 19 that
2966 2932 48 19 both
3025 2931 35 20 the
3070 2930 45 19 teed
3124 2930 38 19 and
3174 2932 34 19 the

2776 2958 49 20 fibre
2835 2966 35 13 can
2882 2960 25 19 be
2918 2958 102 25 produced
3032 2957 22 20 of
3063 2956 50 26 good
3124 2957 84 26 quality.

2848 3019 57 20 THE
2925 3020 198 20 CATERPILLAR.

2800 3072 59 20 Some
2881 3073 138 27 enterprising
3046 3073 111 25 gardeners
3185 3074 20 21 in

2773 3098 112 21 California
2909 3100 43 19 who
2986 3099 39 20 had
3049 3100 50 20 been
3128 3103 77 23 greatly

2773 3125 92 21 troubled
2877 3126 48 20 with
2945 3126 132 26 caterpillars,
3089 3127 62 20 which
3172 3130 33 19 ate

2773 3151 52 21 their
2844 3153 98 25 cabbages
2953 3153 39 19 and
3008 3153 59 20 other
3082 3154 123 25 vegetables,

2772 3178 49 20 have
2845 3180 114 20 discovered
2980 3186 12 12 a
3012 3180 81 25 remedy
3116 3182 20 17 at
3154 3187 51 14 once

2772 3205 69 25 simple
2873 3206 39 20 and
2936 3205 99 21 effective.
3076 3206 55 26 They
3160 3207 45 26 just

2772 3231 72 21 stirred
2864 3240 12 12 a
2891 3233 67 25 pound
2976 3232 23 20 of
3013 3233 73 19 treacle
3105 3234 43 19 into
3163 3236 40 18 two

2771 3258 78 25 gallons
2859 3259 21 19 of
2897 3261 68 22 water,
2977 3259 38 19 and
3026 3259 48 19 then
3093 3259 65 21 added
3167 3262 37 19 2oz

2772 3285 20 17 f
2803 3285 57 19 Paris
2877 3292 67 18 green.
2973 3285 80 20 Whilst
3067 3285 87 26 keeping
3169 3288 35 19 tho

2772 3311 86 19 mixture
2877 3312 44 19 well
2933 3311 72 20 stirred
3022 3318 26 17 up
3067 3313 47 24 they
3130 3313 73 26 dipped

2772 3337 92 19 handfuls
2889 3338 23 19 of
2930 3337 88 24 cabbage
3032 3338 65 19 leaves
3121 3346 23 13 or
3163 3346 40 20 any

2843 3371 22 12 or
2875 3364 69 25 plants
2961 3363 63 19 which
3036 3370 52 14 were
3098 3367 58 18 eaten
3177 3367 25 22 by

2771 3390 32 18 the
2822 3389 135 26 caterpillars,
2974 3390 39 19 and
3028 3389 48 21 then
3092 3391 40 20 laid
3147 3393 55 20 them

2770 3416 59 19 about
2849 3416 20 18 in
2885 3416 33 19 the
2937 3416 104 24 vegetable
3056 3417 81 24 garden,
3153 3426 50 14 neat

2770 3441 33 21 the
2813 3442 69 23 plants
2892 3442 63 25 likely
2965 3444 22 18 to
2997 3443 24 19 ho
3031 3444 100 20 attacked.
3159 3445 42 20 The

2770 3468 124 24 caterpillars
2912 3468 105 26 preferred
3028 3469 34 20 the
3079 3471 122 21 half-wilted

2770 3495 62 18 leaves
2844 3494 56 26 lying
2914 3502 25 12 en
2952 3495 36 20 the
3006 3497 79 24 ground
3095 3497 40 19 and
3150 3498 50 26 they

2796 3520 3 28 1
2819 3520 53 20 thorn
2888 3523 38 18 and
2942 3522 52 20 died.
3029 3523 48 19 This
3093 3523 56 25 (savs
3173 3532 26 12 an

2766 3546 112 28 exchange)
2890 3548 74 20 should
2982 3549 24 18 ho
3017 3549 62 19 worth
3090 3556 11 12 a
3111 3550 46 19 trial
3173 3551 27 26 by

2767 3580 36 11 cur
2823 3574 117 22 gnrdeners.
2968 3575 58 19 Paris
3041 3582 61 19 green
3123 3583 35 13 can
3173 3577 27 19 be

2767 3598 111 24 purchased
2898 3603 21 18 at
2937 3601 33 20 the
2986 3601 118 25 paintshops
3121 3603 40 19 and
3177 3607 22 16 at

2830 3626 22 19 of
2871 3627 35 20 the
2916 3627 115 25 seedshnps.
3060 3629 22 18 It
3096 3629 17 19 is
3124 3636 11 12 a
3150 3637 47 18 very

2766 3651 39 20 line
2816 3654 87 24 powder,
2923 3654 38 19 and
2973 3654 56 19 much
3045 3661 45 13 care
3100 3658 55 18 must
3173 3657 26 20 be

2766 3678 49 20 used
2824 3679 57 21 when
2892 3681 76 24 mixing
2978 3680 23 25 it,
3012 3687 22 13 as
3046 3681 17 19 it
3073 3681 16 20 is
3099 3688 11 13 a
3120 3683 78 24 poison.

1202 79 57 21 THE
1272 79 61 21 HOT
1347 80 95 20 LAKES
1458 79 174 25 CiiftOJSifCLE,
1650 80 192 24 WEDNESDAY,
1856 80 86 20 APEIL
1960 83 29 22 17,
2007 82 56 23 1895,

2760 4099 70 17 Punted
2842 4102 34 15 and
2888 4103 92 18 published
3000 4103 27 16 for
3038 4103 30 18 the
3079 4107 110 19 proprieofor

2780 4122 15 14 ill
2812 4121 27 17 his
2854 4124 180 20 registered.prictib
3043 4126 49 16 office
3114 4127 76 18 Rotonm

2779 4142 24 21 by
2809 4142 60 19 Pkeoy
2879 4145 58 16 James
2947 4145 100 21 Hamxond,
3059 4147 19 16 of
3085 4148 84 23 Rotoixa,

2802 4169 156 21 WJFDNSDAY
2965 4172 75 19 AVEIu
3049 4175 25 21 17,
3090 4176 47 21 1890,

77 130 9 23 I
92 129 86 19 Senator
194 128 105 24 Chandler,
319 129 140 24 ex-Secretary
477 129 21 19 of
540 136 17 19 T
557 136 26 19 he
592 136 59 20 Paris
663 136 87 20 Journal
759 142 115 13 announces
883 142 12 13 a
904 142 44 14 new

110 155 106 19 American
235 154 65 25 Elavy,
320 154 86 20 claimed
418 155 45 19 that
480 154 18 19 if
516 162 49 19 kind
574 162 22 19 of
605 162 76 25 beauty
695 162 61 24 show,
774 162 67 19 which
850 162 38 19 has
896 162 52 19 Leen

85 181 133 18 roatTitam
227 181 66 18 seized
301 181 117 24 Nicaragua
426 181 49 19 with
485 186 13 12 a
515 194 85 19 arrange
602 188 13 19 d
637 190 21 17 at
677 188 34 19 the
729 188 119 25 suggestion
871 189 21 18 of
914 188 34 19 the

65 212 52 12 view
139 207 21 17 to
176 205 114 26 ultimately
312 212 107 19 acquiring
437 206 61 24 equal
515 214 92 25 Marquis
625 214 116 19 d'Osmond.
769 214 20 19 A
807 214 61 19 series
884 214 22 19 of
915 221 22 12 ex-

65 231 104 25 authonty
179 237 47 13 over
239 231 36 20 the
294 232 62 24 canal,
367 238 42 14 war
430 233 68 17 would
515 239 97 20 hibitions
621 240 41 19 will
669 239 26 20 be
704 239 48 19 held
762 240 21 19 of
790 240 77 18 human
877 240 71 24 beings

64 257 82 19 become
154 257 95 25 possible.
277 257 91 19 America
383 259 54 17 must
456 257 51 33 ally!
515 266 21 19 at
545 272 14 18 p
561 272 21 12 er
582 266 6 18 i
590 271 11 13 o
602 265 23 18 ds
634 266 90 24 ranging
733 265 53 19 from
802 265 35 20 the
853 266 66 18 cradle
928 268 20 15 to

64 283 76 19 herself
153 283 51 19 with
213 283 79 24 Russia,
303 283 48 19 both
362 290 20 11 in
401 283 37 20 her
453 290 43 12 own
515 291 30 19 o](]
558 297 26 19 ag
585 297 21 8 .
622 292 39 18 nnd
672 291 34 20 rhe
719 298 20 18 ln
740 283 3 33 .
745 292 38 18 izes
798 297 35 13 aro
848 294 8 16 t
879 291 22 19 1)r
901 283 4 33 .
914 291 22 19 ad-

64 310 93 18 interests
174 309 39 20 and
232 310 19 19 in
268 309 58 30 oi-jler
341 311 20 16 to
375 311 78 18 restrict
461 309 37 20 the
513 316 76 26 judged
615 316 71 26 chiefly
706 318 50 19 from
776 324 12 12 a
802 317 91 25 physical
908 317 40 19 and

65 341 118 18 aggressive
193 339 129 15 colonisation
331 341 21 13 <u
358 335 102 25 hmgland.
515 342 93 25 hygienic
630 343 57 25 point
705 343 22 19 of
741 343 57 19 view,
826 343 79 24 lieauty
928 343 20 19 of

87 368 35 19 Mr
131 368 82 26 Hogan,
222 369 62 18 M.P.'
290 369 20 18 in
318 367 35 20 the
515 369 102 19 character
635 369 39 19 will
694 369 43 19 also
748 369 26 19 be
793 369 62 19 taken
865 369 42 19 into
917 374 21 13 ae-

61 400 47 19 rary
253 395 73 18 asserts
347 393 45 21 that
417 394 79 25 slavery
514 396 66 21 count,
604 394 99 25 although
720 395 41 19 this
774 395 77 19 section
868 394 42 20 will
923 394 25 20 be

61 426 64 14 worse
138 421 51 18 than
206 420 44 18 that
272 419 63 19 which
353 420 104 25 prevailed
474 420 22 19 in
515 419 91 20 confined
614 420 33 19 for
654 420 34 20 the
698 423 52 17 most
757 423 47 19 part
813 423 21 16 to
843 420 105 20 domestics

61 445 94 20 America,
172 446 18 19 is
208 445 100 26 practised
326 445 21 19 in
366 445 130 21 Queensland
515 446 21 18 of
557 445 49 26 long
628 446 41 19 and
691 446 85 20 faithful
797 446 81 20 service.
906 446 42 20 The

63 471 40 20 and
112 471 49 26 Fiji.
513 471 48 26 jury
571 472 108 25 comprises
696 472 73 25 people
783 473 22 18 of
813 472 87 24 fasionn,
910 475 36 21 art,

87 505 30 20 To
127 505 60 20 make
198 507 49 17 1000
256 506 42 19 feet
317 506 21 19 of
355 505 141 26 illuminating
514 497 40 19 and
572 497 93 25 learning
687 504 75 19 among
771 497 56 20 them
842 498 63 25 being
914 498 35 20 the

63 537 43 20 gas,
117 531 58 26 eight
185 532 78 25 pounds
270 532 22 18 of
297 532 49 23 coal,
355 532 92 25 coasting
456 534 40 17 two
515 523 103 23 Du.chesse
627 523 81 24 dUzes,
716 524 34 19 the
758 523 73 21 Prince
837 524 26 19 de
873 524 74 26 Sagan,

63 560 56 17 cents
128 557 41 20 and
178 558 47 18 four
234 557 78 26 gallons
321 558 21 18 of
351 558 82 25 naptha,
446 560 50 17 cost-
514 550 39 19 and
563 550 95 19 Francois
668 550 87 25 Coppee.

63 583 38 26 ing
109 583 73 48 twelve
192 585 59 22 cents,
263 590 34 12 are
306 583 100 26 required.
587 600 149 21 INSURE
764 601 106 22 WITH

89 618 43 19 The
143 618 136 19 Government
287 618 37 19 has
334 618 117 19 authorised
462 618 35 19 the
513 630 47 15 m
576 630 75 17 SOUTH
661 630 94 17 BRITISH
767 630 53 16 FIRE
831 630 14 16 &
858 630 76 16 MARIN

63 646 131 21 preparation
204 645 21 18 of
234 650 10 12 a
255 650 44 13 new
308 645 53 18 book
370 650 26 13 on
406 645 34 18 the
449 645 49 18 flora
645 659 14 8 n
660 658 14 6 ~,
684 659 8 8 T.
693 659 18 8 TX
711 659 20 8 ,
732 659 6 7 r
750 659 37 8 -,-r.,
793 659 9 8 T
811 659 7 8 a
825 659 30 8 ht>

76 670 10 7 *
94 659 21 18 it
157 670 15 7 rr
197 669 5 8 i
237 669 6 8 i
279 670 20 7 Tl
399 670 39 7 li
592 659 43 15 Cot.
645 659 29 15 OF
684 659 54 15 NEW
748 659 113 15 ZEALAND.

63 671 23 18 of
94 671 52 18 New
154 671 98 17 Zealand.
279 671 20 17 It
318 676 17 12 is
354 671 21 18 to
394 671 52 22 deal,
463 672 35 17 not

63 695 47 25 only
118 695 50 20 with
174 695 32 19 all'
211 695 120 25 indigenous
338 696 75 25 p'ants,
421 696 38 19 but
467 696 31 19 for
513 696 75 16 Capital
851 696 98 19 .1,900,000

61 721 36 19 the
106 721 77 19 benefit
192 721 21 19 of
227 721 78 19 settlers
323 722 17 19 it
349 722 42 19 will
400 722 46 20 deal
456 722 42 19 also
573 727 91 17 Unlimited
671 727 65 21 JibaKty
741 728 18 15 of
764 727 124 17 Shareholders.

63 747 50 20 with
124 747 135 20 acclimatised
268 747 56 20 flora.
513 751 53 21 Being
573 757 9 10 a
590 751 74 16 Colonial
670 751 97 16 Institution
773 751 61 16 Profits
839 757 28 10 are
874 752 74 15 invested

696 771 66 20 locally.

79 787 73 20 Visiting
166 788 132 19 Cvrdioquxlto
312 790 98 19 coppe.rplae
418 790 42 15 douo
467 789 19 15 th

65 812 20 11 r>e
96 808 30 15 offli
132 809 35 14 eot
174 808 33 15 this
214 812 51 16 paper
514 805 49 15 Head
577 805 56 19 Office,

533 839 50 15 Local
597 840 57 18 Agent
820 839 45 15 J.W.
874 838 74 23 Wrigley

214 1597 92 26 V&ffOlD
315 1598 70 26 specim

561 1647 76 33 OLD
659 1642 257 46 Aiti>sMJEiLOW

438 1700 56 22 the
522 1682 333 46 FlNEST^WffiStff

413 1732 208 34 SCOTLAND
653 1734 243 36 PRODUCES.

429 1863 206 49 Pfogfjefors.*

394 1906 513 76 VfiJSTIiAERSCip

53 2103 274 35 WHOLESALE
348 2107 182 38 AGENTS,

338 2148 51 40 L.
417 2148 53 41 D.
498 2150 263 41 NATHAN
788 2154 40 38 &
854 2154 60 39 Go

284 2263 52 46 I
336 2286 45 22 S*
621 2270 97 43 V^r

49 2552 484 64 .Manufacturers
553 2556 58 59 &
623 2557 312 73 Importers

262 2941 207 70 ams,

220 3026 368 89 Carpets,

155 3257 287 38 XjlllUiU
456 3257 143 40 ULJLJJLi

47 3378 370 75 Household
473 3380 127 74 and
646 3380 273 77 General

192 3481 280 95 Drapery
507 3482 69 74 of
600 3504 187 73 svery

36 3747 297 83 Tailoring,
371 3746 403 73 Dressmaking
809 3751 108 57 and

332 3825 300 74 JWillinepy.
925 3825 1 74 ,

174 4033 157 48 LiiLUi
408 4020 207 61 uuilLl
660 4020 72 73 10.,
779 4023 67 60 LID.

183 4106 160 69 Queen
371 4107 89 66 St.,
497 4103 262 56 Auckland.

1020 978 56 22 Under
1087 979 129 26 Distinguished
1224 979 91 28 Patronage
1325 980 18 22 of
1351 981 27 21 his
1389 981 101 26 Excellency
1501 981 28 21 (lie
1539 981 82 22 Governor
1629 982 27 22 the
1668 983 37 21 Earl
1715 983 18 21 of
1739 983 72 22 Onslow.

1317 1077 51 40 ?T
1374 1080 134 65 NGS
1551 1078 23 65 I

955 1151 4 88 I
1157 1175 125 46 TE
1312 1176 363 49 HROHH.

1012 1268 54 23 The
1093 1270 55 23 best
1169 1270 127 29 Situated,
1317 1272 45 24 the
1384 1273 67 24 most
1474 1273 186 30 Comfortable,
1686 1275 46 24 the
1759 1275 59 26 best

1195 1305 141 30 appointed
1353 1306 19 23 ti
1378 1306 53 24 otel
1442 1313 29 17 m
1481 1307 34 24 Te
1527 1308 96 25 Aroha.

1004 1341 107 34 .Adjoins
1141 1343 74 33 (with
1238 1345 106 27 Private
1367 1347 141 34 Entrance)
1528 1348 45 26 the
1598 1350 124 25 Thermal
1748 1350 87 34 Sprinj

967 1374 122 31 Domain,
1105 1378 95 24 Tennis
1212 1379 82 24 Court
1304 1381 28 24 in
1345 1381 120 26 Domain.

993 1600 167 12 AuouMusanu
1175 1600 96 21 armiimg
1290 1600 72 16 waters
1381 1603 33 13 are
1434 1600 107 23 especially
1559 1600 113 20 eiticueious
1691 1600 22 21 ia
1732 1600 68 24 Gouty
1818 1602 40 20 ami

965 1618 124 19 Kneumatic
1097 1618 110 27 affections,
1217 1620 77 26 Cronic,
1305 1621 121 28 Dyspepsia,
1446 1623 104 21 Disorders
1569 1625 21 21 of
1609 1626 34 21 the
1666 1626 87 26 Qrinery
1771 1628 80 24 Organs

965 1644 117 20 Uutaneous
1090 1644 100 26 Diseases,
1211 1646 80 27 Splenio
1309 1649 41 19 and
1360 1649 87 27 Hepalio
1456 1650 113 27 Disorders,
1588 1653 96 20 Diseases
1703 1654 40 21 due
1753 1656 21 19 ot
1783 1654 75 23 Excess

965 1671 86 25 Acidity,
1063 1671 118 27 Neuralgia,
1198 1672 91 22 Sciatica.

1070 1722 74 22 Public
1152 1724 52 21 Hall
1223 1726 40 20 and
1282 1727 82 27 Sninplo
1383 1727 64 23 Rooin
1458 1731 107 21 connected
1576 1731 50 22 with
1635 1732 37 23 the
1681 1733 70 21 Hotel.

1106 2764 58 26 HIGH
1183 2764 33 26 ST.
1238 2764 38 26 and
1296 2764 109 28 VICTORIA
1416 2766 32 28 ST.
1465 2767 63 32 EAST,
1552 2768 130 29 AUCKLAND.

1006 2825 43 20 The
1068 2825 64 19 above
1151 2822 110 21 Favourite
1277 2830 11 13 i_

953 2850 243 22 ACCOMMODATION
1228 2849 33 20 for
1287 2849 4 23 '.

952 2879 46 19 who
1007 2877 42 21 will
1059 2877 77 20 receive
1146 2883 59 18 every
1214 2876 91 19 Comfort
1320 2877 41 19 and
1376 2877 111 21 Attention.

993 2930 82 27 Sample
1084 2929 76 21 Rooms
1169 2929 32 19 for
1211 2928 185 21 COMMERCIAL
1406 2930 181 24 TRAVELLERS
1598 2934 102 22 available
1710 2938 21 18 ot
1741 2937 28 20 all
1779 2938 63 21 times.

1004 2982 90 27 Charges
1104 2982 110 20 Moderate.
1240 2981 117 21 SPECIAL
1363 2982 88 21 BATES
1458 2983 33 20 TO
1501 2985 177 22 PERMANENT
1686 2989 155 22 BOARDERS.

1002 3034 106 22 Excellent
1117 3033 87 22 Cuisine.
1233 3034 97 26 Spacious
1344 3034 40 21 and
1404 3036 37 19 Wo
1442 3037 5 13 1
1451 3036 132 22 !-Ventilated
1601 3038 118 23 Bedrooms.
1756 3041 94 28 Billiard)

950 3062 63 21 Room
1024 3062 48 21 with
1082 3065 40 17 two
1132 3061 104 19 first-class
1245 3061 53 19 tabic
1302 3069 16 11 j.
1346 3062 44 19 Hot
1405 3063 14 18 &
1431 3062 50 20 Cold
1494 3064 80 26 Plunge
1585 3066 15 18 &
1611 3065 84 22 Shower
1704 3068 72 21 Paths.

1115 3093 77 24 Wines,
1204 3092 73 27 Spirits
1288 3093 40 19 and
1337 3092 30 31 Ale
1377 3092 10 31 3
1397 3092 20 31 of
1426 3095 34 19 the
1472 3095 43 19 be:t
1524 3095 81 21 Brands
1613 3099 54 24 only.

1097 3153 41 38 S.
1170 3153 39 38 C.
1238 3152 222 49 CAULTON,
1491 3156 208 48 Proprietor.
1844 3152 3 52 I

992 3405 193 46 Cutlery,
1223 3405 259 43 Hardware,
1518 3407 267 47 Brasswass,

1082 3474 149 35 House
1250 3474 281 47 Furnishing
1545 3477 145 37 Goods

1223 3531 54 33 (in
1289 3532 100 33 great
1401 3533 146 33 variety)

960 3595 139 36 fickle
1125 3596 87 35 and
1238 3596 97 35 E.P.
1364 3597 165 45 Spoons
1565 3599 89 35 and
1687 3600 142 35 Forks

1243 3657 96 38 E.P.
1368 3657 156 36 Cruets

1079 3716 88 35 Tea
1191 3715 117 42 Pots,
1334 3716 156 36 Butter
1519 3717 158 37 Dishes

1060 3784 166 46 Spoons
1482 3786 158 37 Butter
1658 3789 172 35 Knives

1195 3838 148 44 Sugar
1392 3838 149 45 Tong's

1127 3894 80 33 etc.
1350 3895 78 36 etc.
1574 3897 79 33 etc.

1185 3978 125 32 Nilli]

1360 3973 140 37 mm

1571 3974 54 36 m

1141 4125 94 43 234,
1270 4125 149 45 Queen
1456 4128 156 43 Street.

1117 145 104 50 W
1236 138 244 59 AIW
1499 138 240 57 ERA
1847 138 779 73 SANATORIUM,

968 365 89 34 Only
1084 367 43 26 30
1157 365 99 28 miles
1288 367 113 27 North
1432 367 37 26 of
1493 367 193 33 Auckland,
1717 366 89 28 with
1834 366 96 34 daily
1960 367 295 27 communication
2286 370 87 26 with
2402 370 114 27 Coach
2547 376 39 21 or
2607 370 161 27 steamer

1298 407 54 22 See
1366 408 168 21 advertised
1544 408 84 21 Time
1645 409 78 20 table
1734 408 30 20 of
1773 414 45 14 s.s.
1834 408 78 20 Rose
1922 409 100 27 Casey
2032 409 59 20 and
2107 408 130 22 Butler's
2247 409 33 21 R.
2293 410 39 20 M.
2350 411 106 21 Coach.

968 444 106 63 THE
1098 442 119 24 ABOVE
1231 443 299 25 ESTABLISHMENT
1540 444 139 24 STANDS
1696 444 230 24 UNRIVALLED
1939 452 27 16 as
1984 453 14 15 a
2009 444 93 24 Health
2111 452 28 16 or
2151 444 111 32 pleasure
2275 446 99 28 Resort,
2387 447 48 23 and
2448 446 44 24 has
2504 447 89 31 special
2617 447 153 32 advantages

1056 476 37 23 for
1106 476 77 23 either
1206 476 112 25 Tourists
1333 486 28 14 or
1375 477 114 27 Invalids,

1206 574 251 32 BEAUTIFUL
1477 575 210 39 SCENERY,
1709 576 304 34 SEA-BATHING,
2037 576 200 38 BOATING,
2260 577 188 37 FISHING,
2469 578 56 30 &c

1405 616 161 33 CUSINE
1595 618 87 30 AND
1714 618 266 31 ATTENANCE
2013 619 54 30 OF
2096 619 90 30 THE
2211 619 119 30 BEST.

975 656 93 24 Famed
1079 657 37 23 for
1128 657 31 24 its
1173 658 115 23 Curative
1300 658 94 23 natural
1408 657 102 24 medical
1524 658 52 23 Hot
1589 659 102 33 Springs
1703 660 48 23 and
1766 659 80 24 Baths.
1883 660 36 22 As
1931 659 42 24 the
1988 659 103 33 Springs
2102 659 48 24 and
2164 660 74 23 Baths
2250 668 42 16 are
2302 661 41 23 the
2358 666 111 26 property
2483 661 24 23 of
2519 661 40 25 the
2573 662 84 26 Hotel,
2673 658 97 28 visitors

1006 699 40 15 are
1057 690 111 32 supplied
1178 691 57 23 with
1244 691 105 27 Towels,
1362 691 48 23 and
1423 699 43 15 can
1474 691 57 23 take
1541 699 29 15 an
1583 692 127 25 unlimited
1724 693 102 24 number
1838 693 26 22 of
1876 693 73 23 Baths
1962 698 25 18 at
1999 701 47 24 any
2058 694 60 23 time
2131 693 25 24 of
2165 693 41 24 the
2219 693 47 31 day
2281 693 78 27 FREE
2372 694 64 23 from
2449 702 46 24 any
2502 694 90 25 charge
2603 695 134 24 whatever.

1206 732 225 39 TARIFF
1449 733 121 39 PER
1583 734 143 47 BAY,
1749 736 54 37 8s
1817 734 71 47 6d;
1924 735 122 38 PER
2061 734 194 47 WEEK,
2276 736 73 38 2
2367 736 67 37 10.

1172 786 233 32 COTTAGES
1425 788 59 30 TO
1524 788 82 30 LET
1634 790 51 30 BY
1709 790 92 30 THE
1825 788 137 37 WEEK,
1986 788 171 38 MONTH,
2178 790 56 30 OR
2254 790 91 30 THE
2384 790 182 31 SEASON-

973 828 50 25 For
1041 837 47 23 any
1101 828 154 24 information
1269 828 112 32 required
1395 828 81 32 please
1488 830 71 31 apply
1572 835 25 18 to
1611 830 127 32 Manager.

1528 872 59 42 A.
1615 872 53 39 A.
1697 872 203 42 SMITH,
2023 872 279 42 Proprietor.

1995 1627 179 26 4VULUI
2192 1627 71 27 \JLvb
2300 1627 118 27 CblLxA.
2460 1627 117 26 iuili

2065 1758 217 29 OFFICIAL
2306 1760 284 28 TESTIMONY.

1979 1818 244 40 KITCHEN'S
2250 1820 151 39 BLOOD
2424 1822 245 38 s^ESTORER

1877 1867 42 17 VVou
1924 1868 42 20 high
1973 1868 74 16 honours
2053 1868 19 16 ut
2078 1867 29 16 tho
2114 1867 75 17 Colonial
2195 1869 94 16 Industrial
2295 1869 97 17 Exhibition
2405 1869 38 16 hold
2449 1870 19 16 in
2480 1869 106 22 Wellington,
2594 1872 33 16 and
2641 1872 17 16 in
2674 1872 26 16 the
2711 1873 53 15 oilicia

1914 1889 56 19 report
1978 1887 90 16 submitted
2077 1888 16 15 to
2100 1887 28 16 the
2135 1888 115 16 Government
2260 1890 28 15 the
2296 1890 86 19 following
2390 1889 83 16 reference
2482 1895 33 10 was
2522 1891 48 16 mode
2578 1893 17 14 to
2602 1892 37 15 it.

1894 1909 70 17 Henry
1973 1909 19 14 A.
2007 1908 20 14 11.
2038 1907 85 19 Hitchcns,
2127 1907 95 20 Auckland,
2231 1909 48 15 sends
2284 1914 11 10 a
2302 1910 54 18 small,
2364 1909 31 16 but
2403 1909 77 17 valuable
2488 1910 69 18 exhibit,
2566 1912 93 19 consisting
2672 1912 18 16 of
2704 1917 10 11 a
2720 1917 37 16 vege-

1874 1928 43 16 table
1925 1926 93 21 compound
2027 1927 44 16 from
2078 1927 41 15 Now
2128 1927 71 17 Zealand
2207 1928 53 19 herbs,
2267 1928 27 16 for
2300 1930 28 14 the
2335 1934 38 10 cure
2382 1930 17 14 of
2413 1928 108 21 Indigestion,
2537 1930 122 17 Rheumatism.
2672 1932 94 17 Rheumatit

1874 1947 46 17 Gout
1931 1947 33 16 and
1970 1946 99 20 Impurities
2074 1946 19 15 of
2097 1946 29 15 the
2132 1947 60 16 Blood.
2214 1947 98 17 Thcmaker
2319 1948 34 16 and
2359 1948 84 16 exhibitor
2457 1949 57 15 claims
2528 1950 26 16 for
2572 1950 32 16 this
2616 1950 81 18 medicine

1928 1966 4 26 '
1947 1967 19 15 it
1971 1966 85 20 qualities,
2062 1966 35 16 and
2103 1966 31 16 has
2140 1966 61 20 gained
2207 1967 29 16 tho
2248 1968 37 16 first
2290 1968 50 16 order
2345 1968 19 16 of
2374 1968 50 16 merit
2430 1968 45 16 from
2481 1969 30 16 the
2521 1970 67 19 judges.
2616 1971 36 16 The
2666 1972 99 20 preparatioi

1957 1987 20 16 be
1985 1985 105 18 confounded
2097 1985 39 16 with
2144 1985 78 22 ordinary
2231 1988 54 19 quack
2293 1988 95 19 medicines,
2396 1988 86 16 inasmuch
2489 1994 18 10 as
2514 1990 14 14 it
2570 1990 27 15 the
2604 1991 72 19 product
2690 1992 17 14 of
2721 1996 45 11 mam

1872 2011 49 14 years
1928 2008 18 14 of
1956 2006 52 19 study
2016 2006 33 15 and
2058 2004 116 21 investigation
2180 2006 22 20 by
2209 2012 22 10 nn
2238 2008 74 14 eminent
2319 2007 86 21 physician
2412 2008 19 15 of
2434 2009 30 15 the
2472 2008 51 21 Army
2530 2009 72 16 Medical
2613 2011 48 18 Staff,
2669 2011 40 16 with
2717 2012 48 15 when

1873 2025 29 17 the
1908 2025 86 18 exhibitor
1999 2024 60 17 served
2065 2024 61 20 during
2131 2025 30 16 the
2175 2025 42 17 New
2223 2026 73 17 Zealand
2307 2032 36 11 war
2356 2032 17 11 as
2387 2027 79 16 assistant
2476 2028 90 20 Dispenser
2572 2030 19 15 to
2608 2030 28 15 the
2650 2030 43 15 New
2700 2031 65 15 Zealam

1872 2045 65 17 Forces.
1959 2046 28 14 Mr
1994 2044 82 17 Hitohena
2084 2045 74 19 explains
2166 2046 38 15 that
2212 2046 27 16 the
2246 2051 48 11 cures
2302 2048 17 14 of
2327 2046 121 21 Rheumatism,
2457 2050 31 15 etc,
2496 2049 69 15 effected
2572 2050 22 19 by
2608 2050 27 15 his
2645 2050 88 19 medicine,
2744 2056 22 10 an

1872 2065 32 14 due
1910 2065 72 14 mitirelv
1988 2066 18 13 to
2014 2065 21 15 its
2043 2064 92 16 wonderful
2142 2065 49 15 effect
2198 2071 45 14 upon
2250 2066 28 15 the
2285 2067 50 15 blood
2348 2067 22 19 by
2384 2067 22 16 its
2413 2067 90 21 cleansing,
2511 2068 92 22 purifying,
2615 2070 34 14 and
2659 2069 107 21 invigoratinc

2015 2084 36 16 uide
2059 2085 44 14 from
2110 2084 42 16 New
2159 2085 72 17 Zealand
2243 2086 47 15 herbs
2297 2087 34 15 and

2112 2131 223 26 NOTABLE
2370 2133 163 26 CURES.

1872 2165 93 20 Mention
1975 2165 17 19 is
2002 2164 59 20 mudo
2071 2163 21 21 of
2102 2163 33 21 the
2145 2164 106 27 following
2259 2172 22 13 as
2291 2173 12 12 a
2312 2166 39 21 few
2360 2166 22 19 of
2389 2166 34 19 tho
2432 2166 108 21 multitude
2551 2168 22 19 of
2582 2174 57 13 cures
2650 2169 119 20 effected:

1891 2198 138 20 Sciatica-Capt
2053 2198 92 20 Farquhar,
2153 2203 13 12 s.
2176 2203 13 11 s.
2210 2199 101 18 -Clansman'
2339 2208 39 15 tant
2387 2206 100 21 Dvaentery
2502 2208 64 16 cnned
2580 2213 9 11 n
2610 2208 56 17 worki
2666 2214 26 15 ni?
2700 2209 18 16 in
2736 2209 33 17 bad

1871 2220 90 16 Auckland
1966 2219 56 15 whose
2028 2224 36 10 case
2070 2223 34 11 was
2211 2220 18 15 to
2236 2220 19 14 he
2261 2220 50 19 hope-
2331 2229 25 15 air
2365 2228 34 16 and
2406 2234 14 9 W
2422 2231 17 13 et
2446 2228 56 17 mines
2511 2230 19 16 at
2535 2230 150 16 thoThames-D
2708 2231 59 17 Elkin.

1877 2245 8 10 C
1890 2258 116 18 Rheumatism
2011 2258 18 15 of
2034 2258 138 19 theFeet-Capt
2192 2258 57 17 James
2253 2260 58 16 Avon-
2352 2246 175 21 RheumatismMr
2535 2251 61 16 James
2604 2251 55 21 Pook,
2669 2253 98 15 Auckland.

1870 2279 43 20 dale,
1919 2279 92 16 Auckland
2026 2278 17 17 17
2051 2283 48 14 years
2107 2278 84 19 standing.
2352 2272 98 15 Cancerous
2480 2272 50 16 blcer
2550 2278 18 10 in
2588 2272 98 18 FaceMr
2702 2274 28 16 W.
2749 2274 17 17 C.

1890 2300 64 15 Rheum
1962 2298 28 16 itio
2060 2303 16 9 so
2083 2297 33 15 bad
2124 2297 37 16 that
2168 2298 29 15 the
2203 2298 68 20 patient
2278 2300 33 16 had
2330 2293 79 19 Walker,
2420 2293 100 16 Auckland.

1870 2319 37 16 obe
1912 2318 52 17 lifted
1970 2318 19 16 in
1995 2317 37 17 and
2038 2318 31 15 out
2075 2317 19 16 of
2098 2317 83 17 bedMr
2191 2321 25 13 W.
2232 2319 77 19 Hunter,
2351 2315 106 16 Rheumatic
2476 2315 99 16 GoutMr
2594 2316 86 17 Edwards
2692 2317 30 16 Wi.
2727 2318 39 19 tors,

1870 2338 74 17 Ormond
1949 2338 76 19 Poverty
2037 2338 42 19 Bay.
2329 2335 128 22 Confectioner,
2474 2337 96 19 Auckland;
2579 2337 31 17 Mr
2614 2338 102 17 Alexander
2723 2338 43 17 Bar-

1891 2358 106 17 Rheumatic
2004 2358 57 16 Fever
2062 2358 50 15 Mr
2127 2357 71 21 Brown,
2216 2358 94 17 Britannia
2329 2359 39 17 rett.
2379 2357 60 20 Qneen
2457 2358 62 19 Street,
2536 2359 93 17 Aucklund
2639 2357 4 21 ;
2659 2359 29 17 Mr
2706 2360 20 16 E.
2743 2360 22 17 D.

1869 2379 76 22 Height,
1960 2380 74 16 Nelson.
2330 2380 91 18 Hals-toad,
2432 2379 106 22 Veterinary
2547 2380 86 21 Surgeon,
2646 2381 100 17 Auckland.

1891 2400 105 18 Rheumatic
2011 2401 55 19 Gout,
2084 2400 75 21 Dropsy,
2180 2402 60 20 Ague,
2257 2402 53 17 Liver
2339 2401 123 16 Rheumatism
2471 2401 17 16 in
2495 2402 30 16 the
2531 2401 58 17 Knees
2596 2403 34 15 and
2636 2403 48 19 Feet,
2692 2403 73 20 brought

1869 2422 104 21 Complaint,
1983 2424 35 14 and
2027 2422 82 17 Stomach
2126 2422 69 22 Cough,
2211 2425 46 14 most
2266 2425 36 15 dis-
2328 2429 21 10 on
2359 2423 23 21 by
2392 2422 80 21 working
2481 2424 17 15 in
2509 2424 106 16 waterMr
2628 2425 86 15 Matthew
2728 2425 37 16 Bo*

1869 2444 128 21 tressingMr
2013 2444 79 21 Waugh,
2112 2445 83 20 Bombay,
2218 2445 89 17 'Wnikato*
2328 2445 82 15 Thames.

1869 2466 50 20 given
1929 2471 28 15 up,
1968 2471 22 10 no
1999 2465 45 21 hope
2052 2465 41 17 held
2102 2467 36 18 out,
2148 2468 133 16 recommended
2291 2470 16 14 to
2349 2465 132 19 Rheumatism,
2492 2467 74 21 causing
2577 2467 69 17 intcneo
2653 2467 49 21 pain,
2710 2467 54 18 which

1868 2492 22 15 go
1899 2488 49 15 home
1957 2487 33 15 and
2002 2488 35 16 die.
2327 2488 95 21 prevented
2468 2488 69 19 patient
2545 2489 44 16 from
2599 2490 53 19 being
2659 2495 39 10 ever
2703 2490 60 15 turned

1890 2508 131 18 Inflammation
2037 2511 19 15 of
2070 2509 30 16 the
2116 2508 53 17 Liver
2189 2510 33 16 and
2239 2511 70 16 Gastric
2326 2511 18 14 in
2410 2509 29 16 Mr
2448 2509 58 17 David
2516 2510 63 21 Barry,
2589 2511 82 16 Newton.

1867 2530 50 16 Juice
1924 2531 18 15 of
1950 2531 30 15 tho
1991 2530 135 18 StomachMr
2140 2532 78 15 Thomas
2234 2532 71 22 Mucky,
2349 2531 75 16 Cnronio
2431 2530 154 23 DysenteryMr
2593 2533 23 17 A.
2625 2532 83 22 Bettany,
2717 2532 46 17 Pon-

1868 2552 98 21 Merchant,
1975 2552 101 19 Auckland.
2326 2552 54 21 sonby
2389 2552 56 17 Road,
2463 2553 98 17 Auckiand.

2048 2582 13 3 -
2076 2573 126 22 -MrDieksoD,
2211 2575 95 17 Auckland
2348 2574 77 17 Chronio
2441 2573 122 18 Rheumatism
2583 2575 18 16 in
2622 2575 30 16 the
2659 2576 56 20 spino.
2726 2575 37 21 hip,

2076 2597 28 15 Mr
2125 2596 100 22 Blackmail,
2241 2597 65 16 'Even-
2326 2596 49 20 knee,
2382 2596 62 20 joints,
2458 2596 35 15 calf
2502 2596 18 16 of
2530 2597 29 15 tho
2573 2597 35 20 ]cx,
2629 2598 34 15 and
2685 2598 78 16 toes'.

1867 2620 29 18 ing
1905 2620 46 13 Star'
1961 2620 54 18 office,
2029 2617 100 18 Auckland.
2326 2617 80 22 Morgan.
2417 2617 63 16 Mount
2488 2617 49 17 Eden
2548 2617 55 21 Road,
2613 2619 98 16 Auckland.

1889 2639 123 16 Rheumatism
2021 2639 18 17 of
2056 2641 20 16 23
2095 2638 57 23 years'
2169 2639 137 21 standingMr
2325 2638 107 17 Rheumatic
2440 2638 54 21 Gout,
2504 2639 60 16 which
2572 2639 81 17 confined
2660 2640 31 17 the
2695 2641 70 20 patient

1867 2660 29 16 Vv'i
1904 2661 41 15 linn
1954 2660 86 22 McEvoy,
2050 2662 38 16 l'itt
2095 2661 80 21 Terrace,
2184 2660 99 18 Auckland.
2325 2661 17 15 to
2351 2660 27 16 his
2386 2660 33 16 bed
2427 2661 28 15 for
2467 2660 107 18 weeksMr
2582 2661 21 17 T.
2612 2661 19 16 J.
2649 2661 112 22 Baiubridge,

1887 2682 80 20 Sciatica,
1977 2683 34 16 and
2020 2679 144 24 LumbagoMr
2170 2681 25 18 N.
2203 2682 101 22 McMillan,
2326 2681 96 21 Ponsonby,
2434 2682 97 16 Auckland.

1865 2702 68 18 Vulcan
1944 2704 53 21 Lane,
2007 2704 99 17 Auckland.
2352 2702 75 17 General
2446 2704 80 21 Debility
2538 2704 34 15 and
2592 2704 119 21 Indigestion,
2729 2705 33 16 and

1996 2726 45 16 -Mrs
2053 2727 51 20 Mary
2112 2726 60 19 Knox,
2182 2725 74 22 Rokeby
2269 2726 34 17 St..
2324 2725 82 20 inability
2417 2726 16 14 to
2443 2725 42 20 keep
2491 2725 86 20 anything
2592 2732 21 10 on
2624 2726 30 16 the
2662 2727 96 15 stomach-

2325 2746 26 15 Mr
2361 2746 64 16 Gerald
2435 2746 61 19 Gra-je,
2507 2746 59 21 Kyber
2574 2747 47 19 P.iss,
2630 2748 98 17 Auckland.

1885 2768 97 17 Sciatica
1983 2768 38 18 Mrs
2028 2769 20 18 J.
2056 2769 91 20 Ronwiok,
2162 2769 60 16 Drake
2238 2770 64 19 Street,
2358 2768 74 16 Soiaiiia
2434 2768 51 16 Mr
2499 2767 46 17 John
2563 2768 51 21 Ross,
2631 2769 52 16 Duke
2698 2770 62 16 Street.

1865 2789 98 17 Auok'and.
2323 2789 99 16 Auckland.

1885 2811 50 17 Rheu
1944 2812 62 16 nal'sm
2015 2812 18 16 of
2042 2813 19 15 20
2071 2812 55 21 years'
2143 2812 84 19 standing;
2244 2812 58 16 which
2345 2810 96 21 Discharge
2446 2810 19 17 of
2473 2810 55 17 Blood
2537 2813 44 14 from
2589 2812 30 16 tho
2625 2812 136 22 BowelsCapt

1864 2833 76 20 brought,
1949 2838 21 10 on
1977 2834 64 16 Aithm
2048 2832 4 22 i
2060 2834 35 16 and
2101 2834 122 20 DropsyMr
2230 2834 71 16 Samuel
2321 2832 20 17 T.
2351 2832 93 18 Aldridjre.

1863 2853 54 20 FielJ,
1930 2854 26 16 I.)
1966 2860 10 10 j
1985 2855 58 16 SUeet
2050 2855 97 17 Auckland.
2343 2854 53 15 Great
2405 2853 78 21 Debility
2492 2855 33 15 and
2531 2855 88 21 Bleeding
2627 2857 19 14 at
2655 2856 30 16 tho
2692 2855 67 17 Nose

1884 2875 206 18 RheumatismMrH.
2098 2876 64 21 Lewis,
2172 2877 61 18 Queen
2243 2877 59 16 Street
2320 2874 29 18 Mr
2358 2875 74 16 Thomas
2440 2874 82 21 Ptlliean,
2539 2876 102 22 Ponsonby.

1863 2897 98 17 Auckland.
2342 2897 97 19 Neuralgia
2448 2897 34 16 and
2492 2897 81 17 Nervous
2581 2898 142 21 DebilityMis
2733 2899 25 15 H.

1883 2919 74 16 Sciatica
1968 2919 34 16 and
2010 2919 144 22 LumbagoMr
2163 2919 51 18 Chas.
2225 2921 73 22 Honey-
2321 2917 64 22 Waite,
2395 2918 99 17 Auckland.

1862 2940 68 22 eimbe,
1940 2940 97 19 Aueklanl.
2341 2939 118 16 Aftereffects
2477 2940 18 16 of
2501 2940 107 18 Rheumatic
2627 2942 61 18 Fever,
2705 2941 52 17 hich

1890 2961 104 18 Rheumatic
2015 2962 97 17 GoutMr
2128 2963 61 20 Elliot,
2207 2965 91 20 MeGuire,
2319 2961 32 16 left
2361 2961 29 15 the
2398 2961 69 20 patient
2475 2961 130 22 helplessMr
2614 2963 49 17 John
2672 2963 24 16 H.
2706 2963 52 17 Jones

1861 2982 108 24 Contractor,
1980 2984 100 17 Auckland.
2321 2982 98 16 Auckland.

1883 3005 74 16 Chronh
1978 3005 173 17 RheumatismMr
2170 3007 70 16 Ronr'd
2259 3007 38 17 Me-
2340 3003 73 22 Kidney
2420 3003 75 19 Disease
2544 3005 10 7 '

1861 3026 74 22 DonsM,
1944 3026 90 19 Eolleston
2042 3026 29 21 \Se
2077 3029 33 18 est,
2122 3027 80 18 Thames.
2318 3024 137 21 standingMr
2463 3026 69 18 Williai
2653 3024 1 24 ,

1881 3048 116 21 ludigostion,
2012 3048 74 18 Gtaeral
2102 3049 83 21 Dcbili.'y.
2202 3050 35 17 and
2252 3043 57 28 Con-|
2368 3046 82 18 Howiek.

1860 3081 65 19 TliEoO
1936 3088 58 14 cures
2004 3088 34 13 are
2044 3082 28 19 all
2082 3081 86 21 attested
2178 3082 28 25 by
2215 3083 89 19 teitimoi
2312 3082 5 12 ;
2319 3081 35 20 als.
2366 3081 66 21 which
2441 3083 35 20 tho
2491 3085 152 20 manufacturer
2652 3085 42 24 has,
2706 3085 49 19 with

2098 3108 104 20 hundveds
2212 3109 22 19 of
2328 3108 61 20 inlis
2398 3110 119 25 possession.

1943 3160 41 17 Sold
1994 3161 24 21 by
2029 3166 8 10 a
2041 3160 3 25 l
2048 3160 115 20 '.espietable
2267 3161 35 16 erd
2313 3160 128 22 Storokcopcr.l,
2452 3162 34 16 and
2498 3163 23 21 by
2533 3163 30 17 the
2570 3170 11 15 p
2592 3165 82 20 oprietor,

1961 3186 28 19 IT.
2000 3186 25 19 A.
2037 3186 28 19 11.
2077 3186 152 24 HITCHENS,
2242 3189 24 16 50
2289 3186 125 21 Sfobilakd
2424 3187 85 27 Sxbeet,
2519 3188 122 22 Auckxatcd.
2761 3183 2 31 i

1975 3244 202 38 REWJIRD.

1853 3310 167 25 npOUfiISTS
2030 3310 39 20 and
2083 3310 99 21 rer-'derjts
2202 3312 27 26 by
2244 3319 44 19 pay.

1869 3332 15 28 I.
1977 3338 36 24 iug
2024 3344 9 12 a
2048 3336 47 21 visit
2109 3339 21 18 io
2145 3337 35 21 the

1897 3372 161 31 COMET
2078 3372 177 33 STORES

1946 3409 116 26 Adjoining
2076 3409 55 21 Lal'o
2141 3410 57 20 View

1892 3444 52 19 Will
1956 3444 23 21 be
1990 3445 103 18 rewarded
2108 3444 25 26 by
2145 3444 89 21 obtaiu'r
2243 3453 8 17 3;

1853 3476 99 27 Fruit
1975 3477 28 26 &
2026 3477 262 33 Confectionery

1852 3520 22 17 at
1894 3519 109 19 reasualle
2023 3519 72 25 p'k-es.
2123 3519 17 19 A
2159 3519 77 19 timblo
2251 3519 30 19 six

1867 3551 61 19 pence
1939 3545 17 19 is
1963 3545 68 19 better
2042 3544 48 20 than
2101 3552 11 12 a
2123 3545 48 19 slow
2186 3545 89 26 bbiUing.

1986 3585 13 26 A
2013 3585 101 26 VARIETY
2126 3585 28 26 OF

1920 3627 159 25 Summer
2091 3626 129 27 Drinks

1852 3663 74 25 always
1937 3663 20 19 in
1972 3665 60 18 EtotK
2046 3663 105 26 including
2165 3663 20 18 J.
2198 3663 24 20 3?-
2234 3663 51 20 Teat

1852 3689 54 19 son's

1852 3716 79 20 A.SLK.
1959 3716 30 20 Not
1999 3716 10 20 3
2019 3716 39 20 the-
2072 3717 81 18 addix'3B

1852 3748 85 26 THE
1977 3749 141 26 COMET
2150 3749 136 28 STOiIE

1891 3790 47 19 And
1949 3790 54 20 mind
2018 3797 39 16 you
2072 3789 58 19 don't
2145 3789 68 24 fcigej
2224 3790 21 20 it.

1876 3844 45 39 W.
1942 3844 186 36 BlomfiGld
2144 3844 36 37 &
2194 3845 66 47 Go,,

1851 3904 208 20 TOTALISATOR
2077 3904 201 27 PROPRIETORS

1877 3942 42 18 Are
1926 3941 98 25 pvepaicd
2034 3943 19 18 to
2068 3940 56 21 moke
2130 3945 154 23 arrangements

1852 3974 24 13 on
1898 3967 119 20 favourable
2036 3969 62 18 teiius
2122 3968 33 19 for
2169 3968 35 21 the
2215 3976 37 13 use
2263 3970 21 19 of

1852 4071 45 40 W.
1933 4073 186 36 Blomfield
2156 4074 36 38 &
2227 4076 54 40 Co,

1919 4119 106 37 QUEEN
2085 4120 130 36 STREET,

1981 4152 170 29 AUCKb/vND.

2322 3246 11 16 A
2347 3246 77 19 BVICE,
2445 3246 149 17 PERSONALLY
2612 3249 31 15 OS,
2653 3249 31 15 BY
2695 3249 52 15 LET-

2298 3262 3 28 I
2309 3262 36 18 -TL
2488 3267 51 19 TEE,
2550 3268 65 15 FELE.

2299 3302 3 25 j
2329 3304 37 16 BR.
2384 3304 56 16 NEIL
2450 3305 29 16 has
2497 3305 74 21 pleasure
2586 3307 17 15 in
2620 3307 90 20 informing
2725 3308 25 15 his

2310 3326 73 17 pati-ons
2390 3326 33 14 and
2431 3325 29 15 tbo
2467 3326 56 19 public
2531 3326 37 16 that
2577 3327 21 15 he
2605 3327 29 15 has
2645 3328 67 14 secured
2720 3328 30 15 tho

2311 3348 22 10 sei
2337 3344 43 15 vices
2388 3344 18 15 of
2415 3349 10 10 a
2432 3346 93 18 competent
2531 3350 79 16 manager
2620 3347 27 15 for
2658 3347 25 14 his
2693 3347 46 16 Auck-

2312 3363 40 15 land
2370 3363 79 19 business,
2467 3364 54 18 whoso
2539 3366 69 15 medical
2625 3366 74 20 training
2717 3368 33 14 and

2309 3382 73 19 hospital
2396 3383 96 19 experience
2503 3385 67 15 enables
2587 3385 33 15 him
2639 3386 17 15 to
2667 3385 37 19 give
2722 3387 27 15 the

2309 3402 36 14 bast
2352 3402 59 16 advice
2417 3403 28 15 for
2452 3403 27 15 the
2491 3404 88 16 treatment
2586 3405 18 15 of
2611 3404 77 18 diseease.

2331 3429 65 15 HALM
2414 3430 29 16 OF
2460 3431 148 17 GILEAB.The
2623 3434 74 17 greatest
2708 3434 43 15 Cold

2310 3453 49 10 curcr
2376 3449 17 14 of
2404 3449 27 15 the
2442 3449 41 20 ago;
2501 3451 29 14 has
2544 3452 48 15 cured
2611 3452 44 15 colds
2674 3453 18 14 of
2706 3453 44 16 from

2309 3473 49 10 seven
2367 3470 17 13 to
2391 3470 29 14 ten
2431 3474 48 15 years
2490 3470 82 19 stand'ug.
2594 3472 55 17 Price,
2661 3472 17 16 2s
2688 3473 21 15 Cd
2722 3478 29 11 ner

2309 3488 59 15 lottle.

2328 3521 64 16 LUNG
2406 3523 153 17 BALSAMWiII
2570 3530 38 10 cure
2627 3524 121 21 Consumption

2308 3545 17 11 m
2333 3542 22 14 its
2363 3542 45 19 earlj-
2416 3547 19 9 or
2445 3543 60 15 middle
2516 3544 61 19 stages.
2599 3545 46 16 Miss
2657 3546 92 18 Russell,

2307 3560 77 15 Woollen
2402 3561 50 19 Mills,
2472 3562 99 21 Onehunga,
2589 3564 66 19 speaks:
2717 3570 32 10 was

2307 3584 52 13 gsven
2367 3585 23 14 uji
2398 3581 20 19 by
2425 3582 33 14 two
2472 3582 65 15 doctors
2551 3583 57 16 defore
2624 3583 10 16 I
2644 3583 104 18 commenced

2297 3600 21 15 Iti
2329 3599 39 20 Ling
2381 3604 43 14 your
2438 3601 49 19 Lung
2506 3602 73 18 Balsam,
2598 3604 34 14 and
2657 3604 9 15 1
2684 3604 64 15 declare

2308 3618 73 17 without
2391 3625 34 14 any
2437 3622 120 18 exaggeration
2570 3622 38 17 that
2625 3623 14 14 it
2656 3623 48 15 saved
2721 3627 26 14 ray

2307 3638 43 18 life..
2371 3638 38 20 Any
2430 3640 68 15 sufferer
2508 3641 59 16 should
2578 3643 118 15 communicate
2708 3641 40 16 with

2305 3657 38 16 me.'
2373 3658 48 16 Price
2429 3659 18 16 2s
2457 3660 20 14 (id
2482 3664 29 15 per
2518 3661 59 17 bottle;
2595 3662 33 15 fivo
2639 3662 26 15 for
2675 3662 31 14 ICI.

2331 3695 103 16 CASCARA
2451 3697 151 17 BITTERSThe
2613 3698 39 19 only
2662 3698 35 16 real
2707 3703 39 11 cure

2305 3714 27 16 for
2351 3715 103 18 costivenoss.
2472 3717 109 20 Indigestion,
2597 3718 91 16 Headache
2708 3719 34 14 and

2307 3733 103 20 Flatulence,
2422 3735 68 20 making
2504 3741 10 10 a
2531 3738 87 16 miserable
2635 3737 29 15 life
2681 3737 63 20 happy:

2307 3752 37 17 well
2356 3754 59 15 named
2427 3754 21 18 by
2460 3756 45 15 thn:e
2516 3757 36 14 who
2563 3757 42 15 have
2616 3757 41 14 used
2667 3757 14 14 it

2306 3772 67 16 Suffei
2378 3773 39 17 TE's
2539 3777 46 15 Piico
2592 3777 19 14 2s
2618 3776 20 14 Gd
2645 3781 29 14 per
2681 3777 61 16 bottle-

2326 3810 47 15 Lam
2380 3813 14 11 zs
2423 3811 130 16 Complexions
2581 3811 90 16 beautified
2698 3813 48 15 made

2305 3829 53 17 clean,
2392 3829 44 22 i.plei
2447 3830 33 15 and
2492 3831 73 15 blotches
2575 3832 77 14 removed
2663 3832 22 19 by
2695 3832 50 19 using

2305 3853 32 9 our
2348 3848 69 16 LIVER.
2427 3849 75 19 TONIC,
2514 3850 53 15 which
2579 3851 13 15 is
2603 3850 34 15 also
2655 3851 28 16 the
2701 3854 44 13 most

2304 3868 90 15 successful
2403 3873 38 11 cure
2450 3869 26 15 for
2483 3870 100 15 Biliousness
2593 3870 34 14 and
2637 3870 23 15 all
2671 3870 73 17 diseases

2304 3887 19 15 of
2331 3887 28 15 tho
2367 3886 46 16 liver.
2435 3888 18 14 Pi
2458 3889 24 15 :ce
2488 3890 16 14 2s
2511 3889 19 15 Cd
2537 3893 29 16 par
2572 3889 59 15 l.o'tlo:
2638 3891 32 14 fivo
2677 3891 27 14 for
2712 3891 32 15 10s.

2325 3906 65 15 TRISTT
2407 3907 57 15 MOSS
2483 3908 48 15 ANT)
2552 3908 47 15 COO
2616 3908 71 17 LIVER
2705 3910 39 16 OIL

2305 3926 175 17 EMULSIONThe
2487 3928 37 15 best
2529 3928 32 14 and
2567 3928 83 19 Cheapest
2656 3930 86 16 Emulsion

2303 3945 17 14 in
2328 3945 29 15 (he
2368 3946 69 15 market:
2446 3952 10 9 a
2470 3947 60 18 special
2544 3952 38 11 euro
2597 3947 27 15 for
2630 3949 71 20 wasting
2709 3951 32 14 and

2304 3964 78 20 debilily.
2403 3966 48 15 Trice
2458 3966 18 14 2s
2486 3971 30 14 per
2527 3966 60 16 bottle.

2322 3998 33 15 BR
2365 3998 80 17 NEIL'S.
2463 4000 154 20 Wellesley-strect
2630 4001 41 16 East
2704 4001 40 22 (tw

2303 4018 49 15 doors
2359 4018 53 16 above
2420 4018 52 16 Milne
2478 4019 124 20 aiidf'hoycu's,
2608 4021 13 15 is
2628 4022 30 15 the
2664 4022 71 20 choapes

2302 4036 52 16 house
2357 4038 19 15 to
2378 4038 35 20 huy
2421 4038 58 16 Patent
2485 4038 157 20 ainlllonia'pathie
2647 4041 91 16 Medicines

2302 4056 56 16 Toilet
2375 4057 94 22 Requisites
2490 4057 32 16 and
2542 4058 94 21 Druggists
2658 4061 84 17 Sundries.

2302 4076 56 15 Herbs
2365 4076 32 15 and
2405 4076 62 17 Herbal
2479 4077 125 18 Preparations.

2443 4105 83 15 ADVICE
2543 4106 60 16 FREE

2325 4131 94 18 Manageh;
2434 4133 18 15 P.
2467 4133 23 16 M.
2498 4132 100 21 MA.CKAY
2606 4137 71 19 (trained
2686 4137 43 17 Aber-

2304 4151 42 17 deen
2353 4152 72 16 Medical
2432 4152 70 20 College,

2791 3742 78 27 Apples
2880 3750 34 12 are
2925 3744 59 24 being
2993 3744 82 19 retailed
3087 3745 21 20 in-

2765 3768 52 22 ?arr-i
2829 3770 21 19 at
2868 3770 58 19 30lba
2936 3770 33 19 for
2984 3772 28 17 Is.
3040 3771 66 26 Many
3124 3774 72 24 peop'e

2765 3800 33 14 era
2807 3794 80 27 buying
2904 3796 38 19 and
2954 3796 126 25 sun-drying
3099 3798 54 21 them
3163 3800 33 20 for

2765 3820 71 21 winter
2855 3829 42 12 use.
2926 3822 78 25 Apples
3014 3824 22 19 at
3050 3824 40 19 this
3101 3828 44 16 rate
3161 3834 35 13 are

2765 3846 102 22 abouttbo
2879 3848 53 25 prieo
2942 3848 21 19 of
2972 3851 90 22 potatoes
3073 3851 39 20 and
3123 3851 72 22 should

2764 3873 24 19 be
2806 3873 19 19 fr
2850 3874 20 23 ly
2885 3874 47 20 used
2953 3881 22 13 as
2995 3875 48 26 they
3066 3883 34 14 are
3118 3884 12 13 a
3143 3881 53 18 most

2764 3899 102 20 beneficial
2877 3899 77 28 change
2973 3902 22 20 to
3006 3902 34 19 the
3050 3906 75 19 system
3141 3905 54 20 from

2763 3925 34 20 tho
2819 3926 125 27 everlasting
2958 3929 5 8 '
2975 3928 103 27 Murphy.'
3115 3931 80 24 Apples

2763 3958 33 12 arc
2805 3952 43 24 j;i?t
2866 3959 21 12 as
2898 3954 50 24 good
2960 3955 50 19 used
3024 3962 21 12 as
3064 3963 12 12 a
3090 3958 105 24 vegetable

2763 3977 47 19 with
2829 3980 53 18 meat
2901 3986 20 12 as
2937 3980 49 24 they
3001 3988 33 13 are
3050 3982 20 19 in
3135 3984 60 21 other

2762 4003 68 25 shape.
2859 4005 49 20 Just
2919 4008 32 24 try
2961 4007 175 22 them.Thames
3151 4011 43 19 Ad-
