3383 6184
187 2122 119 82 The
346 2122 197 82 Lyell
583 2122 237 82 Times.

187 2283 248 38 SATURDAY,
461 2283 159 37 MARCH
649 2289 49 34 28,
732 2290 88 31 1885.

163 2406 70 35 The
250 2407 79 34 Rev.
347 2407 133 36 Father.
487 2408 150 42 Holland,
656 2412 63 33 will
737 2413 143 35 conduct

124 2464 89 36 Mass
235 2465 66 35 and
323 2465 138 45 Vespers
488 2467 74 35 here
586 2476 33 27 at
644 2472 45 32 St,
716 2470 163 47 Joseph's,

122 2527 188 29 to-morrow
326 2528 34 28 at
377 2524 54 33 the
447 2526 96 32 usual
561 2526 110 32 hours.

163 2591 68 35 The
268 2592 210 44 Half-yearly
514 2596 158 42 meetings
704 2598 35 33 of
773 2598 88 36 share-

122 2648 132 34 holders
283 2649 33 32 in
343 2650 55 33 the
428 2651 120 33 United
573 2654 116 42 Alpine
718 2655 65 32 and
815 2656 65 41 Tyr

123 2706 138 34 Connell
283 2706 206 46 Companies
512 2709 64 35 will
601 2711 36 33 be
659 2711 75 35 held
752 2725 41 22 on
820 2714 53 34 the

122 2765 41 30 30
167 2763 33 33 th
215 2774 89 32 prox.

164 2831 32 33 It
212 2831 26 33 is
254 2834 191 32 announced
463 2834 69 33 that
549 2834 122 46 Bishop
687 2839 99 32 Buter
808 2840 69 33 will

123 2886 79 35 hold
218 2889 135 34 services
370 2895 32 28 at
420 2891 44 32 St.
488 2889 194 43 Matthew's,
703 2906 40 22 on
758 2895 100 35 Thurs-

124 2945 64 43 day
203 2946 147 39 evenißtf,
367 2945 64 32 and
447 2946 120 45 Friday
583 2951 155 34 foreuoeu
757 2961 88 26 next.

165 3011 33 32 It
223 3010 26 32 is
272 3008 170 35 elsewhere
470 3014 143 34 uotineJ,
639 3015 71 30 that
736 3018 139 34 tenders,

125 3067 122 41 closing
262 3071 34 29 at
310 3066 166 43 Westport
492 3078 42 21 on
550 3067 53 32 the
619 3068 58 32 4th
694 3080 102 31 prox.,
824 3083 53 21 are

124 3123 102 35 called
240 3123 49 35 for
304 3122 56 36 the
375 3121 238 47 improvement
629 3125 36 33 of
677 3137 90 23 some
780 3128 35 33 of
823 3128 54 35 the

126 3181 127 40 bridges
268 3192 43 21 on
327 3181 54 32 the
395 3181 112 32 Buller
518 3180 98 34 Road.
664 3184 33 31 If
704 3196 73 21 ever
787 3186 91 33 ther*

125 3248 68 26 was
209 3249 19 24 a
242 3236 102 46 really
360 3244 116 38 urgent
494 3238 155 45 iiece*sity
665 3239 48 35 for
730 3240 87 38 work
841 3243 37 35 of

127 3296 66 31 this
208 3295 207 44 description,
431 3296 26 32 it
472 3296 26 31 is
516 3303 32 25 to
566 3297 36 30 b«
616 3298 101 32 found
732 3301 33 29 in
783 3312 89 20 some

129 3351 34 35 of
190 3351 56 34 the
275 3356 177 30 structures
483 3365 42 20 on
559 3353 58 33 this
649 3355 76 33 road
758 3362 33 27 at
824 3358 54 33 the

129 3412 128 42 present
285 3408 79 35 time
381 3417 9 34 ;
413 3408 65 35 and
499 3419 47 24 we
577 3409 79 46 hope
684 3417 31 28 to
743 3424 50 23 see
826 3414 53 33 the

130 3471 147 30 contract
302 3466 126 45 pushed
450 3468 103 33 ahead
572 3469 84 41 with,
681 3471 93 33 when
802 3473 26 33 it
852 3474 27 32 is

128 3523 54 40 let,
201 3534 35 22 so
251 3522 72 34 that
339 3523 42 33 all
398 3523 66 33 risk
480 3525 35 31 of
526 3525 155 33 accid«ats
696 3538 38 21 or
750 3529 125 32 trouble

129 3588 33 28 to
200 3581 93 36 those
334 3582 181 44 trafficking
552 3594 74 23 over
656 3584 36 41 it,
730 3597 78 34 may
838 3586 40 36 be

127 3638 145 35 avoided.

170 3707 27 34 A
209 3706 89 35 dose
314 3706 132 46 heliday
461 3706 66 36 will
542 3708 38 34 be
598 3708 145 36 oWved
763 3717 32 28 at
819 3713 58 34 the

128 3764 83 34 local
228 3765 77 33 Post
320 3765 101 34 Office
436 3777 42 23 on
496 3767 92 32 Good
605 3767 122 44 F-iday,
745 3769 55 33 the
814 3771 61 32 3rd

126 3834 92 32 prox.
263 3822 51 35 On
336 3822 117 35 Easter
476 3822 155 46 Monday,
645 3825 54 34 the
723 3827 67 41 6th,
814 3828 57 34 the

130 3878 91 35 office
236 3878 67 35 will
318 3880 77 43 enly
412 3880 37 33 be
463 3892 85 32 open
563 3878 69 46 from
649 3878 18 46 9
684 3878 86 46 until
788 3885 36 33 10
837 3885 34 33 in

128 3937 58 32 ike
200 3936 168 41 forenoon,
384 3935 65 35 and
464 3937 85 34 from
564 3938 19 33 7
599 3937 72 35 tillß
686 3944 33 28 at
735 3940 105 42 night.

174 4003 68 35 The
280 4003 129 46 County
441 4005 146 42 Council,
624 4007 163 35 a<vcrtises
825 4010 50 33 tor

128 4061 134 33 tenders
281 4061 123 41 closing
419 4071 43 23 on
477 4062 57 33 the
548 4062 57 33 Bth
622 4068 109 27 omext
744 4066 129 37 month,

133 4117 49 35 for
205 4116 55 37 the
282 4117 231 38 maintenance
528 4118 36 37 of
579 4117 56 38 the
652 4120 99 35 .racks
775 4120 99 36 about

132 4175 57 33 the
212 4176 101 41 place.
358 4176 176 33 Doubtless
560 4177 57 33 the
644 4179 156 33 iteration
825 4182 31 30 in-

130 4230 122 36 tended
269 4233 34 33 in
318 4231 56 36 the
393 4231 52 36 old
461 4240 124 38 system
601 4234 36 34 of
646 4233 123 47 leeping
781 4234 91 37 these

135 4290 108 34 tracks
259 4303 94 32 open,
375 4292 27 34 is
417 4291 80 34 with
521 4292 56 34 the
597 4292 90 45 objet
704 4294 35 33 of
758 4296 114 43 saving

136 4356 142 33 money;
306 4346 26 33 it
362 4358 61 22 can
453 4348 37 33 be
521 4348 49 34 for
598 4360 43 22 no
661 4350 111 40 other;
807 4353 65 31 and

136 4401 112 36 whilst
262 4403 42 34 all
317 4404 76 34 that
408 4405 27 36 is
450 4416 79 33 very
550 4405 142 40 laudale,
716 4416 49 24 wo
789 4419 79 32 very
879 4401 1 50 I

134 4459 102 32 much
267 4461 148 42 question
437 4461 27 32 if
483 4461 54 33 the
558 4473 72 21 new
640 4468 240 37 arrangement:

137 4518 67 33 will
220 4530 109 22 secure
346 4518 54 35 the
417 4531 89 22 same
523 4519 79 45 high
619 4523 63 32 site
699 4519 37 35 of
753 4522 117 44 repair,

138 4576 65 31 and
218 4576 165 43 generally
398 4577 65 32 suit
484 4579 216 41 requirerants
725 4577 35 33 of
780 4578 91 35 those

135 4632 98 43 using
248 4632 102 41 them,
366 4632 33 34 in
417 4633 53 34 the
487 4645 90 23 same
593 4644 117 25 mnner
725 4646 36 22 as
783 4635 88 35 what

140 4689 55 34 the
211 4688 170 45 day-labor
396 4694 119 40 system
532 4691 65 35 did.

182 4757 142 33 Tenders
337 4759 107 32 closed
456 4764 33 29 at
501 4760 56 33 the
569 4760 109 33 Concil
691 4759 181 37 Chambers

136 4819 38 30 ;at
199 4814 361 47 W<estportyesterday,
585 4818 24 36 ft
624 4815 55 37 the
702 4825 159 29 construc-

138 4873 72 33 tion
226 4873 34 32 of
272 4872 53 34 the
342 4873 91 34 track
449 4875 99 43 lately
563 4874 104 34 lai-orT
678 4875 43 43 by
747 4877 122 33 Massrs
879 4867 1 51 !

142 4927 120 44 Young
278 4930 105 38 Bros.,
395 4929 145 34 between
552 4931 56 33 Ble
622 4930 103 34 Creek
737 4933 60 31 and
815 4934 55 33 the

142 4985 113 36 Victor
277 4986 163 34 Emanuel
470 4988 99 34 mine.
588 4986 68 35 The
677 4988 89 33 work
797 5001 54 22 con-

138 5042 79 34 sists
239 5042 35 34 of
292 5044 71 32 fonr
385 5045 138 32 section*
539 5044 83 40 mail,
624 5046 256 46 —comprising'

139 5099 103 36 •about
257 5103 64 32 two
337 5099 94 35 miles
447 5100 64 35 and
527 5098 85 39 a-Mf.
658 5101 67 35 The
746 5104 77 34 road
843 5091 37 48 is'

139 5162 38 30 to
195 5158 36 34 be
248 5159 162 43 gravelled
425 5159 63 34 five
504 5159 141 40 feewide,
659 5161 66 32 and
744 5162 126 34 cleared

142 5220 127 39 ttwenty
284 5216 65 33 feet
366 5228 41 21 om
423 5217 55 34 tbe
494 5228 73 33 upp'
582 5215 80 41 side,
680 5219 61 32 and
760 5227 54 26 ten
830 5232 40 21 on

142 5273 60 33 ithe
231 5272 108 34 lower.
399 5273 153 40 Glancing
563 5273 158 44 cursorily
751 5281 33 28 at
817 5277 53 33 tbe

144 5331 225 42 specification
385 5331 35 33 of
433 5331 54 33 the
497 5331 73 33 whe
581 5331 99 39 work,
697 5344 46 22 we
757 5331 123 42 should;

146 5398 61 33 aay
231 5387 192 45 everything
437 5389 27 33 is
480 5386 216 44 weldetailed,
715 5390 63 33 a.rad
804 5392 69 35 that

144 5444 155 44 ♦carrying
308 5445 54 34 th*
372 5446 204 43 requiremtts
584 5449 57 30 out
649 5449 221 44 accordingly,

146 5515 23 20 ;a
195 5515 77 31 very
299 5504 193 34 serviceable
516 5503 31 34 ai
577 5505 158 43 certainly
764 5505 116 36 ■seinl'

143 5562 94 42 _piec«
269 5560 34 33 of
326 5560 91 35 work
443 5560 68 34 will
531 5571 13 22 s
574 5559 106 37 added
709 5568 32 28 to
772 5565 94 35 those

147 5617 137 44 already
306 5618 106 40 made,
436 5618 66 33 and
517 5619 180 37 ostructed,
722 5620 62 32 like
804 5621 65 35 this

146 5688 76 27 •one,
254 5677 116 42 chiefly
397 5677 81 34 with
515 5676 99 34 jview
643 5680 35 32 to
715 5681 155 42 practical

146 5733 129 45 mtiJity,.
289 5734 64 34 and
369 5734 34 35 of
416 5746 18 23 a
450 5731 198 46 kuuteadkg
663 5737 33 32 to
718 5745 151 36 promote

150 5793 199 37 settlement,
396 5793 65 32 and
497 5802 18 23 e
559 5792 127 40 mining
730 5795 138 36 interact

145 5847 180 50 generally.
371 5849 116 40 Given,
501 5858 26 26 le
557 5858 172 39 necessary
753 5862 115 29 means

144 5917 38 25 mt
212 5911 50 31 its'
291 5910 140 42 disposal
454 5912 33 29 in
515 5910 189 33 reasonable
732 5921 68 24 sort
837 5915 35 32 of

146 5975 87 37 way,
250 5978 47 24 we
315 5964 95 37 think
426 5964 149 38 theraoed
591 5964 39 38 be
646 5966 82 38 little
746 5968 71 37 fear
835 5970 35 37 of

144 6025 59 33 ithc
223 6025 135 35 Council
374 6025 143 44 negleng
532 6023 64 36 tkis
609 6027 103 42 place.

966 237 29 34 A
1009 249 79 23 mm
1104 239 119 35 named
1246 239 144 36 Thomas
1414 240 177 41 Granfield,
1615 253 64 23 was

926 295 143 33 arrested
1090 295 76 34 here
1189 297 62 33 last
1273 298 95 43 night
1390 310 43 21 on
1466 310 18 21 a
1507 299 117 43 charge
1648 299 35 33 of

926 351 129 44 lunacy.
1099 352 69 34 The
1191 353 209 35 unfortunate
1428 355 105 35 fellow
1556 367 66 23 was
1644 355 34 35 in

926 408 125 35 similar
1065 409 125 35 trouble
1207 410 98 35 about
1323 412 38 33 12
1377 412 134 34 months
1527 425 69 31 ago.

967 475 69 35 The
1058 475 96 35 latest
1170 477 173 44 telegrams
1364 479 86 33 from
1472 480 150 39 London,
1646 482 33 31 in

925 533 161 34 reference
1102 537 33 30 to
1151 534 55 33 the
1222 534 127 44 dispute
1363 536 146 35 between
1524 539 153 42 England

926 588 64 33 and
1007 588 117 34 Russia
1139 589 171 44 regarding
1326 591 54 34 the
1396 592 130 43 Afghan
1543 595 135 32 frontier

925 645 161 41 question,
1109 646 64 32 and
1189 647 108 32 which
1312 649 108 31 would
1443 661 120 30 appear
1586 656 32 27 to
1642 652 37 32 be

926 701 114 45 taking
1062 713 19 23 a
1103 713 90 25 more
1209 703 142 45 tangible
1367 708 67 32 sort
1455 705 36 34 of
1502 705 113 45 shape,
1638 706 40 35 do

927 762 57 31 not
999 760 140 35 indicate
1155 761 72 34 that
1242 761 55 34 the
1308 762 124 34 trouble
1446 764 27 33 is
1486 775 66 33 any
1566 776 114 23 nearer

926 816 197 40 settlement,
1146 817 81 33 than
1249 818 27 33 it
1296 830 67 21 was
1386 831 91 22 some
1491 820 81 34 time
1594 832 82 32 ago;

924 868 35 37 in
974 870 74 44 fact,
1065 870 108 38 affairs
1187 872 76 36 look
1279 885 35 25 as
1324 873 126 48 tkough
1461 874 25 36 it
1501 886 66 24 was
1577 875 99 47 likely

924 933 33 28 to
973 931 63 31 end
1051 932 34 31 in
1101 943 18 21 a
1135 936 97 30 set-to
1248 933 34 33 in
1298 939 140 35 earnest,
1455 934 146 33 between
1621 938 55 31 the

907 986 2 45 I
925 987 50 31 old
992 986 205 44 belligerents
1213 990 35 32 of
1262 990 59 33 '54.
1368 991 68 33 The
1453 997 118 28 matter
1584 992 93 34 bears

907 1046 2 45 ,
924 1056 18 20 a
968 1048 85 29 most
1080 1046 119 33 serious
1223 1052 119 39 aspect,
1368 1047 94 35 when
1490 1060 60 22 one
1575 1049 103 34 recals

924 1103 87 31 what
1027 1115 19 20 a
1062 1114 66 23 war
1144 1105 35 33 of
1192 1106 78 33 such
1288 1118 18 21 a
1324 1108 189 40 magnitude
1531 1109 63 32 and
1607 1121 51 32 pro-

906 1154 3 50 |
924 1158 144 40 portions
1083 1161 107 31 would
1206 1172 96 21 mean
1316 1169 31 25 to
1361 1162 54 33 the
1430 1165 101 31 eatire
1550 1167 123 37 nation,

906 1213 2 52 |
922 1214 51 34 its'
997 1213 139 36 colonies
1157 1216 64 33 and
1244 1216 247 44 dependencies,
1516 1220 64 33 and
1604 1220 70 40 last,

906 1270 2 40 :
924 1270 56 33 but
1003 1275 56 28 not
1080 1271 92 39 least,
1197 1272 53 32 the
1278 1275 190 33 mercantile
1495 1277 64 32 and
1588 1289 65 21 com-

905 1319 2 55 !
921 1328 132 33 mercial
1065 1329 125 33 marine
1203 1330 34 32 of
1244 1341 35 21 so
1294 1342 100 32 many
1408 1335 172 33 countries.
1606 1335 18 32 '1
1638 1336 38 33 he

905 1383 2 56 J
924 1383 129 34 Soudan
1071 1384 170 44 difficulty,
1259 1392 62 35 too,
1336 1388 105 33 would
1455 1401 122 33 appear
1591 1401 31 22 to
1641 1392 35 33 be

905 1440 1 49 :
921 1440 33 32 in
978 1449 42 23 no
1043 1451 78 31 way
1137 1441 158 40 lessened,
1324 1444 64 32 and
1410 1443 26 35 it
1458 1445 70 34 will
1550 1448 124 41 require

921 1499 91 37 great
1027 1495 264 42 determination,
1308 1499 114 44 plenty
1444 1502 35 32 of
1498 1513 90 30 men,
1613 1505 63 32 and

904 1549 3 52 I
921 1552 119 33 careful
1063 1553 206 45 generalship
1293 1562 33 27 to
1350 1557 122 44 cripple
1497 1560 41 32 El
1563 1561 113 34 Mahdi

904 1609 82 44 ;and
1023 1609 53 33 the
1114 1613 193 42 apparently
1343 1616 204 35 numberless
1591 1620 85 33 rebel

903 1662 2 47 !
921 1664 117 33 hordes
1067 1665 35 32 of
1134 1666 138 35 fanatics
1309 1670 73 33 who
1412 1672 108 33 crowd
1552 1676 123 33 around

920 1720 81 33 him.
1046 1721 86 34 That
1144 1722 65 34 this
1221 1725 89 41 piece
1325 1726 36 33 of
1375 1728 143 34 business
1532 1742 41 21 on
1587 1731 87 34 hand

920 1778 65 34 will
1009 1789 100 34 prore
1133 1793 18 22 a
1173 1783 112 34 rather
1307 1785 164 36 awkward
1496 1789 122 34 feature
1642 1790 32 33 in

902 1836 3 60 j
921 1836 54 32 the
1012 1836 137 35 difficult
1187 1840 72 32 task
1297 1842 106 34 betore
1441 1846 163 42 England,
1641 1848 34 31 in

902 1891 3 53 J
919 1891 122 45 having
1058 1900 33 28 to
1109 1896 105 34 watch
1232 1909 35 21 so
1283 1910 102 33 many
1407 1901 107 43 places
1530 1907 33 28 at
1585 1914 89 28 once,

919 1950 25 33 it
959 1950 27 33 is
1001 1955 57 30 not
1074 1951 82 35 hard
1173 1959 32 28 to
1220 1954 132 36 foresee.
1396 1958 150 36 Another
1568 1959 105 43 thing,

919 2008 108 34 whilst
1063 2014 137 31 matters
1237 2013 145 35 between
1420 2016 154 44 England
1611 2018 63 34 and

920 2065 117 35 Russia
1052 2067 127 35 remain
1196 2069 33 33 in
1246 2070 80 34 such
1342 2083 19 22 a
1377 2077 82 30 state
1476 2075 35 32 of
1525 2074 149 42 ferment,

919 2123 56 34 the
992 2124 151 35 Colonies
1160 2138 53 22 are
1230 2127 77 35 shut
1323 2135 57 28 out
1396 2131 84 33 from
1503 2133 171 45 rendering

919 2180 73 35 that
1022 2182 177 35 assistance
1230 2189 32 28 to
1293 2185 55 34 the
1378 2189 131 33 mother
1536 2199 138 35 conntry

918 2237 108 34 which
1044 2240 77 43 only
1133 2240 176 46 prudently
1322 2244 113 34 awaits
1448 2257 19 20 a
1481 2246 66 33 safe
1558 2258 95 33 oppor-

918 2297 119 42 tunity.
1083 2297 93 45 They
1206 2305 89 28 must
1324 2307 58 28 not
1406 2304 134 33 weaken
1571 2305 81 34 them-

917 2353 103 34 selves
1051 2358 54 30 too
1135 2356 113 41 much,
1281 2356 62 35 lest
1379 2359 34 33 in
1450 2371 71 23 case
1548 2362 39 33 of
1611 2363 63 33 this

916 2410 210 45 threatening
1156 2413 94 35 cloud
1280 2414 166 44 breaking,
1484 2417 78 47 they
1593 2432 76 32 may

916 2473 88 31 want
1020 2469 43 35 all
1080 2471 56 34 the
1150 2471 132 36 defence
1295 2474 148 35 material
1454 2477 170 42 available,
1641 2484 31 29 at

916 2526 86 33 their
1017 2538 73 22 own
1107 2529 105 34 doors.

959 2596 52 34 Mr
1027 2596 159 43 O'Conor,
1204 2599 138 36 M.H.R.
1361 2601 60 35 has
1432 2602 72 44 just
1518 2604 154 35 returned

915 2651 83 34 from
1011 2653 212 42 Wellington,
1239 2657 108 33 where
1361 2659 39 32 he
1412 2659 59 33 has
1484 2660 77 32 been
1575 2662 78 32 inter-

916 2709 140 44 viewing
1071 2709 55 36 the
1140 2712 224 37 Government
1377 2716 63 34 and
1450 2719 221 42 representing

915 2766 54 32 the
997 2765 150 35 different
1170 2770 120 42 public,
1319 2773 63 32 and
1407 2774 128 42 County
1566 2776 101 32 works

915 2828 89 29 most
1020 2824 166 45 requiring
1198 2830 216 41 prosecution.
1460 2831 59 34 We
1533 2844 53 21 are
1597 2832 72 42 glad

915 2884 34 29 to
974 2879 91 35 learn
1079 2881 73 34 that
1169 2882 90 36 there
1275 2885 26 33 is
1321 2886 41 33 all
1379 2888 197 44 probability
1598 2890 38 32 of
1645 2902 22 24 ,a

912 2939 231 35 continuation
1156 2942 37 33 of
1206 2942 54 34 the
1277 2944 101 43 Eight
1394 2945 78 34 Mile
1486 2947 78 33 road
1577 2946 91 41 hmm

895 2988 1 46 !
916 2994 95 30 irude
1027 3002 92 22 Ai-aii
1133 2997 94 37 A*xly
1249 2999 86 26 <lat<v.
1464 3003 148 29 4***«»««
1629 2988 39 45 jf

895 3043 1 56 ;
913 3043 56 34 the
1006 3047 160 42 proposed
1202 3059 72 23 new
1312 3050 89 35 work
1443 3053 27 33 is
1516 3060 55 28 not
1615 3062 54 37 yet

895 3102 1 56 ,
912 3102 205 41 mentioned,
1132 3103 58 34 but
1204 3104 26 35 it
1244 3106 68 33 will
1328 3108 116 41 hardly
1459 3109 38 34 be
1509 3113 160 45 anything

912 3158 64 35 less
992 3158 82 37 than
1089 3173 20 23 a
1122 3161 91 44 mile,
1230 3163 107 37 which
1358 3167 113 42 length
1490 3182 78 23 once
1591 3184 55 22 con-

895 3217 1 52 ■
913 3217 153 41 strncted,
1077 3219 205 45 considering
1290 3222 57 34 the
1360 3224 114 45 highly
1487 3228 180 34 auriferous

911 3280 115 28 nature
1047 3276 37 34 of
1095 3277 55 34 the
1171 3278 132 45 locality
1326 3283 106 34 where
1457 3285 55 33 the
1536 3295 129 34 present

911 3330 78 33 road
1004 3332 200 43 terminates,
1220 3337 109 34 would
1351 3337 40 35 do
1416 3350 18 23 a
1458 3339 46 35 lot
1527 3344 139 33 towards

911 3389 217 42 prospecting,
1146 3391 65 33 and
1225 3392 195 43 facilitating
1441 3398 63 32 the-
1520 3400 147 35 workm*

909 3444 38 35 of
977 3457 74 24 new
1079 3448 139 44 ground,
1249 3450 128 37 besides
1410 3454 128 46 placing
1571 3457 96 35 other

909 3504 113 38 leases,
1045 3505 133 44 already
1200 3509 155 44 working,
1372 3513 34 31 in
1430 3525 18 21 a
1465 3516 141 40 position
1631 3523 32 26 to

910 3565 52 38 get
978 3560 85 36 their
1075 3567 116 40 quartz
1208 3566 147 36 crushed.
1399 3568 190 46 Extending
1608 3572 54 35 the

909 3619 90 34 track
1025 3620 35 33 in
1087 3621 65 34 this
1175 3622 168 44 direction,
1370 3634 93 36 apart
1493 3629 85 34 from
1608 3631 54 33 the

908 3676 152 35 ultimate
1087 3678 139 36 benefits
1250 3687 32 29 to
1310 3682 37 36 be
1378 3685 120 43 gained
1527 3692 32 29 at
1583 3687 77 36 both
1679 3676 2 54 |

909 3734 80 34 ends
1011 3735 45 44 by
1078 3738 195 45 eonneeting
1295 3741 76 35 with
1396 3744 55 33 the
1477 3744 185 37 Mokihinui

904 3791 140 41 district,
1063 3794 65 34 will
1144 3797 168 45 assuredly
1326 3801 101 34 result
1442 3801 34 34 in
1495 3803 54 33 the
1571 3805 89 33 work

905 3861 81 22 soon
1009 3849 174 46 becoming
1199 3855 237 43 reproductive.
1482 3861 96 43 Lyell
1602 3862 57 34 has

905 3905 125 44 always
1053 3906 80 36 been
1156 3913 54 30 too
1232 3913 100 33 much
1359 3916 212 46 wrapped-up
1596 3919 64 34 and

907 3963 150 33 confined
1082 3964 35 34 in
1143 3966 105 35 itself;
1272 3970 89 33 what
1386 3971 26 34 is
1441 3975 163 42 required,
1634 3977 27 32 is

903 4029 80 34 easy
1012 4021 279 39 communication
1324 4027 79 36 with
1433 4030 55 34 the
1518 4040 137 38 country

905 4075 91 44 Ijing
1010 4078 240 43 round-about;
1274 4082 64 34 and
1354 4085 34 32 in
1404 4085 70 34 that
1491 4098 85 33 way,
1603 4090 55 33 the

905 4130 89 47 place
1010 4133 108 37 would
1133 4135 104 38 better
1248 4150 114 36 escape
1373 4142 53 36 the
1439 4142 218 40 burdensome

905 4191 185 43 depression
1124 4198 33 30 to
1187 4195 106 34 which
1323 4200 43 33 all
1396 4204 262 45 quartz-mining

903 4245 143 38 districts
1061 4260 54 24 are
1130 4251 210 48 periodically
1355 4256 108 38 liable.

945 4317 28 32 A
988 4317 157 43 telegram
1154 4332 66 23 was
1232 4325 146 33 received
1389 4326 36 36 in
1436 4332 86 30 town
1535 4335 102 38 yester-

901 4372 67 45 day
975 4384 163 35 morning,
1151 4378 123 43 stating
1283 4379 73 35 that
1369 4382 51 34 Mr
1430 4384 228 37 Emmersou's

902 4440 103 30 mare,
1034 4431 101 35 Mane
1161 4434 121 42 Stuart,
1306 4436 97 37 broke
1427 4441 59 33 her
1509 4444 51 41 leg
1587 4445 71 33 that

903 4487 152 47 morning
1069 4488 97 36 while
1180 4490 113 47 taking
1308 4504 19 24 a
1337 4496 118 47 gallop,
1467 4498 64 36 and
1547 4499 66 37 had
1623 4506 32 31 to

903 4546 39 32 be
964 4546 83 34 shot.
1091 4548 70 34 The
1182 4550 124 34 friends
1327 4555 32 32 of
1383 4556 51 32 Mr
1458 4558 199 36 Emmerson

903 4600 65 35 will
982 4601 40 35 be
1034 4614 91 34 sorry
1136 4609 34 29 to
1181 4605 91 35 learn
1285 4608 35 34 of
1328 4607 48 36 his
1389 4610 73 36 loss.
1509 4615 64 34 She
1587 4628 70 22 was

903 4670 35 22 as
961 4670 95 33 game
1072 4673 19 22 a
1107 4672 89 25 mare
1220 4675 35 23 as
1277 4677 76 23 ever
1373 4680 59 23 ran
1455 4682 41 22 on
1526 4685 19 22 a
1571 4685 68 24 race-

903 4719 208 35 course.—G.
1129 4719 39 36 R.
1185 4722 116 44 Argus,
1319 4724 113 38 March
1450 4730 48 34 <2i.

942 4785 31 33 A
994 4785 120 36 former
1134 4789 144 37 resident
1300 4793 35 33 of
1349 4794 149 44 Reefton,
1526 4810 75 23 now
1623 4801 34 32 in

905 4843 173 46 Westport,
1094 4847 107 35 writes
1222 4853 35 31 to
1273 4863 20 22 a
1314 4851 82 36 local
1411 4866 100 34 paper
1533 4863 33 29 to
1593 4859 45 33 dis-

904 4911 137 32 courage
1058 4913 75 23 men
1148 4904 84 35 from
1248 4910 194 44 proceeding
1459 4913 98 35 there.
1603 4904 68 50 Hej

903 4967 74 33 says
994 4958 55 34 the
1065 4964 87 29 town
1168 4960 27 35 is
1210 4962 59 34 full
1284 4965 37 33 of
1332 4977 73 25 men
1428 4969 133 45 seeking
1584 4983 44 22 em-

904 5014 179 44 ployment,
1100 5017 64 35 and
1178 5018 75 37 that
1272 5021 57 35 the
1345 5024 90 36 work
1452 5032 31 29 to
1506 5027 38 36 be
1568 5030 83 34 done
1668 5014 2 51 !

903 5072 66 32 will
991 5078 58 28 not
1071 5085 123 34 engage
1211 5077 72 34 half
1302 5080 55 33 the
1373 5092 77 24 men
1474 5096 73 22 now
1570 5087 87 42 daily

903 5129 141 47 flocking
1057 5131 46 43 in,
1119 5134 35 34 in
1171 5136 213 46 anticipation
1408 5141 35 35 of
1459 5142 55 36 the
1537 5144 132 37 harbor'

903 5188 107 36 works
1020 5191 216 45 oxpendituro
1250 5195 337 51 thero.—Exchange.

1694 241 772 88 CORRESPONDENCE.

1734 374 229 36 POLICE
2017 379 431 39 PROTECTION.

1938 491 60 41 (To
2013 492 56 33 the
2085 494 158 42 Editor.)

1755 560 276 42 Sir,—Knowing
2052 573 66 29 you
2141 574 53 21 are
2224 564 122 42 always
2368 567 102 42 ready

1712 618 34 31 to
1767 614 154 35 ventilate
1945 616 65 33 and
2032 617 71 43 give
2133 629 98 32 every
2254 619 160 46 publicity
2438 625 31 31 to

1712 672 72 31 that
1803 672 151 41 affecting
1970 673 54 32 the
2037 674 111 41 publie
2161 674 136 34 interest
2307 679 65 29 and
2384 679 68 31 well-

1711 726 107 45 being,
1843 727 16 35 I
1882 727 75 35 take
1980 728 65 35 this
2067 732 228 44 opportunity,
2318 733 108 35 which
2453 733 16 35 I

1711 789 136 31 venture
1869 791 33 28 to
1919 787 94 33 think
2028 798 65 32 you
2109 787 67 34 will
2191 800 95 31 agree
2311 790 82 34 with
2417 803 52 23 me

1711 842 27 31 is
1754 853 19 20 a
1788 847 86 28 most
1889 842 110 42 fitting
2013 854 72 26 one,
2102 844 36 31 of
2156 846 177 41 enquiring
2350 846 74 34 how
2446 847 25 34 it

1711 899 36 39 is,
1764 910 48 24 we
1836 911 53 24 are
1905 912 35 23 so
1955 900 187 46 frequently
2164 901 56 35 left
2243 902 49 35 for
2319 903 81 42 days
2423 909 31 31 to-

1712 957 123 41 gother,
1852 958 138 42 entirely
2004 959 137 33 without
2154 960 103 42 police
2269 962 197 42 protection,

1695 1015 2 41 ;
1712 1026 45 26 or,
1785 1016 32 31 in
1840 1015 75 38 fact,
1940 1016 160 39 anything
2124 1027 34 22 in
2180 1016 56 33 the
2260 1018 105 38 shape
2389 1020 35 31 of
2453 1031 18 20 a

1694 1074 2 50 j
1712 1084 113 22 means
1848 1074 35 33 of
1895 1084 186 33 preserving
2096 1074 70 39 law,
2191 1074 106 38 order,
2325 1075 65 35 and
2415 1076 56 34 the

1693 1131 3 46 i
1712 1131 107 41 public
1835 1142 97 31 peace
1946 1133 13 30 ?
2006 1132 32 32 It
2053 1133 26 31 is
2097 1144 41 22 no
2155 1145 202 22 uncommon
2374 1134 97 43 thing

1693 1180 4 45 j
1711 1186 48 32 for
1775 1187 54 31 the
1846 1187 82 31 local
1944 1187 165 33 constable
2126 1192 32 28 to
2176 1188 37 32 be
2229 1189 136 32 ordered
2378 1190 47 33 off
2439 1197 32 26 to

1693 1242 3 50 !
1712 1254 89 23 some
1817 1244 92 33 other
1924 1246 131 38 station,
2069 1246 70 42 just
2153 1246 95 34 when
2273 1247 90 34 there
2389 1260 80 32 may

1693 1300 56 52 jbe
1779 1312 88 21 more
1898 1301 80 32 than
2015 1301 154 43 ordinary
2205 1303 84 33 need
2328 1304 52 33 for
2419 1305 51 33 his

1693 1358 2 39 i
1711 1358 137 32 services
1872 1359 84 31 here.
2002 1360 67 32 The
2093 1361 63 32 last
2178 1361 148 33 occasion
2353 1363 35 32 of
2414 1364 54 33 the

1693 1415 2 47 !
1711 1415 76 34 kind
1811 1415 134 36 ooeured
1973 1416 32 33 in
2033 1416 55 35 the
2121 1418 89 34 wesk
2242 1419 127 43 ending
2400 1422 69 33 21st

1709 1474 87 37 inst.,
1819 1474 118 40 during
1958 1475 109 32 which
2085 1477 40 31 he
2143 1488 65 20 was
2234 1478 80 41 only
2338 1485 131 37 present

1709 1529 48 33 for
1782 1542 59 21 one
1866 1531 94 43 night
1985 1531 117 45 during
2130 1533 54 33 the
2210 1533 105 35 whole
2351 1535 35 34 of
2414 1536 54 34 the

1709 1587 99 40 w-ek,
1825 1589 65 33 and
1912 1590 24 32 it
1958 1590 27 33 is
2008 1601 42 22 no
2074 1596 101 30 secret
2194 1590 70 37 that
2282 1592 111 43 things
2420 1606 32 22 oc-

1709 1645 124 40 curred,
1860 1646 64 32 and
1947 1658 111 22 scenes
2081 1649 107 40 mignt
2212 1649 38 33 be
2278 1649 188 42 witnessed,

1708 1702 119 39 which,
1845 1702 116 34 should
1977 1703 33 33 in
2027 1715 42 22 no
2086 1716 82 33 way,
2190 1706 36 33 be
2244 1706 162 36 tolerated
2431 1709 34 33 in

1709 1759 73 40 this,
1806 1771 37 21 or
1865 1771 65 32 any
1946 1761 94 32 other
2063 1761 102 43 place.
2212 1763 74 34 Ido
2302 1768 60 30 not
2387 1766 80 33 wish

1709 1823 33 27 to
1754 1824 190 36 exaggerate
1958 1823 146 36 matters,
2114 1820 58 33 but
2186 1820 16 33 I
2213 1819 83 36 have
2311 1822 155 35 numbers

1708 1873 78 33 with
1813 1884 52 23 me
1892 1873 31 34 in
1951 1874 155 44 thinking
2133 1876 73 34 that
2235 1876 54 34 the
2314 1877 79 35 time
2419 1879 48 34 for

1709 1930 93 44 Lyell
1818 1938 32 27 to
1864 1931 37 33 be
1912 1931 57 34 left
1980 1933 137 34 withoit
2130 1945 18 22 a
2161 1945 98 32 peace
2272 1935 121 42 officer,
2408 1937 59 34 has

1707 1993 58 28 not
1780 1989 88 43 quite
1884 1989 126 35 arrived
2025 1992 217 42 yet.—Yours
2258 1994 68 40 &c,

2146 2060 277 37 Paterfamilias.

1714 2193 256 46 [Paterfamilias
1992 2208 137 33 appears
2152 2203 34 29 to
2217 2199 75 35 take
2315 2212 18 22 a
2356 2201 110 35 rather

1749 2262 109 23 severe
1875 2251 83 36 view
1970 2252 38 34 of
2015 2253 52 34 his
2081 2253 134 46 subject.
2262 2256 101 35 From
2376 2258 90 35 what

1747 2321 49 22 we
1827 2310 98 34 know
1958 2311 34 34 of
2019 2311 55 35 the
2106 2313 173 44 Inspector
2301 2316 74 35 who
2405 2316 60 35 has

1748 2366 116 44 charge
1880 2368 36 33 of
1927 2368 55 34 the
1998 2368 139 42 district,
2154 2371 41 33 he
2210 2372 27 34 is
2250 2376 57 30 not
2319 2372 100 44 likely
2433 2378 30 29 to

1748 2424 190 36 under-rate
1976 2425 55 36 the
2067 2429 163 43 necessity
2270 2429 50 35 for
2359 2430 103 44 police

1748 2484 203 44 supervision
1966 2491 35 29 at
2024 2486 105 45 Lyell.
2177 2488 48 33 On
2242 2487 55 35 the
2314 2488 148 35 occasion

1747 2542 246 42 particularised
2012 2543 42 43 by
2069 2556 61 22 our
2140 2545 263 43 correspondent,
2417 2558 43 21 an

1747 2610 195 34 emergency
1959 2600 66 35 had
2041 2602 105 34 arisen
2163 2607 34 31 at
2219 2602 151 43 Keefton,
2394 2602 65 36 and

1745 2662 33 27 to
1794 2658 163 32 maiutain
1973 2659 169 43 efficiency
2165 2661 90 32 there
2273 2661 118 42 during
2406 2662 54 33 the

1745 2712 134 46 holiday
1896 2726 124 30 season,
2037 2716 24 33 it
2079 2728 65 23 was
2157 2728 170 34 necessary
2339 2723 31 29 to
2383 2717 75 35 take

1742 2772 126 31 officers
1885 2773 83 32 from
1985 2773 93 33 other
2093 2775 118 43 places.
2236 2775 63 35 Ed,
2318 2774 92 46 L.T.]

1855 2843 12 2 -■
1886 2844 7 1 -■
1907 2843 2 2 -

1944 2893 179 33 LAT
2148 2896 72 32 EST

1742 2951 292 47 CABLE
2129 2953 342 65 NEWS.

2065 3099 151 40 London,
2236 3101 113 34 March
2365 3104 52 33 23.

1743 3153 148 36 Ranter's
1929 3156 118 45 special
2084 3158 256 45 correspondent
2378 3160 77 35 with

1702 3212 137 31 General
1857 3213 173 34 Graham's
2042 3226 91 31 army
2145 3217 196 42 telegraphs,
2354 3219 104 33 under

1698 3268 108 35 dateo
1835 3269 165 45 midnight
2015 3271 35 37 of
2062 3271 55 38 the
2139 3273 239 39 22nd:—That
2401 3275 56 38 the

1702 3325 121 33 ft-ritisli
1840 3334 109 36 troops
1966 3329 103 32 nuder
2088 3332 178 34 command
2283 3334 36 31 of
2339 3334 116 43 Major-

1698 3383 143 33 General
1871 3384 137 35 M'Neill
2036 3386 127 35 formed
2192 3401 19 21 a
2234 3389 116 34 zareba
2375 3399 34 25 at
2439 3403 18 21 a

1700 3438 90 45 point
1813 3439 99 36 about
1931 3441 51 36 aix
2006 3443 93 35 miles
2116 3445 97 45 along
2236 3445 54 37 the
2314 3446 80 35 road
2417 3451 33 31 to

1699 3497 125 34 Tamai.
1870 3500 67 34 The
1954 3502 141 42 position
2118 3503 64 34 had
2200 3505 79 43 only
2298 3505 81 34 been
2403 3518 32 22 oc-

1699 3553 113 43 cupied
1829 3565 18 21 a
1860 3554 92 34 short
1969 3557 78 33 time
2064 3557 97 34 when
2179 3559 27 34 it
2224 3571 63 22 was
2304 3560 151 35 attacked

1698 3610 42 44 by
1757 3624 18 21 a
1790 3610 89 44 large
1896 3617 84 32 loree
1994 3615 36 34 ef
2037 3617 116 40 Arabs,
2164 3618 199 45 numbering
2372 3619 83 45 fully

1699 3668 71 34 four
1792 3669 174 42 thousand,
1991 3672 74 35 whe
2088 3675 96 34 made
2209 3686 20 24 a
2251 3676 124 35 violent
2397 3688 37 23 on-

1697 3726 128 44 slaught
1862 3739 42 23 on
1938 3730 54 33 the
2030 3731 126 39 zareba.
2205 3733 69 35 The
2312 3734 141 45 fighting

1696 3782 105 35 which
1816 3796 67 21 was
1899 3786 35 33 of
1946 3798 18 21 a
1980 3793 86 29 most
2086 3789 168 44 desperate
2272 3791 178 38 character,

1696 3839 102 36 lasted
1814 3840 99 36 about
1928 3848 123 41 tweaty
2066 3846 155 43 minutes,
2237 3847 83 36 after
2341 3846 108 37 which

1695 3898 79 32 time
1790 3897 54 34 the
1858 3910 121 34 enemy
1996 3913 80 23 were
2093 3904 150 43 repulsed
2258 3904 79 34 with
2352 3916 19 22 a
2382 3905 68 33 less
2463 3896 2 58 j

1695 3953 172 36 estimated
1903 3963 34 27 at
1971 3969 78 22 orer
2080 3961 90 32 1000.
2215 3961 69 34 The
2321 3962 125 34 British
2462 3951 3 45 ;

1693 4010 172 35 casualties
1881 4023 52 23 are
1949 4014 93 41 given
2060 4026 36 23 as
2111 4021 64 28 two
2190 4016 126 35 officers
2330 4017 66 35 and
2409 4021 38 32 21

1693 4068 82 33 rank
1790 4068 65 33 and
1870 4069 52 32 file
1938 4070 110 40 killed,
2065 4072 65 33 and
2146 4075 40 31 3$
2201 4075 175 33 wounded.
2462 4061 3 49 !

2227 4129 113 36 Maroh
2359 4132 50 35 24.
2460 4129 2 51 ;

1734 4184 68 32 The
1819 4183 98 44 Daily
1934 4185 97 33 News
2038 4186 69 34 this
2116 4188 151 42 merning
2279 4190 168 42 publishes
2460 4183 2 49 I

1690 4251 22 22 a
1726 4239 157 44 telegram
1902 4240 83 33 from
2001 4241 97 34 India
2114 4244 212 42 announcing
2341 4246 71 32 that
2429 4256 15 22 a

1693 4298 83 33 force
1785 4297 35 34 of
1824 4299 114 38 25,000
1947 4310 76 22 men
2035 4300 25 33 is
2069 4310 74 24 now
2156 4300 94 46 being
2262 4302 185 42 mobilised,
2460 4297 2 49 I

1693 4355 64 33 and
1779 4355 76 42 they
1878 4355 66 33 will
1966 4355 38 33 be
2020 4357 114 41 placed
2149 4358 104 33 under
2274 4360 58 33 the
2354 4372 73 22 com
2436 4383 7 3 -
2459 4355 3 43 j

1693 4411 100 34 mani
1822 4411 33 34 of
1882 4412 96 34 Lieut
1992 4433 8 5 -
2016 4412 140 35 General
2189 4415 52 34 Sir
2270 4416 173 36 Frederick

1693 4468 147 37 Roberts,
1857 4468 64 33 and
1931 4470 66 32 will
2009 4480 123 33 occupy
2147 4472 157 41 Pesheen,
2319 4486 19 20 a
2350 4475 91 42 place
2458 4468 2 52 j

1693 4526 97 36 about
1827 4527 60 35 100
1914 4525 95 38 miles
2039 4531 32 33 to
2100 4527 56 37 the
2194 4529 183 39 south-east
2417 4532 35 37 of
2457 4525 3 60 j

1692 4584 213 33 Khandahar.

2457 4635 3 17 i

1732 4651 69 34 The
1817 4663 90 22 same
1921 4652 158 44 telegram
2095 4654 67 35 also
2178 4658 100 33 states
2296 4656 73 35 that
2386 4658 55 34 the
2457 4651 3 45 !

1692 4708 193 45 Maharajah
1903 4710 139 40 Scindia,
2062 4711 153 43 Gwalior,
2239 4713 59 35 has
2321 4715 120 35 offered
2457 4701 3 53 !

1692 4767 53 33 the
1761 4768 138 32 services
1912 4768 38 32 of
1962 4768 50 33 his
2029 4781 94 30 army
2139 4776 32 27 to
2187 4772 56 32 the
2256 4772 126 35 British
2394 4774 49 34 for
2457 4765 2 46 i

1689 4823 225 48 employment
1929 4824 27 35 if
1968 4825 149 47 required
2132 4827 35 34 in
2182 4827 143 45 Afghani
2330 4836 81 30 itan.
2457 4823 2 49 I

1733 4894 40 33 In
1809 4894 55 33 the
1902 4895 112 33 House
2042 4896 37 33 of
2105 4898 179 34 Commons
2320 4901 124 44 to-day,

1692 4951 178 33 Gladstone
1886 4952 115 37 stated,
2018 4952 33 33 in
2068 4953 93 44 reply
2183 4959 33 29 to
2239 4967 19 21 a
2280 4959 160 40 question,

1691 5007 71 35 that
1779 5007 78 35 Earl
1875 5008 175 42 Granville,
2066 5010 170 46 Secretary
2248 5012 34 34 of
2291 5014 90 33 State
2394 4998 64 58 for!

1691 5066 139 44 Foreign
1847 5066 128 39 Aftairs,
1993 5067 65 33 had
2074 5068 173 35 addressed
2256 5082 42 22 an
2309 5079 121 36 import
2435 5084 6 14 l
2459 5062 5 59 j

1691 5127 56 30 ant
1764 5124 277 33 communication
2058 5129 33 30 to
2107 5124 118 35 Russia
2241 5138 42 22 on
2298 5127 55 35 the
2370 5131 93 45 16th'j

1693 5182 125 41 March,
1834 5183 65 33 and
1915 5183 72 33 that
1999 5183 28 33 it
2042 5194 67 23 was
2125 5186 154 37 expected
2298 5186 73 35 that
2383 5188 58 33 the
2455 5174 8 45 !

1691 5241 167 32 eharaeter
1874 5240 35 33 of
1921 5240 54 33 the
1992 5253 125 22 answer
2133 5242 108 33 would
2264 5244 179 37 determine
2460 5240 3 42 I

1690 5296 147 35 whether
1870 5298 219 42 negotiations
2119 5299 144 35 between
2296 5302 56 34 the
2381 5310 63 30 two

1691 5367 123 32 powers
1837 5355 107 33 would
1967 5355 74 34 take
2063 5357 91 40 place
2180 5358 33 32 in
2236 5359 151 42 London,
2407 5374 39 22 or

1691 5413 148 33 whether
1851 5413 57 33 the
1923 5413 130 43 Afghan
2068 5413 136 35 frontier
2223 5414 218 39 delimitation

1691 5470 66 33 will
1772 5470 38 34 be
1828 5470 117 34 settled
1961 5470 42 44 by
2020 5471 83 34 local
2118 5473 208 35 commission
2342 5475 36 34 of
2389 5487 35 23 en-

1690 5530 107 42 quiry,
1821 5540 33 22 as
1872 5528 125 34 desired
2016 5529 42 44 by
2078 5529 57 35 the
2152 5531 122 34 British
2300 5534 118 33 Govern-

1692 5591 100 30 ment.

2015 5642 189 42 Calcutta,
2222 5645 113 34 March
2353 5649 50 32 25.

1729 5703 30 33 A
1775 5701 137 35 division
1929 5701 35 35 of
1976 5701 54 35 the
2047 5702 118 35 Indian
2182 5716 94 32 army
2296 5705 59 36 has
2366 5707 77 34 been

1690 5759 134 35 ordered
1847 5764 32 30 to
1901 5759 138 46 proceed
2062 5760 168 35 forthwith
2256 5767 32 30 to
2312 5764 130 43 Peskiu,

1691 5819 163 31 Southern
1869 5819 228 41 Afghanistan,
2109 5820 65 33 and
2187 5833 18 20 a
2220 5833 127 22 reserve
2359 5823 84 35 force

1689 5873 35 37 ef
1736 5874 87 48 forty
1838 5874 164 38 thousand
2017 5886 77 27 men
2110 5875 26 38 is
2152 5875 68 39 also
2232 5877 98 49 being
2341 5879 80 38 mobi-

1688 5936 91 32 lised.
1824 5937 32 32 It
1870 5938 29 31 is
1914 5938 155 42 expected
2084 5939 75 33 that
2182 5940 261 41 Major-General

1688 5988 95 38 Duke
1792 5989 35 37 of
1834 5990 198 46 Connaught
2039 5992 232 48 commanding
2284 5997 34 33 at
2329 5993 114 46 Mtrat,

1688 6048 64 34 will
1767 6049 75 34 take
1859 6050 117 43 oharge
1993 6051 36 33 of
2039 6051 55 35 the
2110 6063 127 24 reserve
2255 6053 148 36 division.
2458 6053 5 24 '

694 98 136 47 THE
897 98 222 50 LYELL
1184 99 225 58 TIMES,
1479 102 374 61 SATURDAY,
1922 107 231 51 MARCH
2226 116 72 52 28,
2377 117 128 57 1885.

153 382 185 38 BULLER
360 385 119 36 ROAD
499 388 373 38 IMPROVEMENTS.

217 475 199 38 BRIDGES
433 478 242 47 CONTRACT,
693 481 62 38 No.
773 485 28 34 2.

440 571 210 36 TENDERS
682 574 61 35 will
774 576 39 33 bt
843 586 30 23 re-

163 622 15 16 »
195 607 25 33 V
285 616 109 33 ceived
411 623 33 27 at
461 619 53 32 the
536 621 71 31 Post
630 621 63 33 and
711 622 178 42 Telegraph

133 660 112 39 Omee,
263 660 173 44 Westport,
455 663 81 33 until
553 665 116 32 NOON
687 666 35 32 of
730 667 131 32 SATUR-

136 704 98 43 DAY,
266 706 54 34 the
350 707 56 34 4tia
438 708 147 42 APRIL,
625 712 89 39 188.5,
747 712 48 35 for
835 712 54 35 the

136 753 100 33 above
253 753 162 34 Contract.
461 755 90 44 They
569 769 52 21 are
641 765 30 26 to
696 760 35 31 be
755 759 134 33 marked

134 809 42 21 on
194 799 54 32 the
265 800 135 39 outside,
461 803 127 31 Tender
604 804 49 31 for
673 804 108 32 Duller
799 806 90 31 Road

136 842 442 47 Improvements—Bridges
594 853 154 30 Contract
762 850 59 33 No.

135 890 65 33 and
224 891 170 35 addressed
418 898 32 28 to
475 894 54 33 the
548 895 89 33 Hon.
661 896 54 33 the
743 895 146 36 Minister

133 935 50 33 for
200 936 111 35 Public
328 936 134 35 Works..
482 940 172 43 Westport.
705 942 178 41 Drawings,

135 983 246 39 specifications,
395 985 63 32 and
473 988 129 37 general
616 988 183 33 erndttions
813 999 75 23 rmv

136 1037 35 24 ne
190 1040 73 22 seen
280 1032 32 31 at
330 1028 53 36 the
404 1030 73 36 Post
495 1042 38 23 yn
552 1032 5 33 I
580 1030 175 48 iVlejjrspli
777 1034 109 36 O'Hco,

136 1074 177 46 Westport.
358 1078 69 34 The
446 1079 111 35 lowest
574 1093 34 22 or
625 1094 63 23 any
707 1081 113 35 lender
834 1089 54 27 not

132 1124 197 37 necessarily
347 1126 162 41 aecepted.

173 1176 50 44 By
240 1178 195 35 Command.

475 1235 35 35 F.
540 1237 45 34 W.
615 1237 185 36 MAUTIX.

494 1283 157 36 lie*id«*ul

214 1333 110 36 Public
346 1336 112 35 Work<
477 1339 108 36 o:liiu,\

171 1380 174 47 Westport,
365 1385 72 33 14th
461 1385 120 36 M.-irrh,
605 1387 88 35 IBBL

127 1476 60 36 ST,
214 1479 266 36 MATTHEW'S
498 1482 89 34 C[R<
600 1485 98 36 KGf-I,
724 1485 155 33 LYELI,.

218 1604 41 34 IS
296 1604 241 39 LORDSHIP,
570 1609 53 34 the
658 1611 163 32 BISHOP
853 1613 36 31 of

272 1667 188 43 NELSON,
487 1670 63 34 will
573 1672 139 34 conittci
738 1674 143 33 Services

127 1731 32 30 it
177 1728 156 42 LYELL,
351 1742 83 23 on—

168 1803 245 34 THURSDAY
436 1804 220 44 EVENING,
674 1808 64 34 2nd
762 1810 117 38 Apjul,

249 1870 33 30 at
298 1868 19 32 7
333 1869 132 34 o'clock,
484 1881 78 31 p.m.

167 1936 169 38 FRIDAY
362 1940 222 45 MORKING,
616 1943 58 35 3rd
703 1949 117 35 Aran.,
848 1952 34 30 at

249 2004 92 35 10.30
355 2015 77 23 a.m.

945 5298 33 36 It
992 5298 60 36 has
1066 5300 81 35 feet*
1171 5302 102 37 fonnd
1288 5306 73 36 that
1376 5311 157 35 ostriches
1554 5300 116 52 attain!

902 5357 160 44 maturity
1084 5358 34 33 in
1140 5360 165 37 Australia
1319 5366 101 34 nr&ch
1439 5379 115 24 sooner
1575 5372 82 33 than
1667 5357 2 53 j

903 5412 32 33 in
951 5414 119 41 Africa,
1085 5421 66 29 two
1168 5418 64 34 and
1251 5421 105 34 a-haif
1375 5434 94 32 years
1484 5426 96 43 being
1603 5428 53 34 the

903 5469 79 36 time
1006 5471 33 34 in
1062 5471 55 37 the
1139 5473 98 36 latter
1268 5484 148 38 country,
1448 5481 96 37 while
1568 5495 102 25 some'

898 5527 158 36 •chickens
1066 5529 33 34 in
1115 5530 105 36 So»th
1229 5534 170 36 Australia
1409 5537 83 37 have
1507 5540 162 36 matured'

903 5596 35 21 as
949 5586 93 43 early
1057 5599 36 22 as
1109 5588 140 36 thirteen
1265 5594 144 34 months.

939 5651 203 40 TOWLE'S
1159 5655 301 42 PENKYROYAL
1473 5663 24 36 &
1511 5664 145 38 STEEL

903 5701 128 34 PILLS
1049 5703 86 32 FOR
1151 5705 212 36 FEMALES
1383 5711 131 44 quickly
1537 5722 119 26 correct

902 5745 43 37 all
959 5747 242 46 irregularities,
1218 5752 65 34 and
1299 5754 117 36 relieve
1439 5756 55 38 the
1510 5758 128 39 distress-

901 5794 56 41 ing
973 5801 183 37 symptoms
1170 5810 36 21 so
1222 5803 168 39 prevalent
1408 5806 78 32 with
1512 5807 54 33 the
1589 5821 65 20 sex.

901 5839 105 36 Boxes
1023 5843 34 32 Is
1074 5842 61 45 l£d
1149 5843 66 35 and
1227 5846 38 32 2s
1281 5846 63 42 9d.,
1368 5848 36 34 of
1422 5849 43 34 all
1482 5850 171 38 Chemists.

902 5889 160 46 Prepared
1077 5891 79 46 only
1171 5891 44 48 by
1237 5894 40 35 1.
1295 5895 36 36 T.
1352 5897 120 44 Towle,
1497 5901 157 43 Chemist,

900 5937 229 44 Nottingham,
1153 5941 165 41 England.
1364 5944 184 37 Wholesale
1564 5950 34 32 of
1611 5951 43 31 all

899 5982 55 37 the
977 5982 185 41 Wkolesale
1185 5986 141 40 Houses.
1371 5990 135 41 Beware
1529 5995 35 37 of
1587 5996 44 37 lm-

898 6031 143 35 itaiieus.

2509 252 173 35 UNITED
2706 253 168 37 ALPINE
2894 258 179 42 QUARTZ
3097 263 169 39 MINING

2654 316 224 44 COMPANY,
2902 321 209 39 LIMITED.

2509 438 142 37 ITIHE
2683 441 236 39 ORDINARY
2949 447 319 44 HALF-YEARLY

2617 503 211 35 MEETING
2840 508 34 31 of
2881 508 383 50 SHAREHOLDERS,

2506 563 65 34 will
2589 565 38 32 be
2645 565 75 34 held
2736 572 34 29 at
2785 569 55 34 the
2858 572 199 46 Company's
3069 579 110 41 Office,
3192 583 78 34 Cliff

2507 625 116 42 Street,
2662 626 105 46 Lyell,
2805 642 41 23 on
2883 633 257 48 THURSDAY,
3186 645 77 35 30th

2504 686 149 41 APRIL,
2678 690 90 39 1885,
2791 698 33 26 at
2840 694 55 32 the
2919 696 82 34 hour
3023 700 36 31 of
3079 703 38 31 10
3139 705 124 35 o'clock

2487 874 2 43 I
2791 878 165 37 Business
2969 892 6 25 :

2587 936 46 34 To
2670 941 124 33 receive
2831 944 174 38 Director's
3037 951 121 46 Report
3198 959 66 33 and

2672 1001 140 37 Balance
2831 1007 108 42 Sheet,
2956 1013 64 33 and

2589 1060 49 36 To
2655 1063 79 36 elect
2751 1067 163 38 Directors
2931 1075 62 33 and
3011 1078 162 38 Auditors.

2804 1144 146 38 JAMBS
2975 1151 165 45 INGLIS,

3056 1216 165 47 Manager.

2556 1261 106 44 Lyell,
2679 1267 76 34 20th
2775 1268 123 45 Mareh,
2917 1276 89 34 1885.

2687 1364 183 40 BULLER
2894 1374 189 36 COUNTY.

2511 1473 261 72 gEPAKATE
2805 1486 209 39 TENDERS
3045 1496 66 32 will
3141 1497 38 34 be
3211 1512 30 21 re-

2620 1538 109 34 ceived
2759 1543 82 33 until
2874 1545 118 36 NOON
3026 1562 42 23 on
3106 1554 53 34 the
3195 1558 56 33 Bth

2486 1593 2 57 |
2506 1593 134 35 APRIL
2671 1601 76 31 next
2777 1599 49 35 for
2861 1602 327 44 MAINTENANCE
3228 1616 35 34 of

2485 1651 3 56 !
2507 1651 185 36 BRANCH
2716 1656 144 37 ROADS
2883 1662 33 32 in
2946 1664 95 43 Lyell
3064 1670 64 32 and
3153 1670 81 35 Moki-

2485 1707 3 40 i
2507 1707 93 36 hinui
2615 1710 159 37 Districts.

2548 1767 243 42 Specifications
2807 1778 33 29 at
2857 1775 52 33 Mr
2931 1778 187 37 Fjcnkkll's
3142 1785 113 43 Lyell;

2507 1822 51 33 Mr
2596 1824 157 43 Swket's,
2800 1829 208 48 Moiihinui;
3048 1839 51 33 Mr
3135 1842 122 34 Cour's

2506 1880 217 45 Seatonville;
2747 1886 65 34 aud
2829 1893 32 29 at
2878 1890 54 34 the
2949 1891 130 47 County
3096 1897 109 36 Office.

2814 1956 40 34 E.
2878 1957 31 34 J.
2934 1960 197 45 O'CONOR,

2879 2016 128 46 County
3023 2020 188 38 Chairman.

2544 2064 173 46 Westport,
2737 2068 113 37 Mareh
2869 2075 50 39 26,
2937 2076 90 33 1885.

2908 2192 94 41 ACT,

2499 2295 141 37 LOCAL
2674 2298 163 38 OPTION
2873 2305 226 38 ELECTION
3111 2312 112 35 -DIS-

2676 2358 133 35 TRICT
2833 2363 56 32 OP
2911 2364 160 35 LYELL.

2478 2470 2 72 j
2498 2470 42 72 J
2584 2470 180 40 ROBERT
2787 2479 51 34 W.
2864 2481 143 43 M'COY,
3024 2486 179 37 Chairman
3221 2490 34 35 of

2546 2528 10 30 '
2617 2534 55 33 the
2697 2536 175 44 Lieensing
2894 2542 195 36 Committee
3117 2547 49 33 fer
3195 2549 56 33 the

2478 2589 2 59 ;
2495 2589 309 39 above-mentioned
2820 2595 146 45 District,
2984 2599 40 36 dt
3041 2601 122 47 hereby
3177 2606 73 42 give

2477 2648 3 56 ;
2496 2648 109 43 public
2627 2650 117 40 notice,
2763 2659 163 36 pursuant
2941 2660 33 30 to
2996 2658 56 35 the
3068 2662 184 42 provisions

2477 2698 3 65 |
2495 2702 36 35 of
2579 2704 69 36 The
2664 2706 176 46 Licensing
2849 2711 72 40 Act,
3061 2717 66 34 and
3178 2720 69 34 The

2474 2764 5 56 |
2497 2761 210 43 Undulations
2718 2777 17 22 0
2738 2766 15 33 f
2761 2766 98 36 Local
2869 2770 167 36 Elections
3045 2775 61 33 Aet
3121 2777 124 41 1876,'"

2495 2817 72 35 that
2594 2831 42 22 an
2662 2820 150 36 Election
2833 2829 32 29 to
2892 2825 179 39 determine
3101 2832 148 37 whether

2473 2876 2 50 !
2493 2876 54 32 the
2563 2878 139 34 number
2716 2880 37 34 of
2761 2881 183 36 Publicans*
2958 2897 36 22 or
3007 2887 80 34 New
3102 2890 145 36 Zealand

2495 2931 105 43 Wine,
2643 2945 38 25 or
2721 2936 291 41 Accommodation
3056 2956 36 25 or
3138 2947 110 37 Bottle

2495 2991 152 35 Licenses
2669 3005 89 32 may.
2781 3008 36 21 or
2836 3009 78 30 may
2936 3006 58 28 not
3017 3001 38 34 be
3078 3005 170 37 increased

2492 3045 119 43 during
2633 3048 55 31 the
2711 3052 138 41 ensuing
2864 3055 90 32 three
2968 3067 107 31 years,
3101 3062 83 33 shall
3207 3064 39 33 be

2495 3099 72 35 held
2584 3113 42 22 on
2640 3103 56 35 the
2711 3105 78 35 20th
2805 3108 64 43 day
2884 3111 36 32 of
2930 3112 103 44 April,
3052 3116 89 34 1885.

2534 3157 17 35 I
2568 3157 83 38 have
2667 3163 177 44 appointed
2861 3166 51 35 Mr
2927 3167 109 39 Jambs
3059 3172 128 46 Ingli?,
3209 3189 38 24 as

2493 3215 170 44 Presiding
2678 3220 128 34 Officer.

2532 3271 70 37 The
2619 3273 113 39 POLL
2749 3277 65 37 will
2829 3278 39 38 be
2879 3280 97 38 taken
2986 3295 43 25 on
3044 3284 201 50 MONDAY,

2490 3330 56 31 the
2560 3332 76 31 20th
2651 3333 64 42 day
2724 3335 36 32 of
2765 3337 148 42 APRIL,
2927 3342 90 40 1886,
3030 3344 146 36 between
3190 3349 55 33 the

2490 3385 99 36 hours
2605 3389 36 33 of
2652 3391 19 33 9
2687 3403 76 23 a.m.
2781 3394 64 35 and
2861 3398 18 33 6
2894 3408 92 33 p.m.,
3003 3406 35 29 at
3061 3402 52 34 Mr
3134 3405 113 36 James

2490 3442 104 47 Inglis
2595 3446 8 13 1
2621 3446 104 45 office,
2742 3450 105 46 LyelL

2691 3519 183 38 ROBERT
2895 3525 52 35 W.
2973 3528 147 44 M'COT,

2612 3572 179 38 Chairman
2805 3578 175 49 Licensing
2995 3584 207 39 Cemmiitee.

2528 3627 109 39 Dated
2652 3631 66 36 this
2734 3636 77 34 26th
2828 3637 65 45 day
2907 3641 37 33 of
2956 3641 127 45 Mareh,
3101 3647 90 35 1885.

2486 3727 87 34 TYR
2607 3730 215 40 CONNELL
2850 3738 177 42 QUARTZ
3066 3744 173 39 MINING

2629 3794 226 47 COMPANY,
2880 3803 208 38 LIMITED.

2482 3915 134 63 rpHE
2647 3920 236 40 ORDINARY
2920 3928 320 42 HALF-YEARLY

2491 3961 46 27 M
2591 3975 218 39 GEXBRAL
2833 3983 212 38 MEETING
3067 3991 35 32 of
3123 3993 114 34 Share,

2483 4034 139 43 holden,
2645 4039 66 35 will
2734 4040 37 37 be
2793 4043 76 37 held
2892 4052 34 29 at
2955 4048 55 37 the
3034 4051 201 50 Cempany's

2481 4099 113 40 Office,
2617 4102 74 33 Clift
2711 4106 117 41 Street,
2852 4109 103 44 Lyell,
2977 4122 45 24 on
3044 4115 191 46 Thursday,

2481 4161 78 36 30th
2575 4164 103 46 April,
2695 4168 91 42 1815,
2803 4175 33 31 at
2852 4172 55 37 the
2922 4174 84 38 htur
3021 4177 36 36 of
3068 4180 19 34 8
3108 4182 125 37 o'eloek

2766 4358 167 37 Busincss
2944 4374 9 24 :

2563 4414 46 36 To
2645 4419 124 36 reeeivt
2803 4422 178 40 Director's
3010 4429 122 47 Report
3169 4437 66 35 and

2645 4481 142 37 Balance
2805 4485 109 43 Sheet,
2932 4492 65 33 and

2558 4540 50 39 To
2624 4542 83 40 eleet
2722 4546 165 42 Directors
2903 4555 65 35 and
2983 4556 166 40 Auditors.

2873 4616 34 33 J.
2931 4617 37 33 F.
2993 4621 159 42 CLARK,

2910 4680 98 43 Legal
3026 4683 166 46 Manager.

2520 4729 104 47 Lyell,
2640 4734 79 36 27th
2737 4736 126 45 Mareh,
2882 4743 90 36 1885.

2480 4827 86 37 TYR
2603 4830 212 41 CONNELL
2848 4838 180 44 QUARTZ
3063 4844 173 41 MINING

2620 4897 227 44 COMPANY,
2871 4904 209 37 LIMITED.

2499 5017 78 39 AT
2594 5031 18 23 a
2629 5021 144 48 Meeting
2788 5025 36 36 of
2836 5026 165 40 Directors
3017 5031 76 37 held
3110 5046 42 24 en
3176 5037 55 36 the

2602 5085 81 33 26th
2706 5086 88 41 inst,
2818 5101 19 21 a
2857 5090 112 35 CALL
2990 5096 71 41 (the
3086 5099 88 43 15th)
3200 5103 35 33 of

2480 5143 88 35 ONB
2608 5146 154 37 PENNY
2798 5162 57 34 per
2890 5153 95 38 share
3021 5169 67 25 was
3123 5163 108 42 made,

2480 5209 135 43 payable
2639 5216 34 30 at
2698 5213 57 36 tine
2786 5215 200 48 Company's
3015 5222 111 44 Office,
3158 5226 77 37 Cliff

2480 5273 114 39 Street,
2624 5275 106 42 Lyell,
2760 5289 42 22 on
2833 5280 301 47 WEDNESDAY,
3172 5291 57 33 Bth

2478 5336 146 41 APRIL,
2643 5339 90 34 1885.

2831 5405 31 35 L
2888 5407 35 34 F.
2948 5409 160 47 CLARK,

2903 5471 102 42 Legal
3022 5475 169 49 Manager.

2519 5524 105 45 Lyell,
2641 5528 76 34 27th
2737 5529 124 42 Mareh,
2880 5535 90 34 1885.

2515 5634 94 32 ONE
2623 5636 90 32 BOX
2724 5637 55 33 OF
2790 5639 213 40 CLARKE'S
3017 5647 26 31 B
3057 5651 38 30 41
3108 5651 129 36 PILL«

2478 5679 26 35 is
2520 5681 184 36 warranted
2727 5685 33 34 to
2783 5695 74 26 sure
2873 5686 43 36 all
2940 5688 187 52 discharges
3149 5698 84 39 from

2475 5728 58 31 the
2551 5729 143 43 Urinary
2704 5732 136 42 Organs,
2847 5734 35 33 in
2889 5738 106 34 either
3006 5753 53 22 sex
3070 5746 163 40 (acquire*

2478 5784 35 23 or
2535 5778 272 43 constitutional).
2832 5780 128 39 Grave!,
2990 5788 64 35 and
3078 5790 99 38 Pains
3201 5795 32 36 ia

2474 5821 58 32 the
2545 5822 98 33 Baek.
2670 5825 209 36 Guaranteed
2892 5830 64 35 free
2967 5833 86 35 frorm
3071 5838 153 39 Mercery

2480 5866 74 33 Sold
2571 5878 34 22 in
2622 5868 117 41 Boxes,
2756 5872 35 33 4s
2803 5872 40 34 6d
2854 5875 91 44 each,
2957 5877 43 47 by
3013 5880 42 37 all
3069 5882 164 42 Chemist!

2477 5916 65 35 and
2559 5916 119 39 Patent
2695 5918 160 41 Medieine
2872 5924 168 47 Vendors;
3067 5934 72 36 &*!«
3158 5938 55 34 Pro-

2476 5968 148 37 prietors,
2661 5966 74 33 The
2780 5969 152 37 Lincoln
2968 5985 67 24 and
3072 5979 162 37 Midland

2477 6007 170 40 Couuii
2671 6011 101 39 Drug
2798 6016 69 42 Co.,
2894 6019 149 47 Lincoln,
3068 6026 166 46 England

2481 6057 183 36 Wholesale
2680 6061 36 34 of
2728 6062 44 34 all
2787 6064 56 35 the
2861 6066 184 39 Wholesale
3063 6075 140 36 Houses.
