2540 4060
786 506 219 36 PUBLISHED
1052 504 129 37 EVERY
1226 498 255 41 WEDNESDAY
1527 499 206 37 MORNING,

680 623 112 30 PORT
812 621 258 36 NICHOLSON,
1085 616 265 35 WEDNESDAY
1372 606 325 50 HORNINft-lNfifY
1722 621 26 31 1,
1774 620 89 28 1844.

2235 623 8 5 -
2258 612 94 40 [Vol.
2373 614 37 30 V.

88 614 65 41 #o.
175 625 90 36 342.J

48 43 2408 107 THE

48 150 380 106 NEW
555 150 887 106 ZEALAND
1569 150 887 106 GAZETTE

48 256 2408 107 AND

48 363 1146 106 WELLINGTON
1309 363 1147 106 SPECTATOR.

92 716 57 20 Fox
162 715 69 24 Sale,
245 715 122 26 Freight,
383 720 31 15 or
436 714 122 24 ChaTter,

75 746 71 32 JK_§T
200 752 95 26 npHE
304 752 44 21 fine
358 752 44 21 fast
416 750 81 27 sailing
512 750 109 21 schooner

66 771 116 39 Jg)3s^
207 777 30 24 X
304 778 168 21 SUSANNAH
489 777 75 24 ANN,

61 799 130 38 XjFnt^jg'
213 807 28 20 80
259 809 49 18 tons
322 804 105 22 burthen.
456 802 43 23 She
516 803 42 21 has
575 803 47 26 just

42 835 155 28 -fflEaCHm,
212 831 130 27 undergone
351 830 112 27 thorough
471 830 92 26 repairs;
576 829 45 22 and

42 852 154 34 SSaSSmw
213 865 42 14 can
269 858 28 21 be
313 857 137 29 despatched
461 859 22 18 to
492 863 40 14 sea
543 856 81 21 imme-

213 884 90 28 diately.
333 884 49 22 Her
398 883 99 28 superior
516 882 107 27 qualities

38 921 23 15 as
71 920 12 14 a
92 913 85 26 regular
187 912 80 26 clipper
276 918 38 15 are
327 910 114 28 generally
450 909 90 22 known.

64 940 42 22 For
116 943 70 18 terms
197 938 43 22 and
250 938 136 28 particulars,
398 936 68 29 apply
475 940 22 19 to

329 971 94 21 Samuel
439 969 44 22 and
497 969 99 21 Joseph.

66 1004 110 24 Lambton
188 1006 74 26 Quay,
275 1002 64 30 April
348 1006 20 23 2,
381 1006 61 26 184,4.

151 1051 54 21 For
219 1051 112 26 Freight
346 1056 31 15 or
391 1050 122 24 Charter,

191 1085 44 26 HP
239 1083 46 22 HE
299 1084 44 21 fine
358 1078 44 27 fa^t
418 1082 78 26 sailing
511 1082 112 22 schooner

72 1109 102 35 J-ifek
198 1117 30 16 -*-
356 1110 145 24 JAMES,

49 1130 140 39 JeS^^^k
204 1138 26 21 1^
247 1141 50 18 tons
311 1137 103 26 burthen,
426 1136 92 23 Walker
532 1140 91 19 master.

45 1158 145 36 laflfcHE
223 1171 24 14 ot
262 1164 87 22 further
363 1163 138 28 particulars,
518 1163 68 27 apply
601 1166 22 19 to

45 1185 146 38 SH^^^^B
203 1190 40 22 the
253 1190 93 28 Captain
356 1197 29 15 on
395 1190 78 26 board,
484 1197 26 15 or
519 1194 24 18 to

455 1227 30 22 H.
503 1227 94 22 Mkech.

67 1256 90 26 Pipitea,
170 1253 63 29 April
246 1255 35 26 30,
292 1255 59 21 1344.

191 1298 115 23 THIS
362 1298 109 23 DAY.

236 1330 98 22 Fublic
356 1331 69 21 Sale.

44 1362 155 51 MESSRS.
211 1362 151 23 BETHUNE
377 1369 48 15 and
442 1362 132 22 HUNTER
583 1362 43 22 will

130 1390 40 22 sell
186 1390 30 26 by
234 1390 97 25 auction,
350 1391 23 20 at
392 1388 38 23 the
451 1388 128 28 Exchange,
598 1396 28 14 on

44 1416 144 28 Wednesday,
203 1416 46 22 this
259 1416 49 27 day,
321 1416 55 26 May
386 1418 20 25 1,
423 1419 24 18 at
463 1418 9 19 1
492 1416 93 22 o'clock.

170 1444 37 21 Ex
216 1444 39 20 Sir
262 1444 57 20 John
327 1444 111 23 Franklin,
450 1442 44 28 Bfc,

68 1473 21 20 A
99 1471 100 27 quantity
210 1470 27 22 of
248 1474 55 23 oats,
314 1470 84 28 barley,
412 1470 72 28 turnip
495 1469 60 27 seed,

69 1498 60 27 Kegs
138 1498 25 21 of
174 1496 83 29 honey,
267 1497 61 28 plum
334 1498 56 26 jam,
400 1496 81 29 apples,
497 1498 99 26 quinces,

68 1525 54 22 Port
130 1524 45 23 and
185 1524 78 26 sherry
273 1525 64 26 wine,
347 1531 54 19 very
409 1524 104 26 superior,

70 1552 109 26 Tobacco,
189 1551 51 22 loaf
251 1558 71 20 sugar,
333 1550 91 29 pickled
439 1550 105 27 herrings,

69 1580 66 25 Soap,
145 1578 64 26 bran,

69 1607 102 25 Leather,
182 1605 39 28 kip
230 1604 114 28 kangaroo
354 1604 46 23 and
409 1604 47 23 calf
463 1604 68 27 skins,

71 1633 75 25 Shoes,

70 1660 50 21 One
129 1658 41 23 roll
179 1660 28 20 60
217 1658 73 23 sheets
299 1658 139 28 parchment.

160 1686 165 25 Manufactured
332 1687 71 25 goods,
414 1687 45 25 Sfc,
471 1687 36 25 S(c.

249 1726 72 14 AFTER
337 1726 86 19 WHICH,

46 1745 85 28 Sundry
142 1745 74 23 effects
225 1745 119 27 belonging
356 1749 23 18 to
390 1745 108 23 Intestate
512 1745 77 22 Estate
607 1745 24 21 of

47 1775 58 26 Capt.
117 1772 114 27 Cuthbert,
241 1772 115 27 including
365 1772 98 22 nautical
476 1773 151 25 instruments,

315 1799 40 22 &c.

70 1826 147 27 Wellington,
230 1826 67 27 April
306 1828 33 24 29,
351 1827 65 21 1844.

75 1874 43 20 Ex
312 1872 55 21 and
377 1877 37 16 on
429 1872 57 21 sale
497 1872 37 26 by
551 1872 44 21 the

240 1898 193 27 undersigned.

46 1933 67 48 AT
123 1932 37 22 the
170 1931 37 22 old
216 1931 92 21 Custom
320 1929 77 23 House
408 1930 114 26 adjoining
537 1929 92 22 Messrs.

122 1958 70 22 Waitt
202 1957 46 23 and
256 1957 87 27 Tyser's
355 1957 136 21 warehouse.

71 1987 48 21 One
129 1992 49 16 case
188 1984 88 27 sadlery
287 1983 43 23 and
341 1983 98 27 harness,

71 2015 20 20 A
102 2013 40 21 few
153 2019 61 15 cases
224 2011 26 22 of
260 2011 62 22 boots
332 2011 43 22 and
382 2011 73 26 shoes,
465 2018 14 14 a
489 2009 62 28 large
562 2016 68 22 quan-

46 2041 39 24 tity
133 2038 74 21 which
216 2044 39 15 are
263 2037 93 21 suitable
363 2038 39 20 for
410 2037 101 25 whalers,

68 2066 55 22 Two
133 2072 62 14 cases
206 2064 26 21 of
243 2063 128 27 stationery,

70 2093 48 21 One
127 2091 52 22 bale
191 2090 111 26 blankets,

71 2120 50 20 One
130 2118 50 22 bale
189 2117 78 22 ladies'
279 2117 59 26 plaid
349 2116 87 27 shawls,

71 2147 50 21 One
131 2152 50 15 case
193 2145 25 21 of
229 2144 78 27 cloths,
325 2164 4 4 .

72 2173 48 22 One
126 2180 49 14 case
186 2172 26 21 of
223 2171 90 22 Patison
320 2170 45 22 and
372 2171 57 21 Cos.
438 2170 99 27 superior
544 2169 86 27 thread,

71 2201 52 20 Two
133 2205 61 15 cases
205 2199 26 21 of
237 2198 96 26 wearing
343 2197 96 28 apparel,
450 2198 101 26 superior
560 2197 70 26 make,

73 2227 50 21 One
132 2226 52 22 cask
195 2225 27 22 of
232 2225 164 26 ironmonger}',

74 2254 49 21 One
132 2261 51 14 case
193 2253 26 21 of
226 2252 71 26 Tifles,

75 2281 86 21 Black's
170 2279 87 28 spades,
270 2278 105 22 diamond
386 2277 43 23 and
438 2277 53 22 lime
502 2277 96 26 shovels,

75 2307 39 22 Six
123 2314 61 15 cases
195 2306 91 23 tobacco
296 2306 67 27 pipes,

76 2334 81 32 Sherry
167 2334 24 22 in
202 2337 91 24 quarter
302 2332 71 27 casks,

76 2361 62 21 Nails
147 2361 22 21 in
181 2361 62 26 kegs,

76 2389 49 21 One
134 2387 51 23 bale
194 2389 27 20 of
231 2387 95 28 hosiery,

76 2415 123 26 Furniture,
212 2414 86 27 writing
307 2413 73 27 desks,
392 2414 39 22 &c.
444 2413 48 26 &c,

257 2448 73 15 TERMS
331 2451 28 6 —
360 2448 69 14 CARH.

410 2467 24 22 P.
450 2467 34 22 M.
500 2466 107 22 Hervey.

76 2495 143 27 Wellington,
231 2494 63 29 April
304 2497 35 24 30,
351 2495 61 21 1844.

271 2542 41 20 On
338 2541 71 20 Sale.

52 2576 111 48 PORT,
184 2575 85 27 sherry,
294 2575 44 21 and
358 2574 70 22 claret
446 2574 23 20 in
494 2573 77 26 bottle,
593 2571 44 23 and

110 2602 144 23 Maraschino
265 2602 22 21 in
296 2608 69 19 cases,
377 2601 54 21 each
442 2601 26 21 25
481 2599 71 28 pints,'

76 2629 116 26 Damasks,
202 2629 89 28 printed
300 2627 100 28 drugged
411 2627 44 22 and
464 2627 124 27 carpeting,

76 2655 148 28 Domesticks,
243 2654 80 29 glazed
339 2654 122 23 furnitures
483 2653 46 23 and
549 2652 86 29 printed

50 2687 85 18 cottons
144 2684 23 21 in
177 2686 65 24 great
251 2682 90 27 variety,

77 2710 72 27 Cloth,
160 2710 148 27 kerseymere,
318 2712 75 19 cotton
400 2708 45 22 and
455 2707 96 23 worsted
558 2706 78 29 plaids,

78 2737 70 22 Black
157 2737 45 22 and
212 2736 65 23 white
288 2739 75 19 cotton
376 2735 88 27 checks,

78 2764 101 27 Tartans,
190 2763 103 26 flannels,
307 2763 105 22 merino's

80 2791 93 21 Orleans
183 2790 68 26 cloth,
261 2789 54 28 pilot
325 2789 68 26 cloth,

80 2817 74 22 White
164 2817 45 22 and
219 2816 103 23 coloured
336 2816 111 26 blankets,

80 2844 99 27 Cordage
189 2843 47 22 and
247 2842 69 23 whale
326 2843 55 26 line,

80 2871 53 22 Iron
144 2870 67 27 nails,
228 2869 125 28 (assorted),

78 2898 46 22 Bar
132 2897 45 22 and
184 2897 43 22 rod
237 2896 52 22 Iron
300 2896 27 22 of
336 2895 89 23 various
436 2895 63 27 sizes,

80 2926 52 21 Cast
141 2925 49 22 iron
200 2926 81 25 grates,
292 2922 97 27 fenders,

81 2952 80 27 Spouts
171 2951 45 21 and
222 2950 117 27 guttering,
349 2949 49 21 iron
410 2955 79 20 pumps
496 2947 44 23 and
550 2948 67 27 pipes,

80 2979 137 24 Casements,
224 2976 101 25 tinware,
337 2975 76 26 slates,

80 3005 74 26 Paint,
165 3004 64 27 paint
237 3003 36 27 oil,
283 3003 46 21 and
338 3002 136 27 turpentine,

84 3032 37 21 An
130 3032 134 20 assortment
273 3029 26 21 of
309 3028 86 27 garden
408 3027 69 27 seeds,

81 3057 132 23 Havannah
222 3056 78 27 cigars,
308 3055 87 21 bottled
405 3054 33 22 ale
448 3054 46 22 and
503 3057 85 24 porter,

81 3085 68 26 Rum,
160 3083 94 26 brandy,
266 3082 45 22 and
321 3081 95 24 Geneva
426 3081 24 24 in
460 3080 65 24 hhds.

83 3112 94 21 Geneva
184 3110 27 22 in
221 3116 67 19 cases,

82 3139 75 22 Prime
168 3136 61 23 Irish
238 3135 55 28 pork
303 3135 46 23 and
358 3135 82 26 butter,

83 3165 105 22 Cheshire
199 3165 46 21 and
255 3162 72 27 Leigh
337 3161 87 28 cheese,

83 3190 152 24 Cumberland
244 3190 69 26 hams,
324 3189 86 23 refined
419 3196 74 21 sugar,

83 3218 102 23 Oatmeal
196 3219 25 21 in
229 3217 91 25 barrels,
331 3215 47 24 and
392 3223 14 15 a
419 3215 43 24 few
479 3223 62 15 cases
551 3215 26 23 of
586 3222 58 20 guns

52 3247 49 27 just
108 3245 83 22 landed
201 3252 29 15 ex
242 3245 97 25 Thdresa,

402 3270 75 29 Apply
486 3273 24 19 to

245 3304 135 27 RIDGWAYS,
391 3303 108 25 GUYTON,
516 3302 20 23 &
551 3302 38 21 Co.

57 3332 102 26 Aiso,—
160 3330 96 23 Various
271 3330 87 28 fittings
376 3329 45 24 and
437 3329 88 28 surplus
541 3332 74 22 stores,
633 3335 14 14 a

55 3364 44 22 few
114 3365 69 20 water
198 3361 70 27 casks,
285 3361 45 23 and
346 3361 70 23 about
424 3363 28 20 40
468 3365 54 19 tuns
541 3360 24 22 of
576 3359 70 23 Mills'

55 3390 34 22 oil
106 3389 71 26 casks,
195 3392 44 18 two
258 3387 100 28 strongly
376 3387 56 23 built
446 3395 48 15 cow
514 3387 86 26 houses,
618 3393 36 20 ex.

305 3415 97 21 Theresa.
416 3420 5 9 *

83 3441 149 28 Wellington,
245 3441 62 29 April
317 3443 35 24 30,
367 3443 59 21 1844.

231 3485 44 21 TO
290 3483 184 22 WHALERS.

78 3520 61 26 Boyd
150 3520 71 23 Totvn,
234 3516 95 26 Twofold
339 3516 56 25 Bay,
405 3516 53 20 New
470 3517 68 19 South
549 3517 76 20 Wales.

60 3551 110 52 SHIPS
188 3557 43 15 can
247 3547 85 23 refiesh
346 3554 26 14 or
383 3546 50 22 refit
450 3550 24 18 at
482 3547 46 21 this
543 3547 105 22 Harbour

125 3579 46 21 free
188 3577 27 21 of
231 3574 30 24 all
276 3575 55 22 Port
351 3573 99 27 charges,
466 3573 106 27 pilotage,
597 3574 50 26 &c,

59 3605 45 22 and
123 3612 41 15 can
182 3603 77 23 obtain
277 3600 71 27 wood,
369 3603 80 22 water,'
462 3599 61 22 fresh
543 3600 44 21 and
605 3600 45 21 salt

57 3632 132 28 provisions,
205 3628 134 29 vegetables,
360 3626 49 28 Bhip
424 3626 130 27 chandlery,
570 3629 77 23 Btores;

59 3659 47 22 and
113 3658 61 29 slops
185 3655 27 23 of
224 3662 66 21 every
304 3654 58 22 kind
378 3652 43 23 and
432 3652 146 28 description;
603 3650 47 24 and

57 3686 24 21 if
95 3683 105 29 required
215 3683 39 21 the
270 3681 97 23 services
383 3680 26 21 of
423 3678 150 28 experienced
588 3678 62 30 ship-

59 3711 92 28 wrights
160 3709 47 23 and
214 3709 55 22 boat
283 3707 107 34 guilders,
401 3713 60 21 upon
477 3706 40 22 the
527 3708 57 20 raoßt
598 3712 52 15 rea-

58 3737 92 24 sonable
156 3737 80 21 'terms.
286 3733 9 15 '■
295 3730 9 11 ''
357 3740 5 3 '

99 3767 3 7 '
108 3768 64 23 ~N1!Bi
172 3779 28 5 —
200 3767 40 23 'Oil
250 3774 25 15 or
282 3767 59 22 bone
351 3765 73 22 'taken
432 3765 25 22 in
467 3763 124 28 exchange.

85 3801 150 26 Wellington,
247 3798 65 28 April
316 3798 9 26 '
325 3798 18 26 9,
356 3798 61 21 1844.

259 3844 68 22 Seed
341 3843 107 21 Wheat.

58 3881 90 51 FOR
157 3878 87 27 SAKE,
253 3881 23 19 at
282 3877 38 22 the
327 3877 75 22 Stores
410 3876 27 23 of
443 3876 39 23 the
488 3875 158 28 undersigned,

129 3908 43 22 130
181 3904 90 25 bushels
281 3904 52 23 Van
342 3903 119 23 Diemen's
470 3902 66 24 Land
543 3902 60 23 seed.

295 3936 136 22 'Anderson
446 3934 46 23 and
506 3934 102 23 Rowand
611 3950 13 12 v
634 3932 9 25 ',

83 3971 147 27 Wellington,
243 3967 64 31 April
320 3970 36 26 30,
369 3968 60 22 1844.
607 3968 3 6 '

1303 708 92 21 Estate
1408 708 31 21 of
1450 708 92 26 Henry
1552 710 116 24 G-axrod,
1680 708 138 21 deceased.

1276 741 239 47 ALJSyPERSONS
1529 741 84 26 having
1637 741 75 22 claims
1734 748 58 19 upon
1816 741 38 21 the

1353 766 69 24 above
1439 767 76 22 Estate
1531 774 38 16 are
1583 766 116 29 requested
1720 769 22 19 to
1760 766 94 22 forward

1275 793 127 29 particulars
1412 794 27 21 of
1451 794 36 22 the
1497 801 61 15 same
1567 795 23 20 t6

1359 818 41 30 •&[*-
1558 820 3 4 '
1644 820 49 22 Ma.
1704 819 120 21 Bkandon.

1303 846 143 35 Wellij|gton,
1459 846 63 27 April
1531 848 36 25 24,
1578 847 62 21 1844.
1675 851 4 5 '

1282 897 61 17 rA
1353 887 136 35 /jmUNS
1503 893 73 22 NEW
1592 893 102 22 CASKS.

1277 921 66 25 tJ\j
1363 918 17 32 4
1386 920 32 22 -*-
1557 919 64 22 John
1637 919 57 22 Beit
1708 917 45 23 and
1762 918 64 23 Sons.

1301 963 91 28 Nelsoa,
1404 963 64 27 April
1479 964 33 26 18,
1523 964 68 21 1814/

1310 1017 186 26 Anniversary
1524 1016 31 21 of
1581 1017 45 20 the
1654 1015 164 24 Mechanics'

1360 1049 16 19 •;,
1496 1044 140 21 Institute.

1275 1064 202 62 A^INNER
1492 1076 43 22 and
1546 1076 83 22 BALL
1644 1075 43 23 will
1700 1076 51 22 take
1759 1075 63 28 place
1833 1079 24 17 at

1353 1107 37 18 tae
1402 1104 86 21 Aurora
1497 1103 95 27 Tavern,
1604 1110 29 14 on
1642 1103 116 26 Thursday
1769 1102 54 27 Majr
1833 1103 21 25 2,

1273 1131 23 21 in
1316 1127 195 26 commemoration
1529 1129 26 23 of
1568 1130 78 27 laying
1664 1129 37 23 the
1723 1128 133 23 foundation

1274 1161 64 18 stone
1347 1158 28 21 of.
1383 1157 38 22 the
1431 1157 135 22 Institution.

1303 1177 141 34 Wellington,
1456 1183 64 28 April
1528 1185 35 26 23,
1581 1185 60 21 1844.

1393 1236 42 21 To
1449 1237 34 19 be
1495 1236 74 25 sold,
1582 1241 15 15 a
1610 1235 124 27 bargain,

1275 1270 51 47 A
1339 1268 171 23 DWELLING
1532 1268 105 22 HOUSE
1651 1268 24 21 in
1692 1267 72 22 Willis
1781 1269 75 24 street,

1353 1295 127 27 containing
1493 1296 13 21 2
1515 1295 108 28 parlours,
1633 1296 14 20 2
1663 1294 43 22 bed
1715 1301 78 20 rooms,
1811 1296 47 19 and

1275 1322 96 26 kitchen,
1386 1326 25 19 at
1421 1330 12 14 a
1449 1322 82 27 trifling
1546 1321 87 27 ground
1647 1325 56 23 rent,
1720 1322 26 21 18
1755 1327 63 21 years
1835 1320 26 22 of

1274 1349 59 22 lease
1343 1349 129 28 unexpired.
1531 1348 76 28 Apply
1618 1352 22 17 to

1561 1376 118 21 Rowland
1693 1374 80 27 Davis,

1637 1402 83 21 Aurora
1734 1401 94 22 Tavern.

1304 1428 142 28 Wellington,
1458 1429 63 28 April
1530 1430 35 26 23,
1581 1428 61 23 /844.

1424 1482 39 20 To
1478 1482 33 20 be
1526 1482 51 19 Let
1592 1487 31 14 or
1637 1481 73 24 Sold,

1279 1514 146 50 AQOOD
1436 1515 130 22 substantial
1572 1513 205 23 weather-boarded
1787 1514 71 26 Store,

1343 1542 95 24 situated
1447 1543 23 21 in
1480 1541 37 22 the
1527 1549 70 20 upper
1607 1545 49 22 part
1669 1541 25 21 of
1704 1540 155 22 Willis-street.

1278 1569 48 22 The
1336 1576 59 15 same
1406 1576 50 20 may
1469 1569 27 21 be
1505 1576 55 19 very
1572 1568 68 27 easily
1650 1566 117 23 converted
1784 1567 48 21 into
1847 1574 14 14 a

1280 1595 190 28 dwelling-house.
1499 1595 44 22 For
1558 1594 136 28 particulars,
1712 1594 64 28 apply
1786 1597 22 18 at
1822 1593 39 22 the

1280 1623 73 22 Stores
1362 1622 26 22 of
1394 1623 74 21 Levin
1484 1622 19 22 &
1517 1622 49 27 Co.,
1578 1622 109 21 Lambton
1698 1621 71 27 Quay.

1517 1674 104 21 Books.

1282 1707 71 49 ON
1367 1708 85 26 SALE,
1471 1707 39 22 AT
1524 1707 73 22 THIS
1615 1706 138 23 OFFICE—

1344 1735 47 22 The
1412 1735 94 26 poetical
1527 1734 71 21 works
1618 1735 26 20 of
1664 1734 87 27 Milton,
1773 1733 53 22 with
1847 1740 13 14 a

1280 1761 93 22 memoir
1383 1761 43 22 and
1439 1761 197 26 embellishments,

1308 1795 49 22 Life
1371 1795 26 21 of
1407 1795 38 21 the
1460 1794 66 22 Duke
1543 1794 26 22 of
1586 1794 144 26 Wellington,
1747 1793 111 28 compiled

1280 1822 58 21 from
1348 1822 33 21 his
1393 1822 92 21 Grace's
1494 1821 138 27 despatches,

1308 1853 47 22 The
1365 1853 63 28 Holy
1439 1853 69 26 Bible,
1517 1853 129 27 containing
1654 1852 36 22 the
1699 1852 42 22 Old
1752 1852 44 22 and
1806 1852 58 22 New

1281 1880 146 27 Testaments,
1435 1880 52 22 with
1496 1882 69 23 notes,
1576 1879 30 27 by
1611 1879 37 22 the
1658 1879 55 22 Rev.
1722 1879 59 21 John
1789 1879 75 22 Caun-

1281 1911 41 22 ter,
1334 1907 60 26 8.C.,
1406 1907 48 21 four
1463 1914 63 20 maps
1537 1905 43 23 and
1591 1907 40 20 144
1640 1906 76 27 plates,

1309 1933 141 22 Montacute:
1466 1940 24 15 or
1500 1940 13 15 a
1524 1933 55 21 New
1590 1933 92 21 home—
1684 1932 73 22 who'll
1771 1931 90 23 follow?

1282 1961 30 27 by
1326 1960 54 22 Mrs.
1390 1960 69 27 Mary
1469 1960 97 27 Clavers,

1310 1987 109 28 Scripture
1435 1986 132 29 Biography,
1578 1987 35 21 for
1628 1985 37 23 the
1682 1985 86 28 Young,
1780 1985 85 22 embel-

1282 2014 133 25 lisliedUfritb
1425 2015 77 25 plates,
1511 2016 4 4 '
1534 2031 6 5 ,

1310 2039 102 28 Voyages
1422 2040 25 21 of
1459 2039 93 28 Captain
1562 2039 97 22 Richard
1670 2038 115 27 Falconer,

1311 2067 95 22 Fisher's
1416 2066 104 22 Juvenile
1531 2067 68 25 Scrap
1607 2066 68 25 Book,

1310 2093 49 23 Life
1369 2093 45 21 and
1424 2093 133 27 Campaigns
1567 2093 26 21 of
1600 2093 37 21 the
1647 2091 65 23 Duke
1723 2092 25 22 of
1756 2091 105 28 Welling-

1285 2124 43 22 ton,

1310 2147 48 21 Life
1368 2146 45 22 and
1422 2147 62 26 raign
1494 2146 26 22 of
1531 2145 99 23 William
1640 2145 37 22 the
1688 2144 92 27 Fourth,

1310 2173 156 28 Shakspcare's
1477 2173 115 21 Dramatic
1605 2172 83 27 Works,
1701 2172 51 22 with
1762 2171 77 28 plates,

1310 2199 142 23 Buchanan's
1461 2199 84 27 history
1557 2199 26 21 of
1594 2199 111 26 Scotland,

1311 2227 90 25 History
1418 2226 25 22 of
1459 2225 112 28 England,
1595 2229 22 19 to
1638 2225 37 22 the
1696 2225 130 23 coronation
1842 2225 26 22 of

1285 2254 79 23 Queen
1374 2253 106 26 Victoria,

1310 2280 108 27 Wesley's
1426 2287 106 18 sermons,
1544 2279 54 22 with
1607 2287 13 14 a
1629 2279 99 27 memoir,

1312 2307 96 22 Memoir
1419 2308 25 20 of
1456 2307 56 21 Rev.
1524 2307 110 21 Rowland
1647 2306 56 25 Hill,

1310 2334 104 22 Barton's
1425 2333 83 27 Gospel
1517 2333 85 27 history
1613 2334 26 21 of
1650 2333 79 26 Christ,

1311 2361 47 21 The
1368 2361 79 21 Easter
1461 2361 54 26 Gift,
1527 2361 30 26 by
1567 2360 28 22 L.
1606 2360 26 22 E.
1642 2359 34 27 L.,

1311 2388 48 22 The
1382 2387 99 23 Parents'
1505 2387 91 27 Friend,
1614 2387 30 28 by
1663 2387 59 22 John
1745 2386 120 25 Morrison,

1284 2414 69 27 D.D.,

1312 2441 113 28 Scripture
1434 2441 84 27 history
1526 2441 36 21 for
1572 2440 81 28 Youth,
1665 2440 52 22 with
1726 2440 76 27 plates,

1313 2469 102 21 Summer
1425 2468 45 22 and
1481 2468 85 22 Winter
1575 2468 25 22 in
1611 2468 37 21 the
1661 2467 115 28 Pyrenees,
1791 2467 29 27 by
1830 2467 37 21 the

1285 2502 61 14 same
1358 2495 86 27 author,

1314 2521 145 23 Goldsmith's
1468 2521 86 28 history
1563 2521 26 22 of
1600 2521 37 22 the
1647 2521 76 27 Earth,

1313 2549 105 21 Burder's
1427 2548 88 27 Village
1526 2549 112 26 Sermons,

1313 2575 92 23 Wood's
1416 2576 129 26 Dictionary
1554 2575 24 21 of
1593 2575 37 21 the
1639 2572 71 29 Bible,

1315 2603 90 21 Smith's
1419 2601 126 27 Mechanic,

1313 2629 49 22 The
1371 2629 63 22 Book
1444 2629 26 22 of
1480 2629 111 21 Common
1601 2628 88 28 Prayer,
1699 2627 131 28 illustrated,

1315 2655 146 23 Fleetwood's
1468 2655 39 23 life
1517 2655 26 22 of
1554 2655 79 26 Christ,

1315 2683 69 22 Fox's
1393 2683 112 22 Christian
1520 2682 160 27 Martyrology,

1314 2709 48 23 The
1373 2711 72 21 whole
1455 2710 54 27 duty
1519 2710 26 20 of
1555 2709 64 27 Man,
1626 2709 30 28 by
1665 2709 38 22 the
1713 2707 55 23 Rev.
1780 2707 90 23 Charles

1289 2737 99 26 Atmore,

1316 2764 116 27 Bunyan's
1447 2763 112 28 Pilgrim's
1574 2763 113 27 Progress,
1696 2761 131 28 beautifully
1846 2761 26 22 il-

1289 2791 114 26 lustrated,

1317 2818 132 22 Mor-rison's
1460 2817 88 28 Family
1557 2817 101 26 Prayers,

1317 2846 104 21 Sermons
1430 2845 29 26 by
1469 2844 62 21 Blair
1541 2844 45 22 and
1595 2843 134 28 Whitefield,

1316 2871 113 22 Buchan's
1437 2871 118 22 Domestic
1566 2870 120 27 Medicine,

1317 2898 110 22 Walker's
1437 2897 159 28 Pronouncing
1606 2897 137 27 Dictionary,

1317 2925 137 22 Jamieson's
1459 2925 133 26 Dictionary
1597 2925 25 21 of
1626 2923 140 23 Mechanical
1771 2923 99 26 Science,

1291 2952 60 27 Arts,
1367 2952 176 25 Manufactures,
1555 2952 49 26 &c.,

1316 2978 175 28 Encyclopaedia
1505 2977 124 26 Edinensis,

1317 3006 111 21 Matthew
1437 3004 73 27 Wald,

1318 3032 84 22 Close's
1412 3031 87 28 Family
1510 3031 90 27 Prayer,

1318 3059 93 22 Parlour
1419 3059 70 26 Book,
1499 3058 32 27 by
1542 3057 97 22 William
1649 3057 92 26 Martin,

1318 3086 124 26 Perennial,

1318 3112 49 23 The
1377 3112 73 23 Monk
1459 3111 25 22 of
1496 3111 89 27 Cimies,
1594 3111 31 28 by
1635 3111 55 22 Mrs.
1701 3109 129 28 Sherwood,

1318 3139 68 22 Prose
1396 3139 188 27 Forget-me-not,

1319 3166 107 22 Counsels
1436 3165 44 22 and
1491 3165 85 27 advice,
1587 3165 31 26 by
1627 3165 35 21 Sir
1669 3164 108 23 Matthew
1788 3163 62 27 Hall,

1318 3192 50 23 The
1377 3192 111 23 Christian
1499 3192 145 28 Companion,

1318 3219 49 22 The
1377 3220 103 26 Diadem,

1319 3246 150 28 Doddridge's
1482 3245 97 28 Hymns,

1319 3273 108 28 Draper's
1436 3273 101 27 parables
1546 3273 28 21 of
1584 3271 37 23 the
1632 3271 61 22 Lord
1702 3271 72 28 Jesus,

1319 3299 104 29 Draper's
1433 3300 114 26 Miracles,

1320 3326 97 23 Modern
1428 3326 99 28 History,

1320 3354 65 22 Bible
1399 3354 72 26 Lives,

1320 3380 49 23 The
1379 3379 140 30 Equestrian,
1531 3387 12 14 a
1551 3379 62 23 hand
1627 3378 64 23 Book
1700 3378 25 22 of
1736 3378 141 23 Horseman*

1296 3407 54 28 ship,

1321 3435 48 22 The
1379 3434 134 26 Evergreen,

1318 3462 91 28 -Family
1418 3460 111 28 Worship,

1322 3488 75 23 Hall's
1406 3487 66 22 Vows
1482 3487 47 22 and
1539 3486 154 27 Meditation's,

1321 3515 100 23 Taleain
1432 3514 78 27 Verse,
1522 3514 29 27 by
1560 3513 67 28 Mary
1637 3513 99 27 Howett,

1322 3542 67 22 Tales
1397 3542 24 21 in
1430 3540 76 27 Prose,
1517 3540 31 28 by
1557 3540 64 27 ditto,
1635 3559 3 6 ,

1322 3568 107 23 Sketches
1438 3567 23 23 in
1470 3567 96 22 Natural
1577 3567 99 27 History,
1687 3567 29 27 by
1725 3567 63 26 ditto,

1322 3595 135 23 Jamieson's
1467 3594 104 23 Mothers
1580 3594 138 26 Dictionary,

1322 3622 104 28 Memory
1437 3620 44 23 and
1491 3622 64 21 other
1567 3620 86 28 Poems,
1675 3626 3 4 '

1322 3649 92 27 Phillips
1428 3655 27 15 on
1466 3648 66 22 effect
1541 3647 46 22 and
1597 3647 81 26 colour,

1322 3676 67 22 Lives
1399 3675 26 22 of
1430 3674 14 28 '
1444 3674 163 28 Highwaymen,

1322 3702 74 22 Burke
1406 3710 29 15 on
1446 3702 42 24 the.
1492 3700 89 23 French
1593 3700 136 26 Revolution,

1298 3737 14 4 —
1586 3737 27 4 —
1613 3729 10 19 \
1632 3737 1 4 ■
1653 3736 5 5 ■
1662 3736 25 5 —
1687 3732 192 8 —————————

1508 3753 161 21 Almanack.
1760 3754 3 7 '
1792 3764 10 7 v

1296 3787 77 51 AN'
1390 3786 184 23 ALMANACK-
1586 3786 36 21 for
1639 3783 134 27 Wellingtfm
1777 3781 4 6 1
1792 3782 27 22 is-
1829 3788 50 16 now
1887 3801 4 5 .

1346 3833 2 3 .
1364 3814 133 27 .publishing
1506 3817 23 17 at
1537 3813 50 21 this-
1592 3812 95 22 Officer
1701 3818 5 5 '
1738 3818 3 4 •
1758 3824 4 3 -

1388 3855 14 9 ...
1435 3854 6 5 -
1482 3857 4 4 .
1504 3854 5 5 .
1522 3846 80 19 4?RICE,
1617 3840 30 19 IS.
1670 3849 10 13 v
1699 3855 2 6 ,
1733 3854 10 7 ..
1753 3841 39 20 «'*.-,

1473 3866 77 24 Office,
1562 3864 124 23 December
1694 3863 20 24 7,
1720 3861 68 34 jfity.
1878 3884 4 6 ,

1293 3922 97 50 JUST
1404 3911 184 35 @PEN%D;and
1599 3925 29 16 on
1637 3918 50 26 Sale
1696 3917 73 23 atthe
1777 3916 70 24 Office
1858 3911 29 29 of'

1358 3948 47 22 *Uus
1409 3953 7 8 ?
1411 3946 217 29 Paperi4urttdndi
1637 3948 120 19 at'Yarious
1766 3944 109 23 «ze«.^
1884 3948 5 5 '

653 715 98 47 LIST
765 715 40 22 OF
820 714 135 24 PERSONS
971 717 22 19 to
1003 713 74 23 whom
1087 712 153 22 Auctioneers

716 741 104 22 Licenses
830 741 56 21 have
903 741 55 21 been
975 739 79 27 issued,
1066 740 23 21 in
1105 739 38 21 the
1153 738 87 22 district

654 767 26 22 of
692 768 54 21 Port
761 767 128 26 Nicholson,
906 767 35 21 for
957 766 39 22 the
1012 773 56 20 year
1084 765 158 25 commencing

654 794 52 22 25th
716 793 72 28 April,
802 794 95 20 1844:—

737 819 91 22 Names.
860 838 2 5 ,
884 818 132 23 Residence.
1072 818 146 26 Occupation.

654 846 108 22 Kenneth
770 845 108 26 Bethune,
887 844 154 28 'Wellington,
1071 844 129 22 Merchant.

654 872 59 22 Wm.
725 871 146 27 Fitzherhert,
897 871 146 27 Wellington,
1072 870 128 22 Merchant.

655 899 84 21 Robert
751 898 75 27 Waitt,
901 897 145 27 Wellington,
1076 897 125 21 Merchant.

655 925 107 22 Solomon
772 926 106 26 Mocatta,
897 924 145 27 Wellington,
1071 922 126 23 Merchant.

918 953 30 20 A.
960 951 27 22 E.
1000 951 158 25 Macdonogh,

1007 978 93 21 District
1110 977 127 22 Treasurer.

657 1006 62 27 April
730 1007 34 25 26,
777 1007 61 21 1844.

683 1050 27 22 In
723 1050 36 21 the
771 1051 106 26 Supreme
885 1050 66 22 Court
963 1050 20 18 *>f
995 1049 57 21 Wei-

654 1077 94 26 lington,
758 1077 24 21 in
793 1077 36 21 the
836 1076 110 22 Southern
957 1076 95 22 District
1063 1081 12 17 >

655 1104 26 22 of
688 1104 58 22 New
755 1103 82 27 Ulster,
849 1103 55 22 New
914 1103 109 22 Zealand.
1056 1098 12 31 J

655 1138 113 21 Charles
788 1137 122 22 William
934 1138 141 24 Cuthbert,
1109 1133 133 24 deceased

871 1165 145 20 Intestate.

657 1197 192 50 PURSUANT
863 1200 22 19 to
896 1198 36 21 the
944 1197 75 23 Rules
1031 1197 25 22 of
1068 1197 43 21 this
1121 1195 120 24 honorable

730 1225 74 26 Court,
816 1225 38 21 the
868 1224 108 22 creditors
991 1225 27 21 of
1032 1224 36 22 the
1082 1224 69 22 above
1162 1221 80 24 named

657 1251 111 22 deceased
777 1258 44 19 are,
833 1258 28 14 on
872 1258 24 14 or
904 1251 77 22 before
992 1251 38 21 the
1042 1250 50 22 15th
1102 1251 42 26 day
1154 1250 27 22 of
1188 1250 52 25 July

657 1281 63 24 next,
732 1282 21 18 to
769 1285 62 15 come
847 1278 22 22 in
887 1277 42 23 and
939 1285 68 19 prove
1025 1278 58 22 their
1092 1277 65 22 debts
1167 1277 76 21 before

657 1305 86 21 Robert
758 1305 89 26 Rodger
857 1305 87 26 Strang,
957 1305 59 26 Esq.,
1030 1305 18 21 O
1053 1303 68 23 fficial
1129 1303 115 23 Adminis-

658 1335 70 18 trator
745 1331 24 21 of
784 1331 108 22 Intestate
908 1331 95 26 Estates,
1014 1334 23 19 at
1044 1331 35 22 his
1089 1331 71 21 Office
1171 1330 25 22 in
1205 1330 38 22 the

659 1359 68 21 Court
737 1357 84 27 House,
840 1357 118 28 Mulgrave
976 1358 78 26 Street,
1066 1357 141 27 Wellington,
1219 1362 26 16 or

657 1385 23 22 in
699 1385 85 21 default
799 1384 88 22 thereof
903 1384 53 27 they
976 1385 44 21 will
1038 1385 28 22 be
1085 1383 159 28 peremptorily

658 1411 111 23 excluded
778 1411 58 22 from
845 1411 30 21 all
888 1411 83 22 benefit
979 1411 86 27 arising
1082 1411 56 21 from
1148 1411 38 21 the
1197 1408 48 24 said

659 1442 80 19 estate.

823 1465 94 22 Robert
931 1465 30 22 R.
978 1465 99 26 Strand,

958 1492 122 27 Registrar,

992 1523 109 22 Southern
1117 1522 101 23 District.

661 1558 105 25 Supreme
777 1556 68 21 Court
854 1555 78 26 Office,
944 1554 146 28 Wellington,

783 1583 64 26 April
858 1583 33 26 15,
902 1583 55 21 1844

899 1628 108 21 Notice.

662 1661 147 51 NOTICE
833 1661 28 22 IS
885 1660 129 22 HEREBY
1036 1660 100 22 GIVEN
1160 1659 47 22 that
1231 1665 16 14 a

744 1689 70 21 Court
823 1689 25 20 of
859 1688 64 25 Petty
936 1687 100 22 Sessions
1052 1687 44 21 will
1113 1688 27 20 be
1156 1686 51 22 held
1224 1688 23 18 at

663 1715 37 22 the
711 1715 68 22 River
790 1714 64 28 Hutt,
864 1715 24 21 in
899 1714 37 22 the
946 1714 72 21 house
1028 1714 24 21 of
1065 1714 44 21 Mr.
1125 1713 121 25 Burchaca,

744 1742 113 27 Aglionhy
974 1749 28 13 on
1016 1748 65 20 every
1098 1739 148 26 Wednesday,

663 1774 24 17 at
696 1771 26 20 11
734 1768 89 27 o'clock,
838 1776 56 18 a.m.,
906 1773 22 16 to
939 1775 129 14 commence
1080 1774 29 15 on
1124 1767 36 22 the
1179 1769 32 20 Ist
1225 1765 27 22 of

664 1797 64 26 May,
739 1797 59 21 1844.

889 1822 95 22 Alfred
1001 1822 27 21 R.
1044 1822 123 24 Chetham,

980 1848 66 22 Clerk
1056 1853 22 16 to
1089 1847 36 22 the
1136 1847 83 22 Bench.

693 1876 74 22 Police
788 1876 78 26 Office,
887 1875 146 27 Wellington,

759 1903 58 23 22nd
827 1902 70 27 April,
911 1903 60 21 1844.

715 1956 42 20 To
769 1956 59 25 Let,
839 1961 36 15 on
885 1955 68 27 long
961 1954 128 26 building
1103 1954 96 24 leases,

664 1982 94 32 rpHE
776 1987 59 17 town
851 1989 49 14 acre
917 1981 43 22 No.
976 1982 48 26 513,
1042 1980 95 22 situated
1150 1980 101 21 between

671 2003 31 28 X
743 2009 74 27 windy
826 2008 61 28 point
897 2008 44 21 and
951 2008 37 21 the
1000 2006 79 23 Scotch
1089 2007 90 22 church.

1059 2032 75 28 Apply
1146 2037 23 16 to
1181 2039 4 4 '

983 2060 87 22 Henry
1086 2060 34 21 W.
1136 2059 85 22 Petre.

692 2088 145 27 Wellington,
849 2088 64 27 April
927 2089 34 24 30,
978 2088 60 21 1844.

842 2131 77 21 Land
936 2132 28 19 to
980 2131 93 19 Lease.

666 2163 122 50 TOWN
802 2170 46 14 and
863 2161 147 22 COUNTRY
1024 2160 103 23 LANDS
1140 2160 39 22 TO
1190 2158 60 23 LET

741 2197 29 14 on
781 2189 166 27 advantageous
957 2192 67 18 terms
1034 2188 22 21 in
1067 2187 31 22 all
1108 2190 59 25 parts
1178 2187 26 21 of
1211 2185 37 21 the

666 2217 136 27 Company's
812 2216 143 22 settlements.

899 2243 115 21 Clifford
1030 2249 44 14 and
1089 2241 134 21 Vavasour.

654 2279 3 3 •
694 2270 144 27 Wellington,
851 2269 62 28 April
922 2270 35 25 24,
969 2270 60 20 1844.

852 2319 35 22 W.
904 2319 33 22 M.
953 2318 107 27 SMITH,

668 2367 57 15 LATE
736 2364 236 16 SURVEYOR-GENERAL
983 2364 28 14 TO
1023 2364 45 14 THE
1082 2363 51 15 NEW
1148 2361 104 16 ZEALAND

903 2390 115 20 COMPANY,

696 2425 141 25 Surveyor,
852 2422 211 27 Draughtsman,
1078 2421 55 21 and
1146 2419 79 22 Land

911 2450 101 26 Agent.

667 2481 178 26 Tinakori-road,
856 2481 100 26 January
968 2481 22 25 4,
1003 2481 60 21 1843.

897 2528 42 19 On
955 2527 69 22 Sale,

671 2560 91 31 rpHE
793 2559 71 21 NEW
889 2557 150 23 ZEALAND
1068 2554 184 26 PORTFOLIO,

678 2579 30 31 X
745 2585 125 23 conducted
889 2585 28 27 by
937 2585 30 21 H.
985 2585 22 21 S.
1025 2585 122 25 Chapman,
1169 2582 35 28 (of
1217 2582 37 21 the

671 2613 86 23 Middle
764 2612 109 29 Temple,)
885 2611 214 23 Barrister-at-Law.

698 2646 45 23 No.
755 2646 49 21 I.—
804 2645 22 21 A
842 2644 76 22 Letter
933 2646 22 19 to
974 2643 38 22 the
1029 2643 69 26 Right
1115 2642 61 22 Hon.
1195 2639 61 25 Lord

671 2673 99 27 Stanley,
790 2672 114 26 Secretary
925 2671 26 21 of
967 2671 59 21 State
1046 2670 35 21 for
1099 2669 37 22 the
1157 2667 99 24 Colonial

671 2701 155 26 Department,
859 2698 35 21 On
902 2698 39 21 the
946 2696 187 23 Administration
1140 2696 26 22 of
1169 2695 86 23 Justice

672 2728 24 21 in
706 2727 55 22 New

700 2754 44 22 No.
757 2753 33 22 II.
791 2764 28 4 —
820 2752 76 22 Letter
911 2755 23 17 to
950 2750 61 22 John
1025 2750 60 22 Abel
1099 2749 79 28 Smith,
1194 2748 61 27 Esq.,

674 2781 69 27 M.P.,
776 2780 35 22 On
820 2779 38 22 the
866 2779 144 26 Advantages
1016 2777 73 22 which
1094 2777 74 22 would
1177 2782 79 16 accrue

672 2811 24 19 to
706 2807 94 28 English
810 2806 125 28 Capitalists
943 2805 59 21 from
1012 2804 37 22 the
1059 2803 169 23 establishment
1235 2802 25 22 of

673 2843 14 14 a
696 2836 58 20 Loan
765 2835 102 25 Company
876 2833 35 22 for
920 2833 52 21 New
982 2832 98 26 Zealand,
1092 2831 84 22 similar
1186 2833 24 18 to
1219 2828 37 22 the

672 2861 130 24 Australian
810 2860 67 23 Trust

703 2894 41 22 No.
756 2893 77 23 III.—
904 2891 98 22 Address
1012 2893 23 19 to
1044 2889 40 23 the
1092 2890 58 21 New
1158 2886 101 25 Zealand

675 2921 65 23 Land
750 2919 137 29 Proprietors
896 2918 99 22 resident
1008 2917 23 21 in
1041 2916 38 23 the
1089 2916 84 22 United
1187 2914 81 34 King-,]

674 2948 60 27 dom,
745 2954 30 16 on
790 2945 87 23 several
889 2948 93 19 matters
992 2944 25 21 of
1023 2944 137 28 importance
1169 2946 23 18 to
1202 2940 58 23 their

702 3006 43 22 No.
762 3005 42 22 IV.
805 3015 28 4 —
860 3003 36 21 On
917 3002 37 23 the
975 3000 114 24 Financial
1108 3000 113 22 condition
1236 2998 32 22 of

675 3033 56 22 New
873 3029 31 29 by
914 3028 91 24 Charles
1014 3028 75 27 Terry,
1101 3027 59 28 Esq.,
1170 3025 89 25 F.R.S.,
1267 3029 2 6 '

675 3059 81 24 F,S.A.

703 3091 21 21 N
727 3098 20 14 o>
763 3090 58 21 V.—
822 3090 20 21 l.
1076 3093 28 15 on
1127 3083 141 27 facilitating!

676 3116 141 28 Emigration
840 3118 22 19 to
886 3114 55 22 New
966 3112 107 27 Zealand,
1092 3113 30 26 by
1143 3118 77 15 meaus
1238 3110 30 25 of,

677 3144 116 22 Moderate
813 3142 99 26 Charges
926 3140 34 22 for
980 3140 67 21 Chief
1062 3139 44 22 and
1122 3137 138 23 Fore-Cabin

836 3168 28 23 In
875 3175 12 14 a
897 3166 79 23 Letter
985 3170 22 18 to
1018 3166 81 27 Joseph
1111 3166 83 24 Somes,
1207 3163 52 28 Esq.

677 3198 41 23 &c.
729 3198 40 21 &c.
798 3196 34 28 By
842 3195 31 22 H.
884 3194 24 23 S.
918 3194 122 26 Chapman.

704 3231 21 21 2.
766 3229 22 22 A
798 3229 75 21 Letter
882 3233 30 15 on
923 3226 103 26 Banking
1037 3225 23 23 in
1070 3224 55 22 New

678 3257 34 28 By
723 3255 85 23 Arthur
817 3255 27 22 T.
856 3252 108 28 Holroyd,
976 3252 52 27 Esq.

705 3288 44 23 No.
859 3285 159 24 Observations
1031 3290 29 15 on
1070 3283 38 22 the
1117 3282 148 26 Advantagea

678 3315 26 22 of
716 3322 14 15 a
747 3313 184 28 Representative
946 3310 120 27 Assembly
1080 3310 36 22 for
1132 3309 58 23 New
1206 3307 57 23 Zea-

1040 3363 5 5 .
1133 3336 4 6 '
1210 3361 5 5 .

706 3368 98 23 General
814 3366 48 23 title
871 3365 47 24 and
926 3364 151 25 introduction
1086 3367 25 18 to
1119 3364 38 20 the
1167 3364 82 21 Senes.

868 3405 68 15 PRICE
955 3403 118 16 SIXPENCE.

682 3445 71 49 ON
769 3443 78 23 SALE
860 3446 24 18 at
903 3441 38 22 the
961 3440 70 22 Office
1051 3440 24 21 of
1091 3439 46 21 this
1153 3444 110 22 paper:—

759 3471 63 26 Keys
831 3469 24 22 of
863 3470 39 22 the
911 3469 70 21 Town
990 3467 25 22 of
1022 3466 56 23 New
1087 3464 128 29 Plymouth,

708 3499 68 22 Plans
786 3497 24 22 of
818 3498 99 25 Country
928 3494 66 24 Land
1002 3493 73 23 round
1087 3492 143 27 Wellington,
1240 3490 22 21 in

682 3533 57 18 case,
765 3544 3 5 .

708 3553 69 21 Plans
787 3550 26 23 of
816 3550 96 26 Nelson,
922 3549 24 22 in
958 3555 57 19 case,

709 3579 79 27 Copies
804 3577 26 22 of
842 3577 38 23 the
897 3573 56 25 New
973 3573 99 24 Zealand
1085 3573 101 24 Journal,
1203 3573 60 23 184.4,

682 3605 116 26 complete,
808 3603 84 27 bound,

710 3631 134 28 Chapman's
852 3629 117 27 Portfolio,
979 3627 85 27 bound,

710 3658 73 22 Prints
790 3658 26 21 of
819 3657 94 27 Nelson,

682 3695 3 9 •
698 3684 86 25 .'Prints
794 3683 26 23 of
823 3683 143 28 Wellington,

710 3711 67 21 Plans
787 3711 26 21 of
819 3710 84 23 Nelson
914 3711 23 21 in
947 3706 84 29 Sheets,

707 3736 71 22 'Plans
788 3737 27 21 of
820 3737 99 26 Country
929 3735 66 23 Land
1005 3738 23 18 it
1040 3733 142 27 Wellington,

708 3763 69 22 (Plans
787 3763 25 21 of
820 3763 36 21 the
865 3763 69 22 Town
946 3762 87 22 of^Jew
1042 3758 127 30 Plymouth.

705 3794 134 28 ■September
847 3795 108 26 19,1843.
1058 3801 2 6 ■
1145 3797 6 7 J
1183 3791 24 12 -'

773 3861 31 6 „,
819 3853 4 6 ■
833 3862 10 4 _
852 3843 79 20 Meat
944 3843 148 29 Company.
1105 3859 10 7 ,.
1148 3859 4 7 r
1162 3854 4 6 »
1200 3854 16 12 >-._
1244 3846 4 5 i

683 3876 131 51 FRESH
827 3865 99 37 'PjORKi,
939 3868 78 36 jriine
1033 3874 98 28 joints,,,.
1145 3872 60 29 f>om
1228 3869 36 25 4d.

731 3906 3 5 •
755 3899 68 26 to'-su
833 3909 40 21 per
882 3899 40 25 wr
922 3892 10 17 J<
934 3897 29 35 7i7
969 3902 3 6 i
974 3900 12 17 r
989 3899 10 9 n
1004 3902 12 22 ;.
1031 3890 16 19 *
1068 3897 4 10 '
1084 3900 3 6 ■
1095 3899 8 29 ;
1112 3902 10 27 .;
1130 3899 5 5 '
1152 3896 8 36 ;
1174 3920 36 7 _.

711 3955 231 30 Februwy'27,'<lß44.
939 3965 12 19 ?
973 3952 38 21 '■*
1043 3952 89 26 •V*v-
1136 3947 39 23 1^
1200 3964 7 4 -

2061 706 114 27 Secretary
2178 706 18 21 's
2204 705 79 27 Office,
2290 705 145 28 Wellington,

2153 733 65 27 April
2225 734 35 25 29,
2273 734 60 20 1844.

1888 767 86 49 HIS
1990 767 115 23 HONOR
2122 767 39 21 the
2184 766 284 23 SUPERINTENDENT

1971 793 42 22 has
2027 793 97 22 directed
2140 793 38 22 the
2194 792 135 28 publication
2338 793 25 22 of
2371 793 38 23 the
2422 792 48 24 .fol-

1887 819 81 27 lowing
2001 817 81 25 Notice
2091 823 23 17 to
2263 819 85 27 having
2355 819 117 23 reference-

1888 849 23 17 to
1919 846 38 21 the
1967 848 105 19 entrance
2079 849 24 17 to
2113 846 53 21 Port
2183 845 122 22 Nicholson
2323 846 30 26 by
2362 853 45 19 sea,
2418 845 51 21 sub-

1888 872 78 21 mitted
1975 872 36 21 for
2019 871 92 27 general
2126 871 144 22 information
2286 871 31 27 by
2327 872 62 27 Capt.
2399 871 70 23 Rich-

1889 898 55 27 ardß,
1957 898 24 22 of
1992 898 68 22 H.M.
2071 897 94 22 colonial
2173 898 48 26 brig
2231 898 102 21 Victoria.

2065 924 36 27 By
2109 924 36 21 bis
2153 924 100 22 Honor's
2263 924 124 28 command,

2209 950 23 23 S.
2243 950 25 23 E.
2280 950 147 28 Griustone,

2348 978 121 27 Secretary.

2006 1031 115 23 NOTICE
2134 1031 42 22 TO
2191 1031 174 23 MARINERS.

2004 1065 88 15 BEACON
2103 1065 28 15 ON
2144 1065 140 15 PENCARROW
2294 1066 70 14 HEAD.

1915 1086 48 22 The
1973 1085 90 22 Beacon
2080 1084 87 23 erected
2185 1092 29 15 on
2232 1084 130 23 Pencarrow
2373 1084 68 23 Head
2449 1087 26 20 at

1888 1112 38 22 the
1936 1115 87 19 eastern
2033 1112 47 22 side
2090 1112 25 21 of
2121 1112 37 21 the
2169 1115 104 19 entrance
2282 1115 25 18 to
2317 1112 54 22 Port
2380 1111 93 22 Nichol-

1889 1146 39 15 son
1950 1140 72 26 bears,
2039 1139 57 21 from
2111 1138 150 22 observations
2274 1138 68 22 taken
2357 1145 29 15 on
2402 1137 72 23 board

1890 1166 65 27 H.M,
1972 1166 96 22 colonial
2084 1165 48 27 brig
2152 1166 100 26 Victoria,
2268 1165 52 22 S.E.
2329 1166 29 26 by
2370 1165 26 22 E.
2408 1166 12 25 }
2435 1164 37 27 E.,

1891 1192 57 22 from
1957 1192 38 22 the
2005 1197 63 17 outer
2075 1191 53 22 rock
2140 1192 25 22 of
2175 1188 106 29 Barrett's
2291 1192 65 22 Reef.

1915 1219 48 22 The
1974 1219 87 22 Beacon
2070 1219 19 22 is
2099 1214 144 32 thirty-seveii
2253 1218 47 23 feet
2307 1218 61 28 high,
2377 1218 91 28 painted

1890 1245 72 29 white,
1973 1246 54 22 with
2037 1253 13 15 a
2060 1245 38 22 red
2108 1245 86 28 flag..-r
2202 1253 4 3 '
2268 1254 4 13 :
2293 1253 6 5 -

2212 1272 95 23 Robert
2317 1272 129 22 Richards.

1891 1298 141 28 Wellington,
2043 1298 64 28 April
2116 1300 35 26 24,
2162 1299 63 22 1844.

2058 1345 76 21 Meat
2155 1345 149 24 Company.

1891 1376 91 51 THE
2002 1376 235 27 UNDERSIGNED,
2255 1376 85 28 having
2357 1376 58 23 been
2434 1383 41 21 ap-

1964 1404 90 28 pointed
2069 1404 109 27 Manager
2187 1403 26 22 of
2227 1402 36 23 the
2275 1403 66 22 Meat
2350 1403 124 28 Company,

1890 1430 54 28 begs
1952 1434 23 18 to
1985 1437 117 16 announce
2111 1430 50 22 that
2174 1437 14 14 a
2197 1430 88 27 regular
2293 1429 79 29 supply
2381 1430 25 21 of
2414 1429 61 27 beef,

1891 1461 93 23 mutton,
2006 1457 44 22 and
2067 1456 55 29 pork
2138 1463 52 21 may
2210 1457 83 26 always
2309 1456 29 21 be
2358 1455 119 29 depended

1891 1491 59 20 upon
1961 1489 24 17 at
1995 1484 44 22 this
2049 1484 171 22 establishment.

1920 1516 32 22 As
1974 1515 46 23 this
2042 1515 116 28 Company
2176 1521 106 21 purposes
2301 1514 79 27 selling
2398 1517 23 19 at
2439 1514 38 22 the

1891 1543 77 21 lowest
1976 1543 73 27 prices
2058 1546 24 18 at
2096 1541 72 23 which
2177 1543 18 20 it
2209 1541 18 22 is
2236 1541 71 23 found
2317 1541 38 22 the
2363 1544 59 19 meat
2435 1548 42 15 can

1892 1569 28 23 be
1930 1569 107 28 afforded,
2048 1569 38 22 the
2095 1568 150 27 undersigned
2253 1568 18 21 is
2285 1568 53 27 only
2347 1568 128 22 authorized

1893 1601 22 17 to
1926 1597 49 26 give
1981 1603 55 19 very
2041 1595 86 23 limited
2136 1595 77 27 credit,
2220 1594 45 22 and
2272 1594 40 22 has
2319 1595 56 21 been
2383 1595 96 22 ordered

1893 1627 22 18 to
1932 1627 48 23 stop
1995 1623 31 22 all
2039 1625 104 20 accounts
2157 1622 73 22 which
2244 1628 37 15 are
2296 1625 40 18 not
2351 1621 52 28 paid
2416 1628 61 21 upon

1894 1650 102 22 demand.

1921 1683 46 22 The
1978 1682 101 23 business
2089 1682 24 23 of
2120 1682 38 23 the
2169 1682 113 28 Company
2291 1682 20 22 is
2321 1682 85 23 carried
2414 1689 31 16 on
2453 1682 27 24 in

1894 1710 58 21 their
1966 1717 50 15 new
2030 1709 108 27 building,
2150 1709 88 22 erected
2254 1709 102 22 between
2375 1708 104 23 France*

1895 1737 68 22 Hotel
1983 1736 43 23 and
2045 1736 37 22 the
2100 1736 59 22 head
2175 1735 26 22 of
2214 1736 38 21 the
2267 1736 57 27 Bay,
2341 1735 46 23 and
2400 1735 79 29 nearly

1895 1764 98 27 opposite
2004 1768 23 17 to
2037 1764 43 21 Mr.
2092 1763 82 27 Lyon's
2183 1763 70 22 Store.

2164 1797 42 21 W.
2214 1796 103 26 Flyqer,
2332 1797 119 27 Manager.

1920 1825 132 21 November
2060 1825 34 26 23,
2105 1825 63 21 1842.

2059 1875 76 20 Meat
2167 1875 150 26 Company.

2127 1907 123 23 BUTTER

1896 1942 160 49 ALWAYS
2070 1949 28 15 on
2108 1941 69 27 hand,
2194 1941 45 22 and
2254 1944 23 19 to
2291 1941 30 22 be
2335 1941 52 27 had,
2399 1941 71 23 whole
2474 1953 8 15 T

1976 1969 46 22 sale
2042 1968 42 22 and
2102 1968 71 27 retail,
2194 1972 22 18 at
2235 1968 39 22 the
2296 1968 80 22 lowest
2393 1968 89 22 market

1896 1997 66 26 price,
1979 2003 14 15 a
2011 1996 60 27 large
2089 1995 80 27 supply
2184 1994 27 22 of
2224 1995 37 21 the
2276 1994 132 23 celebrated.
2418 1993 64 24 Gbw*

1897 2027 88 23 pasture
1995 2022 47 22 and
2049 2022 118 21 Terawitte
2178 2022 72 26 Dairy
2260 2022 86 22 Butter.
2364 2035 12 4 -

2155 2074 4 5 ,
2167 2054 36 22 W.
2217 2055 105 26 Flyger,
2337 2054 117 28 Manager.

1898 2100 90 49 THE
2012 2101 78 20 Nelson
2112 2100 118 20 Examiner
2251 2099 45 21 and
2316 2100 53 19 New
2391 2100 95 21 Zealand

1971 2128 109 20 Chronicle
2095 2126 128 27 (published
2232 2128 22 19 at
2264 2125 102 28 Nelson,)
2381 2126 19 22 is
2417 2133 68 21 regu-

1895 2154 57 28 larly
1971 2153 142 22 transmitted
2127 2157 23 17 to
2166 2151 144 28 Wellington,
2331 2152 44 23 and
2390 2161 52 20 may
2456 2154 28 22 be

1896 2180 44 23 had
1950 2184 23 19 at
1981 2180 39 22 the
2030 2181 62 21 office
2102 2180 27 21 of
2138 2179 45 22 this
2191 2186 76 21 paper.

1924 2213 47 21 The
1981 2213 79 21 Nelson
2068 2213 115 19 Examiner
2199 2211 45 22 will
2253 2211 28 21 be
2290 2210 71 22 found
2369 2218 29 15 an
2410 2212 75 22 excel-

1896 2239 48 23 lent
1952 2239 101 22 medium
2061 2239 33 22 for
2105 2238 139 22 advertisers.

1923 2272 79 23 Terms
2011 2272 35 22 for
2054 2271 37 22 the
2101 2277 75 22 paper,
2187 2274 38 18 ten
2234 2270 100 27 shillings
2348 2277 39 20 per
2396 2274 80 24 quarte

1896 2299 94 29 payable
1999 2299 24 22 in
2034 2298 107 22 advance.

1924 2330 83 23 Orders
2028 2330 35 22 for
2082 2330 37 22 the
2141 2336 69 21 paper
2232 2328 45 22 and
2300 2328 186 23 advertisements

1898 2357 102 23 received
2010 2361 23 18 at
2042 2357 37 22 the
2089 2357 72 25 Qffide
2171 2356 26 21 of
2209 2356 43 22 this
2261 2363 77 19 paper.

2107 2403 164 25 Stationery.

1901 2437 72 50 ON
1988 2437 85 27 SALE,
2088 2437 43 22 AT
2144 2436 74 22 THIS
2235 2435 143 23 OFFICE—

1965 2464 112 27 Foolscap,
2087 2464 89 22 various
2187 2463 109 27 qualities,

1927 2492 73 27 Large
2008 2490 62 22 thick
2080 2495 56 23 post,
2148 2497 60 15 wove
2218 2490 47 22 and
2274 2490 52 27 laid,

1927 2518 60 22 Thin
1996 2521 55 24 post,
2188 2516 62 27 ditto,

1927 2545 57 22 Fine
1995 2545 58 21 Bath
2061 2547 55 25 post,
2127 2543 48 27 gilt,

1928 2571 154 28 Antiquarian,
2091 2570 108 28 imperial,
2208 2570 69 27 royal,
2287 2570 46 22 and
2340 2570 65 28 demy
2415 2570 72 28 draw-

1901 2599 39 26 ing
1948 2605 78 20 paper,

1929 2625 72 25 Quills
2010 2624 45 22 and
2064 2631 61 21 pens,

1929 2651 71 23 Small
2009 2651 59 23 hand
2078 2651 46 22 and
2133 2650 54 28 shop
2197 2657 74 22 paper,

1931 2679 79 27 Ebony
2020 2679 74 25 rulers,

1931 2706 76 22 Letter
2016 2705 46 22 and
2070 2704 40 22 bill
2117 2704 56 27 files,

1931 2733 43 22 Ink
1986 2732 44 22 and
2040 2731 38 22 ink
2086 2731 107 28 powders,

1932 2759 71 23 Black
2011 2758 51 22 lead
2071 2758 90 28 pencils,

1932 2786 68 23 India
2007 2785 87 26 rubber,
2107 2781 75 31 bottle,
2194 2784 43 22 and
2245 2787 86 26 patent,

1931 2813 69 28 Ivory
2008 2812 82 22 folders-
2100 2811 44 22 and
2153 2811 84 27 knives,

1933 2840 90 27 Oblong
2032 2838 90 28 clasped
2130 2839 171 22 memorandum
2310 2839 77 28 books,

1933 2867 88 23 Ladies'
2033 2866 44 22 and
2086 2865 148 28 gentlemen's
2249 2865 53 23 card
2311 2873 69 20 cases,

2041 2893 62 22 Ditto
2239 2893 70 21 tinted
2317 2893 49 21 and
2372 2892 118 23 amboaied

1907 2921 69 27 cards,

1933 2949 90 26 Sponge
2032 2947 44 23 and
2085 2947 85 26 wafers,

1934 2975 77 22 Wafer
2020 2977 90 24 stamps,

1933 3002 72 22 Black
2013 3001 57 22 lines
2077 3001 36 22 for
2122 3001 65 23 letter
2204 3000 94 28 writing,

1933 3029 92 22 Invoice
2034 3027 71 23 books
2115 3027 53 23 with
2176 3027 100 27 indexes,
2286 3027 89 24 variovs
2384 3027 63 27 sices,

1934 3055 60 23 Cash
2001 3054 69 23 books
2080 3054 65 22 ruled
2154 3055 88 26 double,
2254 3055 89 21 various
2352 3054 63 27 sizes,

1934 3081 131 28 Envelopes,,

2154 3127 91 21 Seeds.

1906 3163 53 50 A
1973 3163 84 22 VERY
2071 3161 156 23 SUPERIOR
2241 3159 45 25 and
2295 3160 101 22 valuable
2406 3163 82 20 assort

1986 3193 63 19 ment
2062 3189 27 22 of
2104 3189 60 21 fresh
2180 3187 69 22 Seeds
2263 3187 47 26 just
2323 3187 109 26 received,
2449 3187 39 23 the

1906 3217 49 22 first
1971 3217 26 22 of
2013 3224 14 14 a
2040 3215 88 28 regular
2143 3214 85 28 supply,
2237 3220 51 15 now
2304 3220 29 15 on
2350 3213 45 23 sale
2411 3218 23 18 at
2450 3214 39 22 the

1908 3244 71 22 Office
1997 3243 27 22 of
2039 3243 42 22 this
2101 3242 70 27 Paper
2190 3241 29 27 by
2234 3241 38 21 the
2291 3240 158 28 undersigned,
2465 3241 24 23 in

1907 3269 122 30 quantities
2037 3273 22 19 to
2068 3269 44 23 suit
2120 3267 131 28 purchasers
2259 3274 5 14 :
2265 3278 29 5 —

1936 3303 123 25 Carraway,
2069 3300 49 23 Dill
2126 3299 45 22 and
2181 3299 92 26 Burnet,

1935 3330 45 22 Sea
1989 3328 55 28 cale,
2054 3333 126 21 asparagus,
2190 3328 80 25 carrot,
2282 3325 46 22 and
2338 3326 97 28 parsnip,

1936 3355 95 28 Euglish
2040 3354 51 22 leek
2100 3352 45 23 and
2154 3352 74 26 onion,
2240 3352 96 28 Spanish
2348 3353 34 22 do.

1936 3381 123 29 Vegetable
2075 3387 94 16 marrow
2184 3379 43 22 and
2236 3379 55 27 long
2304 3379 87 28 prickly
2401 3387 92 16 cucum-
2498 3392 3 4 ■

1907 3410 48 26 ber,

1936 3434 143 25 Cauliflower,
2091 3433 86 26 endive,
2187 3433 47 22 and
2246 3433 81 27 celery,

1936 3460 117 29 Virginnia
2068 3460 99 27 tobacco,
2181 3460 155 27 mignionette,
2348 3476 4 9 ,
2355 3460 46 23 and
2425 3464 68 20 sweat

1907 3496 61 21 peas,
2234 3505 4 6 ,
2300 3509 34 5 .
2382 3485 27 30 ,f
2433 3506 4 4 .

1935 3514 40 23 All
1984 3518 56 19 sorts
2049 3513 25 22 of
2080 3512 86 28 garden
2176 3513 45 22 and
2230 3513 54 22 field
2293 3513 106 29 cabbage,

1936 3542 44 22 Do.
2088 3539 38 23 do.
2206 3540 38 22 do.'
2300 3541 83 27 turnip/

1935 3567 40 24 All
1985 3569 53 22 sorts
2047 3567 25 22 of
2077 3566 90 27 lettuce,
2174 3567 74 27 .salad,
2258 3567 47 23 and
2317 3567 91 27 brocoli,

1935 3594 40 23 All
1984 3596 55 20 sorts
2048 3593 26 22 of
2079 3593 76 28 lupins
2163 3593 44 23 and
2216 3594 152 26 nasturtiums,
2374 3615 2 5 .
2413 3598 2 6 '

1916 3623 3 4 '
1935 3621 40 23 AH
1985 3623 55 20 sorts
2049 3620 26 22 of
2082 3624 68 19 sweet
2160 3620 73 30 herbs,
2329 3619 5 8 '
2345 3622 6 7 *
2369 3640 4 5 ,

1936 3648 51 21 One
1995 3647 103 23 hundred
2107 3647 77 22 choice
2194 3648 90 22 varities
2291 3647 32 22 of
2335 3647 77 22 flower
2420 3647 65 23 seech

1936 3675 23 22 A
1968 3681 54 26 very
2037 3674 101 22 valuable
2154 3678 132 19 assortment
2301 3674 27 21 of
2339 3673 61 23 fresh
2416 3671 77 26 choice

1908 3708 86 20 grasses
2003 3702 34 21 for
2045 3700 147 28 gentlemen's
2202 3701 74 22 lawns
2291 3700 44 23 and
2351 3700 143 28 agricultural

1899 3735 122 23 .purposes,
2100 3752 5 2 .
2218 3746 2 8 ,
2308 3730 7 13 *

1937 3760 110 27 Cabbage,
2077 3760 91 27 brocoli,
2197 3758 111 27 rhubard,,
2332 3758 73 28 onion,
2424 3758 68 28 ,leek,

1898 3786 95 23 (lettuce
2011 3787 80 31 plants,
2109 3787 48 26 &c,
2177 3793 51 15 now
2247 3785 70 27 ready
2323 3788 34 18 -to
2375 3785 28 22 be
2418 3798 2 7 .
2423 3789 71 19 trans-

1909 3812 105 28 planted,'
2019 3813 73 23 raised
2100 3812 161 28 ftomsamples
2274 3812 26 21 of
2308 3809 62 24 these
2380 3812 72 23 seeds.

1918 3854 4 5 .
1939 3850 6 6 »
2316 3839 35 22 W.
2366 3839 95 23 Moody.

1899 3874 6 23 ;
1939 3868 98 24 October
2044 3868 103 26 6jr1843.-
2198 3876 4 5 -
2242 3869 22 14 ■'"
2280 3869 2 7 '
2315 3868 3 5 '
2348 3866 4 17 :
2373 3873 3 5 '

1898 3904 7 33 !
1913 3909 124 31 T>'tANS
2059 3912 28 22 of
2091 3915 8 7 v
2107 3910 38 23 the
2167 3911 70 24 Town
2257 3910 27 23 of
2302 3903 168 31 W^iiifciON.

1911 3930 43 33 _tT
1952 3942 5 7 ;
1964 3937 124 29 vFlan-S?
2093 3937 38 24 the
2140 3937 83 28 arbov
2231 3937 32 24 oL
2272 3937 53 23 Port
