2540 4060
209 2625 135 25 Thursday,
360 2621 76 26 April
452 2627 32 20 18.

81 2653 63 21 Field
161 2653 42 20 and
222 2652 124 26 Cummings,
364 2659 57 15 were
443 2652 96 27 brought
558 2660 31 21 up
607 2655 35 21 for

54 2680 138 27 judgement.
222 2679 42 21 His
275 2679 82 21 Honor
366 2679 109 27 enquired
485 2681 25 20 of
518 2680 36 22 the
563 2681 84 23 Sheriff

58 2707 43 21 and
112 2707 82 26 Gailor,
203 2714 23 14 as
236 2710 23 18 to
266 2709 24 18 to
299 2709 38 18 the
344 2705 61 23 truth
412 2707 27 21 of
445 2705 58 23 their
511 2708 131 27 complaints

58 2733 72 23 ■which
140 2741 56 15 were
206 2733 116 27 negatived
334 2733 24 21 in
367 2736 56 24 part.
444 2733 33 22 As
485 2738 22 18 to
516 2733 38 23 the
564 2735 78 28 damp-

60 2768 51 15 ness
122 2761 25 22 of
154 2761 37 21 the
201 2761 59 26 cells,
268 2767 78 15 means
356 2766 56 16 were
422 2760 69 22 about
507 2764 21 19 to
538 2762 29 22 be
576 2762 68 23 taken

59 2792 22 17 to
93 2788 90 27 remedy
189 2788 24 21 it.
243 2788 122 21 Sentence:
379 2787 169 28 imprisonment
557 2789 35 22 for
601 2797 42 15 one

59 2815 78 21 month
146 2815 57 21 after
217 2814 38 22 the
265 2813 125 28 expiration
401 2814 26 22 of
441 2815 49 21 ther
499 2815 83 23 former
593 2824 50 15 sen-

58 2845 72 19 tence.

87 2869 93 20 Richard
188 2869 127 26 Langridge,
325 2869 75 26 Henry
412 2869 110 26 Clements,
532 2871 43 20 and
588 2872 56 20 John

59 2897 84 22 Brown,
154 2896 98 27 bulgary.
280 2895 48 23 The
345 2895 111 26 prisoners
472 2904 56 15 were
545 2897 99 23 indicted

60 2923 35 22 for
104 2930 14 15 a
133 2922 104 27 burglary
250 2923 24 21 in
290 2922 38 22 the
342 2922 69 22 house
421 2923 26 21 of
460 2923 44 22 Mr.
516 2925 28 21 A.
563 2925 78 27 Wylie,

60 2956 110 21 surveyor.
199 2949 23 21 It
234 2949 112 28 appeared
360 2948 47 22 that
418 2949 44 22 Mr.
477 2950 89 27 Wylie's
575 2951 68 24 house

59 2977 47 22 had
114 2977 56 21 been
179 2975 83 22 broken
277 2975 50 22 into
337 2983 28 14 on
382 2975 37 22 the
430 2977 97 27 evening
537 2986 26 13 or
580 2979 64 27 night

60 3004 26 21 of
102 3003 37 22 the
157 3002 51 22 14th
226 3002 87 27 March,
325 3003 43 21 and
389 3010 13 14 a
419 3002 62 28 large
500 3005 101 28 quantity
621 3007 26 21 of

61 3030 99 27 clothing
169 3029 45 22 had
223 3029 57 22 been
292 3029 78 22 stolen.
398 3029 48 22 The
457 3031 99 25 prisoner
570 3032 74 28 Lang-

59 3057 63 26 ridge
132 3056 44 23 had
192 3056 56 22 been
258 3056 72 22 found
341 3056 90 27 dealing
441 3057 53 21 with
510 3065 61 15 some
583 3060 25 21 of
619 3062 23 25 it,

60 3085 46 22 and
114 3092 61 14 some
184 3090 62 14 more
255 3082 46 23 had
311 3083 56 21 been
374 3083 71 22 found
455 3084 23 22 in
488 3084 33 23 his
532 3085 76 28 house,
620 3088 23 21 in

60 3111 73 22 •which
140 3111 45 23 also
190 3111 37 21 the
232 3111 64 21 other
302 3110 110 27 prisoners
419 3111 94 22 resided.
521 3113 46 24 His
567 3113 78 24 Honor

61 3139 97 22 directed
168 3138 38 22 the
216 3137 63 27 Jury,
287 3135 55 28 that,
354 3144 23 14 as
387 3137 62 22 there
456 3145 43 15 was
507 3146 60 15 some
575 3141 70 24 doubt

60 3166 70 22 about
139 3166 37 21 the
184 3165 53 21 time
245 3165 36 21 the
289 3163 69 23 house
367 3171 43 14 was
418 3163 84 23 broken
511 3165 53 28 into,
572 3168 72 22 which

60 3196 60 19 must
130 3193 25 20 be
165 3192 102 21 between
280 3193 14 20 9
303 3190 86 22 o'clock
398 3191 25 21 in
440 3191 38 21 the
490 3193 96 28 evening
600 3196 45 21 and

60 3221 14 20 6
88 3219 85 22 o'clock
187 3219 25 21 in
229 3218 38 22 the
281 3218 111 26 morning,
411 3220 22 20 to
450 3219 77 28 satisfy
541 3220 38 23 the
595 3221 47 28 law,

59 3247 54 27 they
123 3249 58 19 must
191 3245 89 22 confine
294 3245 59 22 their
362 3245 109 21 attention
490 3249 22 18 to
528 3247 37 21 the
576 3253 69 18 count

60 3274 35 21 for
110 3273 109 27 larcewry.
248 3272 44 22 His
311 3272 82 21 Honor
409 3271 46 22 also
474 3273 45 22 told
535 3274 38 22 the
589 3275 56 28 Jury

60 3300 49 22 that
118 3300 61 23 there
188 3307 43 15 was
241 3306 30 15 no
283 3299 106 22 evidence
400 3302 22 18 to
432 3300 88 21 convict
532 3301 113 24 Clements

60 3328 44 23 and
118 3327 85 22 Brown.
231 3327 49 22 The
294 3326 106 22 evidence
418 3327 87 26 against
520 3328 125 28 Langridge

62 3361 44 14 was
116 3354 48 22 that
173 3354 25 21 of
205 3356 76 20 recent
292 3353 129 27 possession,
428 3353 39 22 the
473 3354 59 22 force
540 3355 27 21 of
574 3356 71 22 which

60 3380 38 23 the
107 3381 89 22 learned
206 3380 73 27 Judge
287 3380 125 28 explained.
443 3380 37 23 An
488 3382 106 23 acquittal
602 3390 44 15 was

62 3408 66 22 taken
139 3415 23 14 as
171 3412 22 17 to
204 3408 113 21 Clements
327 3407 45 22 and
383 3408 86 26 Brown,
481 3409 45 21 and
536 3409 58 22 after
610 3417 36 14 re-

62 3434 68 26 tiring
139 3441 14 15 a
167 3434 60 22 short
240 3434 61 27 time,
314 3434 37 22 the
366 3434 56 28 Jury
431 3434 73 23 found
518 3436 127 28 Langridge

64 3462 68 26 guilty
142 3462 24 21 of
174 3461 36 22 the
219 3461 99 28 larceny.

90 3489 108 22 Sentence
208 3489 26 21 12
244 3488 95 26 months,
350 3488 53 22 with
413 3488 56 23 hard
478 3489 85 24 labour.
595 3509 3 3 .

95 3516 90 21 William
198 3516 72 26 Davis,
281 3515 39 22 the
335 3516 101 27 prisoner
445 3523 44 15 was
504 3517 99 23 indicted
612 3518 35 22 for
649 3527 2 12 (

65 3542 112 26 receiving
187 3542 71 22 stolen
271 3542 78 28 goods,
361 3542 48 27 (the
419 3542 70 27 goodß
504 3544 73 23 stolen
586 3546 59 21 from

62 3570 51 21 Mr.'
119 3568 91 28 Wylie's
218 3568 88 28 house,)
316 3569 43 22 but
372 3569 36 22 the
419 3570 80 23 Crown
514 3571 133 23 Prosecutor

61 3596 78 23 before
149 3595 36 22 the
196 3595 56 27 Jury
261 3602 46 15 was
317 3595 95 27 charged
422 3596 52 23 with
489 3597 38 22 the
535 3599 110 28 prisoner,

62 3622 113 23 withdrew
185 3621 38 22 the
231 3621 134 23 indictment
374 3631 24 14 as
411 3623 38 22 the
459 3624 107 24 evidence
575 3626 23 22 in
608 3626 37 22 flic

61 3650 66 22 other
135 3655 61 16 cases
207 3647 108 24 disclosed
325 3656 14 14 a
352 3649 89 29 larceny
451 3650 24 23 in
490 3652 37 21 the
537 3653 108 27 prisoner.

62 3676 38 23 He
111 3683 45 16 was
165 3674 140 28 accordingly
315 3675 104 23 removed
430 3683 22 16 to
462 3678 38 22 the
514 3679 133 27 gaolrunder

63 3711 13 15 a
85 3703 61 24 fresh
156 3705 102 24 warrant,
270 3706 22 17 to
302 3702 28 22 be
346 3703 54 22 tried
415 3708 25 18 at
454 3704 38 23 the
501 3710 56 18 next
568 3707 78 28 sitting

63 3731 26 22 of
95 3730 38 23 the
144 3730 86 26 County
241 3730 75 21 Court.

89 3758 94 21 Richard
201 3757 78 24 Smith,
299 3755 104 27 burglary
419 3760 25 18 at
462 3758 98 24 Akaroa.
596 3761 49 23 The

59 3785 100 29 prisoner
174 3791 44 16 was
231 3784 68 22 taken
312 3784 107 26 flagrante
433 3784 82 24 delicto.
542 3787 105 27 |Verdict

59 3814 76 25 guilty.
163 3812 110 21 Sentence
285 3814 43 18 two
341 3817 64 20 years
419 3817 176 24 imprisonment,
606 3815 39 23 the

60 3842 44 20 Jast
113 3838 107 23 mont&of
227 3837 56 23 each
292 3844 55 22 year
356 3837 22 22 in
387 3837 91 28 solitary
487 3840 157 26 confinement.

88 3866 121 22 Alexander
228 3866 89 24 Adams,
342 3864 121 28 wounding
486 3866 73 22 cattle.
596 3868 49 23 The

61 3894 102 27 prisoner
184 3899 45 16 was
248 3891 140 28 judiciously
411 3891 112 24 defended
545 3893 30 28 by
598 3895 45 22 Mr.

61 3922 149 20 Wakefibld.
221 3936 3 4 .
248 3919 48 22 The
315 3918 102 28 prisoner
426 3917 45 23 had
491 3926 29 15 an
534 3920 111 24 excellent

61 3947 115 23 character
193 3945 57 23 from
271 3946 91 23 Messrs.
380 3945 80 27 Baker,
482 3946 65 28 Park,
565 3947 78 29 Wade,
649 3957 2 11 i

61 3974 89 26 Dorset,
161 3972 43 23 and
214 3972 90 23 Barnes.
334 3972 47 24 The
390 3972 58 29 Jury
457 3974 103 22 returned
570 3981 14 15 a
595 3982 50 16 ver-

62 4002 45 22 dict
116 4001 27 30 pf
147 4002 37 19 not
191 4000 76 28 guilty.
587 4013 18 11 (
641 4018 3 3 .

682 208 37 33 By
731 210 38 23 the
779 210 81 24 arrival
873 209 24 24 of
913 210 38 22 the
974 209 124 28 Governor,
1112 207 72 25 which
1196 215 37 16 ar-

649 244 62 23 rived
721 244 58 23 from
786 243 87 23 Nelson
883 250 30 16 on
924 242 38 23 the
977 242 58 23 14th
1045 240 79 32 April,
1134 248 33 17 we
1178 241 57 23 have

649 276 146 23 Examiner's
807 276 23 23 of
847 275 36 24 the
904 275 61 24 23rd
984 274 82 24 March
1087 273 45 25 and
1152 273 43 25 6th
1213 273 25 24 of

652 309 80 31 April.

683 342 51 24 The
747 339 96 27 Theresa
855 341 58 24 from
925 340 97 25 London
1042 339 38 25 viS,
1101 339 57 25 New
1177 339 58 31 Ply-

651 374 79 25 mouth
741 375 87 23 arrived
840 379 22 19 at
872 374 88 24 Nelson
972 381 30 16 on
1014 373 37 24 the
1063 372 45 25 3rd
1120 372 24 24 of
1159 372 76 32 April.

651 408 47 24 She
717 408 91 24 arrived
828 407 54 24 here
903 414 30 16 on
954 406 101 31 Monday
1078 406 104 31 evening,
1199 406 37 23 the

652 441 63 24 22nd
725 440 23 25 of
758 440 78 32 April,
848 440 108 32 bridging
969 439 85 24 Nelson
1071 446 82 24 papers
1165 444 22 18 to
1200 439 37 23 the

654 474 56 24 13th
723 474 79 31 April.

685 506 44 25 We
751 507 57 23 have
830 506 58 24 been
909 505 81 31 kindly
1012 505 120 24 furnished
1152 504 53 25 with
1226 512 13 16 a

652 540 87 31 sample
751 540 25 23 of
790 539 38 24 the
846 540 51 23 first
915 539 34 23 lot
967 539 24 23 of
1008 538 93 24 tobacco
1122 538 116 24 manufac-

652 573 66 24 tured
728 578 25 19 at
764 573 95 23 Nelson.
896 572 52 23 The
965 573 51 22 first
1036 575 98 27 attempt
1150 572 20 23 is
1182 570 58 32 good

653 606 44 24 and
708 606 114 31 promises
835 605 57 24 well.

688 639 79 24 There
779 640 20 22 is
810 638 59 24 little
880 646 63 16 news
955 638 23 23 in
991 637 38 24 the
1040 637 90 24 Nelson
1141 644 80 25 papers
1232 646 6 20 ;

655 680 33 16 we
701 677 61 19 must
774 672 64 30 delay
851 679 41 16 our
904 675 99 20 extracts
1016 671 35 23 till
1063 678 42 16 our
1116 676 55 18 next
1183 670 57 32 pub-

654 705 103 24 lication.

690 739 52 23 The
754 738 115 30 following
880 738 42 23 has
933 738 57 22 been
1002 738 24 22 in
1038 741 53 28 type
1103 745 62 15 some
1177 737 62 29 time,

655 771 58 24 from
727 780 28 15 an
768 771 39 24 old
818 771 86 24 Nelson
916 777 70 25 paper
987 783 33 4 —

657 812 37 23 To
713 819 52 16 the
791 811 130 24 Members
939 818 31 16 of
995 818 51 16 the
1071 811 171 24 Association

690 853 31 16 op
751 845 130 23 Original
908 844 77 24 Land
1015 845 169 23 Purchasers
1214 851 29 16 in

691 886 51 16 the
763 879 174 23 Settlement
956 885 30 16 of
1005 878 115 23 Nelson.

690 917 172 28 Gfntlemen,
864 929 35 4 —
899 915 66 25 Your
976 917 128 23 committee
1115 916 56 23 have
1179 923 64 16 care-

657 949 56 31 fully
725 949 137 24 deliberated
880 957 61 22 upon
953 949 65 22 those
1036 948 100 31 subjects
1153 947 92 32 pointed

657 986 38 19 out
706 982 29 30 by
746 990 45 22 you
802 989 24 15 as
836 982 117 29 requiring
961 981 58 23 their
1031 980 129 24 immediate
1169 984 74 20 atten-

657 1015 54 27 tion,
721 1021 49 16 now
779 1014 85 23 submit
873 1019 23 18 to
904 1021 58 23 your
971 1014 74 23 notice
1054 1013 38 24 the
1103 1013 141 24 conclusions

657 1052 22 18 at
692 1047 73 23 which
777 1047 54 31 they
843 1047 57 23 have
912 1046 97 29 arrived,
1019 1047 34 23 for
1064 1046 40 24 the
1115 1053 97 24 purpose
1221 1047 26 23 of

658 1081 146 29 ascertaning
827 1080 49 23 how
899 1080 35 23 far
956 1079 54 31 they
1022 1079 100 24 coincide
1134 1079 54 24 with
1205 1079 40 24 the

658 1114 67 23 views
739 1114 24 23 of
780 1114 37 22 the
831 1114 143 27 association,
995 1112 45 24 and
1057 1117 22 19 to
1092 1113 77 23 obtain
1189 1120 56 23 your

658 1147 109 23 direction
779 1154 26 15 as
817 1152 23 18 to
852 1146 59 23 what
923 1154 115 15 measures
1047 1147 21 23 it
1083 1154 53 23 may
1148 1147 27 22 be
1186 1152 60 18 most

659 1180 120 31 expedient
790 1185 22 18 to
825 1180 68 31 adopt
904 1180 24 22 in
941 1187 163 24 consequence.

692 1213 51 24 Our
755 1213 110 23 attention
876 1218 46 18 was
934 1213 50 23 first
996 1213 98 23 directed
1113 1217 22 18 to
1149 1212 37 23 the
1198 1213 46 23 dis-

659 1246 108 24 tribution
779 1246 26 23 of
812 1246 54 24 land
875 1255 7 19 ;
904 1246 45 23 and
968 1254 41 15 our
1019 1246 129 24 conviction
1165 1247 19 22 is
1197 1246 50 23 that

659 1279 38 24 the
709 1279 103 31 working
824 1279 24 24 of
864 1279 37 24 the
912 1279 84 31 lottery
1007 1284 87 26 system
1106 1279 41 23 has
1162 1280 85 31 proved

660 1312 115 31 decidedly
782 1313 110 31 injurious
903 1318 22 18 to
934 1312 38 24 the
978 1312 89 24 welfare
1073 1312 26 24 of
1107 1313 44 23 this
1158 1313 87 30 colony,

660 1346 43 23 and
715 1346 48 23 that
774 1347 19 22 it
804 1347 20 22 is
836 1346 24 23 of
876 1346 37 23 the
931 1350 86 19 utmost
1036 1347 138 30 importance
1195 1347 50 22 that

661 1380 47 22 that
724 1384 85 26 system
828 1380 81 22 should
927 1380 28 22 be
977 1379 96 31 entirely
1084 1378 116 24 abolished
1221 1387 26 15 as

662 1413 92 30 regards
769 1413 31 22 all
811 1413 75 23 future
899 1413 67 28 sales,
979 1412 43 23 and
1036 1413 56 22 such
1104 1421 14 14 a
1130 1413 115 22 modifica-

661 1448 74 22 cation
746 1446 26 23 of
785 1448 18 21 it
815 1446 53 23 take
880 1446 64 31 place
956 1446 53 23 with
1021 1446 81 30 regard
1114 1450 22 19 to
1149 1453 61 15 some
1224 1447 26 21 of

661 1479 64 24 those
737 1480 73 22 which
822 1487 37 15 are
871 1479 127 31 completed
1011 1487 25 15 as
1055 1487 51 23 may
1120 1480 25 22 be
1158 1479 89 30 strictly

662 1514 124 22 consistent
797 1513 53 23 with
867 1513 84 32 justice
963 1512 43 24 and
1018 1517 24 19 at
1061 1513 39 23 the
1119 1520 61 16 same
1193 1514 54 22 time

661 1545 74 24 lessen
755 1546 37 23 the
812 1546 56 23 evils
887 1546 113 30 resulting
1017 1546 58 23 from
1094 1545 39 24 the
1157 1551 92 26 present

662 1583 93 27 system,
768 1580 79 28 which,
869 1580 20 22 if
906 1580 89 30 strictly
1007 1578 98 24 adhered
1123 1584 32 24 to,
1176 1579 73 23 would

662 1613 87 31 compel
768 1620 67 23 many
847 1613 25 23 of
889 1613 37 29 th,e
945 1613 99 23 resident
1062 1612 143 24 landholders
1225 1618 23 18 to

662 1647 100 22 sacrifice
775 1646 58 23 their
851 1648 102 29 energies
965 1654 61 23 upon
1045 1648 37 21 the
1096 1653 61 16 more
1169 1645 79 24 sterile

662 1679 44 23 and
720 1679 141 24 unavailable
873 1681 106 22 sections.

696 1712 43 24 We
751 1718 94 25 suggest
856 1712 49 24 that
916 1712 60 24 sales
985 1712 25 24 of
1020 1712 36 24 the
1068 1713 128 31 remaining
1204 1721 45 15 un-

663 1745 48 24 sold
724 1746 53 23 land
789 1746 81 23 should
881 1747 23 22 in
916 1746 76 23 future
1014 1746 27 23 be
1054 1746 94 23 effected
1160 1746 52 31 only
1224 1747 24 22 in

663 1780 37 22 the
709 1779 88 30 colony,
807 1780 42 23 and
856 1780 50 23 that
913 1780 29 30 by
951 1780 97 28 auction,
1057 1784 23 19 at
1091 1784 66 26 upset
1163 1780 83 31 prices,

663 1820 39 23 say
715 1813 54 24 £50
782 1813 35 23 for
835 1822 14 14 a
861 1818 58 18 town
941 1820 58 21 acre,
1012 1813 71 24 £100
1096 1813 36 23 for
1143 1822 13 14 a
1168 1813 82 23 subur-

664 1846 44 23 ban
724 1847 96 27 section,
842 1846 42 23 and
896 1847 73 23 £150
980 1846 35 23 for
1036 1854 13 15 a
1067 1846 63 23 rural
1148 1847 101 29 section;

664 1879 44 23 and
721 1879 47 23 that
781 1879 30 23 all
828 1880 101 23 resident
941 1879 95 31 original
1047 1879 54 24 land
1117 1879 134 31 purchasers

664 1912 59 24 shall
734 1911 27 25 be
773 1913 94 23 allowed
879 1918 22 18 to
913 1913 52 30 give
977 1921 29 22 up
1016 1913 37 23 the
1062 1913 72 23 whole
1146 1921 24 15 or
1180 1913 72 23 either

664 1950 50 26 part
726 1946 25 23 of
760 1947 58 23 their
831 1947 96 29 original
937 1946 111 30 purchase
1058 1947 45 23 and
1116 1947 55 23 have
1181 1947 71 23 credit

664 1979 68 30 given
744 1979 61 23 them
815 1980 34 23 for
861 1980 38 23 the
909 1987 63 16 samj
981 1984 24 18 at
1015 1980 37 23 the
1062 1980 190 23 aforementioned

667 2017 65 26 upset
743 2014 69 29 price,
826 2013 52 28 only
890 2013 23 23 in
926 2013 37 23 the
976 2018 66 18 event
1054 2013 25 23 of
1096 2013 58 23 their
1172 2020 80 24 repur-

666 2046 95 30 chasing
782 2045 53 23 land
857 2046 29 30 by
904 2046 91 23 auction
1014 2050 21 19 to
1056 2046 38 23 the
1116 2053 60 16 same
1195 2053 25 16 or
1239 2055 13 14 a

666 2083 89 26 greater
767 2083 104 24 amount;
885 2079 44 23 and
943 2079 47 23 that
998 2080 45 22 tnis
1054 2079 109 31 privilege
1171 2079 81 24 should

666 2111 28 24 be
704 2111 112 24 extended
827 2112 35 23 for
873 2113 63 22 three
948 2120 66 23 years
1026 2112 57 23 from
1096 2113 37 22 the
1146 2112 107 24 abolition

652 2143 2 23 I
667 2145 24 23 of
701 2144 37 24 the
750 2145 81 31 lottery
840 2150 85 25 system
939 2151 22 17 to
974 2146 29 22 all
1016 2145 106 23 absentee
1134 2146 53 24 laud
1199 2154 53 23 pur-

668 2178 98 28 chasers,
785 2179 118 30 including
927 2180 36 22 tlie
988 2178 55 24 New
1064 2179 102 24 Zealand
1185 2179 69 24 Com-

667 2219 67 24 pany,
747 2212 27 29 {if
795 2211 81 32 during
895 2213 49 22 that
968 2213 52 22 time
1040 2212 52 31 they
1113 2213 90 23 become
1224 2214 29 29 by

668 2245 135 23 themselves
823 2245 57 24 bona
899 2245 45 29 fide
963 2246 110 23 residents
1092 2253 25 16 or
1136 2246 28 30 by
1183 2255 69 22 proxy

668 2279 130 23 cultivators
811 2279 25 23 of
847 2279 35 23 the
894 2279 54 23 land
962 2279 69 23 taken
1042 2280 24 22 in
1078 2279 124 30 exchange.

701 2311 40 24 An
753 2316 158 27 arrangement
932 2312 80 24 should
1032 2312 46 24 still
1099 2312 27 24 be
1145 2313 66 24 made
1232 2317 23 20 to

668 2352 78 16 secure
759 2346 38 22 the
809 2346 66 23 usual
892 2345 122 24 allowance
1025 2346 34 23 for
1072 2346 67 24 cabin
1160 2354 95 24 passage

668 2383 22 19 to
699 2378 63 24 those
775 2378 49 24 who
836 2378 110 32 purchase
955 2384 22 19 to
989 2379 39 24 the
1037 2384 93 19 amount
1140 2380 25 23 of
1174 2381 80 23 £300.

702 2411 24 24 It
738 2412 74 23 would
824 2413 24 22 of
857 2420 79 16 course
948 2413 28 23 be
984 2413 112 23 desirable
1105 2413 49 24 that
1165 2414 31 23 all
1202 2414 54 23 land

668 2445 105 31 required
784 2450 23 19 to
822 2446 25 23 be
860 2450 41 26 put
909 2453 31 23 up
953 2451 22 18 to
995 2446 78 31 public
1085 2448 78 23 aution
1175 2447 81 24 should

669 2479 27 23 be
709 2479 127 24 advertised
847 2479 35 23 for
893 2487 13 15 a
918 2479 114 24 sufficient
1043 2480 63 29 time,
1116 2488 40 23 say
1163 2485 40 19 not
1209 2481 47 24 less

669 2512 55 23 than
736 2520 43 15 one
798 2512 77 23 month
894 2512 76 24 before
979 2512 38 24 the
1036 2513 42 31 day
1090 2514 26 23 of
1129 2511 45 27 sale
1184 2524 6 19 ;
1212 2515 44 23 and

670 2553 32 16 we
714 2545 67 23 think
793 2545 37 24 the
842 2545 92 32 surplus
946 2547 24 22 in
981 2546 55 24 cash
1047 2551 121 27 payments
1181 2548 73 23 which

670 2579 63 24 these
745 2579 59 24 sales
816 2587 51 23 may
878 2580 99 31 produce
989 2587 53 17 over
1059 2580 39 23 the
1118 2587 65 25 upset
1195 2584 61 27 price

670 2612 81 24 should
762 2613 27 23 be
802 2613 165 32 appropriated,
980 2612 117 25 one-third
1109 2619 22 18 to
1141 2622 64 16 cover
1219 2615 38 23 the

670 2654 111 24 expenses
802 2648 25 21 of
845 2647 42 23 and
899 2647 36 24 for
953 2646 39 24 the
1014 2647 67 31 profit
1092 2647 26 23 of
1136 2648 37 23 the
1186 2647 70 24 Com-

670 2688 67 23 pany,
751 2679 44 24 and
807 2679 128 25 two-thirds
945 2681 95 23 towards
1048 2680 56 24 such
1115 2681 76 31 public
1202 2690 55 22 pur-

670 2721 67 23 poses
749 2714 24 23 in
784 2713 38 24 the
834 2714 129 23 settlement
974 2720 25 17 as
1019 2721 52 23 may
1082 2714 31 23 be
1124 2714 92 25 decided
1229 2723 29 15 on

672 2747 29 31 by
712 2754 14 16 a
738 2746 105 32 majority
852 2747 26 23 of
886 2747 100 23 resident
995 2747 53 23 land
1055 2748 138 31 proprietors
1203 2756 55 16 con-

672 2780 72 23 vened
757 2780 36 23 for
805 2780 48 23 that
864 2788 106 24 purpose.

705 2813 43 24 We
760 2813 68 23 think
847 2813 35 23 the
901 2813 130 24 immediate
1050 2814 111 24 attention
1180 2814 24 25 of
1221 2815 38 24 the

672 2846 58 24 New
741 2846 100 25 Zealand
854 2846 118 32 Company
982 2846 82 25 should
1082 2848 30 23 be
1123 2848 100 24 directed
1235 2854 22 18 to

672 2879 38 24 the
723 2879 120 32 hardships
864 2879 101 25 inflicted
984 2888 31 16 on
1036 2881 37 23 the
1086 2881 97 31 original
1202 2883 54 23 land

671 2914 137 30 purchasers
828 2913 28 31 by
875 2913 118 32 disposing
1004 2914 26 23 of
1047 2914 39 24 the
1104 2915 96 24 colonial
1219 2924 38 16 re-

673 2954 75 16 serves
760 2947 25 23 in
797 2946 45 24 this
854 2947 130 24 settlement
995 2952 106 27 contrary
1111 2952 23 20 to
1144 2948 39 24 the
1193 2950 65 30 prin-

673 2980 69 31 ciples
755 2981 24 23 of
796 2980 158 30 colonization,
967 2981 44 24 and
1031 2988 23 17 to
1072 2982 39 23 the
1129 2982 46 23 laid
1195 2982 65 25 down

673 3013 61 24 rules
745 3013 30 32 by
788 3013 72 24 which
872 3014 37 24 the
923 3014 119 32 Company
1054 3015 19 23 is
1092 3015 94 31 pledged
1198 3021 22 18 to
1231 3024 29 17 us

673 3052 22 19 to
708 3046 90 33 dispose
816 3048 25 23 of
856 3048 96 31 nothing
972 3048 41 24 but
1030 3048 72 24 whole
1121 3049 136 30 allotments,

673 3081 43 23 and
737 3081 109 30 certainly
858 3082 35 23 for
913 3081 69 32 ready
1003 3090 82 23 money
1103 3082 60 32 only.
1207 3083 52 24 The

673 3115 97 30 practice
782 3115 98 31 pursued
892 3116 24 23 in
928 3115 46 24 this
986 3116 131 23 settlement
1129 3116 79 31 during
1220 3117 40 23 the

671 3153 52 26 past
744 3156 55 23 year
816 3148 50 29 has,
878 3156 28 16 on
929 3148 38 24 the
978 3153 113 27 contrary,
1103 3149 58 24 been
1179 3155 21 18 to
1212 3151 47 24 dis-

672 3189 55 23 pose
739 3182 26 23 of
784 3182 106 29 sections,
908 3189 30 16 on
956 3182 171 31 long-deferred
1146 3182 78 31 credit,
1236 3190 24 18 to

673 3215 38 23 the
723 3215 143 31 immigrants
878 3215 134 25 introduced
1023 3216 29 31 by
1061 3216 40 23 the
1113 3218 144 30 proprietors'

674 3248 56 23 fund
739 3257 7 20 ;
769 3249 53 23 thus
844 3251 102 29 creating
963 3257 14 15 a
996 3254 72 19 cottar
1087 3250 138 31 community
1236 3252 24 22 in

673 3282 129 31 opposition
814 3288 22 17 to
848 3282 37 24 the
897 3282 128 25 Wakefield
1036 3288 86 26 system
1135 3283 25 23 of
1175 3284 85 24 coloni-

674 3316 83 23 zation.

708 3348 39 24 On
758 3348 38 24 the
808 3349 64 24 other
887 3349 67 29 hand,
967 3357 33 16 we
1019 3349 56 25 have
1094 3349 59 25 been
1164 3351 96 32 entirely

673 3380 106 32 deprived
792 3382 25 24 of
833 3383 37 24 the
890 3383 138 31 advantages
1045 3383 164 32 contemplated
1229 3385 31 31 by

674 3414 37 24 the
723 3415 114 24 moderate
854 3417 61 30 price
928 3417 24 23 of
970 3417 79 23 labour
1069 3417 40 23 the
1127 3418 133 30 emigration

673 3448 57 23 fund
742 3456 46 16 was
800 3449 106 24 intended
925 3455 24 18 to
967 3450 84 29 insure,
1063 3451 26 23 in
1106 3457 154 26 consequence

675 3481 24 23 of
709 3481 38 23 the
756 3487 93 19 amount
858 3483 25 23 of
893 3490 74 24 wages
977 3489 21 17 to
1009 3483 73 24 which
1094 3483 39 24 the
1144 3483 116 26 labourers

674 3514 67 24 make
753 3523 29 15 an
801 3515 175 32 acknowledged
988 3516 66 24 claim
1064 3524 64 24 upon
1138 3516 39 25 the
1189 3518 71 24 Com-

673 3556 69 23 pany,
762 3549 24 23 in
804 3549 74 23 virtue
895 3549 25 23 of
937 3558 14 14 a
972 3554 110 20 covenant
1102 3549 100 26 between
1221 3552 39 23 the

675 3582 118 30 Company
803 3582 44 23 and
855 3582 70 29 them,
935 3587 23 19 to
970 3582 73 25 which
1054 3591 40 21 we,
1107 3591 25 16 as
1139 3583 55 25 land
1203 3593 57 23 pur-

674 3615 100 28 chasers,
786 3615 28 23 do
826 3619 40 19 not
878 3615 102 27 consider
996 3617 116 24 ourselves
1129 3617 74 30 liable,
1216 3618 44 24 and

674 3648 74 24 which
758 3656 34 18 w.e
809 3656 105 24 presume
927 3648 45 24 will
982 3654 41 19 not
1040 3650 28 23 be
1080 3650 111 24 deducted
1202 3652 58 24 from

673 3690 45 23 any
728 3681 58 25 fund
798 3681 103 32 supplied
912 3681 30 32 by
954 3689 36 17 us.

708 3721 66 25 Thus
785 3721 76 24 whilst
871 3728 33 16 we
922 3721 57 24 have
991 3721 124 25 embarked
1136 3730 24 16 so
1172 3722 63 33 large
1247 3732 12 16 a

673 3756 89 32 portion
774 3755 26 24 of
813 3761 42 17 our
867 3754 82 31 capital
960 3755 25 23 in
999 3754 62 30 land,
1074 3755 26 24 of
1116 3756 70 24 which
1198 3764 61 17 more

674 3789 55 24 than
741 3788 105 24 one-half
855 3788 26 23 of
897 3788 38 23 the
948 3788 134 24 distributed
1103 3789 100 32 portions
1221 3798 38 16 are

674 3822 82 32 Wholly
765 3821 141 25 unavailable
914 3821 36 24 for
959 3821 38 24 the
1008 3829 112 23 purposes
1129 3823 25 23 of
1162 3822 97 26 cultiva-

673 3857 55 29 tion,
741 3856 44 24 and
796 3862 61 25 upon
871 3854 73 24 which
956 3862 32 16 we
1000 3855 66 23 could
1078 3855 90 32 employ
1180 3864 29 16 bo
1224 3857 35 24 lk-

672 3890 58 24 bour
741 3890 41 24 but
793 3897 22 16 at
833 3897 14 15 a
857 3889 94 23 ruinous
963 3894 48 17 rate
1022 3888 27 24 of
1062 3896 82 24 wages,
1158 3897 33 16 we
1202 3890 57 25 have

673 3928 22 19 to
707 3928 101 26 compete
821 3922 53 24 with
892 3922 65 24 those
970 3922 56 29 who,
1038 3922 86 32 having
1136 3923 57 24 been
1203 3931 56 25 sup-

671 3956 62 32 plied
745 3956 53 24 with
806 3955 84 32 picked
894 3955 108 31 portions
1014 3955 25 24 of
1051 3955 55 24 land
1118 3964 59 24 upon
1191 3961 68 20 terms

672 3990 34 23 far
716 3996 64 17 more
789 3989 176 30 advantageous,
976 3996 38 18 are
1021 3997 49 17 now
1081 3989 97 31 actually
1186 3991 73 24 main-

532 68 97 46 Wfyt
655 68 118 46 Tstto
799 66 206 40 2>talanfc
1035 65 188 45 UStWttttt
1253 64 90 39 a«D
1370 61 300 45 WMUn&tmx
1694 58 252 47 Spectator-

826 153 229 24 NELSON.

142 160 105 22 barrister
255 157 46 23 and
311 156 58 24 .held
381 156 38 22 the
427 155 75 23 brief.,
520 151 26 25 If
551 153 31 22 he
595 160 26 14 as

38 188 77 21 Crown
125 185 95 24 solicitor
228 183 95 26 thought
330 183 21 22 it
360 182 76 22 within
447 181 38 23 the
492 181 47 22 line
549 180 27 22 of
587 186 34 16 ms

39 214 55 27 duty
104 218 22 17 to
135 213 69 22 retain
213 212 42 21 Mr-
267 209 105 28 Holroyd
382 214 22 17 to
412 208 97 23 conduct
516 207 38 22 the
561 213 58 20 case,

38 240 38 23 the
87 240 67 23 Court
163 237 72 23 would
245 240 40 19 not
293 236 105 22 interfere
410 238 23 19 to
442 238 94 25 prevent
545 234 25 25 it,
580 233 42 22 but

37 267 38 22 the
85 267 68 22 Court
162 263 64 23 could
236 266 40 19 not
285 266 49 25 step
341 263 26 22 in
380 262 110 27 between.
494 261 36 22 the
541 259 80 23 Grown

38 294 45 22 and
98 292 37 23 the
144 292 76 21 Crown
236 290 137 26 Prosecutor,
390 296 25 15 or
428 289 24 21 in
469 287 64 33 othe^
549 285 73 23 wtrrds

40 320 66 22 could
114 320 39 21 not
161 320 49 19 oust
220 317 37 22 the
267 316 60 28 right
336 316 25 22 of
367 315 37 23 the
415 316 81 22 Crown
508 319 21 17 to
539 313 82 23 choose

38 347 29 22 its
76 353 49 14 own
137 343 101 23 Counsel.
245 359 9 4 -
407 358 6 6 .
523 366 85 8 „>«*.,.

67 372 49 22 Mr.
132 371 112 22 Hoiroyd
254 369 95 28 thought
361 376 24 16 as
394 371 81 20 matter
485 368 26 22 of
522 366 100 27 defifcacy

39 399 36 22 the
86 399 77 21 Crown
179 397 138 26 Prosecutor,
329 395 72 23 would
414 399 41 19 not
469 395 46 23 like
530 397 23 19 to
570 395 57 21 con-

40 425 55 22 duct
103 432 13 15 a
127 423 100 23 criminal
238 430 51 16 case
299 423 88 27 against
396 423 34 21 his
440 428 50 16 own
501 421 74 23 client.

67 452 44 21 Mr.
123 451 97 22 Hanson
229 450 49 22 said
288 449 34 23 his
332 449 91 22 learned
433 449 73 22 friend
513 446 45 24 hid
564 446 59 24 been

40 478 71 27 guilty
120 477 26 22 of
156 480 59 19 want
229 477 25 21 of
267 479 101 25 comtesy
382 477 24 21 in
421 479 41 19 not
476 475 107 27 applying
601 478 23 17 to

39 504 55 23 him.
123 503 51 23 Had
184 503 29 22 he
222 503 58 22 been
291 502 65 22 made
367 510 73 15 aware
449 502 25 22 of
487 502 33 22 his
528 498 96 25 learned

39 531 85 22 friends
134 530 69 22 desire
212 533 21 19 to
245 536 82 21 appear
339 529 24 22 in
376 529 39 22 the
431 536 59 19 case,
505 529 28 21 he
552 527 73 26 might

40 558 97 27 possibly
145 557 56 21 hare
217 556 87 27 yielded
320 559 23 19 to
359 556 35 22 his
412 555 87 23 wishes.
536 554 46 22 But
600 561 24 14 a3

40 585 34 21 his
82 583 92 23 learned
183 583 72 22 friend
264 582 45 22 had
319 582 159 27 accompanied
491 582 18 22 it
522 580 55 23 with
595 587 29 15 an

40 611 130 28 imputation
179 609 48 23 that
234 609 30 22 he
276 608 82 23 should
371 609 79 28 betray
468 609 37 21 the
522 609 103 21 interests

41 638 27 22 of
78 638 38 21 the
127 638 83 25 Crown,
227 637 28 21 he
273 635 87 28 should,
375 635 76 23 unless
468 635 23 22 in
508 634 117 22 deference

41 668 24 18 to
75 664 38 22 the
123 663 88 28 opinion
222 663 26 22 of
258 663 38 21 the
313 663 75 27 Court,
405 662 65 32 yesist
484 662 35 22 his
533 660 93 23 learned

41 691 84 22 friends
135 690 165 27 extraordinary
310 689 141 28 application.

71 718 43 22 Mr.
130 717 94 22 Justice
248 717 116 21 Chapman
382 715 119 23 intimated
519 715 49 21 that
588 714 37 22 the

43 745 68 21 Court
120 743 66 23 could
195 747 39 18 not
243 743 106 22 interfere
358 743 100 21 between
476 741 91 23 counsel
582 740 44 22 and

43 771 74 27 client,
127 770 97 22 whether
234 769 48 23 that
295 769 70 23 client
380 777 58 15 were
453 768 37 23 the
507 769 79 21 Crown
601 775 26 15 or

43 806 13 14 a
70 798 83 27 private
170 804 77 21 person
248 807 28 5 —
276 796 76 22 unless
366 796 25 22 in
405 803 62 15 cases
485 795 27 23 of
533 795 93 22 obvious

43 825 144 22 misconduct.

72 852 49 21 Mr.
133 851 96 22 Hanson
247 849 85 23 trusted
351 850 38 22 the
408 850 70 22 Court
496 849 73 22 would
586 847 48 23 not.

43 885 104 20 presume
160 877 47 22 that
216 885 12 14 a
237 877 76 28 public
328 877 62 22 office
401 877 74 22 would
485 877 28 22 be
522 875 72 28 guilty
605 875 26 23 of

45 905 144 22 misconduct.

73 933 48 21 Mr.
133 931 94 23 Justice
238 932 116 21 Chapman
355 942 26 4 —

73 959 48 21 The
133 965 48 15 case
192 958 51 21 then
254 958 132 27 proceeded.

74 985 23 22 It
111 984 109 28 appeared
234 983 49 23 that
296 984 95 22 Hume's
406 983 91 23 bullock
511 983 45 21 had
570 983 58 21 been

45 1011 128 23 discovered
183 1010 109 23 wounded
302 1017 30 14 on
342 1010 38 21 the
388 1013 92 24 opposte
490 1009 46 22 side
546 1009 26 21 of
590 1009 38 21 the

45 1039 68 21 River
125 1037 57 22 Hutt
192 1041 22 17 to
224 1036 48 22 that
282 1044 27 14 on
321 1036 73 22 which
405 1036 84 27 Mabey
502 1036 49 22 and
567 1035 61 22 Giles

44 1065 57 27 live;
117 1071 42 15 one
177 1063 44 22 had
234 1063 30 22 its
284 1063 39 22 tail
342 1066 38 19 cut
400 1063 33 22 off
447 1063 46 22 and
513 1062 115 22 otherwise

45 1091 117 23 wounded.
200 1090 48 22 The
266 1089 49 23 foot
330 1090 74 22 marks
421 1089 46 23 and
486 1089 66 22 blood
570 1096 58 14 were

45 1118 76 22 traced
131 1124 72 15 across
215 1117 80 26 Mabey
299 1117 16 21 's
323 1117 55 22 land
389 1121 21 17 to
421 1124 12 14 a
448 1117 65 21 small
529 1116 61 27 piece
607 1115 26 21 of

44 1145 54 23 land
115 1143 105 27 occupied
234 1143 31 28 by
283 1143 69 28 Giles,
373 1143 73 23 where
466 1143 37 22 the
522 1143 40 21 tail
585 1149 44 15 was

45 1170 78 24 found.
162 1171 61 21 Giles
231 1170 46 22 had
288 1171 55 21 been
353 1171 69 21 heard
433 1174 22 18 to
467 1170 100 22 threaten
581 1169 49 21 that

46 1199 28 22 he
92 1197 71 23 would
177 1197 40 23 kill
233 1197 98 22 Hume's
349 1197 101 23 bullocks
469 1197 21 21 if
508 1197 52 26 they
576 1203 53 15 con-

45 1225 78 23 tinued
133 1228 21 18 to
165 1227 101 24 trespass.
294 1225 22 21 A
326 1225 76 21 search
412 1227 97 19 warrant
517 1223 46 22 had
572 1223 57 21 been

46 1251 101 28 granted,
158 1251 40 22 but
208 1251 37 22 the
260 1251 78 21 officer
354 1255 21 17 to
391 1251 74 22 whom
481 1251 18 21 it
513 1250 45 22 had
574 1250 57 22 been

46 1278 108 23 intrusted
167 1278 45 22 had
226 1279 57 21 been
298 1281 51 19 sent
363 1281 23 19 to
400 1278 129 27 Wanganui
546 1278 31 27 by
593 1277 37 21 the

48 1305 75 23 Police
134 1305 137 27 Magistrate.

75 1333 50 21 Mr.
137 1333 64 25 Ross,
213 1331 49 22 who
273 1331 111 23 defended
400 1331 38 23 the
454 1331 109 28 prisoner,
580 1330 51 22 sub-

48 1359 80 23 mitted
142 1359 47 21 that
203 1359 62 21 there
281 1366 46 14 was
342 1366 29 14 no
384 1366 49 14 case
444 1359 86 27 against
539 1357 90 28 Mabey,

48 1386 44 22 and
102 1394 13 14 a
125 1393 52 20 very
187 1385 61 22 weak
259 1393 43 14 one
312 1385 87 28 against
410 1386 71 21 Giles.

74 1413 49 22 The
141 1413 89 21 learned
249 1412 75 27 Judge
345 1411 98 23 directed
468 1413 38 21 the
532 1412 57 27 Jury
608 1415 23 17 to

48 1441 76 26 acquit
140 1440 89 27 Mabey,
247 1446 22 15 as
288 1439 63 22 there
367 1447 43 14 was
427 1447 30 15 no
482 1439 105 22 evidence
610 1441 21 19 to

48 1470 96 19 connect
153 1467 46 21 him
210 1466 52 22 with
274 1466 37 22 the
321 1466 75 22 crime.

76 1494 48 22 The
135 1496 70 19 traces
224 1493 25 22 of
262 1491 66 23 blood
347 1500 72 14 across
437 1493 37 22 the
490 1493 54 21 land
561 1492 72 27 might

47 1521 90 27 happen
146 1524 22 18 to
178 1528 43 19 any
235 1527 51 14 one.
323 1520 49 22 The
389 1528 49 14 case
454 1521 26 21 of
492 1520 69 26 Giles,
572 1520 60 21 how-

49 1555 58 18 ever,
118 1547 72 22 rested
200 1554 27 14 on
244 1547 103 21 different
361 1547 104 26 grounds.
503 1547 48 21 The
568 1546 65 22 blood

50 1582 45 15 was
111 1574 75 21 traced
200 1577 22 18 to
239 1574 82 21 Giles's
335 1574 94 27 ground,
451 1573 46 23 and
518 1573 61 22 there
596 1573 36 22 the

50 1601 39 22 tail
108 1608 43 15 was
169 1601 77 21 found.
290 1601 37 21 No
347 1604 70 18 traces
437 1601 25 21 of
484 1601 65 21 blood
575 1608 57 14 were

48 1628 70 23 found
135 1627 91 28 beyond,
243 1635 25 14 so
283 1627 49 22 that
347 1627 37 22 the
403 1631 38 18 act
455 1635 44 14 was
514 1635 30 14 no
564 1627 69 22 doubt

49 1656 62 21 there
123 1654 134 22 committed.
283 1655 83 26 Again,
375 1654 62 22 Giles
443 1655 45 21 h.id
494 1654 138 22 threatened.

52 1682 55 23 Men
124 1681 125 22 sometimes
265 1681 131 22 threatened
412 1681 109 28 foolishly,
542 1682 93 21 without

50 1716 43 20 any
103 1709 111 21 intention
225 1713 22 16 to
257 1711 39 24 put
307 1707 58 22 their
380 1707 72 22 threat
467 1709 22 20 in
506 1709 126 21 execution.

49 1736 78 21 Uuder
137 1735 60 30 thege
208 1735 171 22 circumstances
391 1735 35 22 his
446 1735 77 21 Honor
540 1735 41 21 left
596 1735 37 21 the

52 1770 50 15 case
111 1766 23 17 to
150 1763 36 20 the
203 1761 57 28 Jury
278 1761 53 22 with
351 1762 61 21 these
431 1762 102 21 cautions
540 1770 5 14 :
548 1773 27 4 —
576 1763 59 21 That

51 1789 142 27 provocation
205 1796 43 14 was
257 1796 30 14 no
296 1796 80 15 excuse
388 1789 33 21 for
430 1789 55 21 such
492 1796 28 14 an
530 1793 91 23 outrage
627 1797 5 19 ;

50 1817 47 26 but,
110 1815 156 27 nevertheless,
283 1815 21 22 if
323 1815 51 28 they
390 1816 138 21 entertained
544 1824 90 14 reason-

52 1844 50 21 able
113 1843 74 26 doubt,
198 1842 38 22 the
245 1842 100 28 prisoner
354 1846 59 18 must
426 1843 57 21 have
500 1843 37 21 the
553 1844 82 21 benefit

53 1869 94 23 thereof.
185 1869 49 22 One
254 1869 74 22 defect
344 1869 23 21 in
392 1869 37 22 the
458 1870 119 27 testimony
601 1870 33 23 his

52 1896 81 23 Honor
150 1896 67 22 could
235 1898 41 19 not
294 1896 53 27 help
371 1896 177 28 animadverting
568 1905 65 20 upon,

51 1923 90 27 namely
142 1935 25 3 —
170 1923 36 22 the
216 1923 95 22 absence
328 1923 27 22 of
372 1923 38 22 the
430 1924 120 22 constable.
588 1925 47 22 The

53 1951 67 22 Court
138 1950 44 22 and
197 1950 36 21 the
250 1950 58 28 Jury
323 1950 70 26 ought
401 1953 23 18 to
435 1950 58 22 have
503 1951 56 22 been
570 1952 65 21 made

52 1976 134 30 acquainted
196 1976 51 23 with
257 1976 37 23 the
304 1976 45 22 fate
361 1977 25 21 of
393 1976 38 22 the
444 1978 77 21 search
532 1984 103 22 warrant,

55 2012 26 18 as.
89 2004 31 22 all
129 2004 68 22 doubt
205 2003 72 27 might
285 2004 59 22 have
354 2004 56 21 been
420 2004 94 27 thereby
523 2006 112 22 removed.

79 2030 49 23 The
138 2031 55 27 Jury
203 2030 57 22 after
268 2030 93 25 retiring
374 2030 35 21 for
424 2037 14 14 a
452 2030 62 22 short
530 2033 53 21 time
598 2040 38 14 ac-

54 2057 86 29 quitted
150 2058 53 22 both
210 2057 120 27 prisoners,
342 2057 36 21 the
389 2057 110 22 Foreman
515 2059 80 27 saying
605 2067 31 14 we

53 2084 59 23 wish
118 2087 22 18 to
149 2091 89 21 express
248 2091 41 14 our
297 2087 111 23 strongest
418 2083 179 29 disapprobation
614 2090 23 17 at

53 2112 38 21 the
102 2110 94 23 conduct
205 2110 23 22 of
236 2109 38 23 the
286 2110 74 23 Police
368 2110 131 28 Magistrate
509 2112 23 21 in
542 2113 95 27 sending

54 2145 62 19 away
128 2138 36 21 the
174 2137 81 22 officer.

79 2166 57 20 John
158 2166 150 24 M'CartAy,—
309 2164 100 28 larceny.
462 2164 55 23 This
539 2167 99 26 prisoner

53 2200 45 14 was
113 2192 99 22 indicted
230 2192 35 21 for
284 2192 95 26 stealing
398 2192 57 21 from
475 2199 14 14 a
515 2193 73 22 Maori
615 2197 23 18 at

54 2219 86 28 Pipitea
153 2219 51 28 pah.
241 2218 49 23 The
306 2218 112 22 witnesses
435 2226 57 15 were
502 2220 80 23 Maori,
595 2222 43 21 and

53 2246 39 22 the
116 2253 49 15 case
189 2253 44 14 was
256 2245 83 27 clearly
363 2245 64 22 made
452 2250 46 17 out.
538 2247 98 27 Verdict,

53 2274 76 26 guilty.
158 2273 26 22 In
194 2273 91 27 passing
294 2276 111 23 sentence,
416 2272 35 22 his
462 2272 80 23 Honor
548 2274 89 23 alluded

55 2306 22 17 to
85 2300 36 23 the
133 2300 49 27 fact,
194 2300 47 21 that
258 2300 37 21 the
311 2299 100 27 prisoner
427 2300 44 21 had
485 2300 24 22 in
525 2300 113 29 February

54 2328 44 21 last
113 2328 56 21 been
187 2326 37 22 the
240 2326 74 27 object
328 2326 26 21 of
369 2326 34 21 his
420 2326 158 30 Excellency's
595 2330 44 21 cle-

55 2362 79 19 mency
135 2365 28 5 —
163 2357 104 20 sentence
276 2354 26 21 12
314 2352 87 23 months
411 2353 170 28 imprisonment
588 2356 51 21 with

55 2382 56 21 hard
120 2381 83 22 labour.

85 2410 87 20 Thomat
192 2408 75 26 SpyZe,
269 2418 27 5 —
299 2406 120 27 Larcenry.
458 2408 100 28 Stealing
577 2410 62 22 linen

56 2436 56 21 from
123 2443 14 14 a
144 2435 80 27 hedge.
252 2433 100 27 Verdict,
361 2435 77 25 guilty.
476 2435 48 22 The
541 2437 100 26 prisoner

56 2463 46 21 had
125 2462 57 22 been
212 2460 117 23 convicted
352 2461 82 22 before.
482 2462 108 24 Sentence
615 2466 25 20 12

57 2489 89 23 months
155 2489 172 27 imprisonment
336 2488 52 21 with
398 2488 55 23 hard
464 2488 85 24 labour.

83 2518 77 20 Robert
170 2516 57 21 Field
240 2516 44 21 and
304 2516 91 19 William
407 2517 123 25 Cummings,
549 2525 89 20 escape.

62 2544 97 22 Pleaded
174 2543 76 27 guilty,
261 2542 41 22 but
318 2543 143 26 complained
475 2544 26 21 of
513 2544 57 22 their
575 2549 66 17 treat-

57 2574 64 19 ment
129 2571 24 21 in
161 2570 58 28 gaol.
248 2570 111 21 Sentence
367 2566 109 26 deferred.

1273 150 65 24 ained
1348 150 31 31 by
1390 150 40 23 the
1438 149 119 31 Company
1564 150 24 22 in
1598 148 38 24 the
1648 148 130 24 cultivation
1786 148 26 23 of
1821 148 28 24 it.

1296 183 43 24 We
1351 183 86 23 adduce
1449 182 64 23 these
1525 182 58 23 facts
1594 185 42 20 not
1655 186 23 19 to
1694 188 95 16 censure
1807 181 43 23 the

1273 217 114 23 ntentions
1410 224 25 15 or
1459 214 98 25 conduct
1584 214 26 23 of
1642 214 38 24 the
1709 213 142 32 Company's

1273 251 88 30 Agents,
1374 249 42 23 but
1428 256 25 16 as
1465 255 29 17 an
1504 247 163 24 incontestable
1677 247 139 24 illustration
1827 247 26 23 of

1274 283 28 23 he
1322 286 78 19 extent
1418 281 25 24 of
1464 281 39 24 the
1518 280 75 32 injury
1612 280 102 24 inflicted
1730 288 28 15 on
1783 287 26 16 us
1821 280 31 31 by

1273 315 120 31 ixpending
1415 322 41 16 our
1478 314 66 23 funds
1567 315 25 22 in
1614 314 98 31 pouring
1732 314 49 22 into
1805 313 46 23 this

1273 348 120 24 settlement
1402 355 14 15 a
1428 346 96 25 number
1532 347 26 23 of
1573 347 143 30 immigrants
1728 346 74 30 vastly
1825 346 25 23 in

1273 389 71 16 jxcess
1367 381 24 23 of
1416 380 38 23 the
1477 379 97 25 uuraber
1604 379 25 23 of
1655 379 127 31 employers
1805 379 47 23 and

1273 418 85 20 traount
1369 414 26 23 of
1410 412 83 32 capital
1505 412 140 29 introduced,
1664 412 46 23 and
1729 412 123 31 especially

1273 456 8 15 i
1292 447 59 24 class
1372 447 26 23 of
1412 447 144 30 immigrants
1575 445 161 32 injudiciously
1755 444 99 24 selected

1273 481 52 23 'rom
1340 480 112 32 populous
1474 479 102 23 districts
1596 479 44 23 and
1661 479 71 28 cities,
1752 478 51 23 who
1814 486 40 15 are

1273 513 157 31 :onsequently
1441 512 176 31 comparatively
1635 512 117 31 incapable
1773 512 25 22 of
1812 511 42 23 de-

1273 547 69 31 •iving
1358 554 14 16 a
1391 546 143 23 subsistence
1552 545 59 22 from
1631 544 37 23 the
1688 545 131 23 cultivation
1831 545 26 22 of

1273 579 56 30 laud,
1339 579 44 23 and
1395 578 131 31 indisposed
1544 583 21 18 to
1584 578 69 31 apply
1672 578 137 23 themselves
1831 581 22 19 to

1273 620 44 16 new
1329 613 45 22 and
1385 611 178 24 unaccustomed
1574 612 110 30 pursuits,
1706 611 37 23 the
1756 618 60 16 more
1829 618 25 15 so

1273 647 54 23 from
1337 646 86 29 having
1434 645 41 23 left
1487 644 109 31 England
1616 644 54 23 with
1691 644 163 31 expectations,

1273 679 85 24 created
1367 679 31 31 by
1409 678 37 23 the
1465 678 192 31 representations
1678 677 25 23 of
1718 677 37 23 the
1774 682 80 25 agents

1273 713 46 23 who
1332 711 144 25 recommend
1496 711 70 28 them,
1586 710 25 23 of
1626 711 84 22 certain
1729 710 43 23 and
1791 710 63 31 higly

1273 746 162 23 remunerative
1447 744 155 32 employment
1613 745 24 21 in
1654 743 57 24 their
1729 744 126 30 respective

1273 780 83 22 trades.

1304 812 44 23 We
1358 816 77 27 regret
1446 816 22 19 to
1482 811 62 23 learn
1557 810 48 23 that
1617 811 96 28 £5,000
1731 808 36 33 (or
1786 810 70 23 about

1273 846 127 24 two-thirds
1417 846 26 22 of
1467 844 30 24 all
1517 844 50 23 that
1584 844 46 23 had
1646 844 57 23 been
1720 844 100 23 received
1833 844 25 23 of

1273 879 37 24 the
1320 879 56 23 fund
1387 879 19 22 it
1417 886 46 16 was
1473 877 107 24 intended
1592 882 23 18 to
1627 877 67 31 apply
1707 881 22 19 to
1748 877 108 31 religious

1273 920 51 15 uses
1347 912 44 22 and
1411 912 154 22 endowments
1585 910 36 23 for
1645 910 106 23 colonists
1775 911 24 22 of
1825 910 31 23 all

1273 943 178 30 denomination)
1470 950 45 16 was
1535 942 114 31 proffered
1667 943 44 22 and
1733 943 41 22 has
1797 943 59 23 been

1273 977 52 30 paid
1336 984 55 15 over
1402 980 23 19 to
1437 976 38 22 the
1489 975 113 30 episcopal
1610 974 93 28 church,
1712 975 74 22 whilst
1794 976 63 22 other

1273 1009 179 24 denominations
1471 1008 54 23 here
1544 1007 56 23 have
1616 1008 25 22 in
1660 1008 50 22 vain
1728 1007 88 32 applied
1835 1013 23 18 to

1273 1042 37 24 the
1323 1042 112 24 Resident
1447 1041 44 24 and
1503 1040 118 31 Principal
1638 1040 90 31 Agents
1748 1041 35 22 for
1801 1041 58 23 such

1273 1076 66 24 small
1350 1075 101 32 portions
1463 1074 26 23 of
1503 1074 49 23 that
1564 1074 57 22 fund
1632 1081 25 15 as
1668 1081 59 16 were
1738 1081 121 24 necessary

1274 1115 22 18 to
1308 1110 58 22 their
1376 1109 70 29 being
1484 1107 109 31 provided
1605 1108 25 22 in
1641 1107 58 22 their
1718 1115 49 15 new
1786 1108 71 23 abode

1273 1142 54 24 with
1339 1142 37 24 the
1393 1141 110 30 religious
1522 1141 134 23 ordinances
1673 1145 24 19 to
1713 1140 73 24 which
1805 1141 53 30 they

1273 1176 56 23 have
1341 1176 57 23 been
1412 1174 143 24 accustomed
1565 1179 23 18 at

1307 1209 43 23 We
1362 1208 113 24 therefore
1487 1207 66 23 think
1566 1207 37 23 the
1616 1207 119 32 Company
1743 1207 80 23 should
1831 1207 28 23 be

1274 1241 145 33 respectfully
1440 1240 90 25 desired
1553 1244 23 19 to
1596 1241 68 22 make
1685 1248 29 16 an
1732 1241 127 22 immediate

1275 1275 43 24 and
1330 1274 113 33 impartial
1456 1274 137 31 application
1605 1274 25 23 of
1646 1274 38 23 the
1693 1274 56 23 fund
1765 1274 91 30 already

1275 1308 103 25 received
1390 1308 58 23 from
1461 1308 38 22 the
1510 1307 48 23 sale
1570 1307 25 23 of
1609 1307 53 23 land
1673 1307 35 23 for
1729 1307 36 23 the
1784 1307 75 31 legiti-

1275 1348 59 18 mate
1345 1341 74 32 object
1429 1341 106 31 specified
1547 1341 24 23 in
1583 1340 38 24 the
1639 1340 90 31 printed
1748 1346 69 18 terms
1838 1340 24 23 of

1276 1375 54 29 sale,
1377 1376 25 21 in
1421 1375 43 23 due
1484 1375 132 30 proportion
1636 1379 23 18 to
1680 1374 38 23 the
1731 1374 95 23 number
1838 1375 24 22 of

1276 1409 130 31 immigrant
1429 1408 25 22 of
1479 1408 55 22 each
1555 1408 169 22 denomination
1743 1408 48 22 who
1808 1415 53 23 may

1276 1442 67 32 apply
1357 1442 36 23 for
1406 1441 57 23 such

1311 1475 42 23 We
1375 1475 57 23 have
1456 1474 48 23 also
1527 1481 81 15 reason
1631 1478 23 18 to
1671 1474 86 23 believe
1778 1474 48 23 that
1843 1474 19 22 it

1278 1509 77 23 would
1366 1509 29 22 be
1407 1508 69 23 much
1489 1512 21 19 to
1522 1508 38 22 the
1572 1507 124 30 advantage
1709 1508 23 23 of
1743 1508 45 23 this
1800 1507 61 24 colo-

1276 1550 30 23 ny
1319 1542 19 23 if
1355 1542 37 23 the
1404 1541 104 23 received
1518 1541 92 31 portion
1622 1540 25 24 of
1662 1541 38 23 the
1710 1542 54 22 fund
1778 1541 33 23 for
1823 1540 38 24 the

1277 1579 189 27 encouragement
1482 1574 24 23 of
1528 1579 72 18 steam
1619 1575 129 29 navigation
1769 1575 35 22 for
1823 1574 38 23 the

1277 1609 82 23 benefit
1383 1608 26 23 of
1430 1607 47 23 this
1495 1608 130 23 settlement
1644 1607 66 24 could
1729 1608 26 22 be
1773 1608 89 31 applied

1277 1642 96 25 towards
1384 1641 123 32 supplying
1526 1649 13 15 a
1556 1641 67 22 small
1642 1646 102 24 steamer,
1765 1641 97 23 suitable

1276 1676 36 24 for
1323 1676 37 22 the
1373 1682 111 24 purposes
1496 1674 24 24 of
1530 1682 13 15 a
1555 1679 41 25 tug
1607 1674 35 23 for
1651 1674 85 23 vessels
1747 1675 113 31 frequent-

1277 1710 40 30 ing
1328 1709 44 22 this
1384 1714 58 26 port,
1454 1707 45 24 and
1510 1708 48 23 also
1569 1707 36 24 for
1621 1707 38 24 the
1680 1715 141 23 conveyance
1840 1708 25 23 of

1277 1743 79 31 goods,
1368 1743 109 30 produce,
1487 1742 44 22 and
1542 1749 136 23 passengers
1697 1741 101 24 between
1816 1742 47 22 this

1279 1782 50 26 port
1341 1776 44 23 and
1398 1783 41 15 our
1452 1775 110 31 tributary
1575 1774 149 29 settlements,
1744 1775 43 23 and
1807 1775 56 23 such

1280 1810 75 23 others
1365 1816 25 16 as
1402 1809 28 23 do
1442 1816 40 16 uot
1500 1816 91 21 possess
1609 1808 38 23 the
1665 1808 125 31 advantage
1811 1808 25 24 of
1851 1816 13 15 a

1278 1844 98 23 harbour
1388 1841 124 24 accessible
1524 1847 22 17 to
1558 1842 89 30 foreign
1666 1841 46 23 and
1732 1843 133 29 immigrant

1281 1877 93 23 vessels.

1313 1910 25 24 If
1354 1917 44 23 any
1410 1909 111 23 deviation
1533 1909 60 22 from
1604 1908 39 23 the
1655 1909 105 30 specified
1777 1910 86 31 objects

1280 1943 27 24 be
1328 1943 131 24 admissible
1478 1944 23 21 in
1524 1941 38 23 the
1584 1942 167 31 appropriation
1774 1944 24 22 of
1826 1943 38 23 the

1281 1977 67 24 funds
1370 1976 113 23 iutrusted
1503 1980 22 17 to
1549 1975 37 22 the
1609 1976 125 30 Company,
1758 1979 107 29 accruing

1281 2011 58 23 from
1351 2010 37 23 the
1400 2010 111 31 purchase
1520 2008 26 23 of
1555 2008 73 28 lands,
1640 2016 31 15 we
1682 2010 71 24 would
1761 2017 102 24 suggest,

1281 2044 23 23 in
1316 2044 114 23 reference
1442 2048 22 17 to
1477 2042 37 22 the
1526 2041 56 22 fund
1594 2041 72 23 which
1678 2042 20 22 is
1710 2048 34 17 set
1755 2049 64 25 apart
1831 2044 34 23 for

1283 2078 36 22 the
1332 2076 129 24 institution
1474 2077 27 21 of
1513 2082 15 15 a
1539 2074 86 31 college
1637 2074 23 23 in
1671 2074 46 24 this
1729 2077 136 29 settlement,

1283 2112 47 22 that
1341 2111 18 22 it
1372 2109 72 23 would
1464 2109 27 22 be
1511 2116 63 15 more
1591 2108 141 32 beneficially
1751 2111 115 29 expended

1282 2145 24 23 in
1318 2143 150 30 establishing
1479 2141 89 23 schools
1581 2149 61 22 upou
1654 2142 37 22 the
1702 2144 121 30 principles
1845 2145 24 23 of

1284 2179 36 22 the
1334 2179 45 22 Iree
1391 2177 92 22 schools
1494 2176 23 22 in
1530 2174 117 31 England,
1659 2176 23 21 in
1692 2177 72 22 which
1772 2185 14 14 a
1793 2178 75 23 useful

1283 2211 44 23 and
1339 2210 80 24 liberal
1430 2210 120 22 education
1563 2208 75 23 suited
1657 2213 22 18 to
1699 2210 37 23 the
1755 2217 70 17 wants
1845 2212 25 22 of

1283 2250 91 26 parents
1387 2244 22 23 in
1423 2243 45 24 this
1482 2241 129 24 settlement
1625 2243 72 22 would
1720 2244 26 23 be
1767 2244 100 24 afforded

1285 2285 21 17 to
1320 2279 38 23 the
1372 2277 103 24 children
1492 2276 25 22 of
1532 2275 31 23 all
1580 2276 101 24 resident
1701 2278 96 31 original
1815 2279 53 23 land

1283 2312 145 32 purchasers,
1438 2311 50 22 who
1502 2309 81 23 should
1595 2309 27 22 be
1634 2312 138 29 empowered
1781 2316 21 19 to
1812 2312 57 23 elect

1283 2347 58 23 from
1365 2348 107 27 amongst
1495 2342 136 24 themselves
1654 2351 14 14 a
1691 2345 127 24 committee
1846 2346 23 22 of

1284 2382 159 28 management
1463 2377 35 23 for
1518 2377 59 22 such
1589 2376 98 32 schools,
1700 2384 22 17 at
1734 2379 74 24 whose
1820 2378 48 23 dis-

1285 2415 85 22 cretion
1381 2412 59 23 their
1452 2411 138 30 advantages
1609 2410 83 25 should
1710 2413 28 23 be
1757 2413 112 23 extended

1285 2451 22 19 to
1320 2447 85 24 others.

1318 2481 42 23 We
1369 2479 45 32 beg
1431 2479 63 23 leave
1508 2483 22 18 to
1542 2477 44 23 call
1602 2486 57 23 your
1668 2481 110 23 attention
1798 2484 21 19 to
1832 2479 38 24 the

1285 2514 88 31 subject
1384 2514 26 23 of
1418 2512 146 23 remittances
1576 2517 22 18 to
1611 2512 45 24 this
1667 2514 130 23 settlement
1804 2523 5 19 ;
1829 2513 41 24 be-

1285 2548 84 30 lieving
1380 2554 25 16 as
1417 2554 32 15 we
1463 2545 27 23 do
1503 2545 55 30 that,
1574 2545 53 24 both
1647 2547 23 23 in
1683 2547 80 31 regard
1784 2552 22 18 to
1818 2554 52 16 eco-

1285 2589 68 23 nomy
1365 2580 25 23 of
1406 2580 37 23 the
1461 2578 69 23 funds
1550 2579 45 24 and
1616 2578 37 25 the
1669 2582 107 22 interests
1793 2581 25 23 of
1833 2581 37 22 the

1286 2615 115 28 colonists,
1420 2614 53 29 they
1485 2620 53 23 may
1551 2613 28 23 be
1602 2620 61 18 more
1681 2613 190 32 advantageously

1286 2648 64 23 made
1362 2649 24 22 in
1397 2648 76 30 specie
1487 2646 55 24 than
1555 2646 99 32 through
1665 2648 38 23 the
1721 2653 90 26 present
1822 2656 49 15 me-

1286 2683 62 22 dium
1360 2681 25 23 of
1400 2688 13 16 a
1423 2681 109 23 fictitious
1553 2688 110 24 currency
1675 2686 40 18 not
1732 2681 140 24 redeemable

1287 2723 29 16 on
1327 2714 105 24 demand.
1469 2713 48 29 Or,-
1525 2713 83 24 should
1619 2714 45 24 this
1682 2719 40 19 not
1739 2715 29 23 be
1781 2714 92 24 deemed

1287 2749 127 31 expedient,
1428 2755 28 16 an
1469 2752 160 26 arrangement
1640 2748 73 30 might
1724 2748 108 31 probably
1845 2748 28 23 be

1287 2783 64 23 made
1363 2783 54 22 with
1431 2782 37 22 the
1480 2782 101 30 existing
1591 2789 26 15 or
1628 2789 63 16 some
1703 2782 63 23 other
1780 2781 60 24 bank
1851 2786 22 19 to

1286 2817 81 22 relieve
1381 2815 36 24 the
1431 2814 107 24 colonists
1549 2814 59 24 from
1626 2815 37 23 the
1676 2815 81 30 charge
1769 2820 22 18 to
1800 2815 75 24 which

1287 2850 53 30 }hey
1352 2857 38 16 are
1402 2854 23 18 at
1436 2853 93 26 present
1541 2848 115 32 subjected
1668 2850 25 22 in
1705 2849 130 30 converting
1844 2849 30 23 its

1287 2888 64 19 notes
1369 2884 48 22 into
1430 2882 75 31 specie
1513 2891 7 20 ;
1541 2882 38 23 the
1591 2887 93 26 present
1700 2887 84 26 system
1797 2883 24 23 of
1836 2889 38 16 re-

1287 2918 107 22 mittance
1416 2916 117 31 involving
1552 2924 14 15 a
1577 2916 82 31 charge
1671 2921 23 19 to
1706 2916 32 24 all
1755 2916 84 31 parties
1852 2915 25 24 of

1287 2958 35 16 no.
1328 2950 46 24 less
1386 2950 55 23 than
1454 2950 37 23 six
1503 2957 40 23 per
1554 2954 60 19 cent.

1321 2984 43 24 We
1377 2983 104 24 consider
1492 2984 18 22 it
1529 2984 125 31 important
1665 2984 50 23 that
1725 2983 31 23 all
1767 2987 108 19 accounts

1288 3017 25 24 of
1330 3018 37 24 the
1380 3017 149 32 expenditure
1541 3017 25 23 of
1584 3017 39 24 the
1635 3017 69 24 funds
1721 3017 102 31 supplied
1845 3017 31 31 by

1288 3052 38 24 the
1337 3052 54 24 land
1402 3051 137 32 purchasers
1550 3050 28 24 be
1588 3051 123 23 submitted
1723 3055 22 19 to
1755 3056 43 18 two
1811 3050 65 24 audi-

1289 3090 54 24 tors,
1355 3085 123 33 appointed
1490 3085 29 31 by
1532 3085 38 23 the
1582 3085 98 31 original
1697 3085 101 23 resident
1809 3084 67 23 land-

1289 3118 90 25 holders
1391 3119 59 23 from
1462 3123 107 26 amongst
1580 3118 60 24 their
1650 3126 49 16 own
1711 3118 69 31 body.

1322 3153 71 29 Such,
1414 3152 139 32 gentlemen,
1565 3153 20 22 is
1605 3160 14 15 a
1630 3152 61 24 brief
1708 3151 81 25 sketch
1801 3151 24 24 of
1838 3151 39 24 the

1289 3187 103 30 opinions
1403 3186 89 24 formed
1511 3186 31 31 by
1553 3192 57 24 your
1623 3186 127 24 committee
1763 3191 59 25 upon
1838 3184 39 24 the

1289 3219 86 24 several
1395 3219 101 33 subjects
1509 3219 49 23 that
1577 3219 59 24 have
1653 3219 98 24 hitherto
1769 3219 108 31 occupied

1289 3253 59 24 their
1367 3254 121 27 attention,
1501 3252 45 24 and
1563 3252 36 24 for
1620 3253 38 24 the
1677 3253 166 23 consideration
1856 3252 23 23 of

1288 3287 72 24 which
1370 3295 58 23 your
1435 3286 135 25 attendance
1576 3287 43 23 has
1628 3287 114 23 nowbeen
1748 3285 128 33 requested.

1323 3320 82 24 March
1418 3322 24 23 6.
1444 3333 36 5 —
1480 3320 66 24 Read
1558 3320 45 24 and
1615 3320 106 32 adopted.

1539 3354 158 25 Frederick
1715 3354 129 27 Tuc&ett,

1635 3394 123 24 Chairman
1765 3400 46 23 pro
1823 3394 53 21 tern.

2141 3112 121 21 DUTIES.

1905 3139 100 22 British
2016 3139 90 21 Spirits
2320 3137 33 20 4s.
2361 3142 41 20 per
2410 3133 83 28 gallon.

1905 3166 106 22 Foreign
2023 3165 55 22 ditto
2320 3163 32 20 ss.
2362 3168 40 21 per
2409 3161 84 26 gallon.

1905 3194 106 21 Tobacco
2021 3191 176 26 manufactured,
2324 3189 28 21 Is.
2361 3194 41 21 per
2410 3187 30 23 lb.

2019 3217 206 24 Unmanufactured
2320 3215 36 21 t*d.
2367 3219 40 22 per
2414 3214 30 22 lb.

1905 3248 76 21 Snuff
2320 3241 120 28 2s.perlb.
2453 3250 5 4 •

1905 3274 88 22 Cioars
2322 3268 120 29 2s.perlb.

1905 3301 83 21 Wines
2313 3296 26 22 15
2352 3302 41 21 per
2401 3299 57 19 cent.

1905 3328 56 25 Tea,
1976 3327 83 25 Sugar,
2076 3325 88 26 Flour,
2182 3323 116 35 Wheat,]

1924 3353 45 22 and
1978 3353 63 21 other
2051 3352 88 26 Grain,
2150 3352 14 20 5
2173 3357 39 22 per
2221 3354 60 19 cent.
2294 3347 4 25 I
2339 3365 16 22 d
2363 3365 105 22 ralorem#

1905 3380 40 22 All
1954 3379 64 22 other
2026 3379 106 21 Foreign
2139 3377 143 28 productions
2293 3375 13 37 f
2365 3375 103 12 valorem,

1919 3406 44 22 and
1969 3406 167 22 manufactures
2144 3406 26 21 10
2173 3412 43 21 'per
2223 3409 57 18 cent.
2287 3401 12 31 J

2108 3432 188 25 EXCHANGE.

1905 3473 69 23 B-
1983 3473 49 23 WU.
2042 3481 28 15 on
2082 3473 97 23 London
2210 3460 91 56 {»£
2303 3460 190 56 £*&S£2

1907 3514 36 23 On
1952 3514 89 28 Sydney
2331 3516 72 22 Ditto.

1907 3542 90 22 Private
2006 3542 50 21 bills
2307 3542 113 23 Nominal.

1928 3586 40 17 The
1979 3586 48 17 New
2037 3586 101 17 Zxaxand
2150 3587 92 17 GazCttE
2249 3587 37 18 and
2295 3587 136 18 ■VVellimgton
2442 3588 54 16 Sp«o

1905 3608 89 16 tatojUs
2000 3607 98 22 published
2105 3612 55 17 every
2166 3608 114 22 Wednesday
2291 3609 37 17 and
2338 3609 94 20 Saturday.
2452 3607 43 17 Sub-

1905 3629 64 21 joined
1975 3633 32 13 are
2013 3629 31 17 the
2050 3630 67 16 terras:
2118 3637 23 4 —

1929 3650 64 17 Pares
2001 3654 24 13 ox
2031 3654 41 13 thx
2080 3650 98 17 Papkr.—
2178 3650 55 21 Forty
2237 3650 86 21 shillings
2327 3654 34 17 par
2371 3654 74 16 annum,
2454 3652 42 18 pay-

1906 3671 43 17 able
1955 3671 21 17 in
1981 3671 82 17 advance
2067 3676 5 16 ;
2083 3676 21 12 or
2110 3672 87 20 sixpence
2203 3671 29 17 for
2237 3671 60 21 single
2308 3673 93 15 numbers.

1928 3691 105 21 AlTbrders,
2044 3692 160 19 advertisements,
2214 3693 38 16 and
2263 3693 163 16 communications
2437 3695 17 13 to
2465 3691 29 16 the

1906 3714 73 20 Editor,
1985 3718 31 12 are
2021 3714 99 20 requested
2125 3714 20 16 to
2152 3714 22 16 be
2179 3713 100 17 addressed
2284 3714 21 16 to
2310 3713 38 17 this
2355 3713 61 17 Office.

1929 3734 158 17 Advertisements
2094 3734 38 18 wQI
2138 3735 33 16 not
2178 3739 66 16 appear
2253 3734 21 17 in
2284 3735 33 16 the
2326 3739 80 16 ensuing
2415 3733 74 17 number

1906 3755 19 17 if
1933 3755 85 17 received
2023 3755 47 17 later
2075 3755 47 17 than
2132 3756 24 16 TO
2160 3755 75 20 o'clock,
2242 3760 49 15 a.m.,
2298 3760 24 12 on
2330 3756 30 16 the
2367 3754 91 21 mornings
2465 3753 30 16 bo-

1907 3777 39 17 fore
1960 3777 119 21 publication.
2101 3776 159 17 Advertisements
2273 3776 39 17 will
2322 3777 22 16 be
2355 3775 97 18 continued
2459 3772 34 19 and

1908 3798 79 21 charged
1998 3798 48 16 until
2055 3798 167 19 counter-ordered;
2235 3798 46 16 such
2287 3797 53 19 order
2346 3798 51 16 must
2402 3797 22 16 be
2431 3797 39 15 sent
2477 3796 17 14 to

1907 3819 33 17 the
1949 3819 56 16 Office
2018 3820 33 15 two
2071 3816 48 23 days'
2135 3818 61 17 before
2205 3818 121 21 publication,
2337 3818 36 17 and
2384 3818 49 17 must
2442 3817 22 16 be
2473 3815 20 16 in

1908 3840 80 21 writing.
2011 3839 158 17 Advertisements
2183 3839 82 17 received
2283 3838 53 23 ttfter
2353 3839 21 17 10
2390 3838 66 17 o'olock
2471 3840 22 12 on

1908 3861 85 20 Tuesday
2005 3861 36 16 and
2051 3860 68 21 Friday
2129 3860 95 22 mornings
2235 3859 38 18 will
2282 3861 24 16 be
2317 3859 78 21 charged
2406 3861 50 14 twice
2465 3857 29 16 the

1908 3882 56 17 usual
1967 3883 56 15 rates.

2057 3917 76 17 Printed
2147 3917 38 17 and
2196 3917 100 21 published
2313 3920 54 17 every
2384 3915 112 19 Wednesday

1930 3939 91 21 morning,
2033 3939 25 20 by
2076 3939 86 16 Samujel
2178 3939 29 16 Re
2208 3942 58 14 vans,
2284 3939 19 16 at
2319 3937 31 18 the
2366 3937 54 16 Office
2437 3936 20 17 of
2467 3938 29 13 tne

1932 3960 47 17 New
1994 3960 98 16 Zealand
2103 3960 94 15 Gazitti.
2205 3963 46 12 and
2265 3958 135 17 Wellington
2416 3958 80 16 Specta-

1930 3986 44 12 tor.
1982 3981 161 19 <Mann«n-»tr**ti
2152 3979 116 21 Wellington,
2282 3979 44 17 Port
2339 3979 104 20 NiohoTion,
2456 3979 40 16 N«it

1932 4002 84 16 Zetland.

1289 3461 221 24 WHOLESALE
1539 3461 126 24 PRICES
1700 3459 173 26 CURRENT.

1880 146 101 22 Coffee:
1992 146 63 27 Java,
2065 153 41 21 per
2113 146 32 22 lb.
2159 159 46 7 ....
2222 146 15 21 0
2264 146 15 19 0
2305 146 82 20 3..0
2412 146 14 20 0
2450 148 17 19 0

1880 174 103 21 Cheese:
1999 174 105 21 Cheshire
2130 186 75 7 ......
2222 173 15 20 0
2265 172 12 19 1
2304 173 15 20 4
2337 184 19 7 ..
2373 173 15 19 0
2415 172 11 21 1
2454 174 14 19 6

1997 198 55 23 Pine
2062 198 75 28 Apple
2159 213 45 7 ....
2223 200 14 20 0
2265 198 12 21 1
2305 198 13 21 2
2336 212 19 6 ..
2372 200 15 19 0
2414 200 14 19 0
2453 200 14 20 Q

1999 224 75 23 Dutch
2224 227 14 20 0
2265 226 14 20 0
2307 224 13 21 8
2337 238 19 7 ..
2374 226 14 19 0
2414 226 14 19 0
2442 226 26 21 10

1988 251 31 22 N.
2029 252 26 22 Z.
2066 252 71 31 perlb
2221 254 14 19 0
2264 252 10 21 1
2303 252 14 20 6
2335 266 20 5 ..
2372 252 15 20 0
2414 252 15 21 0
2454 254 14 20 0

1880 280 107 22 Candles
1994 286 6 15 :
2007 278 95 27 English
2108 285 58 21 wax,
2173 285 39 21 per

2023 304 23 23 lb
2221 307 15 20 0
2263 306 14 20 2
2304 306 13 19 3
2335 318 19 7 ..
2372 306 15 19 0
2414 305 14 20 3
2454 307 14 19 9

1990 332 77 28 Sperm
2222 334 14 19 0
2264 333 11 20 1
2292 332 26 21 10
2335 344 20 7 ..
2372 332 15 20 0
2414 332 14 19 3
2455 334 14 19 0

1989 358 80 23 Mould
2222 360 14 20 0
2263 360 14 20 0
2304 358 14 21 6
2335 372 19 6 ..
2372 359 15 20 0
2414 359 14 19 0
2454 359 14 20 8

1991 386 55 27 Dips
2221 387 15 20 0
2262 387 15 20 0
2303 384 14 21 5
2335 398 19 7 ..
2372 386 14 19 0
2414 386 15 19 0
2454 386 14 19 0
2483 400 5 7 ,

1881 413 94 23 Floor:
1984 414 35 20 Ist
2023 412 94 27 quality,
2128 414 82 24 perton

2004 438 134 23 of2ooolbs
2208 438 25 21 15
2261 440 13 19 0
2302 440 14 19 0
2335 438 51 21 ..16
2415 439 14 20 0
2455 440 13 20 0

1980 466 46 22 2nd
2035 465 57 22 ditto
2223 466 15 20 0
2265 468 13 19 0
2305 467 50 19 0..
2374 467 15 19 0
2415 466 14 20 0
2455 468 14 19 0

1881 494 77 22 Flax:
1974 493 29 22 N.
2014 493 24 22 Z.
2048 499 41 21 per
2099 495 38 18 ton
2161 491 75 21 ....15
2264 493 14 20 0
2305 493 14 20 0
2337 506 19 7 ..
2372 493 16 20 0
2414 492 14 21 0
2454 493 14 20 0

1909 520 73 22 Do.—
1984 527 28 14 on
2019 518 97 23 board—
2117 518 117 27 pressedl7
2262 520 14 19 0
2303 518 14 21 0
2335 532 20 7 ..
2371 519 15 20 0
2412 520 14 19 0
2453 520 14 20 C

1883 547 61 22 Gin:
1965 547 53 22 Pale
2033 547 26 21 in
2068 545 62 22 bond
2225 546 14 19 0
2266 546 14 20 3
2308 546 13 20 6
2338 559 18 6 ..
2374 546 14 20 0
2414 545 14 20 S
2455 547 14 19 6

1933 574 62 26 Case,
2003 575 14 20 4
2023 573 36 27 gal
2067 574 39 20 4-5
2114 572 25 22 in
2149 571 61 22 bond
2225 572 10 19 1
2265 572 13 20 0
2306 573 13 20 0
2337 586 19 6 ..
2374 572 12 19 1
2414 572 14 20 5
2455 574 13 19 0

1883 600 82 23 HaAs:
1980 599 129 28 Yorkshire,
2125 598 85 28 perlb.
2225 600 14 20 0
2267 600 13 19 0
2308 598 13 21 5
2339 612 18 7 ..
2375 600 14 20 0
2415 600 14 19 0
2454 600 13 20 7

1965 628 30 21 N.
2007 627 24 22 Z.
2043 626 72 28 perlb
2226 627 14 20 0
2267 626 14 20 0
2309 626 14 20 0
2340 640 18 5 ..
2377 626 14 21 0
2416 626 15 20 0
2457 626 13 20 5

1883 654 116 22 Mustard
2006 661 5 14 :
2026 654 43 21 Per
2078 653 72 22 dozen
2163 667 45 6 ....
2226 652 55 22 016
2309 654 14 19 0
2339 667 5 6 .
2352 667 6 6 .
2376 652 54 21 018
2458 654 13 19 0

1883 682 103 21 Mutton
1993 689 6 14 :
2019 681 94 22 Carcase
2122 687 41 21 per
2172 679 22 22 lb
2205 696 6 5 .
2226 681 14 20 0
2267 681 14 19 0
2309 680 13 21 7
2339 694 5 5 .
2351 694 6 6 .
2376 680 13 20 0
2416 680 14 20 0
2457 680 14 21 9

1883 708 124 22 Muskets:
2022 707 93 22 Walnut
2121 706 93 23 stocked
2227 708 14 19 0
2255 706 26 21 15
2309 708 13 19 0
2339 720 19 7 ..
2378 707 11 20 1
2417 708 14 19 0
2459 708 13 19 0

1883 735 78 22 Milk:
1978 735 98 27 Perpint
2226 735 14 19 0
2267 734 14 20 0
2308 734 13 19 2
2339 747 19 6 ..
2376 734 14 19 0
2416 734 14 19 0
2456 734 14 19 3

1883 762 94 22 Maize:
1993 769 38 21 per
2041 761 79 22 bushel
2226 762 14 19 0
2267 761 14 20 3
2309 761 13 20 0
2341 774 19 7 ..
2377 761 14 19 0
2417 760 14 20 3
2459 761 13 19 6

1884 790 44 21 Oil
1935 797 6 13 :
1957 788 103 26 Linseed,
2069 795 42 21 per
2119 788 76 27 gallon
2205 789 35 20 .0
2267 788 14 20 6
2309 788 13 20 6
2340 801 6 6 .
2352 801 6 7 .
2377 788 14 20 0
2418 786 13 21 7
2459 788 13 19 6

1958 815 283 27 Black,incask,pertonlß
2269 815 14 20 0
2310 815 14 20 0
2341 814 50 21 ..20
2418 814 14 19 0
2459 815 14 18 0

1993 841 77 29 Spend
2208 842 28 21 50
2264 842 12 19 0
2306 842 12 19 0
2336 840 51 23 ..75
2415 842 13 17 0
2457 841 12 18 0

1884 871 77 21 Pork:
1976 870 76 26 Fresh,
2070 876 90 14 carcase
2175 876 39 20 per

2001 897 22 21 lb
2226 897 13 20 0
2267 897 13 20 0
2308 897 13 20 0
2340 909 18 6 ..
2376 896 14 19 0
2418 896 14 19 0
2459 895 14 21 4

1885 924 64 21 Pork
1956 931 5 14 :
1977 923 65 27 Irish,
2052 930 42 20 per
2103 922 75 22 barrel
2190 936 5 6 .
2202 936 6 7 .
2227 924 14 19 0
2268 923 14 20 0
2310 924 13 18 0
2341 936 5 5 .
2354 936 6 5 .
2377 922 56 21 410
2460 923 13 19 0

1965 950 31 22 N.
2007 950 17 20 Z
2225 950 13 19 2
2254 950 26 20 10
2307 950 13 19 0
2337 962 19 6 ..
2375 949 14 20 3
2416 949 14 20 0
2457 950 12 19 0

1885 977 132 21 Potatoes:
2036 976 58 21 New
2107 975 108 26 Zoaland,

2062 1009 39 20 per
2111 1005 39 18 ton
2227 1002 14 20 4
2269 1003 14 19 0
2311 1003 14 20 0
2341 1015 6 7 .
2354 1015 6 7 .
2378 1003 14 19 6
2419 1003 13 20 0
2460 1005 11 17 0

1887 1030 93 22 Porter
1990 1037 5 13 :
2024 1029 103 25 Dunbar,
2139 1028 24 21 in
2172 1028 43 22 bot.

2054 1062 39 20 per
2104 1056 42 21 doz
2229 1057 13 18 0
2270 1056 13 19 9
2311 1056 81 21 0..0
2407 1056 26 20 12
2459 1058 12 19 6

1996 1083 84 27 Bryant
2090 1082 46 21 and
2146 1082 69 21 Davis
2229 1083 14 19 0
2271 1085 12 18 y
2311 1084 15 19 0
2342 1096 6 6 .
2355 1096 6 7 .
2380 1083 53 21 012
2461 1086 11 17 U

1887 1110 99 22 Pickles
1997 1117 6 14 :
2033 1108 117 28 Assois»ed,
2181 1116 38 20 per

2059 1136 69 27 doz.,j
2142 1139 75 24 quart
2217 1139 15 24 3
2231 1137 14 20 0
2260 1136 25 20 15
2313 1137 14 20 0
2343 1150 19 6 ..
2381 1137 14 21 0
2409 1136 26 22 17
2461 1138 12 19 0

1888 1164 74 22 Pitch
1974 1171 6 14 :
2013 1163 138 27 Stockholm,
2181 1170 39 20 per
2462 1183 8 8 t

2035 1190 73 22 barrel
2231 1191 14 21 2
2272 1191 14 21 0
2314 1191 13 20 0
2344 1204 18 6 ..
2381 1191 14 21 0
2421 1192 12 20 0
2461 1193 14 19 0

1888 1218 81 22 Plank
1977 1225 5 14 :
2012 1218 53 21 Port
2087 1217 132 27 Nicholson,

2036 1251 40 20 per
2085 1245 41 21 100
2135 1244 47 22 feet
2194 1246 52 19 ..0
2273 1245 14 20 6
2315 1245 13 20 0
2345 1258 18 6 ..
2381 1246 14 20 0
2410 1245 24 20 10
2461 1248 12 17 0

1888 1271 70 22 Rice:
1971 1271 109 22 Common
2089 1278 41 21 per
2135 1274 49 18 cwt.
2196 1285 18 7 ..
2233 1273 14 19 0
2262 1273 25 19 lv
2316 1273 13 19 0
2346 1285 18 6 ..
2383 1273 13 19 0
2422 1274 13 18 0
2462 1275 13 18 0

1971 1298 65 22 Good
2233 1301 12 19 0
2261 1299 25 19 15
2316 1299 48 19 0..
2382 1300 13 19 0
2422 1299 13 20 0
2462 1301 13 19 0

1889 1326 54 22 Rum
1951 1333 5 14 :
1975 1325 24 22 P.
2010 1325 24 21 B.
2045 1325 34 25 P.,
2095 1332 40 20 per
2144 1325 75 26 gallon

2010 1353 21 20 in
2047 1352 62 22 bond
2234 1354 13 20 0
2274 1353 14 20 4
2315 1353 13 20 3
2346 1365 18 7 ..
2383 1353 13 20 0
2422 1354 13 20 0
2461 1355 14 19 0

1889 1379 88 22 Sugar:
1996 1379 118 22 Mauritius
2124 1386 41 20 per
2173 1383 48 18 cwt.
2236 1381 14 19 0
2278 1381 13 19 0
2318 1380 49 20 0..
2399 1386 55 14 none

1999 1407 79 21 Brown
2094 1405 55 22 ditto
2231 1407 14 20 0
2273 1408 14 19 0
2314 1407 80 19 0..0
2421 1408 13 19 0
2461 1409 13 18 0

2000 1433 95 22 Refined
2111 1433 54 27 loaf,
2182 1440 39 21 per

2024 1461 21 20 lb
2234 1463 14 19 0
2275 1461 13 20 0
2316 1460 12 20 5
2346 1474 18 6 ..
2383 1462 13 18 0
2422 1461 13 20 0
2462 1463 14 19 6

2001 1487 95 22 Manilla
2114 1494 40 20 per
2168 1490 47 18 cwt.
2233 1488 11 21 1
2273 1489 14 19 0
2315 1489 13 19 0
2344 1501 19 6 ..
2383 1488 8 20 1
2424 1489 51 20 16

1890 1515 72 21 Salt:
1979 1514 127 28 Liverpool,
2116 1521 41 21 per
2166 1517 39 19 ton
2213 1515 34 21 .15
2275 1516 14 20 0
2316 1515 12 20 0
2346 1514 50 21 ..18
2422 1516 14 20 0
2462 1516 14 20 0

1890 1543 59 21 Soap
1958 1549 5 14 :
1992 1541 102 21 Hawes's
2117 1541 103 26 London,

2018 1571 84 24 perton
2219 1569 28 20 40
2274 1570 14 19 0
2316 1570 13 18 0
2346 1582 18 6 ..
2383 1570 13 20 0
2423 1570 13 18 0
2465 1572 11 18 0

2009 1595 119 27 Liverpool
2219 1595 28 21 35
2275 1597 13 20 0
2316 1597 14 19 0
2346 1609 18 6 ..
2382 1597 14 19 0
2422 1597 13 19 0
2464 1599 12 18 0

1890 1623 104 22 Starch:
2011 1622 73 22 Perlb
2235 1624 14 20 0
2276 1623 15 20 0
2316 1623 13 20 5
2347 1636 18 6 ..
2384 1623 13 21 0
2424 1624 12 20 0
2464 1625 14 19 0

1890 1651 143 21 Scantling:
2048 1649 45 21 Per
2100 1651 41 20 100
2149 1649 67 22 feet..
2236 1651 14 19 0
2276 1650 14 20 6
2318 1651 12 19 0
2348 1663 18 6 ..
2385 1651 13 19 0
2425 1651 13 20 8
2466 1652 12 19 0

1890 1678 129 21 Shingles:
2034 1676 44 22 Per
2085 1677 62 26 1000,
2156 1677 29 21 N.
2194 1677 25 21 Z.
2235 1678 14 20 0
2276 1678 13 20 6
2317 1678 13 19 0
2347 1691 18 5 ..
2384 1678 13 20 0
2412 1677 26 21 10
2466 1679 12 19 0

2021 1703 71 28 Ditto,
2113 1703 29 22 V.
2154 1704 29 22 D.
2194 1703 26 23 L.
2235 1705 13 20 0
2276 1705 14 20 0
2317 1705 13 19 0
2348 1718 4 6 .
2360 1718 5 6 .
2384 1705 53 20 012
2464 1706 14 19 0

1890 1732 51 21 Tar
1948 1739 5 14 :
1969 1731 55 22 Coal
2236 1732 11 19 1
2276 1733 13 19 0
2317 1732 13 19 0
2348 1745 5 5 .
2360 1745 6 6 .
2386 1731 10 19 1
2425 1731 13 21 5
2466 1733 12 19 0

1974 1757 128 23 Stockholm
2237 1759 13 20 2
2278 1760 12 18 0
2318 1759 80 20 0..0
2426 1759 12 20 0
2466 1760 13 19 0

1891 1786 48 21 Tea
1948 1793 6 14 :
1963 1785 80 27 Hyson
2048 1785 57 26 skin,
2111 1792 41 20 per
2161 1785 62 21 chest
2237 1786 14 20 4
2278 1786 13 20 0
2318 1786 14 20 0
2348 1799 19 6 ..
2386 1786 13 20 6
2426 1786 12 20 6
2466 1787 14 18 0

1966 1813 94 26 Congou
2236 1814 14 19 8
2278 1814 13 19 0
2318 1812 80 21 0..13
2425 1814 13 19 0
2464 1814 15 19 0

1891 1840 106 21 Tobacco
2005 1847 6 14 :
2024 1839 143 27 Negrohead,
2184 1846 40 19 per

2049 1866 31 21 lb.
2094 1866 24 21 in
2135 1865 70 28 bond,
2236 1868 14 19 0
2278 1867 10 20 1
2318 1868 14 19 6
2348 1880 18 6 ..
2386 1868 12 19 0
2427 1867 10 20 1
2466 1868 13 19 9

1892 1893 163 22 Turpentine:
2071 1893 146 26 Pergallon..
2236 1895 14 19 0
2278 1894 13 21 7
2318 1895 14 19 6
2349 1907 18 6 ..
2387 1895 13 19 0
2427 1895 12 19 8
2467 1895 13 19 0

1893 1920 160 21 Whalebone:
2070 1920 43 21 Per
2123 1924 38 17 ton
2173 1921 92 20 ....100
2278 1922 14 19 0
2319 1922 13 19 0
2350 1921 64 20 ..120
2428 1922 12 19 0
2469 1922 12 19 0

1894 1947 81 22 Wine:
1991 1948 88 26 Sherry,
2090 1954 40 20 per
2139 1946 50 28 pipe
2200 1949 51 20 ..20
2278 1950 13 19 0
2319 1949 13 19 0
2349 1950 51 18 ..40
2427 1949 13 19 0
2469 1949 12 18 0

2003 1974 68 27 Ditto,
2088 1981 40 20 per
2142 1973 80 22 dozen.
2239 1975 9 20 1
2278 1976 13 19 0
2319 1976 13 19 0
2349 1988 18 6 ..
2386 1975 14 20 2
2428 1976 12 19 0
2469 1978 12 16 0

2002 2001 59 27 Port,
2072 2008 41 20 per
2122 2000 54 28 pipe-
2198 2002 50 21 ..25
2276 2003 14 20 0
2317 2003 13 20 0
2347 2002 51 20 ..40
2425 2003 13 20 0
2466 2004 14 17 0

2068 2035 41 19 per
2119 2028 49 20 doz.
2198 2042 5 5 .
2211 2042 5 5 .
2237 2030 11 19 1
2276 2030 14 19 0
2317 2030 14 19 0
2348 2042 5 5 .
2360 2041 6 6 .
2385 2030 13 18 2
2403 2032 9 8 '
2424 2030 14 17 0
2466 2030 14 17 0

2003 2054 151 28 Champagne,
2168 2053 55 22 ditto
2238 2056 14 20 0
2278 2056 14 19 0
2319 2055 13 20 0
2349 2068 18 5 ..
2386 2055 14 20 0
2427 2055 13 20 C
2468 2056 13 18 0

2004 2081 74 22 Claret
2239 2083 14 20 0
2268 2082 26 21 10
2321 2082 13 20 0
2351 2094 18 7 ..
2389 2083 13 18 0
2429 2082 13 20 0
2469 2084 13 17 0

1895 2110 121 21 Poultry:
2031 2108 80 27 Fowls,
2119 2115 40 20 per
2165 2108 48 27 pair
2219 2124 6 5 .
2240 2110 14 20 0
2281 2110 13 19 3
2321 2109 14 19 6
2352 2122 18 5 ..
2389 2109 14 19 0
2429 2107 12 21 fi
2470 2110 13 18 0

2031 2136 84 26 Ducks,
2127 2135 55 22 ditto
2202 2137 52 19 ..0
2280 2136 14 19 5
2321 2136 14 20 0
2352 2149 18 6 ..
2389 2136 13 19 0
2429 2136 13 19 8
2470 2137 12 17 0

2032 2162 79 27 Geese,
2123 2162 57 21 each
2201 2177 19 6 ..
2239 2164 14 20 0
2268 2163 25 20 10
2320 2164 14 19 0
2351 2176 18 6 ..
2388 2162 52 21 012
2470 2165 12 17 0

2030 2189 110 27 Turkeys,
2151 2189 55 22 each
2243 2191 9 20 1
2282 2191 13 19 0
2323 2191 12 18 0
2354 2202 18 6 ..
2393 2190 9 20 1
2430 2189 12 20 5
2471 2192 12 17 0

2147 2216 78 26 (wild,)

2057 2251 42 20 per
2107 2243 49 28 pair
2241 2245 14 20 0
2281 2245 13 18 0
2323 2245 80 20 0..0
2431 2245 11 18 0
2470 2245 13 18 0

2031 2270 86 27 Ducks,
2125 2270 36 22 do.
2173 2270 51 22 do..
2242 2272 13 19 0
2282 2271 13 20 5
2323 2272 14 19 0
2355 2284 17 6 ..
2391 2272 14 19 0
2431 2272 12 19 0
2471 2271 13 20 0

1897 2300 73 20 Eggs:
1989 2299 42 21 Per
2040 2298 72 21 dozen
2243 2299 14 19 0
2285 2298 9 21 1
2325 2298 13 20 6
2355 2311 18 6 ..
2392 2299 13 18 0
2432 2299 12 19 0
2471 2299 14 18 0

1897 2328 78 20 Cows:
1991 2325 70 23 Milch
2231 2326 25 19 12
2284 2326 13 20 0
2324 2326 13 19 0
2355 2326 50 20 ..20
2431 2326 12 19 0
2472 2327 13 17 0

1898 2354 96 21 Mares:
2010 2352 74 22 Brood
2228 2354 27 19 20
2283 2354 13 19 0
2324 2354 13 18 0
2355 2353 50 20 ..70
2431 2354 12 18 0
2472 2354 12 17 (>

1900 2381 114 21 Working
2031 2380 133 21 Bullocks:
2188 2379 43 21 Per

1923 2408 50 27 pair
2229 2407 28 20 30
2285 2407 13 20 0
2325 2407 14 20 0
2356 2406 49 21 ..35
2433 2407 12 19 0
2472 2406 13 19 0

1899 2434 63 22 Hire
1974 2441 26 15 of
2012 2441 65 14 ditto
2085 2441 5 13 :
2107 2433 43 22 Per
2158 2433 50 27 day,
2217 2440 14 14 a

1925 2466 60 17 team
1995 2460 45 22 and
2047 2460 74 22 driver
2244 2461 13 20 0
2273 2460 24 21 15
2327 2461 12 19 0
2356 2474 18 6 ..
2393 2461 14 20 0
2433 2462 12 18 0
2473 2461 12 18 0

1899 2489 87 21 Sheep:
2003 2487 61 22 Each
2243 2489 13 19 0
2271 2488 25 19 15
2325 2489 13 19 0
2355 2500 19 7 ..
2394 2488 9 19 1
2431 2488 12 19 5
2472 2488 13 19 0

1900 2517 61 20 Moat
1974 2515 71 21 Hire:
2062 2514 99 27 Perday,
2167 2514 64 21 with-

2089 2545 40 17 out
2141 2540 85 22 hands.
2242 2543 14 19 0
2271 2542 26 20 10
2325 2543 13 19 0
2356 2555 18 6 ..
2395 2541 9 20 1
2434 2543 12 18 0
2474 2541 12 19 0

1900 2569 98 22 Wages:
2027 2568 140 26 Mechanics,
2193 2575 40 20 per

2059 2595 43 27 day
2125 2596 48 19 ....*
2245 2597 13 19 0
2285 2597 14 19 6
2327 2597 48 19 0..
2394 2597 14 19 0
2435 2597 12 19 8
2475 2597 13 19 0

2036 2623 125 21 Labourers
2180 2623 77 20 ....0
2284 2623 13 21 3
2326 2623 81 21 0..0
2434 2624 11 18 5
2475 2624 13 18 0

1899 2651 81 22 Bark:
1997 2650 28 22 N.
2036 2649 26 22 Z.
2074 2652 87 24 perton
2239 2651 13 19 3
2280 2651 14 19 0
2321 2651 14 19 0
2353 2663 19 6 ..
2388 2650 15 20 4
2429 2651 13 19 0
2469 2651 14 19 0

1900 2679 79 20 Black
1989 2677 50 21 Dye
2047 2676 49 22 :N.
2105 2676 25 22 Z.
2139 2679 85 24 perton
2239 2677 13 20 5
2280 2678 14 20 0
2321 2677 14 20 0
2353 2690 17 6 ..
2390 2677 14 20 6
2430 2678 13 19 0
2471 2677 14 20 0

1900 2705 86 21 Wool:
2003 2703 64 23 N.Z.
2079 2703 72 27 perlb
2240 2705 14 19 0
2280 2705 14 19 0
2321 2704 83 20 9..0
2433 2705 9 19 1
2472 2705 13 19 0

1900 2732 94 22 Timber
2001 2738 6 14 :
2031 2731 29 21 N.
2081 2730 26 22 Z.
2118 2729 112 23 furniture

1928 2765 39 20 per
1979 2759 39 20 100
2026 2757 45 22 feet
2243 2759 14 19 2
2285 2759 14 19 0
2327 2759 49 19 0..
2394 2758 14 20 2
2422 2759 26 19 10
2475 2759 13 19 0

1902 2786 123 22 Cordage:
2034 2784 94 27 English
2134 2791 40 20 per
2181 2787 48 19 cwt.
2245 2785 13 21 3
2285 2784 13 20 5
2327 2785 13 20 0
2358 2797 18 7 ..
2396 2786 14 20 0
2436 2785 13 20 0
2476 2786 14 19 0

2028 2811 62 23 N.Z.
2096 2812 95 21 without
2196 2815 36 17 tar
2245 2812 14 20 3
2287 2813 14 19 0
2328 2812 14 20 0
2360 2825 19 6 ..
2396 2813 14 19 0
2436 2813 14 19 0
2476 2813 14 19 0

1902 2839 118 22 Canvass:
2034 2846 40 19 per
2089 2838 48 22 bolt
2248 2839 9 20 1
2274 2838 26 22 15
2328 2839 14 20 0
2360 2851 19 8 ..
2397 2839 13 21 2
2436 2839 13 20 5
2478 2839 13 20 0

1902 2867 106 21 Copper:
2023 2866 104 27 sheeting
2146 2872 40 21 per
2199 2865 30 22 lb.
2247 2868 13 20 0
2288 2867 11 20 1
2328 2866 14 20 6
2360 2879 19 6 ..
2397 2867 13 20 0
2435 2867 15 19 O
2478 2867 14 19 0

2021 2893 63 22 Bolts
2247 2895 13 20 0
2288 2893 10 21 1
2328 2894 50 20 9..
2397 2894 13 20 0
2437 2894 13 20 0
2478 2893 14 20 0

2020 2921 64 21 Nails
2247 2922 13 20 0
2287 2919 13 21 5
2328 2921 50 19 0..
2397 2921 13 19 0
2438 2921 13 19 6
2479 2920 13 20 0

1902 2948 80 21 Lead:
2000 2947 62 22 sheet
2070 2955 41 20 per
2121 2950 40 19 ton
2181 2949 77 20 ....30
2285 2949 14 19 0
2327 2948 12 20 0
2359 2947 49 21 ..35
2436 2947 14 21 0
2478 2947 13 20 0

1903 2975 60 22 Iron
1972 2982 5 14 :
1991 2975 92 27 English
2094 2975 40 22 bar
2144 2982 41 20 per
2194 2978 37 18 ton
2236 2976 26 20 14
2289 2976 13 19 0
2330 2975 13 20 0
2361 2987 18 7 ..
2398 2975 14 19 0
2438 2975 13 19 0
2480 2975 13 19 0

1986 2999 66 30 Hoop
2062 3007 85 23 perton
2231 3002 26 21 25
2286 3002 13 20 0
2327 3002 13 20 0
2358 3014 19 7 ..
2396 3002 13 20 0
2436 3001 13 21 0
2477 3001 14 19 0

1904 3029 45 22 Oil
1961 3029 76 22 Butts
2047 3037 5 14 :
2077 3029 115 22 Gordon's
2212 3036 25 15 or

2049 3056 71 23 Mills'
2128 3063 40 20 per
2178 3056 53 27 imp.

2048 3088 41 17 tun
2245 3084 14 20 3
2287 3084 14 19 0
2328 3084 13 19 0
2358 3095 19 7 ..
2395 3082 13 20 3
2423 3081 25 21 15
2478 3081 14 19 0

1388 3501 134 15 CORRECTED
1538 3502 30 14 UP
1582 3502 28 14 TO
1625 3501 56 15 LAST
1697 3499 80 16 NIGHT.

1632 3520 17 17 jS
1670 3524 16 13 I.
1710 3519 19 17 d.
1783 3518 18 18 £
1846 3530 3 4 .
1867 3519 10 16 d

1289 3546 174 30 ALE:perhhd
1632 3548 14 20 0
1672 3548 14 19 0
1714 3548 14 19 0
1745 3559 18 7 ..
1783 3546 14 21 0
1823 3546 14 21 0
1865 3546 13 20 0

1465 3586 41 20 per
1510 3578 102 22 barrel..
1631 3580 15 20 0
1672 3580 14 19 0
1715 3580 13 20 0
1745 3592 19 7 ..
1783 3579 14 20 0
1823 3580 15 20 0
1865 3581 14 19 0

1465 3610 90 26 perdoz
1633 3610 52 21 011
1716 3612 14 20 0
1747 3624 17 7 ..
1784 3612 53 20 013
1866 3613 13 20 0

1369 3638 29 22 N.
1409 3638 25 22 Z.
1446 3644 41 21 per
1495 3636 77 27 gallon
1591 3651 6 6 .
1604 3651 5 6 .
1629 3638 15 20 0
1670 3638 14 21 2
1712 3639 14 20 0
1745 3652 5 5 .
1757 3652 5 6 .
1781 3640 14 19 0
1822 3640 14 19 0
1866 3640 14 20 0

1289 3668 98 21 Arrack.
1395 3673 6 14 :
1417 3665 45 22 Per
1470 3665 44 25 gal.
1524 3664 25 21 in
1558 3663 62 23 bond
1634 3665 14 20 0
1677 3665 11 20 1
1716 3666 14 20 6
1747 3679 5 7 .
1759 3679 6 6 .
1783 3667 14 20 0
1823 3668 15 19 2
1865 3671 14 19 o

1288 3694 94 23 Bread:
1397 3692 44 23 Per
1449 3690 46 23 2lb.
1507 3690 50 23 loaf
1635 3693 14 20 0
1676 3693 14 20 0
1717 3693 13 20 5
1748 3706 18 7 ..
1784 3694 15 20 0
1825 3695 14 20 0
1866 3694 15 21 6

1288 3722 74 22 Beef:
1378 3718 78 28 Fresh,
1475 3725 91 16 carcase
1579 3724 43 21 per

1404 3746 24 22 lb
1630 3747 14 20 0
1671 3746 13 20 0
1714 3748 13 20 8
1745 3761 18 6 ..
1783 3749 14 20 0
1823 3749 15 21 0
1853 3748 25 21 11

1397 3773 55 27 Salt,
1462 3779 41 21 per
1515 3772 69 22 tierce
1597 3786 19 7 ..
1636 3774 11 20 1
1663 3774 27 21 10
1717 3776 81 21 0.-3
1825 3776 14 20 0
1865 3777 14 19 0

1288 3803 95 22 Butter
1390 3807 5 15 :
1413 3799 66 28 Irish,
1489 3807 41 20 per
1538 3799 31 23 lb.
1594 3814 5 6 .
1606 3814 7 6 .
1632 3802 14 20 0
1673 3802 14 20 0
1716 3802 13 21 9
1747 3816 5 6 .
1759 3816 5 7 .
1783 3804 14 19 0
1826 3803 11 20 1
1867 3803 14 20 0

1409 3826 71 23 Fresh
1636 3829 14 20 0
1678 3830 10 19 1
1717 3830 14 20 6
1749 3843 17 6 ..
1785 3830 14 20 0
1826 3830 14 20 0
1867 3830 15 20 0

1289 3857 111 21 Brandy:
1416 3854 60 22 Firit
1482 3853 93 28 quality,
1582 3861 41 20 per

1437 3880 78 28 gallon
1524 3880 25 22 in
1559 3880 62 23 bond
1634 3883 15 20 0
1676 3882 13 21 5
1717 3885 14 19 0
1748 3897 5 6 .
1760 3897 6 6 .
1784 3885 15 19 0
1825 3882 14 22 7
1867 3884 14 20 6

1288 3910 85 23 Brown
1394 3909 89 22 Stout:
1508 3915 41 21 per
1562 3907 54 23 hhd.
1632 3909 14 21 5
1673 3911 15 20 0
1715 3911 13 21 0
1745 3924 19 7 ..
1785 3911 54 21 610
1867 3911 14 20 0

1289 3938 87 22 Cigars
1385 3944 5 14 :
1403 3935 104 28 Manilla,
1514 3942 41 20 per
1560 3936 62 27 1000,

1436 3962 28 22 in
1473 3962 60 22 bond
1635 3964 14 20 2
1677 3965 14 20 0
1717 3965 14 20 0
1749 3977 17 7 ..
1785 3965 14 20 3
1826 3965 14 21 0
1867 3966 14 20 0

1399 3989 217 28 GhinfiurahperlOO
1637 3991 11 20 1
1677 3991 15 20 0
1719 3992 15 20 0
1749 4004 19 8 ..
1785 3993 15 19 0
1826 3992 14 20 0
1867 3993 15 20 0
