2540 4029
98 1143 44 23 We
152 1143 108 26 consider,
267 1143 38 24 the
319 1143 118 32 Company
447 1144 60 24 have
517 1145 57 23 been
585 1145 66 32 hasty

63 1178 25 23 in
105 1176 121 32 admitting
247 1176 51 24 that
319 1176 72 25 there-
406 1178 21 23 is
449 1183 41 18 not
512 1186 62 16 more
597 1179 54 24 than

64 1212 91 26 25,000
173 1218 63 15 acres
256 1210 26 23 of
302 1211 155 31 immediately
473 1211 110 25 available
597 1212 54 24 land

63 1244 24 23 in
98 1242 38 25 the
148 1243 186 31 neighbourhood
342 1244 25 23 of
376 1244 58 24 Port
442 1244 136 26 Nicholson.
608 1246 43 24 We

63 1284 38 16 are
114 1277 123 23 convinced
249 1277 49 23 that
310 1281 23 19 at
344 1277 59 24 least
414 1280 93 27 30,000
525 1286 63 17 acres
606 1280 45 23 will

63 1310 29 23 be
98 1309 71 24 found
180 1310 24 23 in
215 1310 40 23 the
268 1310 68 29 Hutt,
350 1311 45 24 and
407 1314 93 26 50,000
517 1313 26 22 in
552 1312 40 24 the
604 1313 46 23 dis-

63 1344 52 23 trict
124 1343 103 23 between
237 1343 47 24 this
296 1344 45 24 and
350 1344 39 24 the
400 1345 89 23 further
505 1353 48 16 arm
573 1347 24 22 of
613 1346 38 24 the

63 1376 105 25 Porirua.
205 1376 52 24 Our
268 1378 162 30 acquaintance
441 1378 56 24 with
513 1378 38 24 the
563 1380 88 31 subject

63 1409 92 25 renders
165 1417 28 16 us
206 1410 114 23 confident
327 1409 49 25 that
382 1418 34 16 we
423 1411 58 24 have
489 1412 73 24 under
565 1413 85 24 -stated

63 1443 38 24 the
120 1444 111 30 quantity.
273 1443 36 24 To
329 1444 45 23 this
392 1449 63 19 must
471 1445 29 24 be
519 1446 73 24 added
611 1446 38 24 the

62 1476 64 24 lands
138 1481 23 18 at
172 1476 124 31 Wyderop,
308 1477 25 23 in
343 1477 98 24 Palliser
449 1478 59 31 Bay.
545 1479 29 24 In
582 1479 67 24 look-

61 1510 40 31 ing
113 1517 29 24 up
159 1509 38 24 the
214 1509 118 32 Wyderop
349 1510 83 32 valley,
450 1519 30 16 no
499 1511 53 24 hills
571 1514 23 22 in
612 1513 37 23 the

63 1543 99 23 distance
173 1550 42 16 can
230 1543 30 23 be
280 1551 62 22 seen,
366 1544 46 24 and
434 1543 38 25 the
494 1545 59 24 river
576 1546 73 24 which

63 1584 54 16 runs
128 1576 99 31 through
237 1577 27 28 it,
277 1577 20 23 is
309 1576 105 25 declared
424 1582 23 19 to
454 1578 37 29 be,
500 1578 30 31 by
537 1587 14 15 a
558 1587 90 24 compe-

61 1615 49 19 tant
122 1609 80 32 judge,
214 1611 104 30 superior
329 1615 23 19 to
364 1611 39 23 the
425 1611 131 31 Wanganui
576 1613 68 24 river.

61 1643 138 24 Lieutenant
206 1648 2 5 '
220 1643 59 24 Best
294 1643 46 24 last
357 1651 55 23 year
430 1644 105 25 declared
552 1646 29 23 he
604 1646 44 24 had

62 1684 54 16 seen
136 1679 94 26 50,000
247 1684 63 16 acres
331 1677 25 23 of
376 1678 61 31 good
458 1677 55 25 land
531 1679 66 24 when
618 1679 30 24 he

61 1710 86 27 visited.
164 1710 101 24 Palliser
286 1710 65 31 Bay;
380 1711 63 29 here,
456 1711 62 30 then^
531 1720 34 16 we
589 1713 57 23 have

63 1746 106 25 130,000
181 1743 153 32 immediately
346 1745 25 22 in
382 1752 41 16 our
435 1745 194 30 neighbourhood.

93 1776 50 25 The
162 1776 96 32 fertility
277 1777 24 24 of
322 1777 39 24 the
382 1778 55 23 land
453 1783 83 20 connot
553 1780 28 23 be
599 1780 46 23 dis-

60 1811 83 33 puted;
157 1811 45 23 and
213 1811 51 31 day,
268 1811 32 31 by
311 1810 44 32 day
366 1811 38 24 the
416 1813 93 30 opinion
525 1813 23 24 in
566 1813 79 24 favour

61 1845 25 24 of
100 1844 174 23 well-timbered
284 1843 54 24 land
350 1844 19 23 is
383 1845 125 31 improved.
548 1846 25 25 A
592 1855 53 23 very

59 1880 41 23 few
111 1885 65 24 years
188 1877 45 24 will
244 1877 49 24 find
304 1877 39 25 the
355 1877 92 32 highest
458 1880 63 31 price
526 1897 4 3 .
539 1880 53 31 paid
611 1881 34 23 for

59 1912 49 24 that
118 1910 62 25 kind-
187 1910 24 25 of
225 1910 68 25 land/

93 1945 49 24 The
155 1944 120 31 Company
285 1948 47 20 met
349 1944 97 31 Captain
464 1945 119 25 Hohson's
600 1955 45 15 un-

61 1978 128 25 favourable
202 1978 123 23 assertions
336 1978 70 24 about
418 1978 38 25 the
474 1978 99 25 harbour
591 1981 53 23 with

59 2011 133 24 undeniable
201 2010 133 28 facis^-aud
343 2018 26 16 as
381 2011 38 23 the
433 2011 119 33 Company
563 2014 81 22 antici-

59 2044 74 33 pated,
164 2044 98 30 Captain
291 2043 100 24 Hobson
419 2044 42 24 has
483 2045 104 32 changed
608 2047 36 23 his

59 2078 91 35 opinion
158 2084 60 25 upon
230 2077 100 31 visiting'
338 2077 59 24 Port
414 2077 138 28 Nicholson,

57 2116 97 27 greatest
162 2111 126 31 advantage
298 2118 34 16 we
348 2111 92 24 derived
458 2112 59 24 from
534 2113 37 23 his
590 2121 53 24 pre-

58 2152 73 21 sence,
150 2152 45 16 was
213 2144 40 23 the
269 2144 118 24 increased
409 2145 131 25 confidence
561 2147 25 23 in
606 2147 38 24 the

58 2178 90 24 wisdom
160 2178 26 23 of
199 2177 38 24 the
249 2177 116 29 selection,
385 2178 75 24 which
479 2187 64 16 arose
564 2184 39 20 out
621 2181 24 23 of

58 2212 37 24 the
113 2211 142 32 expressions
274 2211 29 24 he
320 2211 91 25 littered
420 2221 6 20 ;
446 2213 152 31 expressions,
611 2222 33 16 we

59 2245 91 28 believe,
162 2253 33 15 we
206 2252 39 15 are
263 2245 127 24 warranted
407 2246 30 23 in'
450 2246 117 32 declaring
585 2255 59 16 were

59 2279 143 24 enthusiastic
213 2279 24 23 in
249 2278 114 24 reference
375 2283 24 19 to
411 2278 40 24 the
461 2281 81 31 merits
553 2281 25 23 of
604 2281 39 24 the

59 2312 69 31 place.

88 2345 42 24 We
141 2345 86 24 believe
238 2345 40 24 the
299 2345 119 24 Governor
436 2354 71 16 never
524 2352 60 19 went
601 2347 40 24 be-

56 2379 58 31 yond
124 2378 149 32 Wellington.
308 2379 49 24 Mr.
378 2378 85 25 Felton
481 2380 109 30 Mathew,
604 2382 37 23 the

58 2412 230 31 Surveyor-General,
304 2420 47 23 pro
363 2415 60 27 tern.,
442 2415 162 30 accompanied
611 2416 30 30 by

55 2445 35 24 his
100 2446 59 32 lady,
171 2445 113 24 ascended
293 2445 39 24 the
344 2445 204 26 Ki-warra-warra
558 2448 49 29 hill,
618 2453 23 19 to

56 2479 66 24 select
127 2488 13 14 a
148 2479 155 24 Government
310 2479 100 24 domain.
447 2479 40 25 He
494 2481 41 23 has
543 2481 98 25 selected

56 2513 18 23 it
82 2512 69 30 there,
168 2512 44 24 and
232 2512 73 32 spoke
327 2513 24 23 in
373 2512 57 32 high
453 2515 74 30 praise
551 2515 25 23 of
602 2516 39 24 the

56 2546 68 31 place.
157 2545 45 25 We
212 2546 60 24 have
282 2545 75 25 stated
367 2546 61 24 what
443 2547 39 24 the
500 2552 66 28 party
582 2550 56 29 said,

56 2580 42 23 and
105 2580 73 23 where
190 2580 53 30 they
254 2584 60 19 went
326 2580 66 23 while
399 2580 62 30 here,
475 2589 25 16 as
510 2590 13 15 a
533 2583 69 30 guide
616 2588 25 19 to-

56 2620 38 16 our
103 2612 85 24 friends
199 2614 24 22 in
235 2613 117 32 England,
364 2613 25 24 in
411 2622 52 16 case
482 2615 53 31 they
555 2615 82 26 should

56 2645 54 24 have
120 2650 23 21 to
152 2646 64 32 reply
226 2650 24 20 to
260 2654 45 24 any
315 2655 63 16 more
389 2648 68 31 hasty
467 2648 45 24 and
523 2650 115 31 unjustifi-

56 2679 46 24 able
114 2679 140 32 despatches.

220 2718 40 22 the
276 2719 58 22 close
351 2719 26 22 of
394 2720 87 27 March,
500 2721 62 23 Lord
576 2723 61 23 John

55 2744 83 23 Russell
143 2746 100 21 received
249 2753 13 14 a
267 2746 163 27 dispatchfrom
435 2748 94 27 Captain
534 2749 101 24 Hobson.

54 2772 21 21 in
81 2772 442 28 whichhestatesthatyourharbourwas
529 2777 109 23 rendered

54 2798 76 22 almost
135 2799 83 22 useless
225 2799 59 22 from
288 2800 29 21 its
326 2803 77 19 extent
410 2801 46 22 and
461 2801 39 23 the
505 2802 54 28 high
567 2805 60 21 wind
630 2814 5 18 ;

53 2826 121 27 permitting
181 2826 188 22 communication
375 2827 54 22 with
439 2828 61 28 ships
510 2829 40 23 but
559 2838 29 14 on
594 2831 43 22 few

53 2853 116 22 occasions.
186 2852 126 22 Thatthere
320 2860 58 15 were
383 2857 41 19 not
428 2862 63 15 more
499 2855 53 23 than
559 2859 78 25 25,000

53 2886 57 16 acres
119 2881 26 21 of
153 2879 54 23 land
215 2880 25 21 in
250 2879 32 22 its.
292 2879 197 30 neighbourhood;
505 2883 49 22 that
559 2884 25 22 -it
594 2892 43 15 was

52 2906 21 22 in
91 2906 109 23 detached
216 2906 118 27 portions,,
349 2907 113 28 unfertile,
481 2909 46 22 and
545 2910 92 29 densely

53 2933 90 23 covered
153 2933 56 22 -with
223 2933 71 22 wood.
316 2933 81 23 .There
411 2942 57 15 were
484 2935 46 23 also
545 2937 92 28 charges

53 2961 81 26 against
143 2960 38 22 the
192 2961 122 26 Company.

163 2987 103 22 Colonial
284 2987 111 27 Minister,
415 2988 55 22 with
487 2996 14 15 a
517 2990 120 30 becoming

53 3013 57 28 spirit
119 3015 26 21 of
151 3014 88 28 justice,
254 3010 155 35 immediately
418 3015 124 24 forwarded
555 3025 15 14 a
580 3026 56 21 copy

53 3040 22 22 of
84 3041 36 22 the
129 3041 101 28 dispatch
244 3041 76 22 to-.the.
329 3041 72 24 New.*
401 3041 102 24 Zealand
512 3045 122 31 Company,

52 3067 67 23 which
133 3069 12 21 I
154 3076 38 14 am
204 3067 92 23 assured
308 3068 73 23 called
395 3069 60 23 forth
470 3077 30 15 an
514 3071 121 24 admirable

53 3094 64 27 reply.
150 3111 17 5 ..
234 3113 3 3 .
272 3095 4 2 '
333 3109 4 18 ;
341 3113 4 9 ,

171 3125 57 19 state
242 3121 50 23 that
305 3125 60 19 most
378 3123 27 22 of
416 3123 94 28 Captain
521 3125 113 24 Hobson's

54 3147 84 29 charges
147 3156 57 15 were
217 3156 25 14 so
252 3155 79 21 vague.
334 3156 25 16 as
371 3153 24 18 to
409 3150 28 22 be
451 3153 181 29 unanswerable;

53 3180 60 20 prove
124 3175 79 28 others,
217 3176 31 27 by
257 3177 116 22 reference
383 3179 24 19 to
416 3177 70 28 dates,
500 3181 21 19 to
531 3179 28 22 be
569 3179 65 30 hasty

53 3201 41 23 and
106 3203 155 22 unwarranted
269 3211 6 20 ;
289 3203 47 22 and
343 3203 61 28 .they
414 3203 51 23 deal
474 3205 53 22 with
540 3207 55 22 such
609 3216 25 15 as

54 3234 39 16 are)
96 3229 86 26 specific
190 3230 24 23 in
223 3237 14 15 a
245 3230 109 28 masterly
362 3238 103 16 manner.
640 3249 1 8 ;

98 3255 61 29 They
167 3259 60 20 meet
239 3257 40 22 the
287 3257 82 28 charge
383 3259 89 26 against
483 3259 39 22 the
534 3260 98 25 harbour
640 3277 1 6 ,

51 3280 27 27 by
84 3283 91 27 sending
180 3284 24 22 in
211 3291 13 15 a
231 3291 57 21 copy
294 3285 26 21 of
327 3285 94 26 Captain
430 3285 106 24 Chaffers'
543 3295 87 21 survey,

51 3308 41 22 and
96 3309 40 23 call
145 3311 109 23 attention
263 3314 24 20 to
297 3311 41 23 .the
349 3311 121 23 difference
483 3313 101 25 between
594 3316 38 23 the

51 3338 58 20 outer
117 3337 47 22 and.
169 3337 38 23 the
215 3338 67 23 inner
289 3338 99 23 harbour
418 3347 24 14 or
452 3339 113 25 Lambton
574 3343 56 27 Bay,

50 3361 67 23 where
126 3363 135 29 Wellington
270 3365 19 22 is
304 3366 103 23 situated.
439 3367 65 28 They
513 3371 56 20 state
584 3370 48 23 that

50 3388 34 22 the
99 3391 107 27 emigrant
220 3392 84 22 vessels
319 3393 134 28 discharged
467 3401 62 16 more
541 3397 89 28 rqpidly

49 3415 143 25 thanvestels'
196 3426 57 15 were
263 3426 52 15 ever
328 3419 84 24 known
421 3421 77 22 before
508 3425 23 19 to
541 3422 30 23 do
584 3427 24 19 at
617 3432 14 15 a

50 3447 45 17 new
103 3444 124 24 settlement
232 3454 6 19 ;
250 3446 44 22 and
305 3446 54 28 they
365 3447 75 23 clinch
446 3448 38 22 the
492 3449 138 24 vindication

49 3474 21 15 w
82 3469 36 23 the
133 3470 114 24 harbour's
262 3473 85 28 merits,
361 3474 31 28 by
405 3475 136 29 forwarding
553 3478 77 23 letters

49 3497 51 21 itoxa
110 3497 90 28 Captain
209 3499 94 28 Wilson,
312 3500 27 22 of
350 3501 38 22 the
400 3503 101 27 Oriental,
512 3503 45 24 and
566 3505 62 27 Capt.

50 3524 112 28 Campbell,
173 3526 26 21 of
202 3540 3 8 ,
209 3526 37 23 the
255 3528 108 22 Adelaide.
392 3528 69 23 Their
474 3531 121 27 testimony
604 3533 24 22 in

84 3551 101 23 favouria
195 3553 25 21 of
230 3554 39 21 the
283 3558 111 22 strongest
403 3559 93 25 nature;
511 3558 45 23 and
566 3560 61 27 Capt.

49 3579 107 24 Campbell
162 3579 104 28 declares,
275 3588 60 20 upon
344 3582 60 28 forty
413 3584 73 26 years'
496 3586 132 26 experience

49 3607 21 15 m
79 3605 68 21 which
155 3605 28 22 he
192 3605 40 23 has
242 3607 82 22 visited
332 3608 115 27 harbour?,
460 3611 25 22 in
495 3611 31 23 all
533 3617 61 23 parts
605 3614 26 22 of

49 3632 34 18 the
101 3632 75 27 world,
198 3633 28 22 he
244 3633 41 23 has
307 3641 70 16 never
395 3636 80 23 visited
493 3645 15 15 a
529 3638 99 25 harbour

49 3661 92 20 superior
150 3661 22 19 to
183 3659 51 23 Port
243 3661 131 22 Nicholson,

49 3706 44 14 ij
114 3683 26 37 V
166 3693 36 15 oin
202 3694 14 20 P
218 3694 28 14 an
247 3695 15 20 y
273 3688 70 22 admit
351 3688 49 23 that
413 3690 59 22 their
481 3691 144 25 information

49 3712 18 30 f?
69 3712 35 18 ads
117 3712 59 22 *hem
190 3716 22 19 to
225 3714 87 22 believe
327 3715 49 22 that
390 3715 63 23 there
468 3725 38 14 are
514 3722 40 19 not
566 3727 61 15 more

49 3739 48 17 than
106 3739 74 26 25,000
186 3747 61 15 acres
258 3741 24 22 of
288 3741 55 22 land
356 3742 155 30 immediately
517 3746 110 24 available

47 3764 22 18 m
83 3764 34 20 the
133 3765 180 28 neighbourhood
328 3768 26 22 of
369 3769 54 24 Pout
437 3770 131 30 Nicholson,
587 3774 40 22 but

47 3792 53 18 Veter
113 3794 21 18 to
148 3792 36 22 the
198 3793 102 28 splendid
313 3796 145 26 agricultural
474 3798 65 23 lands
553 3799 72 23 which

48 3819 32 16 are
94 3819 92 21 situated
199 3823 21 19 to
231 3821 39 22 the
280 3821 73 22 North
363 3822 29 22 of
402 3830 58 20 your
473 3824 60 23 Port.
562 3826 64 27 They

47 3845 65 19 assert
123 3844 37 22 the
173 3846 92 34 fertility
279 3849 26 21 of
315 3856 57 20 your
384 3849 48 27 soil,
447 3850 47 22 and
508 3854 56 20 state
578 3853 53 23 that'

47 3895 9 13 t
82 3894 18 14 v
112 3876 21 32 *j
136 3878 10 14 e
156 3879 65 22 many
227 3881 21 14 w
288 3876 76 21 consid
380 3883 11 14 r
399 3876 35 22 for
435 3880 34 19 est
477 3877 54 23 land
540 3885 14 15 a
562 3879 65 29 thing

47 3899 21 15 to
84 3902 26 17 q&
121 3899 99 28 desired,,
228 3901 47 22 and
286 3901 54 28 they
356 3903 121 27 anticipate
494 3904 37 23 the
549 3907 77 23 period

48 3922 59 21 when
120 3923 38 23 the
170 3930 77 24 export
257 3928 26 22 of
290 3935 57 21 your
360 3930 65 22 wood
439 3930 44 22 will
498 3931 27 22 be
540 3939 29 15 an
583 3934 42 22 im-

47 3951 82 23 portant
140 3951 81 26 branch
237 3955 26 21 of
273 3962 56 20 your
346 3956 70 22 trade.
444 3957 49 22 The
510 3959 115 28 Company

682 3638 50 24 Mn.
754 3640 125 28 Editor,
879 3642 29 22 ln
928 3651 57 19 your
1002 3645 45 22 last
1065 3646 108 24 number.
1185 3647 60 26 (18th

655 3668 71 25 Sept.)
741 3675 45 20 you
797 3668 75 23 allude
881 3669 81 28 briefly
971 3674 23 18 to
1009 3679 29 15 an
1056 3673 76 22 article
1148 3674 97 21 inserted

654 3699 23 16 in
688 3701 57 19 your
760 3702 70 21 paper
845 3697 27 21 of
885 3696 38 22 the
940 3697 39 23 4th
990 3699 138 28 September,
1164 3708 29 14 on
1209 3701 36 21 the

654 3721 87 27 subject
761 3722 26 21 of
802 3723 135 28 protecting-
948 3725 38 22 the

654 3748 84 26 stating
747 3748 49 23 that
804 3758 45 19 you
865 3751 45 21 had
928 3752 56 22 been
1000 3753 114 22 informed
1126 3754 49 21 that
1184 3762 61 14 some

654 3779 25 16 or
686 3774 38 22 the
735 3775 52 22 data
794 3777 24 22 in
834 3778 50 22 that
893 3779 77 21 article
980 3786 58 16 were
1048 3781 116 21 incorrect.
1194 3781 51 22 You

654 3801 46 21 also
710 3802 75 23 allude
802 3808 22 18 to
840 3812 15 14 a
868 3805 130 28 gentleman
1016 3814 51 14 now
1077 3807 23 21 in
1112 3807 37 21 the
1159 3807 86 28 Colony

654 3828 74 23 whose
740 3829 132 30 knowledge
885 3832 27 21 of
924 3831 38 22 the
970 3834 90 20 natural
1072 3833 86 27 history
1169 3835 27 20 of
1206 3835 38 21 the

653 3854 71 23 whale
741 3856 20 22 is
780 3857 136 23 understood
936 3861 23 19 to
976 3860 29 20 be
1022 3859 160 28 considerable,
1199 3861 45 22 and

653 3883 130 27 suggesting
790 3883 37 23 the
837 3885 113 26 propriety
961 3886 25 21 of
992 3887 130 26 requesting
1132 3887 49 22 that
1189 3895 55 20 gen-

653 3908 85 22 tleman
754 3913 29 19 to,
790 3911 51 26 give
856 3918 14 14 a
884 3911 44 22 few
944 3912 95 27 popular
1053 3913 96 22 lectures
1163 3922 28 13 on
1207 3915 36 21 the

653 3935 93 27 subject.
775 3936 64 27 First,
851 3938 119 27 regarding
979 3938 37 22 the
1029 3944 137 18 correctness
1176 3948 25 14 or
1210 3942 34 21 in-

653 3966 137 19 correctneas
808 3965 24 21 of
846 3964 37 22 tlu
893 3969 132 18 statements
1035 3967 23 21 in
1077 3974 56 20 your
1150 3969 93 26 original

1390 3770 197 23 ENGLISH
1611 3770 128 23 NEWS.

1292 3801 41 18 The
1340 3802 82 17 weather
1429 3801 105 18 continued
1541 3805 46 17 very
1594 3801 48 20 cold,
1650 3806 21 13 as
1679 3806 44 17 may
1730 3802 23 17 be
1760 3802 99 23 imagined

1272 3822 49 18 from
1329 3822 33 18 the
1369 3822 139 18 circumstance
1516 3822 22 18 of
1547 3822 32 18 the
1590 3823 57 17 Great
1658 3822 84 18 Western
1749 3823 20 17 in
1777 3824 34 18 her
1816 3824 43 22 May

1272 3847 79 19 passage
1359 3843 59 23 being
1429 3844 55 17 three
1495 3844 48 21 days
1556 3843 69 21 sailing;
1637 3848 70 18 among-
1718 3844 92 25 icebergs,
1822 3845 37 17 and

1272 3864 70 22 having:
1356 3865 48 17 been
1417 3865 76 19 obliged
1507 3869 49 13 even
1570 3866 20 16 to
1603 3862 48 20 alter
1662 3864 35 18 her
1708 3869 67 14 courie
1781 3861 37 22 Teat
1826 3867 33 16 she

1271 3886 69 18 should
1347 3886 24 17 be
1376 3885 110 18 imbedded.
1516 3886 61 16 There
1589 3885 93 22 appeared
1693 3887 21 16 to
1726 3886 23 18 be
1761 3891 12 13 a
1786 3888 73 21 regular

1271 3907 44 17 field
1322 3908 21 16 of
1353 3907 30 17 ice
1389 3911 22 13 v
1419 3907 28 17 far
1455 3906 57 18 couth
1520 3911 22 13 as
1550 3906 80 18 latitude
1637 3908 21 15 42
1666 3906 24 17 N.

1291 3928 42 18 The
1338 3928 74 22 foreign
1420 3932 50 13 news
1483 3932 39 12 wan
1537 3928 139 20 unimportant.
1705 3928 40 18 The
1759 3928 99 18 American

1271 3949 94 23 Congress
1375 3953 38 13 wai
1422 3951 18 15 to
1449 3951 49 15 meet
1512 3949 30 17 for
1554 3953 10 13 a
1577 3948 69 21 spttial
1658 3949 73 18 geision
1744 3954 24 13 on
1785 3950 31 17 the
1832 3952 26 15 Ist

1271 3971 51 21 May.

1988 1603 110 23 NEWS
2129 1603 112 24 FROM
2274 1604 134 23 CHINA.

2017 1641 64 20 (From
2088 1642 30 16 the
2126 1641 73 18 Canton
2207 1643 88 21 Register
2302 1643 77 19 Extra.)

1927 1668 76 20 Macao,
2011 1669 98 19 TuSay>
2117 1670 46 16 Max
2171 1671 25 18 25,
2206 1671 44 15 1811.
2274 1670 44 16 Tbis
2323 1670 82 20 morning
2412 1674 27 11 we
2444 1670 45 16 have

1905 1689 44 16 been
1956 1689 86 17 favoured
2050 1691 43 16 with
2100 1695 49 12 more
2157 1691 77 16 detailed
2239 1691 111 20 intelligence
2357 1691 20 16 of
2387 1692 30 15 the
2426 1693 64 14 events

1905 1710 21 16 of
1933 1710 35 16 last
1979 1710 64 21 Friday
2055 1712 35 16 and
2102 1712 86 20 Saturday
2201 1712 42 16 thai
2252 1716 26 12 we
2290 1712 92 20 possessed
2393 1712 53 16 when
2459 1713 29 15 tlie

1905 1733 65 14 matter
1977 1731 19 16 of
2005 1732 74 20 to-day's
2088 1732 86 22 Register
2185 1737 33 12 was
2227 1733 90 20 prepared,
2326 1733 56 16 whmh
2391 1736 26 13 we
2426 1733 64 16 hasten

1905 1754 18 14 to
1931 1752 66 16 euomit
2006 1756 17 12 to
2030 1757 32 12 our
2072 1756 70 14 readers
2149 1754 19 16 in
2176 1758 23 12 an
2207 1757 56 13 extra.

1926 1773 37 16 The
1978 1773 33 16 last
2026 1774 20 16 of
2062 1775 31 15 the
2109 1775 68 15 British
2192 1775 102 15 merchants
2308 1776 30 19 got
2350 1778 23 12 on
2387 1774 55 16 board
2457 1774 30 16 ths

1905 1794 86 16 schooner
1998 1794 75 17 Aurora
2079 1796 54 15 ahout
2141 1796 46 15 dusk
2196 1800 22 12 on
2231 1796 64 19 Friday
2306 1796 85 19 evening;
2403 1795 40 16 Her
2451 1795 39 16 Ma-

1902 1815 61 20 jesty's
1970 1815 149 21 Plenipotentiary
2125 1816 66 20 b.iving
2199 1816 32 16 left
2239 1816 69 16 Canton
2313 1816 52 16 about
2373 1820 61 15 seven,
2441 1820 47 17 p.m.,

1904 1836 36 15 and
1947 1836 30 15 the
1985 1837 41 19 only
2038 1837 97 20 foreigners
2144 1837 38 16 who
2195 1837 91 16 remained
2293 1837 19 16 in
2325 1837 67 17 Canton
2399 1841 47 12 were
2458 1837 30 16 tlit

1906 1856 65 17 United
1978 1857 58 16 States
2045 1861 102 13 mercnonts
2153 1858 73 16 Messrs.
2235 1857 82 21 Coolidge
2323 1858 33 16 and
2364 1857 66 17 Murss.
2452 1857 38 17 Im-

1904 1877 95 21 mediately
2012 1879 57 15 before
2078 1879 29 16 the
2119 1879 75 20 English
2202 1879 37 18 left,
2248 1879 30 16 the
2292 1879 148 20 Kwaugoliuwfoo
2452 1879 36 16 had

1904 1900 74 14 assured
1989 1899 51 16 them
2051 1900 40 16 that
2099 1900 43 20 they
2152 1900 58 19 might
2222 1900 71 16 remain
2303 1900 18 16 in
2330 1899 29 17 the
2366 1900 95 20 factories

1901 1919 74 21 perfect
1980 1920 61 21 safety
2047 1926 6 10 :
2065 1921 32 16 but
2104 1923 14 14 it
2125 1921 16 16 is
2147 1925 38 12 now
2193 1921 40 16 well
2238 1921 65 16 known
2311 1921 38 16 tUat
2356 1923 31 14 tne
2392 1921 37 20 ripe
2438 1920 50 21 plans

1904 1941 20 15 of
1933 1943 28 14 the
1970 1941 44 16 local
2025 1944 119 17 government
2156 1946 45 13 were
2214 1943 18 14 to
2239 1942 47 15 seize
2301 1941 24 16 all
2332 1942 29 15 the
2375 1942 77 19 Enghsn
2466 1945 24 13 on

1905 1961 41 17 that
1952 1966 43 18 tery
2002 1962 53 21 night
2062 1962 20 22 if
2090 1963 41 21 they
2138 1963 38 16 had
2182 1963 97 16 remained
2286 1963 21 16 in
2316 1962 71 17 Canton
2392 1964 7 14 !

1925 1983 83 16 i3ui-.ruen
2015 1987 42 12 nine
2064 1984 36 15 and
2106 1987 31 12 ten
2144 1984 50 16 those
2201 1988 23 11 on
2230 1984 53 16 board
2288 1984 30 15 the
2323 1984 85 15 schooner
2412 1983 78 19 Aurora

1904 2004 85 16 observed
2004 2004 54 16 about
2070 2004 39 17 half
2119 2009 11 11 a
2142 2004 56 17 dozen
2213 2004 84 16 (Ire-rafts
2309 2004 70 20 coming
2383 2004 60 16 'down
2457 2005 30 15 tha

1904 2028 47 12 river
1956 2024 19 16 in
1983 2024 32 16 full
2022 2026 47 15 ulaze
2075 2030 4 13 ;
2092 2025 29 16 the
2128 2025 75 16 Chinese
2209 2024 116 17 commenced
2388 2024 46 16 from
2443 2025 47 16 choir

1904 2045 73 17 battiiea
1984 2050 23 11 on
2015 2045 23 17 all
2046 2046 53 18 sides,
2104 2046 31 16 the
2143 2046 38 16 icon
2190 2046 77 16 steamer
2272 2044 82 18 Xemeth
2359 2049 35 12 was
2401 2045 89 20 throwing

1904 2070 19 12 in
1931 2066 60 19 bhells,
2004 2067 75 19 rockets,
2088 2067 35 16 and
2135 2065 103 20 rounQihot,
2249 2066 55 17 vrnila
2314 2067 31 16 her
2356 2066 75 20 engines
2445 2069 45 13 weio

1905 2088 51 19 being
1964 2090 32 17 put
2003 2087 19 16 in
2033 2091 74 14 motion,
2116 2088 36 16 and
2165 2088 29 16 the
2205 2087 84 17 Modette
2301 2088 36 16 and
2344 2087 88 21 Atgtrine
2444 2091 46 12 were

1898 2108 58 20 'firing
1968 2108 46 16 tiieii
2025 2108 102 16 broadsides
2134 2114 3 12 ;
2150 2109 35 15 and
2198 2108 30 16 the
2239 2111 58 13 cutter
2307 2107 70 18 Louisa
2390 2112 36 12 was
2438 2107 53 21 firing

1904 2133 57 12 across
1970 2129 30 16 the
2008 2129 92 17 Aurora's
2113 2130 37 15 bow
2158 2130 35 15 and
2203 2131 47 14 stern
2264 2132 19 13 at
2291 2133 11 12 a
2309 2130 67 19 battery
2388 2129 59 16 which
2455 2129 35 16 had

1904 2150 43 16 biic-ii
1961 2151 66 19 opened
2041 2155 11 11 a
2058 2150 47 16 little
2118 2152 55 14 above
2180 2149 81 18 Jtcliant
2272 2150 64 20 Point,
2349 2151 19 16 in
2379 2149 31 17 the
2422 2154 68 17 square

1904 2170 62 19 before
1975 2171 30 16 the
2013 2171 72 21 foreign
2089 2171 93 21 factories
2187 2173 7 14 I
2215 2171 38 16 The
2261 2175 52 12 scene
2321 2175 34 12 was
2363 2171 63 20 grand,
2434 2174 31 17 yoi
2472 2173 18 14 at

1904 2192 30 16 the
1942 2196 48 12 same
1998 2194 44 15 time
2050 2197 10 11 a
2069 2193 45 15 mile
2121 2192 84 20 startling
2212 2194 19 14 to
2238 2192 82 16 civilians
2328 2192 33 16 and
2373 2192 117 16 non-comba-

1904 2214 47 15 tants
1957 2218 4 14 j
1974 2214 31 15 but
2013 2217 42 17 very
2062 2213 73 21 luckily,
2144 2213 73 21 Captain
2228 2213 104 19 Johnstone,
2345 2213 18 16 of
2373 2213 30 16 the
2416 2212 75 21 Scalely

1905 2233 68 22 Cattle,
1982 2238 35 12 was
2025 2235 81 16 onboard
2114 2235 30 15 the
2149 2237 80 15 Aurora,
2234 2235 35 15 and
2274 2234 43 16 took
2324 2234 28 16 the
2359 2234 66 19 charge
2431 2234 20 16 of
2458 2234 32 16 her

1903 2258 46 13 irom
1954 2259 31 12 ncr
1992 2255 93 21 incapable
2092 2255 36 16 and
2132 2256 56 19 panic-
2192 2255 61 16 struck:
2259 2255 119 16 commander.
2394 2255 38 16 Her
2440 2255 50 16 cable

1904 2280 35 12 was
1946 2276 45 16 hove
1999 2277 49 15 shore
2056 2276 35 16 and
2100 2276 42 16 sails
2151 2279 32 16 set,
2192 2277 33 16 but
2232 2276 13 15 it
2252 2280 36 11 was
2297 2276 50 19 calm,
2360 2276 36 15 and
2404 2276 31 15 the
2443 2275 46 17 flood

1904 2297 35 16 tide
1952 2302 34 10 w&s
1992 2297 38 20 just
2043 2297 79 20 mating,
2131 2302 20 12 so
2159 2298 30 15 the
2202 2297 75 20 linglish
2285 2298 101 14 merchants
2397 2300 24 12 on
2433 2297 55 16 board

1903 2318 30 15 the
1940 2319 75 16 Aurora
2023 2322 43 11 were
2075 2318 70 20 obliged
2158 2320 15 14 to
2182 2322 68 12 remain
2262 2319 95 18 spectators
2365 2318 21 15 of
2391 2318 31 15 the
2429 2318 57 16 excit-

1903 2343 31 16 ing
1940 2344 61 14 scone;
2015 2338 29 17 the
2053 2339 59 16 vessel
2119 2343 36 12 was
2166 2344 6 11 b
2175 2339 52 16 truck
2239 2338 69 17 several
2317 2339 50 16 limes
2375 2339 23 20 by
2409 2338 32 16 the
2449 2343 42 11 ene-

1902 2360 44 20 my's
1961 2361 47 17 shot,
2018 2360 32 16 lmt
2057 2361 33 14 not
2102 2365 12 10 a
2125 2364 38 16 gun
2177 2364 35 12 was
2225 2359 43 17 fired
2279 2359 20 16 in
2311 2361 66 15 return.
2399 2359 39 16 The
2450 2359 40 17 iron

1902 2380 88 20 Nemesis,
2005 2385 40 11 now
2057 2381 57 16 under
2121 2381 63 20 weigh,
2197 2380 30 17 did
2235 2381 30 15 her
2277 2380 49 16 work
2334 2381 18 16 In
2363 2385 12 11 a
2381 2383 48 13 most
2441 2384 48 12 wou-

1902 2402 57 16 deri'ul
1968 2406 81 14 manner;
2061 2401 71 17 rockets
2137 2402 35 16 and
2179 2401 55 17 shells
2242 2401 39 16 flew
2288 2402 47 16 from
2339 2402 31 15 her
2377 2402 19 15 in
2404 2401 86 16 meteoric

1901 2423 83 16 showers.
2007 2423 37 16 The
2055 2429 5 10 t
2069 2422 67 21 ylu.de*
2142 2423 69 16 arrived
2216 2423 46 15 from
2270 2423 30 15 the
2305 2422 52 17 lower
2363 2425 36 13 lort
2406 2422 45 16 with
2459 2423 30 16 tho

1901 2443 91 17 Herald's
1996 2444 55 18 boats,
2057 2445 52 15 -when
2118 2445 31 15 the
2157 2443 57 17 action
2220 2444 72 15 became
2297 2443 76 21 general.
2395 2443 57 16 When
2460 2445 30 15 the

1900 2465 37 16 tide
1944 2465 33 16 had
1985 2465 40 16 well
2030 2466 71 18 turned,
2107 2465 31 15 the
2146 2467 57 14 cuiter
2208 2464 71 17 oi/is
2285 2465 35 15 and
2325 2465 85 16 schooner
2413 2467 77 14 Aurora

1900 2486 85 20 weighed,
1993 2486 51 16 stood
2051 2486 59 16 round
2117 2486 31 15 the
2156 2486 49 19 point
2212 2486 38 16 into
2257 2485 31 16 the
2297 2485 60 17 Macao
2365 2490 80 16 passage,
2454 2486 35 16 and

1900 2507 88 16 anchored
1996 2507 57 16 under
2061 2507 30 16 the
2098 2507 27 16 ice
2135 2507 19 16 of
2164 2507 28 16 the
2203 2506 88 22 Pylades,
2299 2507 52 16 about
2356 2511 40 14 one,
2405 2511 37 12 a.tn
2449 2518 3 6 ,
2466 2511 22 12 on

1900 2528 92 20 Saturday.
2014 2528 38 16 The
2060 2528 77 16 Chinese
2141 2527 36 16 had
2185 2532 49 12 some
2241 2532 43 15 very
2288 2529 58 18 iieavy
2352 2532 46 15 guns
2406 2530 19 13 at
2432 2528 54 16 work,

1900 2549 36 16 and
1947 2549 43 20 kept
1998 2553 24 15 up
2032 2549 49 16 their
2092 2549 31 16 firs
2135 2549 43 16 with
2185 2551 51 18 great
2247 2548 52 20 spirit
2307 2549 35 15 and
2352 2548 92 17 excellent
2450 2552 40 16 pre-

1899 2570 62 15 cision.

1921 2591 37 16 The
1967 2590 65 18 Modes
2034 2590 35 17 Ws
2081 2589 70 21 rigging
2159 2590 14 16 is
2181 2591 31 15 cut
2224 2591 17 15 to
2248 2590 60 20 pieces
2321 2590 33 16 and
2362 2590 51 16 three
2427 2591 20 15 of
2457 2590 32 16 her

1899 2616 42 12 men
1949 2616 29 12 are
1991 2612 95 16 wounded.
2107 2612 39 15 The
2158 2612 76 16 suburbs
2245 2615 30 12 are
2283 2611 62 20 nearly
2354 2611 20 16 in
2381 2615 58 15 rums,
2452 2612 36 16 and

1899 2637 46 12 were
1952 2634 27 15 set
1986 2637 24 11 on
2022 2633 31 15 fire
2060 2632 20 16 in
2089 2636 54 16 many
2149 2632 65 20 places,
2223 2636 19 12 as
2253 2632 31 16 the
2292 2631 50 21 ships
2351 2632 45 20 kept
2403 2636 25 16 up
2441 2632 47 16 their

1898 2654 33 15 fire
1937 2653 24 16 all
1968 2653 61 21 night;
2042 2653 36 16 aud
2086 2653 42 18 also,
2137 2657 14 12 it
2159 2657 40 17 may
2206 2653 23 16 be
2237 2653 88 20 supposed
2334 2653 20 19 by
2361 2653 127 17 incendiaries.

1920 2675 38 16 The
1966 2675 75 16 Chinese
2053 2674 136 17 recommenced
2200 2674 46 16 their
2253 2675 32 15 lire
2296 2674 46 16 from
2349 2674 30 16 the
2391 2674 70 20 battery
2470 2678 18 12 at

1898 2695 88 17 Shameen
1996 2695 49 21 early
2057 2700 24 12 on
2089 2695 87 20 Saturday
2187 2695 84 20 morning
2276 2699 3 15 ;
2293 2694 35 17 and
2335 2699 11 11 a
2352 2699 37 16 gun
2401 2695 48 16 from
2457 2696 30 15 the

1897 2718 72 20 garden
1975 2716 23 21 of
2006 2716 30 17 the
2043 2716 73 17 British
2122 2716 140 17 Consulate-was
2271 2716 96 19 broughtto
2375 2716 43 16 bear
2425 2719 23 13 on
2457 2717 30 15 the

1898 2739 87 15 schooner
1991 2738 82 18 Aurora,
2081 2742 20 12 as
2109 2737 33 16 she
2149 2741 35 12 was
2192 2737 31 16 the
2231 2737 41 20 only
2281 2736 58 16 vessel
2346 2736 17 16 in
2374 2737 46 16 view
2427 2737 21 16 of
2456 2738 30 15 the

1898 2759 82 18 Chinese,
1993 2761 32 14 the
2037 2757 82 18 distance'
2126 2758 53 20 being
2192 2758 54 16 about
2255 2758 19 15 12
2288 2762 20 11 or
2318 2758 44 18 1,500
2375 2758 64 20 yards;
2452 2759 37 16 and

1898 2780 32 16 the
1937 2780 41 16 shot
1985 2784 45 12 were
2039 2784 19 12 so
2064 2779 40 17 well
2112 2779 79 16 directed
2197 2779 38 15 that
2241 2778 31 16 she
2281 2783 37 11 was
2326 2778 68 20 obliged
2399 2781 19 14 to
2423 2778 64 21 weigh,

1898 2801 37 16 and
1942 2805 71 12 remove
2022 2803 16 14 to
2046 2805 11 12 a
2064 2805 49 12 more
2121 2800 96 20 respectful
2225 2799 88 16 distance.
2417 2803 3 5 '
2442 2812 4 3 .

1921 2822 57 16 While
1985 2822 32 16 the
2024 2822 38 16 iron
2071 2824 77 14 steamsr
2160 2820 85 18 Nemesis
2252 2820 35 16 and
2300 2820 30 16 the
2337 2820 50 16 three
2398 2822 89 17 coryettos

1898 2847 46 12 were
1951 2843 83 20 amusinj
2041 2842 110 17 themselves
2158 2843 44 15 -with
2210 2843 30 15 the
2248 2842 70 19 battery
2324 2842 18 15 at
2349 2841 96 20 Shameen,
2453 2843 34 15 two

1898 2868 37 11 war
1944 2864 55 20 junks
2013 2868 45 12 were
2069 2864 78 19 brought
2159 2866 32 13 out
2203 2863 19 16 of
2231 2867 11 11 a
2253 2863 53 15 creek
2320 2862 78 21 opposite
2410 2862 45 17 Fate
2466 2863 24 20 by

1898 2885 47 15 their
1951 2885 66 16 foolish
2022 2885 125 16 commanders
2152 2889 4 14 ;
2169 2884 35 16 .mcl
2212 2885 40 19 they
2259 2883 43 16 dred
2309 2887 11 12 a
2327 2883 61 20 couple
2396 2884 21 15 of
2425 2884 63 16 broad-

1898 2906 53 19 sides,
1959 2906 53 15 when
2020 2906 74 20 Captain
2102 2905 49 19 Hall,
2161 2906 19 15 uf
2186 2906 29 15 the
2225 2904 89 19 Nemesis,
2321 2908 35 12 was
2363 2905 35 15 lost
2405 2906 19 14 to
2432 2905 54 20 sight,

1886 2925 2 25 |
1898 2927 33 16 but
1938 2927 32 16 her
1982 2931 81 16 progress
2075 2931 37 11 was
2119 2926 61 16 traced
2188 2926 22 20 by
2222 2930 10 11 a
2239 2929 108 13 continuous
2356 2925 38 16 line
2406 2926 20 15 of
2437 2926 51 16 black

1898 2948 36 15 and
1942 2949 54 15 white
2005 2947 69 19 smoke,
2085 2947 52 16 while
2145 2947 30 16 the
2182 2946 140 20 uninterrupted
2329 2946 58 16 music
2394 2947 20 15 of
2428 2947 32 16 her
2469 2947 17 16 'ii

1897 2968 90 21 pounders'
1994 2969 75 16 boomed
2077 2973 23 11 on
2107 2968 31 16 the
2147 2973 29 11 er
2181 2973 4 13 ;
2196 2968 51 16 when
2255 2968 33 15 she
2298 2967 105 20 reappeared
2411 2967 33 17 she
2451 2972 35 11 was

1897 2989 94 17 decorated
1997 2989 44 16 with
2048 2989 93 16 hundreds
2149 2989 20 16 of
2178 2988 75 17 Chinese
2262 2988 43 20 flags
2310 2988 36 16 and
2351 2992 82 16 pennons
2438 2988 50 17 float-

1897 3010 32 21 ing
1935 3010 19 17 in
1961 3011 30 16 the
1999 3011 61 16 breeze

2044 3031 35 17 She
2087 3034 46 12 wore
2140 3031 33 15 her
2179 3030 93 20 trappings
2279 3029 53 21 gaily,

2045 3053 25 15 As
2078 3057 11 11 a
2095 3052 42 20 lady
2144 3051 56 20 ought
2207 3054 18 13 to
2232 3052 27 18 do,

1897 3073 36 16 and
1938 3073 33 16 her
1978 3078 46 11 crew
2030 3077 46 12 wure
2084 3072 74 17 dressed
2164 3072 20 16 in
2191 3071 94 17 mandarin
2289 3069 74 22 'jackets
2375 3071 36 16 and
2424 3071 63 17 Tartar

1896 3098 41 16 caps
1943 3095 4 15 !

1918 3114 73 21 Captain
2004 3114 83 19 Herbert,
2098 3113 41 17 who
2149 3117 35 13 was
2196 3117 22 12 on
2231 3113 54 16 board
2299 3113 31 15 the
2344 3111 89 20 Nemesis,
2450 3112 35 18 and

1895 3135 40 16 who
1942 3136 103 16 commands
2053 3135 32 16 the
2091 3134 92 17 advanced
2191 3135 94 19 squadron,
2294 3133 58 17 hailed
2365 3134 31 16 the
2408 3134 78 17 Aurora

1895 3156 20 16 in
1921 3157 78 20 passing,
2011 3157 37 15 and
2058 3156 40 16 said
2109 3154 89 22 forty-live
2212 3155 55 20 junks
2279 3153 37 17 had
2327 3155 44 16 been
2382 3154 56 17 taken
2450 3155 36 16 and

1895 3177 93 20 destroyed
1995 3181 25 17 up
2028 3178 30 15 the
2066 3177 60 16 creek.

1918 3198 54 20 Many
1979 3198 76 17 Chinese
2062 3198 69 16 officers
2138 3196 21 17 of
2167 3196 46 17 rank
2224 3196 45 17 have
2278 3196 45 16 been
2330 3196 56 17 killed
2391 3201 5 14 ;
2407 3197 34 16 but
2449 3197 14 16 it
2471 3197 15 16 is

1895 3222 31 14 not
1937 3219 89 21 supposed
2037 3219 40 16 that
2088 3219 31 15 the
2130 3217 63 21 people
2205 3217 45 17 have
2262 3217 77 16 suffered
2350 3218 60 19 much,
2423 3222 20 13 as
2455 3219 31 15 the

1895 3240 75 17 suburbs
1978 3240 36 16 and
2020 3240 47 16 river
2075 3244 46 11 were
2128 3239 65 16 almost
2201 3238 75 20 entire!}'
2283 3238 88 17 deserted.

1916 3262 24 15 At
1947 3261 54 16 about
2008 3261 56 19 three,
2073 3265 47 16 p.m.,
2133 3264 23 12 on
2168 3259 87 21 Saturday
2265 3259 25 16 all
2302 3264 36 11 was
2349 3259 55 21 quiet,
2417 3260 37 16 and
2466 3264 19 13 a*

1894 3281 31 17 the
1937 3282 76 16 Chinese
2024 3281 19 17 in
2055 3282 40 16 that
2105 3281 73 20 quarter
2187 3285 70 16 .appear
2269 3282 18 14 to
2301 3280 46 16 have
2360 3283 63 17 gotten
2438 3281 48 16 their

1894 3303 77 21 quietus,
1979 3303 31 16 the
2018 3302 49 21 ships
2076 3307 45 11 were
2134 3304 18 14 to
2163 3305 52 13 move
2226 3301 57 17 'down
2297 3302 19 16 to
2331 3301 29 17 the
2375 3301 73 21 Pagoda
2462 3306 23 13 on

1893 3325 40 15 that
1938 3324 83 19 evening.

1915 3344 37 17 The
1964 3344 96 17 Blenheim
2072 3344 35 17 and
2119 3345 37 15 reit
2168 3342 19 17 of
2201 3342 31 17 the
2246 3342 96 21 squadron,
2355 3343 45 16 with
2414 3343 25 17 all
2453 3344 31 16 the

1893 3367 104 19 transports,
2006 3370 45 12 were
2058 3366 64 15 within
2131 3365 28 16 six
2165 3363 51 17 miles
2222 3364 19 16 of
2246 3363 70 17 Canton
2321 3369 4 13 ;
2337 3364 29 16 the
2372 3364 113 18 Blenheim's

1893 3388 56 15 masts
1957 3391 45 12 were
2005 3386 69 17 'visible
2081 3387 47 16 from
2136 3386 30 15 the
2173 3384 92 17 Aurora's
2279 3385 80 19 shrouds,
2372 3386 35 15 and
2420 3386 14 15 it
2448 3390 36 12 was

1893 3408 88 20 supposed
1989 3408 39 16 that
2036 3412 11 11 a
2058 3407 72 20 general
2143 3406 60 16 attack
2214 3407 23 19 by
2248 3407 30 15 tiie
2291 3406 93 16 combined
2394 3406 44 16 land
2448 3407 36 16 and

1893 3433 31 11 sea
1931 3429 55 16 forces
1994 3433 13 11 w
2011 3428 43 17 ould
2062 3429 22 16 be
2091 3428 52 16 made
2151 3431 22 12 on
2182 3427 30 16 the
2220 3429 35 18 city
2264 3427 36 16 aud
2312 3427 108 17 entrenched
2432 3432 51 16 camp

1893 3454 23 12 on
1924 3450 76 19 Sunday,
2010 3449 30 16 the
2048 3450 48 16 23rd.

1915 3471 37 16 The
1961 3471 96 21 Alligator
2068 3474 36 12 was
2117 3469 38 16 also
2163 3469 83 16 attacked
2257 3469 24 20 by
2288 3469 32 16 fire
2332 3469 43 16 rafts
2383 3473 23 13 on
2419 3469 65 21 Friday

1892 3491 57 20 night,
1958 3492 35 16 and
2002 3492 35 16 Had
2044 3495 11 12 a
2062 3495 43 16 very
2112 3494 70 12 narrow
2189 3494 70 16 escape.

1914 3512 37 16 The
1963 3513 61 15 attack
2037 3516 23 12 on
2072 3512 31 16 the
2115 3513 41 19 part
2167 3511 20 16 of
2194 3511 31 16 the
2237 3510 77 17 Chinese
2325 3515 34 12 wns
2372 3510 58 25 a-yvell
2441 3514 42 16 con;

1892 3534 60 15 certed
1959 3534 77 18 scheme,
2045 3533 36 16 and
2088 3535 31 14 not
2126 3537 12 11 a
2145 3532 68 16 sudden
2227 3532 94 16 ebullition
2328 3532 20 16 of
2355 3530 72 18 cicited
2434 3535 47 16 tags.

1914 3554 73 20 Cavarly
1994 3558 47 12 were
2048 3558 42 12 seen
2099 3558 22 11 on
2130 3553 31 16 the
2169 3553 71 20 heights
2248 3553 68 16 behind
2323 3553 73 16 Canton.

1912 3575 19 16 It
1937 3575 15 16 is
1958 3575 38 16 said
2004 3575 23 16 all
2032 3575 31 16 the
2071 3575 69 20 foreign
2145 3574 83 16 factories
2235 3574 47 16 have
2290 3575 44 15 been
2339 3573 99 22 plundered
2446 3572 35 17 and

1891 3596 98 20 destroyed.

1913 3617 37 16 The
1960 3617 65 16 United
2032 3617 59 16 States
2099 3615 104 18 merchants
2211 3615 67 17 Messrs
2288 3615 81 21 Coolidge
2376 3615 36 16 and
2420 3615 60 17 Millar

1891 3638 36 16 and
1937 3638 76 16 another
2024 3641 30 12 are
2062 3637 39 16 said
2112 3638 18 15 to
2138 3638 21 15 be
2173 3637 19 15 in
2205 3637 74 19 custody
2291 3637 19 15 in
2318 3636 30 16 the
2359 3636 35 20 city
2400 3641 4 13 ;
2417 3640 11 12 a
2441 3638 39 14 boat

1890 3659 36 16 and
1934 3663 44 12 crew
1989 3659 21 16 of
2019 3658 30 17 the
2058 3658 67 17 United
2133 3659 59 16 States
2199 3657 40 21 ship
2253 3654 88 21 Horrson
2353 3661 30 12 are
2393 3657 86 21 missing;

1891 3679 35 16 Mr.
1935 3680 61 19 Morss,
2006 3680 31 15 her
2046 3679 102 20 consignee,
2157 3678 40 17 feed
2205 3683 12 11 a
2223 3679 94 16 mandarin
2325 3681 19 13 to
2350 3678 46 16 clear
2403 3678 32 16 the
2441 3681 38 17 way

1891 3702 18 14 to
1918 3700 26 16 hiR
1952 3701 46 18 boat,
2006 3701 35 15 and
2049 3700 23 16 he
2165 3699 98 21 Wharnpoa
2269 3699 19 16 in
2300 3699 61 19 safety.

1912 3722 31 15 We
1954 3726 30 11 are
1991 3721 101 20 extremely
2099 3725 50 16 sorry
2161 3723 17 13 to
2186 3720 35 16 add
2233 3721 38 15 that
2279 3719 73 20 Captain
2358 3718 50 19 Hall,
2417 3719 21 16 of
2446 3719 32 16 the

1890 3742 89 19 Nemesis,
1985 3742 33 16 has
2025 3742 46 16 been
2078 3742 80 20 seveiely
2166 3741 86 16 wounded
2259 3741 19 15 in
2286 3741 31 15 tho
2325 3740 100 20 lighthand
2432 3740 47 16 from

1890 3764 31 15 the
1929 3763 81 21 bursting
2019 3763 19 16 of
2045 3767 12 11 a
2064 3763 68 16 rocket.

1911 3784 38 16 The
1961 3784 63 16 Tartar
2034 3785 61 18 troops
2107 3788 49 12 -were
2166 3781 48 17 seen'
2220 3781 89 21 stripping
2320 3781 29 16 the
2359 3781 42 17 lead
2412 3781 28 17 off
2447 3781 31 17 the

1890 3805 47 16 roofs
1945 3805 20 16 of
1975 3805 30 16 the
2016 3805 89 18 factories,
2114 3804 37 16 and
2164 3803 29 16 the
2199 3802 64 19 hands,
2275 3803 38 18 &c,
2320 3802 46 16 from
2377 3802 31 16 tho
2415 3802 62 19 clock;

1889 3826 44 20 they
1939 3826 85 16 smashed
2034 3826 40 16 into
2083 3825 59 21 pieces
2149 3824 31 16 the
2192 3824 98 15 handsome
2297 3823 38 20 pier
2345 3822 67 21 glasses
2420 3822 19 18 in
2447 3823 31 17 the

1889 3847 83 16 consular
1978 3846 44 20 hall,
2029 3846 36 16 and
2072 3845 68 17 carried
2147 3849 49 15 away
2203 3844 30 16 the
2240 3843 118 21 fragments
2359 3847 19 12 as
2388 3844 80 20 trophies
2474 3845 5 16 1

1889 3868 38 15 The
1938 3868 54 15 latest
2004 3868 86 15 accounts
2101 3868 46 14 state
2159 3866 40 15 that
2210 3865 15 16 it
2232 3865 14 15 in
2257 3864 83 21 probable
2351 3864 31 16 the
2393 3866 38 19 city
2441 3865 37 17 and

1888 3889 77 16 fortified
1973 3892 52 16 camp
2032 3888 37 15 will
2077 3889 21 15 be
2102 3886 83 18 attacked
2194 3885 58 21 to-day
2259 3889 20 12 or
2286 3887 106 15 to-morrow.

1911 3909 31 16 We
1949 3909 69 16 forbear
2025 3913 35 16 any
2067 3909 101 15 comments
2178 3908 18 14 at
2203 3908 72 18 present
2283 3911 23 11 on
2314 3906 35 16 this
2356 3906 122 21 interruption

1888 3931 20 15 of
1918 3930 29 16 the
1955 3930 50 16 trade
2011 3934 19 11 as
2039 3929 52 16 usual
2097 3934 4 13 ;
2114 3928 14 16 it
2135 3929 32 15 lias
2175 3927 44 16 been
2227 3927 42 21 long
2275 3927 65 16 looked
2347 3927 31 19 for,
2387 3927 37 17 and
2430 3927 48 17 from

1888 3952 23 16 all
1921 3956 24 11 we
1953 3955 31 11 cn.il
1993 3951 56 18 leant,
2058 3949 30 16 thi
2096 3948 76 17 Chine**
2180 3953 29 11 are
2216 3948 107 20 obstinately
2335 3948 111 16 d*trmi*

1889 3972 103 17 ruistane*.

552 43 99 32 THE
670 44 112 35 NEW
794 29 229 57 ZEALAND
1045 50 224 32 GAZETTE
1286 52 99 31 AND
1406 53 325 32 WELLINGTON
1754 56 290 32 SPECTATOR.
2071 61 5 9 '

692 127 88 23 further
788 129 51 26 give
855 129 59 23 Lord
929 130 65 22 John.
1006 131 90 22 Russell
1105 134 21 19 to
1138 132 142 27 understand,

693 154 48 22 that
752 155 93 28 Captain
855 156 95 22 Hobson
960 157 39 22 has
1013 157 58 22 been
1081 158 85 28 grossly
1177 159 103 22 deceived

693 181 31 26 by
733 181 62 23 those
806 182 49 22 who
864 183 125 23 undertook
999 186 23 20 to
1033 184 87 22 furnish
1129 185 47 22 him
1187 186 52 21 with
1248 187 32 21 in-

693 207 126 28 formation,
830 209 45 21 and
881 211 120 27 anticipate
1010 210 50 22 that
1066 211 63 22 when
1140 211 29 22 he
1179 212 39 22 has
1229 220 50 15 seen

693 233 54 22 Port
760 234 130 29 Nicholson,
906 236 29 22 he
954 237 44 22 will
1012 237 70 22 admit
1096 238 56 22 such
1164 242 23 18 to
1201 239 28 22 be

726 309 51 24 The
789 310 93 32 Sydney
893 319 82 24 papers
995 321 38 15 are
1051 314 95 24 without
1164 314 59 25 local
1244 316 32 23 in-

690 341 123 25 formation
824 343 32 23 of
863 352 30 15 an
911 345 136 32 interesting
1062 351 88 20 nature.
1185 348 44 23 We
1242 356 34 15 are

689 374 120 30 informed,
821 376 113 30 however,
947 378 50 23 that
1017 387 125 17 commerce
1159 382 117 23 continued

689 415 25 15 as
727 407 121 32 depressed
859 409 63 24 there
935 419 24 14 as
975 411 135 25 heretofore.
1147 413 35 24 Its
1193 415 83 23 revival

688 440 47 24 will
747 449 128 16 commence
893 450 35 16 we
946 451 98 22 assume,
1056 445 66 23 when
1254 449 22 21 in

688 473 110 32 England
815 475 58 23 have
893 477 93 23 become
1006 479 136 29 acquainted
1162 480 56 23 with
1239 480 37 24 the

688 506 125 25 disastrous
835 508 73 24 result
927 510 75 23 which
1024 511 47 23 will
1091 513 59 22 have
1173 513 103 24 attended

687 540 60 23 their
757 540 63 31 large
832 541 128 32 shipments
978 546 23 21 to
1023 543 99 32 Sydney,
1134 545 37 23 for
1185 553 25 16 so
1222 546 54 32 long

686 580 14 15 a
719 574 87 30 period.
850 574 134 32 Shipments
1001 577 48 23 will
1068 577 54 24 then
1142 578 29 24 be
1187 580 87 31 greatly

686 605 144 31 diminished,
842 607 46 24 and
907 611 171 30 remunerating
1090 611 74 31 prices
1183 620 53 22 may
1246 613 28 23 be

685 640 145 30 anticipated.
865 640 132 26 Numerous
1018 644 86 23 vessels
1119 644 57 24 have
1187 646 87 23 arrived

684 673 109 30 recently
806 677 23 19 at
849 673 58 25 Port
926 675 86 32 Phillip
1032 676 45 24 and
1101 677 100 32 Sydney,
1220 679 52 23 with

684 707 132 29 emigrants.
852 707 44 24 We
917 713 92 27 suspect
1030 709 50 24 that
1100 710 38 23 the
1157 712 82 31 supply
1252 713 24 23 of

683 738 81 24 labour
774 739 62 24 there
848 741 54 28 will,
915 741 84 32 during
1006 743 38 23 the
1057 743 114 31 deranged
1182 749 57 20 state
1251 746 25 23 of

683 771 60 24 their
755 773 82 30 affairs,
849 773 35 24 be.
891 774 71 24 found
973 780 24 19 to
1008 776 29 23 be
1048 776 88 31 greatly
1148 778 25 22 in
1184 785 86 17 excess.

76 125 74 25 which
160 127 30 22 he
206 126 42 24 has
260 126 59 24 been
329 126 74 31 guilty
414 126 108 24 towards*
530 126 45 24 this
588 128 77 23 settle-

75 163 70 25 ment,
152 159 56 23 have
212 159 93 24 months
310 159 63 23 since
378 159 99 31 brought
482 159 39 24 the
527 159 139 26 Governor's

76 192 97 23 conduct
182 192 45 23 and
238 200 77 15 career
326 192 73 23 under
411 192 38 23 the
457 193 86 23 careful
552 194 83 22 review
644 195 24 23 of

50 240 8 6 .
75 224 64 24 Lord
151 225 60 23 John
222 225 111 23 Russell..
357 225 52 23 The
419 225 73 23 result
501 226 25 23 of
535 225 38 24 the
581 228 84 23 review

75 265 52 23 may
138 258 29 23 be
181 258 61 30 daily
254 257 109 32 expected
371 267 6 20 ;
397 258 45 23 and
453 266 33 15 we
501 266 37 16 are
554 259 111 31 prepared

75 294 23 20 to
105 290 62 29 hear,
180 295 24 19 at
211 290 39 24 the
257 298 62 16 same
330 291 62 28 time,
402 291 50 23 that
460 291 97 31 Captain
567 292 96 25 Hobson

45 331 3 4 -
73 322 21 24 is
111 323 146 31 superseded.
293 324 52 23 The
363 325 203 23 communications
581 326 32 30 by
626 326 37 23 the

75 355 61 24 Cuba
146 360 63 19 must
218 356 59 24 have
293 357 59 22 been
363 357 105 26 received
478 359 25 22 in
520 357 108 31 England
640 359 23 23 in

72 388 59 24 June
142 389 46 24 last
198 399 6 19 ;
223 389 47 24 and
281 390 24 23 in
317 390 31 23 all
360 390 101 24 October
472 399 34 15 we
518 399 53 23 may
583 397 80 26 expect

70 421 83 32 replies
176 422 26 24 of
221 430 14 16 a
258 423 144 31 satisfactory
431 428 86 20 nature.
566 425 96 31 Captain

72 454 106 30 Hobson,
195 455 56 31 long
268 464 37 16 ere
323 456 54 29 this,
388 457 2 11 '
397 456 31 31 by
446 457 38 23 his
501 456 96 24 conduct
620 458 40 24 has

72 488 121 24 converted
218 489 40 23 the
280 488 58 25 kind
345 512 5 2 .
360 489 97 31 feelings
480 490 38 23 the
543 490 118 32 Company

71 521 93 24 evinced
175 522 99 23 towards
284 522 49 24 him
350 523 49 23 into
410 522 82 24 honest
503 523 141 31 indignation
651 534 6 19 ;

69 553 44 24 and
124 554 56 32 they
190 555 47 23 will
246 555 117 24 doubtless
374 555 91 25 charter
475 556 44 24 and
531 556 104 31 dispatch
646 566 13 15 a

68 587 143 31 fast-sailing
214 588 77 23 vessel
295 588 39 23 the
339 593 102 18 moment
447 588 24 24 th
474 597 28 23 ey
506 588 58 25 have
568 590 91 24 learned

68 620 51 23 that
129 620 37 24 his
173 621 102 23 -conduct
285 622 20 22 is
318 621 140 24 condemned
466 622 32 31 by
504 622 39 24 the
554 622 102 25 Colonial

67 652 123 25 Minister.'
221 653 53 24 The
286 654 96 24 chances
392 657 46 27 are;
451 654 113 26 therefore
566 673 12 16 J(
578 655 80 35 jthat-a

67 693 51 16 new
130 686 120 24 Governor
267 695 53 23 may
330 687 36 27 be.
369 687 56 23 here
442 688 30 27 in,
481 696 14 16 a
505 688 43 24 few
556 688 99 31 months,

68 719 50 24 who
129 719 47 24 will
188 720 103 24 sanction
302 720 60 24 what
373 727 45 25 you
428 720 56 25 have
498 721 56 24 done
564 731 5 20 ;
576 730 4 12 :
588 722 42 24 but
639 723 20 24 if

66 756 47 25 not,
132 752 48 24 the-
189 753 119 32 Company
325 753 46 24 will
388 754 58 23 have
465 755 137 32 anticipated
618 755 38 25 the

66 785 112 31 difficulty
187 786 26 23 of
220 794 59 23 your
288 787 107 31 position,
409 787 45 24 and
463 788 49 23 will
522 788 59 25 have
591 790 64 23 made

66 826 30 16 an
115 824 161 26 arrangement
286 818 56 26 with
355 820 39 24 the
407 820 183 26 Colonial-office
608 822 48 24 that

65 851 46 24 will
124 856 64 19 meet,
193 853 25 28 it,
237 853 47 24 and
300 853 55 31 long
365 854 63 30 prior
446 858 22 19 to
487 855 38 24 the
538 856 83 23 arrival
631 857 24 23 in

65 884 110 31 England
191 886 25 23 of
229 886 96 24 another
330 887 32 23 'of
381 895 42 15 our
435 887 112 25 excellent
566 888 88 25 Gover-

65 919 61 22 nor's
139 919 81 23 candid
232 919 134 32 despatches
385 921 70 23 about
467 921 38 23 the
517 921 137 32 Company's

67 950 151 26 settlements.
346 950 27 25 V
409 964 4 13 <

717 831 31 25 In
759 832 39 24 the
810 834 82 23 official
905 834 96 24 Gazette
1012 836 27 23 of
1053 837 38 23 the
1110 837 41 24 Bth
1170 839 25 23 of
1210 841 60 31 Sep-

682 865 95 29 tember,
790 866 67 23 there
872 867 20 23 is
911 875 15 16 a
942 868 76 25 notice
1037 877 29 16 on
1084 870 45 24 the-
1142 872 88 31 subject
1250 875 22 23 of

682 896 131 33 depositing
846 901 139 30 gunpowder
1012 903 26 22 in
1067 910 14 16 a
1114 904 157 36 Government

681 932 128 30 magazine.
844 931 44 25 We
906 933 62 31 hope
977 934 39 24 the
1034 935 49 24 law'
1089 937 46 23 will
1155 938 116 26 forthwith

681 962 31 25 be'
730 964 90 31 applied
837 969 25 20 to
885 966 58 24 Port
965 967 137 26 Nicholson.
1138 971 77 24 There
1234 981 36 16 are

680 996 63 32 large
761 999 122 30 quantities
898 999 26 24 of
939 1001 140 31 gunpowder
1098 1002 60 33 daily
1170 1006 100 32 arriving

679 1029 63 30 here,
755 1031 75 23 which
841 1039 38 16 are
897 1032 119 32 deposited
1035 1035 32 24 all
1082 1044 52 16 over
1150 1038 39 24 the
1201 1043 68 21 town.

681 1063 108 32 Security
801 1064 107 25 demands
921 1066 49 23 that
982 1075 14 15 a
1013 1075 84 25 proper
1111 1070 67 32 depot
1189 1073 81 23 should

679 1096 29 23 be
728 1097 144 30 established,
885 1103 23 19 to
927 1100 73 24 which
1013 1101 32 24 all
1058 1103 121 31 importers
1189 1106 81 24 should

679 1129 29 23 be
719 1131 106 30 required
835 1135 23 19 to
871 1133 57 23 send
939 1133 46 24 this
1002 1135 128 31 dangerous
1143 1140 126 23 combusti-

679 1162 46 25 ble.
769 1164 43 24 We
832 1165 89 24 believe
943 1166 50 24 that
1013 1176 42 16 our
1078 1171 130 24 merchants
1231 1181 38 16 are

679 1197 97 24 anxious
795 1202 23 20 to
836 1198 29 24 be
883 1199 100 25 relieved
1001 1201 59 24 from
1072 1203 38 23 the
1121 1207 115 30 necessity
1248 1207 24 23 of

681 1229 88 33 having
780 1235 22 20 to
815 1231 53 24 take
881 1232 83 32 charge
975 1235 26 22 of
1012 1235 46 23 this
1075 1237 85 29 article,
1174 1239 44 23 and
1236 1248 33 15 we

679 1263 120 30 therefore,
813 1273 29 15 on
861 1272 96 18 account
975 1268 24 23 of
1018 1269 77 31 public
1114 1271 80 31 safety,
1210 1281 57 23 urge

678 1296 40 23 the
730 1297 89 32 subject
828 1307 63 23 upon
909 1300 39 23 the
966 1302 131 24 immediate
1116 1306 111 23 attention
1246 1306 24 23 of

677 1331 86 30 parties
775 1332 25 22 in
811 1332 124 31 authority.

1937 138 59 17 Trnde
2004 138 22 17 of
2041 143 56 17 eyery
2104 139 116 21 description
2233 145 37 12 was
2283 141 38 17 dull
2328 147 5 15 ;
2344 141 34 18 bat
2389 145 28 14 we
2429 145 70 15 cannot

1917 159 38 17 find
1962 164 36 16 any
2006 161 91 15 account*
2104 160 21 17 of
2135 164 23 13 an
2167 160 62 18 ai:tual
2236 161 32 17 fall
2275 161 70 23 having
2351 162 57 17 takeu
2419 164 50 20 place
2478 164 20 17 in

1917 179 32 18 the
1956 179 51 21 price
2014 181 21 16 of
2045 181 53 16 wool.
2120 181 24 16 In
2151 181 80 17 Mcssr*.
2241 182 78 21 Aylwin,
2331 183 65 21 Derm,
2408 185 38 16 and
2454 185 45 17 Co's

1936 200 69 21 Report
2013 205 24 13 on
2045 201 33 17 the
2086 202 51 16 State
2145 202 21 17 of
2180 202 75 17 Market
2262 204 37 16 and
2309 204 96 21 Prospects
2413 204 31 18 for
2450 205 48 21 Oils,

1917 221 41 20 &c,
1965 221 50 17 from
2027 221 46 18 New
2085 222 67 17 douth-
2267 224 93 17 Southern
2373 225 59 17 whate
2445 225 26 17 oil
2481 226 18 17 is

1916 241 69 21 qnoted
1992 244 21 15 at
2020 243 41 16 jff33
2069 244 19 15 to
2097 244 40 15 j#2S
2146 244 36 16 15b.
2191 248 11 12 a
2209 246 39 19 ton,
2262 245 89 17 southern
2362 245 110 19 whalebone
2478 248 21 15 at

1916 263 52 16 *120
1975 265 19 15 to
2060 267 35 17 per
2102 265 40 23 ton,
2149 263 49 18 with
2210 265 34 16 few
2256 265 76 21 buyers,
2345 266 38 16 and
2395 271 64 16 sperm
2472 268 27 16 oil

1916 284 36 15 and
1960 283 48 17 head
2015 285 70 16 matter
2094 286 20 15 at
2126 284 38 17 85
2177 286 20 15 to
2212 286 38 17 *!
2264 290 34 16 per
2312 287 52 16 ton
2365 286 34 17 bat
2413 287 51 18 little
2478 287 21 18 ia

1916 303 85 19 demand.

1937 331 27 21 By
1973 331 75 18 London
2060 336 67 17 papers
2135 334 20 16 to
2163 333 32 17 the
2201 334 42 16 2lst
2250 333 50 22 May,
2309 339 28 12 we
2346 334 52 18 learn
2410 334 42 18 that
2465 335 32 18 the

1916 352 64 17 debate
1988 357 25 12 on
2022 353 31 16 the
2060 357 58 17 sugar
2125 354 88 20 question
2222 359 36 12 was
2266 355 102 17 continued
2375 360 24 12 on
2408 355 34 18 the
2455 357 42 17 17th

1915 373 36 16 and
1959 373 48 20 18th,
2017 374 52 16 when
2079 377 30 14 me
2118 374 64 18 Houe
2194 374 82 21 divided,
2289 376 74 22 leaving
2370 376 99 18 ministers
2477 377 21 17 in.

1916 393 31 17 the
1954 394 90 21 minority
2049 399 19 12 of
2082 395 57 21 thirty
2142 396 64 16 -tix.
2206 396 39 17 The
2253 399 67 14 nature
2325 397 20 17 of
2350 397 31 17 the
2389 397 108 21 opposition

1915 418 42 17 may
1964 414 23 17 be
1999 416 90 21 gathered
2102 416 49 17 from
2165 416 32 17 the
2208 416 96 23 following
2319 419 71 16 extract
2402 418 50 17 from
2466 418 32 18 the

1911 435 86 21 journals
2005 435 21 18 of
2034 436 33 17 the
2076 437 71 17 House.

2018 463 21 17 of
2045 463 113 19 Committee
2166 465 43 17 read
2216 471 4 14 ;
2228 465 71 17 motion
2308 466 52 17 made
2366 466 37 17 and
2408 467 89 20 question

2046 485 42 16 that
2097 486 36 15 Mr.
2142 486 82 20 Speaker
2231 486 23 17 do
2264 491 40 12 now
2312 487 49 18 leave
2369 487 32 17 the

1937 504 123 18 Amendment
2076 506 98 20 proposed,
2188 510 20 14 to
2221 507 50 17 leave
2286 509 34 15 ojt
2336 508 47 16 from
2397 508 34 17 the
2445 509 52 17 word

1932 525 48 17 That
2009 529 19 14 to
2036 527 33 16 the
2076 527 37 16 end
2120 527 21 16 of
2156 527 32 17 the
2199 527 94 21 question,
2302 528 19 17 in
2329 529 55 17 order
2391 530 19 15 to
2419 529 37 17 add
2463 529 33 18 the

1913 546 67 20 words,
2018 547 122 22 coiKidcriug
2152 548 32 17 the
2199 548 64 17 effort*
2278 548 38 18 and
2329 550 94 16 sacrifices
2436 550 61 18 which

1914 566 112 18 Parliament
2034 567 39 18 and
2081 568 31 17 the
2120 571 81 19 country
2209 569 46 17 have
2266 570 54 17 made
2329 572 26 15 lor
2363 571 33 16 the
2403 571 93 17 abolition

1912 587 21 17 of
1944 588 31 17 the
1982 588 53 17 Slave
2042 589 60 17 Trade
2110 588 37 18 and
2155 590 82 21 Slavery,
2253 590 45 17 With
2311 590 39 17 the'
2356 593 76 15 earnest
2447 592 49 21 hope

1914 608 41 17 that
1961 609 50 16 their
2018 609 84 18 exertion
2110 610 38 17 and
2156 611 84 21 example
2248 611 61 22 might
2316 611 38 18 lead
2363 614 19 14 to
2397 613 34 17 the
2445 613 52 17 miti-

1912 629 64 22 gation
1994 630 37 16 and
2051 630 44 17 final
2114 632 104 17 extinction
2234 632 20 17 of
2276 632 56 17 those
2346 632 46 17 evils
2407 633 21 17 in
2442 634 55 17 other

1912 650 103 22 countries,
2024 650 38 18 this
2069 651 66 17 Hotse
2147 652 16 16 is
2177 653 33 16 not
2224 653 89 20 prepared
2327 653 107 22 (especially
2450 654 47 18 with

1912 671 33 17 the
1950 673 75 20 present
2033 675 100 20 prospects
2138 673 21 16 of
2168 673 32 18 the
2208 675 68 19 supply
2284 675 21 16 of
2320 679 57 17 sugar
2390 674 50 17 from
2455 674 41 18 ttri-

1912 691 39 17 tish
1956 694 128 19 possessions)
2095 695 20 15 to
2127 694 58 21 adopt
2198 694 33 17 the
2238 699 85 13 measure
2330 696 90 20 proiio;d
2430 696 24 21 by
2461 696 35 17 her

1912 712 98 22 Majesty's
2020 714 127 17 Government
2157 715 28 17 fr
2192 715 32 17 the
2232 715 97 18 reduction
2338 717 19 16 of
2370 717 31 16 Uu
2415 716 48 21 duty
2471 721 23 13 on

1912 733 71 22 foreign
2089 734 76 18 instead
2176 736 92 18 thereof
2269 737 89 20 question'
2446 738 49 17 That

1911 754 33 17 the
1957 754 62 17 word*
2032 756 93 20 proposed
2138 758 20 15 to
2171 756 23 18 be
2206 757 34 17 lest
2252 760 34 14 out
2300 758 55 16 stand
2368 760 41 18 part
2425 759 21 16 of
2462 758 33 18 tke

2046 776 36 17 l'he
2090 776 149 19 Hou*e-di\ided
2246 784 4 10 :
2259 780 50 19 Ayes
2318 780 36 20 281,
2361 778 51 18 Noes

1931 802 39 18 The
1978 804 94 22 following
2080 804 16 17 is
2104 809 24 12 an
2136 805 82 21 analysis
2226 806 20 17 of
2255 806 33 17 the
2296 806 81 17 dirision
2383 813 4 10 :

1932 830 90 23 Majority
2039 832 30 16 for
2086 832 51 17 Lord
2154 832 92 18 Sandon's
2264 834 104 17 resolution

1951 852 72 20 (teller*
2029 851 96 22 included)
2345 863 6 9 .
2441 856 33 18 319

1931 872 91 22 Minority
2032 873 76 22 against
2116 874 71 20 (tellers
2195 874 95 22 included)
2439 878 33 16 383

1933 893 57 21 Pairs,
1999 895 20 16 18
2450 898 22 17 38

1931 914 151 18 Ministerialists
2090 915 68 18 absent
2422 919 20 15 is

1931 934 133 19 Conservative
2072 936 68 17 absent
2434 940 40 17 l-ig

1931 955 80 22 Speaker
2464 962 8 14 1

2441 1002 33 17 658

1930 1025 175 24 Notwithstanding
2109 1027 42 17 this
2154 1028 59 18 resalt
2218 1027 33 18 the
2256 1028 91 22 Ministry
2351 1028 40 18 still
2396 1028 99 18 remained

1909 1046 21 17 in
1940 1047 59 21 office,
2015 1048 38 17 and
2067 1048 49 17 from
2132 1049 33 16 the
2178 1049 96 22 following
2287 1049 132 18 conversation
2432 1049 64 18 which

1909 1068 44 16 took
1961 1068 52 21 place
2021 1072 24 14 on
2053 1069 33 17 the
2093 1069 44 17 20th
2145 1069 49 22 May,
2201 1070 45 21 they
2255 1071 62 17 would
2323 1075 68 17 appear
2398 1073 21 15 to
2426 1071 68 17 intend

1909 1089 57 21 doing
1972 1093 21 14 so
2002 1095 5 11 ::

1949 1110 38 18 The
1995 1110 110 18 Chancellor
2112 1111 23 17 of
2144 1111 31 18 the
2183 1111 110 22 Exchequer
2299 1118 5 11 :
2317 1112 34 21 Sir,
2359 1112 10 17 I
2377 1112 44 23 give
2429 1113 64 17 notice

1908 1130 48 22 that,
1964 1135 25 13 on
1996 1132 83 21 Monday
2087 1135 51 18 next,
2152 1133 9 16 1
2167 1133 38 17 will
2212 1137 54 13 more
2274 1134 42 16 that
2323 1134 31 17 the
2370 1135 67 16 House
2444 1133 55 18 shall'

1909 1153 72 16 resolve
1988 1152 54 17 itself
2047 1153 41 17 into
2095 1158 11 12 a
2113 1154 110 17 committee
2231 1154 20 17 of
2260 1159 51 16 way*
2319 1154 35 17 and
2362 1159 74 17 means,
2445 1155 48 17 with

1907 1177 12 12 a
1932 1173 46 18 view
1984 1175 21 15 to
2012 1178 55 13 move
2077 1175 32 16 the
2117 1175 55 17 usual
2179 1176 69 16 annual
2263 1180 58 17 sugar
2335 1176 61 16 duties
2410 1176 82 17 therein.

1908 1194 91 21 (Cheers.)
2021 1195 51 17 Lord
2083 1195 51 17 John
2147 1195 75 18 Russell
2234 1200 42 13 rose
2290 1195 52 18 amid
2351 1197 33 17 the
2398 1197 44 21 prof
2441 1201 23 13 oa
2467 1197 25 17 ml

1907 1214 70 18 6ilence
1984 1215 22 17 of
2014 1220 11 12 a
2031 1216 36 17 full
2074 1216 66 17 honxe.
2165 1216 29 18 lie
2201 1216 47 22 said,
2258 1218 9 16 1
2277 1222 61 16 move,
2349 1217 37 21 Sir,
2396 1218 43 16 that
2452 1217 40 18 this

1908 1235 72 22 Hoase,
1987 1238 20 15 at
2015 1237 25 17 its
2048 1237 61 22 rising
2117 1237 24 17 do
2148 1237 81 22 adjourn
2235 1240 20 15 to
2263 1238 88 22 Monday.
2378 1239 34 16 The
2421 1239 45 17 Earl
2473 1239 22 17 of

1907 1256 113 23 Darlington
2027 1264 4 11 :
2046 1258 28 17 As
2087 1258 15 17 it
2117 1263 79 19 appears
2212 1261 20 14 to
2244 1259 23 17 be
2279 1259 33 17 the
2326 1260 95 17 intention
2429 1260 22 16 of
2460 1260 33 17 the

1907 1278 54 17 noble
1969 1279 62 17 lord
2031 1280 142 22 notwstandmg
2180 1280 33 16 the
2220 1279 83 18 division
2311 1280 31 17 the
2349 1281 53 17 other
2411 1280 79 23 night

1907 1300 20 16 to
1935 1299 50 22 cling
1991 1300 47 17 with
2050 1304 25 13 an
2089 1301 137 20 unparralleled
2239 1301 85 21 tenacity
2337 1303 19 15 to
2370 1301 59 21 office,
2445 1302 48 17 after

1907 1320 32 17 the
1945 1324 55 14 sense
2008 1321 21 17 of
2036 1321 33 17 the
2078 1321 66 17 House
2149 1322 21 16 of
2178 1322 103 17 Commons
2288 1322 34 17 has
2334 1322 47 18 been
2388 1322 104 21 unaquivo-

1905 1342 49 20 caliy
1959 1342 87 17 declared
2053 1342 75 22 against
2136 1342 39 18 him
2183 1343 52 21 (lod
2242 1343 106 21 opposition
2356 1344 66 17 cheers
2431 1345 7 19 )
2446 1348 46 16 may

1907 1362 9 16 I
1934 1362 36 18 ask
1981 1367 25 13 on
2020 1363 52 17 what
2085 1363 36 21 day
2134 1363 24 17 he
2172 1364 76 17 intends
2264 1366 19 15 to
2297 1364 54 23 bring
2363 1364 83 18 forward
2459 1364 33 18 the

1906 1383 88 21 question
2006 1383 21 18 of
2043 1385 34 16 the
2091 1385 99 17 corn-laws
2196 1386 31 15 ?
2227 1385 49 17 Lord
2289 1385 51 17 John
2358 1385 76 17 Uuwell
2442 1392 4 10 :
2467 1390 24 13 on

1906 1404 67 21 Jriday
1981 1405 32 17 the
2021 1404 32 18 4th
2060 1406 58 20 June,
2126 1405 113 22 (vociferous
2245 1406 67 21 cheer#
2320 1409 48 14 Iran
2380 1408 32 15 the
2425 1406 66 18 minis,

1906 1425 55 17 terial
1969 1425 56 21 side.)

1928 1446 48 17 Lord
1982 1447 59 17 John
2053 1447 95 18 Russell
2158 1448 39 17 had
2203 1448 112 17 announced
2321 1448 40 17 that
2368 1448 21 17 in
2396 1448 33 17 the
2436 1450 55 15 event

1905 1468 22 16 of
1936 1468 32 16 the
1980 1467 91 22 Ministry
2079 1469 56 22 being
2142 1469 87 17 defeated
2235 1474 24 12 on
2267 1469 51 17 their
2330 1469 71 17 motion
2416 1470 30 16 for
2459 1470 31 16 the

1905 1489 100 17 alteration
2018 1493 24 13 on
2056 1489 34 18 the
2102 1490 53 17 Corn
2168 1490 61 20 Laws,
2241 1490 45 21 they
2299 1491 60 16 would
2366 1490 84 18 dissolve
2458 1491 33 17 the

1905 1510 121 21 parliament:
2041 1510 40 18 this
2093 1513 152 15 announcement
2260 1511 37 17 had
2311 1511 68 17 cauied
2392 1511 34 17 the
2441 1514 50 15 most

1905 1530 61 18 active
1980 1535 80 14 canvass
2067 1533 21 16 to
2104 1532 23 17 be
2138 1532 127 18 'commenced
2279 1533 21 16 in
2315 1533 24 17 all
2352 1534 53 20 parts
2421 1533 22 17 of
2459 1533 32 17 the

1906 1552 102 22 Kingdom.

713 1388 37 30 By
768 1397 14 15 a
799 1390 169 25 Proclamation
987 1394 24 22 in
1033 1395 101 30 to-day's
1152 1404 77 23 paper,
1249 1398 17 23 it

677 1421 47 23 will
735 1422 28 23 be
775 1430 53 16 seen
839 1424 50 24 that
900 1433 15 15 a
928 1425 71 24 Court
1011 1427 26 23 of
1051 1427 117 32 Requests
1180 1430 45 24 will
1239 1431 27 24 be

679 1453 55 24 held
753 1463 29 16 on
801 1456 113 32 Tuesday,
935 1458 37 24 the
993 1459 60 25 19th
1074 1461 100 25 October
1186 1472 6 19 ;
1223 1465 43 23 and

677 1487 51 23 that
744 1489 18 23 it
777 1497 41 15 can
830 1490 53 24 take
895 1493 138 29 cognizance
1045 1494 27 23 of
1086 1494 65 25 debts
1169 1502 39 18 not
1224 1505 42 16 ex-

678 1521 97 31 ceeding
785 1523 63 24 50.

710 1573 51 24 The
774 1574 101 33 Whitby,
891 1576 59 24 Will
964 1577 89 29 Watch,
1067 1580 44 23 and
1124 1580 85 25 Arrow
1227 1590 37 16 are

675 1606 74 24 under
767 1608 83 32 sailing
869 1610 77 24 orders
966 1615 22 19 to
1006 1613 98 30 proceed
1121 1615 46 23 this
1182 1615 43 31 day
1242 1620 22 19 to

675 1639 126 26 D'Urville
815 1642 79 24 Island
907 1651 25 16 or
944 1644 70 25 Blind
1027 1646 59 31 Bay.

842 1710 247 26 WANGANUI.

707 1743 45 22 We
763 1750 39 23 ase
809 1743 57 32 .glad
877 1749 23 19 to
912 1745 64 24 learn
994 1747 50 23 that
1056 1748 46 24 this
1121 1750 66 24 offset
1205 1750 56 25 from

675 1774 58 24 Port
744 1775 126 26 Nicholson
888 1778 20 23 is
920 1779 161 32 beginnings
1089 1790 90 18 assume
1191 1792 13 16 a
1215 1792 46 16 new

674 1813 85 26 aspect.
806 1810 24 24 A
851 1811 44 23 few
917 1814 141 30 respectable
1087 1817 91 24 settlers
1207 1818 54 24 have

663 1847 2 21 ;
673 1842 112 24 stemmed
796 1843 38 24 the
846 1848 89 21 torrent
954 1847 23 22 of
993 1847 183 27 licentiousness.
1213 1851 48 24 The

672 1874 83 24 frantic
776 1877 72 23 revels
873 1878 44 24 and
942 1879 101 25 reckless
1071 1883 97 24 conduct
1190 1884 71 25 which

672 1907 99 26 hitherto
792 1911 94 30 reigned
903 1914 166 29 uncontrolled,
1082 1917 20 22 is
1119 1917 102 32 yielding
1242 1924 19 18 to

673 1941 38 23 the
734 1943 77 30 gentle
828 1945 114 24 influence
968 1947 26 23 of
1015 1949 73 24 moral
1107 1950 154 32 observances,

672 1975 44 22 and
735 1976 38 23 the
791 1977 64 30 place
873 1978 42 23 has
936 1980 83 24 almost
1037 1983 81 23 ceased
1136 1987 23 19 to
1178 1985 28 23 be
1224 1985 37 25 the

672 2007 71 24 haunt
762 2010 26 22 of
811 2010 38 23 the
873 2011 88 24 vicious
982 2014 49 22 and-
1047 2015 120 30 depraved.
1213 2018 48 24 The

671 2046 79 18 recent
770 2044 158 29 appointment
946 2046 25 23 of
994 2054 12 15 a
1029 2047 59 24 local
1111 2049 150 34 Magistracy,

664 2074 52 23 *and
735 2077 159 32 constabulary
905 2077 68 32 force,
988 2080 47 29 wjll
1053 2082 54 23 tend
1124 2088 23 18 to
1159 2083 39 24 the
1209 2093 52 23 pre-

671 2109 114 37 servation
797 2110 25 23 of
835 2111 78 30 public
925 2112 65 24 order
1026 2115 45 23 and
1082 2115 58 24 from
1157 2117 39 24 the
1208 2126 53 24 ope-

671 2142 75 23 ration
759 2142 26 24 of
793 2143 63 24 these
864 2144 102 33 salutary
974 2149 128 29 restraints,
1112 2150 38 23 the
1157 2151 104 31 happiest

670 2175 84 24 results
768 2184 56 24 may
835 2177 28 24 be
882 2180 139 31 anticipated
1055 2182 81 24 indeed
1154 2192 33 16 we
1206 2185 55 25 Have

670 2208 40 23 the
733 2210 115 31 authority
872 2211 25 24 of
921 2212 40 24 the
985 2214 93 24 Church
1102 2218 109 24 catechist
1238 2220 23 23 in

670 2243 87 31 stating
777 2243 49 24 that
853 2244 92 32 already
964 2247 38 24 the
1023 2248 84 24 Native
1129 2251 131 31 population

670 2283 38 15 are
721 2276 120 32 becoming
851 2286 63 16 more
923 2281 118 24 amenable
1053 2288 24 17 to
1088 2283 35 24 his
1136 2286 124 32 teachings,

670 2308 45 24 and
727 2309 45 24 less
783 2311 105 31 disposed
900 2317 23 20 to
935 2315 193 26 encroachments.
1166 2318 94 25 Corres-

666 2343 109 28 pondent.

837 2406 251 29 AUCKLAND.

695 2436 223 24 Appointment*.
918 2441 46 20 The
968 2441 109 28 following
1082 2450 178 19 announcement*

668 2465 103 25 appeared
781 2465 23 20 in
813 2466 36 20 the
868 2468 137 22 Government
1023 2471 88 21 Gazette
1120 2473 25 20 of
1156 2474 104 22 Wednes-

668 2492 40 24 day
723 2492 41 20 last
771 2493 120 22 .Francis
908 2495 81 26 Fisher,
1000 2497 61 28 Esq.,
1079 2502 22 17 to
1110 2500 26 21 be
1154 2500 106 23 Commis-

668 2525 71 15 sioner
753 2520 27 20 bf
798 2521 36 21 the
851 2521 68 23 Court
935 2525 25 19 of
971 2525 105 27 Requests
1091 2530 23 19 to
1124 2529 26 20 be
1174 2530 49 21 held
1238 2533 22 19 at

668 2547 112 21 Auckland
795 2549 44 20 and
854 2549 37 22 the
907 2551 47 27 Bay
969 2553 26 20 of
1007 2553 119 22 Islands.
1128 2556 87 22 Charles
1233 2558 18 21 B

668 2574 89 25 Brewer,
776 2576 59 27 Esq.,
853 2580 22 18 to
886 2579 26 20 be
923 2579 64 21 Clerk
997 2581 26 20 of
1030 2582 37 21 the
1079 2583 70 25 Peace,
1160 2585 43 20 and
1215 2585 43 21 Re-

667 2605 76 23 gistrar
754 2603 24 21 of
785 2605 36 20 the
832 2605 68 22 Court
910 2607 26 20 of
946 2608 104 27 Requests
1060 2610 40 21 for.
1110 2612 150 22 Auckland.

666 2630 90 20 Herald.

701 2658 140 21 Seizure.
842 2660 35 21 On
900 2662 135 29 Wednesday
1055 2666 96 27 evening,
1168 2675 12 13 a
1200 2669 57 25 boat,

665 2687 88 25 tending
761 2688 66 25 goods
837 2688 55 22 from
902 2690 36 21 the
948 2692 63 20 Ariel
1019 2693 111 26 schooner,
1142 2702 40 14 was
1189 2698 68 20 seized

654 2715 2 33 j
665 2714 28 25 by
703 2714 62 21 order
775 2715 25 20 of
807 2716 34 21 the
851 2717 178 27 landing-waiter,
1041 2721 44 21 Mr.
1104 2722 109 27 Guilding,
1223 2725 34 21 for

666 2740 77 28 having
759 2743 71 26 spirits
851 2745 94 27 illegally
962 2747 113 27 imported,
1097 2751 43 19 aud
1156 2752 46 20 also
1223 2753 34 22 for

654 2770 2 14 i
665 2770 88 25 landing
760 2771 61 20 those
834 2773 74 25 spirits
917 2774 43 20 and
974 2776 63 21 other
1045 2777 85 21 articles
1147 2780 90 21 without
1246 2787 11 14 a

665 2799 90 18 warrant
764 2805 23 13 m
797 2799 35 20 the
842 2801 61 19 usual
917 2802 77 21 official
1003 2803 64 23 form.
1096 2806 46 20 The
1151 2806 51 21 boat
1215 2815 42 14 was

664 2824 109 25 liberated,
790 2827 41 19 and
848 2827 37 21 the
894 2830 74 25 spirits
983 2831 85 22 bonded
1083 2834 68 20 under
1168 2836 88 24 leizure,

664 2852 57 19 until
729 2852 106 22 reference
844 2861 40 15 can
893 2855 26 21 be
929 2858 61 20 made
999 2860 24 19 to
1033 2860 36 21 the
1080 2860 44 26 Bay
1133 2862 26 21 of
1171 2862 85 23 Islands

664 2878 86 22 relative
764 2883 23 17 to
807 2882 36 20 the
858 2885 113 20 matter.
971 2886 55 21 lbid.

693 2906 111 29 Recently,
820 2910 59 20 there
889 2911 54 21 have
958 2913 53 20 been
1021 2916 81 20 several
1117 2917 107 22 robberies
1234 2919 23 20 of

666 2936 58 18 boats
733 2936 55 19 from
799 2937 35 20 the
844 2937 71 22 Beach
924 2939 77 28 during
1009 2942 37 21 the
1062 2944 68 26 night,
1147 2946 69 20 which
1225 2953 31 14 we

664 2963 97 20 consider
769 2965 94 25 requires
880 2966 37 21 the
926 2970 106 20 attention
1042 2970 25 21 of
1079 2972 36 20 the
1126 2972 71 22 Police
1206 2973 49 21 Ma-

661 2991 96 22 gistrate.
787 2991 28 21 In
830 2994 67 24 truth,
915 2995 108 22 robberies
1033 2998 25 20 of
1077 2999 29 20 all
1115 2999 140 26 descriptions

663 3022 35 14 are
726 3018 84 27 nightly
834 3022 132 21 committed.
1010 3024 102 29 Building
1139 3029 114 25 materials,

662 3046 94 25 poultry,
762 3047 42 19 and
814 3047 53 27 pigs,
875 3049 57 21 alike
939 3050 118 28 disappear.
1086 3054 58 27 Why
1154 3059 39 17 not
1202 3057 53 21 have

663 3073 36 19 the
715 3074 119 21 constables
851 3082 29 15 on
889 3077 63 26 night
967 3079 52 27 duty
1026 3081 12 19 /
1060 3081 85 27 During
1154 3083 36 21 the
1205 3084 41 25 day

662 3104 63 28 evejy
734 3103 68 19 man's
811 3106 130 25 property,!!
950 3106 44 21 safe
1009 3107 29 26 by
1046 3108 35 20 his
1090 3115 48 15 own
1154 3111 98 27 keeping.

663 3125 82 23 Patrols
755 3130 67 25 ought
830 3132 24 19 to
863 3131 27 21 be
899 3133 130 22 established
1038 3135 64 28 along
1111 3138 36 20 the
1156 3138 64 25 Bays,
1230 3146 24 14 as

660 3154 48 20 well
717 3161 23 14 as
750 3156 23 21 in
783 3157 36 21 the
830 3158 73 26 Town,
920 3161 137 28 particularly
1067 3170 47 15 now
1122 3166 61 20 when
1194 3167 59 21 there

660 3186 19 16 is
688 3188 26 14 so
722 3187 60 22 great
790 3185 103 29 difficulty
901 3187 24 21 in
935 3188 85 28 placing
1028 3198 44 19 any
1075 3196 101 22 property
1184 3194 24 21 in
1218 3201 33 15 se-

660 3212 77 24 curity.
792 3222 47 17 f'tjT
862 3222 26 15 ;'
924 3229 5 4 -
1017 3233 5 5 ,
1135 3229 5 4 -
1159 3212 13 22 .'

687 3238 41 21 We
737 3240 137 27 understand,
946 3243 70 26 there;
1022 3252 35 15 are
1074 3247 59 22 three
1147 3249 61 22 boats
1223 3252 34 19 on'

659 3267 37 19 the
706 3267 70 21 Beach
786 3271 23 18 at
818 3268 85 26 Hokao,
914 3271 78 26 picked
1001 3279 37 21 up,
1048 3274 30 27 by
1086 3276 36 20 the
1127 3280 96 19 .account
1229 3278 26 21 of

659 3295 36 18 the
712 3295 96 25 Natives,
825 3296 90 28 drifting
934 3299 61 21 down
1011 3301 37 21 the
1070 3302 101 23 harbour.
1206 3306 46 20 The

660 3321 110 22 Protector
787 3324 25 20 of
822 3325 127 26 Aborigines
959 3328 76 21 should
1051 3329 93 23 instruct
1160 3333 37 20 the
1207 3333 44 21 Na-

658 3354 62 32 ivesj,
729 3351 48 20 that
786 3351 18 21 it
813 3351 17 21 is
841 3353 55 21 their
914 3354 54 27 duty
983 3357 23 19 to
1016 3357 47 25 give
1080 3358 137 23 information
1228 3361 22 20 in

655 3378 39 25 ,the
703 3378 66 21 Town
780 3379 59 21 when
849 3386 42 21 any
907 3381 66 22 Boats
983 3390 37 14 are
1029 3391 24 14 so
1067 3387 68 24 saved,
1153 3388 41 20 and
1204 3389 47 21 that

657 3405 72 22 unless
739 3406 51 27 they
795 3408 99 26 acquaint
900 3408 38 22 the
946 3410 110 23 Protector
1065 3414 73 21 within
1147 3422 12 13 a
1169 3417 81 19 certain

657 3433 59 25 tune,
727 3433 51 28 they
794 3434 54 21 hall
857 3438 39 19 not
905 3436 26 21 be
947 3438 88 22 entitled
1045 3441 23 20 to
1079 3447 41 20 any
1134 3443 81 21 reward
1225 3450 25 15 or

656 3461 91 26 salvage.
775 3462 55 21 Ibid.

848 3521 211 22 REMARKS

661 3555 28 20 On
698 3556 37 21 the
743 3558 101 26 necessity
856 3559 28 25 of
889 3561 123 26 protecting
1026 3563 36 20 the
1074 3564 83 21 Female
1175 3566 70 20 Whale

754 3585 42 20 and
804 3586 37 20 her
853 3587 114 26 Offspring,
978 3589 26 24 by
1013 3590 138 23 Legislation.

1310 133 80 22 article.
1419 135 46 22 The
1476 135 62 22 short
1551 136 123 27 paragraph
1688 137 101 27 devoted,
1804 139 21 20 in
1841 138 48 22 that

1310 160 80 27 article,
1408 164 20 18 to
1446 161 37 22 the
1500 162 89 22 natural
1603 162 83 28 history
1702 164 24 20 of
1738 164 37 21 the
1789 165 75 28 whale,
1876 166 12 21 I

1309 186 92 27 confess,
1412 195 90 19 appears
1514 193 21 17 to
1545 196 36 14 me
1587 192 23 19 to
1620 190 89 21 contain
1719 190 75 22 rather
1802 199 13 13 a
1824 192 64 22 hasty

1309 215 118 20 statement
1437 214 53 22 than
1499 222 15 14 a
1522 215 94 27 positive
1625 223 66 14 error.
1719 216 47 22 The
1779 218 76 26 peiiod
1866 220 26 20 of

1307 241 109 24 gestation
1434 241 25 21 in
1477 241 28 21 all
1525 242 93 21 animals
1637 242 18 21 is
1679 250 42 15 one
1741 244 71 21 which
1826 245 62 22 leads

1308 266 93 28 directly
1407 270 23 21 .to
1441 272 62 21 great
1514 268 97 26 changes
1620 268 23 22 in
1653 268 37 22 the
1701 277 107 21 economy
1818 272 26 20 of
1852 272 35 22 the

1306 296 84 24 parent,
1407 294 43 21 and
1466 294 293 27 unquestionablytowards
1775 298 36 21 the
1827 306 60 14 com-

1306 319 83 27 pletion
1410 320 24 21 of
1450 320 37 21 the
1502 321 64 21 foetal
1582 322 112 22 existence
1717 322 35 22 the
1771 324 69 27 effort,
1858 333 27 14 on

1307 345 36 22 the
1358 351 50 22 part
1423 346 25 21 of
1462 346 36 23 the
1516 351 85 23 parent,
1617 348 20 21 is
1654 349 23 21 in
1697 353 57 18 most
1768 350 116 28 instances,

1305 379 61 14 more
1377 373 116 27 especially
1502 374 26 21 in
1537 374 37 21 the
1582 375 55 21 class
1643 376 133 26 mammalia,
1785 381 21 17 to
1815 378 69 21 which

1305 398 38 21 the
1358 398 69 23 wliale
1440 400 87 27 strictly
1535 400 101 27 belongs,
1651 402 77 27 nearly
1744 410 24 14 as
1782 404 65 21 much
1862 413 24 13 as

1305 428 78 19 nature
1393 433 39 14 can
1443 426 59 27 bear,
1515 434 48 14 even
1577 428 66 20 where
1653 430 35 19 the
1701 432 77 23 parent
1788 431 45 20 does
1850 435 35 18 not

1303 453 82 25 require
1402 454 111 26 absolutely
1530 457 22 18 to
1572 456 54 20 leave
1644 457 38 19 her
1691 457 90 25 feeding
1797 460 86 23 ground.

1303 478 68 26 Tlius,
1382 480 24 21 in
1423 480 65 22 fishes
1503 482 41 26 (as,
1556 482 34 21 for
1606 483 108 27 example,
1726 484 37 21 the
1777 484 106 28 herring),

1303 505 43 22 this
1356 506 47 21 fact
1411 506 16 21 is
1437 506 126 25 illustrated
1572 509 22 22 in
1610 517 12 13 a
1631 510 137 22 remarkable
1779 518 104 22 manner;

1303 531 81 28 during
1392 533 37 21 the
1446 533 169 29 developement
1625 536 25 21 of
1664 536 36 22 the
1712 544 46 20 ova,
1775 538 43 22 and
1828 546 55 15 even

1302 558 65 22 when
1377 559 37 22 the
1423 564 62 23 great
1500 561 61 27 body
1576 562 26 22 of
1611 562 37 21 the
1663 562 99 28 herrings
1778 566 106 22 assemble

1302 585 45 22 and
1357 587 109 26 approach
1476 587 38 22 the
1524 588 77 27 shores
1611 589 42 21 and
1670 590 54 26 bays
1735 591 33 21 for
1784 591 36 22 the
1832 600 52 19 pur-

1302 619 52 20 pose
1365 613 24 20 of
1403 613 128 29 depositing-
1536 615 37 22 the
1583 623 48 19 ova,
1643 616 37 21 the
1689 617 81 25 female
1780 623 77 21 parent
1866 620 18 21 is

1302 638 43 22 still
1359 640 53 25 good
1422 640 45 25 (not
1486 642 26 26 ly
1521 649 42 19 any
1571 649 69 14 means
1644 644 76 27 prime,
1731 646 72 24 Knox)
1803 665 6 8 X
1817 653 23 14 as
1855 654 27 14 an

1302 665 76 23 article
1389 667 26 21 of
1420 667 64 22 food:
1500 676 68 20 every
1577 669 63 28 hour,
1655 670 107 28 however,
1773 673 58 20 from
1841 673 42 22 this

1301 693 53 21 time
1364 693 75 22 makes
1453 701 30 15 an
1498 696 140 27 astonishing
1653 696 125 26 difference,
1795 706 23 14 so
1836 699 47 22 that

1300 718 64 23 when
1375 720 36 21 the
1422 720 40 22 fish
1472 721 18 22 is
1500 726 24 17 at
1533 722 43 23 last
1585 723 73 27 taken,
1669 723 106 29 although
1789 726 43 21 still
1842 726 41 22 full

1300 745 27 21 of
1331 748 45 25 toe,
1392 747 36 21 the
1444 749 98 22 muscles
1556 750 96 27 actually
1664 757 80 21 appear
1752 752 24 21 in
1791 760 13 13 a
1818 753 65 21 semi-

1298 771 56 23 fluid
1369 776 61 23 state,
1441 774 45 22 and
1500 775 31 22 all
1546 776 32 21 fat
1594 777 44 21 and
1653 776 85 23 flavour
1754 778 40 22 has
1811 780 71 27 disap-

1298 799 89 26 peared.
1416 800 68 28 They,
1499 802 111 27 however,
1623 804 24 21 in
1658 804 43 22 this
1712 805 108 22 wretched
1829 813 53 14 con-

1299 825 77 28 dition,
1388 827 50 22 take
1452 827 38 22 the
1503 829 45 22 salt
1564 830 60 26 well;
1646 830 45 22 and
1707 839 37 14 are
1760 838 50 16 sent
1825 837 58 18 most

1297 853 116 28 generally
1429 858 22 17 to
1470 862 42 15 our
1523 855 69 23 'West
1610 857 66 22 India
1694 858 103 23 colonies.
1834 860 47 22 The

1298 883 86 24 parent,
1396 888 23 14 as
1436 881 11 22 I
1458 881 57 22 have
1526 883 54 26 said,
1593 884 124 27 remaining
1726 885 24 22 in
1761 886 57 26 good
1829 894 52 14 con-

1298 906 77 28 dition,
1387 908 57 21 until
1454 915 13 14 a
1477 908 62 23 short
1549 911 53 21 time
1612 911 102 27 previous
1724 915 21 19 to
1759 914 120 27 spawning,

1298 933 64 22 when
1373 934 37 21 the
1420 936 120 21 anatomist
1549 944 41 14 can
1607 937 98 28 observe,
1715 939 29 26 by
1754 939 124 28 dissection,

1297 959 49 22 that
1364 961 59 27 large
1443 962 83 22 vessels
1537 963 48 22 -full
1605 964 26 21 of
1645 965 86 21 arterial
1758 966 67 21 blood
1844 975 36 13 are

1298 987 105 27 coursing
1418 989 95 22 towards
1531 990 38 23 the
1588 998 48 19 ova,
1651 992 44 21 and
1715 992 53 26 that,
1785 994 22 20 in
1827 994 51 26 fact,

1296 1013 63 22 these
1368 1014 56 22 have
1434 1015 93 22 become
1535 1024 24 14 as
1568 1016 17 23 it
1592 1025 56 14 were
1655 1019 82 27 gorged
1747 1019 50 22 with
1804 1020 74 26 blood;

1296 1039 39 22 the
1344 1041 72 22 whole
1425 1049 84 21 energy
1516 1043 25 21 of
1549 1044 36 21 the
1592 1046 96 24 parent's
1695 1050 82 22 system
1785 1046 18 21 is
1811 1048 69 21 called

1296 1074 60 20 upon
1368 1072 21 17 to
1401 1070 110 26 complete,
1519 1070 38 21 the
1566 1071 148 27 phenomena,
1724 1073 45 21 and
1779 1078 39 17 not
1827 1075 53 27 only

1296 1101 14 13 a
1319 1095 64 21 ranid
1392 1095 133 23 diminution
1536 1098 27 21 of
1575 1098 36 21 the
1627 1098 57 28 fatty
1700 1100 103 26 particles
1818 1101 61 21 takes

1295 1120 71 28 place,
1383 1122 40 22 but
1430 1122 124 25 important
1567 1124 103 28 changes,
1686 1132 62 15 morsr
1763 1128 116 27 especially

1295 1154 61 21 upon
1367 1148 37 22 the
1414 1148 64 23 fluids
1493 1150 46 22 and
1549 1151 130 22 semi-fluids
1689 1153 25 21 of
1728 1153 36 22 the
1775 1154 64 27 body,
1855 1163 23 14 so

1296 1173 48 22 that
1353 1175 37 22 th
1402 1176 95 27 herring,
1509 1177 80 27 which,
1601 1186 38 20 say
1646 1187 13 14 a
1666 1180 109 26 fortnight
1785 1188 23 14 or
1818 1181 60 23 three

1296 1201 72 22 weeks
1383 1204 102 30 previous
1499 1207 24 18 to
1538 1205 120 28 spawning,
1677 1213 44 15 was
1731 1208 23 20 in
1765 1208 45 21 fine
1826 1216 52 14 con-

1296 1227 77 28 dition,
1384 1230 20 21 ii
1413 1233 22 18 at
1444 1230 39 22 the
1498 1231 79 27 period
1591 1232 26 21 of
1625 1234 114 26 spawning
1751 1234 32 26 (to
1793 1242 38 14 use
1842 1236 36 21 the

1296 1256 127 26 expression
1433 1257 27 21 of
1470 1265 14 14 a
1493 1262 60 17 most
1569 1258 161 28 philantrophic
1743 1262 100 21 member
1857 1263 25 21 of

1295 1281 38 22 the
1342 1282 81 23 British
1432 1284 92 28 herring
1533 1285 82 29 fishery
1621 1286 79 27 board)
1733 1289 59 25 good
1801 1291 77 24 enough

1294 1308 35 22 for
1343 1309 37 22 the
1389 1311 66 27 poor!
1492 1312 22 21 it
1529 1312 27 26 is,
1570 1313 24 21 in
1607 1313 51 27 fact,
1672 1321 14 14 a
1701 1318 44 18 sort
1755 1315 26 21 of
1793 1317 83 25 poison.

1294 1335 45 22 But
1347 1336 52 28 why
1409 1338 79 22 should
1497 1346 33 14 we
1545 1340 91 21 wander
1649 1348 24 14 so
1683 1341 39 27 far,
1735 1342 33 20 for
1782 1342 96 24 illustra-

1294 1362 46 21 tion
1358 1364 26 21 of
1390 1364 42 22 this
1446 1365 52 27 fact,
1511 1366 59 21 from
1578 1366 49 23 that
1637 1368 55 21 class
1710 1368 25 22 of
1746 1369 93 23 animals
1856 1375 20 17 to

1293 1389 73 22 which
1385 1391 37 22 the
1440 1392 72 21 whale
1528 1393 86 27 strictly
1632 1394 99 28 belongs.
1764 1396 47 22 The
1832 1405 44 15 ewe

1293 1423 52 20 may
1355 1417 28 22 be
1392 1418 106 23 tolerable
1507 1419 55 22 food
1578 1420 72 28 w,hilst
1665 1422 38 21 the
1717 1422 60 22 lamb
1790 1424 18 21 is
1817 1429 38 22 yet
1865 1432 12 14 a

1293 1442 67 23 foetus
1375 1444 28 21 of
1413 1446 63 21 small
1493 1446 51 26 size,
1564 1447 41 22 but
1619 1449 94 21 towards
1727 1449 37 22 the
1778 1449 99 29 lambing

1293 1477 87 21 season,
1390 1479 30 14 no
1427 1479 42 15 one
1479 1473 45 22 will
1535 1474 92 26 pretend
1638 1477 21 19 to
1670 1482 39 20 say
1717 1476 48 22 that
1775 1477 36 22 the
1821 1477 54 23 flesh

1293 1497 26 21 of
1325 1497 38 22 the
1372 1502 79 23 parent
1463 1500 18 21 is
1497 1500 73 22 either
1578 1502 33 20 fat
1626 1509 25 13 or
1666 1509 55 15 even
1733 1503 24 21 fit
1773 1504 35 21 for
1817 1504 58 23 food.

1293 1523 42 22 Let
1354 1524 36 23 the
1408 1527 104 27 sceptical
1527 1527 51 22 take
1596 1528 38 21 the
1647 1529 38 27 pig
1701 1529 81 27 (which
1796 1531 81 23 indeed

1291 1552 121 23 resembles
1422 1553 37 22 the
1476 1554 71 22 whale
1563 1554 23 22 in
1604 1562 13 14 a
1625 1559 63 23 great
1705 1557 84 28 variety
1799 1557 25 22 of
1835 1560 40 20 cir-

1292 1580 147 26 cumstances)
1450 1580 36 22 for
1497 1588 15 14 a
1528 1585 51 23 type
1590 1582 26 21 of
1628 1583 146 28 comparison,
1790 1585 44 22 and
1849 1586 27 22 he

1292 1611 24 15 or
1331 1605 53 28 they
1399 1607 42 22 will
1456 1607 53 22 then
1528 1608 28 22 be
1572 1608 49 22 able
1637 1612 21 19 to
1673 1618 39 19 say
1726 1611 99 23 whether
1839 1613 36 21 the

1291 1639 45 14 sow
1354 1633 19 21 ii
1392 1633 75 23 fattest
1481 1636 49 26 just
1550 1635 74 23 before
1643 1636 84 28 having
1741 1637 40 23 her
1799 1639 75 23 brood.

1291 1658 82 23 Would
1389 1661 37 21 the
1447 1662 174 22 Yorkshireman
1640 1664 73 26 prefer
1727 1664 33 22 his
1777 1665 61 23 flitch
1855 1669 25 19 of

1291 1686 71 22 bacon
1373 1687 56 22 from
1446 1688 38 22 the
1495 1696 85 14 carcass
1594 1690 25 21 of
1632 1698 12 13 a
1654 1698 45 14 sow
1710 1691 47 27 just
1771 1693 69 22 about
1854 1698 21 17 to

1291 1713 97 26 produce
1397 1715 27 21 its
1430 1722 122 16 numerous
1560 1717 44 21 and
1612 1717 107 23 beautiful
1728 1719 82 22 brood?
1827 1721 48 22 The

1290 1739 55 22 flesh
1352 1741 26 21 of
1385 1749 56 14 cows
1449 1742 53 22 with
1514 1742 50 28 calf,
1572 1743 20 22 if
1599 1743 95 28 brought
1705 1749 21 17 to
1734 1745 37 23 the
1782 1738 92 36 market^

1289 1774 20 13 is
1318 1767 73 23 seized
1402 1769 43 21 and
1455 1769 79 22 buried
1544 1770 6 21 !
1565 1770 24 22 in
1599 1771 29 21 all
1641 1771 101 23 civilized
1757 1775 117 22 countries.

1298 1793 56 22 Sven
1366 1796 119 27 supposing
1496 1796 47 22 that
1555 1797 39 21 the
1604 1798 79 22 female
1693 1799 70 23 whale
1774 1802 100 21 retained

1297 1827 33 15 >er
1347 1822 54 21 bulk
1415 1823 24 21 of
1451 1830 94 20 carcass,
1557 1824 79 27 which,
1646 1825 110 28 however,
1770 1826 10 22 I
1796 1828 26 21 do
1836 1832 40 18 not

1290 1848 93 28 believe,
1393 1853 37 24 yet
1447 1850 37 21 the
1500 1851 31 21 oil
1549 1858 24 14 or
1587 1851 33 22 fat
1631 1853 43 21 will
1691 1853 26 21 be
1733 1853 41 22 full
1789 1855 28 24 of,
1829 1856 45 21 and

1289 1874 77 23 mixed
1383 1876 50 22 with
1450 1877 64 22 other
1530 1878 78 27 juicos,
1627 1879 33 22 its-
1672 1879 106 23 chemical
1797 1886 77 19 nature

1290 1903 154 28 considerably
1454 1904 109 27 changed,
1575 1906 50 26 and,
1638 1906 10 22 I
1659 1906 57 22 have
1726 1914 29 14 no
1765 1908 79 26 doubt;
1852 1910 22 21 in

1290 1928 37 22 the
1338 1934 66 18 worst
1413 1931 93 26 possible
1517 1935 56 19 state
1583 1933 35 21 for
1629 1933 123 28 producing
1763 1935 29 22 oil
1801 1936 25 21 fit
1841 1937 34 22 for

1290 1964 45 19 any
1349 1963 100 21 purpose.
1478 1958 50 22 The
1543 1959 156 23 nourishment
1709 1961 25 21 of
1746 1961 38 22 the
1799 1970 76 21 young

1291 1983 77 26 whale,
1386 1985 25 21 of
1425 1992 85 20 course,
1527 1985 68 29 keeps
1615 1987 36 21 the
1670 1992 79 23 parent
1764 1993 40 18 not
1822 1992 52 26 only

1289 2013 61 33 g&ar,
1368 2011 47 25 but,
1435 2019 24 13 as
1479 2013 11 20 I
1507 2012 59 22 have
1583 2013 89 28 already
1691 2016 124 27 ieniarked,
1837 2018 37 21 the

1290 2036 64 22 fluids
1366 2037 24 21 of
1403 2038 36 21 the
1456 2039 58 27 body
1524 2039 25 21 in
1563 2046 14 15 a
1590 2041 98 26 peculiar
1705 2046 55 18 state
1766 2050 5 19 j
1789 2050 12 14 a
1811 2047 62 24 state,

1289 2063 23 21 in
1322 2064 52 26 fact,
1385 2064 23 22 in
1418 2069 58 18 most
1486 2066 125 27 mammals,
1622 2075 23 14 as
1655 2067 38 23 the
1704 2076 53 19 cow,
1768 2070 44 27 pig,
1824 2072 48 26 &c,

1289 2090 23 21 in
1329 2091 74 22 which
1419 2099 67 20 every
1497 2100 43 15 one
1556 2093 76 23 knows
1647 2095 49 21 that
1712 2096 37 21 the
1757 2096 34 22 fat
1805 2098 70 22 either

1290 2117 94 28 entirely
1393 2119 133 28 disappears,
1538 2128 25 14 or
1572 2121 102 23 becomes
1684 2127 58 17 most
1751 2125 123 27 materially

1290 2144 108 28 changed.

1316 2171 47 23 The
1381 2173 133 23 destruction
1532 2174 25 22 of
1567 2175 37 21 the
1618 2183 77 20 young
1712 2177 70 22 whale
1791 2178 18 21 is
1818 2179 56 22 alto-

1289 2199 78 26 gether
1383 2207 12 14 a
1411 2205 57 17 most
1484 2201 108 23 inhuman
1613 2203 44 21 and
1675 2204 72 22 brutal
1764 2208 108 26 practice;

1289 2224 45 29 but,
1355 2227 140 23 uneducated
1515 2236 51 14 man
1597 2230 37 21 the
1657 2231 66 22 brute
1748 2239 57 15 mass
1836 2234 38 21 has

1289 2252 81 28 always
1384 2254 72 22 shewn
1472 2255 64 22 itself
1551 2257 35 21 the
1597 2257 164 23 exterminator.
1792 2259 21 22 It
1822 2261 18 21 is
1851 2269 23 14 as

1289 2279 58 23 clear
1361 2288 24 14 as
1400 2282 48 27 day,
1465 2282 49 22 that
1528 2283 87 22 neither
1629 2284 37 21 the
1686 2290 78 22 parent
1779 2294 40 14 nor
1834 2288 40 21 off-

1289 2307 76 28 spring
1377 2307 78 23 should
1469 2310 28 21 be
1512 2310 121 22 interfered
1643 2311 51 22 with
1702 2320 5 18 ;
1722 2312 76 28 laying
1813 2316 59 21 aside

1288 2334 123 27 altogether
1426 2336 38 22 the
1480 2337 144 28 inhumanity
1635 2338 44 22 and
1695 2344 59 17 waut
1764 2341 26 20 of
1801 2342 71 27 policy

1288 2360 82 28 shewn,
1383 2363 10 21 I
1406 2363 40 22 feel
1456 2364 61 27 quite
1529 2365 83 22 certain
1623 2365 47 22 that
1680 2365 37 22 the
1726 2367 28 21 oil
1766 2371 59 18 must
1834 2373 38 18 not

1288 2388 52 27 only
1348 2389 27 21 be
1383 2389 23 22 in
1415 2391 174 27 comparatively
1596 2392 62 22 small
1666 2394 108 28 quantity,
1785 2395 38 22 but
1829 2396 44 21 bad

1287 2422 23 14 m
1330 2417 92 27 quality.
1432 2445 5 4 _
1451 2418 44 21 Let
1509 2418 39 21 the
1568 2419 57 22 male
1641 2420 71 21 whale
1727 2421 27 22 be
1770 2423 101 22 attacked

1287 2442 72 22 under
1374 2443 29 22 all
1420 2445 179 27 circumstances,
1619 2447 48 27 but,
1684 2449 187 29 unquestionably

1287 2468 37 23 the
1347 2471 86 22 female-
1447 2472 46 21 and
1516 2472 42 22 her
1579 2473 107 28 offspring
1709 2474 101 23 deserves
1832 2485 40 13 our

1287 2498 118 27 sympathy
1421 2499 44 21 and
1481 2500 132 26 protection.
1650 2501 21 22 It
1690 2502 72 22 would
1782 2511 87 19 appear,

1287 2523 44 22 Mr.
1340 2525 83 23 Editor,
1431 2525 48 23 that
1487 2526 38 22 the
1533 2530 90 24 capture
1630 2528 25 21 of
1662 2528 37 21 the
1707 2529 69 22 whale
1786 2532 85 20 around

1286 2550 56 22 New
1358 2552 100 23 Zealand
1472 2554 20 21 is
1507 2554 85 21 carried
1608 2562 29 14 on
1655 2559 22 18 at
1692 2555 38 22 the
1749 2564 54 20 very
1817 2558 53 22 time

1286 2578 63 21 when
1360 2585 13 15 a
1383 2580 50 21 wise
1443 2580 128 28 legislature
1581 2582 71 21 would
1663 2586 93 23 prevent
1764 2584 24 21 it.
1817 2585 54 22 And

1286 2604 36 22 the
1333 2605 97 29 whaling
1444 2608 94 21 stations
1552 2609 84 22 around
1653 2610 36 21 the
1707 2614 60 18 coast
1785 2619 40 13 can
1843 2613 26 21 be

1286 2634 117 26 compared
1413 2634 53 27 only
1476 2638 22 18 to
1510 2635 38 22 the
1558 2636 64 21 small
1633 2636 97 28 villages,
1741 2638 23 21 in
1780 2638 90 23 Ireland

1286 2659 43 22 and
1340 2659 111 29 Scotlaud,
1464 2669 29 14 on
1504 2662 38 21 the
1554 2662 70 22 bank?
1635 2664 31 24 of.
1668 2663 36 22 the
1712 2667 62 24 great
1784 2665 85 23 salmon

1285 2685 74 23 rivers.
1389 2688 47 22 The
1455 2696 45 15 war
1524 2690 27 21 of
1571 2691 171 21 extermination
1764 2692 20 21 is
1794 2692 3 4 -
1807 2692 62 23 there

1285 2714 85 22 carried
1386 2722 29 15 on
1430 2719 23 18 to
1469 2716 133 28 perfection.
1629 2717 47 22 The
1690 2718 41 22 fish
1747 2719 121 25 are-taken,

1284 2740 57 22 until
1360 2741 38 23 the
1418 2742 105 28 unhappy
1541 2747 108 25 squatters
1669 2749 36 17 eat
1721 2745 61 22 them
1799 2749 22 19 at
1840 2748 30 21 all

1284 2766 73 29 hours,
1370 2773 71 18 notto
1451 2777 40 20 say
1500 2778 98 20 seasons,
1610 2771 56 21 until
1677 2772 56 22 their
1743 2773 75 22 bodies
1832 2778 39 23 get

1284 2796 95 21 covered
1389 2796 52 22 with
1450 2797 127 28 something
1594 2802 39 18 not
1643 2806 54 20 very
1712 2799 67 22 much
1794 2801 75 22 unlike

1284 2821 37 22 the
1331 2823 71 22 scales
1411 2824 103 27 covering
1528 2825 36 21 the
1578 2826 115 21 miserable
1704 2826 84 28 kipper,
1799 2835 24 14 so
1835 2829 35 21 in-

1283 2848 109 30 humanly
1411 2851 143 27 slaughtered
1572 2852 45 22 and
1638 2860 23 14 so
1680 2853 133 28 inhumanly
1832 2855 38 22 de-

1283 2877 91 23 voured,
1404 2878 10 21 I
1424 2878 108 28 perfectly
1542 2886 65 20 agree
1618 2879 52 22 with
1682 2888 44 19 you
1736 2881 22 21 in
1771 2886 99 23 suggest-

1282 2903 39 27 ing
1335 2903 48 22 that
1394 2905 37 21 the
1442 2905 97 27 hunting
1548 2906 53 22 field
1611 2906 33 22 for
1653 2907 37 21 the
1701 2907 70 23 whale
1791 2909 78 22 should

1282 2930 28 21 be
1325 2931 103 22 confined
1443 2935 22 18 to
1479 2933 37 21 the
1534 2940 56 20 open
1602 2941 42 19 sea,
1656 2934 45 22 and
1711 2935 47 21 that
1768 2934 36 23 the
1815 2936 54 28 bays

1283 2958 85 22 around
1378 2958 37 22 the
1425 2963 61 18 coast
1495 2960 82 22 should
1587 2961 26 21 be
1630 2965 58 17 most
1698 2962 107 27 carefully
1818 2970 51 17 pro-

1282 2984 79 24 tected.
1390 2986 47 21 The
1447 2986 62 22 work
1519 2987 58 22 done
1587 2991 24 18 at
1621 2988 36 22 the
1668 2988 96 28 whaling
1777 2993 92 19 stations

1283 3012 67 26 ought
1361 3015 23 19 to
1393 3012 27 22 he
1430 3013 38 22 the
1479 3014 125 22 extraction
1620 3015 26 21 of
1657 3015 38 22 the
1712 3016 30 22 oil
1757 3017 58 21 from
1829 3017 37 23 the

1281 3037 100 29 blubber,
1392 3040 45 21 and
1451 3041 121 28 preparing
1581 3042 18 21 it
1608 3041 34 22 for
1656 3042 37 22 the
1704 3042 87 23 market
1818 3052 49 19 pre-

1281 3066 78 27 paring
1374 3066 37 22 the
1428 3067 79 22 baleen
1525 3068 47 22 also
1587 3069 34 21 for
1634 3069 36 21 the
1686 3070 87 22 market
1780 3078 5 14 :
1801 3071 44 22 and
1856 3072 11 21 I

1281 3091 64 23 think
1361 3093 101 28 another,
1470 3094 54 22 .and
1540 3095 12 21 I
1566 3099 56 18 trust
1638 3096 115 27 profitable
1768 3097 99 28 employ-

1281 3123 62 18 ment
1356 3121 71 26 might
1441 3121 28 22 be
1486 3121 80 28 added,
1585 3122 50 22 that
1650 3123 25 26 is,
1698 3125 130 26 converting
1844 3128 22 19 to

1280 3147 72 21 useful
1363 3155 104 20 purposes
1483 3148 64 22 those
1561 3153 61 27 parts
1632 3149 25 22 of
1667 3149 38 22 the
1716 3150 69 22 whale
1794 3152 73 21 which

1280 3180 36 14 are
1335 3177 23 19 at
1373 3179 89 23 present
1479 3175 51 27 lost,
1550 3176 43 22 viz.
1613 3176 37 22 the
1669 3177 102 27 muscles,
1789 3178 75 28 bones,

1279 3200 45 22 and
1335 3201 36 22 the
1382 3203 72 22 refuse
1465 3203 26 21 of
1497 3203 38 21 the
1544 3203 100 22 blubber.

1306 3227 84 23 Should
1410 3229 42 23 this
1467 3231 75 21 notice
1557 3233 40 19 not
1617 3238 67 24 prove
1704 3234 36 18 too
1759 3231 55 28 long
1831 3232 35 22 for

1278 3262 57 19 your
1345 3255 107 29 columns,
1466 3257 10 21 I
1493 3257 57 21 shall
1565 3257 101 22 consider
1674 3258 29 21 its
1718 3258 107 23 insertion
1836 3267 29 15 an

1278 3282 118 22 invitation
1407 3284 32 22 for
1448 3284 87 22 further
1547 3284 99 22 remarks
1656 3292 27 14 on
1696 3284 36 22 the
1743 3293 61 14 same
1815 3287 50 20 sub-

1275 3309 54 27 ject,
1340 3310 55 22 such
1406 3318 22 14 as
1444 3318 13 14 a
1474 3311 50 21 well
1534 3311 125 22 conducted
1670 3313 144 28 experiment,
1827 3313 37 22 the

1278 3335 78 23 details
1374 3337 27 22 of
1416 3337 72 23 which
1507 3338 12 22 I
1537 3338 58 22 have
1611 3339 30 26 by
1658 3346 43 19 me,
1719 3346 29 15 on
1765 3339 37 22 the
1817 3341 48 21 best

1277 3363 93 23 method
1380 3364 26 22 of
1411 3365 107 27 applying
1528 3365 37 22 the
1575 3372 89 15 carcase
1674 3366 26 21 of
1710 3366 37 21 the
1760 3367 71 22 whale
1841 3370 23 19 to

1277 3389 37 23 the
1324 3398 104 21 purposes
1439 3392 26 21 of
1471 3399 102 20 manure,
1582 3393 40 21 &c.
1634 3393 39 21 &c.

1303 3417 60 23 That
1378 3419 120 24 lj.r_.,Knox
1507 3419 47 21 will
1570 3423 58 18 most
1644 3419 84 28 readily
1740 3421 124 21 communi-

1277 3448 48 18 cate
1336 3444 37 23 the
1383 3447 69 21 result
1460 3447 26 21 of
1493 3446 34 22 his
1535 3446 151 22 observations
1695 3454 28 14 on
1731 3447 39 22 the
1777 3448 87 22 natural

1277 3471 84 28 history
1378 3473 45 21 and
1442 3480 111 20 economy
1572 3473 27 21 of
1615 3473 87 28 whales,
1723 3474 11 21 I
1757 3474 57 22 have
1834 3482 29 15 no

1276 3498 76 27 doubt,
1366 3499 42 22 but
1417 3500 10 21 I
1438 3499 66 22 much
1516 3500 48 21 fear
1573 3500 47 21 that
1630 3500 37 22 the
1683 3504 90 23 present
1785 3509 77 14 season

1276 3525 17 22 is
1304 3529 36 19 too
1350 3527 153 31 unpropitious
1519 3527 24 21 in
1561 3534 60 14 more
1639 3534 58 20 ways
1713 3527 53 22 than
1777 3535 41 14 one
1830 3528 34 22 for

1276 3553 33 21 his
1328 3555 134 26 attempting
1480 3561 46 20 any
1544 3553 65 28 thing
1625 3554 24 21 in
1667 3554 38 23 the
1724 3554 68 28 shape
1811 3555 25 22 of
1850 3563 13 15 a

1275 3580 93 27 popular
1376 3580 91 22 lecture.

1384 3607 12 21 I
1407 3607 56 22 have
1472 3607 38 22 the
1520 3607 89 22 honour
1617 3611 21 18 to
1648 3608 35 27 be,

1465 3635 45 20 Mr.
1523 3634 85 27 Editor,

1536 3661 63 22 Your
1609 3664 102 19 constant
1720 3662 84 26 reader,

1790 3689 29 24 X,

1300 3713 144 29 Wellington,
1457 3715 59 27 Sept.
1528 3716 34 23 22,
1574 3716 60 20 1811.

94 1009 45 25 We
149 1010 145 24 recommend
306 1011 39 23 the
355 1011 118 31 following
481 1016 99 19 extracts
591 1013 58 24 from

63 1052 14 15 a
86 1043 68 24 letter
166 1042 66 25 dated
242 1044 77 30 April,
340 1046 74 27 1841,
427 1049 23 19 to
459 1044 49 24 'the
526 1046 92 31 peruaal
630 1047 19 23 of

65 1084 41 16 our
117 1076 99 24 readers.
249 1077 56 23 'We
317 1077 73 23 vouch
402 1078 35 23 for
455 1077 39 24 the
510 1086 109 24 accuracy
630 1080 19 23 of

62 1110 38 24 the
112 1109 146 24 information
268 1110 75 24 which
354 1110 55 31 they
421 1112 98 23 contain.
