2569 3999
583 538 131 32 PORT
737 534 288 37 NICHOLSON,
1047 526 259 40 SATURDAY
1327 527 242 39 MORNING,
1591 529 173 32 MARCH
1787 531 52 33 20,
1865 530 87 27 1841.

2316 524 98 41 [Vol.
2436 526 27 30 1.

50 550 63 31 No.
136 548 65 39 49.]

1221 42 98 33 THE

47 113 460 134 NEW
619 93 868 144 ZEALAND
1597 93 856 139 GAZETTE

1207 264 101 32 AND

45 296 1149 151 WELLINGTON
1309 296 1149 151 SPECTATOR.

699 630 115 21 UNION
828 628 101 21 BANK
944 627 43 20 OP
1002 623 216 24 AUSTRALIA.

663 664 94 22 London
777 663 92 25 Office,
886 660 43 22 No.
944 661 36 25 33,
998 660 51 21 Old
1065 659 182 21 Broad-street.

717 696 94 28 Capital,
821 695 122 26 £500,000;
964 693 52 27 paid
1025 700 37 19 up,
1077 691 118 27 £300,000.

899 730 108 13 DIRECTORS
1013 731 5 11 :

769 757 68 19 George
844 755 40 18 Fife
891 755 66 19 Angas,
966 754 48 20 Esq.,

769 777 68 17 Robert
844 776 74 18 Brooks,
928 775 49 20 Esq.,

768 798 62 16 James
838 797 48 17 John
894 796 99 18 Cummins,
1001 795 50 20 Esq.,

768 819 69 16 Robert
844 817 96 19 Gardener,
951 817 49 19 Esq.,
1012 814 121 20 Manchester,

768 840 49 18 John
826 840 51 18 Gore,
888 838 48 20 Esq.,

769 861 48 16 John
825 860 79 16 William
911 858 75 18 Buckle,
992 857 48 20 Esq.,

769 881 95 20 Benjamin
873 881 21 16 E.
901 879 63 19 Lindo,
972 879 48 19 Esq.,

769 902 73 17 Charles
852 900 74 18 Edward
934 899 87 20 Mangles,
1031 898 47 19 Esq.,

769 923 116 20 Christopher
892 921 83 18 Rawson,
985 919 48 20 Esq.,
1045 918 80 20 Halifax,

769 943 79 17 Thomas
856 941 62 19 Sands,
927 940 49 20 Esq.,
985 938 99 21 Liverpool,

768 964 63 16 James
839 964 55 19 Bogle
902 961 64 19 Smith,
973 961 48 19 Esq.,

769 985 62 16 James
838 982 79 18 Ruddell
924 982 57 17 Todd,
990 981 42 19 Esq.

664 1012 86 17 Trustees
755 1017 4 11 :
776 1012 81 16 George
869 1011 55 16 Carr
937 1009 60 18 Glyn,
1011 1008 47 19 Esq.,
1070 1007 52 16 John
1134 1006 59 18 Gore,
1203 1004 47 19 Esq.,

812 1032 36 16 and
855 1032 66 16 James
929 1029 17 16 J.
953 1029 101 18 Cummins,
1064 1028 42 20 Esq.

692 1060 82 17 Bankers
779 1065 4 10 :
796 1059 74 16 Messrs.
878 1057 61 18 Glyn,
950 1056 115 18 Hallifax,
1074 1055 69 19 Mills,
1152 1053 35 17 and
1195 1052 28 16 Co.

786 1087 101 20 Secretary:
899 1085 83 15 Samuel
989 1084 93 18 Jackson,
1091 1083 42 19 Esq.

757 1114 80 17 Colonial
844 1113 103 21 Inspector:
960 1111 17 17 J.
985 1111 17 16 C.
1010 1110 103 19 M'Laren,
1122 1109 41 20 Esq.

788 1162 70 20 New
876 1159 122 23 Zealand
1018 1158 114 20 Branch.

666 1195 54 18 Local
727 1195 92 18 Directors
825 1200 5 11 :
845 1195 47 16 Geo.
904 1193 16 16 S.
933 1192 72 19 Evans,
1019 1192 48 20 Esq.,
1080 1190 68 19 D.C.L.,
1161 1190 36 16 and
1208 1189 45 16 Geo.

889 1214 91 18 Hunter,
993 1213 42 19 Esq.

667 1244 97 21 Manager:
776 1244 48 17 John
833 1243 71 17 Smith,
913 1241 48 21 Esq.,
970 1241 35 15 late
1014 1240 20 16 of
1042 1240 31 16 the
1081 1237 116 19 Commercial
1203 1236 52 18 Bank

837 1265 20 15 of
866 1262 89 20 England,
967 1261 121 16 Manchester.

779 1291 114 23 Branches
904 1293 23 18 at
942 1289 97 27 Sydney,

943 1316 9 21 1
958 1316 74 21 lobart
1040 1316 77 28 T^own,

944 1343 9 21 ]
963 1345 129 24 ,aunceston,
1106 1340 44 23 and

944 1370 10 21 I
964 1373 33 18 ort
1007 1369 80 27 Philip.

671 1408 53 22 Port
734 1406 130 28 Nicholson,
876 1404 79 24 March
966 1405 33 25 24,
1012 1404 61 21 1840.

673 1461 90 22 rriHE
780 1461 115 21 Directors
912 1457 26 22 of
952 1457 40 21 the
1009 1456 56 22 New
1082 1455 99 22 Zealand
1195 1453 64 23 Land

680 1479 29 31 X
748 1489 115 26 Company
878 1484 82 27 hereby
979 1483 50 27 give
1045 1483 82 26 notice,
1144 1482 48 21 that
1207 1481 52 26 they

671 1515 58 21 have
736 1521 113 15 effected
859 1519 30 16 an
901 1517 171 16 arrangemeut
1080 1509 53 22 with
1140 1509 36 21 the
1185 1507 73 22 Union

672 1542 65 22 Bank
752 1542 25 21 of
793 1538 120 26 Australia,
931 1538 44 21 No.
993 1539 33 25 38,
1042 1536 44 22 Old
1103 1535 155 24 Broad-street,

673 1568 101 26 London,
786 1568 35 21 for
830 1567 37 22 the
881 1564 169 23 establishment
1063 1563 25 22 of
1103 1570 13 14 a
1132 1561 127 22 BRANCH

673 1595 88 22 BANK
776 1594 36 22 IN
826 1592 72 23 NEW
912 1590 159 27 ZEALAND,
1084 1589 95 27 through
1189 1587 72 23 which

673 1622 37 22 the
719 1622 103 22 business
835 1621 26 21 of
873 1618 38 24 the
929 1618 57 21 New
1002 1617 101 22 Zealand
1117 1615 63 22 Land
1197 1615 64 21 Com-

673 1657 60 19 pany
741 1648 46 22 will
795 1648 29 21 be
834 1645 135 24 transacted.
996 1644 49 21 The
1060 1644 113 21 Directors
1188 1641 73 22 there-

673 1676 47 21 fore
729 1674 146 23 recommend
884 1676 22 18 to
924 1671 111 22 Colonists
1051 1670 37 21 the
1106 1670 75 21 Union
1198 1667 63 23 Bank

674 1703 26 21 of
718 1702 115 22 Australia
850 1709 24 14 as
892 1707 28 14 an
948 1697 169 23 establishment
1138 1695 124 28 possessing

675 1730 56 21 their
748 1729 71 21 entire
841 1726 138 26 confidence,
998 1724 46 22 and
1063 1723 50 22 able
1131 1726 22 18 to
1171 1721 91 28 provide

675 1755 125 27 effectually
816 1754 35 23 for
866 1754 38 23 the
918 1751 107 23 financial
1039 1754 71 18 wants
1127 1750 24 21 of
1162 1749 37 22 the
1215 1749 48 21 first

675 1783 134 22 settlement.

843 1815 35 27 By
889 1813 64 22 order
963 1812 27 22 of
999 1811 38 22 the
1047 1810 80 27 Board,

920 1846 36 22 JO
962 1846 43 21 PIN
1021 1845 103 26 WARD,
1141 1844 129 33 Secretary^

676 1884 55 22 New
741 1883 101 22 Zealand
851 1880 65 24 Land
925 1879 136 27 Company's
1071 1878 77 26 Office,
1226 1875 30 27 Xv
1267 1876 3 7 '

703 1913 19 25 1,
735 1911 159 23 Adam-street,
905 1907 105 27 Adclphi,
1021 1905 53 23 27th
1084 1905 67 26 Aug.,
1162 1905 60 20 1839.
1261 1912 10 12 t

679 1964 163 49 SEVERAL
856 1963 69 22 Town
942 1960 107 25 Sections,
1068 1959 45 21 and
1129 1957 97 28 portions
1243 1956 25 21 of

743 1991 106 25 Sections,
859 1991 25 19 in
903 1990 59 19 most
978 1985 107 23 desirable
1103 1984 121 26 situations,
1242 1987 24 17 to

678 2019 26 20 be
715 2018 33 20 let
757 2024 28 14 on
796 2017 67 21 lease.

705 2044 45 21 For
758 2043 65 28 plans
833 2042 45 22 and
887 2038 139 30 particulars,
1037 2038 66 27 apply
1114 2040 22 18 to

1104 2065 27 20 R.
1146 2065 93 19 Stokes.

706 2097 145 26 Wellington,
863 2093 78 23 March
952 2095 34 24 18,
997 2093 61 21 1841.

784 2149 105 22 TOWN
904 2147 113 21 ACRES
1032 2147 45 19 TO
1092 2145 73 20 LET.

682 2177 179 50 NUMBERS
872 2182 29 16 on
911 2175 37 21 the
960 2170 239 29 Surveyor-Geneial's
1209 2177 58 19 map,

798 2206 41 19 438
920 2202 42 20 553
1045 2199 40 21 627
1166 2197 39 22 775

710 2232 43 21 For
763 2230 138 29 particulars,
913 2227 66 28 apply
990 2230 22 18 to

839 2263 37 22 W.
888 2262 25 21 B.
924 2262 35 21 Br
965 2267 66 19 iWER,
1042 2257 200 24 barrister-at-law.

911 2316 44 20 TO
971 2315 76 24 LET,

685 2347 51 48 A
746 2344 139 24 PORTION
905 2342 24 21 of
952 2349 14 14 a
984 2341 69 22 Town
1073 2340 66 25 Acre,
1159 2338 114 27 adjoining

748 2373 89 21 Messrs.
849 2369 89 23 Wades'
948 2375 49 14 new
1004 2368 81 25 Stores,
1093 2366 53 23 with
1153 2373 13 14 a
1172 2366 102 25 frontage

685 2403 23 19 to
718 2400 38 22 the
766 2402 75 19 water.
871 2396 98 28 Enquire
980 2394 25 21 of

1003 2421 28 22 R.
1047 2421 72 24 Park,
1131 2420 116 25 Surveyor.

914 2475 44 20 TO
972 2474 77 24 LET,

689 2510 181 51 PORTIONS
882 2508 37 22 OF
931 2507 88 22 LAND
1030 2514 28 14 on
1068 2506 37 21 the
1112 2507 57 19 most
1175 2503 101 23 valuable

771 2546 50 13 acre
847 2538 24 21 in
893 2535 38 22 the
950 2535 57 26 City,
1028 2540 29 15 on
1075 2532 102 27 building
1199 2531 78 21 leases.

986 2587 84 22 Waitt
1085 2586 46 22 and
1143 2585 106 22 Tinline.

717 2619 146 27 Wellington,
876 2615 81 24 March
967 2615 19 26 5,
998 2615 61 21 1841.

795 2674 106 22 TOWN
916 2671 114 23 ACRES
1044 2671 44 21 TO
1103 2670 75 24 LET,

691 2702 180 51 NUMBERS
887 2707 29 14 on
925 2699 38 22 the
973 2695 239 30 Surveyor-General's
1221 2702 52 20 map

828 2730 40 21 199
963 2727 41 20 470
1099 2725 42 21 288

830 2757 39 21 168
964 2754 41 19 559
1101 2752 41 20 314

830 2784 40 21 156
966 2781 40 20 196
1101 2779 41 20 310

828 2811 42 21 423
965 2808 41 20 306
1102 2805 42 21 424

842 2836 28 22 47
966 2834 40 21 305
1103 2831 40 22 723

830 2864 47 20 561'
967 2861 40 20 167
1103 2859 40 21 343

722 2890 54 23 And
785 2897 70 19 many
864 2887 75 24 others
948 2887 24 21 in
983 2886 38 21 the
1031 2888 58 19 most
1103 2884 108 22 desirable
1224 2884 53 27 part

696 2918 26 22 of
733 2918 37 21 the
780 2920 67 19 town.
877 2916 43 21 For
930 2913 133 28 particulars
1077 2911 67 28 apply
1154 2914 22 19 to

1096 2945 23 22 J.
1130 2944 34 22 W.
1176 2944 82 22 Child.

724 2977 88 27 Petoni,
823 2975 59 23 Nov.
892 2976 33 25 30,
938 2975 60 20 1840.

816 3031 44 21 TO
875 3029 43 22 BE
934 3028 85 21 SOLD
1033 3028 47 20 OR
1094 3027 75 25 LET,

701 3064 163 52 SEVERAL
883 3062 69 23 Town
970 3061 45 22 and
1032 3061 100 26 Country
1150 3059 99 22 Sections
1266 3056 24 24 of

764 3091 73 23 Land.
866 3089 77 29 Apply
952 3092 24 19 to

1018 3115 95 22 Robert
1123 3114 27 21 R.
1162 3113 99 22 Strang.
1287 3118 3 4 •

925 3171 46 20 TO
986 3170 75 21 LET.

701 3206 188 51 BUILDING
906 3202 209 24 ALLOTMENTS
1123 3209 34 14 :—
1157 3201 13 23 7
1187 3200 103 24 building

778 3234 137 25 allotments,
926 3239 29 14 on
965 3231 127 27 improving
1101 3229 77 26 leases,
1189 3228 24 21 in
1221 3226 69 22 Well-

701 3262 80 27 ington
791 3261 103 21 Terrace.
921 3258 86 25 Terms,
1020 3264 54 24 very
1083 3255 85 23 liberal.

731 3288 62 27 Also,
801 3303 4 3 ■
814 3287 64 22 small
894 3285 76 26 farms,
987 3285 13 21 3
1015 3283 97 22 sections
1122 3283 25 21 of
1157 3281 54 23 land
1219 3287 24 15 m
1252 3281 39 20 the

703 3316 24 21 in
746 3315 38 21 the
802 3313 85 23 second
904 3312 74 26 series,
997 3314 22 18 to
1033 3311 28 21 be
1077 3311 33 21 let
1118 3310 22 21 in
1151 3308 99 29 portions
1268 3313 12 15 o
1288 3311 6 16 1

703 3345 41 19 not
752 3342 44 21 less
805 3341 55 22 than
870 3339 26 23 25
906 3345 69 20 acres,
987 3345 29 14 on
1031 3337 127 28 improving
1173 3335 79 26 leases,
1268 3340 23 15 as

704 3376 56 15 soon
772 3376 24 14 as
805 3365 106 24 selected.

866 3394 112 21 attention
986 3398 18 15 is
1015 3390 72 23 called
1094 3393 24 19 to
1125 3389 37 23 the
1169 3389 123 25 advantage

705 3422 27 23 of
741 3422 128 27 improving
877 3421 78 20 leases.

870 3445 78 28 Apply
956 3448 23 18 to
990 3445 63 21 John
1063 3444 47 22 and
1119 3444 57 21 Geo.
1184 3444 81 20 Wade.

704 3502 175 23 BUILDING
898 3498 236 23 ALLOTMENTS
1157 3497 44 21 TO
1219 3494 67 22 LET

707 3536 91 50 THE
817 3532 202 25 ADVERTISER
1033 3532 66 21 offers
1115 3537 59 21 upon
1190 3528 106 25 Building

781 3563 95 25 Leases,'
884 3568 13 15 a
905 3560 96 22 number
1011 3559 27 22 of
1048 3558 70 23 Town
1127 3557 136 22 Allotments
1272 3561 22 14 in

706 3591 38 21 the
754 3593 60 19 most
823 3587 108 24 desirable
940 3589 61 25 parts
1011 3586 27 22 of
1049 3585 43 22 this
1103 3584 138 23 Settlement.

734 3617 47 23 The
800 3616 111 22 attention
928 3614 27 22 of
972 3613 37 22 the
1026 3612 77 28 public
1119 3612 19 21 is
1153 3609 143 34 particularly

707 3644 72 22 called
798 3647 23 19 to
840 3643 38 21 the
897 3641 125 25 advantage
1042 3639 26 22 of
1084 3638 106 26 Building
1207 3636 87 25 Leases,

706 3671 74 22 which
790 3670 38 22 the
837 3667 153 27 undersigned
998 3668 19 21 is
1028 3664 96 24 enabled
1133 3668 22 18 to
1164 3666 72 24 grant,
1244 3669 51 19 viz.,

706 3699 58 21 from
774 3704 70 16 seven
853 3699 24 19 to
893 3697 140 24 twenty-one
1049 3699 73 21 years,
1139 3690 120 26 according
1275 3691 21 18 to

707 3725 38 22 the
763 3724 67 22 value
849 3723 26 22 of
894 3721 38 22 the
955 3720 115 26 buildings
1091 3717 111 29 proposed
1223 3719 22 18 to
1270 3717 26 19 be

709 3751 96 23 erected.

1008 3773 26 22 F.
1051 3772 28 22 A.
1094 3771 174 22 MOLESWORTH.

708 3833 92 48 THE
823 3828 158 28 Undersigned
997 3828 59 21 have
1073 3826 70 21 Town
1162 3824 71 21 Acres
1251 3821 45 22 and

782 3859 101 26 portions
903 3856 24 21 of
944 3861 63 15 acres
1023 3857 24 18 to
1061 3852 33 22 let
1106 3852 25 21 in
1150 3850 29 22 all
1195 3852 60 25 parts
1275 3850 21 19 ot

708 3885 144 27 Wellington.
867 3882 48 24 The
925 3885 68 18 terms
1000 3880 77 22 willbe
1084 3878 66 28 given
1158 3883 58 21 upon
1225 3877 70 26 appli-

708 3912 81 22 cation.

983 3933 97 22 Hanson
1092 3932 44 21 and
1152 3932 114 19 Alzpouf.

1382 621 106 21 TOWN
1502 621 112 20 ACRES
1630 620 43 20 TO
1688 618 73 21 LET.

1280 647 178 49 NUMBERS
1470 654 29 14 on
1509 647 37 21 the
1557 644 240 30 Surveyor-General's
1806 650 59 20 map,

1418 675 41 21 510
1568 675 40 19 263
1718 673 27 20 98

1306 708 44 21 For
1357 708 132 27 particulars
1498 707 68 28 apply
1574 710 23 19 to
1607 705 106 28 Wallace,
1724 705 82 27 White,
1822 703 46 23 and

1280 735 105 22 Wallace.

1306 761 153 27 Wellington,
1471 761 52 21 Jan.
1534 762 21 25 6,
1566 761 61 20 1841.

1282 816 141 49 LA.ND
1447 814 259 23 AGENCIES.—
1706 814 39 21 TO
1769 813 100 21 LAND-

1357 842 181 23 HOLDERS.—
1538 842 48 21 The
1604 840 156 27 Undersigned
1778 840 44 25 beg
1845 842 23 18 to

1282 870 52 21 offer
1344 870 134 21 themselves
1487 872 23 18 to
1520 868 58 22 their
1587 868 85 21 friends
1682 867 44 21 and
1740 867 38 21 the
1793 865 76 28 public

1282 903 23 15 as
1314 897 86 25 Agents
1409 896 35 21 for
1453 896 39 21 the
1502 895 95 27 disposal
1606 895 26 21 of
1638 895 68 21 Town
1717 893 44 22 and
1769 893 100 26 Country

1282 923 80 27 Lands,
1374 922 45 22 and
1429 926 57 18 trust
1496 922 57 21 their
1564 921 95 22 colonial
1670 920 132 27 experience
1818 926 52 19 may

1282 950 76 22 entitle
1369 949 61 22 them
1440 952 22 19 to
1473 957 13 13 a
1498 949 64 21 share
1573 948 26 21 of
1609 948 38 21 the
1656 947 75 27 public
1739 949 130 25 patronage.

1308 976 62 27 They
1381 976 43 21 will
1434 976 28 21 be
1472 976 74 27 happy
1557 978 22 19 to
1589 982 93 19 arrange
1695 974 35 21 for
1740 973 44 21 and
1794 980 77 19 super-

1282 1003 78 22 intend
1369 1003 37 22 the
1416 1010 92 19 surveys
1517 1002 44 21 and
1568 1001 159 22 sub-divisions
1734 999 25 23 of
1766 999 36 21 the
1808 999 62 21 land.

1284 1030 87 21 Liberal
1381 1030 111 21 advances
1501 1029 46 22 will
1559 1029 29 21 be
1603 1028 65 21 made
1679 1035 28 14 on
1717 1027 64 21 lands
1791 1025 81 28 placed

1283 1058 22 20 in
1315 1056 57 22 their
1380 1056 72 22 hands
1459 1056 35 21 for
1502 1056 53 21 sale.
1584 1055 63 27 They
1655 1054 43 21 will
1706 1054 46 21 also
1759 1053 28 22 be
1796 1055 75 25 happy

1284 1087 21 18 to
1315 1084 64 21 assist
1388 1083 136 28 proprietors
1533 1083 24 21 in
1566 1082 88 27 leasing
1665 1081 56 21 their
1729 1079 73 23 lands.

1565 1109 61 21 John
1638 1108 44 22 and
1694 1107 57 22 Geo.
1761 1106 81 22 Wade.

1310 1136 145 28 Wellington,
1468 1136 50 21 Oct.
1529 1136 20 26 7,
1560 1137 61 20 1840.

1287 1190 85 49 FOR
1386 1190 86 25 SALE,
1490 1190 37 21 the
1543 1190 50 21 best
1609 1189 74 21 native
1696 1188 58 21 built
1763 1187 70 22 house
1844 1194 29 14 on

1357 1217 36 22 the
1409 1216 78 28 beach,
1503 1218 29 19 54
1548 1216 45 21 feet
1608 1216 31 27 by
1653 1216 33 26 20,
1705 1222 53 19 very
1774 1214 101 27 superior

1286 1245 55 21 roof.

1313 1271 132 22 Immediate
1454 1269 126 28 possession
1590 1276 42 15 can
1642 1269 28 21 be
1679 1269 73 26 given.
1768 1267 76 27 Apply
1851 1270 24 18 to

1593 1296 82 21 Waitt
1686 1295 45 22 and
1739 1295 108 21 Tinline.

1312 1324 144 28 Wellington,
1466 1322 80 23 March
1556 1324 32 25 18,
1600 1324 62 20 1841.

1315 1380 83 21 FOR
1426 1378 116 25 SALE,
1571 1378 55 19 BTT
1654 1375 199 22 PRIVATE

1456 1404 247 24 CONTRACT,

1291 1433 91 30 rpHE.
1395 1431 129 27 Good-will,
1536 1430 201 27 Dwelling-house,
1754 1428 60 27 Shop
1831 1428 46 21 and

1297 1452 29 29 JL
1351 1460 72 26 Oven,
1432 1460 48 25 &c,
1492 1458 113 28 presently
1615 1456 107 27 occupied
1737 1456 29 26 by
1783 1455 44 22 Mr.
1839 1455 36 21 W.

1291 1486 144 26 Goodfellow,
1447 1486 76 26 baker,
1534 1485 50 21 who
1594 1485 19 20 is
1620 1484 69 21 about
1694 1487 22 17 to
1724 1483 52 21 visit
1781 1481 96 22 another

1291 1517 48 24 part
1350 1514 24 21 of
1386 1514 37 21 the
1435 1512 84 21 Island.

1326 1540 53 22 This
1403 1539 81 22 affords
1509 1545 28 15 an
1557 1537 111 22 excellent
1687 1536 142 27 opportunity
1854 1535 26 21 of

1292 1568 102 26 carrying
1418 1573 29 14 on
1467 1573 13 14 a
1499 1565 108 22 lucrative
1628 1564 68 26 trade,
1717 1563 33 21 for
1769 1570 44 19 any
1833 1569 44 14 one

1292 1594 97 21 desirous
1400 1593 26 22 of
1438 1592 133 26 continuing
1582 1591 37 22 the
1628 1590 110 22 business.
1767 1589 76 28 Apply
1854 1592 23 18 to

1293 1621 43 22 Mr.
1349 1620 145 26 Goodfellow,
1506 1626 25 14 or

1560 1646 112 21 Bethune
1687 1643 45 22 and
1742 1643 107 26 Hunter,

1635 1671 154 22 Auctioneers.

1319 1701 146 26 Wellington,
1477 1698 80 23 March
1567 1700 32 25 11,
1611 1700 61 20 1841.

1294 1756 51 48 A
1357 1754 106 23 SMALL
1480 1752 221 27 WATERPROOF,
1719 1750 160 23 SEASONED

1372 1781 138 22 WOODEN
1526 1780 110 24 HOUSE,
1654 1787 28 14 on
1699 1778 37 22 the
1752 1778 78 26 beach,
1846 1777 35 22 for

1294 1809 54 25 sale,
1358 1809 54 22 with
1421 1808 129 22 immediate
1560 1806 131 28 possession.
1721 1805 75 27 Apply
1808 1808 22 18 to

1292 1834 5 19 F
1306 1843 7 10 /
1645 1833 21 21 J.
1678 1832 44 22 and
1733 1832 27 21 G.
1771 1832 81 21 Wadh.

1349 1889 239 22 COMMERCIAL
1602 1888 75 24 INN,
1688 1886 43 21 TE
1746 1886 81 20 ARO.

1296 1916 174 49 RICHARD
1494 1914 115 23 BROWN
1632 1914 54 26 begs
1707 1917 22 17 to
1748 1913 82 20 inform
1848 1912 35 21 his

1374 1943 84 21 friends
1469 1942 44 21 and
1523 1942 37 21 the
1571 1941 75 28 public
1657 1941 24 20 of
1693 1940 52 21 Port
1751 1939 131 26 Nicholson,

1296 1971 45 21 that
1353 1970 28 21 he
1391 1970 41 21 has
1442 1969 87 27 opened
1539 1969 37 21 the
1586 1968 70 21 above
1666 1967 76 26 house,
1758 1966 44 21 and
1815 1966 69 26 hopes

1296 1998 24 21 In
1336 1999 17 18 .'.
1368 1996 29 21 ict.
1407 1996 108 21 attention
1533 1999 23 17 to
1571 1995 109 23 business
1698 1992 117 23 combined
1832 1992 52 21 with

1296 2022 133 28 superiority
1439 2022 25 21 of
1475 2022 77 21 article
1562 2021 44 21 and
1616 2019 113 22 moderate
1745 2021 99 24 charges,
1863 2022 23 17 to

1298 2050 65 22 merit
1372 2057 13 13 a
1395 2049 63 21 share
1470 2048 26 21 of
1508 2048 56 21 their
1574 2050 98 24 support.

1325 2078 32 20 As
1368 2076 84 22 several
1465 2075 25 21 of
1499 2074 35 22 his
1541 2074 84 21 friends
1635 2073 56 21 have
1701 2071 119 27 expressed
1829 2071 59 22 their

1298 2103 54 22 wish
1363 2106 22 18 to
1395 2102 110 22 celebrate
1516 2102 37 20 the
1563 2100 98 28 opening
1671 2100 25 20 of
1707 2099 36 21 the
1753 2098 69 21 house
1834 2098 31 27 by
1875 2105 14 14 a

1298 2130 74 28 public
1383 2130 80 21 dinner
1472 2129 81 21 dinner
1564 2135 28 14 on
1601 2126 116 26 Thursday
1733 2129 60 22 next,
1809 2125 80 21 tickets

1298 2164 52 19 may
1361 2156 27 21 be
1397 2156 46 21 had
1452 2159 23 18 at
1486 2155 36 21 the
1533 2155 50 24 Bar,
1602 2161 24 14 or
1644 2157 22 18 at
1682 2153 37 21 the
1735 2152 155 21 Freemason's

1299 2184 94 25 Tavern,
1406 2182 189 26 Lambton-quay.

1327 2210 88 21 Dinner
1425 2217 27 13 on
1465 2208 59 21 table
1533 2211 24 18 at
1566 2208 43 21 five
1620 2206 92 22 o'clock.

1461 2264 50 19 EX

1304 2291 89 49 THE
1409 2288 228 24 UNDERSIGNED
1661 2287 57 22 have
1737 2285 103 22 received
1860 2293 29 14 an

1378 2320 134 19 assortment
1522 2316 25 21 of
1555 2314 108 26 blankets,
1671 2315 56 25 10-4,
1736 2314 44 26 9-4,
1789 2312 45 22 and
1845 2314 44 25 8-4,

1304 2345 22 21 in
1336 2344 69 22 bales.

1332 2372 80 26 Heavy
1423 2373 75 19 cotton
1509 2377 60 19 rugs,
1579 2368 61 26 large
1651 2367 51 27 size,

1332 2399 39 21 100
1386 2399 49 21 doz.
1447 2396 84 28 striped
1540 2396 73 26 shirts,

1332 2425 93 21 Fustian
1436 2428 108 21 trowsers,

1333 2452 105 26 Superior
1447 2450 110 22 moleskin
1568 2448 62 27 ditto,

1334 2481 9 18 1
1361 2486 50 14 case
1421 2478 78 28 prints,
1511 2476 77 22 choice
1595 2478 105 25 patterns,

1334 2507 11 20 1
1362 2506 55 20 ditto
1428 2505 45 21 fine
1484 2504 101 26 shirting,

1334 2534 10 20 1
1362 2532 55 22 ditto
1428 2539 66 19 curry
1504 2530 95 28 powder,

1334 2559 97 22 Manilla
1439 2559 57 25 hats,
1508 2556 105 23 coloured
1623 2558 168 24 counterpanes,
1806 2553 87 27 braces,

1308 2587 71 21 men's
1398 2586 72 26 socks,
1489 2584 106 22 women's
1604 2582 120 26 stockings,
1742 2580 72 22 men's
1830 2580 63 27 ditto,

1308 2614 68 27 pipes,
1388 2613 48 26 &c,
1447 2613 23 20 in
1479 2611 100 22 addition
1595 2613 22 18 to
1633 2608 56 22 their
1703 2608 83 21 former
1800 2607 63 22 stock
1874 2614 20 19 o,

1308 2640 46 22 Tea
1378 2640 24 21 in
1434 2639 73 21 chests
1526 2637 45 22 and
1589 2636 51 21 half
1660 2635 62 27 ditto,
1755 2635 77 20 brown
1854 2634 44 21 anf

1309 2667 65 21 white
1385 2674 85 19 sugars,
1488 2667 101 20 currants
1597 2663 24 22 in
1631 2662 58 22 801b.
1703 2662 61 26 kegs,
1780 2660 116 21 Wiltshird

1310 2693 85 28 cheese,
1407 2693 91 28 pickles,
1508 2690 106 26 mustard,
1621 2690 99 26 vinegar,
1727 2687 86 22 bottled
1820 2687 78 22 fruitse

1310 2728 55 20 soup
1376 2721 45 21 and
1431 2720 84 26 bouilli,
1526 2717 130 27 lime-juice,
1667 2716 70 24 hams,
1745 2715 80 25 butter,
1844 2714 54 21 cho-

1311 2747 77 27 colate,
1400 2747 49 21 loaf
1461 2753 72 20 sugar,
1546 2744 97 27 allspice,
1663 2742 77 22 mixed
1753 2742 67 27 spice,
1831 2741 67 21 black

1310 2782 83 19 pepper
1403 2774 23 21 in
1437 2774 61 26 bags,
1514 2772 59 21 table
1585 2770 44 23 and
1640 2777 64 19 cargo
1714 2769 52 26 rice,
1783 2768 45 21 fine
1839 2768 59 21 flour

1312 2801 55 21 from
1385 2800 97 23 colonial
1498 2799 80 25 wheat,
1595 2798 120 21 arrowroot
1731 2796 21 21 in
1770 2802 68 19 cases,
1855 2794 44 21 salt

1312 2828 54 21 beef
1378 2828 44 21 and
1439 2827 57 27 tripe
1517 2826 26 21 of
1562 2826 44 20 last
1625 2824 71 27 year's
1715 2822 84 26 curing,
1827 2821 71 27 prime

1312 2855 56 27 pork
1375 2855 24 21 in
1409 2854 64 22 hhds.
1485 2852 101 27 recently
1597 2850 77 26 salted,
1691 2857 78 20 square
1779 2849 31 26 fig
1823 2848 77 21 tobac-

1314 2888 26 15 co
1349 2881 21 22 in
1376 2882 85 25 tierces,
1475 2880 75 22 Brazil
1561 2879 92 21 tobacco
1659 2878 23 21 in
1689 2876 78 22 lOOlbs.
1780 2875 118 27 packages,

1315 2909 96 21 Manilla
1427 2908 78 27 cigars,
1522 2907 62 21 dates
1599 2906 24 21 in
1638 2905 53 26 jars,
1708 2903 56 27 pilot
1779 2902 60 21 cloth
1856 2901 44 22 and

1315 2935 129 22 Petersham
1452 2937 65 24 great
1526 2936 68 23 coats,
1610 2932 117 21 velveteen
1738 2929 43 22 and
1792 2929 109 21 moleskin

1315 2961 103 28 shooting
1437 2965 68 22 coats,
1529 2959 114 28 superfine
1666 2960 86 19 surtout
1774 2956 46 21 and
1840 2955 62 21 dress

1315 2992 68 23 coats,
1403 2987 112 23 buckskin
1533 2986 62 23 cloth
1613 2989 109 21 trowsers,
1746 2982 71 32 fancy^
1835 2985 66 23 vests,

1316 3015 79 23 shawls
1406 3015 44 21 and
1459 3017 95 23 cravats,
1564 3012 110 22 moleskin
1686 3010 44 22 and
1740 3009 53 22 cord
1808 3008 94 28 jackets,

1315 3042 85 22 flannel
1406 3042 93 27 jackets,
1508 3041 154 23 men'sstrong
1668 3038 79 21 winter
1749 3036 61 26 hose,
1819 3038 86 24 regatta

1308 3064 81 33 'shirts,
1402 3068 82 22 Scotch
1494 3075 58 20 caps,
1562 3066 78 22 ladies
1651 3066 100 24 bonnets,
1770 3062 59 22 duck
1840 3066 65 17 trow-

1318 3104 52 19 sers,
1395 3103 56 20 grey
1474 3095 77 25 calico,
1579 3092 77 26 check,
1682 3091 75 22 chintz
1775 3089 128 26 furnitures,

1319 3123 120 27 carpeting,
1450 3121 108 27 bed-tick,
1570 3120 41 22 sail
1629 3125 100 17 canvass,
1746 3116 65 26 duck,
1830 3118 73 24 twine,

1319 3151 70 20 men's
1399 3150 64 21 boots
1473 3149 46 21 and
1527 3147 72 26 shoes,
1611 3145 127 28 gentlemen
1748 3151 9 14 s
1768 3144 136 24 Wellington

1318 3176 70 27 boots,
1399 3176 67 22 black
1475 3174 99 26 holland,
1584 3173 70 22 scales
1661 3170 45 23 and
1712 3169 98 27 weights,
1818 3169 87 21 Bn-an-

1319 3203 38 22 nia
1374 3203 70 22 metal
1459 3206 37 18 tea
1512 3201 45 22 and
1576 3200 136 26 coffee-pots,
1729 3196 115 28 japanned
1861 3196 44 20 and

1319 3230 67 22 block
1406 3231 33 20 tin
1458 3229 64 26 ditto,
1541 3228 94 21 tinware
1654 3225 25 22 of
1704 3224 30 21 all
1752 3222 152 27 descriptions,

1320 3257 75 22 Dutch
1407 3256 81 27 clocks,
1499 3255 70 26 locks,
1579 3252 134 26 hand-saws,
1724 3252 109 20 cross-cut
1842 3249 63 25 ditto,

1321 3283 59 23 table
1390 3283 80 22 knives
1480 3281 45 23 and
1534 3281 61 21 forks
1605 3280 24 21 in
1649 3282 43 18 sets
1701 3276 106 28 superior,
1818 3276 89 26 .pocket

1320 3310 86 27 knives,
1418 3316 105 16 common
1533 3308 62 26 ditto,
1606 3305 97 29 pruning
1713 3304 62 26 ditto,
1792 3302 96 21 butcher
1897 3309 9 14 s

1321 3337 62 27 ditto,
1393 3344 84 19 razors,
1489 3335 96 26 scissors,
1600 3330 145 26 tomahawks,
1761 3336 60 19 axes,
1832 3330 74 25 adzes,

1322 3364 112 27 pickaxes,
1444 3362 113 28 grubbing
1565 3361 61 25 hoes,
1644 3358 83 28 garden
1742 3357 60 25 hoes,
1821 3356 85 26 spades,

1322 3391 95 26 shovels,
1428 3391 118 24 iron-pots,
1557 3393 129 21 saucepans,
1694 3384 87 26 boilers,
1789 3386 118 23 stewpans,

1322 3425 40 19 rag
1381 3421 82 22 stones,
1485 3415 81 23 double
1584 3412 110 24 barrelled
1714 3410 50 22 flint
1780 3416 64 20 guns,
1862 3415 46 20 gun

1324 3452 58 19 caps,
1392 3444 57 22 bells
1458 3443 36 21 for
1505 3441 73 27 cattle,
1590 3447 54 20 soap
1653 3438 24 22 in
1686 3438 75 24 boxes,
1778 3436 76 21 brown
1866 3436 44 20 and

1325 3471 65 22 white
1400 3470 107 22 Windsor
1517 3467 92 23 scented
1619 3473 60 20 soap,
1691 3463 97 27 candles,
1806 3465 43 19 two
1861 3464 49 19 tons

1325 3498 26 22 of
1357 3498 64 26 nails,
1433 3495 123 27 consisting
1566 3494 26 22 of
1601 3495 20 25 3,
1632 3494 21 25 4,
1664 3493 20 26 5,
1695 3493 20 25 6,
1732 3490 19 27 7,
1767 3491 34 25 10,
1817 3490 33 26 18,
1867 3489 45 20 and

1324 3525 76 26 241b5.,
1417 3523 61 28 clasp
1496 3522 65 26 nails,
1583 3522 25 20 10
1625 3518 45 23 and
1688 3518 75 25 161b5.,
1788 3523 49 14 rose
1848 3517 62 25 ditto,

1325 3551 80 22 hurdle
1418 3550 66 27 nails,
1494 3549 96 25 flooring
1605 3546 74 26 brads,
1695 3544 65 22 horse
1778 3544 64 24 nails,
1860 3544 54 19 boat

1326 3578 63 27 nails,
1411 3577 81 22 timber
1510 3575 64 26 nails,
1595 3573 77 27 sprigs,
1696 3570 48 23 lath
1762 3570 46 21 and
1826 3570 87 25 shingle

1326 3605 63 26 nails,
1401 3603 81 28 spikes,
1493 3603 20 26 4,
1530 3603 21 25 5,
1567 3602 44 20 and
1626 3601 14 20 6
1654 3598 59 26 inch,
1733 3598 14 20 4
1765 3596 45 21 and
1828 3596 12 20 5
1859 3596 55 20 inch

1327 3631 56 22 solid
1391 3630 77 27 heads,
1479 3630 35 20 for
1523 3626 158 28 shipbuilding,
1689 3625 47 24 bar,
1753 3624 48 24 rod,
1820 3624 45 19 and
1874 3624 40 19 fiat

1326 3658 57 27 iron,
1393 3658 60 26 hoop
1470 3656 56 26 iron,
1544 3654 67 22 white
1620 3652 57 26 lead,
1698 3652 62 26 paint
1775 3650 36 25 oil,
1829 3650 85 25 kpsom

1327 3685 59 26 salts,
1397 3683 102 28 Taylor's
1512 3682 78 21 brown
1606 3682 61 19 stout
1683 3677 45 22 and
1743 3679 77 23 strong
1829 3677 43 25 ale,
1889 3682 24 14 m

1327 3711 72 26 hhds.,
1412 3711 77 25 sherry
1499 3709 23 21 in
1539 3706 103 27 draught,
1660 3704 69 23 claret
1743 3703 24 21 in
1778 3702 49 21 doz.
1844 3708 68 20 cases,

1328 3738 172 23 hearth-stones,
1517 3734 148 27 grindstones,
1682 3730 157 25 earthenware,
1860 3736 55 13 win-

1329 3765 48 22 dow
1384 3765 66 26 glass,
1461 3762 81 22 timber
1553 3760 25 22 of
1590 3759 30 22 all
1635 3757 152 27 descriptions,
1797 3756 35 20 for
1842 3756 73 20 build-

1327 3798 40 21 mg
1367 3807 5 6 *
1596 3812 36 22 W.
1647 3812 26 21 B.
1688 3811 94 22 Rhodes
1792 3807 45 22 and
1848 3807 38 22 Co.

1355 3845 56 21 New
1421 3844 70 25 Store,
1502 3838 194 28 Taranaki-place.

1327 3897 71 50 ON
1413 3896 86 26 SALE,
1515 3898 23 18 at
1548 3894 43 21 this
1600 3892 79 26 Office,
1690 3890 48 23 files
1747 3889 26 23 of
1783 3889 38 22 the
1860 3887 56 22 New

1404 3922 101 24 Zealand

99 642 83 21 NEW
201 638 169 23 ZEALAND
389 634 185 22 COMPANY.

42 675 93 28 Capital,
150 674 117 26 £100,000,
283 672 23 21 in
316 672 56 20 4000
381 669 82 22 Shares
471 667 26 22 of
508 667 47 22 £25
566 665 62 28 eacli,

266 698 30 22 all
306 697 52 28 paid
367 703 37 21 up.

176 734 90 17 Governor
271 737 5 11 :
291 731 75 17 Joseph
374 731 71 16 Somes,
454 728 43 20 Esq.

104 762 173 23 Deputy-Governor
282 764 4 12 :
299 759 48 17 Hon.
352 757 73 17 Francis
433 756 73 20 Baring,
513 755 54 19 M.P.,

278 789 109 14 directors
393 789 3 12 :

127 816 89 18 Viscount
223 815 86 20 Ingestre,
317 813 53 20 M.P.,

128 838 47 17 Lord
182 837 57 18 Petre,

127 859 62 20 Henry
198 858 21 16 A.
226 855 94 22 Aglionby,
329 855 49 20 Esq.,
386 854 54 19 M.P.,

127 880 47 16 John
183 878 81 17 Ellorker
271 876 89 19 Boulcott,
372 875 48 20 Esq.,

128 900 48 17 John
184 898 79 17 William
270 897 74 19 Buckle,
351 896 47 20 Esq.,

129 920 74 18 Russell
210 919 61 19 Ellice,
282 919 47 19 Esq.,

128 943 62 16 James
198 941 66 16 Robert
271 939 72 18 Gowen,
352 938 48 20 Esq.,

128 963 48 17 John
184 962 53 17 Hine,
246 960 49 20 Esq.,

128 983 81 16 William
216 982 52 17 Hutt,
277 980 48 19 Esq.,

129 1004 76 16 Stewart
212 1001 126 20 Majoribanks,
352 999 48 20 Esq.,

127 1023 103 18 Alexander
238 1022 63 17 Nairn,
309 1021 49 19 Esq.,

128 1045 49 17 John
184 1044 52 18 Pirie,
245 1042 49 20 Esq.,
302 1041 103 17 Alderman,

129 1067 28 15 Sir
165 1065 66 20 George
239 1062 81 19 Sinclair,
329 1062 55 17 Bart.,
392 1060 54 19 M.P.,

129 1086 48 17 John
184 1084 45 18 Abel
236 1083 64 19 Smith,
308 1082 50 20 Esq.,
368 1081 54 19 M.P.,

188 1106 109 18 Thompson,
313 1103 47 19 Esq.,
376 1102 104 17 Alderman,
496 1102 41 13 M.f
537 1109 11 9 .,

130 1128 49 17 Hon.
186 1125 96 18 Frederick
288 1124 37 16 Jas.
333 1122 120 18 Tollemache,
464 1121 53 19 M.P.,

130 1147 77 19 Edward
215 1147 20 16 G.
243 1144 104 18 Wakefield,
353 1144 37 20 Esq
396 1154 6 8 ,

131 1170 28 17 Sir
167 1169 62 18 Henry
236 1166 62 19 Webb,
307 1166 55 18 Bart.,

130 1190 70 17 Arthur
207 1187 63 19 Willis,
280 1187 47 19 Esq.,

133 1211 68 19 George
209 1208 95 18 Frederick
312 1207 71 19 Young,
391 1205 44 20 Esq.

194 1236 91 19 Secretary
290 1239 5 12 :
307 1234 53 16 John
367 1232 70 19 Ward,
446 1231 43 20 Esq.

50 1266 90 51 THE
149 1265 61 23 main
219 1263 97 21 features
323 1261 27 21 of
355 1260 38 21 the
401 1263 84 23 system
493 1258 26 21 of
525 1256 112 23 coloniza-

124 1293 48 21 tion
182 1289 96 28 adopted
285 1289 31 27 by
326 1288 37 21 the
377 1287 123 26 Company,
517 1284 118 31 are^-lst,

50 1322 37 21 the
97 1319 46 23 sale
153 1319 25 21 of
188 1317 71 25 lands,
274 1318 23 18 at
311 1322 28 14 an
354 1314 99 21 uniform
467 1312 46 21 and
527 1312 110 21 sufficient

50 1349 71 25 price:
140 1345 44 23 and
198 1343 75 26 2ndly,
290 1342 37 21 the
343 1340 154 28 employment
511 1338 26 21 of
550 1345 13 14 a
576 1338 61 25 large

50 1374 88 27 portion
149 1373 25 21 of
179 1372 37 21 the
226 1369 209 28 purchase-money,
447 1373 23 14 as
480 1373 29 14 an
520 1366 117 24 Immigra-

51 1403 45 20 tion
107 1399 73 23 Fund.
209 1398 27 21 In
247 1396 62 22 these
318 1397 105 25 respects,
440 1393 37 21 the
487 1393 118 27 principles
616 1393 22 19 ot

52 1427 68 24 South
134 1424 113 24 Australia
260 1423 58 21 have
332 1422 58 21 been
405 1418 105 23 followed
523 1425 24 14 as
560 1418 78 26 nearly

50 1463 24 14 as
92 1455 172 21 circumstances
279 1448 80 28 would,
379 1448 24 21 in
418 1446 38 22 the
474 1448 91 26 present
581 1451 56 20 case,

52 1481 89 29 permit.

78 1514 47 22 The
140 1512 72 28 grand
226 1510 74 27 object
315 1509 25 21 of
355 1508 38 22 the
408 1514 56 19 new,
479 1513 25 15 or
515 1505 123 28 improved,

53 1545 82 23 system
146 1540 25 21 of
182 1540 37 21 the
229 1536 96 28 disposal
339 1535 27 22 of
383 1533 97 23 colonial
492 1533 73 26 lands,
582 1533 19 21 is
616 1535 23 18 to

52 1568 99 26 regulate
165 1566 38 22 the
218 1564 79 27 supply
313 1563 25 21 of
355 1569 49 14 new
418 1561 62 25 land,
496 1560 32 34 by
542 1559 37 21 the
593 1559 47 21 real

53 1598 70 19 wants
136 1593 24 22 of
174 1593 38 22 the
228 1590 116 25 Colonists,
360 1596 24 14 so
398 1587 51 23 that
463 1587 38 21 the
515 1586 55 22 land
584 1586 58 21 shall

54 1629 67 15 never
139 1620 27 22 be
185 1619 69 22 either
273 1615 191 28 superabundant,
485 1621 25 14 or
529 1613 110 26 deficient,

54 1649 70 22 either
139 1651 37 17 too
193 1646 76 25 cheap,
288 1651 24 14 or
330 1648 38 16 too
387 1642 60 21 dear.
485 1641 23 21 It
525 1640 41 22 has
583 1640 58 21 been

54 1676 76 22 shown
140 1674 48 21 that
198 1673 35 21 the
245 1672 42 21 due
300 1669 130 29 proportion
444 1668 103 21 between
562 1667 79 27 people

55 1703 44 21 and
106 1701 54 22 land
165 1708 52 18 may
223 1700 27 20 be
257 1697 128 26 constantly
391 1694 94 23 secured
491 1695 31 26 by
528 1694 114 21 abandon-

55 1731 38 25 ing
102 1730 38 20 the
151 1727 37 22 old
198 1729 82 25 system
291 1724 25 21 of
327 1730 97 19 grants,
435 1721 45 22 and
489 1721 115 27 requiring
613 1728 29 14 an

54 1756 101 22 uniform
162 1754 61 28 price
232 1759 40 21 per
282 1758 56 20 acre,
354 1750 34 21 for
397 1749 30 22 all
436 1756 50 14 new
496 1747 71 26 lands,
579 1747 64 22 with-

61 1787 37 17 out
102 1782 127 26 exception.
257 1778 27 22 If
294 1778 36 21 the
340 1777 62 27 price
412 1777 28 20 be
455 1778 41 19 not
509 1778 37 18 too
560 1775 50 26 low,
626 1778 18 17 it

57 1810 74 22 deters
139 1807 135 29 speculators
283 1805 57 21 from
355 1803 117 26 obtaining
485 1801 62 27 land,
563 1801 53 21 with
631 1808 13 14 a

58 1837 55 21 view
120 1839 25 18 to
153 1834 90 26 leaving
251 1832 58 21 their
317 1834 107 24 property
432 1830 24 21 in
467 1837 13 13 a
491 1829 75 21 desert
577 1831 65 24 state,

58 1864 45 22 and
114 1863 52 21 thus
179 1862 106 29 prevents
292 1858 110 27 injurious
412 1856 123 27 dispersion
542 1863 5 19 ;
562 1857 18 19 it
589 1855 53 26 also,

60 1891 27 26 by
96 1888 135 29 compelling
238 1893 67 19 every
312 1885 104 21 labourer
424 1886 22 18 to
455 1883 60 22 work
522 1882 35 21 for
564 1889 79 20 wages,

57 1917 57 23 until
123 1917 29 21 he
160 1916 42 21 has
210 1913 70 24 saved
292 1912 37 21 the
340 1911 54 27 only
403 1917 79 15 means
493 1909 25 21 of
530 1909 115 26 obtaining

57 1944 60 26 land,
127 1944 87 21 insures
229 1948 13 13 a
256 1939 80 28 supply
352 1938 25 21 of
387 1937 80 22 labour
481 1937 35 20 for
530 1936 54 21 hire.
614 1935 29 26 If,

59 1979 28 14 on
97 1971 38 21 the
146 1970 63 21 other
217 1967 68 26 hand,
301 1966 36 21 the
349 1965 60 27 price
417 1964 29 21 be
456 1966 40 18 not
506 1966 37 18 too
552 1962 61 27 high,
628 1965 18 18 it

60 1998 86 22 neither
154 1995 98 23 confines
262 1993 38 21 the
311 1992 85 21 settlers
412 1991 78 20 within
504 1997 14 14 a
532 1996 65 20 space
611 1996 35 14 in-

60 2022 157 26 conveniently
231 2025 94 19 narrow,
341 2025 43 13 nor
398 2017 54 20 does
466 2017 19 20 it
499 2018 95 25 prevent
609 2015 36 21 the

62 2050 75 26 thrifty
152 2049 100 20 labourer
266 2046 59 20 from
337 2043 122 26 becoming
473 2050 14 13 a
497 2041 148 26 land-owner,

63 2077 55 21 after
127 2074 99 26 working
235 2079 62 15 some
308 2072 53 20 time
372 2071 34 20 for
416 2076 81 20 wages.

92 2111 19 20 A.
129 2108 115 25 sufficient,
261 2107 42 21 but
320 2108 40 18 not
379 2111 62 15 more
461 2103 54 22 than
536 2102 113 22 sufficient

64 2137 58 27 price
133 2137 34 21 for
179 2135 30 21 all
222 2140 48 15 new
284 2132 62 26 land,
362 2131 19 21 is
395 2130 39 22 the
449 2130 61 21 main
526 2130 85 21 feature
627 2128 25 21 of

66 2164 35 21 the
119 2170 48 14 new
182 2165 81 24 system
280 2159 25 22 of
322 2157 156 23 colonization.
513 2156 22 22 It
550 2156 99 21 obviates

65 2198 65 18 every
142 2189 83 28 species
239 2187 25 21 of
278 2185 113 27 bondage;
411 2184 31 27 by
457 2183 119 28 providing
590 2189 60 14 com-

66 2217 86 22 binable
160 2215 84 25 labour,
254 2213 19 21 it
282 2212 92 22 renders
382 2211 103 27 industry
492 2217 54 20 very
556 2209 95 28 produc-

67 2244 49 26 tive,
127 2243 45 21 and
179 2240 120 23 maintains
308 2238 54 22 both
372 2237 55 28 high
442 2245 80 19 wages,
539 2236 44 21 and
597 2235 54 28 high

67 2271 85 26 profits;
174 2269 17 21 it
206 2267 77 23 makes
301 2265 37 22 the
357 2265 81 26 colony
456 2271 22 14 as
496 2263 115 22 attractive
628 2270 24 13 as

67 2296 99 29 possible,
181 2295 54 22 both
250 2297 23 18 to
288 2292 122 28 capitalists
426 2291 45 21 and
486 2293 22 18 to
523 2290 128 26 labourers;

68 2324 42 21 and
120 2327 39 17 not
167 2321 83 27 merely
260 2324 23 18 to
293 2320 69 25 these,
376 2319 41 21 but
427 2318 53 26 also,
490 2318 31 26 by
530 2316 124 26 bestowing

68 2358 27 14 on
109 2350 38 22 the
157 2349 86 26 colony,
260 2347 38 22 the
308 2347 74 21 better
396 2345 118 21 attributes
530 2344 25 21 of
572 2350 28 15 an
616 2343 38 21 old

67 2377 88 27 society,
165 2380 23 18 to
196 2375 61 22 those
266 2374 50 21 who
323 2373 58 21 have
388 2379 14 14 a
409 2372 91 20 distaste
508 2371 34 21 for
549 2370 60 21 what
613 2370 42 21 has

67 2404 121 21 heretofore
197 2403 57 21 been
265 2401 38 22 the
316 2399 114 28 primitive
442 2398 115 22 condition
568 2397 25 22 of
604 2404 50 15 new

69 2431 103 22 colonies.

94 2458 47 21 The
150 2459 62 26 great
221 2455 73 27 object
303 2453 26 22 of
339 2453 38 21 the
386 2459 62 21 price
457 2459 19 14 is
489 2454 22 19 to
527 2458 77 15 secure
617 2452 39 20 the

69 2488 56 18 most
135 2483 105 23 desirable
250 2481 141 28 proportions
400 2480 103 20 between
517 2478 79 28 people
611 2477 46 22 and

69 2511 53 22 land
128 2519 5 19 ;
148 2511 40 22 but
197 2509 36 22 the
243 2509 54 27 plan
306 2508 42 21 has
357 2507 37 21 the
402 2506 87 22 further
496 2505 71 21 result
574 2504 25 22 of
605 2511 52 21 pro-

71 2539 81 26 ducing
162 2546 13 13 a
182 2543 105 18 revenue,
303 2533 74 23 which
391 2533 47 21 will
452 2535 41 19 not
508 2532 54 27 only
577 2531 80 28 supply

71 2565 36 22 the
119 2565 104 27 requisite
235 2562 68 29 profit
316 2565 22 17 to
355 2561 36 21 the
408 2559 155 22 shareholders
577 2558 27 22 of
619 2558 38 21 the

73 2593 118 26 Company,
214 2591 41 21 but
278 2587 112 23 furnishes
412 2586 38 22 the
473 2593 79 15 means
570 2586 35 20 for
628 2592 30 14 an

73 2619 152 26 Immigration
234 2615 72 28 Fund,
308 2627 31 5 —
340 2622 15 14 a
360 2613 57 23 fund
426 2612 127 27 constantly
561 2612 98 27 applica-

71 2646 36 21 ble
123 2649 23 18 to
161 2645 37 21 the
213 2650 95 22 purpose
325 2641 26 23 of
363 2641 107 26 bringing
484 2640 80 22 labour
580 2642 23 18 to
619 2638 39 22 the

72 2672 80 27 colony
153 2685 29 3 —
184 2671 47 22 that
244 2671 26 26 is,
287 2670 25 21 in
329 2668 92 26 causing
438 2667 39 21 the
492 2667 51 21 best
561 2673 55 15 sort
636 2666 26 20 of

73 2699 146 22 colonization
229 2700 22 18 to
261 2695 97 28 proceed
367 2698 23 18 at
400 2695 38 21 the
452 2696 98 25 greatest
562 2692 97 28 possible

72 2729 53 18 rate.
154 2725 54 22 And
214 2724 43 23 this
263 2731 20 14 is
290 2723 37 21 the
335 2721 84 23 second
428 2721 87 22 feature
527 2720 24 22 of
563 2720 37 21 the
610 2726 51 15 new

73 2757 89 23 system.

97 2786 49 23 The
156 2785 152 28 employment
317 2783 26 22 of
358 2782 37 22 the
409 2781 212 29 purchase-money,
637 2787 26 14 or

73 2813 36 21 the
119 2812 109 29 principal
236 2814 51 25 part
296 2810 26 22 of
331 2810 25 26 it,
366 2810 24 21 in
401 2808 128 28 conveying
537 2807 87 22 settlers
637 2810 24 18 to

73 2840 37 22 the
121 2840 87 27 colony,
219 2839 39 21 has
268 2837 38 22 the
315 2836 116 26 following
441 2835 84 22 effects.
553 2834 23 21 It
585 2833 78 22 makes

75 2867 36 21 the
125 2866 131 28 purchasers
271 2864 26 21 of
311 2863 56 22 land
381 2869 36 15 see
432 2861 94 28 plainly,
541 2860 49 21 that
605 2860 59 21 their

75 2900 81 20 money
165 2892 45 22 will
219 2892 28 21 be
256 2889 107 23 returned
372 2889 24 21 in
410 2888 39 21 the
463 2888 68 27 shape
544 2887 26 21 of
583 2887 81 21 labour

76 2921 44 21 and
129 2918 136 30 population.
295 2917 22 21 It
326 2915 72 27 tends,
414 2915 24 21 in
448 2914 53 27 fact,
516 2917 23 18 to
548 2914 68 21 lower
626 2913 38 21 the

76 2953 117 20 necessary
211 2943 107 24 standard
336 2942 26 21 of
377 2942 70 27 price,
461 2942 104 26 because,
582 2940 55 21 with
652 2947 13 14 a

77 2977 103 19 constant
186 2972 73 22 influx
269 2970 27 21 of
306 2968 79 29 people
395 2972 22 18 to
428 2965 38 24 the
477 2968 88 26 colony,
574 2967 37 21 the
622 2967 43 21 due

77 3001 127 28 proportion
208 3000 102 20 between
317 3001 79 23 people
404 2994 46 22 and
456 2994 55 22 land
518 3001 52 20 may
576 2994 29 21 be
611 2993 55 27 kept

79 3034 28 21 up
116 3031 30 23 by
155 3034 14 14 a
177 3026 68 22 lower
252 3024 69 27 price,
333 3022 55 22 than
397 3022 22 21 if
430 3021 63 22 there
504 3029 57 14 were
570 3027 30 15 no
610 3020 56 22 such

79 3054 148 27 immigration
232 3068 5 5 .
256 3053 25 20 It
289 3050 111 22 therefore
406 3048 132 23 diminishes
545 3048 37 21 the
588 3047 79 28 period

81 3081 77 27 during
167 3079 73 23 which
249 3078 38 21 the
296 3078 104 21 labourer
413 3078 61 20 must
486 3075 62 22 work
561 3074 35 22 for
610 3074 56 28 hire,

82 3107 43 22 and
132 3108 30 27 by
172 3107 37 22 the
223 3105 64 28 rapid
300 3111 102 26 progress
417 3102 74 23 which
504 3102 19 22 it
536 3102 93 28 imparts
644 3104 23 19 to

83 3134 35 22 the
127 3135 49 21 best
184 3136 45 20 sort
237 3132 26 22 of
275 3130 157 27 colonization,
447 3130 19 21 it
480 3129 102 28 explains
597 3132 22 18 to
629 3128 39 22 the

83 3161 114 26 labouring
206 3161 55 21 class
271 3159 26 22 of
303 3158 149 27 immigrants,
463 3156 48 22 that
521 3163 67 20 every
595 3163 43 14 one
646 3155 25 22 of

85 3187 59 23 them
155 3188 48 22 who
219 3187 19 21 is
252 3185 138 23 industrious
407 3184 46 22 and
469 3183 86 28 thrifty,
572 3190 53 19 may
640 3182 30 22 be

84 3222 48 14 Bure
141 3217 21 19 to
172 3215 91 21 become
276 3216 40 18 not
330 3210 86 29 merely
431 3218 30 15 an
476 3217 76 15 owner
567 3210 26 21 of
607 3208 63 28 land,

85 3241 38 23 but
138 3241 45 22 also
198 3241 25 22 in
240 3240 36 22 his
295 3242 60 23 turn,
376 3245 30 15 an
426 3238 117 27 employer
560 3237 27 21 of
605 3236 68 23 hired

85 3268 117 27 labourers,
213 3276 13 14 a
234 3269 84 20 master
327 3266 27 22 of
363 3268 110 19 servants.

112 3295 65 22 From
186 3295 61 21 these
256 3292 185 26 considerations,
456 3290 38 23 the
505 3291 116 27 Company
630 3290 43 21 has

88 3321 93 28 adopted
198 3321 37 22 the
251 3328 62 14 same
330 3322 83 25 system
431 3318 26 21 of
472 3318 115 28 disposing
602 3317 26 22 of
643 3317 30 22 its

89 3353 63 17 waste
162 3348 71 27 lands,
249 3355 24 14 as
288 3348 41 20 has
343 3345 93 27 already
449 3344 86 28 proved
548 3343 79 28 highly
638 3344 35 21 fa-

89 3375 100 22 vourable
204 3378 22 18 to
239 3374 39 22 the
290 3372 185 30 productiveness
490 3372 27 21 of
530 3371 104 27 industry
647 3371 26 21 in

89 3401 67 22 South
165 3401 120 23 Australia.
313 3400 28 22 In
353 3407 12 15 a
376 3407 50 14 new
437 3398 90 27 colony,
539 3398 95 31 planted
647 3398 26 21 in

89 3434 12 14 a
109 3428 70 22 fertile
189 3428 44 23 and
247 3428 116 22 extensive
377 3426 113 26 territory,
506 3426 19 21 it
537 3432 20 15 is
572 3424 101 27 obvious,

89 3454 47 22 that
153 3455 36 22 the
205 3454 169 24 establishment
388 3453 26 22 of
430 3452 56 22 such
501 3459 14 14 a
529 3455 83 24 system
626 3451 19 22 is
661 3458 14 14 a

90 3485 76 19 matter
182 3482 26 22 of
224 3482 37 21 the
278 3481 91 28 deepest
386 3482 103 19 moment
505 3482 23 18 to
544 3478 39 22 the
598 3478 77 21 future

90 3508 84 22 welfare
185 3509 25 21 of
223 3509 91 26 society.
447 3506 19 22 it
480 3505 39 22 the
533 3506 51 21 best
598 3505 78 22 effects

90 3541 49 21 may
148 3535 51 22 with
208 3535 128 23 confidence
345 3535 30 21 be
384 3533 139 28 anticipated
529 3540 5 13 :
550 3539 13 15 a
570 3534 106 20 constant

89 3561 42 22 and
140 3563 86 26 regular
234 3562 81 27 supply
325 3561 27 21 of
362 3568 50 14 new
420 3560 57 22 land
485 3560 25 21 in
525 3559 44 22 due
582 3566 94 20 propor-

86 3588 45 22 tion
141 3591 21 19 to
171 3589 38 21 the
227 3591 71 19 wants
307 3588 25 22 of
343 3595 14 14 a
363 3587 133 28 population
508 3586 127 27 increasing
645 3586 32 27 by

87 3614 68 22 births
163 3616 46 21 and
221 3615 152 27 immigration
379 3622 5 20 ;
403 3614 31 22 all
448 3614 38 21 the
501 3613 137 27 advantages
652 3615 25 19 to

88 3641 69 23 which
165 3642 101 22 facilities
276 3642 26 21 of
312 3644 114 25 transport
433 3640 45 22 and
485 3640 192 22 communication

89 3674 36 15 are
134 3669 101 22 essential
242 3677 6 18 ;
264 3669 111 26 certainty
388 3668 26 21 of
424 3667 78 27 limits,
518 3667 46 22 and
578 3666 99 27 security

90 3695 24 20 of
124 3695 47 22 title
180 3699 22 19 to
211 3698 105 25 property
324 3695 25 21 in
360 3689 58 27 land
424 3701 6 19 ;
445 3694 38 21 the
493 3696 99 24 greatest
604 3693 73 22 facili-

88 3720 40 22 ties
137 3729 28 14 on
175 3723 114 27 acquiring
298 3722 38 21 the
348 3721 43 21 due
401 3720 116 28 quantity;
532 3720 38 21 the
579 3722 99 24 greatest

90 3753 183 23 encouragement
285 3752 23 18 to
317 3747 153 27 immigration
481 3746 46 22 and
536 3747 128 21 settlement
671 3755 6 18 ;

92 3774 42 22 and
147 3776 36 21 the
197 3779 57 19 most
266 3776 65 27 rapid
346 3781 104 21 progress
464 3773 26 22 of
506 3773 37 22 the
557 3773 80 27 people
650 3774 26 21 in

91 3802 96 22 material
196 3803 94 21 comfort
299 3802 46 22 and
355 3800 69 22 social

194 3857 97 20 BILLS
306 3856 44 21 OF
364 3854 207 22 EXCHANGE.

95 3889 156 48 PRINTED
267 3891 105 22 FORMS
386 3890 63 21 FOR
463 3889 78 21 SALE
556 3889 42 21 AT
611 3888 66 22 THE

164 3918 107 23 OFFICE
286 3918 39 22 OF
338 3917 73 22 THIS
428 3915 108 23 PAPER.

122 3943 123 24 November
254 3946 20 26 4,
288 3946 60 21 1840.

2129 616 239 26 Surveyor-General's
2378 616 77 28 Office,

2196 643 102 27 January
2307 644 19 26 7,
2342 645 59 20 1841.

1900 676 144 48 NOTICE
2054 676 28 22 IS
2093 676 127 22 HEREBY
2230 676 106 27 GIVEN,
2348 676 49 22 that
2402 676 81 22 hence-

1979 703 102 26 forward,
2092 703 23 21 in
2126 703 64 21 order
2200 706 23 18 to
2232 703 50 26 give
2293 703 53 21 time
2360 703 35 21 for
2409 703 74 21 Land-

1900 736 83 14 owners
1999 729 46 21 and
2061 729 87 26 Agents
2164 733 21 17 to
2200 730 88 27 inspect
2303 729 96 22 districts
2413 729 71 22 under

1900 762 85 20 survey,
2002 755 48 22 that
2063 755 37 21 the
2117 755 105 22 selection
2240 756 26 21 of
2282 756 54 21 such
2351 756 95 22 sections
2460 764 25 14 aa

1900 789 50 20 may
1960 783 27 20 be
1996 782 71 27 ready
2077 781 44 22 will
2131 782 50 21 take
2190 783 63 26 place
2263 790 28 14 on
2302 783 37 21 the
2348 783 49 21 first
2403 782 82 22 Thurs-

1900 808 43 27 day
1952 809 22 20 in
1990 816 67 19 every
2071 809 86 26 month,
2175 809 75 21 unless
2267 816 28 14 an
2312 809 174 22 advertisement

1900 842 91 20 appears
2001 839 22 17 to
2034 835 37 21 the
2082 838 110 24 contrary.

1927 861 37 22 On
1986 861 63 22 these
2074 862 113 21 occasions
2209 861 31 22 all
2268 861 150 22 Landowners
2440 862 46 21 and

1901 888 85 27 Agents
1997 888 49 22 who
2064 888 45 22 still
2124 888 56 22 have
2197 888 58 22 their
2270 888 86 22 choices
2373 892 23 18 to
2412 888 72 27 make,

1901 922 36 14 are
1947 914 118 27 requested
2075 918 21 18 to
2114 915 82 27 attend,
2214 922 25 14 as
2253 915 19 21 it
2286 915 18 21 is
2321 915 125 27 impossible
2463 918 23 19 to

1901 948 39 20 say
1948 944 23 18 to
1978 941 59 21 what
2044 941 96 21 number
2147 941 37 22 the
2191 941 76 22 choice
2274 949 53 19 may
2333 941 75 22 reach.
2432 941 54 28 Any

1901 968 77 21 holder
1987 968 27 21 of
2025 976 12 13 a
2046 968 54 21 land
2118 968 64 22 order
2196 967 98 28 residing
2307 969 23 21 in
2348 968 37 22 the
2402 968 84 27 Colony

1901 994 49 22 who
1961 994 52 22 does
2023 998 40 18 not
2072 995 83 27 attend,
2168 995 43 21 will
2221 995 27 21 be
2258 995 129 21 considered
2397 997 22 19 to
2428 995 58 21 have

1901 1022 103 20 reserved
2013 1021 34 21 his
2058 1021 83 26 choice,
2153 1022 75 20 unless
2239 1028 61 14 some
2308 1022 63 21 other
2380 1028 81 21 person
2468 1022 18 21 is

1902 1048 96 27 deputed
2007 1051 23 18 to
2041 1048 81 22 choose
2132 1048 34 21 for
2176 1048 53 21 him.

2065 1074 36 22 W.
2117 1075 33 21 M.
2166 1075 106 27 SMITH,
2284 1075 99 27 Capt.ll.
2388 1075 35 27 A.,

2246 1101 227 27 Surveyor-General.

2135 1155 238 32 Surveyor-General's
2383 1156 78 27 Office,

2202 1182 102 27 January
2314 1183 19 26 7,
2347 1184 61 20 1841.

1907 1215 201 48 SURVEYORS
2124 1215 143 22 WANTED.
2296 1216 44 21 For
2349 1216 85 21 further
2439 1223 50 20 par-

1971 1242 89 21 ticulars
2070 1242 67 27 apply
2147 1245 22 18 at
2182 1242 43 21 this
2241 1242 77 27 Office,
2334 1242 101 22 between
2451 1243 38 22 the

1905 1269 67 21 hours
1981 1269 26 20 of
2018 1270 14 20 9
2041 1269 45 21 and
2094 1270 21 20 4.

2069 1296 35 21 W.
2121 1296 32 21 M.
2170 1295 105 27 SMITH,
2288 1296 60 26 Capt.
2359 1296 68 27 R.A.,

2251 1322 226 27 Surveyor-General.

1994 1376 255 21 IMMIGRATION
2268 1377 131 20 OFFICE.

1906 1409 112 47 LISTS
2029 1409 25 21 of
2061 1409 73 27 newly
2144 1409 87 22 arrived
2241 1409 144 28 Immigrants
2395 1417 36 15 are
2439 1410 53 27 kept

1981 1439 24 18 at
2023 1436 44 21 this
2087 1436 77 27 Office,
2185 1436 73 22 where
2277 1437 81 26 parties
2376 1437 114 27 requiring

1907 1463 113 21 workmen
2031 1470 24 14 or
2072 1466 99 18 servants
2181 1470 42 14 can
2240 1463 86 22 receive
2340 1464 150 26 information,

1907 1490 45 20 and
1969 1489 63 21 those
2048 1493 38 17 out
2101 1490 25 20 of
2137 1490 152 27 employment
2302 1498 42 14 can
2359 1490 57 22 have
2434 1490 57 22 their

1907 1523 76 15 names
1994 1516 128 27 registered,
2134 1524 28 13 on
2174 1517 105 26 applying
2289 1520 22 18 to

2084 1543 92 21 Daniel
2191 1543 137 27 Riddiford,

2235 1570 155 27 Immigration
2408 1571 83 27 Agent.

1935 1596 122 22 Thorndon
2069 1597 71 26 Quay,
2152 1596 143 28 Wellington,

2003 1623 126 21 December
2141 1625 33 25 30,
2191 1625 59 20 1840.

2130 1678 149 21 ADDRESS.

1957 1711 63 20 MR.
2044 1712 33 19 A.
2102 1711 26 20 J.
2152 1711 191 26 SHERIDAN,
2366 1712 80 25 M.D.,

2035 1745 101 14 SURGEON
2153 1745 45 14 AND
2213 1745 156 19 ACCOUCHEUR,

2019 1771 56 21 Mrs.
2096 1771 101 27 Millar's,
2224 1772 77 21 Kumu
2325 1772 63 22 Toto.

2142 1825 22 22 A
2179 1825 90 22 CARD.

2014 1860 77 20 MR.
2117 1860 35 20 K.
2178 1861 31 20 B.
2234 1861 160 25 KELPH,

2069 1893 104 15 SURGEON
2188 1895 156 19 ACCOUCHEUR,

2148 1920 121 22 PETONI.

2103 1975 211 20 EDUCATION.

1919 2007 104 47 MRS.
2044 2007 45 21 and
2110 2006 70 22 MISS
2204 2007 188 22 WAKEFIELD
2415 2008 87 22 receive

2006 2033 74 27 pupils
2090 2040 28 14 on
2129 2032 37 21 tile
2176 2033 113 27 following
2300 2037 66 18 terms
2372 2042 35 13 :—

1945 2065 42 22 For
2005 2065 77 26 board,
2101 2066 53 21 with
2173 2065 99 26 washing
2288 2067 43 21 and
2347 2067 34 21 in-

1972 2093 107 21 struction
2084 2093 22 21 in
2112 2092 90 27 general
2210 2093 91 26 English
2307 2093 74 22 litera-

1973 2122 55 24 ture,
2045 2120 93 26 writing,
2154 2119 43 21 and
2210 2120 116 27 nritinetic,
2343 2128 39 19 per

1973 2149 89 24 quarter
2382 2149 13 20 8
2423 2149 12 20 8
2463 2149 16 20 0

1945 2173 78 21 Under
2033 2175 11 19 7
2054 2180 64 20 years
2129 2173 25 21 of
2166 2180 39 19 age
2383 2174 14 22 7
2423 2174 14 22 7
2464 2176 16 20 0

1947 2200 49 27 Day
2007 2199 105 22 boarders
2383 2202 15 20 4
2424 2203 14 19 4
2465 2203 13 19 0

1947 2226 50 27 Day
2007 2226 74 27 pupils
2384 2229 14 19 2
2425 2229 13 19 2
2465 2229 16 20 0

1947 2253 80 21 Junior
2038 2253 55 21 ditto
2385 2255 51 21 11l
2465 2256 13 20 6

1920 2286 94 27 French,
2025 2286 95 27 -Italian,
2136 2286 44 21 and
2195 2286 113 27 Drawing,
2320 2286 30 23 £l
2367 2289 44 21 11s.
2422 2288 35 21 6d.
2468 2295 40 20 per

2165 2317 96 23 quarter.

1948 2346 89 22 Private
2047 2346 84 22 lessons
2141 2346 23 21 in
2177 2346 75 26 music,
2265 2354 24 14 or
2299 2354 44 20 any
2354 2347 25 21 of
2390 2347 36 23 the
2437 2348 69 22 above

1920 2373 110 22 branches
2041 2373 26 21 of
2079 2373 123 25 education,
2220 2380 43 14 one
2277 2374 75 22 hour's
2367 2375 140 26 instruction,

1922 2401 50 21 four
1980 2400 85 21 lessons
2083 2400 35 20 for
2128 2406 42 15 one
2180 2400 88 26 guinea.

1950 2434 135 21 References
2094 2436 22 18 to
2127 2432 37 22 the
2173 2433 115 28 following
2293 2434 128 27 gentlemen
2430 2434 79 28 kindly

1922 2460 120 28 permitted
2050 2467 4 14 :
2056 2471 29 3 —

1952 2494 62 27 Capt.
2026 2493 34 21 W.
2073 2493 33 21 M.
2117 2493 78 27 Smith,
2207 2494 68 27 R.A.,
2284 2495 223 28 Surveyor-General

1952 2521 25 21 T.
1991 2521 29 21 M.
2035 2520 120 27 Partridge,
2169 2521 52 27 Esq.

1953 2548 21 21 S.
1985 2547 98 27 Revans,
2095 2547 52 28 Esq.

1925 2580 184 27 Tinakore-road,
2126 2580 80 22 March
2216 2582 32 26 10,
2261 2582 61 21 1841.

1927 2636 133 34 rpHREE
2075 2635 171 22 THOUSAND
2263 2636 77 21 FEET
2349 2637 99 27 superior
2456 2636 57 22 half-

1934 2657 30 27 JL
2000 2662 54 22 inch
2074 2662 78 28 Cedar,
2170 2662 35 21 for
2221 2662 104 28 building
2343 2665 45 20 and
2404 2664 111 27 repairing

1926 2690 71 21 boats.

2234 2716 81 23 Waitt
2326 2716 45 23 and
2379 2717 107 23 Tikline.

1954 2743 144 27 Wellington,
2109 2742 81 23 March
2199 2744 33 26 IS,
2244 2744 60 21 1841.

2100 2799 44 20 TO
2158 2798 179 21 BUILDERS.

1929 2832 203 51 ESTIMATES
2162 2831 134 22 WA.NTED
2320 2832 34 21 for
2375 2831 102 28 building
2502 2839 14 15 a

2007 2863 67 23 store,
2086 2859 29 22 all
2126 2859 36 21 the
2172 2859 112 21 materials
2301 2859 26 21 of
2338 2859 73 22 which
2427 2859 45 22 will
2486 2859 28 22 be

1929 2887 77 22 found.
2036 2887 44 21 For
2089 2885 131 29 particulars
2230 2886 68 27 apply
2308 2889 23 18 to

2223 2918 82 22 Waitt
2324 2919 44 22 and
2383 2919 107 22 Tinline.

1959 2947 146 27 Wellington,
2116 2946 81 22 March
2206 2946 20 26 5,
2238 2947 61 21 1841.

1947 3002 229 22 DISSOLUTION
2191 3002 43 20 OF
2248 3000 257 21 PARTNERSHIP.

1934 3035 147 51 NOTICE
2101 3035 27 21 IS
2150 3034 127 22 HEREBY
2297 3033 107 27 GIVEN,
2421 3033 49 21 that
2482 3032 39 22 the

2014 3062 141 27 partnership
2175 3060 120 27 subsisting
2312 3060 101 21 between
2431 3067 34 19 us,
2484 3059 38 22 the

1935 3090 62 23 Hon.
2016 3089 31 22 H.
2064 3088 36 21 W.
2117 3088 71 25 Petre,
2211 3087 46 22 and
2277 3087 24 21 F.
2322 3087 28 21 A.
2371 3086 151 27 Molesworth,

1936 3117 88 25 trading
2034 3114 102 28 together
2145 3118 23 18 at
2178 3114 87 27 Petoni,
2282 3114 23 21 in
2324 3114 52 21 Port
2392 3113 130 26 Nicholson,

1936 3151 24 14 as
1969 3142 91 28 general
2077 3144 84 24 agents,
2178 3141 92 27 dealers,
2289 3140 44 21 and
2350 3139 117 28 chapmen,
2484 3139 40 22 has

1936 3171 43 22 this
1989 3170 44 27 day
2042 3169 58 22 been
2110 3167 111 22 dissolved
2229 3168 31 26 by
2268 3167 85 22 mutual
2369 3170 100 19 consent.

2246 3201 25 21 F.
2284 3201 28 21 A.
2324 3200 172 27 Molesworth,

2246 3228 85 22 Henri
2343 3227 35 21 W.
2389 3227 84 21 Petre.

1936 3264 100 22 Witness
2036 3274 28 5 —
2064 3262 36 22 W.
2111 3261 29 22 V.
2148 3262 96 26 Brewer,
2256 3260 198 28 barrister-at-law,
2470 3259 55 22 New

2101 3288 108 23 Zealand.

2069 3316 25 21 T.
2107 3316 33 21 M.
2150 3314 123 28 Partridge.

1966 3344 113 26 February
2088 3344 35 25 25,
2139 3344 60 20 1841.

2165 3396 138 22 NOTICE.

1942 3432 91 22 mHE
2043 3431 72 22 Cattle
2126 3430 143 27 depasturing
2278 3436 29 15 on
2318 3428 77 28 Kapiti
2402 3428 58 21 have
2468 3427 59 21 been

1948 3452 30 29 JL
2015 3458 81 28 placed
2105 3457 71 22 under
2185 3457 38 21 the
2234 3455 200 29 superintendance
2444 3454 27 22 of
2481 3454 44 21 Mr.

1942 3486 85 22 Robert
2038 3485 63 22 Jillet
2110 3485 31 26 by
2150 3483 38 22 the
2197 3482 158 27 undersigned.

1969 3513 97 21 Masters
2077 3511 26 21 of
2113 3511 82 21 vessels
2206 3510 45 22 and
2267 3510 73 21 others
2356 3516 38 14 are
2410 3506 118 23 cautioned

1943 3539 87 28 against
2036 3537 138 27 purchasing
2181 3544 44 20 any
2233 3537 27 21 of
2269 3536 38 22 the
2315 3536 69 21 above
2393 3534 70 22 Cattle
2469 3533 59 22 from

1944 3567 36 21 the
1991 3566 100 26 Natives,
2103 3565 73 22 under
2188 3571 44 20 any
2241 3566 106 23 pretence
2355 3561 119 22 whatever.

2220 3587 36 25 W.
2267 3589 25 22 B.
2303 3589 94 21 Rhodes
2407 3587 44 22 and
2462 3587 38 20 Co.

1945 3647 91 47 THE
2063 3643 228 25 UNDERSIGNED
2319 3641 84 27 having
2424 3639 103 23 received

2019 3673 86 22 several
2115 3671 146 28 applications
2270 3668 125 26 respecting
2402 3667 37 22 the
2445 3667 83 27 impor-

1945 3700 68 22 tation
2025 3700 26 22 of
2062 3699 67 22 cattle
2140 3697 44 23 and
2193 3697 75 25 sheep.
2305 3694 84 22 Should
2397 3701 13 14 a
2418 3693 111 22 sufficient

1944 3727 103 26 quantity
2057 3726 61 25 offer,
2138 3723 92 28 Captain
2241 3722 90 22 Rhodes
2347 3720 45 22 will
2401 3719 95 29 proceed
2504 3722 24 19 to

1944 3755 36 20 t-he
1991 3753 82 27 colony
2081 3753 26 21 of
2118 3751 55 22 New
2184 3749 69 23 South
2269 3748 81 26 Wales,
2366 3746 46 23 and
2428 3753 101 21 superin-

1945 3780 54 22 tend
2022 3780 38 21 the
2084 3778 106 22 selection
2202 3794 4 3 .
2213 3776 47 21 and
2281 3774 113 28 shipment
2412 3774 25 21 of
2466 3772 62 23 them

1945 3806 134 29 personally.
2219 3828 8 7 ,
2249 3828 19 7 „
2291 3827 17 8 „
2435 3826 9 9 t
2462 3826 16 9 «

2199 3828 35 22 W.
2249 3828 27 22 B.
2291 3827 93 22 Rhodes
2402 3826 44 22 and
2462 3826 38 22 Co.

1947 3887 88 49 FOR
2049 3884 84 26 SALE,
2145 3887 24 17 at
2178 3883 36 21 the
2361 3880 76 27 Office,
2446 3878 83 23 36-line

2020 3912 63 22 Brief
2095 3911 77 27 Papev.
