2569 3999
81 3474 69 30 Many
166 3481 132 24 complaints
314 3482 57 23 have
389 3484 88 23 arrived
487 3485 30 28 by
527 3485 37 22 the
580 3488 61 24 Lady

56 3505 111 23 Mugenttf
174 3511 40 17 not
219 3507 83 28 having
309 3510 103 21 received
419 3511 75 22 letters
502 3512 46 22 and
555 3521 86 20 papers,

57 3533 40 17 and
114 3535 17 17 it
148 3533 39 21 has
206 3534 55 22 been
279 3536 110 22 therefore
405 3539 103 22 assumed
526 3539 47 23 that
588 3540 52 26 they

58 3560 51 17 nnve
119 3562 40 17 n«t
168 3559 55 23 been
236 3561 129 22 forwarded.
395 3563 54 22 This
463 3565 18 22 is
492 3571 40 16 not
543 3566 35 23 the
591 3575 48 15 case

56 3590 26 6 —
115 3587 32 19 tar
154 3592 24 14 as
188 3587 37 21 the
236 3594 67 21 paper
312 3589 18 20 is
348 3591 128 22 concerned
484 3600 5 17 ;
505 3593 19 21 it
533 3592 40 23 has
583 3594 56 22 been

57 3613 45 17 sent
119 3613 27 25 by
164 3620 66 28 every
247 3616 151 27 opportunity,
414 3617 44 22 and
474 3618 126 30 frequently
617 3622 22 21 in

57 3637 104 25 duplicate
181 3637 45 24 and
245 3640 116 28 triplicate.
391 3643 44 22 For
454 3652 60 15 some
534 3648 52 21 time
605 3655 33 14 we

58 3667 50 16 even
127 3670 49 16 sent
192 3666 17 22 it
226 3670 22 18 to
267 3674 66 21 many
348 3673 112 23 strangers
481 3672 49 22 who
540 3673 43 22 had
601 3678 40 18 not

58 3693 84 19 oecome
152 3693 142 26 subscribers,
303 3694 40 22 but
352 3694 58 22 have
421 3703 48 15 now
484 3700 78 21 ceased
573 3700 68 28 doing

56 3720 22 14 so
86 3722 4 18 ;
105 3717 42 21 and
157 3718 58 22 have
232 3720 139 22 determined
385 3726 40 17 not
441 3726 21 19 to
477 3726 54 21 send
548 3728 93 21 another

55 3746 63 22 Paper
127 3750 38 16 out
181 3747 26 20 of
221 3747 35 21 the
273 3747 92 28 Colony,
378 3749 92 22 without
486 3751 38 22 the
533 3759 108 21 payment

54 3772 32 16 i«r
96 3772 34 19 the
140 3778 60 16 same
210 3773 19 21 is
239 3774 108 27 ,-irranged
356 3775 36 21 for
401 3779 23 17 at
435 3775 42 22 this
487 3778 70 26 place.

53 3832 18 12 Nt
80 3817 22 27 m!
125 3819 34 25 ??Y
161 3821 24 12 1D
192 3821 28 13 me
228 3823 24 12 do
260 3823 21 13 1t
286 3821 27 10 '~
314 3820 15 16 a
425 3823 56 14 arrest
489 3822 33 16 has
531 3823 45 17 been
585 3825 52 16 made

54 3851 37 16 Mi.
96 3839 33 28 h?ii
150 3857 3 10 i
167 3842 33 12 ans
202 3850 3 7 '
210 3860 5 7 ,n,
214 3843 11 12 n
227 3860 3 3 .
227 3843 39 13 ame
268 3841 22 19 'y'
299 3841 38 16 that
345 3841 20 16 of
371 3845 10 12 a
386 3841 126 21 good-looking
517 3848 49 14 man,
572 3848 13 12 n
592 3846 46 16 tmed

54 3855 33 30 fnv,
93 3855 8 30 I
112 3876 4 9 ,
132 3867 3 8 '
143 3857 73 18 dressed
224 3864 18 12 «>
251 3860 63 17 female
321 3863 60 18 attire.
404 3862 28 17 He
439 3863 33 16 liad
477 3863 88 17 officiate'"
571 3865 13 16 d
589 3866 49 19 arinjr

54 3877 63 14 tcvtrai
126 3881 74 17 voyages
207 3884 20 12 as
235 3881 133 17 chambermaid
380 3887 18 12 in
412 3884 30 15 the
454 3883 63 17 ladies'
529 3886 26 14 ca!
562 3885 21 17 in
595 3886 20 16 of
627 3891 11 11 a

54 3898 58 29 th,,,,!
124 3898 52 17 beIWL
173 3905 6 22 ;
179 3904 9 12 e
183 3921 9 6 J
190 3903 10 13 n
214 3900 60 19 Havre
286 3903 35 16 and
332 3903 46 16 New
389 3903 103 18 Orleans.—
493 3905 62 20 [What
567 3910 13 12 a
592 3906 44 17 book

55 3919 32 12 ws
94 3920 40 14 man
141 3920 52 17 could
200 3916 64 28 write.}

1351 181 50 25 The
1412 182 57 24 dock
1479 184 56 30 yard
1546 188 24 19 at
1582 184 135 33 Devonport
1733 186 47 24 had
1798 187 59 24 been
1869 193 34 19 set

1317 222 29 15 on
1358 215 41 23 fire
1410 215 28 31 by
1451 223 63 17 some
1525 217 164 25 undiscovered
1700 219 87 29 villain,
1810 220 44 23 and
1866 221 37 24 the

1316 247 138 24 destruction
1464 248 73 24 which
1550 251 86 22 ensued
1648 252 19 22 is
1687 253 119 23 estimated
1825 257 23 19 at
1859 261 44 24 up-

1315 280 72 23 wards
1400 281 24 22 of
1438 281 142 28 £200,000.
1616 283 52 24 The
1691 285 40 22 fire
1758 287 143 22 commenced

1315 320 29 15 on
1356 313 67 23 board
1436 313 40 24 her
1490 314 121 32 Majesty's
1624 316 51 31 ship
1685 317 38 24 the
1737 317 120 29 Talavera,
1869 321 30 24 72

1314 353 59 23 guns
1385 346 44 23 and
1445 349 180 23 communicated
1643 354 23 19 to
1684 349 38 24 the
1740 350 114 32 Imogene,
1878 353 21 22 of

1314 379 33 22 26
1359 386 68 22 guns.
1462 380 62 23 Both
1541 381 63 23 these
1621 383 86 23 vessels
1724 391 60 16 were
1803 385 96 31 entirely

1313 411 125 31 destroyed.
1486 412 51 24 The
1566 414 42 23 fire
1631 415 48 23 also
1712 416 82 31 spread
1815 421 22 19 to
1861 418 37 23 the

1314 441 95 26 Minden
1421 446 30 24 72
1463 454 67 22 guns,
1543 446 74 24 which
1629 449 102 22 received
1743 449 154 25 considerable

1312 476 76 32 injury
1398 478 22 23 in
1433 478 37 24 the
1482 479 56 23 bow.
1575 480 24 23 A
1620 481 45 23 few
1686 481 55 32 days
1768 483 129 24 afterwards

1311 516 29 16 an
1352 511 110 23 atrocious
1475 516 94 28 attempt
1582 521 45 15 was
1640 514 65 23 made
1723 520 22 17 to
1765 520 35 19 set
1818 516 41 23 fire
1872 521 22 19 to

1311 541 38 24 the
1362 542 56 25 dock
1436 545 55 30 yard
1509 550 24 18 at
1550 545 136 25 Sheerness.
1722 548 51 23 The
1791 549 41 23 fire
1851 557 46 16 was

1310 575 51 23 first
1372 576 128 25 discovered
1512 578 29 30 by
1554 586 12 15 a
1579 579 48 24 Mr.
1642 580 86 31 Henty,
1742 589 29 15 on
1779 581 69 24 board
1857 583 37 22 the

1312 607 164 32 Camperdown,
1499 610 48 24 who
1562 612 107 23 observed
1683 622 13 14 a
1714 614 80 23 smoke
1806 615 89 31 issuing

1309 640 58 24 from
1388 642 37 23 the
1445 643 170 32 after-cockpit.
1651 645 52 24 The
1726 647 89 23 officers
1837 655 58 16 were

1309 673 151 33 immediately
1472 683 28 16 on
1512 676 40 24 the
1563 681 52 27 spot
1622 687 6 19 ;
1647 679 45 23 and
1704 678 130 25 discovered
1846 680 49 24 that

1309 706 38 24 the
1358 708 41 23 fire
1410 708 43 24 had
1466 711 145 23 commenced
1623 711 22 23 in
1660 719 41 16 one
1713 712 25 23 of
1754 712 38 23 the
1803 713 90 24 lockers

1308 739 26 23 of
1349 740 37 23 the
1398 741 184 31 midshipsmen's
1600 743 66 24 berth
1685 753 29 14 on
1733 745 38 23 the
1789 746 105 24 larboard

1307 772 61 29 side;
1389 774 43 23 and
1450 775 18 22 it
1488 782 43 16 was
1552 777 159 30 extinguished
1734 778 95 24 without
1848 787 44 23 any

1308 805 95 31 damage
1413 807 88 31 beyond
1514 808 38 23 the
1563 809 140 24 destruction
1714 811 25 23 of
1756 811 37 24 the
1806 812 84 24 locker.

1307 837 75 25 When
1397 840 35 23 the
1449 840 78 24 locker
1542 849 46 15 was
1607 843 79 31 ripped
1704 852 38 23 up,
1766 844 63 24 there
1847 853 45 16 was

1305 870 70 24 found
1387 881 14 14 a
1410 873 64 23 birch
1486 874 79 23 broom
1578 883 53 16 over
1642 884 14 15 a
1667 876 84 24 bundle
1759 877 25 23 of
1799 878 91 29 oakum,

1305 905 105 29 pounded
1422 907 67 28 resin,
1502 907 45 23 and
1555 915 13 15 a
1578 908 54 23 lock
1640 909 25 23 of
1674 909 52 31 hay,
1738 910 153 32 immediately

1305 945 53 15 over
1372 938 36 24 the
1428 939 77 24 locker
1523 940 103 25 between
1645 942 38 23 the
1702 942 86 24 beams.
1824 944 67 24 After

1305 970 45 23 this
1375 971 114 31 discovery
1507 973 45 23 had
1574 974 56 24 been
1648 975 73 29 made,
1745 976 39 23 the
1803 978 87 23 officers

1304 1002 71 25 found
1393 1005 62 23 other
1474 1006 150 25 combustible
1645 1009 117 23 materials
1786 1011 100 23 secreted

1303 1036 73 24 inside
1389 1046 40 15 one
1442 1038 25 23 of
1483 1039 36 23 the
1531 1040 93 24 latticed
1636 1042 75 28 racks,
1728 1043 127 30 consisting
1868 1044 25 23 of

1303 1069 92 30 oakum,
1415 1071 80 32 spread
1517 1078 39 18 out
1570 1074 21 22 in
1610 1075 80 28 trains,
1714 1076 45 23 and
1772 1083 13 15 a
1796 1076 92 24 lucifer-

1302 1104 78 23 match-
1390 1109 23 18 at
1424 1104 37 23 the
1474 1105 43 23 end
1529 1106 25 22 of
1570 1107 55 23 each
1637 1108 67 29 train,
1724 1109 45 23 and
1787 1109 101 24 matches

1302 1136 48 22 also
1369 1137 134 24 inteimixed
1521 1139 54 23 with
1594 1140 39 23 the
1652 1141 98 29 oakum;
1769 1143 119 29 powdered

1302 1169 60 23 resin
1375 1177 44 16 was
1430 1170 49 24 also
1491 1172 76 23 mixed
1578 1173 56 23 with
1645 1174 38 23 the
1695 1174 84 23 oakum
1789 1184 5 20 ;
1815 1179 38 26 top
1866 1176 25 23 of

1301 1202 38 28 all,
1352 1210 13 16 a
1377 1203 71 23 match
1469 1208 22 18 at
1504 1204 37 24 the
1557 1205 45 23 end
1614 1207 25 22 of
1655 1215 42 15 one
1716 1207 25 23 of
1757 1207 38 24 the
1817 1210 69 22 trains

1302 1234 42 23 had
1357 1236 111 31 evidently
1482 1238 84 30 ignited
1586 1239 45 23 and
1650 1247 57 23 gone
1726 1245 46 19 out.
1810 1242 77 23 These

1302 1273 43 17 two
1356 1277 145 17 occurrences
1512 1270 46 24 had
1568 1273 90 23 created
1669 1274 111 23 immense
1799 1275 87 23 excite-

1300 1307 71 17 ment.

1335 1341 50 24 The
1395 1343 86 24 launch:
1490 1344 24 23 of
1524 1344 38 23 the
1574 1350 98 19 steamer
1680 1347 24 23 of
1714 1355 45 15 war
1769 1347 115 32 Polyphe-

1290 1379 2 22 \
1300 1382 57 21 mus,
1370 1376 43 23 and
1427 1376 38 23 the
1478 1377 50 31 ship
1547 1379 26 22 of
1587 1378 39 24 the
1643 1380 47 23 line
1707 1380 103 30 London,
1831 1383 53 22 took

1299 1408 64 30 place
1381 1414 22 18 at
1421 1410 111 24 Chatham
1552 1411 140 32 dock-yards
1716 1421 29 15 on
1769 1414 114 32 Tuesday,

1300 1441 66 31 Sept.
1380 1444 38 22 29.
1455 1443 50 23 The
1517 1443 95 24 London
1624 1446 20 22 is
1657 1454 41 15 one
1711 1447 24 23 of
1748 1447 38 23 the
1798 1447 86 31 largest

1300 1475 113 23 two-deck
1423 1475 64 32 ships
1499 1485 51 16 ever
1564 1478 58 23 built
1630 1487 6 19 ;
1656 1478 40 25 she
1709 1480 18 22 is
1747 1481 91 30 pierced
1850 1482 34 22 for

1299 1508 32 22 92
1348 1516 67 23 guns,
1428 1511 32 21 68
1473 1510 43 22 and
1535 1512 32 22 32
1585 1512 122 29 pounders,
1719 1513 43 23 but
1780 1513 40 24 she
1839 1515 44 22 will

1299 1548 64 24 carry
1375 1550 68 15 more.
1481 1543 49 23 Her
1544 1543 85 24 burden
1643 1546 19 22 is
1676 1548 64 21 2902
1754 1551 50 19 tons
1817 1557 5 18 ;
1843 1548 40 22 she

1298 1574 20 22 is
1331 1574 84 31 lighted
1427 1576 45 22 and
1483 1576 122 24 ventilated
1618 1586 28 15 on
1659 1578 37 24 the
1709 1579 118 24 war-deck
1839 1581 44 23 and

1299 1607 37 23 the
1349 1608 132 31 orlop-deck
1495 1610 22 22 in
1530 1618 14 15 a
1563 1618 94 16 manner
1677 1612 48 23 that
1744 1613 80 23 makes
1843 1614 40 23 her

1298 1640 93 24 interior
1413 1649 61 15 more
1497 1644 120 28 agreeable
1641 1644 52 24 than
1721 1645 48 24 that
1792 1647 25 22 of
1838 1655 43 22 any

1298 1673 64 23 other
1374 1675 25 22 of
1413 1682 41 15 our
1465 1675 72 31 ships.
1575 1677 50 23 The
1636 1677 154 31 Polyphemus
1808 1680 19 23 is
1845 1680 36 23 in-

1298 1707 82 23 tended
1394 1708 74 31 partly
1479 1713 22 19 to
1513 1709 64 30 light,
1591 1710 44 23 and
1648 1711 72 31 partly
1733 1717 23 18 to
1769 1717 112 27 transport

1297 1747 52 15 men
1361 1741 42 23 and
1415 1743 147 22 ammunition
1572 1744 24 21 of
1608 1751 53 16 war.
1687 1744 46 23 She
1746 1753 74 16 seems
1830 1747 50 22 well

1297 1773 120 24 calculated
1430 1779 23 18 to
1466 1774 26 24 do
1505 1775 79 24 either.
1623 1776 50 24 Her
1691 1778 88 23 burden
1798 1779 20 23 is
1832 1782 48 21 800

1297 1811 66 22 tons;
1383 1807 37 23 her
1439 1807 60 24 sides
1517 1816 39 15 are
1575 1809 68 31 sharp
1666 1811 43 23 and
1728 1812 82 23 almost
1828 1820 50 23 per-

1296 1839 129 30 pendicular
1434 1850 6 19 ;
1460 1841 44 23 and
1516 1842 41 23 the-
1564 1842 60 24 little
1636 1844 105 22 windows
1761 1845 70 31 along
1843 1846 36 23 the

1296 1872 134 24 after-cabin
1450 1874 44 23 will
1513 1875 51 30 give
1581 1875 42 24 her
1641 1876 37 23 the
1701 1885 138 23 appearance
1858 1882 20 20 oi

1296 1906 107 31 carrying
1415 1915 13 14 a
1440 1908 82 22 second
1536 1909 42 22 tier
1590 1909 25 23 of
1624 1917 67 23 gnus.

1330 1938 104 24 British
1465 1941 86 23 Fleet
1577 1950 27 15 in
1631 1950 50 15 the
1705 1943 173 25 Mediterra-

1296 1973 166 23 nean-Tug
1490 1974 116 31 following
1606 1983 2 4 1
1636 1977 26 27 is,
1686 1984 32 15 we
1749 1978 93 27 believe,
1866 1987 11 13 a

1295 2010 86 18 correct
1397 2005 37 23 list
1453 2005 26 24 of
1494 2006 38 24 the
1550 2007 87 24 British
1658 2009 53 23 fleet
1730 2017 49 16 now
1798 2011 24 22 in
1841 2011 37 22 the

1296 2037 199 25 Mediterranean:
1497 2052 33 4 —
1531 2040 108 25 Princess
1664 2042 125 28 Charlotte,
1817 2046 59 25 104;

1295 2070 119 29 Powerful,
1429 2074 46 25 84;
1497 2072 103 31 Ganges,
1611 2077 43 25 84;
1676 2075 141 30 Thunderer,
1832 2078 29 22 84
1869 2086 5 15 :

1296 2103 156 32 Bellerophon,
1467 2106 30 24 78
1507 2115 5 18 ;
1535 2106 116 31 Revenge,
1665 2108 31 25 76
1706 2118 5 17 ;
1733 2109 143 32 Cambridge,

1295 2139 46 25 78;
1362 2138 61 27 Asia,
1446 2140 46 26 84;
1512 2138 148 31 Implacable,
1680 2143 47 27 74;
1754 2142 121 30 Hastings,

1295 2171 30 22 72
1335 2178 5 19 ;
1373 2170 104 29 Beubow,
1503 2173 31 23 72
1544 2181 6 19 ;
1581 2172 147 32 Edinburgh,
1753 2177 40 23 72.
1839 2177 36 22 On

1292 2210 97 23 passage
1406 2209 71 18 out—
1481 2204 104 33 Rodney,
1606 2208 31 22 92
1649 2216 6 19 ;
1675 2207 133 31 Vanguard,
1828 2211 30 21 84
1869 2219 5 18 ;

1294 2235 88 30 Castor,
1406 2239 31 22 36
1452 2247 6 19 ;
1490 2238 81 30 Pique,
1596 2241 32 22 36
1642 2249 6 19 ;
1680 2240 134 24 Inconstant
1843 2241 34 31 (at

1293 2268 122 30 Gibraltar,
1429 2271 18 21 it
1465 2272 19 21 is
1499 2272 69 29 said),
1582 2274 39 22 36.
1659 2273 88 31 Fitting
1748 2287 34 4 —
1784 2275 92 23 Britan-

1291 2303 45 27 nia,
1354 2305 58 26 120;
1436 2303 78 29 Flowe,
1533 2306 60 28 120;
1608 2306 111 30 Calcutta,
1733 2310 45 26 84;
1798 2308 78 24 Belle-

1293 2336 40 22 isle
1345 2333 40 33 (no
1398 2336 71 31 men),
1484 2339 39 23 72.

1326 2369 56 23 The
1411 2370 167 25 Trafalgar.
1582 2385 33 3 —
1617 2372 57 24 This
1697 2373 104 32 splendid
1830 2374 43 23 and

1291 2404 143 28 magnificent
1447 2404 81 28 vessel,
1541 2405 103 31 building
1663 2407 21 22 in
1701 2407 37 23 the
1751 2407 123 24 Woolwich

1292 2434 133 32 dock-yard,
1434 2436 43 23 and
1490 2442 22 17 to
1519 2438 29 22 be
1562 2439 107 23 mounted
1677 2440 54 22 with
1747 2442 46 21 120
1805 2449 67 23 guns,

1292 2475 18 15 In
1323 2476 49 15 n>w
1389 2470 21 21 in
1423 2478 14 14 a
1449 2478 52 23 very
1512 2471 98 23 forward
1629 2477 64 23 state,
1709 2473 69 30 being
1797 2481 25 16 so
1842 2475 33 22 far

1291 2501 51 24 finis
1347 2503 38 22 lieil
1398 2510 23 16 ,n
1434 2502 36 24 the
1482 2504 63 22 wood
1557 2505 63 22 work
1639 2513 25 15 as
1676 2510 23 19 to
1717 2506 72 23 admit
1800 2507 25 22 of
1839 2515 35 16 re-

1292 2535 88 31 ceiving
1392 2536 36 23 the
1439 2536 100 31 priming
1550 2538 46 22 and
1606 2538 51 23 first
1669 2544 49 18 coat
1730 2540 25 22 of
1771 2541 64 30 paint
1847 2548 27 16 on

1291 2569 37 21 the
1352 2577 68 23 upper
1444 2569 65 24 deck.
1557 2570 51 24 The
1631 2572 50 23 first
1704 2573 57 22 deck
1784 2574 20 21 is
1827 2573 47 24 also

1290 2602 78 30 nearly
1379 2602 104 28 finished,
1496 2603 82 24 almost
1590 2604 30 23 all
1639 2605 50 23 that
1700 2606 19 22 is
1734 2606 105 31 required
1851 2612 23 18 to

1291 2636 107 29 complete
1415 2636 18 22 it
1451 2636 69 31 being
1539 2636 38 24 the
1597 2638 63 30 large
1679 2639 51 22 iron
1750 2639 72 31 joints
1840 2640 34 23 for

1291 2670 133 30 connecting
1437 2669 36 23 the
1485 2670 61 23 main
1559 2670 77 24 beams
1649 2671 43 23 and
1711 2673 60 22 sides
1784 2677 22 18 to
1820 2673 53 23 each

1291 2701 72 23 other.
1399 2702 50 24 The
1462 2707 105 27 suppo.ts
1580 2708 23 19 to
1615 2705 37 22 the
1665 2713 70 23 upper
1748 2705 58 24 deck
1818 2706 56 23 have

1291 2741 13 15 a
1316 2742 54 23 very
1381 2735 76 24 chaste
1468 2744 147 23 appearance,
1629 2738 43 23 and
1684 2740 98 21 consists
1802 2739 25 23 of
1843 2741 31 22 33

1291 2766 238 33 handsomely-turned
1541 2770 79 30 pillars
1632 2771 26 23 of
1667 2771 37 24 the
1717 2772 51 23 best
1779 2773 93 22 African

1291 2800 50 28 oak,
1361 2802 88 30 equally
1460 2802 47 23 rich
1527 2804 23 21 in
1572 2804 72 28 effect,
1665 2812 25 16 as
1709 2804 20 24 if
1749 2806 53 29 they
1816 2813 57 16 were

1290 2834 141 24 constructed
1453 2835 23 23 of
1493 2835 38 24 the
1550 2836 52 24 best
1620 2838 99 30 Spanish
1738 2839 135 31 mahogany.

1290 2866 51 23 The
1354 2867 81 24 second
1446 2868 58 24 deck
1517 2870 20 22 is
1548 2870 48 23 also
1610 2872 144 29 progressing
1765 2872 52 28 fast,
1831 2872 43 23 and

1290 2900 37 22 the
1346 2906 105 26 supports
1468 2902 25 23 of
1512 2902 38 24 the
1569 2903 51 24 first
1643 2904 57 23 deck
1719 2905 110 30 arranged
1853 2905 24 24 of

1290 2933 84 24 similar
1385 2934 78 30 pillars
1474 2943 25 16 as
1510 2936 65 23 those
1589 2945 28 15 on
1629 2938 25 28 it,
1668 2938 44 23 and
1724 2938 25 23 of
1763 2938 38 23 the
1813 2946 61 16 same

1290 2966 100 24 valuable
1413 2969 110 28 material,
1542 2975 93 24 present
1654 2978 13 15 a
1688 2971 111 23 beautiful
1820 2980 54 22 per-

1290 3001 104 29 spective,
1408 3001 68 31 being
1486 3002 82 30 placed
1585 3004 23 21 in
1628 3011 41 16 one
1687 3004 46 23 line
1751 3004 67 29 along
1837 3005 37 22 the

1290 3032 69 24 whole
1371 3034 77 31 length
1461 3035 25 23 of
1502 3035 38 23 the
1552 3035 59 32 ship.
1649 3037 50 23 The
1716 3036 127 31 Trafalgar
1854 3038 19 22 is

1289 3066 122 30 altogether
1423 3068 23 22 in
1464 3068 56 23 such
1540 3077 13 15 a
1571 3069 95 24 forward
1684 3075 67 23 state,
1768 3070 48 23 that
1833 3071 40 22 she

1288 3099 73 30 might
1377 3100 27 23 be
1417 3100 112 24 launched
1547 3103 151 30 immediately
1708 3112 6 19 ;
1735 3103 47 28 but,
1797 3103 19 23 if
1829 3103 43 23 this

1288 3139 57 16 were
1363 3133 35 23 the
1417 3141 59 20 case,
1489 3135 41 22 she
1542 3136 73 22 would
1634 3136 56 23 have
1703 3141 21 18 to
1743 3136 28 23 be
1787 3141 51 18 sent
1851 3141 22 18 to

1290 3164 109 25 Chatham
1412 3171 22 19 to
1454 3168 27 22 be
1493 3168 71 28 fitted,
1577 3176 25 16 as
1615 3169 62 23 there
1690 3169 19 23 is
1728 3176 30 16 no
1772 3169 59 23 dock
1849 3170 23 23 in

1286 3197 192 33 Woolwich-yard
1498 3201 92 31 capable
1603 3202 24 23 of
1636 3203 115 30 receiving
1765 3202 48 24 her.
1849 3202 24 24 It

1288 3231 18 23 is
1319 3239 28 16 on
1360 3233 43 22 this
1418 3239 96 17 account
1532 3234 65 24 alone
1613 3235 50 23 that
1683 3235 62 24 there
1764 3243 37 15 are
1819 3236 53 31 only

1286 3264 69 32 thirty
1367 3265 145 32 shipwrights
1531 3273 23 18 at
1572 3273 93 25 present
1676 3268 118 31 employed
1811 3276 61 23 upon

1286 3296 48 30 her,
1347 3298 43 24 and
1402 3299 40 23 she
1462 3300 45 22 will
1525 3300 28 24 be
1571 3301 113 24 launched
1701 3302 25 22 in
1738 3302 37 22 the
1789 3302 44 22 end
1850 3302 25 23 of

1286 3331 37 23 the
1342 3333 78 22 month
1439 3333 24 22 of
1481 3333 126 31 February,
1623 3336 70 26 1841,
1714 3334 39 23 the
1771 3340 101 18 moment

1286 3364 37 23 the
1335 3364 65 29 dock,
1419 3367 121 30 preparing
1554 3366 35 24 for
1601 3367 40 23 her
1653 3368 113 31 reception
1778 3368 30 30 by
1821 3368 49 23 Mr.

1286 3395 63 30 Rolt,
1362 3398 36 23 the
1418 3404 134 25 contractor,
1568 3401 22 22 is
1601 3400 68 31 ready
1682 3405 23 19 to
1717 3401 87 23 receive
1822 3401 47 23 her.

1286 3430 49 23 The
1354 3432 95 30 original
1468 3437 101 19 contract
1580 3433 35 23 for
1627 3434 45 22 this
1688 3434 59 23 dock
1765 3434 107 31 specified

1285 3463 48 23 that
1356 3464 17 23 it
1396 3465 73 23 would
1488 3465 27 23 be
1536 3466 126 31 completed
1684 3467 28 31 by
1729 3467 37 22 the
1787 3467 44 23 end
1849 3467 26 23 of

1284 3496 67 29 June,
1367 3499 71 27 1841,
1451 3498 47 28 but,
1518 3499 76 30 owing
1612 3503 23 19 to
1655 3508 13 14 a
1686 3500 75 22 desire
1783 3507 29 16 on
1834 3500 37 23 the

1285 3535 49 24 part
1346 3530 25 23 of
1380 3530 38 24 the
1428 3530 131 32 Admiralty
1566 3531 49 24 that
1627 3533 17 22 it
1656 3532 81 24 should
1750 3533 28 23 be
1789 3533 80 23 finish-

1285 3562 27 23 ed
1330 3567 24 19 at
1371 3571 27 15 an
1418 3564 80 23 earlier
1516 3565 87 30 pariod,
1623 3565 47 24 Mr.
1685 3566 59 23 Rolt
1761 3565 79 32 placed
1857 3574 14 15 a

1285 3596 93 23 number
1389 3596 26 23 of
1424 3601 64 19 extra
1498 3596 75 24 hands
1591 3606 60 23 upon
1665 3599 20 22 it
1703 3598 35 24 for
1759 3599 37 23 the
1814 3606 56 24 pur-

1284 3636 54 22 pose
1356 3629 24 23 of
1394 3629 85 32 having
1498 3630 20 23 it
1535 3631 127 31 completed
1679 3631 30 31 by
1729 3631 37 24 the
1785 3631 45 24 end
1848 3632 26 23 of

1284 3661 126 31 February.

1317 3694 166 25 Edinburgh.
1484 3709 35 3 —
1521 3696 91 24 Great
1631 3697 152 24 Municipal
1801 3698 70 23 Con-

1283 3735 60 15 test
1363 3736 49 15 for
1431 3736 50 16 the
1492 3728 151 26 Exclusion
1665 3737 30 16 op
1709 3730 162 24 Dissenters

1284 3767 69 17 from
1366 3768 50 17 the
1430 3761 72 24 Civic
1513 3762 94 24 Chair.
1610 3775 33 4 —
1644 3763 51 24 The
1705 3763 72 24 honor
1785 3764 25 23 of
1825 3764 46 23 fill-

1282 3794 40 29 ing
1328 3794 38 23 the
1374 3794 55 22 civic
1438 3794 62 24 chair
1505 3796 23 22 in
1537 3796 135 30 Edinburgh
1680 3803 76 20 never,
1763 3796 107 32 perhaps,

1283 3834 44 15 was
1340 3834 24 16 so
1377 3826 83 31 keenly
1481 3829 116 22 contested
1616 3837 25 14 as
1659 3834 24 18 at
1703 3829 45 22 this
1761 3835 109 18 moment.

1283 3858 70 24 Ward
1370 3860 111 30 meetings
1504 3868 39 15 are
1554 3860 61 29 held,
1639 3869 72 23 angry
1730 3862 141 24 discussions

1283 3900 76 21 ensue,
1383 3892 93 31 pledges
1494 3900 39 16 are
1552 3894 94 23 exacted
1664 3895 60 23 from
1745 3895 65 24 those
1822 3896 49 23 who

1282 3924 54 24 offer
1353 3925 134 24 themselves
1505 3926 36 23 for
1552 3926 39 25 the
1614 3927 65 25 office
1691 3928 28 23 of
1733 3928 139 25 councillors

1933 132 23 19 to
1968 133 51 20 vote
2030 130 35 23 for
2076 138 14 15 a
2100 132 122 29 particular
2234 133 124 30 candidate,
2374 135 44 25 and
2428 137 85 30 private

1933 163 136 30 canvassing
2079 164 19 22 is
2111 164 86 23 carried
2208 173 29 16 on
2248 170 23 19 to
2282 174 30 16 an
2323 169 99 24 unusual
2436 173 77 19 extent

1933 198 21 19 to
1966 201 78 17 secure
2063 195 38 24 the
2118 196 87 24 honour
2216 199 25 23 of
2255 199 38 23 the
2309 201 143 32 provostship
2464 206 24 18 to
2499 210 14 15 a

1931 226 145 30 churchman,
2089 237 14 15 a
2113 229 118 29 dissenter,
2244 239 25 16 or
2279 240 14 15 a
2300 235 152 23 conservative
2464 234 49 23 who

1931 259 44 23 will
1997 265 41 18 not
2059 262 29 23 be
2110 263 90 30 swayed
2216 264 25 23 in
2258 264 38 24 the
2307 266 118 31 discharge
2436 267 26 23 of
2475 267 37 23 his

1929 292 77 29 public
2018 294 54 30 duty
2083 294 30 31 by
2123 295 95 32 lending
2228 296 36 24 his
2272 299 111 24 influence
2391 304 22 19 to
2425 300 37 23 the
2469 307 43 16 one

1928 330 66 26 party
2018 334 25 15 or
2065 327 38 23 the
2121 327 72 24 other.
2229 329 50 24 The
2299 332 127 24 candidates
2438 333 24 23 in
2473 334 39 22 the

1928 358 52 23 field
1993 367 69 15 are—
2066 360 38 23 the
2114 366 92 25 present
2217 361 49 25 lord
2276 370 101 24 provost,
2389 365 37 24 Sir
2434 365 77 24 James

1928 389 102 31 Forrest,
2054 393 48 23 Mr.
2114 393 76 24 Adam
2202 394 80 30 Black,
2306 396 135 31 bookseller,
2466 399 45 23 and

1929 422 129 26 Councillor
2069 425 122 30 Drysdale.
2227 427 50 25 The
2286 429 84 24 talents
2382 431 43 23 and
2437 432 73 30 quali-

1926 455 103 25 fications
2042 457 25 24 of
2081 459 38 22 the
2131 460 84 29 parties
2226 461 35 22 for
2271 461 75 33 filling
2353 463 38 24 the
2401 464 62 24 office
2471 473 38 15 are

1925 487 45 25 lost
1992 490 62 31 sight
2072 492 27 22 of
2112 492 24 22 in
2156 492 38 23 the
2211 492 60 24 keen
2288 500 66 26 party
2367 496 84 31 feeling
2462 497 48 24 that

1926 523 78 28 exists,
2029 523 117 25 otherwise
2160 525 37 24 the
2210 529 152 22 conservative
2384 530 123 29 candidate,

1927 554 130 25 Councillor
2079 556 122 32 Drysdale,
2224 560 73 22 would
2321 561 66 24 stand
2410 563 37 23 the
2459 563 50 24 best

1925 588 84 23 chance
2022 589 24 23 of
2060 589 69 32 being
2150 591 79 31 placed
2252 597 22 18 at
2299 593 38 23 the
2358 594 58 24 head
2427 596 27 22 of
2467 603 41 16 our

1925 621 55 22 civic
1992 622 85 23 affairs.
2113 623 51 24 The
2177 624 61 23 chief
2252 626 97 23 element
2360 628 24 22 in
2403 628 38 23 the
2453 636 54 16 con-

1924 657 44 19 test
1980 655 19 21 is
2013 655 112 31 avowedly
2137 656 39 24 the
2188 657 83 24 church
2285 660 111 29 question,
2413 661 43 24 and
2466 661 41 24 be-

1924 690 70 19 tween
2019 688 38 23 Sir
2079 688 77 24 James
2177 690 43 23 and
2239 690 47 24 Mr.
2308 692 72 24 Black
2399 694 38 22 the
2454 695 53 23 field

1924 726 72 16 seems
2020 720 95 24 divided.
2172 723 45 23 Mr.
2242 723 74 25 Black
2339 727 20 21 is
2386 731 40 26 put
2447 727 60 24 forth

1921 751 31 31 by
1963 753 38 22 the
2020 753 122 24 dissenters
2163 763 24 15 as
2199 756 37 23 the
2249 763 59 18 most
2319 759 125 23 influential
2453 768 53 15 man

1923 784 24 23 of
1961 785 59 23 their
2031 791 73 26 party,
2105 800 34 3 —
2140 796 25 14 as
2187 789 68 31 being
2278 798 29 16 an
2330 799 80 23 enemy
2432 797 23 18 to
2467 793 37 23 the

1921 819 68 22 union
2003 819 26 23 of
2043 820 83 23 church
2145 821 44 23 and
2205 826 64 25 state,
2294 824 52 28 and,
2368 826 23 22 in
2403 826 52 28 fact,
2480 834 24 15 as

1922 850 66 32 being
1999 852 124 31 altogether
2135 853 81 24 hostile
2229 860 21 18 to
2264 855 38 25 the
2323 858 178 24 establishment.

1921 883 49 23 The
1989 885 85 23 friends
2087 886 24 23 of
2126 887 39 22 Sir
2184 887 76 24 James
2279 895 95 25 support
2386 890 34 24 his
2438 892 65 23 claim

1919 915 35 24 for
1976 918 133 24 re-election
2132 927 31 15 on
2185 920 37 23 the
2244 923 88 28 ground
2351 923 49 23 that
2419 924 28 24 lie
2458 925 21 23 is
2489 933 15 15 a

1921 949 137 25 churchman
2082 952 43 23 and
2144 961 14 15 a
2175 954 214 31 non-intrusionist;
2408 957 44 24 and
2475 966 29 15 on

1921 982 43 23 this
1981 984 90 30 ground
2088 985 28 23 he
2134 986 46 23 will
2199 994 77 16 secure
2294 988 38 23 the
2342 995 94 26 support
2449 991 25 23 of
2487 1000 15 14 a

1919 1022 120 18 numerous
2057 1017 60 32 body
2135 1019 25 23 in
2172 1019 36 23 the
2221 1019 92 25 church.
2349 1022 49 23 Mr.
2418 1024 82 29 Black,

1919 1056 28 15 on
1959 1050 39 23 the
2011 1050 63 23 other
2085 1052 69 28 hand,
2173 1052 46 23 will
2230 1053 56 23 have
2305 1054 37 24 the
2361 1056 70 23 whole
2443 1057 59 30 body

1919 1082 24 22 of
1958 1082 123 25 dissenters
2093 1089 23 19 at
2127 1085 38 23 his
2175 1085 59 24 back
2242 1095 5 19 ;
2267 1087 46 23 and
2332 1088 80 24 should
2422 1089 29 24 he
2474 1090 27 23 be

1918 1115 74 23 raised
2003 1121 22 18 to
2039 1117 37 22 the
2088 1118 56 22 civic
2157 1118 86 31 dignity
2255 1119 17 24 it
2284 1121 46 22 will
2337 1122 27 22 be
2372 1123 130 23 considered

1918 1155 24 15 as
1960 1156 14 15 a
1992 1149 93 25 decided
2101 1151 87 30 victory
2200 1152 29 30 by
2247 1153 139 25 vo^ntaries
2399 1163 51 16 over
2462 1156 50 23 the*

1917 1181 136 25 established
2071 1183 92 24 church.
2199 1184 60 25 How
2277 1188 89 29 parties
2378 1188 44 31 -vgill
2434 1189 78 23 stand*

1917 1221 27 15 on
1957 1215 38 23 the
2008 1216 42 31 day
2062 1217 26 23 of
2102 1217 95 24 election
2209 1219 18 22 it
2238 1219 19 22 is
2268 1216 131 34 impos^ble
2415 1226 23 18 to
2450 1230 47 23 say.

1917 1246 49 24 The
1978 1248 83 24 church
2075 1254 65 27 party
2148 1251 19 22 is
2179 1250 115 32 decidedly
2302 1253 37 23 the
2347 1261 61 16 more
2420 1263 79 15 nume-

1916 1287 52 16 rous
1980 1282 44 22 and
2036 1282 133 29 influential,
2189 1284 40 23 but
2240 1285 97 24 schisms
2349 1294 38 16 are
2399 1287 101 33 dividing

1916 1313 59 24 them
1984 1323 6 19 ;
2010 1315 43 23 and
2065 1316 17 23 it
2100 1316 54 30 they
2172 1316 27 24 do
2219 1322 38 19 not
2276 1318 73 31 forget
2366 1320 57 23 their
2434 1327 65 25 party

1916 1346 137 30 differences,
2075 1349 43 23 and
2137 1350 62 23 unite
2219 1351 102 30 together
2332 1358 22 18 to
2367 1361 82 23 oppose
2461 1354 38 23 the

1915 1380 143 29 voluntaries,
2072 1382 46 23 Mr.
2132 1383 75 23 Adam
2221 1384 81 29 Black,
2323 1386 37 23 the
2377 1391 59 18 most
2450 1387 47 23 dis-

1915 1413 128 30 tinguished
2055 1415 90 30 layman
2158 1424 81 23 among
2250 1418 38 22 the
2303 1418 130 29 dissenters,
2452 1421 45 23 and

1915 1454 28 14 an
1956 1449 90 22 avowed
2058 1456 79 23 enemy
2151 1454 21 18 to
2192 1450 38 23 the
2249 1451 137 24 established
2405 1453 91 29 church,

1914 1479 44 23 will
1968 1480 30 24 be
2010 1482 72 22 raised
2094 1486 22 18 to
2129 1482 37 23 the
2180 1484 63 22 office
2255 1484 25 22 of
2290 1484 61 24 chief
2357 1487 138 30 magistrate.

1913 1511 50 25 The
1975 1513 83 24 church
2071 1520 64 25 party
2147 1515 56 23 have
2215 1517 68 23 taken
2296 1517 38 24 the
2346 1518 69 24 alarm
2423 1527 6 19 ;
2452 1520 44 23 and

1914 1547 21 21 in
1954 1553 62 16 some
2029 1547 24 23 of
2070 1548 36 22 the
2125 1548 72 24 wards
2215 1548 57 25 have
2290 1551 77 23 issued
2380 1552 114 29 circulars,

1912 1586 41 16 one
1966 1580 25 22 of
2007 1579 72 25 which
2091 1580 40 24 has
2145 1582 54 23 been
2212 1583 112 24 delivered
2336 1590 23 17 to
2371 1593 42 19 me,
2431 1585 63 24 while

1914 1612 89 30 writing
2015 1613 37 24 the
2064 1614 77 28 above,
2156 1616 21 21 in
2191 1615 36 23 the
2239 1616 117 31 following
2374 1617 71 24 words
2455 1628 6 14 :—:
2463 1631 34 4 —

1980 1658 35 4 —
2016 1646 28 24 In
2056 1654 153 24 consequence
2222 1649 24 22 of
2261 1650 130 23 candidates
2411 1651 85 32 having

1912 1678 54 23 been
1991 1680 109 31 proposed
2125 1689 25 15 as
2174 1682 134 24 councillors
2330 1684 35 22 for
2378 1684 36 23 the
2427 1686 66 27 ward,

1912 1711 95 31 pledged
2027 1718 21 18 to
2068 1718 94 27 support
2180 1722 28 16 an
2226 1716 92 23 avowed
2335 1717 118 31 voluntary
2471 1719 24 22 in

1912 1744 35 23 the
1956 1746 64 23 office
2029 1746 24 23 of
2064 1746 61 24 chief
2135 1749 138 29 magistrate,
2288 1748 12 24 I
2312 1748 57 25 have
2381 1751 112 31 earnestly

1912 1783 20 17 to
1945 1784 90 25 request
2047 1788 44 22 you
2104 1785 22 19 to
2149 1781 76 23 attend
2244 1789 13 16 a
2274 1783 101 31 meeting
2387 1784 23 22 of
2431 1784 63 23 those

1911 1811 94 31 friendly
2018 1818 22 17 to
2053 1812 37 24 the
2102 1818 95 26 support
2209 1814 24 23 of
2248 1823 12 15 a
2274 1815 84 23 church
2373 1816 120 24 establish-

1911 1849 67 24 ment,
1991 1845 85 30 though
2088 1847 106 31 differing
2206 1848 23 22 in
2240 1848 101 30 political
2353 1851 140 28 sentiments,

1987 1876 106 34 (Signed,
2107 1880 57 31 &c.)

1942 1917 133 26 Election
2099 1927 31 16 of
2149 1920 73 24 Loud
2241 1920 106 30 Mayor,
2373 1922 120 25 Cctob:r

1911 1953 20 20 3.
1935 1964 32 3 —
1969 1952 23 22 A
2010 1960 18 14 c(
2036 1960 75 16 ramon
2124 1953 47 23 hall
2184 1962 43 15 was
2240 1954 53 24 held
2312 1955 46 23 this
2377 1962 116 17 atiemoon

1909 1983 32 22 for
1954 1985 38 21 the
2005 1985 80 24 official
2098 1986 136 23 declaration
2248 1988 26 21 of
2289 1988 37 22 the
2345 1988 54 30 poll.
2441 1989 51 23 The

1908 2024 102 16 common
2034 2019 56 23 crier
2114 2019 132 23 announced
2270 2019 39 25 the
2332 2021 105 24 numbers
2467 2030 25 15 as

1907 2049 86 23 follows
2003 2059 5 14 :
2010 2063 33 4 —

1979 2090 62 24 Pirie
2346 2094 72 28 2,741

1978 2124 101 23 Johnson
2351 2129 73 26 2,713

1980 2156 100 23 Harmer
2352 2162 75 26 2,294

1907 2195 48 23 The
1980 2204 103 15 common
2105 2197 100 31 serjeant
2227 2198 54 23 then
2305 2199 102 24 declared
2438 2200 50 23 that

1908 2228 122 24 Alderman
2048 2230 63 23 Pirie
2130 2230 43 23 and
2191 2231 125 24 Alderman
2333 2233 101 23 Johnson
2448 2233 44 24 had

1906 2262 55 22 been
1976 2262 85 24 elected
2073 2263 28 30 by
2122 2263 37 23 tl>e
2179 2264 69 31 livery
2266 2273 25 15 as
2307 2265 28 23 fit
2351 2266 43 23 and
2410 2274 82 23 proper

1907 2302 92 22 persons
2012 2300 22 18 to
2046 2296 28 23 be
2085 2297 120 30 presented
2217 2302 22 18 to
2252 2298 38 23 the
2303 2304 63 18 court
2378 2300 23 22 of
2417 2299 74 24 alder-

1907 2335 57 21 men,
1988 2329 57 23 from
2063 2329 72 23 which
2155 2335 22 18 to
2198 2330 80 24 choose
2298 2339 41 16 one
2358 2337 22 18 to
2398 2332 32 23 fill
2451 2332 37 24 the

1906 2360 64 24 office
1995 2362 24 23 of
2039 2362 49 23 lord
2110 2371 78 22 mayor
2205 2364 34 22 for
2258 2364 37 23 the
2314 2366 96 30 ensuing
2427 2374 61 23 year.

1905 2392 107 31 (Cheers,
2036 2395 80 29 hisses,
2142 2397 43 22 and
2208 2404 89 24 uproar,
2316 2398 54 23 with
2390 2400 56 22 cries
2467 2399 25 23 of

1905 2427 100 29 .shame.)
2012 2440 33 4 —
2053 2428 49 24 The
2126 2430 103 23 recorder
2253 2431 44 23 and
2321 2431 89 24 sheriffs
2436 2432 52 23 then

1906 2461 104 23 returned
2022 2465 23 19 to
2065 2461 35 23 the
2114 2466 64 20 court
2196 2463 25 23 of
2237 2463 115 24 alderman
2372 2469 22 18 to
2412 2470 76 26 report

1905 2493 37 23 the
1954 2502 78 15 names
2045 2495 26 22 of
2085 2494 38 23 the
2136 2501 41 18 two
2195 2496 130 24 candidates
2342 2498 106 24 returned
2459 2498 30 31 by

1905 2526 36 23 the
1952 2527 79 31 livery,
2044 2527 43 24 and
2098 2527 58 24 after
2168 2533 80 26 twenty
2266 2531 107 22 minutes'
2382 2531 101 28 absence,

1905 2559 36 23 the
1954 2560 49 23 lord
2016 2569 84 22 mayor,
2114 2560 38 24 the
2171 2567 63 18 court
2257 2563 25 22 of
2304 2564 121 28 aldermen,
2445 2564 44 24 and

1921 2593 20 23 be
1953 2593 132 24 authorities
2098 2595 114 25 returned,
2229 2595 43 23 and
2290 2597 132 23 announced
2440 2597 47 23 that

1904 2626 37 23 the
1953 2627 95 23 election
2059 2627 43 23 had
2114 2628 69 23 fallen
2200 2636 60 24 upon
2278 2629 125 24 Alderman
2415 2630 72 24 John-

1904 2666 48 16 son.
1955 2672 34 3 —
1990 2660 50 23 The
2053 2660 47 24 lord
2112 2668 77 23 mayor
2202 2662 57 23 elect
2271 2662 52 24 then
2337 2663 91 31 stepped
2440 2663 47 24 for-

1905 2693 66 28 ward,
1999 2693 44 23 and
2066 2701 45 16 was
2133 2694 101 24 invested
2253 2696 54 23 with
2325 2696 38 24 the
2382 2697 65 22 chain
2466 2697 25 23 of

1904 2726 64 23 office
1980 2726 60 23 amid
2053 2726 77 24 cheers
2143 2726 121 32 andSyells.
2308 2729 39 23 He
2363 2729 123 31 proceeded

1904 2762 21 19 to
1938 2759 72 23 thank
2023 2760 60 23 them
2095 2760 35 23 for
2144 2760 38 23 the
2201 2768 87 17 nonour
2307 2762 52 31 they
2372 2762 43 24 had
2433 2771 55 15 con-

1904 2791 73 24 ferred
1989 2800 60 23 upon
2060 2793 56 23 him.
2153 2793 38 23 He
2204 2795 48 23 said
2269 2795 18 23 it
2306 2795 81 24 should
2404 2796 27 23 be
2452 2796 36 23 his

1904 2825 66 30 study
1983 2830 22 18 to
2017 2826 98 30 perform
2129 2827 37 22 the
2178 2827 74 24 duties
2265 2828 26 23 of
2305 2828 35 23 his
2360 2830 62 22 office
2443 2830 44 22 and

1904 2863 21 18 to
1944 2858 85 31 uphold
2053 2859 37 23 the
2108 2860 141 24 institutions
2272 2861 27 23 of
2325 2861 37 24 the
2385 2867 101 27 country,

1904 2891 73 23 which
1988 2900 58 15 were
2058 2892 35 23 his
2104 2897 101 26 greatest
2215 2894 73 30 pride.
2325 2894 24 24 It
2356 2895 72 24 would
2436 2903 52 16 ever

1903 2924 27 24 be
1954 2924 36 23 his
2013 2925 44 23 end
2076 2926 45 23 and
2139 2927 48 23 aim.
2203 2931 21 19 to
2244 2933 95 26 support
2356 2928 38 24 the
2415 2928 73 31 rights

1903 2957 44 24 and
1968 2959 126 30 priveleges
2121 2961 20 21 ol
2168 2960 38 23 the
2225 2961 95 23 citizens
2339 2962 26 23 of
2379 2961 104 29 London,

1904 2990 41 23 and
1963 2990 38 24 the
2020 2999 55 23 poor
2092 2992 90 31 equally
2201 2993 52 23 with
2274 2994 38 22 the
2336 2994 46 23 rich
2407 2994 81 24 should

1901 3023 32 24 fin
1941 3023 7 23 1
1961 3032 13 14 a
1987 3024 71 23 frifnd
2069 3026 24 22 in
2112 3025 56 24 him.
2213 3026 51 23 The
2286 3031 100 27 greatest
2403 3035 50 24 upr.
2461 3035 25 16 ar

1901 3056 116 32 prevailed
2024 3057 82 32 during
2118 3058 36 24 his
2165 3059 63 23 short
2240 3059 102 29 address,
2359 3060 71 23 which
2443 3068 44 16 was

1902 3089 99 32 scarcely
2018 3090 89 24 audible
2127 3099 56 15 even
2202 3097 22 18 to
2245 3092 63 24 those
2332 3093 59 23 close
2411 3098 22 19 to
2451 3093 36 24 his

1902 3123 78 23 elbow.
1982 3136 33 4 —
2017 3122 47 25 Mr.
2089 3124 72 23 Meek
2184 3125 163 32 subsequently
2365 3126 122 25 addressed

1903 3155 35 24 the
1962 3156 72 31 livery
2057 3157 61 23 amid
2139 3157 86 24 similar
2234 3173 5 4 -
2248 3166 92 23 uproar.
2349 3172 34 4 —
2391 3160 96 23 Neither

1901 3188 124 25 Alderman
2039 3190 62 23 Pirie
2119 3197 41 16 nor
2178 3191 126 24 Alderman
2317 3192 100 24 Harmer
2428 3201 58 16 were

1900 3227 99 25 present.
2002 3235 31 4 —
2037 3222 49 24 The
2109 3223 70 23 whole
2198 3225 97 23 number
2313 3225 26 24 of
2360 3226 38 23 the
2415 3226 71 31 livery

1901 3255 100 32 recently
2023 3257 124 29 registered
2170 3265 25 15 as
2217 3257 74 32 living
2313 3258 81 24 within
2417 3267 68 15 seven

1900 3288 66 24 miles
1978 3289 19 23 is
2017 3291 83 25 8,114.
2148 3289 36 24 Of
2208 3291 64 23 these
2295 3300 14 15 a
2332 3292 131 24 considerab
2473 3300 12 15 c

1900 3322 96 23 number
2017 3329 52 23 may
2086 3322 28 23 be
2133 3324 119 23 estimated
2271 3333 25 15 as
2314 3325 56 24 dead
2388 3324 98 31 (though

1901 3354 58 23 their
1971 3354 79 24 deaths
2061 3362 52 24 may
2126 3355 28 23 be
2166 3356 136 33 unknown,)
2314 3359 75 23 others
2397 3359 86 28 absent,

1900 3387 43 23 and
1956 3395 62 16 some
2032 3390 63 21 twice
2108 3390 131 30 registered.
2281 3391 24 24 A
2318 3399 79 23 proper
2408 3392 76 23 allow-

1900 3428 55 16 ance
1968 3428 27 16 on
2008 3420 63 24 these
2082 3422 101 30 grounds
2194 3430 53 24 may
2259 3423 63 25 leave
2335 3425 68 23 about
2411 3427 73 26 7,000

1900 3457 23 20 to
1942 3454 75 28 7,300
2037 3460 21 17 to
2076 3455 56 30 poll.
2180 3456 34 23 Of
2229 3456 65 24 these
2318 3458 68 23 about
2408 3460 75 26 5,100

1899 3486 57 24 have
1968 3487 97 31 actually
2081 3488 82 31 polled,
2184 3497 24 15 or
2225 3491 77 30 nearly
2322 3491 163 23 five-sevenths

1900 3519 24 23 of
1946 3520 38 23 the
2001 3520 78 24 whole.
2084 3534 32 4 —
2118 3521 38 24 On
2181 3522 38 23 the
2239 3524 83 23 second
2342 3523 42 31 day
2402 3524 25 23 of
2446 3524 37 23 the

1899 3552 103 29 election,
2024 3554 97 24 Messrs.
2144 3555 69 23 Grote
2232 3556 46 24 and
2296 3556 103 23 Pattison
2419 3556 66 23 voted

1899 3585 33 24 for
1947 3587 45 22 Mr.
2007 3587 125 24 Alderman
2148 3588 105 28 Harmer,
2269 3589 43 23 and
2332 3597 57 16 were
2407 3589 76 31 loudly

1899 3618 102 25 cheered.
2006 3632 30 4 —
2042 3619 91 31 Weekly
2148 3620 126 25 Chronicle.

1931 3659 51 23 The
1995 3659 53 24 lion.
2067 3660 99 24 Edward
2180 3661 99 29 Curzon,
2303 3669 13 15 a
2329 3669 41 15 son
2382 3662 25 22 of
2422 3662 61 24 Lord

1898 3691 127 32 Teynham,
2046 3701 45 15 was
2108 3694 44 23 last
2171 3694 62 23 week
2246 3694 99 30 brought
2356 3695 76 23 before
2445 3695 37 22 the

1898 3727 138 30 magistracy
2050 3732 21 17 at
2085 3726 93 28 Exeter,
2198 3727 85 30 charge
2291 3727 5 22 1
2318 3727 52 23 with
2382 3728 101 30 creating

1898 3766 27 15 an
1938 3759 140 23 obstruction
2092 3760 29 30 by
2133 3760 124 30 preaching
2275 3761 22 21 in
2318 3760 37 23 the
2374 3768 57 23 open
2451 3762 32 22 air

1898 3798 54 16 near
1966 3792 37 23 the
2016 3792 89 23 market
2116 3793 71 29 place.

1932 3831 194 24 Cheltenham.
2135 3845 30 4 —
2175 3832 49 24 The
2246 3833 72 30 grand
2335 3833 66 30 fancy
2420 3834 63 23 dress

1898 3863 45 24 ball
1956 3865 23 22 in
1992 3865 99 23 October
2100 3870 23 18 at
2136 3865 37 23 the
2186 3865 102 24 Pittville
2297 3865 55 32 Spa,
2361 3867 71 23 nn:ler
2445 3867 38 24 the

1898 3898 105 31 anspices
2014 3898 26 23 of
2049 3898 37 23 the
2093 3898 58 23 Earl
2159 3898 25 23 of
2197 3898 83 30 Ducie,
2288 3899 64 24 Lord
2360 3900 121 30 Seagrave,

1898 3930 65 24 Lord
1974 3930 158 29 Northwhich,
2144 3931 63 25 Lord
2220 3931 105 32 Rodney,
2338 3932 61 25 Lord
2412 3933 71 24 Sher-

550 33 102 31 THE
668 33 112 31 NEW
799 34 228 33 ZEALAND
1046 38 224 31 GAZETTE
1290 41 100 30 AND
1411 40 325 36 WELLINGTON
1759 45 291 34 SPECTATOR.

1434 123 197 26 ENGLISH
1654 126 131 24 NEWS.

84 112 29 20 in
129 111 58 22 their
202 111 72 22 desire
290 111 36 21 for
341 111 87 22 wealth.
468 112 22 21 It
508 113 45 22 will
571 113 29 22 be
617 118 58 18 most

86 137 107 28 gratifing
211 140 23 19 to
254 144 41 15 our
308 138 94 25 English
418 138 87 22 friends
526 142 22 19 to
563 140 49 21 find
627 140 48 22 that

85 163 46 22 this
141 162 129 24 settlement
279 163 41 23 has
334 165 117 21 abstained
465 165 59 22 from
535 165 29 22 all
574 167 100 26 specula-

83 190 55 27 tion,
149 189 46 23 and
209 189 42 23 has
261 190 58 22 been
336 191 95 22 taunted
447 192 35 21 for
497 192 67 27 being
581 193 91 27 patient,

82 217 103 26 prudent,
201 217 45 21 and
256 217 150 27 painstaking.
445 217 85 23 Indeed
545 219 18 21 it
578 219 19 21 is
613 220 59 25 plain

83 247 24 17 to
116 250 26 14 us
153 242 48 22 that
211 243 37 21 the
257 243 92 26 general
359 244 99 22 conduct
471 245 44 21 and
525 248 53 18 tone
593 246 26 21 of
630 246 44 21 this

84 269 140 26 community
231 269 44 22 will
286 273 61 18 meet
356 269 36 23 the
410 275 105 18 warmest
527 273 144 26 approbation

82 295 27 21 of
129 302 40 15 our
188 295 94 28 English
302 300 134 23 supporters.
482 298 53 22 Had
554 299 54 27 they
627 299 45 21 laid

82 321 63 22 down
157 329 13 14 a
178 322 52 27 plan
242 323 26 21 of
279 322 58 22 their
347 323 73 27 views,
431 323 37 23 the
484 325 98 22 conduct
595 325 26 21 of
634 325 38 22 the

80 349 87 21 settlers
178 349 66 21 could
261 352 40 18 not
317 349 57 22 have
392 358 64 14 more
472 351 135 28 completely
623 360 48 14 cor-

80 375 133 26 responded.

107 418 26 22 E.
149 417 116 28 Halswell,
276 419 60 28 Esq.,
356 420 88 26 F.R.S.,
455 428 13 14 a
477 421 130 27 gentleman
616 422 54 27 long

79 443 82 23 known
173 448 22 18 to
206 453 92 19 persons
308 447 78 27 taking
395 454 30 15 an
435 448 93 21 interest
537 448 24 22 in
571 448 38 23 the
618 456 51 19 pro-

79 478 40 21 per
129 471 148 23 colonization
296 473 26 21 of
333 473 54 22 New
398 473 109 28 Zealand,
526 474 40 22 has
583 475 85 22 arrived

78 499 23 21 in
113 498 37 21 the
163 499 62 25 Lady
241 500 92 26 Ntigent,
345 508 24 13 as
385 500 116 22 Protecter
512 501 24 21 of
543 501 37 22 the
590 502 79 21 Abori-

78 525 70 26 gines,
166 525 46 21 and
222 525 17 22 it
249 533 45 15 was
301 526 108 27 expected
420 527 44 22 this
474 528 156 26 appointment
639 528 29 27 by

77 551 37 21 the
125 551 115 28 Company
250 553 74 21 would
331 553 83 27 shortly
422 553 29 22 be
460 554 123 22 confirmed
593 555 29 27 by
630 555 37 22 the

77 577 162 23 Government.

105 621 47 22 The
171 622 56 23 road
249 623 58 23 from
332 624 138 28 Wellington
491 628 22 19 to
534 626 30 22 Xi
588 626 78 22 Warra

79 648 78 22 Warra
171 649 19 21 is
207 650 78 27 nearly
295 650 132 28 completed,
441 652 44 22 and
501 653 18 21 is
534 659 13 14 a
562 653 71 22 credit
646 657 20 18 to

75 675 38 20 the
133 676 93 27 Colony.
257 677 116 22 Sufficient
390 678 176 27 improvements
583 679 83 28 having

75 701 58 22 been
150 703 66 21 made
234 703 57 22 from
307 704 80 22 thence
404 709 23 17 to
444 706 85 26 Petoni,
548 710 23 17 to
587 707 78 21 enable

75 728 49 21 foot
133 735 131 21 passengers
274 730 45 22 and
328 730 74 23 horses
413 736 22 17 to
446 739 50 20 pass
507 734 158 26 conveniently

75 758 24 17 at
108 755 29 21 all
148 756 66 21 times
224 756 26 21 of
261 756 52 28 tide,
327 758 37 21 the
373 758 55 21 road
444 763 64 23 party
518 767 37 14 are
566 767 50 14 now
626 768 38 14 en-

74 781 71 27 gaged
155 789 61 20 upon
227 782 38 22 the
275 784 54 21 road
339 784 56 22 from
412 785 31 22 Xi
460 786 79 21 Warra
548 786 80 22 Warra
644 791 21 17 to

76 808 100 22 Porirua.
205 809 54 22 This
268 811 19 21 is
303 818 24 14 as
340 812 18 21 it
367 812 82 21 should
458 812 35 27 be,
505 813 43 22 and
559 821 33 14 we
608 814 57 27 hope

73 835 23 21 in
108 842 12 14 a
129 835 43 22 few
181 836 74 22 weeks
266 840 22 19 to
298 838 27 21 be
340 838 49 22 able
400 842 23 18 to
434 846 117 15 announce
569 840 48 22 that
626 842 37 20 the

73 861 56 22 road
143 862 19 21 is
180 862 135 29 thoroughly
331 865 134 27 practicable
480 866 37 22 the
533 867 71 22 whole
620 868 43 21 dis-

74 892 73 17 tance.
177 889 50 22 One
244 894 48 24 step
301 899 68 19 more,
381 892 46 21 and
442 893 37 21 the
496 897 101 24 country,
606 894 57 22 from

73 915 44 21 this
136 918 24 19 to
178 916 119 28 Taranaki,
314 925 13 14 a
341 918 100 22 distance
458 920 26 21 of
499 923 42 18 two
561 920 102 23 hundred

76 941 71 27 miles,
164 943 82 27 mostly
263 944 94 26 through
372 945 73 22 fertile
456 946 102 26 districts,
576 948 43 21 will
635 948 26 21 be

72 969 134 26 practicable
223 970 38 21 the
278 970 71 22 whole
366 971 108 22 distance.
503 973 59 21 That
580 979 48 21 step
644 974 18 22 is

72 995 38 21 the
127 1002 82 20 survey
225 996 45 21 and
286 997 134 27 completion
437 999 26 20 of
479 998 37 22 the
533 999 55 22 road
604 1000 57 22 from

72 1021 93 22 Porirua
174 1022 78 21 twelve
263 1023 63 22 miles
337 1024 109 22 onwards.
478 1025 63 22 From
555 1026 60 22 what
629 1034 31 14 we

72 1048 59 25 hear,
143 1049 43 20 this
195 1049 19 21 is
229 1054 29 17 ah
272 1050 151 28 undertaking
433 1052 78 26 which,
524 1053 137 30 fortunately

72 1075 35 21 for
115 1075 44 22 this
167 1083 79 20 young
261 1077 93 27 Colony,
371 1078 46 21 will
434 1082 40 18 not
489 1080 87 27 require
594 1080 67 22 much

72 1102 83 27 outlay.

99 1145 41 22 We
150 1146 103 26 perceive
264 1148 48 21 that
321 1148 37 21 the
367 1149 103 28 building
481 1149 33 22 for
521 1149 38 23 the
568 1150 92 28 Library

72 1172 45 22 and
134 1172 130 28 Exchange,
275 1181 54 15 near
345 1175 122 23 Thorndon
484 1177 54 26 Flat,
551 1177 18 22 is
583 1178 77 27 nearly

72 1200 132 26 completed,
218 1202 45 20 and
279 1201 55 27 hope
351 1202 23 21 in
392 1210 14 14 a
416 1203 43 21 few
469 1203 54 27 days
533 1208 23 17 to
571 1204 27 22 be
609 1205 49 21 able

73 1231 21 16 to
105 1233 118 15 announce
234 1227 48 22 that
296 1229 18 21 it
329 1229 18 21 is
364 1236 57 20 open
432 1230 35 21 for
484 1230 37 22 the
538 1238 40 14 use
592 1231 24 23 of
632 1232 28 22 its

71 1252 142 23 subscribers.
258 1255 113 21 Sufficient
390 1263 83 20 money
496 1257 84 27 having
602 1259 56 21 been

72 1280 134 26 subscribed,
215 1288 29 14 an
253 1281 120 27 Exchange
385 1282 79 28 Room,
474 1283 33 22 for
517 1285 142 22 commercial

71 1313 112 20 purposes,
195 1307 18 21 is
228 1308 67 21 about
313 1312 22 18 to
354 1310 26 20 be
397 1311 89 21 erected
501 1318 27 14 on
547 1311 111 23 Taranaki

72 1334 90 25 Sq'iare.
191 1334 41 21 We
244 1335 85 22 believe
343 1336 18 21 it
376 1336 20 21 is
411 1336 37 22 the
463 1337 110 22 intention
585 1339 25 21 of
621 1339 37 22 the

72 1360 141 26 subscribers,
241 1365 22 18 at
281 1369 29 14 no
329 1363 84 21 distant
435 1363 58 27 date,
517 1368 22 17 to
564 1370 96 18 connect

72 1386 113 22 therewith
197 1395 13 14 a
220 1388 56 21 Club
288 1389 75 21 House
373 1390 35 21 for
419 1390 36 21 the
469 1392 92 25 general
571 1400 87 14 accom-

72 1413 111 22 modation
202 1414 26 21 of
241 1416 126 25 gentlemen
384 1416 99 22 resident
493 1423 21 16 at
524 1418 44 21 this
578 1419 43 21 cad
637 1421 24 20 of

71 1440 37 21 the
130 1440 51 27 Bay.
221 1442 28 20 In
271 1442 36 21 the
326 1443 128 27 meantime,
468 1444 42 22 Mi.
532 1445 69 22 Waitt
618 1447 40 21 has

72 1466 75 27 kindly
160 1467 79 26 placed
247 1475 13 14 a
271 1470 86 26 portion
369 1470 26 20 of
406 1470 35 22 his
456 1478 49 14 new
521 1475 57 18 store
589 1477 19 17 at
621 1473 36 22 the

71 1494 95 25 disposal
185 1495 26 20 of
221 1495 37 22 the
279 1497 108 21 members
408 1497 26 21 of
451 1497 43 22 this
515 1499 141 28 Institution;

71 1520 48 21 who
129 1520 83 27 having
221 1522 108 26 arranged
340 1523 32 21 for
388 1530 29 14 an
433 1524 128 23 immediate
578 1527 80 26 simply

71 1546 27 21 of
107 1554 77 20 papers
195 1548 45 21 and
251 1549 136 27 periodicals,
401 1551 42 21 will
458 1559 56 19 open
526 1553 15 20 it
553 1560 27 14 on
592 1553 65 21 Mon-

70 1574 40 26 day
123 1580 60 15 next.
214 1575 113 22 Members
343 1577 43 21 and
402 1577 135 23 subscribers
553 1579 55 23 have
620 1580 36 22 the

70 1607 71 20 power
151 1601 26 21 of
187 1601 144 29 introducing
340 1611 44 19 any
394 1605 97 21 number
501 1605 25 22 of
536 1611 119 22 strangers.

96 1654 40 21 We
156 1655 84 22 believe
260 1656 38 22 the
316 1657 73 21 Steam
411 1658 48 22 Mill
481 1659 114 29 Company
611 1661 45 22 will

70 1686 59 17 erect
138 1682 58 21 their
206 1682 59 22 mills
279 1691 59 19 upon
350 1692 27 13 fin
397 1692 50 14 acre
465 1685 36 21 the
520 1691 104 23 property
634 1689 24 21 of

72 1708 41 21 Mr.
127 1708 121 28 liiddiford,
260 1710 114 28 adjoining
391 1712 37 21 the
445 1720 50 14 acre
512 1721 61 19 upon
584 1715 71 22 which

69 1735 36 20 th<-
116 1739 57 17 «.fnre
188 1736 21 19 of
223 1736 87 22 Messrs.
323 1738 91 22 Rhodes
423 1739 45 21 and
486 1740 115 28 Co:np;iny
611 1742 44 22 and

68 1762 36 21 the
121 1762 85 21 Gazette
217 1763 69 21 Office
297 1765 71 21 stand.
411 1765 21 21 It
442 1766 18 20 is
475 1774 14 13 a
498 1774 52 19 vi-ry
561 1769 94 21 suitable

68 1787 7 22 1
84 1789 35 21 uul
134 1790 33 20 fur
178 1791 36 20 the
226 1797 101 21 purpose,
340 1791 43 22 and
394 1799 33 15 we
439 1793 69 21 doubt
522 1794 21 21 if
557 1802 13 14 a
585 1796 70 21 better

68 1816 39 20 site
118 1816 65 21 could
195 1817 25 21 be
232 1818 103 20 selected.

96 1866 90 28 Captain
204 1868 97 27 Rhodes,
314 1870 25 20 of
352 1870 37 21 the
400 1870 50 22 firm
464 1872 26 21 of
505 1872 89 23 Rhodes
613 1873 40 23 and

67 1894 121 27 Company,
201 1894 39 22 has
255 1896 88 22 erected
358 1905 13 13 a
381 1898 57 20 whin
444 1898 12 21 f
470 1899 21 21 in
508 1899 60 22 front
585 1901 25 21 of
623 1901 30 21 his

66 1927 10 14 8
88 1928 41 18 .'iv,
139 1922 21 20 in
171 1922 36 20 the
218 1929 50 14 rear
277 1924 26 20 of
310 1924 192 22 Muiners-street.
522 1926 54 22 This
588 1927 15 21 is
616 1927 35 21 the

67 1947 45 21 iiist
124 1948 71 21 wharf
199 1949 55 20 built
263 1953 22 17 at
302 1950 135 26 Wellington
445 1959 4 17 ;
461 1952 18 20 it
487 1953 17 19 is
514 1953 137 26 substantial,

66 1974 44 19 and
124 1974 38 20 has
174 1975 49 20 four
233 1974 44 21 feet
292 1980 23 17 at
330 1976 42 21 low
383 1977 45 20 ami
444 1978 52 20 nine
507 1979 45 20 feel
562 1983 23 17 at
600 1979 52 27 high

67 2003 72 18 water.
168 2000 92 26 Captain
279 2002 88 22 Rhodes
378 2002 40 23 has
434 2004 57 22 been
501 2012 23 14 so
540 2005 77 22 liberal
628 2014 24 14 as

67 2030 22 16 to
99 2030 55 17 stiite
166 2026 46 22 that
223 2027 37 22 the
273 2029 73 24 public
361 2037 39 14 are
417 2034 23 17 at
454 2031 80 28 liberty
550 2037 22 16 to
587 2033 65 21 make

66 2060 38 13 use
119 2053 24 20 of
158 2054 23 26 it,
195 2054 44 21 free
249 2054 26 22 of
288 2063 106 20 expence.
423 2057 55 21 This
490 2058 18 22 is
517 2066 12 14 a
546 2059 105 27 privilege

66 2080 34 20 for
109 2079 70 22 which
191 2089 67 19 many
268 2082 41 21 will
364 2083 111 28 thankful,
488 2085 43 21 and
543 2086 26 20 of
579 2086 72 22 which

68 2113 30 12 wp
147 2107 27 21 ibt
187 2112 37 17 not
235 2114 58 16 most
302 2117 92 19 persons
410 2111 97 22 resident
516 2116 24 17 at
550 2112 42 22 this
608 2114 43 21 end

67 2132 26 21 of
112 2133 36 22 the
172 2134 48 26 Bay
239 2135 42 21 will
301 2136 56 22 avail
378 2137 23 21 th
411 2138 108 22 'mseJves.
559 2139 90 22 Messrs.

68 2159 110 27 Ruigway,
194 2161 99 27 Guyton,
305 2163 42 21 and
366 2164 59 26 Earp
442 2172 37 14 are
494 2166 118 26 preparing
628 2171 22 16 to

66 2191 58 16 erect
140 2194 13 14 a
169 2188 130 22 substantial
320 2190 73 21 wharf
409 2192 99 24 opposite
524 2192 59 21 their
601 2200 47 19 pre-

66 2212 75 27 mises;
158 2214 44 21 and
220 2222 31 15 we
268 2216 138 22 understand
418 2218 88 21 Messrs.
524 2219 69 21 Waitt
605 2220 44 22 and

71 2239 80 22 Cuiline
175 2240 62 26 have,
263 2242 23 21 in
310 2244 144 26 conjunction
481 2246 50 20 with
559 2246 89 22 Msssrs.

66 2265 109 27 Partridge
183 2268 44 20 and
234 2268 45 26 Co.,
291 2270 21 20 in
325 2271 173 26 contemplation
507 2273 99 26 running
612 2280 37 15 out

64 2299 13 14 a
84 2296 55 23 jetty
150 2294 98 26 opposite
259 2295 56 22 tlieir
326 2298 112 25 premises.
459 2299 21 21 A
493 2299 72 21 wharf
572 2301 18 20 is
601 2300 45 21 also

64 2319 65 22 about
140 2323 21 18 to
173 2320 26 21 be
209 2329 42 14 run
262 2326 38 18 out
310 2330 54 14 near
374 2324 107 22 Barretts
493 2326 75 25 Hotel,
580 2331 22 17 at
613 2327 35 21 the

65 2352 95 20 expence
168 2347 24 21 of
197 2349 85 21 several
289 2350 148 27 pnterprir.ing
443 2352 129 26 gentlemen
580 2354 21 20 in
613 2353 35 22 the

64 2373 179 26 neighbourhood
250 2376 25 21 of
279 2376 72 22 Thorn
355 2377 45 22 don
411 2378 55 22 Flat.
481 2379 46 21 The
535 2380 113 22 moderate

63 2406 96 20 expence
169 2406 23 16 at
202 2402 69 22 which
282 2403 60 22 these
351 2405 86 21 several
447 2406 123 27 important
578 2408 70 20 works

63 2433 40 14 cm
119 2426 26 22 be
162 2429 131 27 completed,
306 2430 40 22 will
364 2439 69 19 prove
449 2432 47 22 that
507 2437 63 23 great
583 2435 65 22 value

62 2459 50 20 may
121 2453 27 22 be
158 2455 66 25 given
240 2459 22 18 to
277 2462 105 23 property
393 2459 23 21 in
427 2459 45 21 this
486 2459 97 23 harbour
598 2465 23 17 at
635 2469 11 13 a

63 2480 80 26 trifling
155 2482 83 26 outlay.

89 2524 35 21 An
135 2524 50 23 able
194 2529 180 26 correspondent,
394 2530 73 22 under
482 2531 37 21 the
534 2532 112 27 signature

63 2552 24 18 or
97 2552 73 25 Homo,
183 2553 38 21 has
232 2556 113 21 answered
355 2556 97 28 through
465 2558 35 21 the
512 2559 102 21 columns
624 2560 24 20 of

62 2578 36 21 the
110 2579 90 25 Courier,
220 2580 36 22 the
272 2583 88 26 appeals
375 2584 66 22 made
453 2585 50 21 with
514 2586 54 21 such
580 2586 65 21 noble

63 2607 115 25 sympathy
186 2607 29 26 by
223 2607 37 23 the
269 2609 132 21 Launceston
406 2613 129 24 Advertiser,
548 2613 23 20 in
583 2613 61 21 favor

62 2632 25 19 of
102 2633 92 27 robbing
214 2634 53 22 Port
277 2636 123 22 Nicholson
420 2639 25 21 of
461 2639 28 22 its
508 2639 136 28 population.

63 2661 24 18 In
110 2660 42 21 this
174 2661 71 25 letter,
266 2663 71 22 which
361 2664 45 22 will
425 2665 28 22 be
477 2666 70 21 found
566 2667 22 20 in
610 2667 35 21 tin-

61 2686 150 34 supplement^
232 2689 68 21 Homo
327 2694 103 24 supports
449 2700 42 14 our
508 2694 92 26 opinion
624 2696 22 19 of

62 2713 36 20 the
107 2715 144 27 impropriety
261 2717 26 21 of
298 2717 108 28 inducing
422 2726 41 14 our
479 2720 129 27 population
623 2724 22 17 to

60 2745 87 16 remove
166 2741 134 24 themselves
318 2744 57 22 from
393 2752 14 14 a
423 2746 85 27 Colony
528 2747 116 22 untainted

61 2766 26 25 by
97 2766 93 29 felonry,
202 2771 23 19 to
240 2769 37 22 the
287 2771 53 26 only
350 2771 88 28 Colony
452 2780 49 14 now
510 2774 102 21 retained
621 2774 22 21 in

60 2799 13 13 a
81 2794 65 24 penal
166 2798 56 18 state
241 2796 30 27 by
290 2797 37 21 the
346 2798 89 22 mother
444 2804 103 22 country.
576 2802 68 19 Homo

56 2820 69 26 justly
143 2820 81 22 doubts
243 2823 37 21 the
296 2827 78 17 extent
388 2825 25 21 of
421 2826 36 20 the
468 2827 117 25 sufferings
596 2828 48 21 des-

60 2846 79 27 cribed,
160 2854 25 15 as
200 2848 38 21 the
254 2849 33 21 lot
303 2850 25 21 of
338 2858 93 18 persons
447 2853 111 26 resorting
568 2858 21 17 to
600 2854 44 21 this

60 2872 67 28 place,
145 2874 29 26 by
191 2874 64 22 those
264 2876 50 21 who
329 2876 58 22 have
397 2877 40 21 left
447 2886 33 14 us.
511 2879 36 22 He
557 2887 51 17 may
618 2881 26 20 be

60 2900 87 21 assured
158 2900 49 22 that
216 2901 38 21 the
264 2902 121 28 testimony
395 2904 26 21 of
432 2905 38 21 the
479 2905 57 22 class
546 2906 18 21 is
574 2902 27 25 of
606 2907 35 25 all,

59 2924 35 23 the
105 2930 57 18 most
173 2927 110 24 doubtful.
313 2929 58 22 Such
380 2930 121 24 detractors
509 2932 81 28 always
602 2934 41 21 feel

58 2955 18 17 it
84 2959 123 22 necessary,
219 2962 24 14 as
254 2962 12 14 a
275 2956 137 22 vindication
425 2958 26 21 of
463 2958 56 22 their
529 2967 49 14 own
590 2960 58 26 folly'

58 2985 24 14 or
91 2981 219 28 unreasonableness,
329 2987 23 17 to
367 2983 68 23 abuse
449 2985 37 22 the
496 2985 64 28 place
571 2987 71 22 which

60 3009 32 17 for
101 3007 56 22 their
168 3015 48 15 own
228 3009 98 26 interest,
336 3009 98 28 through
451 3012 123 27 fickleness,
591 3014 52 27 they

60 3033 53 21 have
123 3034 57 22 been
191 3041 37 15 too
239 3037 68 21 easily
317 3037 97 22 induced
428 3042 23 18 to
462 3039 111 23 abandon.
604 3041 39 20 We

59 3065 35 14 are
108 3061 125 23 convinced
246 3063 20 21 if
275 3065 68 19 Homo
361 3065 67 21 could
437 3065 51 22 look
498 3067 23 21 in
533 3074 60 19 upon
604 3068 37 21 the

60 3086 128 29 settlement,
200 3089 29 21 he
239 3091 72 21 would
322 3098 66 20 agree
397 3092 51 22 with
460 3100 25 14 us
494 3093 23 22 in
529 3093 37 22 the
576 3098 67 17 state-

60 3117 59 18 ment
128 3121 31 15 we
177 3115 57 23 have
242 3117 71 22 found
328 3119 18 21 it
361 3125 118 22 necessary
493 3124 22 17 to
532 3121 109 26 reiterate,

60 3140 45 21 that
113 3141 110 26 privation
238 3143 41 23 has
293 3148 40 18 not
342 3145 59 22 been
418 3145 81 23 known
508 3147 54 22 here
573 3152 22 17 to
606 3148 36 21 the

60 3169 73 20 extent
143 3171 148 25 experienced
301 3172 28 27 by
339 3171 89 23 settlers
437 3173 59 28 daily
511 3175 98 27 arriving
619 3176 22 21 in

59 3194 27 19 all
97 3194 35 21 the
143 3195 35 22 old
197 3197 104 23 Colonies
320 3199 93 22 without
422 3201 118 26 exception
548 3209 6 18 ;
574 3209 69 14 never

59 3221 77 21 indeed
145 3222 57 22 have
212 3231 13 14 a
234 3224 59 28 body
301 3225 26 21 of
334 3225 89 23 settlers
430 3227 96 22 suffered
537 3228 43 21 less
588 3228 53 22 than

60 3248 34 18 tne
105 3248 103 24 colonists
218 3251 26 21 of
254 3251 54 22 Port
316 3252 133 23 Nicholson.
478 3255 72 27 Many
568 3256 74 21 would

60 3274 79 22 believe
154 3276 20 21 it
182 3276 44 22 had
235 3278 57 22 been
303 3279 135 23 established
449 3288 59 15 some
527 3289 71 19 years,
608 3283 34 20 in-

59 3301 58 20 stead
132 3302 25 20 of
170 3303 84 28 having
267 3305 48 27 just
333 3306 120 23 witnessed
468 3308 27 21 its
512 3308 49 22 first
576 3310 65 21 anni-

58 3331 92 24 versary.

58 3394 5 5 .
83 3370 36 22 All
133 3372 36 23 the
179 3375 76 22 cabins
266 3383 23 15 or
306 3377 36 22 the
352 3379 86 21 several
454 3379 82 22 vessels
551 3380 90 27 loading

58 3401 20 15 m
89 3400 101 25 England
200 3402 34 21 for
249 3403 42 22 this
306 3408 56 23 port,
374 3412 38 15 are
423 3406 46 21 said
480 3409 21 18 to
512 3406 58 22 have
585 3407 55 22 been

58 3427 94 24 engaged
162 3428 59 27 prior
228 3433 22 18 to
261 3430 37 22 the
308 3430 82 28 sailing
397 3432 26 21 »f
430 3432 37 23 the
476 3434 62 25 Lady
548 3435 93 24 Nugent.

866 118 230 26 EXTRACT
1110 121 16 23 S

719 157 72 16 FROM
809 158 51 15 THE
910 159 61 16 NEW
990 160 122 18 ZEALAND

882 190 106 20 (Published
995 193 20 15 in
1022 193 89 19 London,)

772 220 166 25 SATURDAY,
959 223 131 21 OCTOBER
1107 226 32 23 10,
1157 226 61 21 1840.

819 253 16 11 V.
894 257 13 3 —
906 257 28 4 —
933 257 34 5 —
966 259 14 3 —
980 259 71 5 —
1050 260 55 5 _^__

728 271 67 23 Since
805 280 40 14 our
854 273 49 27 last,
914 281 30 14 no
954 274 56 23 later
1018 276 143 28 intelligence
1169 279 56 21 from
1232 279 55 21 New

700 298 101 22 Zealand
811 299 40 22 has
866 300 98 23 readied
979 309 33 15 us.
1042 302 39 22 We
1100 304 56 22 have
1173 313 30 14 no
1219 306 68 21 direct

699 325 144 26 intelligence
855 327 54 20 from
919 327 56 22 Port
987 328 121 23 Nicholson
1121 330 56 23 later
1187 332 52 21 than
1251 332 35 22 the

698 352 86 22 2lstof
795 353 79 26 April;
888 353 41 22 but
943 361 41 15 our
999 356 48 26 Bay
1062 356 26 21 of
1107 357 96 23 Islands'
1218 366 67 19 news,

698 385 67 18 given
776 379 23 21 in
810 386 40 14 our
859 379 44 22 last,
912 382 101 25 number,
1030 383 93 22 extends
1140 387 23 19 to
1179 391 14 15 a
1209 384 77 23 month

698 404 63 27 later,
771 405 47 22 and
825 405 95 28 through
928 407 49 22 that
983 408 95 23 channel
1085 417 41 14 our
1135 410 52 23 Port
1196 411 90 22 Nichol-

698 438 39 14 son
749 438 90 16 news—
841 433 103 22 confined
959 438 23 17 to
999 442 13 14 a
1028 436 95 22 number
1138 437 26 21 of
1182 438 36 23 the
1234 440 52 19 New

697 459 95 20 Zealand
811 460 133 21 Gazette—is
963 468 30 20 up
1011 465 23 18 to
1054 462 35 21 the
1110 464 46 21 2nd
1175 464 28 21 of
1223 465 61 27 May.

698 485 92 28 Sydney
799 493 140 21 newspapers
948 487 58 22 have
1023 488 56 23 been
1096 490 103 23 received
1215 499 31 19 up
1262 495 22 18 to

697 511 38 21 the
745 512 52 21 30th
809 513 67 26 June,
888 518 42 17 two
941 514 89 23 months
1039 515 56 22 later
1107 516 52 22 than
1176 525 40 15 our
1234 518 50 23 Port

698 537 124 24 Nicholson
832 546 68 21 news,
911 548 24 13 so
944 541 48 20 that
1000 549 40 14 our
1046 542 88 23 readers
1142 551 50 21 may
1201 544 83 28 shoitly

696 569 82 22 expect
790 567 92 21 another
896 567 68 22 batch
981 568 26 20 of
1022 568 155 28 intelligence;
1201 571 44 22 and

696 591 95 26 Captain
811 593 111 22 Hobson's
945 594 160 26 proclamation
1131 597 51 25 will,
1203 598 22 21 in
1246 598 36 21 the

696 619 129 27 meantime,
835 619 58 22 have
903 621 96 21 reached
1011 621 51 22 Port
1070 622 131 28 Nicholson,
1212 625 18 21 it
1240 624 41 23 will

695 643 27 22 be
733 645 25 21 of
770 645 38 22 the
818 650 59 18 most
884 647 134 28 interesting
1028 648 120 23 character.

722 680 33 26 By
767 681 38 21 the
816 681 84 27 Report
908 682 25 21 of
945 683 37 21 the
992 683 56 22 New
1055 685 100 22 Zealand
1162 687 118 26 Directors,

695 713 32 14 we
737 708 50 21 find
795 708 49 21 that
853 708 38 22 the
902 710 94 21 number
1003 711 26 20 of
1041 712 120 27 emigrants
1169 714 47 20 who
1225 714 55 21 have

694 733 44 22 this
748 742 54 18 year
811 742 58 20 gone
879 740 45 22 out,
934 737 103 26 previous
1046 742 20 17 to
1075 739 37 21 the
1120 741 60 25 Lady
1188 742 90 25 Nugent,

694 765 105 17 amounts
809 766 21 16 to
846 762 59 27 eight
921 763 102 22 hundred
1041 765 42 21 and
1100 772 94 23 seventy
1205 775 73 14 seven.

695 786 33 23 By
738 795 28 13 an
778 788 76 22 article
865 789 78 27 copied
952 791 47 20 into
1010 798 41 14 our
1058 791 44 22 last
1112 793 57 21 from
1180 794 36 21 the
1228 795 51 20 New

692 815 95 20 Zealand
799 817 91 24 Gazette,
902 815 37 23 the
951 815 126 29 population
1089 819 26 21 of
1123 820 53 22 Port
1186 821 90 22 Nichol-

693 848 39 14 son
750 849 44 15 was
809 843 71 21 stated
897 848 22 16 at
936 847 42 17 two
996 844 110 22 thousand
1122 847 45 21 and
1184 852 49 22 two,
1246 849 33 20 in-

693 868 93 27 cluding
815 869 60 28 eight
896 869 103 23 hundred
1024 871 44 21 and
1094 873 60 28 forty
1184 875 92 21 natives.

693 894 93 28 Adding
796 896 36 21 the
843 896 48 27 ship
901 903 51 15 now
962 898 117 27 preparing
1090 903 22 17 to
1123 899 77 28 depart
1208 902 71 21 under

693 920 36 22 the
747 923 101 26 auspices
866 923 25 21 of
903 923 39 21 the
961 924 117 26 Plymouth
1094 926 122 29 Company,
1234 929 43 20 and

692 947 36 22 the
739 948 56 21 New
811 949 99 21 Zealand
926 950 135 27 Company's
1079 951 128 25 November
1222 954 54 28 ship,

692 973 36 22 the
740 975 131 25 emigration
882 976 25 20 of
919 976 43 21 this
969 984 54 19 year
1030 977 41 22 will
1081 984 94 18 amount
1181 985 22 17 to
1210 981 67 22 about

690 1000 77 22 fifteen
785 1001 103 22 hundred
898 1009 5 19 ;
924 1002 52 27 and,
994 1003 52 22 with
1067 1012 13 13 a
1097 1007 62 21 small
1178 1007 96 22 addition

690 1026 57 22 from
759 1027 37 22 the
807 1028 62 22 other
879 1028 105 28 colonies,
1001 1029 37 23 the
1048 1033 128 25 population
1188 1035 25 21 of
1227 1035 49 21 Port

691 1053 130 28 Nicholson,
837 1058 24 18 at
875 1055 37 21 the
927 1056 53 21 end-
987 1057 26 21 of
1033 1059 58 25 1840,
1110 1060 42 21 will
1168 1061 28 21 be
1210 1062 66 21 about

690 1080 61 21 three
762 1081 112 22 thousand
884 1089 68 15 seven
961 1082 101 24 hundred
1069 1092 25 14 or
1100 1085 61 23 three
1168 1087 108 22 thousand

690 1106 60 27 eight
760 1106 110 24 hundred.

715 1143 40 22 We
767 1151 37 14 are
814 1144 51 26 glad
876 1148 22 18 to
910 1145 46 22 find
966 1146 36 21 the
1013 1147 85 27 subject
1109 1149 26 21 of
1145 1149 38 23 the
1194 1151 81 21 coloni-

689 1170 176 23 zation-of-New
877 1172 99 22 Zealand
987 1173 39 21 has
1036 1176 106 21 attracted
1154 1177 36 21 the
1204 1181 70 18 atten-

689 1197 46 22 tion
744 1198 27 21 of
778 1197 37 22 the
823 1198 82 23 editors
916 1200 27 20 of
956 1200 114 22 Chambers'
1077 1202 124 28 Edinburgh
1211 1206 62 19 Jour-

688 1225 43 19 nal.
762 1224 21 22 It
802 1225 18 21 is
836 1226 73 21 useful
927 1230 23 17 to
966 1234 43 20 any
1020 1229 124 22 institution
1157 1235 22 17 to
1189 1233 85 21 receive

688 1252 74 21 notice
780 1252 24 21 in
823 1251 49 22 that
889 1253 111 22 excellent
1016 1256 97 26 journal,
1134 1262 39 16 not
1192 1259 81 26 merely

688 1277 95 22 because
792 1278 26 21 of
823 1278 26 21 its
865 1286 51 19 arge
928 1280 152 28 circulation,*
1092 1283 39 21 but
1141 1291 27 14 on
1180 1290 93 17 account

688 1304 26 21 of
720 1305 27 21 its
759 1305 48 21 well
816 1306 91 21 merited
914 1306 118 23 influence.
1062 1310 116 22 Chambers'
1185 1313 90 20 Journal

687 1330 47 28 has,
750 1332 58 21 from
819 1332 52 21 time
883 1336 22 17 to
915 1333 60 28 time,
994 1336 118 22 contained
1128 1346 61 14 some
1203 1339 69 23 sound

687 1358 46 21 and
751 1359 116 27 popularly
887 1360 86 22 written
992 1362 87 22 articles
1096 1364 22 20 in
1138 1365 37 22 the
1185 1365 88 28 leading

688 1385 119 27 principles
825 1386 27 21 of
862 1386 97 27 political
977 1395 108 21 economy
1086 1402 28 3 —
1114 1396 56 21 rent,
1190 1393 80 26 profits,

687 1412 45 21 and
742 1419 79 19 wages.
853 1412 20 21 It
891 1414 73 21 would
973 1416 51 25 give
1034 1423 25 14 us
1067 1421 64 22 great
1141 1418 100 27 pleasure
1251 1424 21 17 to

686 1438 49 21 find
754 1439 38 21 the
811 1440 85 26 subject
905 1440 27 21 of
943 1441 146 23 colonization
1110 1445 66 21 taken
1196 1453 29 20 up
1244 1447 27 26 by

686 1465 61 22 them
759 1466 47 21 iri^a
820 1466 85 21 similar
920 1475 101 15 manner.
1050 1469 21 21 It
1091 1471 18 21 is
1128 1472 142 28 intrinsically

687 1492 86 27 Wi.rthy
783 1493 26 20 of
819 1492 57 22 their
886 1501 50 19 pen,
949 1495 43 22 and
1002 1496 55 21 from
1067 1497 37 22 the
1110 1503 64 21 great
1183 1500 88 27 activity

687 1518 26 21 of
725 1519 37 21 the
774 1519 60 27 spirit
853 1520 25 21 of
888 1520 177 23 colonization—
1068 1524 37 22 the
1121 1526 69 21 result
1199 1526 26 21 of
1236 1527 34 21 the

686 1546 82 26 misery
779 1547 26 20 of
816 1546 37 21 the
863 1547 86 27 people,
962 1548 45 21 and
1017 1549 36 21 the
1063 1552 129 22 uneasiness
1203 1553 26 21 of
1236 1553 34 21 the

686 1572 83 22 middle
780 1573 55 21 class
836 1584 27 4 —
865 1574 17 21 it
891 1574 18 21 is
918 1582 14 13 a
942 1571 52 26 debt
1003 1576 70 22 which
1086 1577 51 28 they
1155 1584 60 16 must
1229 1587 41 20 pay

686 1603 22 17 to
718 1600 37 21 the
766 1600 73 27 public
849 1607 81 15 sooner
940 1609 24 14 or
973 1602 63 22 later.

712 1635 47 22 The
775 1636 67 21 South
862 1638 127 21 Australian
1008 1639 74 26 public
1100 1649 36 14 are
1153 1643 65 21 much
1238 1644 32 20 in-

685 1662 82 22 debted
777 1666 22 18 to
814 1663 37 21 the
869 1665 92 20 Colonial
980 1666 84 21 Gazette
1082 1668 33 21 for
1133 1670 99 26 creating
1248 1670 20 21 in

684 1689 58 22 their
752 1690 73 21 minds
835 1697 13 14 a
862 1690 43 22 due
921 1691 79 28 degree
1018 1695 24 20 of
1060 1694 70 23 alarm
1147 1697 123 27 lespecting

684 1716 38 21 the
732 1720 89 23 present
830 1717 112 26 financial
947 1723 55 18 state
1020 1720 24 21 of
1061 1721 70 22 South
1149 1722 119 22 Australia.

686 1743 116 22 Governor
820 1743 94 28 Gawler,
937 1753 39 14 our
995 1747 88 22 readers
1102 1756 37 14 are
1158 1750 110 22 doubtless

684 1776 79 20 aware,
775 1770 40 21 has
825 1771 128 22 overdrawn
964 1772 33 21 his
1009 1780 94 16 account
1113 1779 22 17 to
1147 1776 36 21 the
1194 1780 75 18 extent

684 1797 26 21 of
721 1797 68 21 about
800 1802 41 16 two
852 1798 102 22 hundred
968 1800 111 22 thousand
1095 1803 99 26 pounds!
1225 1804 44 21 Out

684 1823 26 21 of
722 1823 58 22 what
790 1824 54 21 fund
854 1824 17 21 it
881 1824 17 21 is
909 1830 22 17 to
943 1826 25 21 be
985 1827 51 27 paid
1051 1828 54 22 does
1122 1833 45 22 not,
1185 1837 23 14 as
1225 1834 42 22 yet,

683 1858 89 19 appear.
804 1851 23 20 If
837 1851 34 21 Im
881 1852 136 28 Excellency
1027 1854 42 22 had
1085 1856 78 27 g-mly
1180 1857 87 21 nibbled

683 1882 24 16 at
724 1877 38 21 the
782 1877 126 28 land-fund,
930 1879 36 22 the
987 1880 183 25 Commissioners
1189 1884 77 26 would,

683 1904 101 27 perhaps,
797 1908 38 17 not
845 1905 55 21 have
912 1906 113 23 disturbed
1035 1908 46 21 him
1089 1917 4 18 ;
1110 1909 40 22 but
1159 1914 42 17 two
1213 1910 54 22 hun-

682 1931 54 20 dred
748 1931 108 21 thousand
869 1932 85 26 pounds
965 1941 43 14 was
1020 1939 34 16 too
1065 1935 66 22 much
1147 1936 32 21 for
1193 1937 58 21 them
1260 1946 5 15 ;

682 1957 45 21 and
742 1957 53 26 they
809 1957 39 21 did
863 1962 40 17 not
920 1959 42 21 feel
981 1960 84 21 themse
1077 1969 37 14 yes
1129 1963 100 26 justified
1244 1964 20 21 is

681 1983 85 26 paying
775 1983 36 21 the
824 1983 58 26 large
893 1992 61 14 sums
964 1986 71 22 which
1047 1994 63 15 came
1121 1989 92 22 forward
1222 1998 5 18 ;
1243 1998 23 13 so

682 2009 37 21 the
728 2010 49 21 bills
786 2017 56 15 were
851 2010 149 23 dishonoured
1008 2013 42 22 and
1058 2016 120 24 protested.
1203 2016 63 22 How-

681 2043 59 18 ever,
758 2037 36 21 the
809 2037 121 22 land-fund
948 2038 38 23 has
1006 2044 44 22 not,
1070 2041 17 20 it
1104 2048 92 21 appears
1211 2044 53 21 been

681 2063 81 27 wholly
773 2064 125 25 respected:
915 2065 44 22 and
971 2066 36 21 ;he
1018 2068 182 23 Commissioners
1213 2070 52 22 hav-

681 2089 38 27 ing
727 2090 68 22 failed
803 2094 21 17 to
832 2091 56 21 raise
896 2098 12 14 a
915 2091 59 28 loan,
982 2094 128 27 emigration
1120 2094 39 23 h;is
1168 2098 96 26 stopped.

681 2116 89 22 Labour
778 2117 44 21 had
830 2118 33 20 for
869 2125 61 15 some
940 2120 50 21 time
1001 2120 53 22 been
1063 2122 95 26 scantily
1166 2124 99 26 supplied

681 2147 21 17 to
713 2143 69 21 South
795 2145 119 26 Australia,
926 2146 43 21 and
981 2146 37 22 the
1029 2153 59 16 want
1097 2149 26 20 of
1133 2149 16 20 it
1161 2150 17 21 is
1189 2150 74 25 begin-

680 2171 53 26 ning
743 2173 22 18 to
773 2171 27 21 be
808 2170 50 27 felt;
875 2171 39 22 but
922 2172 43 21 still
974 2173 38 22 the
1019 2175 110 21 universal
1138 2175 125 28 disposition

679 2200 22 16 to
712 2201 87 22 respect
808 2197 37 21 the
855 2205 50 14 ease
916 2199 26 20 of
952 2200 127 26 gentlemen
1091 2202 22 21 in
1125 2202 69 27 office,
1211 2204 51 26 kept

679 2223 37 21 (he
735 2223 56 22 facts
806 2223 57 23 from
881 2225 36 22 the
938 2226 73 26 public
1027 2235 48 19 eye.
1104 2228 72 22 Those
1192 2230 73 21 whose

679 2250 53 26 duty
742 2250 16 21 ir
766 2251 19 21 is
792 2255 22 17 to
822 2251 75 22 search
906 2256 39 17 out
952 2254 44 20 and
1005 2261 84 20 expose-
1097 2255 61 22 the.*e
1167 2261 96 17 matters,

678 2277 70 21 found
760 2278 17 20 it
787 2284 60 15 more
863 2279 136 22 convenient
1015 2286 21 16 to
1051 2281 63 22 sooth
1133 2283 43 21 and
1194 2283 72 22 filter

679 2303 29 21 all
720 2303 48 22 who
780 2311 36 15 are
827 2305 121 22 interested
957 2306 23 21 in
992 2308 67 21 South
1077 2310 119 25 Australia,
1212 2310 51 22 tha;i

677 2329 70 22 alarm
759 2331 58 21 them
827 2339 5 17 ;
849 2332 43 21 find
905 2332 38 21 hut
955 2333 35 21 for
1005 2334 36 21 the
1058 2335 168 26 independence
1244 2339 25 19 of

679 2357 36 21 the
725 2358 93 20 Colonial
829 2360 93 23 Gazette,
941 2359 35 22 th.j
993 2360 58 22 truth
1064 2362 71 22 would
1147 2363 70 22 either
1226 2368 39 17 not

677 2383 56 23 have
745 2392 63 14 come
818 2390 38 17 out
867 2391 22 16 at
898 2386 37 24 all,
950 2394 23 13 it
991 2388 71 21 would
1081 2388 57 23 have
1156 2390 108 26 appeared

677 2410 22 21 in
710 2411 84 22 useless
802 2412 115 22 dribblets.
947 2414 31 21 As
988 2415 18 20 it
1015 2415 17 22 is
1043 2415 36 21 the
1091 2416 68 21 South
1172 2418 92 21 Austra-

677 2437 44 22 lian
732 2439 90 26 Society
832 2439 17 21 is
864 2440 102 26 aroused,
984 2449 24 13 as
1022 2449 31 14 we
1072 2442 61 22 learn
1151 2443 58 22 from
1227 2444 37 22 the

676 2464 116 26 following
801 2466 137 28 paragraphs
946 2475 4 13 :
952 2479 29 4 —

718 2507 79 21 Nothing
808 2508 68 17 further
883 2509 33 17 has
925 2511 98 20 transpired
1035 2512 51 17 since
1097 2517 33 12 our
1138 2513 35 16 last
1187 2514 78 20 publica-

676 2529 38 14 tion
726 2533 21 11 as
755 2531 18 14 to
782 2530 29 15 the
822 2530 83 19 probable
918 2535 61 13 course
993 2534 18 14 to
1023 2533 21 15 be
1051 2534 80 19 pursued
1143 2534 22 21 by
1173 2534 30 17 the
1215 2535 49 17 Cotn-

675 2548 106 18 nii.sioneif.
788 2555 19 11 or
815 2550 30 16 the
851 2551 78 16 Colonial
936 2553 59 18 Office,
1002 2557 100 17 respecting
1106 2555 56 16 South
1168 2555 95 18 Australia.

675 2569 40 16 The
728 2570 57 17 whole
800 2571 70 21 subject
884 2576 16 12 is
919 2573 36 16 still
975 2574 56 16 under
1048 2575 131 17 consideration
1198 2579 18 14 at
1234 2577 29 16 the

717 2621 31 16 We
763 2622 111 17 understand
893 2623 40 17 that
950 2624 31 16 the
1000 2627 79 18 greatest
1096 2627 74 20 anxiety
1187 2627 66 20 prevail

675 2646 66 16 among
748 2643 31 15 the
787 2644 55 16 South
851 2644 104 17 Australian
962 2646 60 19 public
1029 2646 18 16 in
1058 2647 72 16 London
1160 2648 37 16 The
1206 2649 56 16 South.

674 2663 114 19 Australian.
792 2664 69 20 Society
869 2665 46 16 have
927 2667 75 19 adopted
1010 2672 10 11 a
1026 2668 93 16 memorial
1132 2672 18 12 to
1166 2670 30 15 the
1206 2670 57 16 Secre-

675 2686 39 17 tary
720 2684 21 16 of
750 2685 49 16 State
807 2686 27 15 for
846 2686 29 15 the
884 2686 86 19 Colonies,
979 2688 74 20 praying
1067 2689 38 16 that
1112 2689 31 16 the
1154 2690 109 17 inhabitant*

674 2705 19 15 of
701 2705 57 16 isouth
767 2706 91 16 Austral.a
869 2711 41 16 may
923 2708 21 16 be
955 2708 74 17 enabled
1042 2711 18 14 to
1071 2711 31 15 tax
1116 2710 109 17 themselves
1238 2712 25 15 lor

674 2726 31 15 the
713 2726 60 20 public
780 2727 73 18 service,
866 2727 36 16 and
910 2728 40 16 that
958 2729 31 16 the
1004 2729 66 21 Colony
1082 2735 41 15 may
1135 2731 21 16 lie
1164 2736 44 12 once
1216 2736 47 12 more

673 2746 63 19 placed
752 2747 57 17 under
820 2748 31 16 the
862 2749 69 16 control
939 2750 20 15 of
970 2754 11 12 a
995 2750 70 21 Special
1077 2752 126 17 Commission.
1225 2753 37 16 Tlie

674 2767 52 16 latter
735 2769 71 19 request
814 2768 14 17 is
837 2769 54 20 urged
900 2771 94 19 expressly
999 2775 21 12 on
1032 2771 32 16 the
1071 2773 112 19 assumption
1198 2774 39 15 that
1244 2778 19 11 so

673 2788 55 16 much
736 2788 82 17 business
826 2792 49 14 must
883 2794 50 16 press
942 2795 47 16 upon
997 2792 30 15 the
1035 2792 148 17 Commissioners
1189 2794 20 16 of
1216 2794 47 17 Land

672 2808 37 15 and
724 2809 117 20 Emigration,
857 2811 39 15 that
910 2811 41 20 they
966 2814 64 14 cannot
1044 2813 64 16 devote
1124 2814 30 16 the
1169 2819 94 16 necessary

673 2830 44 14 time
724 2830 37 15 and
768 2831 88 15 attention
868 2834 18 13 to
898 2831 32 16 the
942 2832 92 20 discharge
1045 2834 21 15 of
1076 2834 47 16 their
1137 2834 59 18 duties
1208 2836 55 16 under

673 2849 30 16 the
712 2849 56 18 South
776 2851 103 16 Australian

700 2886 48 21 The
758 2887 173 27 proclamations
942 2889 96 23 inserted
1047 2891 24 21 in
1083 2900 40 14 our
1139 2893 51 26 last,
1207 2894 55 21 from

674 2919 12 14 a
696 2919 57 21 copy
763 2918 50 17 sent
824 2915 57 21 from
901 2915 36 22 the
957 2917 47 26 Buy
1020 2917 26 21 of
1066 2919 87 22 Islands
1170 2921 29 22 by
1218 2921 43 21 Mr.

675 2939 89 28 Dudley
776 2941 99 25 Sinclair,
889 2941 58 23 have
963 2944 60 22 since
1040 2944 56 23 been
1113 2946 88 27 printed
1216 2947 47 22 offi-

673 2966 67 27 cially
750 2968 23 20 in
785 2967 36 21 the
831 2969 87 21 London
931 2971 93 21 Gazette.

701 3003 38 21 An
751 3004 170 23 establishment
932 3006 40 22 has
990 3008 54 22 been
1063 3009 88 27 opened
1166 3011 23 22 in
1208 3011 54 22 New

675 3029 164 28 Bridge-street,
856 3032 141 29 Blackfriars,
1015 3035 29 26 by
1065 3036 89 22 Messrs.
1172 3038 20 21 B
1204 3039 57 21 aith-

673 3056 63 22 waite
747 3057 43 22 and
803 3058 104 29 Ramsay,
920 3061 70 22 which
1002 3061 40 23 will
1061 3070 66 19 prove
1138 3065 122 26 extremely

672 3084 74 21 useful
755 3088 23 17 to
787 3084 63 23 those
861 3086 49 22 who
923 3089 149 26 contemplate
1089 3091 133 27 emigrating
1239 3096 22 17 to

672 3110 56 21 New
738 3110 100 23 Zealand
848 3113 45 22 and
903 3114 37 22 the
955 3115 128 23 Australian
1099 3117 111 23 Colonies.
1241 3118 17 22 It

672 3138 120 26 comprises
803 3146 13 13 a
826 3140 147 28 subscription
991 3142 92 28 reading
1100 3150 69 20 room,
1189 3145 71 21 where

672 3164 37 20 the
726 3171 146 21 newspapers,
889 3166 76 29 books,
984 3169 132 27 pamphlets,
1135 3171 45 21 and
1198 3179 62 20 maps

672 3197 28 14 on
707 3192 38 20 the
753 3192 109 28 Colonies,
872 3201 38 14 are
917 3195 117 22 accessible
1042 3201 23 17 to
1074 3197 36 21 the
1118 3198 141 22 subscribers.

671 3217 14 21 1
690 3217 55 22 here
754 3225 37 14 are
801 3218 47 22 also
858 3227 74 15 rooms
941 3221 34 22 for
985 3223 85 26 private
1080 3225 139 22 committees
1234 3233 25 14 or

671 3244 133 27 interviews,
816 3246 45 22 and
871 3247 64 22 other
944 3255 167 20 arrangements
1124 3251 66 22 made
1207 3252 52 22 with

672 3272 94 26 especial
778 3272 113 23 reference
901 3277 23 18 to
938 3274 37 22 the
992 3277 152 23 convenience
1161 3279 26 21 of
1206 3279 54 21 emi-

670 3302 78 23 grants
758 3299 45 22 and
813 3300 56 22 their
879 3300 91 23 friends.

698 3341 49 22 The
757 3342 58 25 Cope
825 3343 19 21 is
855 3351 42 15 one
908 3344 25 21 of
951 3352 41 15 our
1006 3353 69 24 many
1091 3348 104 23 Colonies
1211 3349 48 22 that

670 3367 59 23 have
743 3369 94 21 suffered
854 3370 30 26 by
902 3371 36 22 the
957 3372 150 27 improvident
1124 3382 94 15 manner
1234 3376 23 21 in

672 3395 71 21 winch
754 3395 53 22 land
818 3395 38 22 has
867 3397 55 22 been
933 3399 93 26 granted
1040 3404 23 18 to
1073 3401 63 22 those
1147 3402 49 21 who
1206 3409 52 15 can-

672 3425 38 17 not
721 3429 39 14 use
769 3422 24 22 it.
823 3423 40 22 We
874 3423 54 23 hear
935 3425 57 22 from
1003 3427 36 21 the
1058 3428 94 21 Colonial
1164 3430 92 25 Gazette,

671 3448 49 22 that
729 3456 13 14 a
751 3449 51 27 plan
814 3449 19 22 is
850 3457 49 15 now
916 3453 111 27 maturing
1042 3455 23 21 in
1085 3455 101 27 London,
1208 3456 49 23 with

672 3476 35 20 the
719 3482 90 21 express
820 3477 54 21 view
884 3478 28 21 of
921 3479 131 28 redeeming
1062 3481 36 22 the
1105 3483 58 26 Cape
1173 3483 85 27 Colony

671 3509 21 14 in
704 3502 38 21 the
753 3510 60 14 same
825 3511 46 20 way
889 3505 49 22 that
954 3506 38 22 the
1006 3507 104 24 Western
1128 3510 128 21 Australian

670 3529 115 27 Company
796 3537 37 15 are
843 3532 69 22 about
922 3535 21 19 to
954 3533 87 23 redeem
1060 3535 47 22 that
1123 3536 85 28 Colony
1227 3537 29 27 by

670 3556 37 21 the
733 3556 148 24 colonization
903 3558 25 22 of
952 3560 139 23 Austraiind.
1128 3562 62 23 Thus
1214 3564 42 21 will

670 3583 95 21 another
775 3583 84 28 Colony
870 3585 28 22 be
908 3586 95 28 brought
1011 3588 73 22 under
1094 3589 37 22 the
1142 3590 114 27 operation

670 3609 25 21 of
706 3617 15 15 a
731 3617 61 15 more
803 3611 134 23 wholesome
947 3619 90 22 system.

691 3680 10 10 •
709 3680 33 16 We
749 3680 69 17 believe
825 3681 30 17 the
869 3682 107 18 circulation
989 3684 61 22 nearly
1060 3686 73 16 reaches
1141 3687 63 19 80,000,
1220 3687 36 16 and

669 3703 26 13 we
701 3700 47 17 have
757 3705 22 12 no
787 3702 55 16 doubt
849 3702 24 17 its
881 3703 71 17 readers
959 3706 89 19 approach
1056 3710 12 12 a
1076 3706 76 20 million,
1166 3707 28 17 for
1201 3707 55 21 cheap

668 3721 69 20 though
745 3722 15 16 it
767 3723 26 18 he,
801 3723 50 16 there
859 3724 16 16 is
883 3724 78 21 scarcely
969 3730 11 11 a
990 3730 54 16 paper
1055 3726 40 17 that
1106 3731 60 17 passes
1175 3733 19 11 so
1201 3729 54 16 much

669 3742 48 17 from,
722 3742 49 17 hand
779 3745 18 14 to
806 3743 53 18 hand.
882 3744 22 17 In
912 3749 54 16 many
974 3745 47 21 large
1028 3746 84 20 families,
1130 3748 46 16 after
1190 3749 66 19 having

668 3762 44 16 been
721 3763 42 16 read
771 3764 23 19 by
800 3768 53 16 every
860 3766 80 16 member
947 3766 21 16 of
976 3767 42 16 both
1026 3771 58 16 sexes,
1098 3768 37 16 and
1148 3768 23 17 all
1179 3773 47 16 ages,
1241 3770 14 15 it

668 3786 61 16 passes
743 3786 19 13 to
776 3784 30 15 the
820 3784 47 17 least
879 3787 101 16 instructed
996 3787 76 17 inmates
1084 3788 19 16 of
1112 3789 31 15 the
1151 3789 104 17 household.

668 3804 28 14 No
701 3807 57 16 paper
771 3804 40 16 that
822 3809 26 12 we
856 3810 43 12 ever
906 3809 37 14 met
951 3807 43 16 with
1001 3808 64 21 adapts
1080 3809 52 16 itself
1140 3811 17 14 to
1165 3814 20 11 so
1194 3810 43 16 wide
1244 3815 12 11 a

667 3823 41 16 field
716 3823 21 16 of
745 3825 124 20 intelligence;
880 3826 29 17 for
921 3827 69 21 though
1000 3829 96 20 especially
1107 3829 76 21 adapted
1196 3832 17 14 to
1225 3830 30 17 the

667 3844 108 16 instruction
783 3845 20 16 of
811 3846 51 16 those
869 3847 60 16 whose
936 3850 131 19 opportunities
1074 3850 27 15 for
1107 3850 70 16 mental
1185 3850 70 17 culture

667 3863 45 17 have
721 3865 45 16 been
773 3865 59 19 small,
846 3866 14 16 it
869 3869 31 14 not
909 3868 127 20 unfrequently
1050 3869 56 17 rivets
1120 3870 31 16 the
1165 3871 88 17 attention

667 3884 19 16 of
695 3884 31 16 the
738 3885 99 17 cultivated
848 3887 36 16 and
898 3888 30 16 the
943 3889 72 16 refined.
1039 3889 31 16 We
1086 3890 41 17 take
1143 3891 37 16 this
1194 3895 59 15 oppor-

666 3906 60 19 tunity
735 3905 20 17 of
762 3907 147 21 recommending
915 3907 14 17 it
936 3909 19 15 to
962 3909 32 16 the
1006 3909 45 17 New
1058 3910 80 18 Zealand
1151 3911 76 18 colonist
1234 3917 19 13 as

665 3929 23 12 an
696 3926 101 20 acceptable
806 3928 106 20 companion
919 3928 19 17 in
946 3929 29 16 his
983 3933 39 14 new
1029 3930 59 18 home.
