2569 3999
1916 704 219 24 WHOLESALE
2164 706 126 24 PRICES
2325 706 176 24 CURRENT.

1933 3438 40 17 The
1985 3439 49 16 New
2044 3439 99 18 Zealand
2154 3441 93 17 Gazette
2258 3443 44 19 will,
2312 3443 29 16 for
2352 3443 31 16 the
2394 3443 76 20 present,
2481 3442 21 15 be

1912 3459 97 20 published
2016 3460 74 21 weekly,
2098 3465 54 17 every
2159 3462 88 21 Saturday
2255 3464 92 20 morning.
2368 3464 22 16 So
2395 3468 43 13 soon
2446 3467 18 12 as
2469 3463 14 16 it
2487 3462 15 15 is

1913 3480 110 21 sufficiently
2029 3482 104 20 supported,
2142 3483 15 15 it
2164 3483 38 17 will
2213 3484 22 16 be
2241 3484 64 17 issued
2310 3484 129 21 semi-weekly.
2459 3483 43 17 Sub-

1910 3500 64 21 joined
1980 3505 31 12 are
2018 3502 31 17 the
2057 3504 55 15 terms
2117 3508 5 11 :
2123 3511 23 4 —

1934 3522 64 16 Price
2006 3526 24 12 op
2037 3527 40 13 the
2085 3524 74 17 Paper.
2160 3533 23 4 —
2183 3524 54 22 Forty
2243 3525 86 22 shillings
2334 3530 33 17 per
2377 3530 74 15 annum,
2461 3528 41 17 pay-

1913 3542 39 17 able
1959 3543 20 16 in
1987 3544 89 19 advance;
2088 3549 19 12 or
2114 3549 34 12 one
2156 3545 76 22 shilling
2238 3547 29 16 for
2273 3547 58 20 single
2338 3548 91 15 numbers.

1933 3563 212 19 Advertisements.—
2146 3566 33 17 Six
2189 3566 47 18 lines
2247 3568 38 16 and
2295 3568 64 19 under,
2370 3568 25 16 3s.
2403 3568 28 16 6d.
2437 3566 27 17 for
2470 3566 30 16 the

1912 3584 41 17 first
1964 3584 95 21 insertion,
2070 3586 37 17 and
2117 3591 35 12 one
2163 3587 76 22 shilling
2244 3588 30 16 for
2280 3589 44 16 each
2331 3589 110 20 subsequent
2446 3587 55 16 inser-

1913 3605 39 17 tion
1957 3610 5 15 ;
1974 3605 48 17 from
2028 3606 30 17 six
2065 3608 18 15 to
2090 3609 30 15 ten
2128 3608 54 20 lines,
2190 3609 35 16 five
2232 3609 85 21 shillings
2329 3610 28 15 for
2368 3610 30 15 the
2410 3609 43 18 first,
2464 3606 35 18 and

1913 3630 34 12 one
1959 3626 75 21 shilling
2045 3628 36 16 and
2092 3628 86 21 sixpence
2189 3630 28 16 for
2229 3631 45 15 each
2284 3631 111 20 subsequent
2404 3628 86 18 insertion
2495 3631 5 15 ;

1914 3648 56 16 above
1980 3649 31 15 ten
2022 3648 54 20 lines,
2087 3649 36 16 five
2134 3650 85 21 shillings
2230 3651 28 16 for
2270 3651 30 16 ths
2310 3651 40 16 first
2361 3652 31 15 ten
2401 3650 52 18 lines,
2465 3648 35 17 and

1913 3667 98 21 fourpence
2018 3673 31 16 per
2055 3669 38 17 line
2100 3671 28 16 for
2135 3671 31 16 the
2173 3676 64 12 excess
2244 3672 21 16 of
2274 3672 40 16 that
2320 3672 86 19 number;
2417 3671 35 16 and
2458 3671 42 15 two-

1913 3693 57 16 pence
1976 3693 33 17 per
2015 3690 38 17 line
2060 3691 27 16 for
2094 3691 44 17 each
2145 3693 114 19 subsequent
2265 3693 94 16 insertion.

1935 3710 156 18 Advertisements
2098 3712 38 17 will
2142 3715 33 14 not
2181 3718 67 16 appear
2258 3713 19 17 in
2290 3714 31 16 the
2331 3712 79 21 ensuing
2420 3711 79 18 number,

1914 3730 15 17 if
1938 3731 84 17 received
2028 3731 46 18 later
2081 3733 45 16 than
2137 3733 72 21 IJriday,
2221 3735 20 16 10
2252 3733 74 19 o'clock,
2337 3738 41 12 a.m.
2400 3732 100 17 Advertise-

1913 3754 61 14 ments
1982 3752 37 17 will
2025 3754 23 16 be
2055 3754 98 17 continued
2159 3755 37 16 and
2204 3755 79 20 charged
2286 3755 47 16 until
2338 3752 153 19 counter-ordered
2494 3756 4 14 j

1914 3773 47 16 such
1966 3773 53 17 order
2025 3777 51 14 must
2083 3775 21 16 be
2111 3777 41 14 sent
2159 3777 19 15 to
2185 3776 31 16 the
2222 3776 55 16 Oflice
2284 3777 51 16 three
2342 3776 43 20 days
2392 3775 59 16 before
2457 3773 43 21 pub-

1914 3793 80 20 lication,
2002 3795 37 16 and
2046 3797 50 15 must
2102 3797 22 15 be
2133 3796 19 16 in
2158 3796 80 21 writing.

1935 3815 31 16 All
1972 3815 68 20 orders-,
2051 3817 159 19 advertisements,
2221 3817 36 17 and
2269 3816 161 18 communications
2441 3816 17 15 to
2470 3813 28 18 tto

1914 3835 70 20 Editor,
1991 3841 30 12 are
2028 3838 96 19 requested
2131 3839 18 15 to
2157 3838 21 16 be
2185 3838 99 17 addressed
2291 3839 17 15 to
2316 3838 36 16 this
2359 3838 61 16 Office.

1915 3886 75 18 Printed
1994 3888 37 16 and
2034 3888 97 20 published
2138 3893 54 16 every
2199 3889 89 20 Saturday
2295 3888 88 20 morning,
2391 3888 23 20 by
2422 3887 76 17 Samvei.

1937 3907 90 20 Revavß,
2039 3910 19 15 at
2068 3909 31 17 the
2110 3909 56 17 Office
2177 3910 20 16 of
2209 3910 32 16 the
2252 3910 49 16 New
2307 3910 99 16 Zealand
2413 3909 85 16 Gazetik

1936 3933 42 12 and
1987 3929 133 18 Wellington
2129 3931 121 16 Spectator,
2258 3930 153 21 Tarannki-rlaee,
2420 3927 72 19 Wellintf

1936 3951 37 17 ton,
1984 3950 40 16 Pnrt
2034 3951 102 16 NicholHO.v
2147 3949 44 18 Ve\v
2248 3951 39 17 \nd.

102 2235 79 23 PARrs
210 2235 61 23 Oct.
298 2238 38 21 15.
338 2249 35 3 —
377 2235 20 24 A
418 2236 158 25 musket-shot
606 2245 47 16 was

68 2268 56 23 fired
134 2273 23 18 at
169 2268 38 23 the
218 2268 67 31 King
296 2273 24 19 at
338 2270 35 22 six
392 2269 86 23 o'clock
491 2270 45 22 this
546 2272 97 30 evening
643 2280 3 4 1
647 2289 5 10 ,

68 2306 23 18 at
103 2301 36 23 the
152 2306 101 19 moment
265 2301 64 24 when
342 2302 34 22 his
390 2302 99 31 Majesty
502 2311 45 15 was
560 2305 94 30 passing

68 2334 68 30 along
147 2334 38 23 the
197 2343 59 22 quay
270 2334 23 23 of
303 2335 37 23 the
353 2335 128 29 Tuilleries,
492 2344 28 15 on
527 2336 37 24 his
576 2342 78 18 return

68 2372 23 18 to
105 2367 33 23 St.
153 2367 82 23 Cloud.
273 2367 95 24 Neither
388 2369 38 22 the
445 2369 56 31 king
516 2378 41 15 nor
575 2378 43 23 any
631 2371 24 23 of

67 2400 39 23 the
125 2408 93 22 persons
237 2401 31 29 by
286 2401 73 23 whom
381 2401 28 24 he
428 2409 44 16 was
494 2404 159 31 accompanied

68 2440 57 16 were
136 2433 61 23 hurt.
235 2433 50 23 The
297 2435 101 22 assassin
410 2442 44 16 was
466 2436 109 24 arrested.
613 2437 40 23 He

67 2467 90 22 avowed
176 2467 36 23 his
232 2468 76 23 crime.
357 2467 46 24 His
422 2476 65 15 name
510 2470 20 22 is
552 2469 99 24 Darbes.

68 2499 40 23 He
129 2499 20 23 is
167 2499 59 24 from
243 2501 38 22 the
300 2500 67 23 south
387 2501 24 23 of
428 2501 95 30 France,
543 2501 40 31 (he
604 2501 49 25 sail!

67 2532 138 27 Marseilles,
218 2532 42 24 buc
273 2533 62 24 there
348 2541 45 16 was
404 2542 61 15 some
479 2534 69 24 doubt
560 2544 28 14 on
604 2536 50 24 that

66 2564 86 32 point.)
197 2566 24 23 It
239 2567 73 22 would
331 2575 83 23 appear
432 2567 48 24 that
502 2568 36 23 his
561 2569 93 24 musket

66 2599 45 22 had
122 2599 57 23 been
191 2599 140 30 overloaded,
340 2601 35 22 lor
386 2602 18 21 it
416 2601 63 23 burst
491 2602 43 23 and
543 2603 110 23 wounded

66 2631 47 23 him
126 2632 23 22 in
161 2632 38 23 the
211 2632 113 24 shoulder.
362 2633 23 23 It
404 2642 44 15 was
467 2636 121 23 rumoured
604 2636 49 23 that

67 2664 39 23 the
118 2666 99 23 assassin
229 2674 46 15 was
286 2674 43 15 one
342 2667 24 23 of
383 2667 36 23 the
432 2668 118 24 advocates
560 2669 36 23 for
607 2677 44 15 war

66 2698 51 23 who
129 2706 38 16 are
180 2703 23 19 at
213 2704 93 25 present
318 2707 24 15 so
361 2700 67 23 much
447 2701 81 26 exalte,
542 2702 44 23 and
604 2703 50 23 that

66 2731 32 31 by
109 2732 131 31 murdering
253 2732 36 23 the
303 2732 66 32 King
379 2733 28 23 he
427 2734 124 24 calculated
569 2743 26 16 on
615 2744 38 16 re-

67 2765 92 30 moving
178 2765 37 23 the
235 2766 51 30 only
306 2766 41 23 bar
365 2771 23 18 to
406 2766 38 24 the
461 2768 83 23 arrival
563 2769 24 23 of
604 2769 50 24 that

68 2797 113 31 calamity.
217 2799 51 22 The
286 2799 68 23 funds
366 2799 39 24 fell
418 2800 24 23 of
457 2808 79 16 course
550 2807 22 18 at
592 2802 60 24 Tor-

67 2831 68 22 toni's
152 2832 26 22 in
198 2839 153 24 consequence
371 2833 24 23 of
409 2833 44 23 this
472 2834 85 28 attack,
569 2835 41 23 but
629 2844 25 14 as

67 2871 31 16 no
120 2863 87 24 further
232 2872 167 24 consequences
421 2874 57 15 were
497 2868 158 30 apprehended

65 2896 59 24 f.om
143 2898 24 28 it,
186 2898 54 30 they
258 2898 86 24 rallied.
381 2899 23 23 It
422 2907 44 15 was
486 2901 114 31 currently
616 2910 38 15 re-

65 2929 87 31 ported,
165 2932 43 22 and
229 2931 108 29 believed,
350 2932 49 23 that
411 2933 36 22 the
467 2933 188 33 Queen-Regent

66 2963 26 23 of
108 2963 72 31 Spain
199 2964 45 23 had
263 2964 87 24 arrived
364 2970 24 18 at
406 2966 55 22 Port
480 2966 113 25 Vendres.
630 2968 24 24 It

65 3003 47 17 was
123 2996 48 24 also
184 2997 74 23 stated
275 2997 49 24 that
343 2998 35 23 M.
402 2999 102 24 Mathieu
520 3000 27 23 de
566 3000 23 24 la
607 3000 46 25 Ri-

66 3028 62 25 dorte
146 3030 159 30 (ambassador
322 3031 26 23 of
363 3032 100 31 France)
477 3033 46 23 had
538 3035 115 30 protested

65 3063 89 30 against
172 3063 37 23 the
228 3065 156 30 appointment
400 3065 25 23 of
440 3074 13 15 a
475 3072 120 26 co-regent
595 3080 35 4 —
630 3069 23 22 in

66 3096 64 23 other
146 3097 83 27 words,
248 3098 90 30 against
354 3098 38 24 the
409 3107 143 23 programme
570 3100 25 24 of
614 3101 39 23 the

65 3129 73 30 newly
167 3130 141 23 self-elected
337 3131 156 24 Government
519 3133 25 24 of
571 3134 80 32 Spain.

66 3160 51 25 The
139 3160 123 33 Messager
284 3166 102 22 contains
409 3173 14 15 a
443 3166 62 22 brief
528 3167 74 24 notice
631 3168 24 23 of

66 3193 101 25 Eastern
178 3203 70 16 news.
285 3196 23 24 It
320 3199 105 22 confirms
438 3206 41 15 our
486 3207 48 16 own
546 3206 107 18 accounts

66 3228 49 23 that
132 3228 112 23 Lebanon
261 3237 45 16 was
324 3232 106 29 tranquil.
466 3232 61 23 That-

65 3267 48 17 met
135 3261 41 24 Ali
199 3269 47 15 was
268 3263 102 24 restored
393 3269 22 18 to
437 3265 85 29 health,
543 3267 43 22 and
607 3275 46 16 was

65 3294 111 30 perfectly
195 3294 58 23 calm
272 3296 44 23 and
507 3299 38 23 No
567 3300 86 24 intelli-

65 3334 70 23 gence
155 3327 44 24 had
217 3327 58 24 been
294 3329 103 24 received
414 3334 23 20 at
454 3331 148 31 Alexandria,
624 3341 29 16 on

65 3361 39 22 the
123 3361 67 27 26th,
209 3361 57 23 from
288 3362 102 24 Ibrahim
409 3364 84 30 Pacha,
511 3366 42 23 but
570 3367 19 23 it
606 3375 47 15 was

66 3393 83 23 known
162 3394 49 23 that
223 3394 28 23 he
269 3402 46 16 was
337 3399 168 30 concentrating
517 3399 35 23 his
569 3400 82 29 forces,

66 3427 45 23 and
122 3427 50 24 that
183 3427 36 23 his
231 3427 54 31 plan
296 3435 45 16 was
353 3434 23 18 to
384 3432 111 22 surround
504 3432 37 23 the
550 3432 104 24 Turkish

66 3468 65 23 camp
143 3460 89 24 formed
244 3465 22 19 to
278 3461 39 23 the
335 3463 67 23 north
419 3463 24 24 of
457 3463 109 31 Beyrout.
602 3467 51 22 The

66 3494 120 23 combined
212 3493 63 24 iieets
301 3494 44 23 had
369 3496 126 25 canonaded
519 3498 67 24 Seide
609 3500 45 22 and

67 3528 93 22 Cariffa.
197 3527 52 23 The
261 3528 131 30 insurgents
405 3529 48 23 who
470 3530 46 24 had
533 3533 121 30 presented

66 3560 137 23 themselves
216 3565 23 19 at
251 3561 38 22 the
308 3561 103 24 Turkish
430 3570 63 24 camp
503 3572 58 16 were
576 3566 54 31 only
641 3574 13 15 a

65 3594 44 22 few
125 3598 109 27 peasants
253 3594 25 23 of
294 3594 38 23 the
345 3594 128 26 Kesrouan.
510 3597 50 24 The
571 3606 83 16 moun-

66 3627 46 22 tain
136 3635 47 15 was
206 3627 107 31 tranquil,
337 3627 44 23 and
404 3628 36 23 the
461 3629 68 24 Emir
553 3631 101 25 Bescher

65 3659 92 23 faithful
174 3665 21 18 to
216 3660 38 23 the
277 3660 107 31 Viceroy.
426 3661 51 24 The
500 3663 153 32 Mussulmen,

65 3693 103 23 irritated
190 3698 24 18 at
238 3693 37 24 the
298 3698 97 27 attempt
411 3694 26 23 of
456 3695 37 23 the
517 3696 136 32 Christians,

67 3726 83 23 caused
168 3727 88 23 serious
278 3727 131 30 inquietude
428 3731 23 19 to
470 3728 38 24 the
532 3730 122 32 European

65 3759 139 24 merchants.
242 3759 129 32 Important
382 3765 77 19 events
470 3769 59 16 were
547 3765 108 29 expected

66 3792 82 31 hourly
160 3797 23 18 to
203 3801 76 15 occur.
316 3793 51 23 Our
388 3794 74 23 Malta
479 3794 78 24 letters
576 3797 25 23 of
616 3798 39 24 the

68 3825 42 24 sth
121 3827 64 27 inst.,
199 3830 65 25 state,
277 3826 50 23 that
345 3834 29 15 no
386 3834 61 16 news
458 3828 59 23 from
530 3829 67 29 Syria
609 3830 25 24 of
643 3839 12 15 a

66 3858 58 23 later
143 3858 50 23 date
212 3860 56 22 than
289 3858 49 24 that
359 3860 99 31 brought
479 3861 31 31 by
533 3862 38 24 the
592 3863 63 23 Pro-

67 3891 100 23 metheus
179 3892 25 23 of
213 3892 39 23 the
264 3892 59 24 26th
334 3893 42 24 ult.
389 3893 44 23 had
445 3894 59 23 been
514 3896 104 24 received
632 3898 23 22 in

68 3924 51 24 that
127 3924 84 25 island.
248 3925 51 24 The
314 3931 78 26 report
408 3927 25 23 of
442 3927 38 24 the
492 3928 81 31 taking
585 3929 25 23 of
620 3931 34 22 St.

691 133 57 23 Jean
767 133 83 23 d'Acre
867 133 31 30 by
910 132 37 23 the
969 132 119 23 combined
1099 131 112 31 squadron
1228 130 44 24 had

692 165 120 23 circulated
825 165 69 26 there,
905 165 42 23 but
957 172 47 15 was
1014 170 42 17 not
1067 163 106 24 credited.

725 198 88 22 Fatal
985 205 28 15 in
1046 197 87 23 Paris.
1135 208 34 5 —
1170 196 51 23 Ten
1249 204 25 15 or

693 231 77 22 twelve
781 238 77 22 young
867 238 54 15 men
929 229 106 31 indulged
1047 231 25 21 in
1084 236 61 17 some
1157 229 64 31 noisy
1230 229 44 23 and

691 263 151 23 mischievous
860 262 68 24 mirth
948 270 29 15 on
998 261 144 31 Wednesday
1161 261 114 31 sennight

691 297 22 21 in
727 295 38 23 the
777 295 53 23 Rue
841 295 128 30 Lafayette,
981 295 65 23 when
1066 302 61 15 some
1146 294 24 23 of
1185 293 40 24 the
1238 295 36 22 in-

691 328 113 23 habitants
817 328 25 23 of
853 327 35 24 the
900 328 167 30 neighbouring
1075 327 91 28 houses,
1174 327 101 23 irritated

693 361 28 29 by
733 361 38 22 the
783 360 150 29 disturbance,
947 359 70 24 called
1030 359 38 23 the
1079 359 80 31 guard.
1195 359 30 23 In
1237 359 38 23 the

691 394 91 22 conflict
793 393 72 22 which
878 393 86 23 ensued
981 393 102 22 between
1101 393 62 22 them
1180 392 45 23 and
1237 392 38 23 the

691 426 97 30 soldiery
807 433 42 15 one
868 426 25 22 of
909 425 38 23 the
965 433 77 22 young
1062 433 51 15 men
1133 433 44 15 was
1196 425 79 23 driven

691 459 89 29 against
790 466 42 15 one
845 458 24 22 of
875 458 39 23 the
926 458 101 23 soldiers'
1039 458 116 29 bayonets,
1167 457 109 23 wounded

692 492 21 21 in
733 491 38 22 the
796 491 108 28 stomach,
924 490 45 23 and
987 490 51 23 died
1061 490 81 23 almost
1163 491 112 22 instanta-

691 523 101 31 neously.
829 524 38 22 An
887 524 91 30 inquiry
997 530 45 16 was
1060 523 118 23 instituted
1195 530 29 16 on
1237 523 38 23 the

691 556 114 30 following
817 555 41 31 day
869 556 31 30 by
912 556 38 23 the
967 555 140 28 authorities,
1120 555 38 23 the
1169 556 72 23 result
1253 556 24 27 of.

691 589 73 23 which
781 596 46 16 was
847 588 48 24 that
914 589 37 23 the
969 588 100 30 military
1079 595 58 16 were
1156 589 84 30 proved
1253 593 22 19 to

691 622 56 23 have
766 621 72 24 acted-
849 622 54 23 with
921 630 13 15 a
950 621 132 24 reasonable
1095 620 66 23 share
1179 621 25 23 of
1219 629 56 23 pru-

691 654 69 22 dence
772 655 45 21 and
827 654 146 22 moderation.

724 687 83 23 Prince
821 687 71 23 Louis
904 687 119 31 Napoleon
1033 687 42 22 has
1086 687 58 22 been
1154 688 119 23 sentenced

691 720 29 30 by
732 720 37 22 the
783 720 71 23 Court
866 720 25 22 of
906 720 70 23 Peers
989 725 21 17 to
1023 719 117 31 perpetual
1152 720 121 29 imprison-

690 758 63 17 ment
764 753 24 22 in
800 761 13 14 a
825 753 100 23 fortress.
962 752 47 23 His
1017 752 147 31 accomplices
1171 754 102 22 received

690 785 104 23 different
800 785 159 31 punishments
967 793 62 15 some
1036 785 77 23 fifteen
1121 793 61 15 some
1190 790 83 27 twenty

689 826 66 22 years
763 819 122 28 detention,
898 817 43 24 and
950 826 42 15 one
999 818 177 30 transportation
1181 818 36 23 for
1223 819 48 23 life.

723 851 31 23 In
766 851 37 23 the
823 850 65 28 East,
904 850 38 24 the
961 851 76 23 affairs
1056 859 37 14 are
1112 852 89 29 coming
1220 855 21 19 to
1260 860 13 15 a

690 885 72 22 crisis.
800 884 100 30 Beyrout
911 884 41 23 has
964 884 55 22 been
1032 883 106 23 attacked
1155 883 44 23 and
1218 892 54 23 cap-

689 917 66 23 tured
776 918 31 29 by
830 917 96 30 Captain
956 916 86 30 Napier
1050 925 7 20 ;
1087 916 44 23 and
1159 916 111 30 Turkish,

688 950 119 28 Austrian,
821 949 44 23 and
875 949 100 31 English
995 953 86 27 troops,
1094 953 22 19 to
1129 949 37 23 the
1175 950 96 23 number

689 983 24 22 of
735 985 65 22 8000
821 982 44 23 and
886 982 111 30 upwards,
1021 982 58 23 have
1100 982 58 23 been
1178 982 91 25 landed.

689 1015 24 23 It
724 1016 19 23 is
755 1015 108 23 admitted
874 1014 49 24 that
934 1015 38 23 the
992 1015 108 30 invading
1117 1015 60 23 force
1192 1015 25 23 of
1232 1015 38 25 the

688 1048 63 23 allies
770 1049 20 22 is
809 1047 147 31 ridiculously
974 1048 68 23 small
1060 1048 34 23 for
1105 1048 38 23 the
1162 1054 109 24 conquest

688 1081 25 23 of
728 1081 74 31 Syria,
816 1081 44 23 and
876 1081 39 23 the
934 1081 46 23 sole
995 1081 97 23 reliance
1109 1080 25 24 of
1150 1081 37 23 the
1206 1081 64 24 allies

687 1122 73 15 seems
773 1119 22 18 to
807 1114 28 23 be
844 1115 24 22 in
879 1121 14 16 a
904 1113 91 31 general
1004 1113 73 24 revolt
1087 1114 30 30 by
1125 1114 38 23 the
1175 1114 95 31 Syrians

687 1149 87 28 against
797 1147 39 23 the
856 1148 50 22 rule
929 1147 25 23 of
974 1146 119 24 Mehemet
1114 1146 48 24 Ali.
1199 1148 69 24 Some

687 1182 66 22 5000
774 1180 104 23 muskets
901 1180 58 23 have
987 1180 58 23 been
1065 1180 141 28 distributed,
1225 1181 44 23 and

686 1221 122 15 numerous
818 1213 78 23 bodies
908 1213 25 23 of
948 1214 167 22 mountaineers
1127 1221 37 15 are
1179 1213 49 23 said
1246 1218 22 19 to

686 1247 57 23 have
751 1246 78 31 joined
840 1246 38 23 the
891 1246 70 23 allies.
997 1245 31 24 In
1040 1245 37 24 the
1089 1247 128 28 meantime,
1230 1246 38 24 the

686 1279 83 24 Thiers
791 1280 106 30 ministry
914 1279 57 23 have
988 1278 160 31 unanimously
1162 1279 106 23 tendered

685 1313 60 22 their
763 1313 146 29 resignation,
928 1311 74 24 which
1020 1320 74 14 seems
1113 1316 22 19 to
1153 1312 56 23 have
1223 1312 45 23 had

686 1345 38 24 the
742 1346 66 23 effect
825 1345 24 23 of
866 1345 135 30 compelling
1018 1344 39 23 the
1080 1344 66 31 King
1163 1349 22 19 to
1201 1345 67 32 adopt

685 1379 59 23 their
754 1378 92 24 warlike
864 1379 83 30 policy.
983 1377 51 23 The
1053 1377 123 24 Chambers
1195 1386 38 15 are
1246 1384 21 18 to

684 1412 28 23 be
726 1412 71 23 called
809 1411 101 30 together
922 1411 61 30 early
994 1411 25 22 in
1031 1410 137 30 November,
1181 1411 43 23 and
1239 1419 27 16 an

684 1444 127 24 ultimatum
827 1445 58 22 from
905 1444 38 23 the
961 1443 92 24 French
1071 1443 156 24 Government
1244 1450 23 18 to

684 1477 38 24 the
738 1478 45 23 five
801 1477 67 24 allied
886 1485 87 23 powers
990 1477 20 22 is
1021 1481 25 18 to
1056 1476 28 24 be
1100 1476 115 25 forthwith
1228 1477 39 24 de-

683 1511 93 28 livered,
801 1511 97 23 wherein
921 1511 18 22 it
961 1509 45 24 will
1031 1509 29 23 be
1083 1509 102 24 declared
1207 1511 61 23 what

683 1544 89 23 further
790 1544 143 30 aggressions
952 1551 29 15 on
995 1542 119 24 Mehemet
1125 1544 39 23 Ali
1176 1543 45 24 will
1239 1544 28 23 be

684 1576 92 24 deemed
799 1577 31 30 by
847 1576 87 24 France
957 1584 15 15 a
990 1584 68 15 cause
1075 1576 35 23 for
1125 1584 51 16 war.
1214 1577 51 23 The

684 1610 144 31 Republican
849 1614 67 27 party
933 1610 21 23 is
971 1610 85 30 urging
1078 1617 29 15 on
1125 1618 13 15 a
1154 1617 53 17 war.
1243 1611 24 23 A

683 1643 104 23 Russian
809 1642 114 32 squadron
947 1650 43 15 was
1020 1642 108 31 expected
1155 1647 23 19 to
1202 1651 64 16 come

683 1676 98 30 through
793 1676 37 23 the
850 1675 147 24 Dardaeelles
1010 1680 23 18 to
1049 1676 49 30 join
1099 1689 32 3 —
1133 1679 24 19 at
1168 1675 38 24 the
1225 1684 40 15 ex-

677 1716 69 24 press
758 1712 88 27 request
857 1709 30 29 of
897 1708 37 23 the
947 1708 98 23 Turkish
1056 1709 150 23 Government
1207 1722 33 4 —
1241 1711 23 22 in

683 1742 37 24 the
729 1742 110 23 blockade
851 1741 24 24 of
886 1742 73 30 Syria.
997 1741 51 24 The
1060 1741 90 24 French
1161 1743 53 22 fleet
1225 1743 41 23 has

682 1775 101 23 received
797 1776 75 22 orders
884 1779 23 19 to
917 1775 97 30 proceed
1025 1775 59 23 from
1096 1775 38 23 the
1147 1775 88 23 Piraeus
1244 1781 21 19 to

682 1809 38 22 the
732 1809 159 28 Dardanelles,
899 1808 44 23 and
954 1807 62 24 there
1030 1807 75 24 attack
1113 1816 42 22 any
1164 1808 103 24 Russian

682 1842 53 22 fleet
753 1842 49 22 that
820 1849 52 23 may
884 1842 42 22 sail
945 1845 37 19 out
995 1841 25 23 of
1035 1841 38 23 the
1088 1842 90 22 Straits.
1215 1842 51 24 The

682 1874 91 23 French
790 1883 39 15 can
840 1874 74 32 plead,
927 1873 53 31 they
992 1882 49 22 say,
1053 1874 49 23 that
1117 1875 51 30 they
1180 1875 28 22 do
1220 1875 46 24 this

682 1908 30 30 by
729 1909 73 22 virtue
820 1908 24 23 of
858 1908 36 22 old
914 1907 144 30 stipulations
1077 1907 54 23 with
1148 1908 116 31 England.

682 1941 66 28 This,
760 1941 21 22 if
797 1941 64 23 acted
873 1948 36 21 on,
922 1945 69 24 must,
1011 1941 26 22 of
1053 1948 86 21 course,
1154 1942 111 30 instantly

681 1974 68 30 bring
767 1974 68 23 about
856 1982 14 14 a
893 1974 90 30 general
1008 1981 52 20 war,
1083 1974 35 22 for
1141 1974 37 23 the
1202 1975 65 22 other

680 2014 87 23 powers
780 2006 73 24 would
865 2010 93 27 support
970 2005 37 23 the
1021 2005 121 24 Russians.

715 2039 136 29 Brussels,
865 2040 54 23 Oct.
934 2040 38 23 11.
974 2052 34 3 —
1008 2038 44 24 We
1064 2047 37 15 are
1114 2040 93 23 assured
1218 2040 49 23 that

681 2072 78 23 orders
771 2073 56 23 have
839 2073 58 23 been
906 2072 50 31 just
967 2072 144 23 transmitted
1122 2077 22 18 to
1155 2073 38 23 the
1202 2080 63 17 com-

681 2110 76 26 petent
769 2106 132 23 authorities
914 2110 22 18 to
946 2110 42 26 put
999 2104 40 24 the
1051 2105 80 23 citadel
1143 2106 25 23 of
1177 2106 89 24 Namur

681 2139 48 22 into
741 2146 13 15 a
766 2143 57 19 state
835 2139 25 22 of
875 2138 99 23 defence.
1011 2137 59 23 This
1081 2138 73 23 useful
1166 2139 44 22 and
1221 2140 44 22 im-

680 2176 92 26 portant
783 2179 103 16 measure
898 2175 81 19 cannot
989 2171 30 23 be
1038 2179 13 14 a
1067 2171 90 31 solitary
1170 2171 46 24 fact
1223 2181 6 19 ;
1249 2173 18 22 it

681 2205 20 23 is
712 2205 108 30 probable
832 2204 49 24 that
892 2204 85 23 similar
990 2204 77 23 orders
1076 2204 57 23 have
1143 2205 58 23 been
1214 2211 51 17 sent

682 2241 23 19 to
717 2238 30 23 all
757 2242 63 27 parts
829 2238 25 23 of
864 2238 37 23 the
909 2237 118 30 kingdom.
1062 2237 127 31 Yesterday
1197 2238 69 23 after-

682 2278 59 16 noon
764 2271 94 23 another
881 2271 143 23 detachment
1037 2270 24 23 of
1075 2270 79 24 horses
1178 2271 88 24 arrived

681 2303 59 24 from
752 2304 110 23 Hanover
874 2311 29 16 on
915 2303 58 23 their
985 2311 49 21 way
1046 2308 22 18 to
1081 2303 94 24 France.

715 2338 138 22 Accurate
861 2337 202 23 Intelligence.
1068 2349 31 4 —
1101 2336 45 24 The
1146 2336 122 24 National

682 2370 26 23 of
722 2370 143 30 Wednesday
878 2378 128 15 announces
1025 2370 49 23 that
1093 2378 28 15 on
1131 2370 36 23 the
1185 2371 82 23 arrival

682 2403 25 23 of
722 2404 37 22 the
771 2404 143 30 intelligence
933 2403 49 23 that
1001 2411 30 15 an
1049 2408 94 26 attempt
1153 2404 46 22 had
1210 2404 57 23 been

682 2437 65 22 made
759 2440 22 19 to
794 2442 30 17 sel
839 2437 41 22 fire
888 2440 22 19 to
919 2436 38 23 the
964 2436 128 30 dock-yard
1100 2441 23 18 at
1133 2437 133 29 Sheerness,

759 2473 82 19 emeute
863 2470 66 22 burst
951 2469 62 23 foith
1035 2470 24 22 in
1077 2469 105 30 London,
1206 2478 61 23 upon

682 2502 73 23 which
778 2504 103 22 occasion
904 2503 38 22 the
960 2502 81 31 people
1057 2503 83 22 rushed
1145 2512 73 22 -upon
1230 2505 37 22 the

682 2536 60 23 hotel
753 2536 25 23 of
793 2544 42 15 one
844 2537 23 22 of
879 2536 38 23 the
930 2536 128 28 Ministers,
1076 2536 45 23 and
1136 2537 85 23 sacked
1232 2537 41 24 his>i

715 2602 164 24 Abdication
892 2610 30 16 of
935 2610 52 15 the
1000 2602 72 23 King
1082 2610 30 16 of
1126 2603 139 25 Holland.

680 2648 35 3 —
716 2635 50 24 The
779 2636 78 23 Dutch
873 2635 103 32 journals
989 2635 25 24 of
1025 2636 36 23 the
1078 2639 36 20 Ist
1126 2637 24 22 of
1167 2637 100 24 October

682 2669 134 30 completely
831 2670 96 22 confirm
944 2668 38 24 the
1002 2677 61 15 news
1083 2667 24 25 of
1128 2669 61 32 King
1207 2670 59 23 Wil-

682 2702 74 24 liam's
769 2702 135 24 abdication.
940 2701 50 25 The
1000 2702 117 31 following
1128 2704 17 22 is
1157 2703 59 24 from
1229 2705 38 22 the

681 2735 144 29 Avondbode,
843 2736 74 23 under
934 2735 39 24 the
991 2735 60 24 head
1068 2736 26 23 of
1113 2736 37 24 the
1175 2737 91 31 Hague,

683 2768 101 24 October
834 2781 35 4 —
894 2768 100 31 To-day,
1015 2773 23 19 at
1056 2773 42 19 two
1117 2769 95 30 o'clock,
1230 2771 37 22 the

682 2802 90 23 council
784 2802 25 23 of
824 2807 58 18 state
892 2806 48 19 met
950 2802 73 23 under
1037 2802 38 23 the
1093 2803 134 31 presidency
1244 2804 23 23 of

682 2834 37 23 his
736 2835 65 30 royal
816 2835 110 30 highness
950 2834 37 24 the
1012 2835 83 24 Prince
1119 2836 23 23 of
1164 2837 101 31 Orange.

683 2867 41 24 All
743 2868 40 23 the
806 2869 116 22 ministers
943 2875 59 16 were
1025 2869 140 24 summoned.
1202 2870 25 24 It
1248 2871 19 23 is

682 2900 99 32 thought
792 2901 48 23 that
856 2901 38 23 the
912 2902 102 29 meeting
1025 2901 66 25 takes
1107 2903 63 30 place
1182 2903 36 24 for
1230 2904 37 23 the

682 2941 99 24 purpose
800 2934 24 23 of
838 2934 149 31 deliberating
1006 2943 28 15 on
1048 2934 41 25 -the
1106 2936 161 30 proclamation

682 2967 95 23 relative
788 2972 22 18 to
829 2967 37 23 his
882 2967 123 32 Majesty's
1020 2968 134 30 abdication,
1167 2970 45 23 and
1229 2971 38 22 the

682 3002 118 22 accession
822 3001 25 23 of
865 3001 37 23 the
926 3000 84 24 Prince
1034 3002 25 22 of
1079 3002 101 31 Orange.
1216 3003 50 24 The

682 3033 139 32 publication
837 3034 26 24 of
879 3033 40 24 the
936 3034 84 24 official
1035 3040 180 20 announcement
1227 3045 38 23 ap-

681 3074 67 24 pears
760 3072 22 19 to
795 3068 28 23 be
834 3067 61 24 fixed
907 3067 35 24 for
959 3072 142 19 to-morrow.
1136 3068 52 25 The
1205 3077 60 17 news

681 3100 75 24 which
767 3108 33 16 we
816 3101 58 23 have
891 3101 104 23 received
1013 3101 45 23 this
1075 3101 116 25 afternoon
1208 3103 57 24 from

682 3141 42 16 our
734 3134 189 32 correspondents
943 3138 23 19 at
976 3134 40 23 the
1035 3134 92 32 Hague,
1147 3135 119 32 dissipates

682 3174 68 24 every
762 3167 69 24 doubt
842 3167 75 23 which
924 3175 54 24 may
988 3167 58 24 have
1059 3167 88 25 existed
1158 3177 25 15 as
1194 3173 23 20 to
1228 3169 38 24 the

682 3200 112 24 intention
805 3201 25 23 of
845 3200 39 24 the
903 3200 66 32 King
988 3206 24 17 to
1023 3202 78 31 resign
1112 3202 38 23 the
1162 3209 104 25 supreme

681 3241 83 23 power,
777 3234 44 24 and
831 3242 54 24 pass
898 3233 38 23 the
949 3234 128 23 remainder
1089 3235 25 23 of
1128 3234 36 24 his
1176 3235 56 32 days
1244 3237 22 23 in

681 3270 92 26 retreat,
785 3267 107 24 removed
901 3267 60 24 from
973 3267 40 23 the
1025 3275 63 16 cares
1104 3268 24 23 of
1141 3272 68 21 state.
1243 3269 24 24 A

681 3300 68 31 proof
779 3300 50 24 that
858 3300 38 24 the
922 3301 114 30 marriage
1070 3301 115 31 projected
1213 3303 54 23 with

682 3333 116 24 Madame-
812 3333 37 24 La
872 3333 136 31 Comptesse
1030 3333 169 26 d'Oultremont
1221 3343 45 16 was

682 3366 122 24 connected
816 3367 24 23 in
851 3374 14 16 a
879 3366 68 24 small
962 3366 82 31 degree
1060 3367 55 24 with
1126 3367 38 24 the
1176 3369 90 23 abdica-

682 3399 47 24 tion
741 3401 28 27 is,
781 3399 50 24 that
842 3399 92 31 already
945 3400 38 23 the
995 3401 112 22 intention
1118 3401 26 23 of
1152 3401 38 24 the
1203 3402 64 32 King

682 3433 19 21 is
724 3433 132 23 announced
879 3437 23 19 to
924 3433 98 31 proceed
1044 3438 23 18 to
1085 3434 35 23 his
1138 3439 84 20 estates
1242 3437 24 23 in

683 3465 90 29 Silesia,
792 3470 22 19 to
837 3465 75 24 which
933 3466 28 23 he
980 3467 135 23 manifested
1137 3475 14 16 a
1169 3468 58 24 wish
1245 3473 21 20 to

682 3499 68 23 retire
762 3503 23 19 at
801 3499 39 23 the
858 3499 79 31 period
952 3499 68 23 when
1037 3500 38 23 the
1093 3501 111 31 marriage
1222 3510 44 16 was

682 3532 51 23 first
751 3531 88 32 spoken
935 3532 67 32 King
1019 3533 102 24 William
1138 3534 21 23 is
1176 3543 51 15 now
1243 3536 24 23 in

682 3565 37 23 his
730 3566 60 22 68th
804 3573 63 23 year,
879 3564 38 24 the
936 3566 84 23 Prince
1039 3566 24 24 of
1085 3567 93 30 Orange
1196 3569 21 23 is
1235 3571 31 22 48

682 3606 66 22 years
767 3598 45 23 old.
849 3598 51 23 The
918 3602 68 20 event
1005 3599 20 23 is
1042 3599 70 24 much
1126 3602 141 23 commented

682 3639 61 22 upon
755 3632 31 31 by
795 3632 40 23 the
846 3631 92 24 French
955 3639 91 24 papers,
1058 3641 26 15 as
1096 3633 37 23 the
1150 3634 84 25 Prince
1245 3635 25 23 of

684 3664 92 31 Orange
788 3665 19 23 is
821 3664 133 24 considered
972 3665 27 23 of
1013 3674 14 14 a
1044 3666 92 23 warlike
1155 3670 112 30 tempera-

683 3702 70 24 ment,
766 3698 44 23 and
820 3698 107 31 disposed
936 3702 22 19 to
969 3705 138 24 re-conquer
1117 3699 116 32 Belgium.

717 3731 132 29 Halifax,
871 3731 62 23 Oct.
958 3733 24 22 3.
990 3744 35 4 —
1033 3731 108 25 Change
1162 3742 32 15 of
1214 3735 50 23 Go-

684 3771 152 17 vernment.
838 3776 35 4 —
874 3764 46 23 His
948 3764 141 31 Excellency
1117 3766 150 25 Lieutenant-

684 3797 101 24 General
807 3797 39 24 Sir
865 3797 67 23 Colin
956 3797 120 32 Campbell
1098 3799 118 25 abdicated
1232 3801 35 24 his

684 3830 64 23 office
761 3839 28 14 on
804 3830 145 31 Wednesday
961 3830 52 30 last,
1025 3831 46 24 and
1082 3831 63 25 Lord
1155 3833 113 25 Viscount

685 3863 114 24 Falkland
821 3864 107 23 assumed
947 3864 40 24 the
1014 3871 148 25 government
1184 3867 25 24 in
1233 3867 34 24 his

685 3897 71 23 stead.
791 3896 51 24 The
854 3896 141 25 installation
1009 3898 25 23 of
1049 3898 35 24 his
1103 3899 102 32 lordship
1223 3909 45 15 was

685 3929 107 24 observed
806 3929 53 24 with
871 3930 121 31 becoming
1002 3939 68 23 pomp
1079 3932 42 23 and
1134 3933 121 30 formality.

540 50 98 30 THE
657 50 112 30 NEW
787 49 225 31 ZEALAND
1031 48 222 31 GAZETTE
1272 48 99 30 AND
1391 45 326 33 WELLINGTON
1740 45 294 33 SPECTATOR.

81 138 77 27 borne,
170 137 51 28 &c,
235 136 81 23 turned
329 141 38 18 out
379 144 13 15 a
405 143 53 23 very
466 134 46 24 dull
526 134 71 24 affair.
634 134 27 22 In

82 170 37 22 the
132 170 94 22 absence
239 170 23 22 of
279 170 64 22 other
354 169 86 30 gossip,
453 167 38 24 the
504 167 78 23 circles
590 166 26 23 of
625 171 36 18 ton

80 203 57 22 have
150 202 54 23 been
217 201 121 30 engrossed
355 201 54 23 with
425 208 28 15 an
466 199 82 31 iffaire
559 199 27 23 de
597 206 64 21 caeur,

80 234 96 31 namely,
196 235 38 22 the
252 234 126 30 elopement
397 233 25 22 of
443 241 13 15 a
474 232 95 30 wealthy
586 239 77 23 young

80 267 59 31 lady,
153 267 47 23 who
212 267 35 23 for
259 274 63 15 some
333 267 55 21 time
407 273 45 15 was
470 266 91 29 staying
579 269 23 17 at
620 272 42 14 one

81 300 25 23 of
127 300 37 23 the
183 299 80 28 hotels,
282 299 54 22 with
355 306 29 15 no
402 298 46 23 less
467 306 13 15 a
498 297 164 30 distinguished

78 340 83 23 person
173 332 53 23 than
239 332 40 22 her
290 331 94 23 father's
392 339 85 22 groom.
514 330 37 23 No
564 330 49 23 clue
621 330 40 22 has

80 370 37 25 yet
129 365 56 22 been
196 364 107 23 obtained
320 369 21 18 to
360 364 37 23 the
417 368 83 18 retreat
515 363 26 23 of
562 362 38 23 the
620 362 42 22 fair

80 398 101 29 fugitive.

111 429 298 24 Blackfriars-biudce.
411 441 35 4 —
446 428 50 24 The
518 427 80 30 bridge
616 434 44 16 was

79 462 85 30 opened
187 470 29 15 on
245 462 122 30 Thursday
390 462 34 23 for
450 461 37 23 the
514 467 96 24 passage
640 460 23 22 of

79 495 119 30 carriages.
235 495 51 23 The
294 495 164 30 improvement
469 493 72 23 which
552 492 41 23 has
604 493 57 22 been

78 527 93 23 effected
182 528 19 22 is
213 535 55 23 very
280 532 116 26 apparent.
432 526 49 23 The
490 530 76 19 ascent
578 526 19 22 is
609 532 52 23 very

78 560 87 30 trifling
174 560 65 24 when
259 560 120 31 compared
397 560 54 22 with
468 559 59 23 what
538 559 18 21 it
574 565 45 15 was
638 558 22 22 in

77 593 84 22 former
172 593 74 27 times,
258 593 45 22 and
322 593 38 22 the
373 592 66 23 relief
454 596 21 18 to
488 591 78 23 horses
578 590 45 23 will
633 591 28 22 be

77 631 61 17 most
149 626 110 22 valuable.
296 625 50 23 The
358 626 97 22 barriers
473 632 57 15 were
543 628 38 19 not
593 623 68 24 taken

77 666 62 22 away
152 659 33 22 till
196 659 44 22 five
252 658 96 27 o'clock,
361 666 25 14 so
407 658 49 22 that
473 657 38 23 the
531 661 64 26 great
613 664 48 15 ma-

75 690 70 31 jority
164 699 56 15 were
239 695 40 19 not
296 698 72 15 aware
390 690 24 23 of
430 690 37 23 the
486 690 104 30 opening,
609 689 51 29 and,

77 723 169 31 consequently,
266 723 39 23 the
326 723 73 23 traffic
422 730 44 16 was
490 730 54 23 very
566 723 93 30 trifling.

77 756 50 23 The
146 756 71 23 whole
236 756 26 23 of
277 756 38 23 the
334 756 59 30 piles
411 756 56 22 have
487 760 40 18 not
548 759 38 25 yet
604 755 57 23 been

75 789 71 23 taken
164 796 37 23 up,
216 789 43 23 and
275 789 59 23 until
352 789 50 22 tiiat
419 789 27 23 be
465 787 170 31 accomplished,
649 796 12 15 a

77 822 85 22 serious
179 821 148 31 impediment
345 826 22 18 to
387 822 38 23 the
442 821 129 30 navigation
583 820 26 24 of
623 821 38 23 the

77 855 59 22 river
155 854 45 23 will
218 856 95 22 remain.
357 854 50 23 The
426 854 102 29 roadway
544 854 39 22 has
605 854 56 22 been

76 887 74 22 raised
167 887 59 23 from
246 888 38 22 the
303 887 44 23 end
363 887 25 22 of
408 887 140 22 Earl-street
571 894 29 15 on
623 887 37 22 the

77 920 61 30 City,
151 920 43 22 and
205 920 58 23 from
277 920 196 24 Stamford-street
485 927 28 15 on
526 920 37 22 the
575 920 85 31 Surrey

77 953 55 22 side.
134 965 33 3 —
167 952 93 29 Sunday
274 953 81 28 Times,
371 952 96 23 October
478 954 23 21 4.

110 986 57 22 The
178 993 65 16 late
256 986 119 22 Murder
387 993 30 15 of
430 985 54 23 Mr.
496 984 161 24 Westwood.

75 1031 34 3 —
110 1018 50 23 The
183 1018 118 26 Observer,
325 1019 59 22 after
394 1019 101 29 noticing
506 1025 63 15 some
581 1018 25 23 of
620 1018 37 23 the

75 1055 76 19 recent
162 1052 103 22 murders
277 1052 24 21 in
313 1051 39 23 the
362 1051 131 30 metropolis
504 1050 99 23 hitherto
614 1059 43 15 un-

75 1083 137 29 discovered,
225 1092 61 22 says,
301 1084 13 11 ''
322 1084 45 23 We
379 1092 63 15 come
450 1088 53 18 next
510 1088 24 18 to
546 1083 37 23 the
594 1091 63 16 mur-

75 1117 38 23 der
126 1117 25 23 of
171 1116 48 24 Mr.
233 1116 137 29 Westwood,
395 1117 37 23 the
451 1116 158 29 watchmaker,
633 1117 24 23 in

75 1150 176 23 Princes-street
261 1158 6 19 ;
287 1150 44 22 and
350 1150 53 23 here
423 1150 45 22 also
487 1157 33 15 we
533 1157 41 15 can
586 1150 71 31 safely

74 1190 40 23 say
134 1183 47 22 that
199 1182 38 23 the
257 1183 69 22 crime
343 1190 45 15 was
401 1187 39 18 not
453 1182 24 23 of
485 1191 13 14 a
508 1182 149 31 professional

73 1215 59 23 thief
148 1223 24 15 or
190 1215 125 23 murderer.
352 1215 120 31 Believing
489 1215 50 23 that
557 1223 29 15 no
604 1223 52 24 pre-

70 1248 78 32 judice
166 1252 23 19 to
208 1248 38 23 the
266 1248 54 23 ends
333 1248 25 23 of
371 1249 83 31 justice
473 1256 41 15 can
532 1256 51 15 now
599 1250 57 22 arise

73 1282 59 22 from
143 1282 142 30 mentioning
296 1282 60 22 what
367 1282 42 22 has
427 1281 54 30 long
498 1282 59 22 been
573 1281 84 24 known

73 1319 23 18 to
108 1322 33 20 us,
162 1315 44 22 and
223 1322 33 15 we
273 1315 27 22 do
312 1319 40 18 not
363 1315 95 22 hesitate
470 1319 23 18 to
506 1322 40 23 say
558 1315 48 22 that
618 1315 38 23 the

72 1347 91 23 murder
176 1348 25 22 of
216 1347 48 23 Mr.
278 1348 137 28 Westwood,
428 1348 45 22 and
482 1348 97 30 robbery
587 1348 24 22 of
620 1348 36 23 his

72 1385 114 26 property,
199 1388 58 15 were
270 1381 129 22 committed
411 1381 30 30 by
449 1388 12 15 a
468 1388 53 15 man
527 1381 129 30 previously

74 1413 25 23 of
114 1413 151 30 unsuspected
278 1414 122 22 character.
437 1414 38 23 He
489 1414 59 22 lived
562 1414 59 22 close
633 1418 23 18 to

73 1446 49 23 Mr.
135 1446 136 28 Westwood,
286 1447 43 22 and
341 1454 52 19 was,
406 1454 34 15 we
451 1447 92 28 believe,
556 1447 50 22 well
617 1455 39 14 ac-

73 1479 105 30 quainted
190 1479 54 23 with
256 1479 54 23 him.
350 1480 38 23 He
400 1487 46 15 was
458 1487 68 15 never
533 1487 54 15 seen
599 1480 57 23 after

72 1511 38 24 the
122 1512 66 30 night
199 1512 26 23 of
238 1512 39 23 the
289 1513 97 28 murder,
400 1513 42 23 but
453 1513 17 23 it
477 1513 68 29 being
553 1513 35 23 his
600 1520 54 16 con-

73 1549 61 18 stant
146 1545 63 23 habit
219 1549 23 19 to
254 1553 30 22 go
303 1550 39 19 out
353 1549 23 20 to
392 1546 36 23 his
447 1545 63 24 labor
529 1545 61 31 (that
602 1546 25 24 of
641 1555 14 14 a

72 1577 99 32 painter)
185 1579 62 29 early
259 1579 25 21 in
295 1578 37 23 the
344 1579 112 30 morning,
473 1579 44 23 and
528 1583 39 19 not
577 1583 78 20 return

71 1611 59 23 until
141 1610 44 23 late
198 1616 23 18 at
232 1610 73 31 night,
318 1611 35 23 his
361 1619 196 23 non-appearance
567 1612 89 24 excited

72 1651 29 16 no
114 1644 121 31 suspicion.
273 1645 68 23 Some
364 1645 63 23 short
449 1646 52 22 time
525 1645 129 24 afterwards

72 1676 63 24 three
153 1685 24 15 or
195 1677 51 23 four
266 1677 101 24 children
385 1685 57 16 were
458 1678 71 23 heard
541 1680 79 29 crying
632 1684 22 18 at

72 1709 38 23 the
129 1710 53 22 door
202 1711 24 22 of
241 1710 39 23 the
298 1710 71 24 house
388 1711 25 23 in
428 1711 71 23 which
517 1711 37 23 the
566 1712 88 30 painter

71 1743 46 22 had
127 1743 97 24 resided.
260 1743 51 24 The
323 1744 138 30 neighbours
479 1744 111 31 inquired,
610 1745 44 23 and

70 1776 71 23 found
161 1776 49 23 that
230 1776 39 23 the
291 1777 113 23 wretched
423 1777 99 23 children
540 1777 45 23 had
596 1778 60 23 been

72 1809 100 24 deserted
196 1810 29 30 by
248 1809 55 23 both
321 1810 74 23 father
414 1810 44 23 and
469 1810 96 24 mother.
602 1810 51 24 The

70 1842 73 23 father
155 1842 127 24 absconded
294 1850 27 16 on
336 1843 37 23 the
385 1843 64 30 night
461 1843 25 23 of
501 1843 38 23 the
550 1844 101 29 murder,

70 1875 38 23 the
127 1875 87 24 mother
233 1883 56 15 soon
305 1876 59 23 after
371 1885 5 19 ;
397 1877 45 22 and
453 1877 37 22 the
503 1877 100 23 children
615 1885 38 15 are

69 1916 50 15 now
131 1909 22 22 in
165 1908 38 23 the
215 1909 77 31 parish
304 1909 143 24 workhouse.
484 1910 75 23 There
571 1911 19 23 is
602 1918 51 16 now

70 1941 114 23 abundant
201 1942 69 30 proof
285 1942 48 23 that
352 1943 45 22 this
416 1951 52 14 man
479 1950 47 16 was
538 1943 38 23 the
588 1951 64 15 mur-

70 1974 63 23 derer
145 1975 24 22 of
185 1974 130 23 Westwood
322 1983 5 19 ;
348 1976 45 21 and
404 1976 17 21 it
429 1983 72 15 seems
510 1976 81 22 almost
603 1984 50 14 cer-

70 2007 47 22 laiu
140 2007 49 23 that
211 2007 29 23 he
258 2007 45 23 had
322 2015 24 15 so
366 2008 69 22 timed
451 2008 38 23 the
506 2008 91 23 murder
609 2009 44 23 and

69 2040 95 30 robbery
186 2047 25 16 as
230 2044 22 19 to
272 2040 27 23 be
319 2040 49 23 able
387 2045 22 19 to
429 2041 41 22 sail
482 2041 38 23 the
531 2049 55 23 very
598 2047 55 18 next

69 2073 44 30 day
124 2073 34 23 for
169 2073 109 23 America
280 2086 30 3 —
312 2073 38 23 the
359 2074 49 23 wife
416 2074 102 23 followed
519 2087 32 3 —
552 2075 38 22 the
597 2082 56 24 poor

70 2105 99 24 children
181 2113 59 16 were
252 2106 41 23 left
306 2106 94 23 behind.

177 2174 160 24 FOREIGN
360 2176 181 23 SUMMARY.

2255 763 16 18 £
2293 769 16 11 s.
2334 764 18 17 d.
2408 764 16 17 £
2445 768 17 12 a.
2486 764 19 16 d.

1914 781 63 22 Ale:
1994 781 28 21 In
2031 782 78 27 bottle,
2124 783 113 27 perdoz..
2257 787 13 19 0
2286 786 25 20 12
2339 787 13 19 6
2370 799 19 6 ..
2408 788 13 19 0
2436 786 28 20 14
2490 787 14 19 0

1993 808 102 27 Taylor's
2253 811 14 21 7
2293 813 14 19 0
2335 813 50 19 0..
2404 812 13 22 7
2444 813 14 19 0
2486 813 14 19 0

1914 835 98 21 Arrack
2022 842 4 13 :
2043 835 42 21 Per
2094 836 75 26 gallon
2258 839 14 19 0
2298 839 14 19 3
2340 839 14 20 6
2371 852 5 6 .
2384 853 5 5 .
2408 841 14 19 0
2449 839 14 20 0
2490 843 14 19 0

1912 861 80 21 Bread
2001 868 5 14 :
2023 861 43 21 Per
2074 862 44 22 21b.
2131 862 49 22 loaf
2258 865 14 20 0
2299 865 15 20 0
2341 866 13 19 9
2371 879 5 5 .
2385 879 4 5 .
2408 867 14 19 0
2449 866 15 20 0
2490 867 15 19 0

1912 887 74 22 Beef:
2002 888 77 27 Fresh,
2100 896 89 14 carcase
2204 897 41 20 per

2030 914 24 22 lb
2257 918 13 20 0
2298 918 11 20 1
2340 919 14 20 0
2370 931 19 7 ..
2408 919 14 20 0
2450 919 11 19 1
2490 918 14 22 3

1912 941 94 22 Butter
2014 948 5 14 :
2036 941 65 27 Irish,
2110 950 40 19 per
2158 942 31 22 lb.
2221 957 5 6 .
2234 958 5 6 .
2258 945 14 20 0
2298 945 14 19 3
2342 946 13 20 0
2371 959 6 5 .
2385 958 5 6 .
2409 946 14 20 0
2450 945 14 21 0
2491 946 14 20 0

2035 968 68 23 Fresh
2258 972 14 20 0
2298 971 14 20 5
2340 973 50 19 0..
2408 973 15 20 0
2450 972 14 20 0
2491 973 14 20 0

1912 994 97 22 Brandy
2017 1002 5 14 :
2039 995 58 22 First
2104 995 92 29 quality,
2204 1004 40 20 per

2061 1022 75 27 gallon
2256 1025 13 21 0
2284 1025 27 21 12
2339 1027 14 19 0
2370 1039 6 6 .
2383 1039 6 6 .
2407 1025 56 21 014
2490 1026 14 20 0

1911 1048 86 22 Brown
2018 1049 74 22 Stout
2100 1058 5 13 :
2130 1049 114 23 Trueman

2149 1077 45 21 and
2201 1077 39 21 Co.
2256 1079 14 19 6
2284 1077 26 21 15
2339 1080 13 20 0
2369 1091 18 7 ..
2408 1077 13 23 7
2448 1079 14 19 0
2489 1079 15 20 0

1912 1102 87 22 Cigars
2006 1110 6 14 :
2023 1102 103 27 Manilla,
2135 1110 40 20 per
2181 1105 60 26 1000,
2256 1105 13 20 3
2284 1105 28 21 10
2339 1107 13 19 0
2369 1119 6 6 .
2382 1119 5 6 .
2406 1106 16 20 4
2448 1106 14 20 0
2490 1106 14 20 0

2020 1129 98 21 Inferior
2255 1132 14 20 2
2297 1133 13 19 0
2338 1133 49 20 0..
2406 1133 14 20 0
2448 1132 14 20 0
2489 1133 15 19 0

2022 1155 219 28 Havannah,perlb.
2255 1159 13 19 0
2283 1159 27 19 14
2338 1160 13 19 0
2368 1171 19 7 ..
2406 1160 14 19 0
2447 1159 14 19 0
2488 1159 14 20 0

2021 1182 126 22 Chinsurah
2256 1185 13 19 2
2284 1185 26 20 10
2338 1186 49 20 0..
2406 1186 14 20 0
2446 1185 14 20 0
2488 1186 14 20 0

2020 1208 155 23 Alexandrian
2189 1225 45 6 ....
2255 1212 10 19 1
2281 1212 28 20 10
2337 1213 82 19 0..0
2446 1212 14 20 0
2488 1213 14 20 0

1912 1235 87 21 Coffee
2007 1242 5 14 :
2023 1235 65 27 Java,
2099 1244 39 19 per
2146 1236 23 22 lb
2255 1239 14 19 0
2298 1239 9 19 1
2338 1239 13 20 0
2368 1252 7 6 .
2382 1252 5 6 .
2406 1239 14 20 0
2448 1239 11 19 1
2488 1239 14 21 3

1912 1262 89 21 Cheese
2009 1269 6 13 :
2030 1262 106 22 Cheshire
2255 1265 13 19 0
2297 1265 10 19 1
2337 1265 83 21 3..0
2449 1265 53 21 110

2029 1288 55 22 Pine
2096 1289 72 28 Apple
2255 1292 13 19 0
2298 1291 10 20 1
2337 1292 83 20 4..0
2446 1292 14 20 2
2488 1293 14 19 0

2027 1315 78 21 Dutch
2255 1319 14 19 0
2297 1318 10 20 1
2337 1319 14 20 0
2368 1332 19 6 ..
2405 1320 15 19 0
2448 1319 10 20 1
2488 1319 14 21 3

1911 1342 105 21 Candles
2024 1349 5 13 :
2037 1342 93 27 English
2139 1350 55 20 wax,
2202 1350 41 20 per

2055 1368 23 22 lb
2255 1372 13 20 0
2295 1371 14 21 2
2324 1372 26 20 10
2368 1385 19 6 ..
2406 1373 14 20 0
2446 1372 14 20 3
2488 1373 14 20 0

2041 1396 81 22 Mould
2253 1399 13 20 0
2296 1399 10 19 1
2337 1400 12 19 0
2368 1411 18 7 ...
2405 1400 14 20 0
2447 1399 11 20 1
2486 1400 16 20 4

2042 1422 56 27 Dips
2252 1426 13 20 0
2293 1426 14 20 0
2323 1426 25 20 10
2366 1439 18 6 ..
2403 1427 14 19 0
2446 1426 10 20 1
2486 1427 14 19 0

1912 1448 92 22 Flour:
2015 1449 130 28 lstquality,
2157 1453 83 24 perton

2034 1476 133 22 of2ooolbs
2237 1479 26 20 30
2293 1479 13 20 0
2335 1481 12 19 0
2366 1479 51 21 ..35
2444 1480 14 20 0
2486 1481 14 19 0

2009 1503 46 21 2nd
2065 1503 55 21 ditto
2240 1506 27 20 26
2294 1507 13 19 0
2335 1507 13 20 0
2366 1506 52 21 ..30
2444 1507 14 19 0
2486 1508 14 19 0

1910 1529 47 21 Gin
1964 1536 5 14 :
1991 1529 53 22 Pale
2253 1533 13 20 0
2293 1533 13 19 5
2335 1534 13 20 6
2366 1547 19 5 ..
2403 1534 14 19 0
2444 1533 14 19 9
2486 1535 14 19 0

1992 1556 63 27 Case,
2069 1558 14 20 3
2097 1557 86 26 gallons
2192 1559 46 21 4-5.
2255 1560 10 20 1
2295 1559 14 21 3
2337 1561 13 19 0
2368 1573 18 6 ..
2406 1560 10 20 1
2446 1559 13 21 8
2488 1561 13 19 0

1910 1582 69 22 Hams
1987 1590 5 14 :
2008 1583 128 28 Yorkshire,
2152 1592 39 19 per
2199 1585 24 21 lb
2232 1601 5 5 .
2253 1587 14 19 0
2295 1587 11 19 1
2336 1588 13 19 0
2367 1601 5 5 .
2380 1601 6 5 .
2404 1588 14 19 0
2447 1587 10 19 1
2488 1587 10 21 1

1910 1609 115 22 Mustard
2033 1618 4 12 :
2053 1610 43 22 Per
2106 1611 70 22 dozen
2255 1613 9 20 1
2295 1613 14 21 8
2337 1615 81 19 0..0
2446 1613 14 21 0
2488 1615 13 19 0

1910 1635 101 23 Mutton
2019 1644 6 14 :
2046 1637 93 22 Carcase
2149 1645 39 20 per
2197 1638 23 22 lb
2233 1655 4 5 .
2253 1641 14 19 0
2295 1641 10 19 1
2335 1641 14 19 0
2367 1655 4 5 .
2380 1654 5 5 .
2404 1641 13 19 0
2446 1640 11 20 1
2486 1641 14 20 2

1910 1663 122 21 Muskets:
2049 1663 92 23 Walnut
2147 1665 93 22 stocked
2254 1667 13 19 0
2282 1667 28 21 14
2336 1668 13 19 0
2367 1681 18 5 ..
2405 1667 11 21 1
2446 1667 12 20 8
2487 1669 13 19 0

1909 1690 67 21 Milk
1983 1707 4 3 .
2005 1690 42 22 Per
2054 1691 49 26 pint
2253 1695 14 18 0
2294 1695 14 19 0
2336 1694 81 20 7..0
2445 1695 13 19 0
2487 1695 14 19 0

1910 1716 43 22 Oil
1961 1724 4 13 :
1982 1716 104 28 Linseed,
2098 1725 38 20 per
2145 1718 75 27 gallon
2232 1721 34 19 .0
2293 1721 14 19 6
2335 1721 14 20 0
2367 1735 4 5 .
2380 1735 5 5 .
2404 1723 13 18 0
2446 1721 12 19 8
2486 1722 14 19 6

1983 1743 78 27 Black,
2067 1745 23 20 in
2096 1745 171 27 cask,perton2o
2295 1748 14 19 0
2336 1748 13 20 0
2368 1761 18 6 ..
2404 1749 13 19 0
2445 1748 14 20 0
2486 1749 14 19 0

1909 1770 77 22 Pork:
2002 1771 76 27 Fresh,
2096 1778 87 15 carcase
2200 1780 41 19 per

2027 1797 23 32 ]b
2253 1801 14 20 0
2294 1801 14 20 0
2335 1801 14 20 4
2367 1815 18 5 ..
2404 1803 13 19 0
2446 1801 13 20 0
2486 1803 14 19 0

1910 1823 63 21 Pork
1981 1831 5 13 :
2004 1824 64 26 Irish,
2080 1832 40 19 per
2128 1825 73 22 barrel
2215 1841 5 5 .
2228 1841 6 5 .
2252 1827 13 20 5
2294 1828 13 20 0
2335 1829 14 19 0
2366 1843 5 4 .
2379 1842 6 5 .
2404 1829 13 20 0
2445 1829 14 19 0
2487 1830 13 19 0

1910 1850 130 22 Potatoes:
2061 1851 56 22 New
2132 1851 107 28 Zealand,

2086 1882 87 23 perton
2251 1881 14 20 5
2293 1882 14 19 0
2336 1883 12 19 0
2367 1895 17 7 ..
2404 1883 12 20 6
2432 1883 26 19 10
2486 1883 13 20 0

1910 1904 93 22 Porter
2013 1912 5 13 :
2048 1904 101 28 Dunbar,
2161 1907 24 21 in
2192 1907 47 21 bot.

2077 1939 40 20 per
2127 1933 42 21 doz
2253 1935 55 20 012
2335 1936 13 20 0
2366 1950 5 5 .
2380 1949 5 5 .
2404 1937 12 19 0
2432 1936 27 20 14
2486 1937 14 19 0

1910 1957 98 23 Pickles
2020 1966 4 12 :
2056 1959 116 27 Assorted,
2201 1968 42 19 per

2083 1985 56 25 doz.,
2164 1991 77 22 quarts
2255 1989 10 19 1
2295 1989 14 20 8
2337 1990 13 19 0
2368 2002 19 6 ..
2408 1990 8 19 1
2434 1990 26 20 16
2488 1990 14 20 0

1910 2010 72 21 Pitch
1997 2017 5 14 :
2034 2010 137 29 Stockholm,
2201 2020 42 19 per

2060 2037 70 22 barrel
2256 2041 54 21 110
2337 2043 50 19 0..
2418 2042 43 21 20
2488 2043 14 19 0

1910 2063 94 21 Plank:
2032 2064 54 21 Port
2109 2065 132 28 Nicholson,

2060 2098 39 20 per
2109 2093 39 21 100
2157 2093 47 21 feet
2218 2108 4 5 .
2230 2108 6 5 .
2256 2095 10 20 1
2296 2095 13 20 5
2337 2097 13 19 0
2368 2109 6 6 .
2382 2109 5 5 .
2406 2096 9 20 1
2433 2096 27 20 10
2488 2097 14 19 0

2031 2118 121 27 Hokianga
2254 2122 13 20 2
2295 2123 13 19 5
2337 2123 81 20 0..2
2434 2123 26 20 10
2488 2123 13 19 0

1910 2143 70 22 Rice:
1993 2144 109 22 Common
2112 2153 39 20 per
2157 2149 49 19 cwt.
2218 2162 18 5 ..
2255 2149 13 19 0
2283 2149 28 20 14
2337 2150 14 20 0
2370 2163 17 6 ..
2408 2150 9 20 1
2447 2151 13 19 0
2488 2151 14 19 0

1992 2171 66 21 Good
2255 2175 10 20 1
2295 2176 14 20 4
2336 2177 14 19 0
2367 2190 18 6 ..
2406 2177 9 19 1
2434 2177 25 20 10
2486 2178 14 19 0

1910 2197 54 21 Rum
1972 2205 4 13 :
1995 2198 24 20 P.
2030 2198 26 21 B.
2069 2198 31 27 P.,
2116 2199 55 28 duty
2184 2201 56 26 free,

2019 2232 39 19 per
2067 2225 74 26 gallon
2255 2229 13 19 0
2297 2229 12 21 5
2337 2230 83 20 6..0
2435 2230 25 20 13
2488 2231 14 19 0

1910 2250 89 22 Sugar:
2015 2252 118 22 Mauritius
2143 2260 40 21 per
2190 2258 49 18 cwt.
2255 2255 13 21 2
2297 2257 13 19 0
2337 2257 14 19 0
2369 2270 18 5 ..
2405 2257 55 20 210
2488 2257 14 19 0

2018 2278 81 22 Brown
2255 2283 12 19 0
2296 2284 13 18 0
2337 2283 49 20 0..
2406 2283 52 20 115
2487 2284 13 19 0

2019 2305 97 22 Refined
2131 2306 53 27 loaf,
2202 2314 41 21 per

2045 2332 23 22 lb
2255 2337 13 19 0
2297 2337 13 19 0
2337 2337 14 19 8
2370 2350 17 6 ..
2405 2337 14 20 0
2447 2337 14 21 0
2488 2337 14 20 9

2019 2358 97 23 Manilla
2255 2363 10 19 1
2283 2363 26 20 13
2337 2364 13 20 0
2370 2377 4 5 .
2382 2377 5 5 .
2406 2364 11 20 1
2436 2364 24 20 18
2488 2364 14 20 0

1910 2385 58 21 Salt
1977 2392 5 14 :
1999 2385 126 29 Liverpool,
2136 2394 40 20 per
2185 2391 40 18 ton
2234 2404 5 6 .
2255 2390 12 19 6
2296 2391 14 19 0
2337 2391 13 19 0
2369 2404 5 6 .
2382 2404 5 6 .
2406 2391 13 20 8
2448 2392 12 20 0
2488 2392 13 19 0

1910 2412 58 20 Soap
1978 2420 5 13 :
2011 2412 102 23 Hawes's
2136 2414 104 27 London,

2036 2444 85 22 perton
2238 2443 29 21 42
2295 2445 14 19 0
2336 2445 14 19 0
2368 2445 51 20 ..50
2447 2445 13 20 0
2487 2445 14 20 0

1909 2465 92 22 Starch
2009 2473 5 14 :
2030 2466 44 22 Per
2081 2467 23 21 lb
2256 2471 13 19 0
2298 2471 11 20 1
2338 2471 14 20 9
2370 2484 5 6 .
2383 2485 5 5 .
2406 2472 15 20 0
2448 2471 13 21 2
2488 2472 14 20 0

1909 2493 144 21 Scantling:
2070 2494 42 22 Per
2119 2496 41 20 100
2168 2495 68 22 feet..
2257 2498 9 19 1
2297 2498 14 20 2
2338 2499 14 19 0
2370 2511 17 6 ..
2406 2499 11 19 1
2448 2498 12 20 5
2488 2499 14 20 0

1910 2519 128 23 Shingles:
2054 2521 43 21 Per
2105 2523 54 21 1000
2257 2525 8 19 1
2285 2524 25 20 15
2338 2526 14 19 0
2371 2539 18 5 ..
2406 2525 15 20 2
2448 2525 13 19 5
2489 2526 13 19 0

1909 2546 50 22 Tar.
1966 2554 5 14 :
1989 2547 53 21 Coal
2256 2551 54 21 115
2338 2552 83 20 0..0
2449 2552 13 20 0
2489 2553 13 19 0

1992 2574 129 22 Stockholm
2257 2579 55 20 110
2339 2579 82 20 0..2
2449 2579 13 20 0
2490 2580 13 19 0

1909 2599 62 23 Tea:
1990 2600 89 27 Hyson,
2090 2609 39 20 per
2139 2603 63 21 chest
2219 2606 51 20 ..8
2298 2606 14 20 0
2338 2606 14 20 0
2370 2606 49 20 ..11
2436 2606 24 20 11
2490 2607 13 19 0

1909 2627 106 22 Tobacco
2022 2636 5 13 :
2043 2628 142 29 Negrohead,
2203 2638 41 19 per

2069 2655 23 22 lb
2257 2659 13 20 0
2299 2659 10 20 1
2339 2660 13 19 0
2371 2672 18 6 ..
2408 2660 14 19 0
2450 2660 10 19 1
2490 2659 12 20 3

1910 2681 164 23 Turpentine:
2091 2683 42 21 Per
2138 2683 99 27 gallon..
2257 2686 13 20 0
2298 2686 13 20 8
2339 2686 14 20 6
2371 2700 18 6 ..
2408 2687 15 19 0
2450 2687 13 20 0
2490 2687 13 20 0

1910 2707 164 24 Whalebone:
2090 2709 90 23 Perton
2243 2713 28 20 90
2298 2714 14 19 0
2340 2714 14 19 0
2371 2714 65 19 ..100
2450 2714 14 20 0
2490 2714 14 20 0

1911 2734 81 22 Wine:
2009 2735 89 28 Sherry,
2110 2744 40 20 per
2158 2737 52 28 pipe
2220 2753 17 5 ..
2244 2739 26 21 28
2299 2741 13 20 0
2340 2741 14 19 0
2371 2741 53 20 ..40
2450 2741 14 20 0
2491 2741 13 19 0

2019 2763 72 28 Ditto,
2107 2771 40 20 per
2161 2763 81 23 dozen.
2257 2766 12 21 1
2298 2767 15 20 4
2340 2768 13 19 0
2372 2780 18 6 ..
2408 2767 15 20 2
2450 2768 14 19 0
2491 2768 13 19 0

1912 2815 122 23 Poultry:
2049 2817 80 28 Fowls,
2136 2825 40 20 per
2182 2819 62 26 pair.
2258 2822 14 19 0
2288 2821 26 20 10
2342 2822 14 19 0
2373 2834 19 6 ..
2410 2822 14 19 0
2439 2821 25 21 18
2491 2822 13 19 0

2048 2843 85 29 Ducks,
2144 2845 56 22 ditto
2221 2860 6 6 .
2234 2861 5 5 .
2258 2848 14 20 0
2288 2847 24 21 15
2341 2849 13 19 0
2373 2861 5 6 .
2386 2861 5 6 .
2410 2848 12 20 1
2450 2848 13 20 5
2491 2848 13 20 0

2049 2871 81 28 Geese,
2142 2872 55 21 ditto
2222 2887 5 6 .
2234 2888 6 5 .
2259 2875 11 20 1
2300 2874 12 20 5
2341 2876 14 19 0
2373 2888 5 5 .
2386 2888 4 6 .
2410 2876 13 19 0
2450 2875 14 20 0
2490 2875 14 19 0

2048 2897 102 29 Turkeys
2258 2907 61 16 none
2328 2900 24 22 in
2363 2900 37 23 the
2411 2900 93 23 market.

2049 2924 104 29 Pigeons,
2163 2926 80 28 (wild,)

2076 2960 40 20 per
2125 2953 48 27 pair
2260 2956 14 20 0
2302 2956 13 20 3
2342 2956 83 21 0..0
2451 2956 14 20 0
2491 2956 14 20 0

2048 2979 85 28 Ducks,
2143 2980 35 22 do.
2189 2980 52 23 do..
2260 2983 14 20 0
2302 2982 13 21 5
2344 2983 13 20 0
2374 2996 18 7 ..
2411 2984 14 20 0
2452 2983 13 20 0
2491 2982 14 20 0

1911 3005 64 21 Eggs
1982 3012 5 14 :
2003 3005 44 22 Per
2058 3005 71 23 dozen
2261 3010 14 19 0
2303 3010 13 20 6
2344 3011 48 19 0..
2411 3011 14 20 0
2452 3010 13 20 0
2491 3010 14 19 0

1912 3058 77 22 Cows:
2004 3058 73 22 Milch
2246 3062 27 21 25
2302 3064 13 20 0
2342 3064 15 20 0
2374 3064 51 21 ..30
2451 3064 13 20 0
2490 3063 14 20 0

1912 3085 97 22 Mares:
2025 3086 75 21 Brood
2244 3089 28 21 50
2300 3091 13 20 0
2341 3091 15 20 0
2373 3091 51 21 ..90
2451 3091 13 20 0
2490 3090 13 20 0

1912 3111 118 23 Working
2046 3113 133 22 Bullocks:
2203 3114 43 23 Per

1936 3139 51 26 pair
2245 3142 29 22 50
2301 3144 14 21 0
2342 3144 15 21 0
2374 3144 51 21 ..60
2451 3144 14 21 0
2495 3142 14 20 0

1912 3165 64 22 Hire
1987 3173 27 14 of
2025 3173 68 15 ditto
2100 3174 5 14 :
2121 3167 44 22 Per
2172 3168 51 28 day,
2233 3176 13 15 a

1938 3195 62 19 team
2009 3193 47 22 and
2063 3193 74 23 driver
2260 3198 11 20 1
2288 3198 28 21 10
2342 3199 15 20 0
2374 3212 6 5 .
2386 3212 5 6 .
2411 3198 14 21 2
2451 3198 14 21 0

1912 3219 89 22 Sheep:
2016 3219 62 23 Each
2257 3225 15 20 2
2300 3226 13 19 0
2341 3226 15 20 0
2372 3238 18 7 ..
2409 3226 22 23 2.
2450 3224 12 21 5

1987 3247 65 22 Hire
2056 3255 6 14 :
2076 3248 43 21 Per
2125 3248 50 35 day,
2181 3249 65 22 with-

2104 3279 41 18 out
2152 3274 74 24 hands
2237 3279 35 20 .0
2287 3279 27 21 10
2341 3280 15 21 0
2373 3292 6 7 .
2385 3293 5 6 .
2411 3280 10 20 1
2450 3279 14 20 0

1911 3326 89 24 Wages
2006 3335 5 14 :
2040 3328 140 29 Mechanics,
2206 3338 42 21 per

2067 3356 63 22 week
2260 3360 14 19 2
2289 3360 27 21 14
2342 3361 15 20 0
2375 3374 5 5 .
2386 3374 6 6 .
2411 3360 13 21 3
2451 3360 13 20 6

2050 3382 126 24 Labourers
2260 3387 12 20 1
2289 3388 25 20 10
2342 3388 14 20 0
2374 3401 18 6 ..
2410 3388 14 19 2
2450 3386 14 21 2

1914 127 70 21 THE
2012 128 92 21 HOPE
2131 128 131 21 COFFEE
2286 128 56 21 and
2366 128 138 21 EATING

2148 154 123 21 HOUSE.

1917 187 32 47 S
1982 186 87 22 MARS
2072 186 85 22 HALL
2171 187 54 26 begs
2243 187 64 21 leave
2326 190 23 18 to
2367 187 83 21 inform
2469 185 36 23 his

1957 224 9 10 •
1996 213 86 21 friends
2092 213 46 21 and
2146 213 38 21 the
2194 213 75 27 public
2279 213 23 22 in
2312 213 99 27 general,
2420 213 49 21 that
2472 213 33 21 Tie

1916 239 38 21 has
1964 239 87 27 opened
2060 239 38 21 the
2108 240 70 21 above
2187 239 78 28 house,
2273 240 45 22 and
2324 240 70 27 hopes
2403 240 31 24 by
2444 239 63 22 strict

1915 266 109 20 attention
2036 269 22 17 to
2068 272 109 20 economy
2187 266 45 22 and
2241 266 93 27 quality,
2352 267 49 21 that
2417 266 28 22 lie
2460 266 47 21 will

1914 292 87 21 receive
2011 299 14 14 a
2035 292 64 21 share
2109 292 27 22 of
2145 292 59 22 their
2213 296 99 23 support.

1942 324 48 22 Hot
2000 325 71 26 joints
2083 325 69 27 ready
2165 325 59 22 from
2238 326 27 21 12
2275 326 34 21 till
2318 327 21 20 2.
2368 325 57 22 Cold
2435 325 72 28 joints

1915 351 81 26 always
2006 351 77 26 ready.

2118 402 68 20 FOR
2203 403 97 24 SALE,

1914 434 74 47 AN
2004 434 185 22 EXCELLENT
2204 434 162 27 CANTEEN;
2387 435 74 22 would
2477 436 28 21 be

1992 460 75 22 useful
2077 464 22 18 to
2109 468 45 20 any
2164 468 42 14 one
2218 462 178 26 accompanying
2405 462 38 21 the
2453 462 53 22 Sur-

1916 494 85 19 veyors.
2031 487 99 27 Enquire
2140 491 23 17 at
2172 487 37 22 the
2248 488 95 21 Gazette
2380 488 78 21 Office.

2140 533 139 20 NOTICE.

1916 565 95 47 ANY
2029 572 81 20 person
2128 565 97 22 desirous
2243 566 28 21 of
2286 565 104 28 building
2406 573 30 14 on
2451 565 55 23 land

1993 591 117 28 adjoining
2120 592 36 21 the
2166 596 67 23 town,
2252 600 41 14 can
2304 600 94 20 procure
2408 593 54 21 land
2472 593 35 22 for

1916 617 36 21 the
1963 625 94 20 purpose
2065 619 47 22 free
2123 619 26 21 of
2158 622 57 24 rent,
2232 619 30 27 by
2278 619 108 28 applying
2395 622 26 19 to-
2428 619 78 22 James

1917 644 65 25 Watt,
1994 644 54 27 Esq.

1304 128 70 49 ON
1397 128 85 27 SALE,
1503 132 24 18 at
1545 127 37 23 the
1602 128 73 21 Stores
1695 128 26 21 of
1741 127 38 22 the
1797 127 89 22 Under-

1379 155 78 26 signed
1464 162 5 13 :—:
1470 165 30 5 —

1328 195 90 27 Pomy's
1428 195 81 22 Medoc
1519 194 76 27 claret,
1604 194 23 22 in
1639 201 67 20 cases,
1719 196 10 19 1
1742 194 48 22 doz.
1803 192 61 23 each.

1408 221 63 22 Ditto
1587 247 5 5 _
1608 221 55 21 ditto
1717 222 14 20 2
1768 220 62 21 ditto.

1328 247 61 27 Very
1398 248 100 26 superior
1505 250 52 24 port
1566 247 62 26 wine,
1641 247 55 22 ditto
1717 249 15 19 3
1768 247 62 21 ditto.

1408 274 64 21 Ditto
1608 274 62 26 ditto,
1680 274 23 21 in
1715 277 91 29 quarter
1815 272 70 22 casks.

1328 300 81 26 Sherry
1409 312 27 3 —
1437 300 83 27 brown,
1539 299 60 28 gold,
1617 300 57 28 pale,
1694 294 39 27 old
1754 300 85 26 brown,
1862 299 24 21 in

1304 330 86 24 quarter
1400 326 70 21 casks.
1893 324 2 24 I

1329 353 96 26 Brandy,
1436 353 23 20 in
1470 359 62 16 cases
1542 353 25 21 of
1578 354 11 19 1
1601 353 47 21 doz.
1660 352 62 22 each.

1410 379 62 22 Ditto
1581 380 13 19 3
1632 379 62 26 ditto,
1893 385 2 21 |

1329 406 67 26 Rum,
1411 405 23 21 in
1449 405 65 22 hhds.
1530 405 26 22 of
1565 406 27 21 43
1601 405 93 27 gallons.
1893 409 2 24 j

1410 432 62 21 Ditto
1567 433 28 20 47
1630 432 63 21 ditto.

1330 458 51 25 Gin,
1392 457 51 22 half
1453 465 68 18 cases,
1534 460 9 20 1
1556 459 70 21 dozen
1637 458 61 22 each.

1328 485 102 26 Taylor's
1438 488 65 23 stout,
1516 485 21 21 in
1550 485 69 21 wood.

1346 511 63 21 Ditto
1436 511 50 26 pale
1497 511 41 26 ale,
1552 511 62 22 ditto.

1347 537 62 21 Ditto
1437 540 66 24 stout,
1514 538 23 21 in
1544 537 76 26 bottle,
1633 538 62 22 casks
1702 538 26 21 of
1734 539 13 21 3
1756 537 48 22 doz.
1813 537 63 22 each.

1329 563 174 22 Hebblewhite's
1513 566 65 25 stout,
1590 564 54 22 ditto
1755 564 63 22 ditto.

1374 589 63 22 Ditto
1513 590 41 27 ale,
1589 591 54 21 ditto
1753 591 63 21 ditto.

1571 624 107 21 Richard
1688 624 88 26 Baker,

1516 656 126 23 Wholesale
1653 657 65 22 Wine
1729 656 126 24 Merchant.

1326 688 144 28 Wellington,
1482 690 53 21 Feb.
1547 692 33 24 18,
1592 692 59 20 1841.

1448 744 82 21 NEW
1545 745 189 20 ARRIVALS.

1302 777 100 49 DS.
1418 777 75 23 DURI
1500 778 17 21 E
1526 778 42 21 and
1580 778 44 22 CO.
1636 778 57 22 have
1702 778 104 22 received
1810 779 30 26 by
1848 777 37 22 the

1357 815 10 11 •
1398 804 65 22 latest
1472 805 92 21 arrivals
1571 812 35 13 :—

1362 845 86 15 STRONG
1459 845 98 15 ENGLISH
1569 846 74 18 SHOES,
1656 846 59 14 CORK
1724 846 96 19 BUTTER,

1326 866 76 26 Sperm
1418 864 44 22 and
1477 864 65 22 black
1557 865 35 26 oil,
1611 865 61 22 York
1687 865 46 22 and
1748 865 138 27 Westphalia

1299 891 69 26 hams,
1378 892 106 21 molasses
1490 899 5 19 ;
1515 891 98 27 English,
1625 892 82 26 Dutch,
1724 892 46 21 and
1784 892 101 21 Colonial

1299 918 77 21 cheese
1383 925 5 19 ;
1404 918 78 21 basket
1491 918 49 26 salt,
1556 918 57 22 Bath
1627 918 80 26 bricks,
1724 918 101 28 superior
1837 921 47 19 teas

1298 945 22 20 in
1340 944 114 28 packages,
1475 945 62 27 lump
1556 945 45 21 and
1618 945 44 22 soft
1681 952 83 20 sugars,
1785 945 101 27 superior

1300 970 92 22 Manilla
1402 972 76 26 cigars,
1489 971 61 28 palm
1561 979 48 14 wax
1619 971 98 28 candles,
1725 971 105 22 Windsor
1839 972 46 22 and

1298 998 84 21 marine
1392 1005 61 20 soap.

1460 1031 71 15 FRESH
1543 1032 88 15 BUTTER
1643 1033 77 14 DAILY.

1326 1057 144 28 Wellington,
1482 1058 82 22 March
1574 1060 32 25 12,
1618 1060 61 20 1841.

1341 1111 145 21 THOMAS
1500 1113 75 20 AND
1590 1113 143 20 SAMUEL
1748 1113 91 21 COOK

1297 1145 90 48 BEG
1397 1148 22 19 to
1429 1146 81 21 inform
1521 1146 36 21 the
1567 1146 82 28 public,
1660 1146 49 22 that
1723 1146 85 28 having
1823 1154 60 14 com-

1371 1172 74 27 pleted
1463 1173 58 21 their
1543 1174 113 21 extensive
1676 1173 207 22 weather-boarded

1296 1199 69 26 Store,
1375 1198 54 28 they
1438 1198 57 22 have
1513 1206 67 20 every
1596 1200 151 21 convenience
1764 1200 35 21 for
1815 1207 68 14 ware-

1296 1225 94 27 housing
1399 1225 75 27 goods,
1486 1229 23 18 at
1519 1233 12 14 a
1540 1233 54 20 very
1603 1226 114 22 moderate
1728 1226 89 27 charge.

1322 1258 111 22 Lambton
1443 1259 73 27 Quay,
1527 1259 145 28 Wellington,
1686 1259 52 23 Jan.
1749 1261 34 26 29,
1794 1261 61 21 1841.

1359 1309 94 22 ESSRS.
1490 1309 159 29 WALLACE,
1689 1311 114 27 WHITE,
1837 1311 46 22 and

1385 1336 153 22 WALLACE
1552 1337 56 21 have
1624 1345 28 14 on
1663 1337 53 27 sale,
1728 1345 28 15 an
1768 1339 114 21 extensive

1295 1365 133 19 assortment
1435 1363 23 21 of
1470 1370 65 20 guns,
1545 1363 80 23 double
1634 1364 43 22 and
1685 1364 72 27 single
1763 1365 117 27 barrelled,

1295 1393 55 23 pots,
1369 1389 87 27 kettles,
1476 1398 129 19 saucepans,
1627 1391 41 21 flat
1684 1391 68 26 irons,
1775 1392 107 27 crockery

1295 1423 63 19 ware,
1379 1417 133 26 carpenters'
1533 1417 56 22 tools
1608 1417 24 22 of
1653 1425 67 20 every
1739 1418 141 27 description,

1295 1442 140 27 agricultural
1451 1443 148 28 implements,
1617 1445 48 26 &c,
1683 1445 73 21 which
1773 1445 54 27 they
1844 1452 37 15 are

1294 1469 79 26 selling
1383 1473 23 17 at
1416 1471 146 27 exceedingly
1572 1470 42 22 low
1623 1471 79 28 prices,
1714 1475 22 18 at
1743 1471 58 22 their
1810 1473 69 26 Store,

1294 1502 54 15 near
1357 1496 31 22 Te
1398 1497 47 21 Aro
1456 1497 57 21 Flat.

1498 1552 69 20 FOR
1582 1552 92 27 SALE,

1349 1584 63 21 OOD
1423 1584 84 28 sherry,
1518 1584 24 21 in
1553 1589 90 23 quarter
1651 1585 71 22 casks.

1296 1608 52 23 \JT
1375 1611 111 27 Crockery
1497 1612 45 21 and
1550 1614 123 19 iron-stone
1685 1619 64 15 ware.

1321 1636 121 28 Eight-day
1452 1638 44 21 and
1507 1638 75 21 Dutch
1594 1638 80 22 clocks.

1320 1664 101 26 Fowling
1430 1664 80 27 pieces,
1520 1665 104 26 muskets,
1637 1666 44 21 and
1690 1666 128 21 umbrellas.

1321 1690 104 27 Cooper's
1435 1698 65 20 ware,
1512 1692 54 21 such
1576 1699 23 14 as
1608 1692 101 28 buckets,
1721 1692 90 28 churns,
1822 1693 58 27 tubs,

1294 1717 112 27 kneading
1415 1717 98 27 troughs,
1526 1719 40 20 &c.
1576 1720 39 20 &c.
1627 1720 39 20 &c.

1320 1744 96 22 Brushes
1428 1744 25 21 of
1464 1744 30 22 all
1503 1744 73 22 kinds.

1531 1779 26 21 T.
1569 1779 32 22 M.
1613 1779 135 23 Partridge
1759 1781 45 21 and
1815 1781 38 22 Co.

1514 1833 146 21 TIMBER.

1295 1858 181 48 SEASONED
1487 1859 86 27 boards,
1586 1861 9 19 1
1606 1861 39 26 in.,
1658 1861 10 24 |
1679 1860 40 27 in.,
1728 1861 45 21 and
1784 1863 10 24 1
1806 1861 30 22 in.

1375 1885 105 23 Weather
1489 1887 87 21 boards.

1374 1912 116 27 Scantling
1500 1913 26 21 of
1536 1913 30 21 all
1576 1913 63 23 sizes.

1373 1939 98 28 Norway
1482 1940 67 22 deals.

1375 1965 100 23 Battens.

1373 1993 27 19 50
1410 1993 58 25 pairs
1478 1992 87 22 French
1575 1993 111 27 windows,
1698 1997 43 18 two
1752 1995 63 21 sizes.

1375 2018 124 22 Pannelled
1508 2019 72 22 doors.

1510 2052 26 22 T.
1554 2053 31 22 M.
1602 2052 136 24 Partridge
1754 2054 45 22 and
1813 2056 40 21 Co.

1294 2085 193 28 Manners-street,
1497 2086 145 29 Wellington,

1343 2115 32 19 Ist
1384 2113 131 26 December,
1528 2115 59 21 1840.

1294 2167 87 47 FOR
1399 2167 85 26 SALE,
1505 2174 14 14 a
1536 2168 65 22 small
1617 2169 104 26 quantity
1738 2170 27 20 of
1782 2171 99 24 superior

1366 2194 76 22 SEED
1458 2194 122 22 WHEAT.
1609 2195 77 28 Apply
1702 2199 23 18 to
1743 2196 45 21 Mr.
1804 2197 77 21 James

1295 2219 66 26 Watt,
1371 2221 145 26 Wellington.

1295 2273 86 48 FOR
1404 2274 85 27 SALE,
1510 2282 14 14 a
1542 2276 102 27 quantity
1661 2276 25 22 of
1707 2276 56 22 OIL
1777 2277 102 21 BUTTS.

1365 2301 74 27 Apply
1452 2306 22 16 to

1463 2335 130 28 Ridgways,
1607 2336 106 27 Guyton,
1725 2337 45 21 and
1780 2337 73 21 Earp.

1294 2391 35 47 J
1361 2390 148 22 CANNING
1523 2391 45 21 and
1582 2391 28 22 R.
1629 2391 141 28 HARVEY,
1788 2393 93 21 Cabinet

1334 2428 9 10 •
1375 2417 44 21 and
1437 2418 172 26 Chair-makers,
1633 2419 188 27 Lambton-quay,
1843 2419 38 21 ad-

1291 2444 88 26 joining
1390 2444 88 22 Dime's
1489 2445 80 25 Stores,
1585 2445 44 26 beg
1640 2449 22 18 to
1672 2445 82 22 inform
1763 2446 37 21 the
1816 2445 65 22 inha-

1296 2470 80 22 bitants
1383 2471 25 21 of
1413 2471 137 27 Wellington
1557 2471 47 22 that
1611 2472 52 27 they
1672 2472 57 22 have
1736 2473 143 21 commenced

1294 2497 100 22 business
1411 2498 23 20 in
1453 2498 38 21 the
1511 2498 69 22 above
1601 2499 52 26 line,
1674 2499 45 21 and
1737 2499 142 27 respectfully

1295 2524 71 21 solicit
1382 2531 12 14 a
1409 2524 65 22 share
1491 2525 26 21 of
1535 2525 36 21 the
1586 2525 74 27 public
1677 2530 122 23 patronage
1810 2534 5 19 ;
1837 2527 42 21 and

1287 2551 72 21 'n-ust,
1359 2552 30 26 by
1399 2552 129 27 combining
1545 2552 77 22 liberal
1638 2553 71 26 prices
1726 2553 45 21 and
1786 2557 94 23 punctu-

1295 2578 60 27 ality,
1371 2582 23 17 to
1409 2578 51 26 give
1477 2578 137 22 satisfaction
1634 2583 22 17 to
1673 2579 63 22 those
1752 2579 128 28 gentlemen

1295 2604 48 22 who
1354 2612 52 20 may
1415 2605 63 21 favor
1488 2605 61 22 them
1559 2605 52 22 with
1621 2605 83 23 orders.

1321 2638 47 21 P.S.
1371 2649 28 4 —
1401 2638 85 28 Sashes,
1507 2639 118 27 pannelled
1645 2640 72 27 doors,
1738 2640 49 28 &c,
1806 2640 73 28 made,

1295 2665 43 22 and
1346 2665 110 22 furniture
1466 2666 107 27 repaired.

1375 2720 92 21 JOHN
1490 2721 124 25 LODGE,
1635 2722 164 25 BUILDER,

1295 2754 106 48 BEGS
1415 2758 24 17 to
1449 2755 80 21 inform
1542 2755 36 22 the
1588 2755 138 23 inhabitants
1736 2756 27 22 of
1773 2756 110 27 Welling-

1357 2785 45 22 ton,
1414 2781 48 22 that
1471 2782 84 27 having
1564 2783 56 21 been
1631 2790 69 19 many
1709 2790 66 19 yeai's
1782 2784 101 27 engaged

1295 2816 23 13 as
1328 2808 100 21 foreman
1438 2808 23 22 in
1476 2809 37 21 the
1529 2809 96 22 erection
1643 2809 25 22 of
1683 2809 118 28 buildings,
1820 2810 28 22 he
1863 2810 20 22 is

1295 2842 48 14 now
1353 2835 109 26 prepared
1472 2839 21 18 to
1504 2836 64 22 make
1578 2836 64 27 plans
1656 2837 47 21 and
1719 2837 114 21 estimates
1848 2837 35 22 for

1295 2869 43 19 any
1348 2861 134 28 description
1496 2863 26 21 of
1537 2863 116 28 buildings,
1672 2863 45 22 and
1734 2868 93 18 execute
1844 2864 39 22 the

1294 2895 60 15 same
1364 2895 29 14 on
1402 2889 131 22 reasonable
1543 2893 75 24 terms,
1630 2890 53 22 with
1691 2890 60 28 good
1759 2890 124 23 workman-

1295 2915 54 27 ship.

1321 2942 56 21 N.B.
1379 2953 27 4 —
1407 2943 21 21 A
1444 2943 94 22 wooden
1554 2943 70 23 house
1641 2946 22 20 to
1680 2943 29 23 be
1729 2943 104 28 disposed
1853 2945 28 26 of,

1293 2969 53 22 20ft.
1357 2969 30 27 by
1397 2970 52 22 14ft.

1320 2995 122 23 Thorndon
1454 2997 72 28 Quay,
1538 2996 51 23 Jan.
1599 2999 35 26 21,
1646 2998 63 22 1841.

1439 3051 169 21 GENERAL
1624 3053 119 20 STORE.

1295 3083 91 48 MR.
1401 3083 144 22 TELFORD
1558 3084 84 27 having
1655 3086 103 27 recently
1769 3086 65 21 made
1845 3093 39 15 ex-

1385 3110 86 21 tensive
1487 3110 126 29 purchases,
1633 3112 53 27 begs
1697 3115 22 19 to
1729 3120 120 14 announce
1859 3116 23 19 to

1294 3136 33 22 his
1336 3136 85 23 friends
1431 3136 49 22 that
1488 3136 29 23 he
1527 3137 39 22 has
1576 3146 30 14 on
1616 3139 54 27 sale,

1321 3163 185 23 HARDWARE
1521 3164 27 22 of
1557 3165 37 22 the
1604 3165 49 22 first
1662 3166 93 27 quality,
1765 3166 119 29 including

1293 3198 14 14 a
1315 3193 63 24 great
1385 3190 87 28 variety
1481 3191 26 22 of
1517 3192 64 22 nails.

1321 3217 102 22 FLOUR
1434 3218 27 21 of
1472 3218 48 22 first
1529 3219 44 21 and
1583 3219 84 22 second
1677 3220 93 27 quality.

1322 3244 214 23 GROCERIES.—
1536 3246 52 27 Tea,
1604 3253 84 20 sugars,
1707 3246 76 28 coffee,

1294 3278 61 20 soap,
1366 3271 98 27 candles,
1474 3272 54 26 rice,
1543 3280 65 20 curry
1623 3273 98 28 powder,
1738 3272 86 29 pickles
1839 3275 46 21 and

1295 3305 83 19 sauces,
1389 3298 110 26 spiceries,
1510 3299 40 21 &c.

1321 3324 100 22 WINES
1435 3324 68 23 AND
1514 3326 156 22 SPlßlTS.—
1670 3326 93 22 Besides
1772 3327 38 23 the
1820 3327 65 23 usual

1295 3351 78 27 supply
1384 3351 25 22 of
1419 3352 70 21 wines
1498 3352 46 21 and
1553 3353 79 27 spirits,
1646 3353 64 22 there
1719 3354 21 21 is
1749 3361 13 14 a
1771 3354 113 22 consider-

1295 3378 48 21 able
1350 3378 103 28 quantity
1457 3378 25 21 of
1491 3378 87 23 Scotch
1586 3379 114 23 Whiskey
1709 3388 5 20 ;
1726 3380 47 22 and
1778 3388 13 14 a
1797 3381 89 23 limited

1295 3405 101 27 quantity
1406 3405 27 22 of
1443 3405 116 22 Colonial
1570 3406 123 22 Whiskey.

1321 3432 96 21 BOOTS
1432 3432 69 21 AND
1516 3432 137 22 SHOES.—
1653 3434 75 22 There
1736 3434 41 22 has
1783 3435 60 22 been
1850 3442 34 15 re-

1295 3458 77 22 ceived
1390 3466 13 13 a
1422 3459 104 27 quantity
1547 3460 26 21 of
1593 3460 140 28 Wellington
1756 3461 64 23 boots
1839 3462 46 22 and

1295 3485 113 22 Warren's
1414 3485 115 27 blacking.

1321 3512 172 22 BLANKETS.
1494 3524 32 5 —
1527 3512 69 22 Fresh
1611 3513 93 23 arrivals
1719 3514 59 23 have
1787 3522 64 16 come
1862 3519 23 19 to

1295 3538 61 23 hand
1364 3539 25 22 in
1398 3540 38 20 8-4
1446 3539 45 22 and
1500 3541 57 26 11-4,
1576 3540 26 21 of
1614 3541 91 23 various
1720 3541 103 28 qualities
1840 3543 45 21 and

1295 3566 78 28 prices.

1321 3592 299 23 HABERDASHERY.—
1620 3594 74 22 There
1709 3594 20 22 is
1744 3602 13 14 a
1766 3595 70 22 select
1845 3596 41 22 but

1294 3619 87 22 limited
1405 3620 104 28 quantity
1533 3627 28 15 on
1586 3620 69 28 hand,
1678 3615 118 34 inducing
1814 3625 70 26 tapes,

1296 3646 94 26 threads,
1402 3644 67 24 black
1479 3646 46 22 and
1539 3647 105 22 coloured
1659 3655 88 15 sewing
1762 3656 63 14 silks
1840 3652 46 20 and

1296 3673 63 27 twist,
1382 3674 95 26 darning
1496 3677 82 24 cotton,
1597 3674 98 27 needles,
1714 3675 83 28 combs,
1819 3675 67 24 India

1295 3700 42 21 silk
1345 3700 44 21 and
1397 3703 75 18 cotton
1480 3700 180 28 handkerchiefs,
1668 3701 86 28 braces,
1763 3702 40 22 &c.

1321 3726 156 23 DRAPERY.
1479 3739 31 4 —
1510 3727 75 22 White
1606 3731 77 19 cotton
1705 3728 103 28 shirting,
1827 3733 61 19 stout

1295 3754 142 21 unbleached
1450 3757 83 25 cotton,
1547 3754 60 22 40in.
1622 3754 64 28 wide,
1704 3758 76 20 cotton
1796 3756 89 29 checks,

1296 3780 55 22 dark
1361 3781 78 27 prints,
1451 3781 40 22 &c.
1503 3782 40 21 &c.

1322 3807 54 22 OIL
1398 3808 69 22 AND
1491 3808 143 22 LAMPS.™
1634 3808 55 22 This
1705 3809 68 23 latter
1791 3809 42 23 has
1851 3818 36 15 re-

1296 3834 78 22 ceived
1383 3842 28 14 an
1422 3835 100 21 increase
1532 3835 25 21 of
1568 3835 37 22 the
1615 3835 50 22 best
1679 3836 87 28 quality
1781 3837 50 23 that
1846 3837 42 23 has

1296 3864 38 25 yet
1343 3862 58 21 been
1411 3862 84 22 offered
1503 3862 25 22 in
1538 3862 37 22 the
1586 3863 94 27 Colony.

1322 3888 72 22 There
1403 3889 42 21 has
1455 3889 46 21 also
1513 3896 62 15 come
1586 3893 22 18 to
1627 3889 62 23 hand
1706 3898 14 14 a
1735 3891 66 22 small
1815 3891 33 23 lot
1864 3892 27 22 of

1296 3918 66 19 straw
1380 3915 57 24 hats,
1464 3916 47 22 sou'
1537 3919 94 24 westers,
1656 3917 80 23 Scotch
1757 3925 59 21 caps,
1839 3926 49 15 um-

1297 3942 86 26 brellas,
1396 3943 39 20 &:c.
