2569 3999
104 3647 43 26 But
158 3651 125 33 admitting,
297 3654 48 24 Mr.
358 3654 92 29 Editor,
464 3655 49 23 that
524 3655 95 25 distress
619 3669 33 4 —

76 3686 75 25 severe,
170 3691 101 26 pungent
288 3687 95 24 distress
385 3700 33 5 —
419 3688 20 23 is
461 3689 149 30 experienced
629 3693 23 20 at

76 3713 50 24 New
137 3716 105 32 Zealand,
254 3720 38 24 the
309 3725 57 19 next
385 3721 105 30 question
511 3721 110 25 demands
640 3731 12 15 a

74 3746 131 33 solution,—
205 3752 85 26 Would
308 3754 19 23 it
348 3754 29 23 be
396 3754 44 23 fair
459 3762 25 15 or
503 3754 147 31 honourable,

74 3779 48 24 wise
133 3791 23 14 or
179 3786 125 30 expedient,
306 3800 34 4 —
340 3787 76 25 would
438 3787 19 23 it
473 3787 128 32 ultimately
626 3789 25 23 be

74 3819 49 18 even
135 3815 32 25 for
174 3818 35 23 the
222 3819 124 33 advantage
358 3821 24 24 of
393 3820 38 23 the
443 3820 124 31 emigrants
576 3822 74 23 them-

75 3845 72 30 selves,
160 3858 23 16 or
199 3852 24 23 of
240 3861 39 15 our
296 3854 76 24 fellow
384 3853 92 24 settlers
494 3854 62 29 here,
568 3859 23 19 to
610 3863 40 15 en-

74 3884 87 28 courage
179 3884 57 25 their
258 3888 98 23 removal
384 3892 23 19 to
426 3887 45 22 this
498 3887 98 31 colony?
622 3888 27 23 In

142 3919 18 17 In
173 3917 42 24 this
227 3921 111 27 question,
350 3921 10 21 I
374 3920 96 23 hesitate
483 3925 38 18 not
535 3925 21 18 to
570 3926 78 20 assert,

682 487 2 23 !
690 487 49 24 that
749 489 19 22 it
780 489 74 22 would
866 494 38 18 not
915 489 29 23 be
962 489 43 24 fair
1023 498 26 15 or
1066 491 138 24 honourable
1216 497 22 18 to
1250 492 29 23 do

690 529 32 15 so.
760 520 78 25 Those
848 521 51 24 who
910 522 114 31 projected
1040 524 37 22 the
1096 525 148 23 colonization
1257 525 24 23 of

690 553 58 24 New
770 554 101 24 Zealand
895 562 37 16 are
961 563 41 16 our
1030 561 149 27 countrymen
1189 567 6 19 ;
1224 557 53 29 and,

689 586 105 24 however
817 587 78 24 selfish
913 588 45 23 and
975 590 110 30 grasping
1102 591 74 30 might
1193 591 27 23 be
1240 590 38 24 the

690 621 96 22 motives
799 619 25 24 of
841 628 61 16 some
920 621 26 23 of
962 621 37 23 the
1011 623 140 29 speculators
1170 624 47 23 who
1237 631 41 15 en-

689 652 74 32 gaged
783 654 25 22 in
829 653 49 23 that
896 654 97 28 scheme,
1014 663 69 22 many
1101 656 27 23 of
1143 656 60 24 them
1221 656 57 23 have

690 685 117 24 doubtless
826 686 122 24 embarked
960 688 23 22 in
994 689 18 22 it
1033 688 59 24 from
1103 689 79 24 nobler
1201 691 75 22 views.

690 719 66 31 They
768 724 63 18 must
842 719 56 24 have
910 727 53 16 seen
976 720 48 24 that
1041 729 55 16 soon
1109 722 56 23 New
1177 722 101 24 Zealand

690 757 62 18 must
763 752 56 23 have
832 752 69 24 fallen
913 761 12 15 a
936 761 56 24 prey
1005 760 21 17 to
1042 762 62 16 some
1117 755 26 23 of
1153 756 36 23 the
1202 755 76 24 Euro-

688 793 59 23 pean
758 793 96 23 powers,
868 786 43 23 and
922 786 55 32 they
985 786 86 32 judged
1092 789 18 22 it
1128 788 51 24 best
1195 789 32 23 for
1239 788 39 23 the

689 819 107 23 interests
817 819 26 23 of
859 819 118 32 humanity
989 821 49 22 that
1057 822 17 22 it
1092 821 82 23 should
1192 822 86 23 receive

690 851 37 23 the
739 852 55 23 laws
807 852 43 23 and
862 852 95 31 religion
970 853 25 22 of
1006 853 117 31 England,
1136 854 75 24 rather
1223 854 55 23 than

689 884 65 24 those
766 886 25 21 of
801 892 44 24 any
857 885 63 23 other
937 893 75 24 power
1021 895 6 19 ;
1049 886 42 24 and
1111 887 101 31 possibly
1224 887 53 30 they

688 918 74 29 might
774 918 123 30 anticipate
909 919 37 22 the
958 919 54 22 time
1024 919 65 22 when
1104 920 56 23 New
1167 920 110 28 Zealand,

688 950 105 23 civilised
815 951 44 22 and
887 951 165 28 christianised,
1075 952 75 31 might
1177 953 101 24 combine

689 982 53 23 with
756 982 38 24 the
806 983 65 23 other
882 983 133 24 Ausiralian
1029 984 106 24 Colonies
1149 986 23 23 in
1186 986 91 31 wafting

688 1014 39 23 the
746 1015 46 23 tide
811 1016 25 23 of
852 1016 110 23 Britain's
980 1016 55 24 laws
1053 1018 44 22 and
1116 1019 94 31 religion
1226 1027 54 16 over

688 1047 101 24 Eastern
801 1048 65 29 Asia,
881 1056 50 16 over
945 1049 81 30 China,
1040 1049 75 30 India,
1129 1053 43 22 and
1191 1053 86 28 Persia,

689 1080 152 32 annihilating
853 1082 23 22 in
888 1083 28 22 its
928 1089 107 24 progress
1047 1084 38 22 the
1097 1084 181 25 double-headed

688 1119 109 24 monster,
826 1115 125 23 barbarism
979 1116 45 23 and
1052 1119 154 29 superstition,
1234 1119 44 22 and

688 1154 69 16 never
768 1148 89 30 resting
868 1148 34 23 till
913 1149 19 22 it
951 1148 69 24 found
1033 1157 12 15 a
1059 1152 119 29 congenial
1193 1153 85 29 resting

688 1180 64 30 place
764 1181 24 23 in
800 1180 38 24 the
857 1181 108 23 northern
982 1181 152 32 hemisphere.
1170 1184 14 23 I
1202 1190 76 26 repeat

688 1213 24 28 it,
727 1213 48 24 Mr.
791 1213 91 29 Editor,
895 1214 49 23 that
962 1223 62 16 some
1043 1216 25 23 of
1085 1216 38 24 the
1143 1218 133 30 originators

689 1246 25 22 of
735 1246 39 23 the
798 1247 147 24 colonisation
975 1249 24 22 of
1026 1248 57 24 New
1113 1249 98 24 Zealand
1238 1258 38 16 are

688 1279 91 31 capable
800 1280 24 23 of
839 1281 79 31 giving
929 1280 61 24 birth
1011 1285 24 19 to
1055 1283 69 23 views
1143 1284 43 23 and
1205 1284 71 23 senti-

687 1317 75 18 ments
772 1313 48 23 like
833 1314 63 22 these
904 1323 5 18 ;
930 1313 45 24 and
986 1315 111 23 therefore
1117 1315 37 24 the
1172 1318 103 29 question

687 1345 73 24 forces
781 1346 65 23 itself
861 1354 61 24 upon
941 1355 36 15 me
996 1348 73 30 again,
1072 1361 34 4 —
1106 1348 85 25 Would
1207 1351 17 22 it
1247 1350 28 24 be

685 1378 44 22 fair
742 1387 24 14 or
784 1379 138 24 honourable
935 1385 22 18 to
977 1385 96 27 attempt,
1090 1381 101 32 blasting
1202 1383 22 23 in
1236 1383 39 23 the

685 1411 47 23 bud
744 1418 117 25 prospects
874 1420 25 15 so
917 1413 109 29 elevated,
1039 1414 44 23 and
1102 1423 25 15 so
1146 1417 90 27 certain,
1252 1417 21 22 in

687 1451 78 16 course
778 1446 25 22 of
813 1446 62 28 time,
889 1446 23 23 of
925 1446 69 31 being
1012 1447 96 24 realised
1117 1449 8 23 ?
1145 1449 131 31 Supposing

684 1489 34 4 —
720 1477 43 23 and
793 1479 19 22 it
835 1480 18 21 is
878 1479 52 30 only
953 1487 14 15 a
989 1481 141 30 supposition
1131 1494 33 4 —
1165 1482 48 23 that
1235 1482 38 24 the

687 1511 130 23 settlement
836 1512 25 23 of
879 1512 57 23 New
957 1512 100 24 Zealand
1076 1514 20 22 is
1116 1516 159 31 experiencing

686 1551 77 16 severe
775 1545 133 31 privations,
921 1545 63 24 these
1002 1547 126 30 privations
1146 1553 60 18 must
1217 1548 57 24 have

686 1576 57 24 been
755 1578 150 24 encountered
918 1583 23 19 at
952 1587 63 15 some
1035 1580 61 28 time,
1110 1580 44 24 and
1165 1581 30 30 by
1212 1590 63 16 some
1280 1576 2 37 j

686 1611 93 29 parties.
826 1611 56 24 And
902 1611 53 31 why
973 1612 81 23 should
1077 1618 41 19 not
1138 1614 64 23 those
1224 1615 50 24 who

685 1642 56 25 have
753 1644 137 31 voluntarily
902 1645 124 24 embarked
1037 1647 22 22 in
1072 1646 39 24 the
1122 1648 153 31 undertaking

685 1676 28 23 be
725 1677 42 23 left
784 1681 23 19 to
824 1682 59 19 meet
895 1678 30 23 all
944 1679 38 22 the
1000 1679 125 31 privations
1145 1682 131 30 contingent

686 1717 29 15 on
727 1710 59 23 their
795 1711 117 29 -situation,
926 1719 25 16 as
964 1712 50 23 well
1033 1721 23 15 as
1076 1712 65 24 those
1154 1714 47 22 who
1213 1720 62 18 must

685 1742 57 24 have
765 1744 110 31 preceded
894 1752 24 16 or
941 1745 103 24 followed
1066 1745 63 24 them
1139 1747 9 22 ?
1175 1747 33 24 To
1231 1755 42 15 en-

685 1783 97 24 courage
801 1777 37 24 the
857 1778 99 23 removal
975 1783 23 18 to
1021 1778 45 24 this
1090 1780 87 31 colony,
1201 1781 73 23 would

685 1809 52 31 only
749 1811 28 23 be
790 1811 101 31 creating
901 1820 14 14 a
932 1813 113 29 necessity
1056 1812 36 23 for
1112 1813 64 23 other
1189 1815 85 29 parties

685 1847 21 18 to
720 1843 102 31 undergo
835 1844 85 23 similar
935 1844 95 24 distress
1047 1845 43 23 and
1109 1846 123 31 privations
1252 1852 23 18 at
1280 1854 2 25 j

683 1883 63 16 some
758 1877 141 30 subsequent
908 1877 87 30 period.

716 1915 47 24 But
783 1917 13 23 I
815 1917 110 23 maintain
944 1917 49 23 that
1010 1919 56 23 such
1079 1927 13 15 a
1110 1926 78 16 course
1200 1920 73 23 would

682 1953 40 17 not
734 1949 127 30 ultimately
874 1950 25 22 be
919 1950 168 30 advantageous
1108 1952 71 22 either
1198 1957 21 18 to
1235 1954 38 22 the

682 1982 126 29 emigrants
821 1982 144 28 themselves,
978 1990 25 16 or
1016 1989 22 17 to
1047 1992 40 15 our
1097 1984 75 23 fellow
1183 1985 89 24 seitlers

682 2014 22 22 in
718 2014 45 23 this
775 2015 89 30 colony.
901 2015 50 24 The
965 2016 53 30 only
1029 2017 89 30 ground
1127 2025 59 23 upon
1200 2018 72 24 which

681 2047 18 22 it
712 2048 67 23 could
789 2048 29 22 be
829 2049 35 22 for
876 2049 37 22 the
932 2049 88 23 mutual
1041 2050 124 30 advantage
1179 2051 23 23 of
1217 2051 56 23 both

681 2081 92 29 parties,
787 2082 19 21 is
819 2081 40 22 the
871 2082 113 30 supposed
996 2090 80 15 excess
1089 2084 26 23 of
1127 2083 78 24 labour
1220 2092 53 15 over

681 2113 126 24 labourers.
844 2114 48 24 But
902 2115 63 23 lam
977 2123 52 23 very
1044 2117 106 30 sceptical
1163 2125 24 15 as
1200 2121 21 19 to
1235 2117 38 24 the

682 2147 115 22 existence
820 2147 24 22 of
861 2147 43 24 this
925 2156 87 15 excess.
1058 2149 69 24 lam
1146 2150 127 32 absolutely

682 2180 93 28 certain,
789 2180 49 23 that
850 2180 21 23 if
886 2182 15 22 it
914 2181 54 23 does
980 2187 23 17 at
1015 2182 30 23 all
1057 2183 67 28 exist,
1139 2183 16 23 it
1168 2183 52 24 does
1232 2189 41 18 not

683 2213 60 23 exist
754 2217 22 19 to
789 2213 38 24 the
840 2218 77 19 extent
929 2215 146 31 represented
1086 2216 30 31 by
1125 2224 40 15 our
1173 2217 98 24 settlers.

683 2246 50 23 The
751 2246 52 24 best
822 2247 154 24 confirmation
996 2253 23 18 to
1043 2249 46 23 this
1113 2251 108 22 assertion
1242 2251 29 28 is,

683 2283 21 19 to
723 2284 59 19 state
802 2280 48 23 that
869 2285 23 19 at
910 2281 45 23 this
974 2286 101 19 moment
1094 2283 135 24 individuals
1250 2284 25 23 of

681 2312 83 24 almost
775 2314 31 22 all
818 2314 138 31 professions
969 2323 37 15 are
1019 2319 22 19 to
1051 2316 29 22 be
1095 2316 71 23 found
1179 2317 94 23 without

681 2351 106 19 constant
822 2347 160 31 employment,
1014 2349 109 31 although
1152 2350 53 30 they
1235 2358 36 16 are

681 2379 87 31 willing
779 2380 45 23 and
842 2382 95 22 anxious
950 2386 22 18 to
992 2382 77 23 obtain
1088 2383 26 23 it.
1151 2383 57 23 This
1226 2383 48 24 fact

680 2413 66 24 holds
768 2418 51 19 true
842 2415 116 30 generally
975 2415 129 31 thoughout
1122 2416 37 23 the
1184 2417 87 31 colony,

680 2446 42 24 but
734 2455 62 15 moi-e
815 2448 122 30 especially
958 2449 23 21 in
1000 2449 39 23 the
1057 2450 148 29 agricultural
1223 2451 48 23 dis-

680 2480 73 29 tricts,
767 2481 74 22 where
861 2482 88 23 convict
966 2481 79 24 labour
1064 2483 21 22 is
1097 2483 47 23 still
1155 2483 118 24 furnished

680 2513 31 30 by
734 2514 38 23 the
797 2514 158 24 Government
977 2523 25 15 as
1022 2515 105 32 liberally
1155 2525 25 15 as
1209 2525 61 16 ever.

681 2547 56 23 And
748 2547 20 23 if
777 2548 18 22 it
807 2547 27 24 be
847 2552 48 19 true
908 2548 50 23 that
970 2556 62 16 some
1040 2549 125 24 thousands
1177 2550 25 23 of
1209 2550 63 24 fresh

680 2581 102 23 convicts
805 2580 59 25 from
882 2581 110 31 England
1016 2583 46 23 will
1085 2584 72 23 arrive
1181 2585 23 22 in
1226 2584 47 24 this

680 2613 82 31 colony
774 2615 22 22 in
810 2613 37 24 the
861 2622 78 16 course
951 2615 26 23 of
989 2615 39 24 the
1040 2624 90 22 season,
1143 2618 19 22 it
1180 2618 18 23 is
1212 2618 60 23 clear

680 2646 63 24 there
762 2648 46 22 will
824 2648 30 23 be
873 2656 28 16 no
920 2653 64 26 great
1003 2650 98 23 demand
1118 2651 35 23 for
1171 2655 22 19 at
1214 2651 59 23 least

681 2681 148 30 agricultural
858 2681 116 24 labourers
1002 2683 59 23 from
1096 2683 38 24 the
1170 2684 103 32 adjacent

681 2714 108 30 colonies,
803 2716 120 31 especially
935 2716 66 23 when
1013 2716 18 23 it
1044 2717 20 23 is
1078 2717 134 25 recollected
1224 2718 49 24 that

680 2747 54 31 they
752 2752 63 19 must
831 2749 30 22 be
878 2749 52 31 paid
949 2750 23 22 in
995 2749 57 24 hard
1075 2751 62 29 cash,
1157 2751 44 24 and
1223 2752 50 23 that

680 2782 90 22 convict
782 2781 80 23 labour
874 2790 51 23 may
937 2782 28 24 be
984 2783 46 23 had
1046 2784 36 23 for
1101 2784 102 32 nothing.
1243 2785 30 23 In

682 2813 64 24 these
758 2816 184 28 circumstances,
956 2824 14 14 a
988 2817 47 22 free
1047 2825 55 16 man
1113 2825 41 16 can
1167 2818 66 24 stand
1245 2827 28 15 no

682 2846 85 25 chance
785 2848 55 23 with
859 2848 36 23 the
922 2850 88 22 convict
1029 2850 23 23 in
1071 2850 38 24 the
1135 2851 89 25 market
1252 2852 23 24 of

681 2880 89 24 labour.
808 2881 32 23 So
852 2881 98 24 sensible
965 2890 38 15 are
1022 2891 41 15 our
1084 2884 90 24 settlers
1187 2885 25 23 of
1228 2885 45 24 this

681 2913 54 29 fact,
748 2914 51 23 that
818 2914 37 23 the
868 2921 78 27 outcry
958 2916 73 23 which
1043 2916 42 24 has
1104 2919 99 30 recently
1214 2919 59 23 been

681 2947 67 23 made
769 2948 22 22 in
812 2948 80 30 regard
910 2952 24 19 to
956 2950 97 31 scarcity
1076 2951 26 23 of
1120 2951 87 30 labour,
1232 2952 41 24 has

682 2980 128 31 originated
821 2982 24 23 in
858 2989 13 15 a
885 2987 66 26 great
967 2991 104 15 measure
1083 2985 25 23 in
1120 2985 37 23 the
1170 2985 69 24 dread
1252 2986 23 24 of

681 3013 38 25 the
732 3014 109 24 abolition
854 3015 26 24 of
887 3015 39 23 the
936 3017 143 30 assignment
1087 3022 94 27 system.
1217 3019 55 28 For,

681 3047 88 24 wicked
788 3048 44 24 and
851 3048 161 33 demoralising
1033 3058 24 16 as
1075 3051 49 24 that
1142 3057 85 27 system
1244 3053 27 29 is,

681 3081 37 24 the
738 3081 138 31 advantages
896 3082 75 24 which
992 3092 139 24 accompany
1149 3086 27 28 it,
1188 3086 24 23 in
1231 3094 41 24 pe-

681 3116 95 30 cuniary
798 3120 108 27 respects,
926 3121 62 19 must
1012 3118 24 22 of
1056 3126 80 16 course
1154 3119 82 24 render
1255 3121 18 22 it

680 3148 149 32 exceedingly
840 3150 130 30 acceptable
982 3155 23 19 to
1017 3159 41 15 our
1069 3152 75 23 fellow
1155 3153 116 24 colonists.

681 3181 83 24 Hence
777 3183 18 23 it
813 3183 27 29 is,
861 3182 48 24 that
927 3183 38 23 the
983 3189 65 26 great
1065 3185 108 32 majority
1191 3187 25 23 of
1233 3194 40 16 our

680 3215 92 24 settlers
784 3215 106 32 cordially
903 3216 71 23 abhor
993 3218 39 22 the
1049 3218 74 24 whole
1142 3220 131 32 machinery

680 3248 26 24 of
731 3250 178 31 transportation
932 3250 45 23 and
1003 3252 31 22 its
1057 3253 214 31 accompaniments,

679 3282 76 29 while,
769 3283 161 29 nevertheless,
944 3283 53 31 they
1011 3285 46 23 find
1076 3286 19 23 it
1112 3290 23 19 to
1154 3286 58 24 their
1232 3288 39 23 ad-

679 3321 98 26 vantage
788 3321 23 18 to
829 3317 58 24 avail
900 3316 136 24 themselves
1050 3318 26 23 of
1093 3319 37 23 the
1144 3320 97 24 benefits
1256 3321 17 23 it

678 3349 68 24 holds
763 3354 40 19 out
820 3354 23 19 to
864 3350 61 23 them
944 3358 54 16 over
1016 3351 50 24 that
1085 3352 24 23 of
1125 3352 47 25 free
1183 3353 88 25 labour.

678 3383 57 23 And
746 3383 21 23 if
775 3384 19 22 it
805 3383 28 23 be
845 3387 49 19 true
913 3383 50 24 that
981 3384 47 24 this
1039 3386 83 31 colony
1132 3387 20 23 is
1171 3388 67 30 again
1251 3392 21 19 to

678 3417 28 22 be
716 3417 126 22 inundated
854 3417 54 23 with
920 3425 29 16 an
961 3419 117 23 extensive
1091 3420 145 31 importation
1250 3421 25 23 of

678 3450 63 23 fresh
754 3450 101 24 convicts
873 3450 58 24 from
949 3450 116 32 England,
1079 3453 44 23 and
1142 3453 47 24 that
1209 3453 64 25 these

678 3484 102 23 convicts
799 3483 46 24 will
861 3483 26 24 be
909 3485 108 30 assigned
1035 3490 23 19 to
1078 3486 38 24 the
1140 3487 98 29 settlers,
1259 3487 12 24 I

678 3521 84 19 cannot
781 3525 36 15 see
833 3525 62 23 upon
914 3518 61 22 what
991 3518 99 26 rational
1108 3520 88 31 ground
1215 3521 57 23 emi-

678 3554 79 28 grants
781 3555 23 18 to
824 3551 39 23 the
882 3551 104 31 adjacent
1005 3552 100 24 colonies
1124 3561 43 16 can
1183 3554 28 23 be
1232 3561 39 16 en-

678 3584 115 31 couraged
811 3588 22 20 to
852 3592 90 16 remove
960 3589 23 19 to
1003 3585 46 23 this
1068 3586 89 31 colony.
1201 3587 72 25 Their

677 3617 103 24 removal
799 3617 66 24 could
876 3622 40 19 not
927 3619 28 22 be
972 3618 169 32 advantageous
1160 3619 73 24 either
1249 3625 22 18 to

677 3651 147 29 themselves,
844 3659 25 15 or
887 3655 24 19 to
930 3659 41 15 our
992 3652 100 29 settlers,
1111 3652 51 24 who
1179 3653 47 24 will
1243 3653 28 25 Ije

678 3684 107 32 supplied
802 3684 55 24 with
868 3684 81 23 labour
968 3692 30 16 on
1018 3689 72 22 terms
1101 3693 55 25 very
1167 3686 105 24 different

676 3717 61 24 from
749 3718 65 23 those
827 3725 30 16 on
866 3718 73 23 which
958 3718 54 31 they
1024 3726 42 15 can
1078 3727 52 15 ever
1149 3725 82 26 expect
1248 3725 23 18 to

676 3752 89 21 receive
776 3751 60 22 from
848 3751 37 22 the
896 3751 74 22 hands
981 3751 26 22 oi
1014 3751 48 22 free
1073 3760 61 13 men.

712 3791 67 29 Now,
793 3791 49 23 Mr.
855 3790 90 27 Editor,
965 3790 28 24 do
1012 3798 46 23 you
1076 3796 40 18 not
1134 3791 74 29 think,
1222 3791 49 24 that

676 3823 68 24 when
755 3824 39 23 the
805 3823 92 24 learned
918 3824 84 23 Editor
1020 3824 26 23 of
1062 3831 58 23 your
1138 3829 132 27 contempo-

677 3865 60 23 rary,
757 3857 39 23 the
813 3856 145 23 Launceston
975 3856 147 27 Advertiser,
1135 3857 58 24 shall
1212 3857 59 24 have

677 3889 132 24 considered
822 3889 65 30 again
900 3888 39 23 the
950 3888 72 25 whole
1042 3889 25 24 of
1083 3890 46 23 this
1141 3890 90 31 subject
1246 3892 24 23 in

677 3923 29 22 all
721 3923 27 22 its
771 3923 110 28 bearings,
895 3921 28 23 he
944 3921 44 24 will
1010 3922 105 30 candidly
1133 3924 68 23 admit
1223 3924 45 25 that

872 33 805 75 SUPPLEMENT

1205 143 63 33 TO
1290 144 101 32 THE

83 222 219 56 NEW
327 222 429 56 ZEALAND
787 224 410 58 GAZETTE
1221 226 60 56 &
1301 227 633 60 WELLINGTON
1963 233 540 64 SPECTATOR.

103 384 133 31 Gratis
260 395 41 21 to
323 384 254 40 Subscribers.]

760 385 131 31 PORT
914 385 286 41 NICHOLSON,
1222 388 272 39 SATURDAY,
1520 390 175 32 MARCH
1717 395 51 32 20,
1793 396 89 27 1841.

2071 395 343 40 [Non-Subscribers,
2437 404 42 29 Is.

105 487 263 24 EMIGRATION—
368 487 81 24 NEW
466 487 172 24 ZEALAND.

1304 492 66 23 those
1398 494 109 30 powerful
1528 495 93 30 appeals
1645 495 73 24 which
1745 496 29 24 he
1797 496 98 31 thought

1303 532 83 24 proper
1398 531 23 18 to
1433 526 56 24 send
1506 527 61 23 forth
1586 528 24 23 in
1621 528 79 23 behalf
1710 529 26 22 of
1752 529 39 23 the
1804 529 89 24 settlers

1304 562 23 19 at
1340 558 56 23 New
1408 559 101 24 Zealand
1520 567 66 21 were,
1598 562 25 21 in
1640 569 13 16 a
1671 565 65 27 great
1752 569 111 22 measure,
1875 564 21 21 if

1303 595 40 19 not
1354 592 91 30 wholly,
1457 592 106 24 uncalled
1573 593 43 23 for.

1538 633 13 23 I
1565 640 44 22 am,
1623 633 46 29 Sir,
1682 641 76 23 yours,
1772 635 52 28 &c,

1784 666 89 24 Homo,

1399 724 179 24 COLONIAL
1603 725 191 24 EXTRACTS.

1918 498 89 24 formed
2017 499 38 23 the
2067 500 100 31 meeting
2185 501 48 23 that
2253 502 37 23 the
2308 503 134 24 circulation
2458 505 45 23 had

1920 532 117 23 increased
2048 534 31 21 25
2093 540 40 23 per
2145 539 69 23 cent.,
2226 534 44 23 and
2277 534 40 24 the
2327 536 99 31 deposits
2435 537 68 24 about

1923 564 29 25 17
1976 572 40 23 per
2039 570 59 18 cent.
2134 566 51 24 The
2208 572 93 19 amount
2323 569 25 23 of
2362 570 75 30 specie
2458 569 45 24 had

1921 596 135 25 diminished
2076 600 29 21 11
2125 606 41 22 per
2185 604 69 23 cent.,
2272 600 47 23 and
2336 600 38 24 the
2386 603 117 23 securities

1920 628 45 24 had
1977 630 115 24 increased
2105 633 31 21 20
2148 639 40 24 per
2200 637 59 19 cent.
2296 633 52 23 The
2355 635 96 30 receipts
2459 635 44 24 had

1920 662 116 24 increased
2047 665 33 21 40
2092 672 40 22 per
2145 670 67 24 cent.,
2231 665 44 24 and
2291 666 38 23 the
2349 672 119 25 payments
2479 669 24 23 in

1920 694 38 23 the
1977 703 61 16 same
2061 698 139 29 proportion.
2235 698 51 24 The
2308 705 96 17 amount
2416 701 24 23 of
2456 701 47 24 dis-

1920 732 78 19 counts
2014 728 45 24 had
2077 730 116 23 increased
2212 733 31 21 28
2256 739 39 23 per
2315 737 69 24 cent.,
2407 733 45 23 and
2464 734 37 23 the

1920 768 88 16 reserve
2020 761 56 24 fund
2085 762 44 23 had
2140 764 116 23 increased
2268 767 31 21 28
2307 772 42 23 per
2357 770 58 20 cent.
2452 766 51 24 The

1920 793 124 24 Chairman
2062 794 55 24 then
2134 795 102 24 declared
2256 805 13 14 a
2287 797 108 24 dividend
2408 799 24 22 of
2449 802 52 21 12s.

1918 834 40 22 per
1971 827 72 28 share,
2063 835 29 16 on
2106 828 38 23 the
2162 834 51 25 past
2225 829 50 23 half
2289 838 63 22 year,
2371 831 73 23 which
2456 840 46 15 was

1918 859 66 30 equal
1996 864 22 18 to
2032 862 31 22 32
2075 868 41 23 per
2127 866 59 18 cent,
2199 870 40 22 per
2251 870 94 21 annum,
2364 864 90 23 besides
2473 873 29 15 an

1918 892 100 23 addition
2030 893 24 23 of
2070 896 15 21 8
2097 901 39 23 per
2149 899 58 19 cent,
2232 899 23 19 to
2273 895 40 24 the
2331 903 90 17 reserve
2436 897 63 25 fund.

1917 925 24 23 A
1953 925 66 23 letter
2031 933 46 15 was
2085 926 51 24 read
2148 927 57 23 from
2218 927 38 24 the
2268 928 73 24 Court
2350 930 24 22 of
2383 929 118 25 Directors

1918 958 26 23 of
1950 958 35 23 the
1993 959 162 24 Australasian
2163 960 74 29 Bank,
2247 962 124 31 proposing
2378 971 13 14 a
2397 962 106 31 junction

1917 991 26 22 of
1952 991 36 23 the
2001 996 43 18 two
2056 992 81 29 banks,
2157 994 44 22 and
2219 995 85 30 stating
2322 995 49 23 that
2383 1003 29 16 an
2423 1001 76 25 agent,

1917 1023 54 31 duly
1983 1025 136 29 authorised,
2140 1026 72 23 would
2225 1027 27 23 be
2265 1032 52 19 sent
2328 1028 87 31 shortly
2427 1033 22 19 to
2463 1030 38 23 the

1918 1056 94 31 Colony,
2026 1063 22 17 to
2061 1059 117 30 negociate
2190 1068 29 14 on
2230 1060 38 23 the
2281 1061 97 31 subject,
2397 1062 43 23 and
2452 1063 49 23 who

1916 1090 73 23 would
2002 1091 28 23 be
2040 1091 124 24 instructed
2178 1096 22 19 to
2211 1100 96 24 propose
2324 1094 57 23 such
2394 1098 69 21 terms
2475 1104 25 15 as

1915 1122 73 24 would
2007 1123 28 23 be
2054 1124 166 31 advantageous
2244 1131 21 17 to
2279 1126 30 23 all
2320 1128 94 29 parties.
2450 1128 51 24 The

1916 1155 106 24 financial
2033 1157 201 24 embarrassments
2247 1159 25 22 of
2281 1159 38 23 the
2328 1164 90 19 eastern
2430 1160 69 25 Colo-

1915 1190 50 21 nies
1983 1197 58 16 were
2059 1190 101 24 referred
2179 1195 30 25 to,
2229 1199 24 16 as
2265 1192 134 35 explaining
2411 1193 36 23 the
2461 1202 39 16 ne-

1915 1223 84 29 cessity
2023 1223 102 30 imposed
2148 1232 30 15 on
2200 1224 39 23 the
2261 1225 120 24 Directors
2393 1227 26 22 of
2433 1228 68 30 using

1915 1255 117 24 increased
2053 1256 114 31 vigilance
2188 1258 44 22 and
2254 1260 132 28 precaution
2406 1261 23 21 in
2442 1260 59 24 their

1915 1288 81 29 issues,
2009 1289 58 23 until
2080 1289 37 23 the
2130 1291 65 22 crisis
2207 1291 23 22 in
2243 1291 64 23 those
2320 1291 107 24 Colonies
2442 1293 59 24 shall

1914 1320 57 24 have
1982 1322 91 30 passed.
2111 1322 49 24 The
2173 1323 105 24 business
2291 1324 26 23 of
2332 1324 38 24 the
2383 1325 42 31 day
2443 1326 56 24 hav-

1914 1354 41 30 ing
1965 1354 58 24 been
2035 1355 104 31 disposed
2150 1357 30 27 of,
2193 1356 84 24 thanks
2285 1364 59 16 were
2352 1359 66 22 voted
2426 1363 22 19 to
2462 1359 37 24 the

1913 1387 122 30 chairman,
2053 1388 45 23 and
2120 1388 38 24 the
2181 1390 100 28 meeting
2306 1398 45 15 wes
2376 1391 122 25 dissolved.

1912 1432 34 5 —
1946 1419 62 23 Ibid.

2088 1488 80 22 PORT
2188 1489 132 21 PHILLIP.

1921 1536 15 5 -
1946 1521 176 26 Emigration.
2124 1536 33 4 —
2159 1524 78 31 Every
2248 1524 101 32 English
2366 1533 133 24 newspaper

1911 1554 51 24 that
1972 1556 85 23 arrives
2070 1557 72 23 shews
2154 1557 49 24 that
2214 1557 37 24 the
2263 1558 89 31 subject
2366 1559 24 22 of
2400 1559 99 31 emigra-

1911 1589 49 22 tion
1978 1589 19 23 is
2017 1589 118 31 gradually
2152 1592 93 30 gaining
2263 1599 64 15 more
2346 1593 112 22 attention
2475 1594 24 22 in

1911 1621 117 31 England.
2076 1623 50 23 The
2145 1623 35 23 old
2200 1624 138 24 established
2355 1632 144 24 newspapers

1911 1654 46 23 and
1972 1656 134 30 periodicals
2125 1656 78 24 devote
2223 1658 104 23 columns
2345 1663 23 18 to
2388 1658 37 23 the
2445 1666 53 16 con-

1911 1688 122 23 sideration
2056 1689 24 23 of
2096 1689 37 23 the
2151 1690 95 31 subject,
2266 1691 68 23 while
2350 1698 50 16 new
2418 1700 81 22 papers

1911 1721 96 23 devoted
2019 1722 137 31 exclusively
2169 1727 22 19 to
2209 1724 30 22 its
2257 1724 109 23 interests
2385 1731 36 16 are
2439 1725 60 30 daily

1911 1755 120 31 springing
2042 1763 39 23 up.
2125 1755 29 23 In
2167 1755 37 24 the
2214 1755 94 32 Sundcy
2322 1756 75 24 Times
2406 1757 25 24 of
2445 1758 54 31 July

1914 1790 39 26 12,
1965 1795 33 16 we
2018 1788 47 23 find
2084 1796 28 15 an
2131 1789 174 24 advertisement
2328 1790 25 23 of
2374 1798 14 15 a
2407 1791 92 30 journal

1911 1821 74 23 which
1996 1829 32 15 we
2047 1829 68 15 never
2134 1822 89 23 noticed
2241 1822 77 24 before
2319 1835 33 4 —
2353 1824 19 22 it
2389 1824 20 23 is
2428 1825 71 23 called

1912 1854 38 23 the
1962 1854 146 31 Emigration
2118 1854 106 28 Journal,
2242 1856 44 23 and
2305 1856 58 23 from
2383 1856 38 25 the
2439 1858 60 23 table

1913 1888 25 22 of
1952 1888 29 22 its
1994 1892 105 18 contents
2110 1896 14 14 a
2142 1888 153 24 considerable
2313 1890 103 30 portions
2429 1891 25 23 of
2468 1892 31 22 its

1913 1920 102 23 columns
2027 1928 83 24 appear
2121 1925 23 19 to
2155 1922 28 22 be
2196 1922 94 23 devoted
2303 1927 23 18 to
2345 1923 45 23 this
2411 1923 86 32 colony.

1913 1953 44 23 We
1967 1954 52 30 give
2031 1954 38 22 the
2081 1954 173 24 advertisement
2266 1957 72 21 entire
2346 1964 6 15 :
2354 1969 34 3 —
2388 1955 111 32 Emigra-

1913 1986 47 22 tion
1971 1985 106 30 Journal,
2088 1987 50 31 just
2149 1987 127 31 published,
2288 1989 63 30 price
2362 1989 45 24 five
2417 1997 81 23 pence.

1914 2019 111 23 Contents
2026 2032 32 3 —
2059 2019 64 23 Lord
2135 2020 60 23 John
2214 2020 115 24 Russell's
2346 2022 42 23 bill
2407 2023 35 23 for
2461 2023 38 24 the

1914 2052 156 23 Government
2090 2053 23 22 of
2141 2053 57 23 New
2221 2054 73 23 South
2317 2054 80 24 Wales
2397 2068 34 4 —
2431 2055 68 25 Land

1913 2084 58 24 sales
1984 2093 25 15 as
2020 2085 90 31 applied
2122 2090 23 19 to
2157 2086 162 31 Immigration
2319 2100 33 4 —
2353 2088 49 24 Mr.
2416 2088 81 30 Grote,

1913 2117 45 24 and
1974 2118 40 23 the
2033 2119 120 30 spoliation
2172 2120 25 23 of
2218 2121 57 22 New
2294 2121 75 22 South
2386 2121 79 24 Wales
2466 2135 33 4 —

1913 2151 48 24 Mr.
1981 2150 95 25 Vernon
2095 2152 76 23 Smith
2189 2152 43 23 and
2251 2153 76 23 South
2345 2154 120 24 Australia
2465 2168 34 4 —

1912 2184 81 23 Wilful
2005 2184 107 24 blunders
2125 2189 25 19 of
2164 2185 38 24 the
2215 2185 74 24 Times
2290 2199 34 3 —
2324 2186 24 24 A
2356 2192 100 19 contrast
2464 2189 35 23 for

1914 2217 37 23 the
1962 2217 105 32 working
2078 2218 84 24 classes
2164 2231 32 4 —
2197 2219 50 23 The
2259 2218 48 25 Sun
2324 2220 72 23 under
2408 2229 13 15 a
2433 2221 66 24 cloud

1911 2263 35 4 —
1947 2251 120 30 Religious
2086 2251 145 25 Institutions
2249 2256 24 20 at
2291 2253 113 24 Adelaide
2405 2266 32 5 —
2439 2255 60 23 Civil

1913 2284 184 24 establishments
2108 2285 26 23 of
2148 2285 73 23 South
2233 2286 121 23 Australia
2364 2287 24 23 in
2401 2289 64 23 1840
2466 2300 33 5 —

1913 2317 106 24 Markets
2032 2318 42 24 &c.
2088 2318 22 22 in
2124 2318 117 24 Australia
2241 2331 33 4 —
2274 2319 95 24 Arrival
2385 2321 26 22 of
2430 2321 68 24 Emi-

1911 2355 67 26 grant
2007 2351 63 31 ships
2103 2352 25 23 in
2157 2351 56 24 New
2247 2352 110 24 Zealand.
2359 2366 34 4 —
2393 2353 104 30 Everett,

1912 2383 146 30 Finch-lane,
2069 2384 102 24 Cornhill
2178 2394 5 19 ;
2197 2385 71 29 Wild,
2282 2385 216 31 Catherine-street,

1912 2418 92 26 Strand,
2016 2417 45 24 and
2072 2417 30 24 all
2306 2431 35 4 —
2341 2418 62 25 Port
2409 2419 89 33 Phillip

1911 2450 102 23 Patriot.

1946 3017 82 24 Judge
2048 3017 116 24 Burton.
2166 3029 33 5 —
2201 3017 47 24 Mr.
2262 3017 88 24 Justice
2365 3018 96 30 Burton,
2474 3018 24 24 of

1912 3051 55 23 New
1981 3050 72 23 South
2067 3050 85 29 Wales,
2165 3050 44 23 had
2224 3051 37 23 the
2280 3050 89 24 honour
2388 3051 25 23 of
2427 3051 70 32 being

1911 3083 120 33 presented
2043 3087 23 19 at
2077 3083 38 23 the
2125 3083 46 23 last
2181 3084 62 22 levee
2255 3088 22 18 to
2291 3084 40 23 her
2343 3084 110 32 Majesty,
2465 3085 31 31 by

1911 3117 63 23 Lord
1985 3116 60 24 John
2059 3116 103 24 Russell.
2164 3129 33 4 —
2197 3116 61 24 Ibid.

1946 2484 58 23 The
2010 2505 3 11 (
2023 2484 177 24 Flag-Statf.
2203 2497 32 5 —
2235 2484 131 25 Workmen
2389 2494 37 16 are
2447 2495 49 15 em-

1910 2517 82 32 ployed
2012 2517 24 23 in
2053 2517 80 32 felling
2152 2518 37 24 the
2207 2518 63 31 large
2281 2523 61 19 trees
2355 2519 87 24 around
2459 2520 37 24 the

1911 2550 74 31 signal
2004 2550 90 29 station,
2106 2551 24 23 in
2149 2551 73 29 order,
2233 2552 32 30 by
2275 2551 114 32 throwing
2400 2554 18 22 it
2434 2561 62 16 more

1911 2591 65 24 open,
1989 2589 23 18 to
2024 2584 72 23 afford
2113 2592 14 15 a
2145 2584 84 24 clearer
2240 2586 57 22 view
2317 2585 23 23 of
2357 2585 40 24 the
2410 2586 86 31 signals

1910 2617 54 23 here
1976 2622 22 18 to
2011 2617 38 24 the
2061 2617 106 24 look-out
2178 2625 52 16 man
2244 2623 24 18 at
2279 2618 123 25 Williams'
2415 2619 80 25 Town.

1911 2650 56 24 This
1990 2658 54 23 may
2066 2650 124 24 somewhat
2211 2651 93 32 remedy
2322 2652 38 24 the
2387 2651 109 33 difficulty

1911 2683 148 31 experienced
2077 2684 24 23 in
2119 2684 147 32 deciphering
2279 2685 40 23 the
2331 2686 90 23 various
2430 2686 66 31 flags,

1911 2717 40 23 but
1963 2718 18 22 it
1998 2717 47 23 will
2063 2724 68 16 never
2148 2717 29 23 be
2194 2718 97 31 entirely
2301 2723 42 26 got
2360 2726 61 22 over,
2440 2719 56 24 until

1911 2751 38 22 the
1960 2758 49 16 new
2027 2750 46 30 flag
2092 2751 60 29 staff,
2171 2751 73 23 which
2264 2759 33 16 we
2316 2752 62 24 learn
2398 2753 18 23 is
2433 2757 22 20 to
2467 2754 29 23 be

1910 2784 50 30 fifty
1981 2784 47 22 feet
2050 2784 81 30 higher
2154 2784 54 24 than
2232 2785 37 23 the
2292 2789 93 28 present
2407 2794 49 21 one,
2476 2787 20 23 is

1913 2817 95 24 erected.
2043 2817 52 23 The
2117 2817 68 24 white
2204 2818 60 23 foam
2282 2818 26 23 of
2324 2818 38 24 the
2380 2826 74 17 waves
2473 2820 23 23 in

1913 2850 116 24 Hobson's
2058 2850 57 31 Bay,
2139 2851 66 23 when
2228 2851 37 23 the
2288 2852 62 24 wind
2377 2853 20 22 is
2410 2879 7 5 __
2426 2853 70 27 fresh,

1912 2883 92 24 renders
2021 2884 19 23 it
2059 2883 102 29 difficult,
2181 2888 23 20 at
2222 2885 75 28 times,
2317 2889 22 19 to
2360 2885 136 32 distinguish

1913 2918 37 23 the
1972 2916 105 24 different
2104 2917 86 31 signals
2219 2917 90 24 hoisted
2336 2919 72 23 there.
2445 2919 51 24 One

1913 2951 70 30 thing,
1997 2950 109 28 however,
2119 2951 20 23 is
2153 2951 91 29 certain,
2256 2951 50 24 that
2319 2951 37 24 the
2375 2953 84 23 station
2476 2953 20 23 is

1912 2984 42 24 but
1964 2983 143 31 ill-supplied
2119 2984 55 23 with
2185 2984 134 30 telescopes.
2320 2997 33 4 —
2353 2984 62 24 Ibid.

2137 3181 129 21 SYDNEY.

1945 3219 97 23 Steam.
2044 3230 34 5 —
2080 3217 138 24 Gentlemen
2225 3218 22 23 in
2256 3218 110 32 England
2374 3220 122 24 connected

1910 3252 67 26 with,
1983 3251 75 23 South
2074 3251 125 28 Australia,
2219 3252 79 23 intend
2318 3252 96 31 sending
2434 3252 62 25 three

1910 3289 70 20 steam
2004 3285 86 22 vessels
2108 3282 54 32 (one
2182 3285 25 22 of
2233 3285 75 24 which
2325 3286 21 23 is
2365 3285 90 32 already
2473 3292 23 18 at

1910 3317 122 32 Adelaide)
2049 3322 22 18 to
2084 3317 73 23 South
2168 3318 126 29 Australia,
2315 3319 44 23 and
2372 3326 32 17 we
2416 3319 80 25 should

1910 3352 28 23 be
1949 3351 53 31 glad
2014 3356 22 18 to
2047 3350 54 24 hear
2113 3351 50 22 that
2174 3351 38 23 the
2230 3352 58 23 New
2308 3351 100 25 Zealand
2426 3352 70 25 Com-

1910 3392 59 25 pany
1980 3384 45 23 had
2037 3384 139 23 determined
2194 3392 61 23 upon
2270 3384 40 24 the
2328 3392 62 16 same
2402 3394 78 16 course
2487 3394 7 21 ;

1911 3427 25 14 as
1948 3426 12 15 a
1971 3418 62 30 large
2050 3421 98 19 steamer
2165 3421 23 20 to
2200 3426 43 15 run
2261 3418 117 31 regularly
2395 3419 101 24 between

1912 3451 92 31 Sydney
2018 3450 45 24 and
2080 3450 58 24 New
2156 3450 108 30 Zealand,
2284 3452 75 23 would
2374 3452 28 23 be
2421 3452 75 24 useful

1912 3490 22 18 to
1947 3484 36 23 the
1996 3484 90 29 former,
2105 3483 41 25 but
2162 3484 26 23 of
2207 3485 91 23 infinite
2316 3485 138 31 importance
2472 3490 23 18 to

1912 3518 37 23 the
1967 3518 75 23 latter.
2080 3517 47 23 But
2145 3517 74 24 where
2237 3525 38 15 are
2288 3518 38 23 the
2346 3518 60 22 coals
2414 3518 9 23 ?
2436 3518 60 23 what

1911 3559 38 16 are
1960 3551 39 23 the
2011 3554 109 19 steamers
2130 3555 23 18 to
2165 3551 28 23 do
2204 3551 35 22 for
2251 3551 48 22 fuel
2306 3551 11 23 ?
2329 3558 38 15 are
2380 3552 114 29 questions

1911 3584 48 24 that
1971 3583 114 31 naturally
2096 3584 66 29 arise,
2176 3583 43 25 and
2232 3584 75 23 which
2324 3591 33 15 we
2376 3591 37 15 are
2432 3591 64 23 sorry

1911 3622 23 19 to
1944 3618 28 23 be
1990 3617 83 23 unable
2085 3621 23 19 to
2126 3625 87 15 answer
2221 3626 6 20 ;
2246 3617 43 23 but
2303 3624 34 16 we
2348 3616 58 31 hope
2416 3620 22 20 to
2456 3624 38 16 see

1911 3660 13 15 a
1936 3658 111 23 company
2057 3650 95 29 formed,
2164 3650 50 24 that
2224 3650 44 23 will
2277 3649 97 31 actually
2383 3649 28 24 do
2418 3657 74 16 some-

1911 3685 65 30 thing
1987 3685 24 21 in
2022 3683 47 24 this
2080 3687 97 27 respect,
2195 3683 41 23 but
2254 3682 19 24 if
2289 3682 37 24 the
2345 3681 108 25 colonists
2472 3683 24 23 of

1910 3718 54 24 Van
1986 3717 120 23 Dieman's
2129 3716 67 24 Land
2218 3714 43 25 and
2286 3714 73 25 South
2376 3715 119 24 Australia

1910 3751 56 23 wish
1977 3754 24 19 to
2012 3751 133 30 participate
2157 3750 23 22 in
2192 3749 37 23 the
2241 3749 137 30 advantages
2390 3748 25 24 of
2423 3749 71 23 inter-

1911 3784 96 23 colonial
2018 3787 71 20 steam
2100 3782 137 30 navigation,
2255 3781 55 31 they
2318 3785 62 20 must
2390 3781 54 24 look
2456 3786 39 19 out

1910 3817 35 24 for
1955 3817 55 23 fuel.
2013 3829 34 4 —
2048 3819 12 19 -1
2066 3815 73 30 ydney
2155 3814 99 24 Herald.

1944 3857 98 24 March
2060 3864 27 16 in
2111 3855 152 24 Intellect.
2266 3867 34 4 —
2301 3854 51 24 The
2370 3854 84 32 keeper
2472 3856 24 24 of

1911 3892 37 22 the
1972 3890 94 30 Sydney
2082 3888 76 32 pound
2177 3895 44 16 was
2239 3891 43 29 put
2301 3892 21 18 to
2341 3888 37 22 his
2395 3889 51 22 wits
2465 3897 29 16 on

1912 3923 120 27 Saturday,
2052 3928 22 16 to
2093 3921 67 24 make
2183 3925 39 19 out
2244 3921 38 22 the
2306 3921 106 29 meaning
2431 3922 25 24 of
2481 3930 14 15 a

1543 783 110 20 PERTH.

1337 816 50 24 The
1405 817 76 23 labors
1500 818 25 23 of
1546 818 96 24 another
1664 826 54 23 year
1741 828 38 15 are
1802 819 72 25 ended
1883 830 6 19 ;

1303 850 54 22 with
1369 858 41 15 our
1423 856 92 25 present
1526 851 96 23 number
1642 859 31 16 we
1693 857 63 18 enter
1774 861 61 23 upon
1854 853 38 24 the

1302 883 65 23 ninth
1388 891 54 23 year
1453 884 25 22 of
1498 892 40 15 our
1551 885 86 22 service
1649 886 22 22 in
1684 884 38 24 the
1733 893 67 16 cause
1811 886 27 22 of
1853 886 38 23 the

1302 916 84 30 public,
1400 917 45 23 and
1463 917 23 23 in
1498 917 144 23 furtherance
1656 917 24 24 of
1694 919 38 22 the
1746 919 107 23 interests
1869 919 23 23 of

1303 948 45 24 this
1369 949 95 31 Colony,
1477 950 104 28 cheered,
1594 959 32 14 we
1645 959 39 14 are
1701 952 76 31 happy
1797 957 22 17 to
1837 952 52 29 had,

1303 986 22 19 to
1344 983 103 23 renewed
1465 984 102 22 exertion
1588 983 31 31 by
1631 984 39 23 the
1688 984 78 31 bright
1786 990 105 26 prospect

1303 1022 50 16 now
1366 1020 23 18 at
1399 1016 79 30 length
1490 1016 88 31 opened
1590 1022 22 17 to
1625 1025 36 20 us,
1674 1017 25 22 of
1713 1025 13 15 a
1744 1025 61 16 more
1825 1019 65 29 rapid

1304 1048 162 24 advancement
1477 1049 99 31 through
1595 1049 38 23 the
1654 1058 78 15 means
1751 1051 25 22 of
1792 1052 97 22 extend-

1304 1081 26 22 ed
1355 1082 161 30 immigration,
1541 1082 45 23 and
1609 1082 38 23 the
1670 1084 127 22 successful
1818 1084 73 24 result

1304 1114 25 23 of
1344 1113 38 25 the
1404 1114 71 31 hardy
1494 1115 104 30 industry
1611 1115 26 23 of
1654 1124 40 14 our
1712 1116 92 24 brother
1819 1117 70 24 Colo-

1304 1148 65 22 nists.
1407 1147 61 24 That
1487 1155 31 16 we
1538 1148 116 23 remained
1673 1149 97 30 through
1790 1157 68 23 many
1876 1159 14 14 a

1303 1180 54 31 long
1369 1180 50 31 day,
1433 1182 24 22 in
1469 1188 13 15 a
1494 1185 58 19 state
1567 1181 21 23 of
1607 1184 112 27 apparent
1737 1186 83 27 torpor,
1834 1191 55 15 can-

1302 1218 37 18 not
1356 1214 26 23 be
1395 1213 80 24 denied
1483 1232 6 10 ,
1509 1214 48 28 but,
1570 1215 19 22 it
1607 1219 62 18 must
1684 1214 29 23 be
1724 1216 162 29 remembered,

1303 1245 48 24 that
1369 1247 125 23 individual
1511 1247 129 31 prosperity
1656 1254 45 16 was
1721 1247 44 24 lost
1784 1249 61 30 sight
1858 1250 29 23 of.

1302 1279 103 24 Because
1423 1287 33 16 we
1475 1280 120 31 presented
1614 1288 30 15 no
1664 1285 65 26 great
1746 1282 76 30 public
1841 1282 46 23 dis-

1301 1313 60 30 play,
1376 1317 21 19 to
1410 1312 78 24 dazzle
1507 1313 38 23 the
1558 1321 52 23 eyes
1623 1313 26 23 of
1665 1314 37 23 the
1717 1319 34 18 too
1769 1315 119 24 credulous

1301 1346 45 23 and
1363 1347 128 29 unwitting,
1508 1354 33 15 we
1560 1354 58 16 were
1637 1348 146 29 pronounced
1804 1353 24 18 to
1851 1348 36 29 be,

1301 1386 24 16 as
1337 1387 14 15 a
1368 1379 69 30 body,
1456 1380 105 30 ignorant
1581 1380 29 28 of,
1624 1387 26 15 or
1666 1380 138 31 obstinately
1823 1381 65 24 blind

1301 1416 22 19 to
1341 1420 40 15 our
1400 1420 49 15 own
1468 1413 115 23 interests.
1631 1413 51 23 The
1699 1413 84 31 fallacy
1800 1414 26 23 of
1841 1414 46 24 this

1301 1446 90 30 opinion
1410 1446 20 23 is
1449 1446 116 23 exhibited
1582 1446 23 23 in
1626 1454 42 15 our
1680 1446 135 24 wholesome
1828 1452 57 19 state

1300 1479 26 22 of
1344 1479 71 28 trade,
1416 1491 34 4 —
1450 1479 39 23 the
1511 1479 138 31 flourishing
1666 1479 115 24 condition
1798 1481 26 22 of
1844 1489 41 16 our

1300 1510 95 25 farmers
1418 1512 45 23 and
1484 1512 62 23 flock
1571 1512 99 29 holders,
1671 1525 35 4 —
1707 1513 37 23 the
1774 1513 111 25 advance-

1299 1549 63 18 ment
1374 1545 25 23 of
1416 1553 41 15 our
1474 1545 121 31 labouring
1607 1545 59 24 class
1686 1550 24 19 to
1724 1547 85 30 perfect
1820 1547 65 24 inde-

1297 1578 124 30 pendence,
1423 1592 33 3 —
1457 1579 44 23 and
1518 1579 39 23 the
1577 1578 103 31 stability
1698 1579 26 23 of
1747 1588 41 14 our
1806 1580 78 31 public

1299 1611 149 24 institutions.
1496 1612 37 23 No
1555 1613 192 22 embarrassment
1768 1613 42 23 has
1833 1621 52 16 ever

1299 1645 82 23 visited
1393 1644 64 24 these
1469 1653 91 15 sources
1580 1646 25 22 of
1620 1645 113 32 industry,
1746 1646 45 23 and
1802 1647 83 23 Provi-

1300 1676 69 24 dence
1391 1678 42 23 has
1456 1678 81 30 kindly
1561 1678 65 23 aided
1656 1686 40 15 our
1727 1679 75 23 efforts
1831 1681 54 22 with

1299 1710 117 24 abundant
1433 1711 110 29 harvests,
1563 1720 24 15 as
1608 1712 49 23 well
1674 1720 25 15 as
1720 1712 120 32 favouring
1858 1722 27 15 us

1300 1744 54 22 with
1365 1752 30 15 an
1414 1745 130 31 exemption
1562 1745 57 23 from
1640 1745 38 23 the
1698 1745 85 31 killing
1798 1746 87 31 blights

1300 1777 44 23 and
1356 1777 109 31 droughts
1477 1783 23 18 to
1518 1778 73 23 which
1611 1778 64 23 other
1694 1780 114 22 countries
1828 1780 57 23 have

1300 1809 56 24 been
1380 1811 124 31 subjected.
1546 1811 47 24 But
1616 1812 202 32 notwithstanding
1840 1813 46 23 this

1299 1842 131 25 favourable
1447 1845 69 28 issue,
1538 1852 41 16 our
1597 1844 95 31 gradual
1709 1845 41 23 but
1769 1853 51 16 sure
1831 1854 55 23 pro-

1299 1884 71 22 gress,
1396 1877 42 23 and
1462 1878 51 23 firm
1543 1877 181 30 establishment,
1749 1878 37 24 the
1814 1880 72 23 whole

1299 1909 42 24 has
1361 1910 58 24 been
1437 1910 140 31 designated,
1597 1911 31 30 by
1647 1911 121 31 designing
1787 1912 98 24 individ-

1300 1943 56 28 uals,
1383 1951 15 15 a
1413 1943 92 30 failure
1513 1944 12 22 I—and1
1526 1957 31 3 —
1560 1943 45 23 and
1628 1943 38 23 the
1691 1944 64 23 work
1779 1945 24 23 of
1823 1945 63 24 these

1299 1976 72 23 men's
1390 1980 104 26 tongues,
1513 1976 46 23 and
1577 1976 91 23 written
1686 1982 141 25 statements,
1840 1986 45 15 un-

1299 2009 157 30 questionably
1478 2009 42 23 has
1550 2009 98 24 lowered
1670 2009 46 24 tins
1745 2011 87 31 Colony
1861 2013 23 21 in

1299 2042 37 22 the
1350 2043 128 22 estimation
1499 2042 25 23 of
1540 2051 13 14 a
1572 2042 51 28 few,
1644 2043 43 22 and
1708 2043 99 24 checked
1826 2046 58 21 emi-

1299 2075 89 29 gration
1398 2084 5 19 ;
1424 2075 40 23 but
1475 2075 18 23 it
1504 2075 99 23 assisted
1620 2083 28 15 us
1668 2077 24 21 in
1711 2077 122 31 preparing
1849 2077 36 23 the

1300 2114 55 23 way,
1368 2107 44 24 and
1425 2109 23 22 in
1467 2109 128 31 advancing
1605 2116 28 15 us
1652 2113 23 19 to
1687 2109 38 24 the
1737 2110 92 30 healthy
1842 2110 44 23 and

1299 2140 51 23 firm
1368 2142 99 30 position
1485 2149 32 15 we
1536 2149 48 16 now
1604 2141 62 24 hold.
1704 2143 84 30 Seeing
1806 2143 50 23 that
1874 2152 12 15 a

1299 2173 86 31 change
1398 2175 24 22 in
1433 2175 38 22 the
1483 2175 77 31 public
1579 2175 64 23 mind
1654 2175 42 23 has
1714 2176 15 23 b
1732 2183 9 9 n
1745 2184 28 15 en
1785 2177 100 29 effected,

1299 2207 42 23 and
1355 2215 42 15 our
1412 2208 71 22 worth
1502 2209 19 21 is
1541 2208 127 31 beginning
1687 2213 22 19 to
1727 2209 37 29 be,
1778 2209 107 31 although

1299 2240 89 32 tardily,
1412 2241 183 31 acknowledged,
1614 2249 33 15 we
1671 2242 74 23 would
1767 2243 56 31 bury
1849 2244 36 23 the

1298 2278 52 25 past
1369 2275 24 22 in
1411 2274 170 31 forgetfulness,
1601 2275 87 30 hoping
1710 2276 50 22 that
1779 2276 37 24 the
1837 2284 48 16 new

1299 2311 82 19 stream
1396 2307 25 23 o?
1430 2309 137 29 emigration
1578 2308 73 23 which
1659 2309 20 22 is
1692 2309 86 31 opened
1786 2314 21 19 to
1820 2310 64 23 these

1299 2340 86 30 shores,
1399 2341 45 23 will
1456 2341 28 23 be
1497 2342 59 22 blest
1572 2341 54 23 with
1645 2342 66 31 equal
1730 2350 98 22 success,
1842 2343 43 23 and

1299 2373 48 23 that
1358 2382 41 15 our
1413 2375 62 22 older
1487 2375 89 22 settlers
1588 2383 54 22 may
1653 2375 63 23 unite
1727 2376 55 23 with
1792 2384 36 21 us,
1842 2376 44 24 and

1298 2406 69 29 them,
1380 2408 24 22 in
1417 2408 37 23 the
1466 2408 59 31 good
1538 2408 37 23 old
1587 2408 99 31 English
1696 2409 127 29 salutation,
1862 2410 23 23 A

1298 2447 85 16 happy
1397 2448 59 16 new
1464 2449 71 16 year
1543 2449 31 16 to
1661 2455 33 3 —
1696 2441 75 24 Perth
1781 2442 103 23 Gazette.

1330 2481 178 24 Australind.
1511 2495 35 3 —
1546 2481 44 24 We
1614 2490 39 15 are
1677 2482 120 28 informed,
1818 2483 31 31 by
1873 2491 13 16 a

1297 2514 129 30 gentleman
1449 2515 50 23 who
1518 2515 42 23 has
1579 2515 107 23 returned
1704 2516 58 23 from
1783 2516 101 24 Lesche-

1297 2547 63 23 nault
1380 2548 83 30 during
1482 2549 37 22 die
1538 2549 71 28 week,
1631 2549 49 22 that
1699 2549 37 23 the
1758 2550 127 30 Surveyors

1297 2585 52 19 sent
1372 2586 40 18 out
1433 2582 31 30 by
1483 2582 39 23 the
1545 2582 137 24 Australind
1706 2582 117 32 Company
1847 2591 38 15 are

1297 2615 96 30 actively
1405 2616 147 30 prosecuting
1564 2615 59 23 their
1640 2615 99 29 labours,
1753 2617 23 22 in
1790 2624 94 23 prepar-

1297 2648 40 30 ing
1359 2648 39 23 the
1421 2657 49 22 way
1493 2649 34 22 for
1551 2648 37 24 the
1610 2656 51 16 new
1692 2650 123 30 emigrants
1839 2650 45 23 and

1297 2681 91 24 settlers
1399 2682 24 23 in
1435 2682 50 23 that
1497 2686 98 27 quarter.
1633 2682 50 23 The
1695 2683 110 31 principal
1812 2687 72 19 town-

1297 2714 44 24 site
1352 2722 46 16 was
1410 2716 94 23 marked
1518 2721 40 17 out
1569 2716 24 22 in
1612 2720 91 26 quarter
1717 2723 50 16 acre
1778 2717 106 28 sections,

1297 2747 102 32 fronting
1422 2749 37 23 the
1483 2749 110 31 Estuary,
1617 2749 45 23 and
1684 2749 38 23 the
1744 2750 100 30 position
1864 2751 20 22 is

1298 2780 119 25 described
1427 2787 23 19 to
1462 2791 28 15 us
1501 2791 26 15 as
1540 2783 69 30 being
1626 2782 130 24 favourable
1774 2783 35 23 for
1828 2784 56 22 such

1299 2822 14 16 a
1322 2823 107 23 purpose.
1465 2816 143 23 Abundance
1618 2817 24 22 of
1652 2821 68 18 water
1729 2817 44 22 and
1781 2817 104 31 building

1299 2848 115 24 materials
1437 2857 38 15 are
1497 2854 24 18 at
1544 2850 68 28 hand,
1633 2850 89 28 timber,
1746 2855 72 24 stone,
1842 2850 44 24 and

1299 2881 57 31 clay.
1394 2881 51 24 The
1456 2883 48 22 side
1517 2890 33 16 we
1562 2891 38 15 are
1612 2883 54 29 told,
1679 2883 21 23 is
1718 2883 50 23 well
1780 2884 104 28 selected,

1298 2915 152 31 independent
1463 2917 25 23 of
1503 2916 64 24 these
1579 2916 148 31 advantages.
1764 2916 50 24 The
1826 2921 59 19 town

1297 2949 19 22 is
1329 2948 88 24 formed
1428 2957 28 15 on
1469 2958 11 14 a
1494 2950 76 30 gentle
1582 2950 98 30 activity,
1695 2951 72 29 rising
1777 2950 59 23 from
1848 2951 37 23 the

1299 2981 102 32 Estuary
1410 2992 6 19 ;
1435 2983 52 26 and,
1507 2983 149 30 overlooking
1674 2982 45 24 this
1739 2983 63 31 large
1820 2984 65 22 basin

1299 3015 24 23 of
1332 3021 77 24 water,
1422 3017 23 22 in
1464 3016 37 23 the
1522 3021 83 24 centre,
1618 3018 20 21 is
1657 3024 14 15 a
1690 3021 107 19 crescent.
1836 3017 49 23 Our

1297 3048 123 25 informant
1438 3050 84 31 speaks
1542 3058 54 23 very
1615 3049 80 32 highly
1719 3050 25 22 of
1760 3050 38 22 the
1818 3050 69 23 Chief

1299 3082 122 31 Surveyor,
1449 3083 47 24 Mr.
1521 3083 95 28 Austin,
1640 3082 45 23 and
1708 3083 113 23 considers
1847 3083 37 23 the

1299 3115 118 32 Company
1435 3125 54 22 may
1507 3116 155 31 congratulate
1681 3116 135 24 themselves
1835 3116 49 24 that

1299 3149 51 31 they
1362 3149 58 24 have
1433 3149 105 24 obtained
1551 3150 37 23 the
1600 3151 99 22 services
1712 3150 24 23 of
1748 3158 24 15 so
1785 3150 99 23 efficient

1298 3190 29 15 an
1349 3183 85 24 officer.
1482 3183 52 25 The
1557 3183 148 31 agricultural
1729 3191 24 15 or
1774 3183 108 23 horticul-

1298 3216 57 23 tural
1368 3217 127 31 operations
1509 3217 25 23 of
1550 3217 38 23 the
1600 3224 51 15 new
1668 3217 122 29 emigrants
1803 3224 38 15 are
1860 3222 22 18 to

1297 3250 28 22 be
1344 3250 100 23 directed
1470 3255 22 19 to
1513 3252 47 22 100
1586 3257 52 16 acre
1663 3250 106 28 sections,
1784 3249 36 23 for
1845 3250 37 23 the

1297 3283 82 31 supply
1392 3283 25 23 of
1426 3283 38 24 the
1477 3289 59 18 town
1545 3293 6 19 ;
1570 3283 39 23 the
1619 3283 142 31 experiment
1772 3283 19 22 is
1807 3283 74 29 novel,

1297 3317 44 22 and
1353 3325 33 15 we
1400 3316 54 24 wish
1467 3318 18 22 it
1495 3325 54 22 may
1560 3317 95 23 succeed
1664 3325 6 19 ;
1684 3316 41 23 but
1737 3321 23 18 at
1767 3316 30 23 all
1805 3321 78 18 events

1297 3358 33 15 we
1348 3358 43 15 can
1406 3350 76 23 advise
1493 3350 39 23 the
1551 3357 50 16 new
1621 3350 123 30 emigrants
1765 3349 58 23 from
1842 3357 40 16 ex-

1297 3384 105 30 perience
1420 3389 23 17 to
1458 3383 66 23 avoid
1536 3384 37 22 the
1586 3383 131 23 cultivation
1730 3383 25 23 of
1764 3382 72 29 lands,
1849 3383 34 23 for

1297 3417 97 30 gardens
1412 3418 25 22 in
1458 3417 132 30 particular,
1610 3416 79 23 unless
1711 3416 127 30 artificially
1859 3424 25 15 or

1297 3450 114 31 naturally
1428 3450 116 31 protected
1561 3450 60 23 from
1638 3449 39 23 the
1701 3449 184 30 south-westerly

1298 3483 79 24 winds.
1414 3483 68 24 Fruit
1500 3488 66 24 trees,
1587 3490 25 16 or
1630 3483 76 30 plants
1725 3483 25 22 of
1766 3490 44 23 any
1829 3487 53 24 sort,

1298 3524 38 16 are
1358 3516 89 31 subject
1470 3521 22 19 to
1515 3516 75 31 blight
1612 3516 64 23 when
1699 3515 54 24 thus
1776 3515 106 32 exposed.

1297 3550 77 30 Again
1386 3558 32 15 we
1438 3558 52 23 may
1507 3549 146 24 recommend
1671 3548 62 24 them
1749 3553 40 19 not
1803 3553 23 19 to
1838 3556 46 16 sow

1298 3583 57 23 their
1368 3583 54 23 seed
1433 3587 40 19 out
1485 3583 25 23 of
1527 3589 88 22 season,
1629 3582 16 23 it
1657 3589 53 23 may
1722 3586 73 19 create
1807 3582 77 31 disap-

1297 3617 127 31 pointment
1443 3616 44 24 and
1504 3615 125 24 unnatural
1647 3615 96 23 trouble.
1791 3615 35 23 Of
1845 3615 39 23 the

1297 3657 82 24 proper
1391 3655 89 23 seasdn,
1491 3657 34 15 we
1538 3648 45 24 will
1595 3648 78 23 advise
1687 3648 61 23 them
1760 3647 65 24 wheu
1842 3656 43 15 our

1298 3690 66 23 space
1376 3683 46 23 will
1434 3683 71 23 admit
1517 3682 25 24 of
1550 3682 26 23 it.
1577 3694 35 3 —
1612 3680 61 24 Ibid.

1332 3723 129 24 General
1480 3730 118 16 meeting
1611 3729 31 17 of
1655 3728 51 17 the
1725 3721 78 24 Bank
1815 3721 69 25 Pro-

1297 3764 131 17 prietors.
1431 3769 33 4 —
1466 3756 49 24 The
1527 3755 50 24 half
1591 3754 79 32 yearly
1684 3754 90 31 general
1783 3756 101 30 meeting

1298 3791 25 22 of
1337 3790 70 24 Bank
1428 3790 143 30 Proprietors
1590 3796 47 16 was
1655 3787 54 24 held
1724 3787 101 32 January
1839 3791 44 26 Ist,

1296 3828 23 19 at
1328 3823 103 31 Hodges'
1440 3822 69 29 hotel,
1520 3822 26 24 S.
1555 3822 90 28 Moore,
1656 3820 68 32 Esq.,
1732 3821 25 23 in
1765 3820 37 25 the
1811 3821 71 24 chair.

1298 3857 50 23 The
1362 3856 123 24 Chairman
1503 3855 48 23 laid
1564 3855 38 23 the
1618 3854 68 23 usual
1702 3858 89 20 returns
1804 3862 29 16 on
1845 3855 39 23 the

1297 3890 67 28 table,
1376 3888 44 26 and
1432 3888 172 32 congratulated
1610 3887 38 24 the
1655 3888 138 30 proprietors
1805 3895 29 16 on
1846 3888 38 23 the

1297 3930 136 23 prosperous
1456 3926 57 19 state
1538 3921 24 24 of
1586 3921 59 24 their
1664 3921 83 23 affairs.
1788 3921 36 23 Me
1848 3923 36 21 in-

107 562 47 24 We
172 563 54 23 take
237 563 39 23 the
287 562 116 31 following
421 563 67 23 letter
507 562 122 24 addressed
641 567 22 18 to

75 602 39 24 the
133 602 82 24 Editor
236 603 25 23 of
276 602 38 24 the
332 602 144 24 Launceston
499 602 102 29 Courier,
620 602 43 24 and

75 641 100 24 inserted
186 643 24 22 in
222 642 48 23 that
279 642 93 29 journal
380 643 24 23 of
414 641 38 25 the
462 644 55 21 21st
526 641 137 25 December.

110 689 53 29 Sir,
164 702 36 4 —
200 689 30 25 In
237 689 39 24 the
287 689 143 23 Launceston
438 688 137 24 Advertiser
587 690 25 22 of
620 689 45 24 last

75 722 72 29 week,
161 722 12 23 I
187 722 110 24 observed
309 730 12 15 a
333 723 124 22 somewhat
464 723 114 29 energetic,
586 723 78 23 article

76 762 28 16 en
130 755 37 23 the
191 755 94 23 distress
304 755 45 23 and
370 755 192 31 disappointment
586 755 24 23 of
626 756 38 23 the

76 787 90 24 settlers
185 792 24 19 at
226 788 58 24 New
297 788 107 30 Zealand,
424 788 46 23 and
488 795 29 16 on
536 788 38 23 the
594 797 70 23 expe-

76 821 80 30 diency
180 821 45 23 and
243 821 120 31 humanity
383 822 25 23 of
424 821 106 31 effecting
548 821 59 24 their
626 830 37 16 re-

74 854 77 23 moval
158 858 22 19 to
189 854 45 23 this
242 854 89 30 colony.
368 854 37 24 No
414 861 43 18 one
465 854 52 28 will,
529 854 12 23 I
548 863 114 23 presume,

74 887 105 31 question
203 887 37 24 the
262 887 114 32 goodness
387 888 26 23 of
427 887 39 23 the
483 888 96 22 motives
591 888 72 23 which

74 920 105 23 actuated
198 920 37 23 the
254 920 93 23 learned
357 920 84 24 Editor
457 920 24 23 of
497 920 49 23 that
557 928 71 23 paper
639 922 23 22 in

73 953 92 32 putting
177 953 59 23 forth
250 960 30 16 an
291 953 80 30 appeal
383 960 25 16 so
420 952 110 32 powerful
546 960 24 16 \n
586 953 79 23 behalf

74 985 24 24 of
114 993 40 15 our
167 985 113 31 suffering
291 985 243 30 fellow-countrymen,
559 985 104 24 however

74 1019 69 26 pjuch
154 1018 55 31 they
220 1026 53 23 may
285 1019 104 30 question
401 1018 40 23 the
453 1018 53 22 data
517 1025 61 23 upon
591 1018 72 24 which

73 1052 37 23 his
122 1052 123 30 reasoning
255 1053 21 21 is
286 1051 81 24 based.
403 1051 24 23 It
439 1051 20 22 is
471 1055 23 18 to
506 1050 45 23 this
565 1052 97 23 circum-

74 1089 78 19 stance
165 1084 11 23 I
191 1092 95 23 propose
298 1089 22 19 to
332 1085 91 23 restrict
444 1083 38 23 the
494 1083 41 24 few
556 1084 107 24 observa-

74 1118 60 23 tions
155 1117 75 23 which
254 1117 13 24 I
291 1117 56 24 wish
367 1122 22 18 to
410 1116 55 25 offer
486 1116 100 32 through
606 1126 58 22 your

75 1150 102 24 columns
190 1159 30 14 on
231 1150 46 24 this
290 1150 95 30 subject.

108 1196 25 24 It
151 1204 94 24 appears
265 1201 23 19 to
307 1205 44 20 me,
375 1197 50 23 that
446 1196 38 23 the
497 1195 71 25 whole
581 1202 81 19 matter

76 1230 99 31 depends
188 1238 29 15 on
229 1239 13 14 a
254 1230 142 30 satisfactory
416 1228 100 25 solution
534 1234 22 19 to
570 1230 38 23 the
620 1235 42 19 two

74 1263 116 31 following
213 1264 129 29 questions:
344 1276 33 3 —
379 1263 71 27 First,
474 1263 20 22 is
513 1263 17 23 it
547 1267 50 19 true
615 1263 47 23 that

75 1296 38 23 the
127 1296 93 24 distress
230 1296 25 24 of
271 1296 37 23 the
321 1296 90 24 settlers
424 1300 23 18 at
461 1295 57 24 New
530 1296 100 23 Zealand
643 1297 19 23 is

76 1338 24 14 so
112 1333 101 19 extreme
226 1337 24 15 as
262 1330 18 22 it
293 1331 19 21 is
328 1328 146 32 represented
493 1328 30 31 by
534 1329 66 23 those
612 1329 50 23 who

75 1363 57 24 have
144 1362 103 23 deserted
262 1362 50 23 that
329 1362 97 32 colony?
461 1361 55 24 And
534 1362 62 29 then,
621 1363 40 23 ad-

75 1396 92 29 mitting
177 1395 49 23 that
238 1395 94 23 distress
345 1400 22 18 to
380 1404 13 14 a
412 1395 86 24 certain
517 1399 78 19 extent
606 1396 55 23 does

75 1430 67 27 exist,
153 1428 39 23 the
205 1428 83 23 second
300 1429 104 30 question
415 1428 29 28 is,
464 1428 73 23 would
550 1429 18 22 it
578 1428 28 24 be
618 1429 43 23 fair

75 1470 25 15 or
111 1461 138 23 honourable
261 1462 97 22 towards
370 1461 38 24 the
424 1461 136 30 originators
573 1462 25 23 of
613 1463 49 22 that

76 1495 135 28 settlement,
231 1503 25 15 or
274 1494 75 24 would
360 1496 18 21 it
397 1494 127 31 ultimately
535 1494 28 24 be
575 1495 35 23 for
623 1496 38 23 the

74 1527 125 32 advantage
211 1528 25 23 of
250 1527 39 24 the
302 1529 124 30 emigrants
438 1527 145 30 themselves,
601 1536 25 16 or
638 1529 24 23 of

75 1569 41 15 our
128 1561 89 23 settlers
229 1562 22 22 in
264 1561 45 23 this
323 1562 87 30 colony,
429 1564 23 19 to
464 1568 127 24 encourage
603 1562 58 23 their

75 1594 98 24 removal
196 1594 91 24 hither?
334 1595 21 23 A
377 1594 51 31 just
450 1593 45 23 and
518 1595 143 31 satisfactory

74 1627 105 29 solution,
194 1627 46 23 Mr.
254 1627 90 28 Editor,
367 1632 21 18 to
407 1627 63 24 these
487 1630 43 20 two
542 1630 118 28 questions

74 1660 53 29 will,
146 1661 22 22 in
187 1668 38 23 my
244 1661 100 30 opinion,
365 1661 28 23 be
406 1660 114 23 sufficient
532 1664 22 19 to
568 1665 34 19 set
615 1661 46 23 this

74 1693 87 30 subject
173 1698 23 18 at
207 1699 55 18 rest.

107 1740 61 23 That
180 1740 94 24 distress
287 1740 42 24 and
342 1740 200 32 disappointment,
556 1745 23 19 to
589 1749 13 15 a
610 1749 50 15 cer-

74 1773 47 23 tain
133 1778 84 24 extent,
238 1774 28 23 do
278 1775 86 30 prevail
376 1780 84 24 among
478 1773 38 23 the
535 1775 125 29 emigrants

74 1812 21 17 to
107 1807 58 23 New
177 1807 108 28 Zealand,
302 1808 103 31 requires
422 1815 30 14 no
462 1811 64 26 great
537 1808 85 22 stretch
637 1809 24 21 of

74 1840 108 30 credulity
196 1845 21 18 to
228 1841 79 22 admit.
345 1841 25 23 It
381 1842 19 22 is
413 1844 41 19 not
462 1848 54 23 easy
524 1844 22 19 to
554 1842 105 22 conceive

73 1873 49 23 how
134 1881 43 22 any
191 1873 79 31 colony
282 1882 41 15 can
332 1874 27 23 be
368 1873 117 24 instituted
495 1874 94 23 without
596 1882 63 15 some

73 1906 78 31 degree
164 1907 27 22 of
204 1908 133 30 privations,
358 1908 44 23 and
424 1912 138 25 consequent
582 1907 76 31 disap-

73 1940 132 30 pointment.
242 1940 12 23 I
274 1940 68 22 know
359 1940 25 22 of
400 1947 28 15 no
446 1940 118 29 exception
579 1945 21 17 to
612 1941 46 22 this

75 1973 55 28 rule,
142 1973 77 22 unless
231 1973 97 29 perhaps
342 1973 37 22 the
392 1976 44 18 two
448 1972 66 30 penal
523 1972 100 23 colonies
636 1974 25 21 of

76 2004 56 24 New
143 2005 73 23 South
317 2006 44 22 and
381 2005 55 24 Van
449 2004 119 24 Dieman's
581 2005 74 24 Land.

76 2037 46 24 But
134 2037 34 23 the
179 2039 175 23 circumstances
361 2037 119 32 attending
491 2038 37 23 the
535 2038 122 24 formation

75 2071 24 22 of
114 2071 60 23 these
187 2071 98 23 colonies
303 2079 59 16 were
379 2071 127 31 peculiarly
517 2072 139 28 favourable,

74 2104 47 23 that
133 2112 23 15 as
168 2112 32 15 we
217 2112 41 15 can
276 2104 47 24 find
335 2105 97 29 nothing
443 2104 94 31 parallel
557 2109 22 18 to
596 2105 61 23 them

74 2137 23 23 in
108 2136 82 24 former
201 2138 73 27 times,
288 2145 32 16 we
328 2138 58 23 need
393 2142 40 19 not
441 2142 80 26 expect
529 2142 22 18 to
565 2139 92 22 witness

76 2178 12 15 a
99 2171 116 30 repetition
227 2171 25 23 of
268 2171 37 23 the
318 2178 62 16 same
393 2175 87 27 system
490 2171 24 23 in
526 2171 39 23 the
572 2171 85 24 forma-

76 2204 45 22 tion
133 2204 24 23 of
172 2211 42 24 any
225 2204 75 23 future
314 2204 89 31 colony.
441 2203 64 24 Here
513 2204 37 23 the
558 2205 99 29 settlers,

76 2244 26 15 on
115 2237 55 23 their
183 2237 86 29 arrival,
283 2237 66 24 could
362 2237 78 25 obtain
452 2245 13 15 a
476 2242 89 25 greater
576 2239 81 31 supply

76 2270 23 23 of
114 2269 77 24 labour
213 2270 54 23 than
292 2271 53 31 they
358 2270 99 32 actually
475 2271 118 31 required;
614 2272 45 23 and

76 2302 47 26 that
139 2303 77 23 labour
236 2312 47 15 was
299 2303 121 25 furnished
433 2304 62 23 them
510 2303 84 32 gratis,
617 2310 41 18 not

76 2336 51 31 only
143 2337 22 22 in
186 2338 77 30 regard
283 2343 22 18 to
324 2346 84 23 wages,
431 2337 50 29 but,
505 2338 23 22 in
540 2345 69 24 many
621 2339 36 22 in-

76 2374 93 24 stances,
187 2378 53 16 even
254 2371 22 23 in
290 2372 81 29 regard
381 2376 23 19 to
417 2370 38 24 the
467 2370 100 32 keeping
579 2371 26 23 of
619 2372 39 23 the

74 2402 125 30 labourers;
218 2404 39 23 the
280 2404 138 24 unbounded
441 2404 113 31 liberality
579 2404 24 24 of
618 2405 39 24 the

76 2436 150 24 Government
234 2437 131 32 furnishing
376 2442 41 20 not
425 2437 53 31 only
486 2437 37 24 the
529 2437 128 31 labourers,

74 2469 40 23 but
134 2470 37 23 the
193 2470 52 23 food
263 2471 44 24 and
325 2472 104 30 clothing
444 2472 31 30 by
486 2471 73 24 which
572 2472 38 23 the
622 2472 35 23 la-

74 2502 89 24 bourers
175 2503 120 25 subsisted.
334 2505 60 23 How
407 2512 14 15 a
429 2504 87 32 colony,
529 2505 128 30 originated

74 2535 67 24 under
154 2537 55 23 such
223 2539 112 29 auspices,
357 2537 83 25 should
459 2539 134 30 experience
612 2547 44 23 any

73 2576 53 24 very
135 2575 64 26 great
214 2571 93 23 distress
320 2580 25 15 or
363 2572 126 31 privations
508 2579 74 17 seems
600 2578 57 18 next

74 2606 20 19 to
106 2603 135 31 impossible.
280 2605 22 24 It
315 2606 19 22 is
346 2613 58 21 now,
417 2604 110 29 however,
544 2613 55 23 very
611 2606 44 23 im-

73 2636 102 31 probable
187 2637 47 24 that
245 2646 34 15 we
291 2638 58 24 shall
361 2646 53 16 ever
433 2639 92 22 witness
545 2639 55 23 such
614 2647 40 15 ex-

73 2670 119 30 periments
210 2672 58 22 tried
290 2672 68 30 again
379 2672 24 24 in
427 2671 38 24 the
488 2671 121 25 formation
634 2673 25 23 of

73 2702 102 25 colonies.
212 2704 48 24 But
277 2705 73 29 when,
373 2706 25 23 in
420 2704 38 24 the
469 2705 122 24 formation
603 2706 25 23 of
643 2714 14 15 a

74 2736 83 31 colony,
179 2737 36 24 the
228 2738 91 23 settlers
332 2747 36 15 are
382 2738 31 24 all
424 2738 87 23 thrown
523 2746 62 23 npon
597 2739 59 24 their

73 2777 47 15 own
140 2778 124 22 resources,
267 2784 33 4 —
300 2771 65 24 when
384 2771 82 25 labour
485 2772 19 22 is
523 2776 23 18 to
565 2772 28 23 be
610 2773 45 23 had

73 2802 50 33 only
133 2803 35 23 for
180 2812 89 23 money,
283 2805 44 23 and
339 2813 83 22 money
434 2804 53 32 only
499 2805 35 23 for
541 2805 81 24 labour
623 2819 34 3 —

74 2836 41 22 and
127 2836 48 24 that
186 2841 36 19 too
234 2838 73 23 under
319 2839 176 23 circumstances
514 2838 75 24 where
601 2839 55 23 both

73 2876 78 24 money
174 2870 43 23 and
237 2871 80 23 labour
345 2875 63 20 must
429 2871 28 22 be
482 2872 175 31 comparatively

73 2909 71 17 scaree
146 2916 34 3 —
180 2904 18 22 it
209 2904 20 22 is
236 2908 42 19 not
285 2904 94 23 difficult
389 2910 23 18 to
421 2912 37 15 see
469 2904 48 24 that
524 2904 64 24 there
595 2911 63 17 must

73 2935 26 23 be
117 2944 61 16 some
196 2937 83 31 partial
294 2937 95 24 distress
408 2937 45 23 and
464 2937 193 32 disappointment

75 2975 27 16 on
129 2970 38 22 the
192 2975 51 26 part
269 2971 56 23 both
348 2971 25 23 of
400 2970 39 24 the
462 2972 127 31 employers
613 2972 43 24 and

74 3003 120 30 employed.
258 3004 56 24 And
337 3009 50 19 tnat
411 3011 104 17 common
539 3005 45 24 and
611 3013 44 16 un-

75 3036 110 24 avoidable
207 3038 95 22 distress
325 3038 54 23 does
403 3041 23 19 to
445 3046 13 15 a
476 3039 84 23 certain
578 3044 78 19 extent

74 3070 80 28 prevail
172 3074 23 19 at
213 3071 59 23 New
290 3071 110 29 Zealand,
413 3079 53 25 may
483 3072 29 23 be
532 3072 71 32 easily
615 3073 40 23 ad-

74 3102 75 24 mitted
155 3112 6 19 ;
180 3104 39 23 but
227 3104 50 24 that
285 3105 17 23 it
309 3105 53 23 does
370 3106 158 31 approximate
535 3109 23 20 to
567 3111 88 19 starva-

76 3134 44 24 tion
137 3144 24 15 or
177 3138 97 30 positive
290 3138 94 32 misery,
407 3138 47 24 will
464 3144 41 18 not
516 3139 28 23 be
556 3140 99 23 credited

74 3168 89 24 without
180 3178 61 16 more
260 3172 98 24 credible
370 3172 124 31 testimony
506 3172 55 24 than
573 3173 49 24 that
635 3174 23 23 of

76 3199 58 26 those
146 3205 123 30 renegades
282 3206 49 23 who
343 3206 58 23 have
413 3205 103 24 deserted
525 3205 39 24 the
575 3207 79 24 settle-

75 3240 65 19 ment.
176 3237 12 24 I
200 3238 56 24 have
267 3239 90 31 myself,
371 3238 50 25 Mr.
435 3238 90 30 Editor,
546 3248 52 15 seen
612 3241 43 23 and

76 3271 115 24 conversed
203 3272 54 23 with
269 3280 13 16 a
292 3273 89 31 worthy
393 3272 80 32 couple
483 3272 49 24 who
544 3273 58 24 have
614 3274 41 23 left

76 3299 46 26 that
129 3304 133 31 settlement,
275 3305 45 25 and
330 3314 14 16 a
351 3313 63 17 more
422 3313 60 25 rosy,
495 3306 159 32 plump-look-
660 3307 2 35 j

75 3333 38 32 ing
122 3335 78 26 female
210 3339 56 23 than
278 3340 36 23 the
328 3340 50 24 wife
391 3339 66 24 could
468 3339 80 32 hardly
560 3340 28 23 be
600 3349 54 16 seen

76 3369 111 29 anywhere
196 3380 6 19 ;
221 3372 45 24 and
284 3381 25 15 as
326 3373 35 23 for
374 3373 39 24 the
429 3372 113 30 husband,
567 3373 28 24 he
608 3382 45 16 was

74 3399 37 25 the
132 3410 52 31 yery
205 3405 54 24 beau
281 3406 63 23 ideal
366 3408 25 22 of
411 3405 117 25 Pickwick
551 3407 101 24 himself.

74 3432 95 35 Judging
176 3438 55 24 from
239 3439 59 23 their
306 3441 107 27 exterior,
424 3447 42 16 one
473 3439 74 25 would
555 3448 98 25 suppose

75 3466 45 25 that
136 3473 121 22 starvation
276 3481 68 16 never
355 3473 93 24 entered
466 3473 58 24 their
537 3474 114 32 dwelling.

76 3498 10 24 I
100 3508 39 23 am,
158 3503 118 31 therefore,
297 3507 84 31 clearly
393 3506 26 24 of
434 3507 99 31 opinion,
553 3507 50 25 that
615 3508 37 24 the

74 3539 101 20 accounts
192 3537 97 33 brought
306 3548 28 16 us
353 3540 30 32 by
396 3540 55 23 such
464 3548 97 24 persons
574 3541 25 24 of
614 3541 38 24 the

74 3572 86 24 present
177 3575 56 21 state
252 3573 26 23 of
292 3573 57 23 New
361 3573 110 30 Zealand,
495 3574 72 31 ought
585 3579 23 19 to
624 3575 28 24 he

74 3602 94 25 received
178 3612 47 15 cum
234 3613 73 22 grano
314 3606 66 25 salts.
