2569 3999
119 1108 100 24 Bread.
223 1121 33 4 —
257 1109 49 23 The
330 1110 136 22 excitement
489 1110 111 31 touching
623 1110 37 23 the

74 1142 92 30 general
178 1142 189 23 embarrassment
379 1143 25 22 of
419 1150 40 15 our
477 1143 83 29 affairs,
581 1143 80 29 which,

74 1174 88 24 formed
190 1174 37 23 the
251 1176 134 29 engrossing
414 1176 60 30 topic
496 1181 107 25 amongst
625 1185 36 20 us,

75 1215 75 15 seems
168 1211 24 19 to
210 1208 27 22 be
256 1209 145 30 temporarily
419 1209 138 29 superseded
574 1210 30 29 by
623 1209 38 23 the

75 1240 113 31 arbitrary
199 1241 43 23 and
254 1242 132 23 intolerable
403 1242 79 22 tactics
498 1242 30 30 by
541 1243 85 22 certain
639 1242 25 23 of

75 1281 42 15 our
129 1273 59 23 flour
199 1273 86 23 dealers
298 1274 44 23 and
352 1274 58 24 their
422 1279 88 26 agents.
553 1275 24 23 It
589 1275 72 31 really

75 1306 21 23 is
106 1310 41 19 not
158 1311 23 18 to
192 1306 28 23 be
237 1307 69 23 borne
325 1307 49 23 that
392 1315 14 15 a
426 1307 73 23 whole
523 1309 138 30 community

75 1339 82 23 should
176 1339 28 23 be
221 1340 104 30 pinched,
346 1348 25 15 or
383 1340 118 31 subjected
519 1345 22 19 to
553 1342 108 22 inconve-

74 1372 81 23 nience
173 1373 24 22 in
209 1372 37 23 the
265 1373 78 23 article
354 1374 25 22 of
393 1374 77 28 bread,
488 1378 23 19 to
523 1375 102 22 minister
631 1379 29 20 .to

75 1404 39 24 the
127 1405 108 30 cupidity,
249 1414 25 14 or
285 1410 22 19 to
319 1406 51 23 heal
382 1407 37 22 the
433 1407 117 23 abrasions
562 1407 24 23 of
600 1407 60 23 half-

75 1438 100 23 a-dozen
205 1439 173 31 over-reaching
407 1438 52 32 (but
487 1440 173 32 over-reached)

75 1472 152 29 speculatists.
265 1472 47 23 But
324 1477 22 18 to
357 1472 38 30 lay
407 1473 61 23 aside
480 1480 61 16 mere
558 1474 102 22 animad-

73 1505 99 27 version,
185 1504 31 23 let
227 1512 27 15 us
266 1505 67 23 make
342 1513 13 15 a
360 1506 63 30 plain
430 1510 122 19 statement
559 1506 25 23 of
592 1507 66 22 facts.

75 1536 52 26 Our
145 1545 65 23 crops
228 1538 47 22 this
294 1546 80 16 season
393 1546 37 15 are
442 1543 60 19 most
513 1539 113 23 bountiful
627 1552 34 4 —

75 1577 33 15 we
120 1569 57 25 have
189 1578 29 16 an
229 1571 74 30 ample
322 1571 80 32 supply
414 1572 25 23 of
452 1572 67 30 grain
538 1581 28 14 on
584 1572 74 30 hand;

74 1604 118 22 extensive
204 1604 156 31 importations
369 1613 37 15 are
414 1605 67 23 about
492 1609 23 19 to
522 1606 28 22 be
562 1606 99 31 brought

73 1640 24 18 to
121 1644 41 15 our
185 1637 91 28 shores;
305 1637 50 29 and,
391 1639 62 21 since
476 1646 41 15 our
538 1639 52 27 last,
623 1640 37 22 the

73 1668 151 31 Argyleshire
242 1670 41 23 has
295 1671 86 23 arrived
400 1671 56 23 with
475 1673 74 26 3,000
572 1672 88 23 barrels

74 1701 26 23 of
105 1702 59 23 flour
175 1702 58 24 from
256 1703 130 31 Liverpool.
423 1704 52 23 The
497 1704 79 30 Delhi,
600 1705 60 24 from

73 1734 39 23 the
126 1735 69 31 Cape,
218 1736 55 23 with
296 1738 74 27 2,016
388 1737 101 28 barrels;
508 1738 38 22 the
571 1738 87 29 Triton,

72 1767 60 24 from
144 1768 104 29 London,
268 1769 55 23 with
340 1773 74 25 5,000
432 1771 94 22 bushels
538 1771 25 22 of
577 1771 81 29 wheat,

73 1801 45 23 and
131 1803 48 22 600
192 1802 87 23 barrels
290 1802 26 24 of
329 1804 58 22 flour
394 1813 5 19 ;
420 1804 44 22 and
482 1804 38 22 the
538 1803 120 29 Nautilus,

73 1834 60 24 from
145 1835 111 28 Calcutta,
270 1836 54 23 with
338 1839 88 26 18,000
440 1837 92 23 bushels
543 1837 24 23 of
576 1838 81 23 wheat.

74 1867 53 29 &c,
140 1868 53 28 &c,
228 1868 52 23 The
289 1867 111 25 Malcolm
413 1870 44 23 and
465 1870 37 23 the
514 1870 144 28 Australian,

71 1900 61 24 from
150 1901 130 32 Liverpool,
299 1902 55 23 each
372 1903 108 30 bringing
498 1903 59 23 their
569 1909 42 17 two
633 1912 26 15 or

71 1934 45 23 five
139 1934 113 23 thousand
273 1935 93 26 barrels,
390 1936 111 30 expected
523 1936 72 30 daily;
620 1938 38 22 the

73 1966 87 27 Talma,
178 1967 44 23 and
233 1967 39 23 the
287 1967 49 23 Van
348 1967 77 24 Buren
441 1968 58 24 from
519 1969 37 23 the
571 1969 88 25 United

73 1999 85 29 States,
183 2000 61 30 early
263 2001 24 22 in
306 2000 37 23 the
363 2002 96 30 ensuing
477 2009 54 23 year
545 2002 55 23 with
620 2007 38 19 ten

71 2032 114 24 thousand
197 2034 85 22 barrels
289 2042 6 19 ;
315 2034 54 22 with
385 2035 87 22 several
492 2035 97 23 London
605 2044 52 15 ves-

71 2065 55 29 sels,
138 2066 108 31 bringing
258 2067 57 22 flour
327 2067 23 22 in
361 2072 90 25 greater
463 2075 25 16 or
498 2068 45 23 less
562 2076 95 23 propor-

71 2100 48 22 tion
127 2108 5 19 ;
153 2100 45 22 and
209 2104 37 26 yet
258 2100 77 22 within
348 2100 63 23 three
423 2100 63 31 days,
507 2101 38 23 the
562 2102 61 29 price
635 2102 26 24 of

69 2131 71 24 bread
158 2132 41 23 has
222 2133 58 22 been
302 2133 114 23 advanced
445 2134 148 30 seventy-five
611 2143 47 22 per

72 2166 66 22 cent!
142 2166 8 22 !
158 2166 33 22 7
203 2165 25 23 If
243 2173 51 15 ever
310 2166 38 22 the
368 2166 91 24 shadow
479 2167 24 23 of
519 2175 13 15 a
543 2175 66 15 cause
622 2168 35 24 for

70 2197 46 24 this
135 2199 44 22 rise
192 2206 57 15 were
266 2199 65 24 made
344 2204 44 23 out,
407 2200 18 22 it
437 2201 74 29 might
521 2200 97 32 perhaps
628 2202 28 23 be

71 2232 123 22 submitted
206 2236 35 20 to:
259 2232 42 23 but
312 2232 38 23 the
362 2240 52 16 case
425 2234 20 22 is
482 2233 95 23 without
588 2234 66 30 form,

70 2264 45 24 and
243 2265 25 23 It
286 2266 19 22 is
324 2274 14 14 a
355 2270 97 24 wanton,
472 2267 134 30 gratuitous,
619 2268 36 23 in-

70 2298 47 23 sult
128 2298 44 23 and
184 2299 131 30 imposition
332 2307 62 22 upon
412 2299 38 23 the
468 2300 89 31 people.
594 2300 23 24 It
635 2301 20 23 is

68 2336 41 18 not
120 2331 38 23 the
171 2333 113 29 operative
303 2331 84 24 classes
406 2333 64 22 alone
492 2333 49 23 that
552 2333 45 24 feel
608 2334 46 24 this

68 2371 120 24 pressure;
207 2373 69 22 many
292 2366 25 22 in
335 2365 38 23 the
388 2366 113 31 middling
520 2366 43 23 and
581 2367 73 24 better

68 2397 94 29 classes,
176 2398 26 22 of
214 2398 89 23 limited
313 2406 85 21 means,
411 2399 54 22 with
477 2399 62 31 large
557 2400 97 24 families

69 2430 46 23 and
126 2430 129 30 domestics,
277 2439 37 16 are
332 2432 116 31 subjected
461 2437 22 18 to
502 2434 103 22 material
617 2435 37 22 in-

68 2465 158 22 convenience.
264 2464 29 24 In
305 2464 63 24 these
380 2473 71 21 cases,
465 2465 38 24 the
515 2466 91 24 baker's
613 2468 41 23 bill

67 2497 47 23 will
126 2498 27 23 be
165 2497 105 31 fearfully
282 2498 129 30 magnified.
447 2499 48 23 But
503 2500 38 23 the
550 2500 107 24 mischief

68 2529 54 25 does
135 2535 39 19 not
186 2530 43 24 end
241 2531 52 23 here
301 2541 5 19 ;
327 2531 64 24 when
402 2532 70 23 bread
484 2533 66 29 rises,
564 2533 61 24 there
633 2535 20 22 is

68 2572 14 15 a
95 2568 133 19 concurrent
240 2564 98 24 advance
350 2566 23 22 in
385 2565 31 24 all
426 2566 39 23 the
474 2566 64 23 other
546 2568 108 22 essential

68 2597 90 23 articles
181 2597 26 23 of
220 2599 165 30 consumption,
404 2599 90 29 indeed,
514 2599 140 32 throughout
663 2598 2 25 i

67 2630 38 23 the
118 2638 109 23 economy
239 2631 24 23 of
279 2631 75 31 things
367 2632 23 23 in
402 2633 100 30 general.
539 2633 24 23 It
578 2634 75 24 would
663 2638 2 6 '

66 2663 30 23 be
114 2663 44 24 idle
178 2668 22 18 to
219 2663 101 32 disguise
338 2665 38 23 the
388 2666 53 28 fact,
465 2674 26 15 or
503 2670 23 19 to
538 2667 71 31 speak
622 2668 29 30 by

66 2697 108 29 inuendo,
188 2697 47 24 that
246 2698 46 23 this
304 2698 98 23 advance
412 2699 24 22 in
447 2699 59 23 flour
525 2700 20 22 is
564 2709 13 14 a
590 2709 61 15 com-

66 2729 110 30 bination,
206 2731 95 30 directly
320 2731 44 23 and
386 2732 120 31 indirectly
529 2735 124 22 connected

66 2763 55 23 with
134 2764 37 23 the
181 2763 45 24 late
234 2764 92 23 failures
329 2777 31 3 —
360 2764 113 25 whatever
480 2774 48 23 way
537 2767 37 23 the
583 2775 68 24 ques-

66 2797 49 22 tion
125 2797 29 23 be
166 2797 88 28 turned,
340 2797 45 25 this
406 2799 143 31 complexion
562 2801 17 22 it
591 2806 62 18 must

66 2837 65 16 come
142 2832 25 21 at
282 2830 96 25 Heaven
388 2832 75 23 forbid
474 2832 50 23 that
530 2841 34 15 we
571 2833 82 25 should

66 2862 52 24 load
130 2871 13 17 a
154 2863 82 30 falling
246 2872 60 21 man,
326 2865 41 23 but
379 2872 13 15 a
410 2865 81 31 falling
508 2874 52 16 man
580 2868 19 22 is
612 2873 41 18 not

66 2900 23 20 to
101 2905 53 14 save
165 2896 94 23 himself
273 2897 58 24 from
346 2898 35 23 his
395 2906 49 15 own
462 2900 190 31 precipitantness

66 2934 23 18 at
101 2929 39 23 the
152 2938 99 23 expense
263 2931 25 22 of
303 2931 69 30 thirty
384 2931 114 24 thousand
508 2933 76 23 others
592 2942 5 15 :
623 2934 29 23 he

65 2962 50 24 who
128 2963 67 24 could
207 2971 55 15 even
280 2964 72 23 desire
370 2969 22 18 to
412 2964 28 24 do
458 2965 54 29 this,
531 2966 75 24 would
623 2967 29 24 be

63 2996 73 31 justly
155 2996 98 32 exposed
272 3001 22 19 to
312 2997 76 31 public
407 3006 66 16 scorn
491 2999 43 24 and
546 3000 105 31 indigna-

66 3030 56 25 tion.
158 3030 51 23 The
227 3030 78 31 public
324 3039 36 15 are
379 3036 40 19 not
430 3036 22 19 to
464 3032 29 24 be
511 3034 74 22 trifled
597 3034 55 24 with

65 3063 23 24 in
100 3062 39 24 the
150 3063 78 24 article
240 3063 25 23 of
286 3064 75 25 bread.
398 3065 30 29 If,
452 3066 25 22 in
500 3066 38 24 the
562 3068 89 23 natural

66 3103 79 17 course
157 3097 25 22 of
197 3097 85 31 things,
304 3105 13 15 a
335 3098 97 32 scarcity
448 3107 64 16 come
529 3108 62 23 upon
613 3109 36 21 us,

64 3137 34 15 we
111 3129 83 25 endure
207 3130 17 22 it
239 3130 53 22 with
309 3131 110 30 patience,
444 3133 45 23 and
507 3135 144 29 expectation

66 3162 25 23 of
106 3161 77 29 relief;
203 3163 41 22 but
261 3163 64 24 when
344 3164 140 24 Providence
499 3166 42 23 has
560 3166 91 25 blessed

64 3203 29 15 us
108 3195 56 23 with
182 3195 113 25 bountiful
313 3204 73 24 crops,
406 3198 45 24 and
469 3198 65 24 other
552 3201 97 23 circum-

65 3233 90 18 stances
178 3236 38 15 are
235 3231 157 30 concurrently
410 3232 138 31 auspicious,
573 3234 77 31 surely

64 3269 34 15 we
110 3270 38 16 are
159 3265 41 19 not
211 3266 22 18 to
245 3262 28 23 be
285 3264 80 22 visited
376 3265 54 23 with
443 3265 37 23 the
493 3267 90 30 rigours
596 3267 25 23 of
636 3276 14 15 a

65 3295 101 30 drought
178 3302 26 17 or
214 3295 65 23 other
290 3297 103 31 scarcity,
406 3302 22 19 to
441 3306 93 24 pamper
546 3300 38 23 the
595 3309 54 22 pro-

64 3328 103 31 digality,
181 3336 25 15 or
217 3333 67 19 atone
294 3330 34 22 for
340 3330 38 23 the
397 3331 24 23 ill
440 3340 91 16 success
544 3333 25 23 of
584 3342 65 15 over-

63 3361 109 31 reaching
179 3362 152 30 speculatists.
367 3363 58 24 This
434 3370 89 24 cannot,
532 3371 62 18 must
600 3371 47 25 not,

62 3394 29 24 he
103 3395 67 23 done.
207 3395 23 23 It
239 3395 27 29 is,
280 3395 108 30 however,
400 3404 63 17 some
470 3398 68 24 relief
547 3404 22 18 to
581 3399 68 25 know

63 3427 49 24 that
124 3428 64 23 there
200 3436 37 15 are
249 3428 47 24 still
308 3436 62 16 some
410 3431 116 30 righteous
538 3440 52 16 men
625 3434 23 23 in

61 3461 47 23 this
132 3462 53 31 city.
220 3461 25 23 A
263 3462 43 22 few
327 3462 25 23 of
367 3471 40 15 our
428 3464 138 30 merchants,
590 3467 59 23 flour

61 3494 99 29 holders,
172 3502 99 24 purpose
279 3495 104 31 retailing
393 3497 19 22 it
423 3502 23 18 at
456 3498 40 23 2d.
515 3506 40 24 per
562 3500 84 30 pound.

61 3528 59 23 This
143 3528 47 23 will
212 3528 28 23 be
259 3528 71 30 really
346 3536 28 15 an
391 3533 35 19 act
449 3530 26 23 of
489 3531 158 31 benevolence,

60 3561 82 29 which,
155 3561 67 24 while
233 3562 19 22 it
263 3561 78 31 brings
353 3561 63 24 them
428 3562 38 24 the
479 3563 84 25 thanks
575 3566 25 23 of
609 3566 38 25 the

61 3596 148 29 community,
216 3594 46 24 will
270 3602 31 16 we
308 3594 44 23 feel
360 3596 101 28 assured,
474 3597 24 22 in
506 3605 13 15 a
526 3599 122 31 pecuniary

59 3628 66 30 point
132 3628 25 23 of
165 3629 65 28 view,
242 3628 28 23 be
279 3629 29 22 its
316 3636 50 15 own
373 3629 93 23 reward.
468 3641 34 4 —
502 3630 144 25 Australian.

94 3669 51 24 The
163 3667 90 33 Sydney
265 3668 94 23 Herald
376 3673 81 26 quotes
477 3669 38 24 the
533 3671 115 32 following

59 3702 59 24 from
131 3711 14 14 a
155 3702 46 26 late
212 3701 124 25 American
347 3709 71 23 paper
426 3710 6 15 :
434 3714 34 4 —

87 3741 101 21 Highly
209 3740 141 23 Important
372 3740 149 21 Discovery.
522 3752 28 4 —
550 3742 44 21 The
611 3750 35 13 ex-

58 3769 85 29 ploring
152 3768 125 26 expedition
286 3769 38 19 has
339 3768 89 20 covered
439 3768 59 20 itself
512 3769 52 23 with
578 3771 68 25 glory.

59 3796 90 26 Captain
158 3796 88 24 Wilkes,
258 3796 23 19 in
291 3796 36 19 the
339 3796 121 23 Vincennes,
477 3796 38 21 has
532 3798 114 20 asoertain-

58 3824 33 24 ed,
102 3824 84 25 beyond
196 3824 28 20 all
240 3823 106 26 question,
356 3823 37 20 the
409 3824 106 19 existence
525 3824 24 19 of
564 3831 12 13 a
589 3828 58 23 great

58 3851 110 21 Antarctic
186 3850 123 22 Continent,
329 3850 42 20 and
395 3850 39 22 has
456 3851 92 26 actually
567 3852 79 20 skirted

58 3879 63 25 along
139 3878 29 20 its
188 3881 58 17 coast
266 3878 129 25 throughout
414 3884 58 14 more
489 3879 52 19 than
561 3879 39 20 56°
625 3881 23 19 of

58 3905 117 27 longitude.
204 3905 45 20 The
258 3905 124 27 particulars
393 3905 24 20 of
425 3905 42 20 this
478 3905 115 27 important
604 3907 40 21 dis-

59 3939 82 18 covery,
153 3939 23 13 so
188 3933 31 19 far
230 3939 21 13 as
261 3933 50 24 they
322 3939 33 13 are
372 3933 76 19 known
466 3935 22 18 to
507 3940 31 17 us,
551 3940 33 14 are
595 3941 49 13 con-

1316 3888 114 26 Learning
1439 3888 17 21 is
1466 3888 45 22 like
1525 3887 145 22 bank-notes.
1701 3888 117 23 Prudence
1836 3888 42 23 and

1286 3914 61 27 good
1356 3914 123 22 behaviour
1488 3922 36 14 arc
1535 3914 45 21 like
1594 3914 73 26 silver,
1686 3915 72 21 useful
1775 3923 59 19 upon
1851 3915 27 22 all

1288 3941 123 20 occasions.

323 45 319 35 SUPPLEMENT
665 46 63 32 TO
750 46 101 32 THE
874 44 111 34 NEW
1007 44 229 40 ZEALAND
1258 43 218 32 GAZETTE
1498 42 102 32 AND
1623 40 331 33 WELLINGTON
1976 41 291 35 SPECTATOR.

1392 125 170 24 WESTERN
1578 124 213 24 AUSTRALIA.

689 127 72 20 tained
778 127 22 20 in
817 128 36 20 the
862 127 108 26 following
986 129 81 19 extract
1076 127 57 20 from
1146 127 37 21 the
1194 126 77 26 Sydney

686 154 88 27 fierald
791 154 61 27 (New
871 155 67 20 South
954 154 88 27 Wales),
1060 154 26 20 of
1102 153 77 21 March
1195 154 33 23 12,
1244 153 26 21 for

691 181 69 20 which
769 187 31 14 we
816 188 35 13 are
868 181 99 21 indebted
983 184 23 17 to
1023 188 12 13 a
1051 180 134 21 commercial
1202 181 66 24 house,

692 209 46 19 •who
748 208 97 20 received
853 209 19 19 it
881 209 55 19 from
945 209 56 20 their
1012 207 84 27 Sydney
1105 207 163 26 correspondent.

691 234 45 22 The
745 240 56 15 same
811 240 65 21 paper
892 235 43 20 also
953 235 96 19 contains
1061 234 65 26 (from
1142 235 36 19 the
1194 234 75 20 Hobarl

694 262 63 20 Town
768 262 96 26 Courier)
876 262 137 20 information
1023 261 24 21 of
1054 262 103 19 the-same
1162 261 108 20 Continent

691 289 77 25 having
781 289 53 20 been
844 295 57 18 seen,
911 295 29 13 on
955 289 36 19 the
1004 294 57 14 same
1079 289 48 26 day,
1138 289 80 24 though
1228 289 23 19 in
1261 294 9 14 a

692 315 96 20 different
800 316 115 25 longitude,
926 315 28 26 by
968 316 36 19 the
1021 315 81 20 French
1119 315 108 26 exploring
1241 321 27 14 ex*

691 342 94 26 pedition
793 350 6 16 ;
814 342 39 20 but
863 343 36 19 the
914 343 62 19 latter
985 348 42 14 was
1044 342 77 20 unable
1134 344 23 17 to
1173 342 96 26 approach

692 369 36 19 the
745 372 59 17 coast
821 376 48 13 save
886 372 21 17 at
923 376 13 13 a
950 369 68 25 single
1037 369 68 25 point,
1122 369 42 20 and
1180 369 49 19 does
1240 371 30 18 not

691 402 77 19 appear
787 398 22 18 to
827 396 52 21 have
894 402 53 14 even
956 402 55 15 seen.,
1019 402 57 14 more
1087 396 50 19 than
1148 401 12 13 a
1169 395 39 21 few
1218 396 51 20 miles

691 423 25 19 of
729 423 24 24 it,
765 423 90 20 whereas
872 424 35 19 the
916 423 111 20 American
1044 422 120 26 expedition
1180 429 41 13 saw
1237 423 32 19 and

691 450 109 20 examined
817 450 23 23 it,
853 456 22 14 as
890 450 72 21 before
978 449 75 25 stated,
1067 450 34 20 for
1119 456 12 13 a
1148 449 94 21 distance
1255 450 16 20 of

691 482 57 14 more
760 477 51 20 than
821 478 39 19 56°
871 478 23 19 of
902 476 118 25 longitude.

717 503 45 19 The
782 504 50 19 iand
851 504 122 20 discovered
991 503 30 26 by
1041 503 89 26 Captain
1148 503 89 25 Palmer,
1255 504 15 20 in

692 530 53 20 1820
747 541 27 3 —
775 531 36 24 21,
822 530 41 20 and
874 530 97 21 revisited
987 530 29 26 by
1025 531 43 20 him
1079 532 22 18 in
1114 531 102 24 1821—2,
1227 532 19 19 is
1255 532 15 19 in

691 558 72 25 nearly
774 558 36 19 the
821 564 56 15 same
886 558 95 23 latitude,
993 563 37 20 say
1041 558 38 19 64°
1090 557 31 24 S.,
1129 558 39 19 but
1174 558 23 19 in
1207 565 13 12 a
1228 565 42 20 very

691 584 97 20 different
807 585 109 26 longitude
937 585 55 20 from
1017 586 36 19 the
1075 585 73 19 above.
1190 584 80 26 Captain

691 611 89 23 Palmer,
790 612 24 19 in
825 613 52 19 1821
880 624 26 3 —
907 614 20 21 2,
938 619 40 13 run
989 614 63 23 along
1061 612 28 19 its
1100 614 59 17 coast
1169 612 54 19 from
1232 613 36 20 lon,

691 639 38 22 64°
747 640 57 19 West
820 642 22 17 to
858 640 40 20 49°
911 640 63 23 West,
995 639 80 25 (fifteen
1096 638 101 26 degrees).
1233 640 36 19 The

691 669 85 22 present
795 666 124 21 discoveries
935 673 35 13 are
989 666 24 20 in
1028 667 54 19 East
1099 666 110 25 longitude
1222 666 48 21 from

691 692 90 20 London
791 694 41 18 and
844 694 65 18 Paris.

719 719 21 20 It
750 726 67 14 seems
827 727 51 19 very
887 720 99 26 probable
1002 723 23 17 to
1041 726 32 18 us,
1089 720 47 20 that
1152 720 37 20 the
1205 723 63 17 exten-

691 746 43 20 sive
749 747 50 19 land
817 753 48 14 seen
883 748 27 25 by
929 748 90 25 Captain
1039 747 83 24 Biscoe,
1140 747 97 26 (British)
1255 748 14 19 in

692 774 60 23 1831,
764 774 43 19 lon.
820 775 45 23 66°,
876 774 36 20 lat.
924 776 40 19 47°
972 774 34 24 E.,
1018 775 18 20 is
1046 781 12 13 a
1074 777 48 23 part
1133 775 24 19 of
1171 776 35 19 the
1221 781 48 13 same

690 803 58 23 great
764 801 111 20 continent
884 807 48 14 now
945 802 120 19 discovered
1081 802 29 25 by
1119 802 36 19 the
1169 802 101 25 exploring;

691 828 127 25 expedition.
848 828 34 20 He
891 835 50 19 gave
951 831 22 18 to
984 830 18 18 it
1012 830 35 19 the
1057 835 61 14 name
1128 829 24 19 of
1160 829 109 25 Enderby's

691 854 66 21 Land.
787 855 27 20 In
824 856 35 19 the
870 856 106 25 following
990 862 51 20 year
1056 856 26 19 he
1092 856 93 20 touched
1198 862 57 20 upon
1261 862 9 14 a

691 884 57 18 coast
769 882 24 20 of
810 884 109 19 uncertain
936 885 80 19 extent,
1035 883 22 20 in
1077 884 66 19 about
1162 884 35 19 the
1221 889 48 14 same

691 910 94 23 latitude,
797 910 42 20 and
858 910 108 26 longitude
983 911 40 20 70°
1041 910 63 20 West.
1133 910 53 20 This
1202 910 41 20 last
1258 911 11 20 is

690 937 103 25 probably
800 944 12 13 a
821 940 48 22 part
880 938 23 19 of
912 937 100 20 Palmer's
1024 937 66 20 Land.

718 963 21 20 It
748 964 18 19 is
777 965 71 25 nearly
858 965 79 19 certain
948 965 46 19 that
1005 964 100 20 Palmer's
1117 964 59 20 Land
1187 965 40 19 and
1242 965 26 20 the

691 996 45 14 new
747 990 116 21 Continent
873 997 34 14 are
917 994 39 17 not
973 992 123 24 connected,
1098 1002 27 3 —
1126 992 33 20 for
1174 992 21 20 in
1215 993 53 24 1714,

690 1018 22 19 in
722 1018 65 19 about
802 1018 108 26 longitude
922 1019 52 19 106°
985 1019 42 24 W.,
1041 1019 88 26 Captain
1141 1019 60 20 Cook
1213 1025 54 20 pene-

690 1045 67 19 trated
773 1048 22 16 to
813 1045 88 20 latitude
918 1047 39 19 71°
975 1046 40 24 10',
1027 1047 88 19 without
1125 1047 80 24 finding
1219 1047 48 20 land,

691 1071 26 20 In
729 1073 61 23 1823,
799 1072 88 26 Captain
895 1073 88 19 Waddel
990 1073 88 20 reached
1088 1074 88 20 latitude
1188 1075 37 19 74°
1238 1075 29 24 15',

691 1098 29 24 S.,
732 1099 68 19 which
817 1100 18 19 is
851 1101 36 19 the
902 1100 83 25 highest
1004 1100 105 20 Southern
1126 1101 87 20 latitude
1229 1108 39 13 ever

690 1126 100 20 attained.
827 1127 26 19 In
875 1128 52 20 1773
948 1127 61 21 Cook
1028 1129 122 25 penetrated
1171 1132 21 16 to
1213 1128 55 20 about

689 1153 89 20 latitude
795 1154 45 24 68°,
858 1155 24 19 in
898 1155 109 25 longitude
1027 1155 51 20 140°
1090 1155 41 24 W.,
1148 1156 43 19 and
1204 1158 23 17 to
1239 1156 29 20 66°

690 1181 41 19 and
741 1181 96 26 upwards
853 1182 22 20 in
885 1182 107 25 longitude
1003 1182 64 20 about
1084 1183 51 19 162°
1146 1183 67 19 West.
1242 1183 26 20 No

689 1208 51 20 land
748 1209 23 18 in
781 1209 68 20 either
858 1216 54 14 case.
941 1209 26 19 In
977 1210 37 20 the
1024 1216 56 14 same
1091 1216 49 19 year
1151 1211 27 19 he
1190 1211 78 19 reached

689 1235 89 20 latitude
788 1236 39 20 66°
837 1237 23 19 in
870 1237 108 24 longitude
987 1238 40 18 40°
1039 1237 24 19 E.
1094 1237 57 21 Here
1170 1237 26 20 he
1211 1237 57 20 found

689 1269 62 19 many
760 1263 88 24 islands,
859 1265 42 18 and
910 1265 47 18 firm
968 1264 59 20 fields
1038 1264 23 20 of
1074 1265 41 19 ice.
1144 1265 45 19 The
1199 1265 69 25 proba.

689 1289 60 26 bility
759 1290 27 25 is,
797 1291 47 19 that
854 1291 57 20 these
920 1291 87 24 islands,
1020 1292 22 19 in
1058 1291 27 20 E.
1103 1292 108 26 langitude
1227 1292 40 25 40°,

689 1323 35 13 are
734 1317 35 19 the
780 1320 97 23 outposts
887 1318 23 20 of
919 1318 35 20 the
970 1318 117 20 Continent
1097 1325 49 13 seen
1163 1320 29 25 by
1201 1318 67 21 Biscoc

689 1345 22 18 in
726 1344 26 20 E.
764 1345 110 26 longitude
889 1346 48 23 47°,
956 1346 42 19 and
1014 1346 85 19 coasted
1119 1346 63 26 along
1198 1347 29 25 by
1241 1348 27 19 the

688 1371 112 21 American
818 1372 115 27 Exploring
950 1372 128 27 Expedition
1089 1374 55 19 from
1161 1375 38 20 98°
1211 1374 26 20 E.
1253 1377 14 18 to

691 1400 52 17 154°
755 1399 26 18 E.
793 1406 7 8 •>

717 1425 27 20 So
754 1426 19 19 it
783 1433 66 13 seems
866 1427 46 20 that
928 1428 36 19 the
979 1428 37 19 old
1032 1428 47 19 idea
1094 1428 24 20 of
1134 1435 27 13 an
1179 1429 89 20 Antartic

689 1452 117 21 Continent
822 1455 18 18 is
851 1457 87 22 correct,
950 1455 81 25 though
1049 1458 38 17 not
1105 1456 24 19 of
1144 1456 36 20 the
1195 1457 73 25 magni-

689 1480 49 20 tude
753 1482 114 25 supposed.
960 1482 28 19 all
1004 1482 37 20 the
1056 1483 58 26 early
1228 1490 40 19 says

688 1507 36 20 the
742 1507 162 27 Encyclopaedia
913 1510 23 19 of
955 1509 133 27 Geography,
1150 1511 54 25 huge
1225 1517 42 14 con-

688 1534 90 21 tinental
797 1542 54 14 mass
872 1537 100 19 encircles
993 1538 35 19 the
1046 1538 97 19 Antartic
1161 1538 55 26 pole,
1234 1538 34 21 and

687 1567 96 21 presents
793 1565 23 18 to
827 1564 34 19 the
872 1566 57 22 great
939 1570 65 13 ocean
1012 1570 12 13 a
1031 1566 128 20 continuous
1171 1566 76 19 circuit
1254 1566 16 20 of

687 1590 61 21 shore
759 1590 100 25 reaching
869 1591 69 20 round
948 1592 35 19 the

903 1651 155 21 GEELONG.

720 1685 44 23 We
778 1686 57 23 have
846 1687 103 23 received
960 1686 39 24 the
1007 1688 84 23 second
1099 1688 96 24 number
1203 1689 25 23 of
1238 1689 28 24 the

689 1717 99 32 Geelong
796 1719 143 27 Advertise?-,
964 1720 75 23 whicli
1061 1722 104 22 contains
1184 1730 29 15 an
1225 1722 41 24 able

687 1752 78 22 article
789 1760 30 15 on
842 1752 38 23 the
903 1753 181 24 administration
1107 1754 25 23 of
1144 1755 84 30 justice
1251 1757 15 22 in

688 1784 113 31 Geelong.
839 1785 75 24 There
921 1786 20 23 is
950 1786 47 23 also
1005 1794 29 15 an
1042 1787 79 23 article
1129 1795 29 15 on
1193 1788 73 25 Public

846 1818 70 24 From
938 1819 39 23 the
1000 1819 60 23 Port
1071 1820 91 31 Phillip
1170 1820 95 29 Patriot,

687 1858 32 15 we
731 1851 64 23 learn
806 1851 48 24 that
928 1856 97 28 attempt
1044 1858 21 18 to
1083 1854 68 23 crush
1164 1854 37 23 the
1216 1854 50 23 Gee-

687 1883 53 31 lovg
746 1884 136 24 Advertiser
893 1886 23 22 in
928 1886 30 22 its
1053 1886 45 23 had
1111 1887 70 23 taken
1192 1888 73 31 place;

687 1917 115 23 doubtless
815 1926 24 15 as
853 1926 13 15 a
877 1919 146 30 punishment
1032 1919 35 24 for
1075 1919 39 24 the
1121 1920 145 31 independent

686 1957 95 16 manner
804 1952 24 21 in
847 1952 72 22 which
942 1952 19 22 it
979 1960 120 22 expresses
1116 1953 30 22 its
1160 1955 105 28 opinions,

686 1982 43 23 We
743 1983 90 29 subjoin
846 1988 99 19 extracts
955 1993 5 14 :—:
963 1997 34 3 —

720 2016 173 24 Conspiracy.
895 2030 34 3 —
929 2017 44 23 We
984 2018 58 22 have
1053 2018 71 23 heard
1141 2019 58 23 from
1219 2028 46 22 very

686 2048 59 31 good
759 2049 122 30 authority,
904 2050 53 22 that
966 2058 12 14 a
991 2051 152 23 consultation
1154 2059 46 16 was
1213 2052 52 29 held,

685 2081 45 23 last
742 2082 102 31 Sunday,
869 2091 29 14 on
910 2082 42 24 the'
966 2084 130 31 possibility
1115 2084 25 23 of
1155 2086 93 29 putting
1258 2093 7 15 a

686 2118 50 27 stop
748 2119 22 19 to
780 2115 45 23 this
833 2124 77 23 paper.
947 2117 43 22 We
1003 2124 42 16 can
1053 2125 79 15 assure
1141 2117 37 23 the
1188 2119 77 29 public,

685 2147 110 30 however,
816 2148 49 23 that
884 2157 24 15 so
927 2148 55 32 long
1001 2157 25 16 as
1045 2150 53 30 they
1116 2151 82 23 extend
1212 2156 21 18 to
1246 2159 19 16 us

685 2180 58 24 their
753 2186 133 26 patronage,
909 2190 34 16 we
961 2183 60 23 shall
1037 2183 49 23 fear
1105 2183 96 32 nothing
1214 2185 51 23 from

685 2221 44 23 any
742 2214 64 24 other
823 2220 98 25 quarter.

719 2248 58 24 The
790 2248 111 24 Blacks.
903 2261 34 4 —
938 2249 50 23 The
1013 2254 106 27 outrages
1140 2251 124 24 committed

683 2281 32 29 by
726 2281 64 23 these
809 2282 106 23 innocent
934 2282 102 24 children
1049 2284 25 23 of
1089 2288 80 19 nature
1189 2293 36 15 are
1247 2293 17 15 so

683 2314 105 31 frequent
800 2315 50 23 that
861 2315 38 23 the
911 2315 91 23 settlers
1014 2324 38 16 are
1185 2318 56 23 used
1250 2323 14 18 to

806 2348 24 23 A
851 2349 59 22 tribe
922 2349 25 22 of
963 2348 79 24 blacks
1054 2350 45 23 last
1110 2351 72 28 week,
1204 2351 60 24 drove

683 2385 122 19 seventeen
827 2381 69 32 sheep
914 2382 59 23 from
995 2382 47 24 Mr.
1057 2383 118 24 Murton's
1188 2385 76 23 station

683 2421 30 16 on
724 2414 38 23 the
775 2415 147 31 Grampians,
936 2415 45 24 and
992 2415 46 24 had
1050 2421 39 18 not
1096 2416 38 24 the
1147 2418 117 30 shepherds

682 2446 78 24 shown
771 2456 13 14 a
796 2448 139 24 determined
955 2449 74 31 spirit,
1053 2449 89 25 further
1165 2456 99 26 outrages

682 2481 73 22 would
767 2481 58 23 have
844 2482 92 22 ensued.

717 2514 68 23 Sale
799 2522 29 16 of
842 2515 85 24 Land.
930 2528 32 3 —
966 2515 38 24 On
1022 2516 122 32 Thursday
1162 2517 45 24 last
1225 2526 39 15 was

680 2547 54 23 held
746 2547 38 24 the
795 2548 55 23 land
861 2549 47 23 sale
919 2549 30 31 by
964 2548 47 25 Mr.
1028 2550 101 28 Forster,
1144 2550 72 24 which
1227 2552 37 23 had

680 2580 58 24 been
750 2581 126 31 adjourned
886 2582 59 23 from
952 2582 38 24 the
998 2584 106 30 previous
1112 2584 72 24 week.
1220 2585 44 24 The

681 2614 47 23 sale
740 2622 46 15 was
799 2615 50 24 well
863 2615 113 29 attended,
997 2616 45 23 and
1061 2616 38 23 the
1118 2617 60 29 land,
1197 2618 67 24 whicli

681 2648 115 23 consisted
808 2649 25 22 of
847 2648 64 24 three
924 2649 50 23 half
988 2657 64 15 acres
1070 2651 24 22 in
1115 2651 75 23 South
1209 2651 55 24 Gee-

680 2680 62 31 long,
755 2689 14 9 v
767 2686 49 18 /ent
827 2682 34 23 off
875 2687 23 18 at
910 2682 42 23 fair
963 2683 83 30 prices.
1083 2683 52 24 One
1154 2684 110 25 allotment

680 2718 24 19 at
716 2715 37 23 the
766 2722 80 16 corner
858 2715 26 23 of
898 2715 75 23 Yarra
985 2716 44 24 and
1049 2716 169 31 Fyans-street,
1239 2720 24 25 7o

679 2747 47 23 feet
737 2748 103 31 frontage
853 2749 44 23 and
908 2750 31 23 65
952 2749 47 23 feet
1009 2749 63 32 deep,
1081 2750 91 25 fetched
1183 2752 37 24 £2
1233 2755 30 22 ss,

679 2787 42 24 per
734 2781 54 23 foot.
825 2782 52 23 The
888 2782 118 31 following
1017 2783 20 23 is
1049 2791 30 15 an
1091 2784 100 24 abstract
1198 2785 25 23 of
1232 2785 32 24 the

680 2814 73 23 result
766 2815 25 22 of
807 2815 38 23 the
858 2815 46 24 sale
913 2824 5 15 :—:
921 2829 33 3 —

708 2846 119 21 Allotment
838 2848 23 19 11
874 2848 24 19 of
910 2848 62 20 block
983 2848 12 21 6
1096 2848 63 22 £465
1188 2851 11 19 0
1229 2853 13 18 0

708 2874 128 21 Allotments
846 2876 13 19 3
870 2875 41 20 and
920 2877 20 22 4,
952 2882 57 14 same
1020 2876 70 21 block.
1115 2878 40 20 365
1187 2879 10 20 9
1227 2880 12 19 0

919 2930 63 20 Total
1096 2931 62 23 £830
1189 2935 11 19 9
1229 2935 11 19 0

715 2957 115 25 Orders.
833 2971 34 4 —
868 2959 51 24 The
940 2959 66 24 order
1024 2961 109 23 nuisance
1150 2963 21 22 is
1194 2967 23 18 at
1239 2964 26 23 its

679 2990 43 24 full
740 2991 80 31 height
835 2992 23 23 in
877 2992 106 31 Geelong
1001 2997 24 19 at
1043 2999 107 26 present;
1171 3001 59 18 most
1248 2997 17 23 of

680 3032 41 16 our
733 3032 83 24 money
828 3027 151 23 transactions
992 3034 38 16 are
1049 3027 84 24 settled
1150 3028 31 31 by
1194 3029 70 24 orders

680 3065 28 16 on
721 3058 38 23 the
772 3058 137 25 Melbourne
920 3059 84 29 banks,
1013 3060 74 24 which
1099 3062 19 22 is
1131 3063 133 31 excessively

679 3091 168 30 inconvenient,
860 3093 45 23 and
917 3101 80 15 causes
1009 3101 30 16 an
1051 3100 110 25 apparent
1173 3097 91 31 scarcity

679 3124 26 23 of
713 3133 82 23 money
807 3126 67 23 when
882 3134 29 15 no
923 3126 57 23 such
992 3128 97 30 scarcity
1102 3129 79 23 exists.
1219 3130 45 23 The

679 3158 45 24 evil
736 3159 18 23 is
766 3159 120 24 increased
897 3159 30 31 by
940 3159 38 23 the
990 3159 54 30 fact,
1058 3161 49 23 that
1119 3162 19 22 if
1148 3170 13 15 a
1173 3167 91 27 twenty-

677 3192 90 30 pounds
787 3192 65 24 order
875 3193 28 23 be
921 3193 108 24 tendered
1047 3194 24 23 in
1089 3201 108 24 payment
1216 3197 25 23 of
1255 3205 9 15 a

678 3226 141 30 ten-pounds
832 3225 59 30 debt,
905 3226 38 24 the
961 3227 95 24 balance
1075 3228 20 23 is
1115 3230 110 29 expected
1243 3235 20 18 to

679 3257 27 24 be
724 3258 91 24 handed
833 3267 53 16 over
903 3260 23 23 in
947 3259 57 24 hard
1028 3260 54 24 cash
1091 3262 5 22 !
1133 3262 52 24 The
1208 3268 55 19 esta-

677 3291 125 24 blishment
810 3293 25 23 of
844 3301 13 15 a
868 3293 87 23 branch
966 3291 63 26 bank
1042 3299 84 19 cannot
1136 3295 30 24 be
1174 3296 90 32 delayed

677 3325 68 23 much
757 3325 89 30 longer.

1331 181 152 25 Execution
1493 188 30 17 otf
1532 188 55 16 two
1595 188 162 17 aboriginal
1766 186 118 19 natives.

1296 227 35 4 —
1331 214 50 25 The
1393 219 98 19 warrant
1502 215 34 23 for
1549 213 38 23 the
1604 214 122 22 execution
1745 213 26 23 of
1785 213 39 23 the
1843 217 42 18 two

1296 249 96 27 natives,
1409 249 18 12 *'
1435 246 119 32 Doodjeeb
1567 245 44 24 and
1801 246 85 29 having

1296 280 104 24 received
1430 280 38 23 the
1491 281 117 29 signature
1631 278 25 24 of
1677 278 38 24 his
1744 278 142 30 Excellency

1298 314 118 22 Governor
1425 313 68 28 Hutt,
1505 312 39 24 the
1552 311 89 23 Sheriff
1646 311 31 23 G.
1686 311 30 23 F.
1725 311 80 30 Stone,
1818 311 66 30 Esq.,

1296 345 126 31 proceeded
1439 349 23 20 to
1481 351 65 23 carry
1564 344 38 23 the
1621 350 107 19 sentence
1739 344 49 23 into
1811 344 73 23 effect.

1298 378 50 24 The
1360 378 95 31 culprits
1467 384 57 17 were
1536 376 81 31 placed
1632 377 24 23 in
1668 384 14 16 a
1701 381 56 24 cart,
1778 381 24 19 to
1813 375 73 24 which

1298 410 52 31 they
1358 418 58 15 were
1424 410 101 28 chained,
1538 409 45 23 and
1594 409 39 24 the
1640 414 76 26 party,
1728 409 55 23 with
1795 417 13 16 a
1815 413 71 19 suita-

1298 444 36 23 ble
1345 447 81 24 escort,
1447 442 96 24 reached
1556 442 106 24 Guilford
1675 443 69 22 about
1764 445 12 21 1
1791 441 94 29 o'clock,

1298 484 29 15 on
1345 476 115 30 Tuesday,
1484 476 41 25 7th
1546 475 95 24 instant.
1677 476 40 23 On
1736 475 61 23 their
1820 475 68 30 being

1297 509 79 31 placed
1388 510 23 22 in
1424 509 38 23 the
1474 513 47 19 cart
1537 512 24 18 at
1576 508 38 23 the
1625 509 80 30 prison
1723 508 63 29 door,
1807 507 78 29 Perth,

1298 542 52 30 they
1362 541 93 23 evinced
1472 549 28 15 no
1517 541 63 29 signs
1592 541 26 22 of
1634 541 55 29 fear,
1713 541 43 22 but
1773 540 56 23 took
1848 539 38 24 the

1298 574 70 23 whole
1380 574 136 31 proceeding
1526 581 56 23 very
1592 574 96 30 quietly,
1702 574 129 31 depending
1849 570 37 33 (as

1298 609 17 21 it
1327 614 45 16 was
1384 607 125 31 supposed)
1520 614 62 23 upon
1594 614 14 15 a
1620 607 84 23 chance
1717 607 25 22 of
1757 614 87 21 rescue,
1862 614 25 14 or

1297 640 50 23 that
1357 647 63 16 some
1432 640 70 30 slight
1512 639 148 32 punishment
1667 638 75 25 would
1749 640 29 22 be
1787 638 100 25 inflicted

1296 680 61 23 upon
1369 672 61 24 them
1442 678 24 18 at
1477 671 75 30 York,
1566 672 43 23 and
1623 672 53 31 they
1688 671 75 24 would
1773 672 29 24 be
1820 671 66 32 again

1297 710 36 19 set
1343 710 23 18 at
1376 706 72 30 large.
1484 704 94 29 Indeed,
1591 704 54 32 they
1656 704 93 32 begged
1757 710 23 18 to
1789 705 28 24 be
1829 706 57 28 flog-

1296 738 51 31 ged,
1367 737 45 24 and
1433 737 117 32 promised
1567 744 69 16 never
1655 742 23 18 to
1698 739 93 21 commit
1808 746 14 15 a
1839 736 47 24 like

1297 771 85 23 offence
1390 780 7 19 ;
1416 779 14 14 a
1440 772 99 30 promise
1550 770 59 23 little
1620 775 23 18 to
1655 770 28 23 be
1693 770 117 31 depended
1818 777 68 24 upon,

1297 804 44 24 and
1352 812 14 17 a
1377 804 147 31 punishment
1536 800 32 33 (if
1583 803 18 22 it
1619 803 45 22 had
1682 803 58 22 been
1752 804 101 29 possible
1865 807 21 17 to

1297 837 58 22 have
1375 837 104 23 remitted
1495 837 38 22 the
1552 834 119 32 sentence)
1689 836 101 30 unequal
1808 840 23 19 to
1849 835 38 22 the

1294 870 49 31 just
1353 870 136 22 retribution
1500 869 59 23 their
1569 868 98 24 heinous
1679 868 99 23 offences
1789 869 98 30 impera-

1297 903 68 30 tively
1378 903 70 22 called
1460 903 42 23 for.
1538 900 67 32 They
1618 901 116 23 exhibited
1743 909 30 15 no
1788 902 65 30 signs
1865 901 24 23 of

1296 935 70 23 alarm
1387 936 59 22 until
1468 936 57 22 after
1543 934 54 31 they
1615 934 45 23 had
1672 934 84 31 passed
1771 934 59 24 their
1838 941 49 17 own

1296 969 99 29 hunting
1414 969 110 29 grounds,
1544 967 69 23 about
1631 968 64 23 three
1714 967 67 24 miles
1800 976 29 15 on
1848 967 38 23 the

1297 1002 64 23 other
1373 1001 48 23 side
1432 1002 26 22 of
1474 1002 36 23 the
1528 1000 113 31 half-way
1659 1001 72 23 house
1740 1010 6 19 ;
1766 1000 90 28 indeed,
1869 1001 18 22 it

1296 1042 45 16 was
1354 1039 40 19 not
1404 1035 82 30 visibly
1498 1033 116 24 indicated
1626 1034 58 23 until
1696 1034 53 30 they
1764 1033 89 25 arrived
1865 1038 23 18 at

1296 1067 67 24 York
1372 1076 6 19 ;
1398 1067 57 24 their
1467 1066 76 25 minds
1554 1066 71 32 being
1637 1067 113 31 evidently
1763 1066 125 32 impressed

1296 1100 55 24 with
1363 1108 13 15 a
1387 1100 70 24 belief
1474 1100 47 24 that
1540 1099 53 32 they
1611 1100 76 23 would
1704 1100 29 22 be
1750 1100 97 23 rescued
1859 1107 27 15 on

1297 1134 58 23 their
1367 1141 51 15 own
1435 1132 108 32 grounds,
1564 1132 28 30 by
1611 1132 60 23 their
1689 1133 68 22 tribe.
1794 1134 34 22 At
1849 1132 38 23 the

1298 1166 119 31 Half-way
1428 1166 71 23 house
1510 1167 19 21 it
1540 1173 46 15 was
1596 1165 112 23 observed
1719 1165 49 23 that-

1403 1199 111 23 trembled
1536 1198 166 31 considerably,
1733 1198 42 23 but
1801 1199 19 22 it
1841 1205 46 16 was

1296 1232 97 31 thought
1410 1232 46 23 this
1475 1238 63 18 arose
1555 1231 60 23 from
1634 1231 38 23 the
1691 1235 51 26 spot
1760 1231 70 31 being
1849 1230 38 23 the

1297 1273 67 15 scene
1376 1265 26 23 of
1416 1265 38 22 the
1465 1264 92 24 murder
1569 1264 25 23 of
1609 1264 112 30 Murphy,
1740 1272 64 15 some
1822 1272 64 24 years

1296 1298 66 29 back,
1375 1299 24 22 in
1410 1298 74 23 which
1495 1298 29 23 he
1536 1304 46 16 was
1593 1305 15 15 a
1626 1297 120 31 principal.
1783 1298 40 23 An
1841 1305 45 14 un-

1296 1331 80 24 loaded
1387 1339 47 23 gun
1447 1331 44 23 and
1503 1336 42 18 two
1557 1330 82 30 pistols
1652 1338 58 15 were
1722 1330 80 31 placed
1813 1331 24 22 in
1848 1330 38 22 the

1297 1369 55 24 cart,
1366 1364 72 23 which
1449 1364 31 31 by
1491 1365 38 22 the
1541 1367 61 19 most
1622 1364 121 29 ingenious
1763 1363 89 23 devices
1854 1376 32 3 —

1296 1398 29 30 by
1339 1397 168 31 endeavouring
1518 1400 22 19 to
1557 1396 62 23 draw
1631 1397 34 22 off
1679 1396 39 23 the
1736 1397 112 22 attention
1865 1396 24 23 of

1297 1430 38 23 the
1352 1435 67 26 party
1420 1444 33 3 —
1455 1430 51 31 they
1525 1429 65 23 made
1609 1430 109 31 repeated
1736 1434 108 27 attempts
1863 1433 23 19 to

1296 1465 68 22 seize.
1402 1463 29 23 In
1442 1463 39 23 the
1494 1462 77 31 sequal
1584 1462 24 23 of
1625 1471 40 15 our
1677 1463 122 29 narrative,
1811 1464 19 22 it
1841 1462 45 23 will

1296 1497 28 23 be
1331 1504 52 15 seen
1390 1505 42 14 one
1437 1505 53 14 man
1497 1500 39 27 got
1542 1496 53 22 hold
1602 1496 25 23 of
1636 1496 39 23 the
1682 1504 55 22 gun,
1745 1496 45 23 and
1798 1496 88 23 excited

1296 1538 61 13 some
1369 1531 88 20 natives
1470 1535 21 16 to
1505 1528 54 23 offer
1571 1536 63 15 some
1646 1529 62 22 show
1717 1529 25 22 of
1750 1530 133 21 resistance.

1330 1563 39 23 On
1385 1562 38 24 the
1441 1564 107 28 morning
1567 1562 24 23 of
1608 1562 38 23 the
1665 1563 64 28 10th,
1754 1562 39 23 the
1811 1566 73 27 party,

1295 1596 55 23 with
1362 1604 30 15 an
1410 1595 123 24 additional
1552 1600 75 18 escort
1646 1595 24 23 of
1691 1595 60 23 rank
1770 1595 45 23 and
1839 1594 45 29 file,

1296 1628 44 24 and
1360 1637 43 15 one
1422 1632 112 27 sergeant,
1555 1628 127 31 proceeded
1702 1633 22 19 to
1736 1628 40 23 the
1787 1628 64 31 place
1864 1628 24 23 of

1296 1663 127 28 execution,
1442 1662 69 24 about
1522 1666 39 18 ten
1571 1661 68 23 miles
1657 1666 23 18 to
1700 1661 38 23 the
1757 1661 129 23 southward

1296 1695 25 23 of
1335 1695 74 24 York.
1445 1696 67 23 After
1536 1694 121 30 travelling
1670 1703 14 14 a
1701 1695 42 22 few
1756 1694 74 29 miles,
1849 1695 36 22 six

1294 1729 88 23 natives
1394 1728 65 23 made
1481 1728 57 23 their
1562 1735 148 23 appearance,
1734 1727 52 23 well
1808 1727 77 24 armed

1295 1761 53 23 with
1359 1762 63 30 glass
1433 1769 86 23 spears.
1557 1760 66 31 They
1634 1768 57 15 were
1703 1760 95 23 allowed
1809 1766 23 18 to
1844 1768 40 23 ap-

1293 1795 85 30 proach
1388 1802 56 16 near
1456 1793 89 31 enough
1559 1797 22 19 to
1593 1793 39 23 the
1642 1799 49 17 cart
1703 1799 22 17 to
1738 1798 63 19 enter
1813 1795 47 22 into
1873 1802 12 14 a

1295 1828 157 23 conversation
1473 1828 54 23 with
1546 1826 37 23 the
1604 1827 95 31 culprits
1708 1836 6 20 ;
1734 1827 45 23 and
1797 1828 23 22 in
1841 1826 43 24 this

1294 1861 103 23 instance
1417 1861 38 23 the
1478 1861 96 23 absence
1594 1860 25 22 of
1635 1868 28 15 au
1682 1861 137 30 interpreter
1839 1867 46 15 was

1294 1894 113 31 seriously
1427 1894 48 23 felt.
1517 1893 51 23 The
1589 1893 117 24 animated
1728 1893 157 24 conversation

1294 1927 74 23 which
1380 1927 92 28 ensued,
1485 1927 37 23 the
1535 1934 82 23 savage
1630 1927 44 22 and
1693 1927 133 30 revengeful
1844 1934 40 14 ex-

1294 1960 103 30 pression
1410 1960 103 30 depicted
1524 1960 24 21 in
1565 1959 37 22 the
1621 1964 166 18 countenances
1807 1960 25 22 of
1848 1959 37 22 the

1295 1997 43 18 two
1361 1992 102 31 culprits,
1486 1992 95 30 coupled
1599 1992 55 22 with
1673 1992 39 22 the
1731 1993 89 22 seizure
1833 1991 25 24 of
1873 2000 13 13 a

1293 2033 55 23 gun,
1361 2025 31 31 by
1404 2033 42 15 one
1458 2025 25 23 of
1499 2025 61 23 them
1573 2025 65 30 lying
1650 2028 22 19 at
1684 2024 39 23 the
1734 2025 62 22 back
1807 2025 25 22 of
1848 2024 37 23 the

1295 2062 54 24 cart,
1369 2058 89 22 excited
1470 2058 37 22 the
1516 2058 151 22 natives-wbo
1680 2058 45 22 had
1741 2058 51 30 just
1807 2057 78 31 joined

1294 2091 61 23 them
1368 2095 22 19 to
1404 2091 50 31 ship
1467 2091 58 23 their
1538 2098 86 23 spears,
1638 2091 44 23 and
1692 2091 54 30 they
1756 2098 57 16 were
1821 2091 64 23 atone

1293 2124 107 31 repulsed
1411 2125 30 30 by
1453 2124 37 23 the
1503 2124 99 23 resolute
1615 2124 135 23 conducfof
1768 2124 36 23 the
1824 2123 61 24 mili-

1295 2162 56 26 tary.
1388 2157 51 24 The
1451 2165 58 23 guns
1522 2157 25 23 of
1563 2157 38 23 the
1613 2162 75 18 escort
1701 2164 58 16 were
1775 2157 111 30 instantly

1293 2190 82 30 raised,
1388 2190 45 24 and
1446 2191 37 23 the
1496 2190 87 23 natives
1595 2190 103 23 skulked
1709 2198 64 23 away
1787 2191 48 22 into
1848 2189 37 23 the

1293 2224 66 29 bush,
1383 2224 42 23 but
1442 2223 104 31 repaired
1565 2228 21 18 to
1599 2223 39 23 the
1657 2223 88 23 several
1769 2223 117 32 adjoining

1292 2257 61 28 hills,
1367 2257 52 29 and,
1431 2258 31 30 by
1474 2257 98 31 lighting
1585 2256 58 24 their
1655 2257 75 31 signal
1741 2257 62 29 fires,
1823 2265 62 16 com-

1293 2291 130 22 municated
1434 2296 22 18 to
1474 2291 37 23 the
1529 2289 169 32 neighbouring
1712 2290 70 23 tribes
1801 2298 28 15 an
1842 2298 42 15 un-

1293 2324 66 23 usual
1376 2328 75 24 event,
1472 2324 43 23 and
1534 2323 82 31 spread
1635 2324 38 23 the
1693 2324 52 30 sign
1764 2324 26 23 of
1804 2324 79 23 alarm.

1293 2356 38 24 No
1344 2357 124 23 resistance
1480 2364 53 21 was,
1546 2356 111 28 however,
1670 2356 93 29 offered,
1776 2356 108 31 although

1291 2390 19 23 it
1322 2398 45 15 was
1379 2390 103 23 believed
1493 2397 69 23 many
1581 2390 88 23 natives
1682 2397 58 16 were
1760 2395 124 26 spectators

1293 2423 25 23 of
1333 2423 38 24 the
1383 2432 74 15 scene.
1494 2423 80 24 About
1586 2423 149 31 twenty-four
1748 2423 136 32 Europeans

1291 2464 59 16 were
1361 2461 99 27 present,
1474 2457 45 24 and
1529 2464 68 23 many
1611 2456 26 23 of
1653 2457 37 22 the
1708 2457 91 23 settlers
1811 2465 24 15 m
1847 2456 37 23 the

1291 2490 188 31 neighbourhood
1489 2489 122 24 witnessed
1623 2489 38 24 the
1670 2491 128 28 execution,
1811 2489 73 25 which

1291 2531 35 16 we
1338 2531 51 22 may
1402 2524 80 29 briefly
1498 2524 110 23 describe.

1326 2557 75 23 When
1413 2557 38 23 the
1463 2562 66 26 party
1550 2556 93 24 arrived
1662 2561 24 19 at
1697 2557 38 23 the
1748 2562 52 26 spot
1810 2557 74 23 where

1291 2590 39 23 the
1351 2590 92 23 murder
1466 2599 46 14 was
1535 2590 145 30 perpetrated
1681 2602 34 4 —
1716 2590 37 23 the
1775 2590 63 32 place
1863 2590 23 23 of

1292 2625 120 21 execution
1413 2637 33 3 —
1447 2623 38 23 the
1504 2623 145 31 delinquents
1661 2630 60 16 were
1738 2623 111 25 observed
1862 2628 21 19 to

1291 2661 54 19 turn
1352 2656 59 24 their
1416 2656 70 24 heads
1491 2657 59 23 from
1556 2656 37 23 the
1602 2656 53 31 only
1663 2657 130 31 remaining
1799 2657 84 30 vestige

1291 2689 25 23 of
1332 2690 58 24 their
1403 2691 140 23 devastation
1545 2702 33 3 —
1579 2697 12 15 a
1604 2689 68 23 small
1684 2689 114 32 chimney,
1811 2690 73 24 which

1290 2723 65 24 stood
1368 2731 25 16 as
1412 2732 14 15 a
1443 2728 134 19 monument
1589 2722 25 24 of
1630 2722 38 24 the
1687 2723 85 23 violent
1791 2729 92 25 outrage

1289 2756 55 31 they
1356 2757 45 23 had
1413 2756 137 24 committed.
1588 2756 66 24 Here
1662 2756 31 24 all
1699 2756 60 32 hope
1769 2757 27 23 of
1804 2765 79 23 escape

1289 2790 113 31 appeared
1415 2796 20 17 to
1454 2790 39 23 fail
1512 2790 71 23 them.
1620 2790 52 23 The
1689 2798 105 24 younger
1805 2791 26 23 of
1846 2790 37 23 the

1290 2828 44 19 two
1345 2825 115 30 prisoners
1473 2829 46 18 met
1529 2823 37 23 his
1578 2823 45 23 end
1635 2823 54 24 with
1706 2832 15 14 a
1738 2823 91 32 dogged
1840 2823 45 25 and

1291 2856 140 25 determined
1442 2858 73 30 spirit,
1528 2865 26 14 as
1566 2857 18 22 it
1594 2856 115 32 appeared
1729 2857 26 23 of
1769 2865 98 24 revenge
1876 2867 5 19 ;

1290 2889 39 25 the
1348 2890 53 31 only
1421 2891 145 31 expressions
1584 2886 67 27 made
1662 2898 41 16 use
1723 2891 26 23 of
1769 2891 114 32 conveyed

1290 2931 29 15 an
1331 2924 134 31 impression
1479 2925 22 22 in
1513 2924 36 23 his
1563 2931 50 15 own
1625 2924 64 23 mind
1702 2923 48 24 that
1762 2924 29 23 he
1810 2924 73 25 would

1291 2957 45 23 rise
1347 2965 31 23 up
1390 2965 14 15 a
1437 2957 68 24 white
1635 2957 72 23 which
1726 2958 19 22 it
1764 2966 46 15 was
1829 2965 54 16 con-

1289 2990 96 29 sidered,
1411 2990 162 32 strengthened
1590 2990 38 23 his
1649 2990 134 25 resolution.
1832 2990 51 25 The

1290 3023 61 25 elder
1364 3032 61 20 man,
1438 3023 64 24 when
1515 3023 29 24 he
1555 3023 72 23 found
1640 3023 30 23 all
1682 3023 60 32 hope
1762 3024 25 23 of
1803 3032 80 23 escape

1289 3056 46 24 had
1345 3057 69 23 failed
1426 3057 55 29 him,
1499 3056 44 24 and
1555 3056 38 23 the
1613 3064 42 24 cap
1674 3064 47 15 was
1740 3057 78 24 drawn
1830 3065 53 16 over

1289 3090 36 23 his
1334 3098 60 23 eyes,
1407 3090 85 24 fainted
1502 3100 5 19 ;
1526 3090 46 22 and
1584 3095 18 17 it
1613 3098 46 15 was
1672 3090 54 23 with
1738 3090 69 24 much
1822 3091 59 23 diffi-

1289 3123 61 31 culty
1358 3123 28 24 he
1395 3124 65 23 could
1468 3124 28 23 be
1508 3123 65 24 made
1586 3127 22 19 to
1621 3124 53 28 rise,
1688 3124 58 23 until
1756 3124 38 23 the
1802 3131 79 24 opera-

1288 3157 60 23 tions
1368 3157 26 23 of
1409 3157 37 23 the
1466 3157 157 23 executioners
1648 3156 71 31 (after
1737 3157 40 23 the
1797 3157 46 24 She
1858 3157 28 23 iff

1289 3190 44 23 had
1355 3190 54 23 read
1437 3190 38 24 the
1503 3194 99 19 warrant
1623 3190 36 23 for
1682 3190 39 23 the
1749 3189 132 32 execution)

1288 3224 113 23 launched
1411 3224 63 23 them
1485 3225 48 22 into
1545 3224 107 30 eternity.
1689 3224 51 23 The
1759 3224 80 23 horror
1860 3223 24 23 of

1288 3257 69 31 being
1368 3257 64 31 hung
1451 3265 45 16 was
1515 3257 102 30 sensibly
1635 3257 49 29 felt,
1709 3257 45 23 and
1773 3257 54 31 they
1844 3264 37 15 re-

1287 3290 106 31 peatedly
1416 3290 72 24 asked
1505 3295 23 19 to
1540 3290 29 23 be
1589 3290 55 23 shot
1662 3298 26 16 or
1707 3291 96 30 speared
1803 3304 33 3 —
1837 3290 44 24 and

1288 3323 57 24 such
1357 3331 46 16 was
1415 3323 59 24 their
1485 3331 83 22 savage
1580 3324 67 31 spirit
1665 3324 26 23 of
1705 3331 107 24 revenge,
1832 3323 49 24 that

1288 3356 54 32 they
1352 3364 59 16 were
1423 3356 139 25 understood
1583 3361 22 19 to
1625 3364 96 24 express
1740 3365 14 15 a
1772 3357 74 24 desire
1859 3361 21 19 to

1286 3391 52 31 flog,
1345 3390 64 23 three
1427 3391 97 30 friendly
1542 3390 90 23 natives
1651 3390 50 23 who
1720 3390 161 32 accompanied

1286 3423 40 24 the
1339 3428 74 19 escort
1423 3424 34 23 for
1469 3424 81 28 daring
1560 3427 23 19 to
1595 3431 65 15 come
1671 3424 72 23 there.

1322 3457 51 24 The
1392 3458 145 30 expressions
1556 3456 67 23 made
1641 3464 42 16 use
1703 3457 25 23 of
1743 3457 33 31 by
1788 3457 38 24 the
1839 3464 40 17 na-

1288 3490 66 29 tives,
1373 3490 124 24 confirmed
1508 3497 41 16 our
1561 3489 73 23 belief
1643 3489 50 23 that
1707 3498 64 16 some
1785 3494 96 27 attempt

1288 3523 47 24 will
1356 3523 29 24 be
1408 3523 66 24 made
1496 3528 23 19 to
1541 3522 114 24 retaliate.
1702 3523 45 23 We
1769 3531 55 23 may
1851 3523 29 23 be

1287 3564 80 23 wrong
1378 3558 25 22 in
1413 3557 101 31 forming
1524 3555 47 23 this
1583 3556 102 30 opinion,
1698 3556 42 23 but
1751 3557 19 22 it
1782 3557 97 23 behoves

1288 3590 40 23 the
1346 3590 90 23 settlers
1456 3594 23 19 to
1497 3591 28 22 be
1545 3597 30 14 on
1592 3589 61 23 their
1676 3589 81 31 guard,
1770 3590 45 23 and
1827 3591 53 29 they

1288 3628 84 18 cannot
1383 3627 38 19 too
1433 3622 110 31 carefully
1555 3622 74 23 watch
1643 3622 39 23 the
1693 3623 152 32 proceedings
1858 3622 24 24 of

1288 3657 40 22 the
1339 3657 96 22 natives.

1322 3690 51 24 The
1396 3690 74 23 minor
1493 3688 80 25 details
1594 3688 28 24 of
1642 3688 46 24 this
1707 3691 122 22 execution
1846 3697 33 16 we

1287 3723 59 24 have
1364 3723 84 34 passed
1467 3731 59 20 over,
1546 3722 42 23 but
1610 3730 35 15 we
1663 3727 84 18 cannot
1771 3723 108 24 conclude

1288 3756 47 24 this
1346 3758 82 27 notice,
1441 3757 95 23 without
1555 3756 137 31 expressing
1710 3764 42 15 our
1764 3758 115 29 gratifica-

1288 3791 50 22 tion
1348 3794 24 19 at
1383 3790 39 23 the
1439 3789 165 32 praiseworthy
1616 3789 99 23 conduct
1733 3789 26 24 of
1775 3790 39 23 the
1825 3791 54 24 51st

1287 3824 121 29 regiment.
1411 3836 33 4 —
1444 3823 94 24 Hobart
1551 3822 67 23 Town
1629 3822 148 24 Advertiser.

705 3382 57 22 New
785 3384 126 22 American
934 3385 117 22 Printing
1070 3386 122 24 Machine.
1193 3399 27 5 —
1220 3389 43 22 The

676 3410 149 27 Philadelphia
836 3411 93 26 (United
947 3412 81 27 States)
1048 3413 93 28 Gazette,
1155 3416 86 22 notices
1255 3424 8 13 a

677 3443 50 15 new
745 3438 102 27 printing
868 3438 110 27 machine,
994 3446 52 15 now
1065 3440 24 22 in
1112 3443 113 26 operation
1246 3446 17 19 at

677 3464 116 27 Hanover,
815 3465 56 22 New
890 3465 86 28 Jersey,
997 3466 38 22 the
1053 3466 118 24 invention
1187 3470 25 21 of
1222 3470 41 21 Mr.

677 3491 98 22 Thomas
789 3491 97 23 Trench.
914 3492 48 22 The
980 3500 52 19 rags
1049 3500 37 16 are
1105 3495 68 21 taken
1194 3499 21 19 to
1230 3497 33 22 the

677 3518 47 22 null
741 3518 46 22 and
801 3519 66 21 made
883 3519 47 21 into
946 3526 76 21 paper,
1039 3520 73 22 which
1129 3522 19 22 is
1158 3530 42 14 run
1216 3531 28 14 on
1255 3531 8 14 a

676 3545 47 21 reel
734 3545 45 21 and
793 3545 66 21 taken
872 3549 22 18 to
905 3545 36 23 the
954 3547 101 27 printing
1068 3548 112 27 machine,
1196 3551 67 21 which

677 3571 70 27 prints
764 3572 36 22 six
816 3572 95 27 spelling
925 3573 70 22 books
1011 3573 25 22 in
1053 3581 43 15 one
1114 3576 93 27 minute,
1223 3577 40 22 and

677 3598 62 22 three
748 3598 105 22 hundred
861 3599 70 22 books
941 3599 24 22 in
974 3607 28 15 an
1013 3600 64 23 hour.
1107 3601 47 22 The
1162 3606 62 25 types
1230 3612 33 14 are

676 3628 35 18 set
730 3632 29 14 on
776 3632 30 16 an
825 3626 49 21 iron
889 3626 107 28 cylinder,
1018 3627 45 22 and
1080 3635 43 15 one
1142 3630 121 23 revolution

675 3651 72 27 prints
757 3659 14 14 a
780 3652 66 22 book.
875 3653 47 21 The
936 3653 75 23 sheets
1021 3662 37 14 are
1075 3655 91 27 printed
1175 3664 28 14 on
1214 3658 49 21 both

676 3678 58 22 sides
744 3682 23 18 at
777 3686 43 14 one
830 3680 122 27 operation,
964 3680 45 22 and
1024 3681 36 22 the
1077 3682 41 21 ink
1134 3683 18 21 is
1167 3685 96 26 supplied

677 3704 29 28 by
713 3712 14 14 a
736 3705 66 23 roller
812 3706 82 22 moved
903 3707 28 26 by
938 3707 139 28 machinery.
1107 3709 47 21 The
1164 3710 99 23 inventor

675 3731 19 22 is
705 3739 49 15 now
771 3733 103 26 engaged
886 3740 28 14 on
931 3741 14 13 a
960 3735 103 21 machine
1082 3735 49 22 that
1147 3737 45 22 will
1208 3738 55 27 print

676 3761 43 19 two
729 3766 104 15 common
844 3759 70 22 bibles
923 3760 25 22 in
958 3768 43 14 one
1009 3761 93 21 minute.

701 3791 47 22 The
755 3799 40 15 use
804 3793 26 24 of
836 3792 93 28 reading
936 3794 25 26 is,
970 3796 23 19 to
1001 3795 64 20 settle
1074 3803 57 19 your
1134 3796 127 29 judgment;

675 3822 40 17 not
724 3822 22 17 to
756 3819 116 22 confound
881 3820 17 21 it
908 3820 29 26 by
948 3827 13 14 a
969 3820 87 28 variety
1067 3822 26 21 of
1105 3824 109 27 opinions,
1226 3832 37 15 nor

675 3847 23 20 to
708 3846 91 21 enslave
809 3846 18 21 it
836 3846 31 27 by
877 3846 120 28 authority.

701 3878 72 22 Don't
791 3879 29 22 be
839 3886 91 21 uneasy,
951 3881 21 21 if
983 3888 45 16 yon
1046 3886 84 18 cannot
1145 3888 83 19 master
1237 3885 25 23 all

675 3905 95 22 science.
799 3906 50 21 You
867 3914 50 19 may
936 3908 70 27 easily
1023 3909 66 22 know
1101 3911 89 27 enough
1207 3916 21 17 to
1239 3913 24 20 he

673 3932 59 26 good
743 3932 44 22 and
797 3932 76 26 hnppy

78 133 89 22 written
179 130 126 29 document,
319 129 73 24 which
401 129 46 25 had
462 129 60 23 been
538 128 126 24 forwarded

78 169 25 19 to
115 164 47 23 him
176 163 54 23 with
241 170 62 16 some
315 162 66 26 cattle
399 162 50 25 that
465 162 48 22 had
529 162 58 22 been
604 165 59 19 tres-

77 197 96 30 passing
191 196 44 23 and
252 203 57 16 were
328 199 50 18 sent
397 199 24 18 to
440 195 26 23 be
485 193 80 31 placed
583 194 23 22 in
625 193 38 23 the

78 229 77 30 pound
163 228 70 24 under
244 228 36 22 his
289 228 106 32 keeping.
432 226 99 31 Though
543 225 121 32 possessed

78 261 27 22 of
119 268 15 16 a
148 261 108 22 tolerable
275 259 65 26 share
359 259 25 23 of
399 267 74 20 sense,
491 259 38 23 the
546 258 118 31 pounding

78 294 8 11 '
96 293 75 29 Lion,'
191 292 54 26 used
258 292 36 23 his
305 292 104 23 utmosed
426 292 115 23 exertions
560 292 24 22 in
602 291 60 27 vain,

77 329 24 20 to
114 325 104 31 decipher
230 325 38 23 the
280 325 108 30 meaning
399 324 25 24 of
440 325 38 24 the
491 329 90 25 strange
593 323 70 23 docu-

77 363 64 19 ment
148 367 7 18 ;
168 358 111 27 however,
292 358 30 22 all
333 357 36 23 his
377 357 103 30 energies
487 356 68 30 being
562 356 101 23 fruitless

77 391 45 23 and
136 391 57 22 after
205 390 84 30 calling
301 397 14 15 a
327 388 110 32 Major's
447 390 31 27 in,
492 393 22 19 to
527 389 35 22 his
581 389 80 22 assist-

78 430 56 16 ance
145 423 39 22 the
196 422 148 30 thirty-ninth
361 424 61 26 time,
442 422 35 23 for
488 421 36 22 his
536 422 98 30 opinion,
646 422 18 21 it

77 463 47 15 was
136 455 69 23 about
216 460 22 18 to
250 456 29 22 be
289 456 68 29 given
371 463 29 22 up
412 462 25 15 as
449 462 14 16 a
474 454 44 22 bad
526 454 48 30 job,
595 453 68 23 when

76 487 67 30 (very
156 488 148 30 fortunately)
317 492 23 18 at
348 487 36 23 the
390 491 108 24 moment,
508 494 14 15 a
529 485 134 26 newsfinder

76 520 128 31 accidently
223 522 63 29 pop't
303 521 31 27 in,
354 520 45 23 and
417 527 29 15 on
465 518 38 24 the
522 523 51 19 note
592 519 70 30 being

75 553 81 31 placed
168 554 24 22 in
204 553 33 23 his
254 553 80 28 hands,
352 553 28 23 he
399 552 53 22 with
471 556 63 26 great
552 551 111 32 difficulty

76 586 66 23 made
153 586 17 22 it
182 590 39 19 out
239 590 22 19 to
280 585 61 29 read,
366 586 6 11 '
381 586 48 22 that
447 590 44 17 two
510 592 59 16 cows
586 583 45 24 and
650 591 13 15 a

76 619 48 22 calf
137 618 44 23 had
193 619 57 22 been
258 623 50 17 sent
321 623 22 17 to
354 617 38 23 the
404 617 76 31 pound
493 618 53 23 with
554 617 107 29 damages

75 651 79 22 fifteen
167 650 105 31 shillings
282 659 5 20 ;
298 651 5 9 '
325 650 37 23 the
374 650 115 30 following
500 651 20 22 is
532 658 30 15 an
573 653 90 21 extract

75 691 58 22 copy
145 683 25 23 of
186 683 37 23 the
235 683 170 24 memorandum
418 683 88 23 alluded
519 687 22 19 to
551 692 5 14 :—:
559 695 33 4 —

202 721 22 18 to
235 724 28 22 ye
277 716 81 25 Found
371 718 61 28 riper
445 715 25 24 of
485 715 93 32 Sydney-

110 748 57 23 Brat
178 753 23 17 to
212 756 27 23 ye
251 749 62 30 pand
325 749 28 30 by
366 748 37 23 the
416 748 22 23 O

176 788 76 16 verser
264 781 34 23 for
309 789 58 22 grog
378 781 41 23 hill
432 783 14 21 2
459 781 66 23 Cows
539 781 45 23 and

144 813 52 24 One
209 814 70 23 calfee
289 821 14 16 a
315 814 89 30 strobry
417 814 44 23 and
472 814 41 23 red
525 814 53 23 Cow
588 814 44 24 and

445 847 20 23 £
501 855 19 15 s.
557 847 22 23 d.

244 879 47 23 calf
305 879 106 31 damages
446 882 15 21 0
498 882 29 22 15
564 882 15 21 0

143 911 62 23 Wm.

76 944 58 24 This
152 945 18 22 is
190 944 141 24 remarkable
353 953 25 15 as
400 944 115 24 Jonathan
536 953 53 23 says
590 958 33 4 —
624 953 38 23 my

73 978 62 22 word
265 978 48 22 that
331 985 47 16 was
396 986 13 14 a
427 986 51 14 rum
497 978 41 31 pill
552 979 34 23 for
599 979 62 23 them

76 1018 38 15 ere
127 1010 68 31 chaps
208 1016 21 17 to
240 1011 105 27 swallow,
357 1016 40 17 not
414 1019 42 14 one
475 1011 26 22 of

77 1044 69 28 son's,
171 1044 41 22 but
230 1051 42 15 one
287 1044 68 22 much
374 1044 80 22 harder
474 1048 22 19 to
514 1044 79 29 break,
618 1044 44 23 and

75 1080 65 26 great
152 1076 109 30 difficulty
274 1081 21 18 to
307 1077 81 29 digest.
391 1089 32 4 —
423 1076 63 24 Ibid.

2008 123 94 23 HATS
2112 123 5 22 !
2133 124 93 20 HATS
2237 124 6 21 !
2251 125 6 21 !
2271 125 93 23 HATS
2373 125 5 21 !
2388 126 6 20 !
2401 126 6 21 !

1914 149 191 47 JA.LLEN,
2120 150 85 27 having
2220 151 49 27 just
2286 152 105 21 received
2408 159 14 15 a
2442 153 60 27 large

1955 186 9 10 •
2004 179 136 19 assortment
2156 177 26 21 of
2192 177 82 26 youths
2293 177 45 23 and
2354 178 149 27 gentleman's

1913 201 66 22 black
2002 202 82 21 beaver
2108 203 57 25 hats,
2190 203 55 27 begs
2265 207 22 18 to
2304 204 82 22 inform
2403 205 34 22 bis
2461 213 43 15 nu-

1914 235 88 14 merous
2020 228 85 22 friends
2123 229 45 21 and
2187 229 38 22 the
2245 230 81 27 public,
2345 230 51 22 that
2413 231 28 22 he
2461 239 42 15 can

1914 254 80 27 supply
2006 254 61 21 them
2077 254 54 22 with
2146 262 45 21 any
2206 256 68 27 shape
2291 264 25 14 or
2332 257 92 28 quality,
2442 266 61 14 com-

1914 281 106 25 mencing
2030 283 22 18 at
2062 280 38 22 the
2109 281 45 21 low
2163 282 59 26 price
2232 284 27 20 of
2269 285 31 20 7s.
2307 282 36 23 6d.
2356 283 62 23 each.
2449 285 54 22 Also

1914 306 39 21 the
1971 306 204 23 undermentioned
2192 309 72 26 goods
2283 313 24 17 at
2325 311 119 27 unusually
2462 311 42 22 low

1914 332 71 26 prices
1994 341 4 12 :
2001 344 28 4 —

1943 359 107 27 Drapery,
2051 370 29 4 —
2081 359 90 27 Shawls,
2201 362 101 26 muslins,
2328 362 67 22 challi
2415 367 88 23 pattern

1916 385 92 27 dresses,
2028 386 126 26 ginghams,
2175 387 90 27 Saxony
2283 389 68 26 cloth,
2366 389 76 22 chintz
2458 391 46 21 and

1915 412 82 31 striped
2016 412 110 21 furniture
2142 413 78 27 prints,
2237 414 45 21 and
2298 415 88 27 calicos,
2402 416 23 21 in
2441 421 63 22 great

1915 442 85 23 variety
2008 446 5 19 ;
2030 439 109 27 blankets,
2152 444 170 24 counterpanes,
2333 442 40 21 &c.

1944 464 178 28 Haberdashery,
2124 476 28 4 —
2156 466 108 23 Artificial
2274 467 91 28 flowers,
2377 476 68 20 gause
2460 470 45 22 and

1915 492 58 21 satin
1991 492 100 26 ribbons,
2112 496 45 22 net,
2175 492 55 27 lace,
2256 493 145 29 lace-collars,
2419 496 83 27 gloves,

1915 525 82 19 purses,
2010 518 81 26 braids,
2102 518 83 22 bronze
2201 520 68 21 busks
2286 520 34 21 for
2335 524 68 24 stays,
2419 522 85 22 infants

1916 545 93 21 worsted
2025 545 71 27 boots,
2113 546 109 26 prepared
2242 546 129 23 whalebone
2389 549 45 21 and
2448 556 56 16 cane

1915 570 35 21 for
1959 570 69 23 ladies
2037 572 103 27 bonnets,
2152 572 44 22 and
2203 572 92 28 dresses,
2305 577 69 23 tapes,
2384 575 66 22 white
2460 576 45 22 and

1916 597 104 22 coloured
2038 598 86 27 thread,
2143 599 84 27 sewing
2243 600 44 21 and
2306 600 97 28 darning
2420 605 83 25 cotton,

1916 624 97 26 needles,
2025 631 79 21 ounce,
2116 625 69 27 sheet,
2197 626 46 21 and
2253 626 59 22 dress
2326 628 57 26 pins,
2394 628 109 28 thimbles,

1915 650 145 27 pincussions,
2080 651 70 22 hooks
2166 652 45 21 and
2227 660 57 20 eyes,
2304 654 48 26 gilt,
2371 655 132 27 gambroor.,

1915 677 68 26 pearl,
1992 677 63 22 horn,
2067 678 45 21 and
2122 678 64 22 other
2191 678 98 23 buttons.

1945 703 85 22 Ladies'
2041 704 45 21 and
2097 704 120 24 children's
2227 710 78 18 tuscan
2316 706 45 22 and
2371 707 68 28 fancy
2448 708 56 22 bon-

1917 732 56 23 nets,
1989 729 120 23 children's
2119 731 92 22 dresses.

1944 756 110 27 Clothing,
2056 768 28 3 —
2086 757 79 22 Gents'
2177 758 110 27 superfine
2298 759 61 22 dress
2378 760 45 22 and
2441 760 64 23 frock

1916 786 67 23 coats,
2004 783 136 27 Petersham,
2158 784 62 26 pilot,
2240 785 111 28 Prussian,
2368 787 76 27 rustic,
2461 788 44 21 and

1916 808 104 27 shooting
2029 814 61 17 coats
2099 818 5 18 ;
2120 810 81 21 double
2217 811 77 21 milled
2312 813 124 27 cassimere,
2448 821 58 14 mar-

1916 835 62 26 cella,
1989 836 106 26 valentia,
2107 837 101 27 quilting,
2221 837 44 22 and
2281 838 66 31 fancy
2364 840 76 21 waistc
2450 845 39 16 >ats
2498 848 6 19 ;

1916 861 42 21 silk
1969 862 44 21 and
2023 866 75 18 cotton
2107 863 181 28 handkerchiefs';
2297 864 65 22 white
2370 866 46 21 and
2422 870 84 23 regatta

1916 887 76 27 shirts;
2004 889 77 22 braces
2088 897 6 19 ;
2109 889 157 22 India-rubber
2274 891 45 21 and
2327 891 86 22 leather
2422 897 70 23 straps
2499 901 6 19 ;

1916 914 116 27 buckskin,
2041 917 125 26 cassimere,
2175 917 130 27 gambroon,
2314 917 97 28 digonal,
2426 920 79 26 tweed,

1916 941 57 27 drill,
1997 941 117 29 moleskin,
2141 944 58 26 cord,
2231 943 104 28 flushing,
2365 944 67 28 duck,
2462 947 44 22 and

1917 974 92 16 canvass
2019 972 109 19 trowsers.

1945 994 86 23 Ladies'
2036 996 64 22 boots
2109 996 45 22 and
2161 996 71 28 shoes,
2243 997 148 27 gentlemen's
2398 998 107 28 Welling-

1916 1024 46 24 ton,
1975 1022 112 27 Clarence,
2098 1023 44 22 and
2150 1023 98 22 Blucher
2257 1024 71 28 boots,
2337 1025 98 27 walking
2441 1026 65 22 shoes

1916 1049 45 21 and
1971 1049 60 21 dress
2041 1056 87 21 pumps.

1944 1075 50 26 Tea,
2013 1082 72 20 sugar,
2105 1077 76 26 coffee,
2197 1078 79 27 spices,
2293 1082 108 23 currants,
2419 1078 86 28 raisins,

1916 1101 85 22 bottled
2011 1102 46 21 and
2067 1103 63 21 dried
2139 1103 71 27 fruits,
2227 1104 75 27 bread,
2319 1105 82 26 butter,
2418 1105 87 27 cheese,

1916 1127 63 27 flour,
1990 1129 51 25 rice,
2053 1130 104 26 oatmeal,
2169 1138 59 19 peas,
2241 1131 89 27 pickles,
2342 1139 84 19 sauces,
2444 1132 63 21 vine-

1915 1161 46 20 gar,
1970 1162 48 14 wax
2029 1155 45 21 and
2083 1159 59 19 store
2152 1157 98 27 candles,
2258 1157 105 22 Windsor
2373 1158 45 21 and
2427 1158 80 27 yellow

1916 1188 60 20 soap,
1996 1181 81 27 starch,
2097 1183 59 26 blue,
2175 1183 70 28 pipes,
2265 1188 37 17 cut
2317 1185 46 20 and
2380 1185 127 26 negrohead

1916 1207 99 26 tobacco,
2025 1208 67 21 black
2102 1209 45 21 and
2160 1210 77 21 brown
2247 1218 88 20 rappee,
2347 1212 101 26 tonquin,
2460 1219 47 14 ma-

1916 1235 76 24 couba,
2005 1235 45 21 and
2060 1235 137 22 Hamilton's
2207 1237 104 26 mixture,
2322 1237 100 28 imperial
2430 1238 76 22 brown

1915 1261 46 21 and
1971 1261 63 21 other
2047 1261 77 26 snuffs,
2141 1263 113 21 Havanah
2264 1264 43 21 and
2321 1264 94 21 Manilla
2427 1265 76 27 cigars.

1944 1287 111 27 Sundries,
2057 1299 28 4 —
2086 1288 58 22 Hair
2154 1289 99 26 brushes,
2264 1291 82 26 combs,
2356 1291 96 27 scissors,
2462 1299 43 19 pen

1915 1313 46 22 and
1970 1313 80 28 pocket
2059 1315 87 26 knives,
2155 1322 82 21 razors,
2247 1317 91 26 looking
2347 1317 91 28 glasses,
2447 1318 62 23 snuff

1914 1340 76 27 boxes,
2002 1341 89 27 writing
2100 1349 75 19 paper,
2187 1350 63 19 pens,
2258 1343 39 21 ink
2304 1344 43 21 and
2355 1345 85 26 sealing
2448 1352 55 20 wax,

1914 1367 79 21 lucifer
2010 1369 106 26 matches,
2135 1369 82 26 Epsom
2236 1370 59 26 salts,
2317 1372 121 26 magnesia,
2456 1371 50 23 flint

1915 1394 45 20 and
1970 1395 128 26 percussion
2107 1402 65 19 guns,
2184 1396 65 27 bolts,
2261 1396 84 27 hinges,
2362 1398 68 27 locks,
2441 1398 63 27 bells,

1914 1419 41 22 fire
1985 1421 96 26 shovels,
2106 1421 71 28 rakes,
2201 1423 63 26 hoes,
2289 1424 118 27 mattocks,
2429 1425 45 21 and
2492 1433 13 14 a

1914 1447 86 26 variety
2025 1448 25 21 of
2076 1448 63 22 other
2163 1449 89 22 articles
2275 1453 23 19 to
2323 1458 121 15 numerous
2468 1454 36 19 too

1914 1474 109 22 mention.

1915 1530 49 46 A
1994 1529 132 28 HEWITT,
2138 1531 161 26 Fishmonger,
2311 1532 111 21 Lambton
2431 1534 72 26 Quay,

1970 1567 10 9 •
1997 1556 147 28 Wellington,
2151 1561 89 18 returns
2250 1559 33 20 his
2293 1559 87 21 sincere
2391 1559 81 22 thanks
2483 1564 21 17 to

1914 1581 39 22 the
1971 1582 138 23 inhabitants
2129 1585 26 21 of
2175 1585 43 21 this
2239 1585 84 27 Colony
2340 1586 36 21 for
2396 1586 36 22 the
2451 1593 53 20 very

1913 1608 78 22 liberal
2011 1614 92 23 support
2119 1611 28 21 be
2163 1611 40 21 has
2220 1611 97 22 hithert)
2332 1613 110 26 received,
2462 1614 43 21 and

1914 1635 54 27 begs
1978 1639 22 18 to
2010 1637 82 21 inform
2104 1637 60 22 them
2175 1638 48 21 that
2239 1638 26 21 he
2276 1639 40 21 has
2325 1639 66 21 made
2401 1647 104 19 arrange-

1914 1666 73 18 r»entS
1986 1689 4 5 f
2004 1663 33 21 for
2057 1671 13 13 a
2085 1668 104 18 constant
2205 1665 81 27 siipply
2305 1665 26 21 of
2352 1666 36 21 the
2408 1666 98 22 choicest

1914 1689 103 22 varieties
2026 1690 25 21 of
2062 1691 50 26 fish,
2131 1691 72 21 which
2222 1693 27 19 he
2266 1692 138 27 confidently
2420 1700 85 15 recom-

1913 1716 79 21 mends
2003 1720 22 18 to
2036 1717 37 21 the
2083 1717 75 27 public
2168 1725 23 14 as
2199 1718 68 27 being
2275 1719 26 21 of
2312 1719 37 21 the
2357 1719 49 22 best
2413 1720 91 26 quality.

1943 1743 81 21 Orders
2034 1743 34 22 for
2078 1744 106 27 shipping
2191 1745 111 28 received,
2318 1746 45 21 and
2373 1747 132 27 punctually

1914 1769 107 22 attended
2031 1773 29 19 to.

2070 1805 99 14 OYSTERS
2185 1805 72 15 FRESH
2273 1806 76 15 DAILY.

1943 1823 61 27 Also,
2017 1831 12 14 a
2039 1824 80 27 supply
2130 1824 26 22 of
2170 1825 128 26 vegetables
2316 1826 60 21 fresh
2391 1826 58 22 from
2467 1827 37 22 the

1913 1850 84 26 garden
2009 1850 67 27 daily.

1913 1905 194 20 BARRETT'S
2121 1906 126 25 HOTEL,
2260 1907 244 22 WELLINGTON.

1915 1938 171 45 UHUNT
2111 1938 53 26 begs
2175 1942 22 18 to
2208 1947 118 14 announce
2337 1943 22 18 to
2377 1940 34 22 his
2421 1941 82 22 friends

1974 1975 9 9 •
2016 1964 42 21 and
2071 1964 37 21 the
2119 1965 82 26 public,
2221 1966 48 20 that
2279 1966 28 21 he
2323 1966 39 21 has
2380 1968 122 20 succeeded

1915 1990 44 21 Mr.
1971 1991 26 20 It.
2010 1990 89 22 Barrett
2107 1992 24 20 in
2143 1991 37 21 the
2190 1992 71 21 above
2272 1993 175 25 establishment,
2460 1994 43 21 and

1914 2020 67 18 trusts
1992 2016 47 21 that
2049 2017 30 27 by
2090 2018 109 21 attention
2210 2021 22 18 to
2244 2025 74 15 secure
2330 2026 12 14 a
2353 2019 76 21 liberal
2441 2020 63 22 share

1914 2044 28 20 of
1952 2046 90 24 support
2052 2044 58 21 from
2121 2044 63 21 those
2191 2044 51 22 who
2250 2052 52 20 may
2309 2046 80 21 favour
2396 2046 45 22 him
2453 2047 51 21 with

1914 2069 59 21 their
1982 2073 129 23 patronage.

1943 2096 84 27 Wines,
2048 2097 80 27 spirits,
2147 2097 41 27 ale,
2200 2097 47 22 and
2257 2101 80 24 porter,
2358 2099 26 21 of
2401 2099 37 22 the
2457 2100 47 22 best

1914 2123 110 27 qualities.

1944 2150 34 21 An
1990 2150 105 27 ordinary
2107 2153 22 18 at
2138 2152 13 19 2
2162 2150 86 23 o'clock
2265 2151 66 27 daily.
2371 2152 54 22 Cold
2438 2153 66 21 colla-

1915 2176 58 22 tions
1983 2176 82 28 always
2081 2177 75 27 ready.
2187 2178 78 21 Public
2282 2178 91 23 dinners
2391 2180 111 26 provided.

1944 2204 63 21 Good
2022 2204 59 25 beds,
2099 2204 45 21 and
2160 2205 86 27 private
2264 2209 136 23 apartments
2418 2207 35 21 for
2467 2211 36 17 the

1914 2237 40 14 use
1964 2230 25 21 of
2000 2230 103 22 families.

1944 2257 143 27 Wellington,
2100 2258 54 21 Feb.
2166 2259 32 26 19,
2211 2260 61 21 1841.

1936 2312 194 21 BARRETT'S
2145 2314 117 20 HOTEL
2277 2315 74 19 AND
2365 2315 119 25 STORE,

2119 2347 179 22 TARANAKI.

1914 2380 177 47 RICHARD
2106 2381 146 22 BARRETT
2268 2382 54 26 begs
2337 2386 22 18 to
2374 2383 81 22 inform
2468 2384 35 22 tlio

1993 2407 140 21 inhabitants
2146 2408 25 21 of
2187 2408 55 21 Port
2258 2409 130 27 Nicholson,
2407 2411 44 21 and
2469 2411 35 22 the

1913 2434 117 27 adjoining
2039 2434 151 27 Settlements,
2202 2435 49 22 that
2260 2435 28 21 he
2303 2436 90 22 intends
2409 2438 96 26 opening

1914 2468 29 13 on
1955 2460 35 21 the
2002 2463 33 19 Ist
2045 2461 25 21 of
2084 2461 80 21 March
2175 2466 61 22 next,
2253 2462 37 22 the
2300 2464 71 21 above
2382 2464 69 22 Hotel
2462 2465 42 21 and

1914 2488 97 20 General
2023 2488 70 26 Store,
2105 2489 52 21 with
2169 2496 13 14 a
2192 2489 160 23 well-selected
2368 2491 46 21 and
2430 2491 74 22 choice

1912 2514 65 22 stock
1996 2514 26 21 of
2037 2515 76 26 wines,
2137 2515 81 27 spirits,
2239 2517 34 21 ale
2297 2517 45 21 and
2361 2521 80 23 porter,
2462 2519 43 21 and

1912 2541 92 27 general
2015 2545 135 18 assortment
2157 2543 26 20 of
2187 2543 71 26 goods
2268 2544 93 22 suitable
2370 2544 35 22 for
2412 2545 91 26 settlers,

1912 2572 24 17 at
1947 2575 52 20 very
2009 2568 115 22 moderate
2139 2569 72 27 prices
2220 2578 5 17 ;
2244 2570 45 21 and
2304 2574 68 18 trusts
2389 2572 28 27 by
2434 2575 71 19 atten-

1912 2595 47 21 tion
1980 2599 21 17 to
2022 2595 36 21 the
2078 2596 153 22 convenience
2252 2597 45 22 and
2315 2598 95 22 comfort
2426 2599 26 21 of
2472 2599 32 21 his

1911 2625 76 24 guests
1997 2625 23 17 to
2030 2622 67 22 merit
2107 2630 12 14 a
2130 2623 63 21 share
2206 2623 26 21 of
2244 2623 56 22 their
2309 2625 82 21 favors.

1941 2649 55 21 N.B.
1997 2660 28 3 —
2028 2649 65 21 Good
2116 2649 55 22 beds
2194 2650 47 22 and
2260 2651 192 23 accommodation
2472 2653 33 21 for

1912 2675 121 27 ti-avellers,
2045 2675 46 22 and
2100 2677 85 26 private
2196 2681 137 22 apartments
2345 2679 35 21 for
2389 2679 101 22 families.

1912 2731 233 21 AUSTRALIAN
2161 2732 158 26 TAVERN,
2335 2734 21 20 &
2371 2734 130 21 COFFEE

2146 2759 128 20 ROOMS.

2077 2792 58 14 LATE
2150 2792 90 15 SYDNEY
2250 2794 90 14 STORES.

1914 2811 112 49 GH.
2043 2811 128 23 COGLAN
2187 2812 55 27 begs
2252 2816 22 18 to
2283 2813 81 22 inform
2376 2813 35 22 his
2422 2814 81 22 friends

1972 2850 10 10 •
2013 2839 45 21 and
2078 2839 38 21 the
2133 2839 82 28 pxiblic,
2232 2839 49 22 that
2299 2839 29 23 he
2342 2840 42 23 has
2400 2848 46 15 rem
2457 2841 47 22 >ved

1912 2865 58 22 from
1981 2865 37 22 the
2029 2869 47 19 east
2086 2866 45 22 end
2141 2866 25 22 of
2178 2866 37 22 the
2227 2866 82 27 Beach,
2327 2867 85 28 Pefoni,
2428 2872 23 17 to
2469 2869 35 21 the

1912 2896 56 18 west
1977 2892 50 27 end,
2037 2900 57 15 near
2104 2893 37 22 the
2152 2893 44 21 lute
2207 2893 148 23 Commercial
2369 2895 51 26 Inn,
2432 2895 71 22 where

1912 2919 30 22 he
1951 2919 69 28 hopes
2036 2923 22 18 to
2074 2920 57 22 have
2146 2921 31 26 by
2192 2921 149 27 unremitting
2357 2923 116 26 attention,
2491 2929 13 15 a

1912 2946 65 22 share
1987 2947 26 21 of
2024 2947 75 27 public
2109 2951 132 23 patronage.

1982 2973 65 22 Good
2057 2974 194 22 accommodation
2267 2975 35 21 for
2314 2975 121 22 travellers.

1912 3028 278 48 RBRADFIELD,
2217 3029 94 22 Saddler
2334 3030 46 22 and
2403 3030 99 22 Harness

1968 3065 10 11 •
2010 3054 88 22 Maker.
2128 3055 93 25 Repairs
2234 3056 77 27 neatly
2326 3056 66 23 done.
2422 3058 80 21 Orders

1911 3081 105 21 received
2027 3084 22 18 at
2060 3081 127 22 Marshall's
2199 3082 163 23 Coffee-house.

1910 3135 94 48 JUST
2019 3135 160 22 RECEIVED
2189 3139 24 18 at
2223 3136 39 21 the
2269 3137 64 22 office
2340 3138 26 21 of
2378 3138 38 22 the

1980 3161 101 22 Zealand
2239 3171 13 14 a
2270 3164 42 21 few
2329 3165 74 27 copies
2420 3165 26 22 of
2466 3165 34 22 the

1910 3189 115 27 following
2034 3189 79 25 works,
2126 3189 26 21 of
2163 3189 43 22 last
2215 3190 73 28 year's
2298 3191 145 28 publication,
2460 3190 42 23 and

1909 3216 25 21 in
1946 3215 110 22 excellent
2065 3217 123 21 condition.

1937 3242 47 22 The
1996 3243 99 21 Poetical
2111 3243 81 22 Works
2208 3244 28 21 of
2251 3244 89 28 Milton,
2358 3245 52 22 with
2427 3253 13 14 a
2457 3252 43 15 me-

1910 3269 58 22 moir
1990 3269 46 22 and
2061 3277 68 14 seven
2157 3271 191 22 embellishments
2370 3272 31 28 by
2420 3272 79 26 Fuseli,

1910 3296 100 27 Westall,
2041 3297 45 21 and
2112 3297 92 22 Martin.
2249 3298 62 26 Also,
2337 3306 29 15 an
2392 3299 109 22 excellent

1909 3324 94 26 portrait
2020 3323 26 22 of
2060 3323 90 28 Milton,
2172 3324 114 28 engraved
2302 3325 29 27 by
2348 3325 22 22 .1.
2392 3326 106 26 Cochran,

1909 3351 56 20 from
1982 3357 13 14 a
2004 3351 122 26 minature,
2137 3351 120 27 originally
2267 3352 23 21 in
2300 3352 37 21 the
2345 3354 125 25 possession
2479 3353 24 21 of

1910 3377 76 22 Oliver
1996 3377 125 22 Cromwell.
2159 3379 10 20 1
2180 3378 45 21 vol.
2236 3380 57 25 Bvo.,
2314 3378 78 23 bound
2401 3380 23 22 in
2434 3380 64 26 cloth,

1909 3404 61 27 price
1981 3405 43 20 15s.

1936 3431 49 21 Life
1996 3431 26 21 of
2040 3430 38 22 the
2095 3431 67 22 Duke
2178 3431 26 22 of
2222 3431 146 29 Wellington,
2390 3432 108 29 compiled

1908 3458 58 21 from
1988 3457 35 22 his
2046 3457 93 22 Grace's
2163 3458 146 28 Despatches,
2331 3459 129 27 (published
2477 3460 21 21 in

1909 3484 71 27 1840,)
1991 3484 31 27 by
2032 3484 89 27 George
2132 3485 80 27 Soane,
2221 3486 57 21 A.B.
2303 3487 13 20 2
2326 3486 55 22 vols.
2391 3487 60 22 cloth
2457 3486 42 23 and

1908 3511 102 26 lettered,
2021 3511 60 27 price
2095 3512 43 21 15s.

1936 3538 48 21 The
1994 3538 63 27 Holy
2067 3538 71 27 Bible,
2151 3538 132 28 containing
2290 3539 37 22 the
2338 3540 44 21 Old
2391 3540 43 22 and
2445 3540 54 21 New

1908 3564 147 28 Testaments,
2081 3565 54 22 with
2161 3569 71 23 notes,
2258 3566 30 28 by
2307 3566 38 22 the
2364 3567 56 22 Rev.
2439 3567 59 21 John

1909 3591 88 22 Hobart
2008 3592 105 27 Caunter,
2125 3592 65 28 8.D.,
2203 3593 81 22 author
2301 3594 25 20 of
2337 3593 38 22 the
2420 3594 78 26 Poetry

1909 3618 26 21 of
1947 3619 36 22 the
2175 3620 45 21 and
2232 3620 146 22 embellished
2388 3620 53 22 with
2451 3621 47 21 four

1909 3653 62 19 maps
1987 3646 46 21 and
2050 3647 41 20 144
2109 3647 136 27 engravings
2264 3648 57 21 from
2338 3647 114 28 paintings
2470 3647 28 27 by

1909 3672 94 22 Westall
2017 3672 45 22 and
2072 3673 93 27 Martin,
2178 3675 49 20 Bvo.
2239 3674 66 27 cloth,
2317 3674 32 21 £1
2361 3676 20 20 8.

1936 3699 47 22 The
1994 3700 132 26 Beginner's
2137 3700 88 22 French
2236 3700 69 26 Book,
2317 3700 45 23 and
2377 3700 38 22 the
2431 3700 66 23 Scho-

1908 3726 52 22 lar's
1971 3726 87 22 French
2077 3726 70 27 Book,
2161 3728 31 26 by
2208 3728 63 21 Rene
2288 3727 74 27 Aliva,
2381 3727 80 22 author
2476 3726 24 23 of

1909 3753 38 21 the
2045 3754 101 27 Spelling
2271 3756 31 19 6s.
2312 3754 36 22 6d.
2360 3754 62 22 each.

1936 3780 133 22 Montacute
2077 3788 5 14 :
2099 3788 25 14 or
2138 3789 14 13 a
2166 3781 56 21 New
2231 3781 67 22 horne
2300 3792 26 4 —
2326 3781 74 22 who'll
2410 3780 72 23 follow
2489 3780 8 21 ?

1909 3807 35 27 By
1954 3807 54 22 Mrs.
2020 3808 67 26 Mai-y
2098 3808 97 21 Clavers.
2224 3809 14 20 2
2249 3808 54 21 vols.
2314 3810 57 24 Bvo.,
2382 3808 32 22 £1
2422 3810 32 19 3s.
2462 3806 34 23 Od.

1936 3834 112 28 Scripture
2058 3834 135 28 Biography,
2211 3834 36 21 for
2264 3834 36 23 the
2311 3834 88 28 Young,
2417 3833 80 23 embel-

1907 3861 74 22 lished
1990 3861 56 22 with
2056 3861 79 27 plates.
2166 3862 32 20 ss.

1936 3888 110 28 Voyages,
2058 3888 152 26 Adventures,
2226 3888 46 21 and
2286 3888 97 27 Escapes
2400 3887 25 22 of
2436 3888 59 26 Capt.

1909 3915 99 22 Richard
2017 3914 117 24 Falconsr,
2146 3914 87 22 written
2244 3915 28 26 by
2280 3914 96 22 himself.
2417 3916 8 19 1
2447 3914 48 23 vol.,

1908 3943 11 19 5
1934 3942 107 25 shillings.
