3280 4340
110 142 197 24 SPECULATION
322 143 63 21 RUN
399 143 65 21 MAD.

100 199 41 19 The
160 197 47 20 mail
233 197 91 20 received
346 197 48 19 here
417 195 88 24 recently

75 224 89 25 brought
172 224 123 25 particulars
315 224 22 19 of
355 223 35 19 the
484 226 21 13 in

75 250 78 21 wheat''
174 250 65 20 which
258 257 40 13 was
324 248 113 21 mentioned
455 248 19 17 in
494 254 11 12 a

75 278 50 20 New
134 276 59 20 York
212 276 111 26 cablegram
343 283 11 12 a
372 273 69 21 month
460 279 44 19 ago.

75 304 42 20 The
130 310 58 13 scene
206 310 26 12 on
250 303 35 19 the
299 303 85 23 Chicago
397 299 68 19 Board
483 299 22 19 of

75 330 63 20 Trade
160 331 18 18 is
192 329 102 21 described
310 329 19 19 in
354 324 150 23 characteristic

74 357 101 25 language
184 356 27 25 by
225 355 35 20 the
269 352 156 27 correspondent
435 350 21 19 of
466 357 37 13 one

74 383 22 19 of
105 386 34 16 the
146 383 40 19 San
193 382 108 20 Vrancisco
308 378 96 27 journals.

73 416 13 12 a,
106 409 96 25 swishing
221 406 130 22 soundhe
378 402 123 26 telegraphs,

145 435 67 20 wheat
221 435 47 20 shot
275 440 26 17 up
319 435 20 16 to
357 432 24 17 S2
395 431 57 17 cents
471 430 20 18 to-

73 462 45 26 day.
146 461 29 20 As
185 461 16 20 it
210 467 44 14 rose
268 459 37 19 and
324 456 67 21 soared
411 462 12 12 a
441 455 48 19 thou-

73 488 49 20 sand
134 488 63 19 hands
216 487 22 19 of
254 484 73 27 yelling
349 481 82 21 brokers
450 488 51 12 were

73 514 94 21 utrethed
176 517 21 16 to
207 513 58 23 bring
273 512 16 17 it
298 508 49 20 back
355 511 21 16 to
386 507 65 20 earth.
479 508 22 18 It

73 548 41 13 was
128 548 11 12 a
148 540 47 24 long
205 539 36 19 and
252 536 87 23 exciting
355 533 96 26 struggle,
461 533 38 19 but

73 568 45 25 just
136 566 67 19 before
218 564 33 19 the
269 562 52 20 close
330 560 22 20 of
372 560 35 19 the
425 559 74 19 session

74 594 36 19 the
119 597 62 15 turore
190 588 85 28 quieted,
285 588 33 18 the
328 587 55 24 price
402 585 96 19 fluttered

74 627 12 12 a
95 620 63 22 while,
170 617 38 19 and
218 615 48 19 then
273 612 89 27 dropped
369 616 21 16 to
398 612 25 20 7S
426 612 11 22 J
443 614 56 17 cents

75 653 21 13 or
108 646 23 18 11-
139 646 54 18 cents
202 641 63 20 above
273 640 34 18 the
324 639 77 24 closing
419 639 69 24 quotat-

73 672 33 19 ion
114 671 22 20 of
317 665 42 19 But
367 664 59 19 while
434 663 63 19 wheat

73 705 39 11 was
120 702 28 19 go.
153 701 26 18 ng
188 700 26 17 up
225 693 38 19 and
282 691 79 24 coming
379 690 65 23 down,
463 689 35 20 the

72 722 66 20 Board
146 719 131 26 experienced
286 718 34 18 the
330 718 88 24 greatest
428 716 39 25 day
477 716 21 19 in

71 749 27 19 its
108 748 81 23 history.
216 745 63 19 There
290 750 45 15 may
357 743 49 19 have
416 742 50 19 been
476 749 21 12 as

69 773 59 21 much
138 772 121 20 excitement
265 777 26 12 on
301 770 78 25 previos
385 768 110 23 occasions,

70 800 56 19 when
137 799 34 24 big
304 802 49 13 were
363 802 45 16 run,
416 796 38 17 but
463 794 34 19 the

68 827 71 19 recent
148 823 84 21 -'boom"
243 822 98 24 certainly
351 820 125 21 constituted
486 826 11 12 a

68 851 69 21 record
147 857 22 13 so
178 850 33 19 far
220 856 21 13 as
251 849 34 19 the
304 849 82 18 amount
409 847 22 20 of
442 846 44 19 busi-

68 884 46 13 ness
127 876 115 20 transacted
261 876 16 19 is
297 874 117 20 concerned.
442 873 54 18 Over

67 904 132 24 250,000,000
218 901 80 20 bushels
318 901 22 18 of
359 900 71 21 wheat,
446 898 16 19 it
477 898 17 18 is

67 929 105 20 estimated
195 935 52 13 were
468 924 26 18 Of

66 963 78 17 course,
153 956 37 19 tie
197 954 66 20 wheat
277 953 38 20 had
332 959 25 13 no
376 952 101 19 existence
489 952 4 28 ;

66 982 82 20 bushels
157 988 58 16 were,
226 987 21 13 so
257 982 21 17 to
288 978 67 26 speak,
371 977 74 24 merely
459 976 34 19 the

66 1015 69 14 names
145 1007 57 26 given
213 1010 20 15 to
243 1006 33 19 the
285 1008 93 17 counters
388 1003 103 24 employed

65 1035 26 25 by
99 1035 35 19 the
141 1033 104 25 gamblers.
273 1031 79 24 During
360 1030 34 19 the
409 1029 38 24 day
458 1029 34 18 Mr

64 1061 54 20 John
141 1060 23 19 C.
188 1058 104 22 Schwartz,
315 1056 73 20 known
411 1062 22 12 as
456 1054 35 20 the

83 1087 52 20 Corn
144 1085 56 24 King
279 1085 22 17 to
315 1083 76 19 borrow
403 1081 85 19 another

63 1113 73 27 phrase
144 1111 51 19 from
202 1110 33 20 the
243 1109 155 25 correspondent
407 1114 28 12 we
442 1107 49 19 have

63 1138 43 26 just
116 1137 79 27 quoted,
292 1138 35 16 out
337 1135 22 19 of
368 1135 34 18 the
412 1132 79 20 market

63 1165 41 19 like
117 1171 11 12 a
146 1163 31 19 bit
195 1162 21 19 of
334 1161 42 19 The
399 1160 90 22 farmers,

85 1191 35 19 the
129 1189 69 19 chinch
209 1189 40 23 bug
263 1187 22 19 of
301 1187 34 19 the
355 1185 133 26 professional

171 1221 73 19 appear
258 1213 31 19 for
295 1219 48 13 once
362 1214 21 16 to
393 1212 49 18 have
452 1213 36 23 got

63 1243 33 21 the
106 1241 79 22 earliest
198 1239 131 21 information
345 1238 22 20 of
378 1238 33 19 the
421 1237 57 20 condi-

63 1269 43 20 tion
116 1269 21 19 of
145 1268 34 19 the
190 1273 63 18 crops,
261 1265 39 19 and
317 1264 77 25 bought
412 1263 75 25 largely

63 1295 33 21 for
105 1296 33 19 the
148 1294 45 19 rise.
220 1293 76 19 '-There
306 1298 51 12 were
374 1291 38 18 five
432 1290 42 19 hun-

64 1322 48 20 dred
134 1321 19 19 of
176 1320 60 22 them,
281 1317 104 24 according
404 1317 20 18 to
449 1323 37 12 one

63 1350 91 21 account,
185 1345 104 25 swarming
298 1344 62 19 about
367 1344 33 18 the
420 1342 66 19 Board

63 1375 22 19 of
94 1373 67 24 Trade,
172 1372 39 20 and
221 1371 47 25 they
286 1369 107 21 continued
412 1370 23 17 to
446 1368 40 23 buy

63 1401 69 19 wheat.
167 1399 40 18 The
218 1396 135 26 professional,
381 1394 43 20 who
452 1394 35 19 has

62 1425 99 26 persisted
169 1424 21 19 in
197 1424 97 24 believing
305 1422 43 19 that
357 1422 34 19 the
401 1420 86 20 farmers

63 1452 62 20 would
136 1453 34 23 get
179 1450 86 24 through
276 1450 34 17 has
325 1448 49 20 been
385 1447 34 19 the
430 1447 57 19 loser.

61 1478 40 20 The
124 1477 67 20 victim
214 1476 22 19 of
252 1475 47 20 hard
322 1474 59 19 times
396 1474 39 19 and
449 1473 38 19 low

61 1504 64 20 wheat
136 1503 62 26 prices
218 1502 16 19 is
243 1501 78 26 getting
338 1500 64 25 richly
416 1500 70 24 repaid

62 1531 31 19 for
115 1530 30 20 his
343 1526 42 20 The
412 1526 62 26 pande-

60 1557 86 20 monium
155 1555 21 19 in
186 1555 34 19 the
256 1554 64 19 wheat
339 1552 58 26 pit.V'
414 1552 66 20 where

63 1584 34 19 ths
106 1582 130 21 transactions
247 1587 51 12 were
313 1579 75 20 carried
404 1585 33 17 on,
447 1584 40 14 was

63 1608 86 21 watched
172 1608 49 19 from
244 1606 35 20 the
298 1606 76 25 gallery
397 1605 26 24 by
447 1606 39 18 500

62 1642 80 16 women,
153 1634 42 19 who
204 1639 52 14 were
264 1632 86 25 scarcely
358 1632 39 20 less
407 1631 80 20 excited

61 1662 49 21 than
132 1661 32 20 the
185 1660 64 19 active
273 1659 131 26 participants
413 1658 20 19 in
452 1657 34 20 the

59 1688 44 20 wild
114 1686 88 26 struggle
211 1686 31 20 for
252 1686 64 19 wheat
325 1685 40 20 and
375 1685 53 26 gold.
459 1685 25 18 In

60 1714 50 21 New
124 1714 55 20 York
207 1712 112 26 something
338 1712 22 19 of
379 1711 35 20 the
433 1717 53 13 same

61 1740 47 21 kind
117 1747 37 14 was
160 1740 59 25 going
228 1745 31 14 on.
283 1738 63 20 There
355 1738 131 23 287,000,000

60 1766 80 22 bushels
150 1767 21 19 of
185 1766 64 21 wheat
259 1772 49 13 were
447 1763 39 20 and

152 1793 20 20 in
179 1799 13 14 a
209 1792 38 20 few
264 1792 60 20 hours
327 1790 108 25 making
453 1789 33 20 the

60 1818 51 22 total
139 1822 93 18 counters
247 1818 103 26 employed
364 1818 21 20 in
404 1817 34 19 the
447 1818 39 18 two

58 1846 54 21 cities
121 1853 25 14 on
157 1846 40 19 this
212 1845 117 20 memorable
343 1846 39 24 day
402 1845 83 24 greater

58 1874 47 21 than
113 1874 33 19 the
156 1872 62 20 whole
225 1879 45 16 crop
281 1871 20 20 of
311 1871 33 20 the
355 1872 73 18 States.

97 1927 199 23 ANTI-CHINESE
322 1926 124 20 LEAGUE.

58 1956 34 21 An
102 1955 139 21 anti-Chinese
251 1954 87 25 meeting
355 1961 39 11 was
404 1953 45 19 held
466 1953 20 18 at

57 1981 128 26 Wellington
194 1988 24 12 on
227 1981 100 24 Saturday
333 1980 65 24 night.
422 1978 64 20 There

58 2016 40 14 was
108 2016 12 13 a
129 2009 55 24 large
194 2007 124 23 attendance,
333 2007 37 19 ar.d
383 2005 102 25 delegates

58 2036 52 20 from
121 2038 52 17 most
187 2034 21 19 of
222 2033 34 20 the
277 2033 50 19 local
336 2033 80 19 Unions
437 2037 49 14 were

58 2064 90 25 present.
183 2060 34 20 Mr
240 2060 73 19 Eraser
336 2058 95 26 occupied
453 2057 33 19 the

58 2089 62 19 chair.
148 2088 79 23 Among
237 2086 34 20 tho
286 2085 92 26 speakers
394 2091 40 13 was
453 2083 33 20 the

58 2113 90 22 HonAV.
173 2113 21 20 P.
215 2113 81 19 Beeves.
323 2112 41 19 The
383 2110 103 24 following

58 2141 120 21 resolutions
188 2146 49 12 were
251 2139 81 20 carried:
382 2136 53 20 That
445 2136 39 19 this

59 2167 86 24 meeting
155 2165 59 20 views
223 2165 46 18 with
279 2165 61 18 alarm
354 2164 38 18 and
407 2162 76 24 dismay

59 2192 35 20 the
102 2191 58 27 rapid
171 2191 79 20 inroads
260 2190 55 20 made
325 2196 53 19 upon
394 2195 35 12 our
440 2194 31 12 soc-

60 2219 27 19 ial
95 2218 38 20 and
144 2217 60 20 moral
214 2216 35 21 life
256 2218 25 25 by
291 2216 77 20 Asiatic
378 2214 38 20 and
427 2213 56 20 other

60 2244 115 21 unsuitable
184 2243 133 26 immigration
323 2242 39 20 and
372 2240 109 23 therefore,

61 2270 94 26 urgently
173 2272 89 24 requests
285 2269 33 20 the
342 2269 140 19 Government

60 2298 39 19 and
113 2296 34 20 the
164 2296 97 20 members
280 2296 21 19 of
315 2295 121 19 Parliament
462 2294 20 18 to

61 2323 52 27 push
123 2329 24 13 on
156 2323 86 25 through
262 2322 26 21 all
309 2323 26 18 its
359 2323 65 22 stages
449 2319 34 19 the

61 2349 78 22 Asiatic
153 2349 38 20 and
209 2350 55 19 other
283 2347 141 26 Immigration
443 2345 26 19 Re-

62 2376 91 20 striction
163 2375 46 25 Bill,
219 2376 80 25 thereby
314 2373 120 27 preventing
444 2378 38 19 any

61 2402 79 21 further
148 2403 86 19 increase
243 2403 21 19 of
278 2402 38 19 this
337 2399 83 21 terrible
440 2399 43 18 blot

61 2436 26 12 on
97 2435 35 13 onr
151 2429 125 19 civilisation.
344 2427 58 23 That,
417 2425 21 19 in
448 2424 34 20 the

61 2455 81 24 opinion
153 2455 20 20 of
181 2455 40 19 this
230 2455 90 24 meeting,
336 2454 17 18 it
363 2453 16 19 is
389 2453 82 24 imperat-

60 2481 32 21 ive
101 2481 45 21 that
155 2488 26 13 no
191 2488 53 14 more
261 2482 69 20 letters
339 2479 21 19 of
375 2477 97 21 naturalis-

61 2509 55 19 ation
127 2509 22 19 be
160 2509 80 24 granted
254 2510 22 17 to
285 2506 94 22 Asiatics,
388 2505 39 19 and
438 2504 45 19 that

61 2534 34 20 tho
105 2535 84 24 poll-tax
207 2534 22 20 of
251 2535 46 19 such
321 2532 123 25 immigrants
459 2531 23 18 be

61 2562 64 19 raised
135 2563 21 17 to
291 2560 50 20 That
351 2559 21 19 in
386 2558 57 19 order
462 2558 20 18 to

61 2587 128 25 successfully
207 2594 48 19 cope
278 2587 46 20 with
336 2586 41 19 this
406 2583 76 20 serious

61 2613 102 27 difficulty,
174 2613 34 20 the
218 2614 77 25 general
306 2612 68 26 public
384 2611 25 19 be
419 2609 62 21 asked

61 2643 36 18 not
105 2641 70 25 oulyto
182 2639 42 26 join
231 2639 148 20 Anti-Chinese
384 2638 97 24 Leagues,

60 2667 37 21 but
106 2667 41 20 also
166 2670 21 16 to
205 2666 115 26 steadfastly
341 2665 74 20 refrain
431 2665 51 18 from

60 2693 119 27 purchasing
193 2694 59 25 goods
266 2693 50 19 from
330 2698 39 18 any

83 2759 42 21 The
134 2758 113 26 censorship
257 2758 20 20 ef
287 2764 127 19 newspapers
426 2763 44 14 exer-

59 2785 53 21 cised
121 2786 25 25 by
163 2785 87 20 Russian
269 2784 145 20 functionaries
424 2784 16 19 is
451 2783 31 19 far

59 2812 52 20 from
119 2811 60 26 being
196 2817 12 14 a
225 2811 95 20 sinecure.
347 2811 82 24 During
448 2809 35 20 the

59 2844 47 21 year
116 2839 51 19 1891
173 2844 26 13 no
205 2837 59 20 fewer
272 2837 47 20 than
327 2837 50 20 2073
387 2836 95 21 numbers

59 2865 21 19 of
90 2871 72 19 papers
172 2871 50 12 were
231 2864 68 24 seized;
310 2864 39 19 and
363 2865 37 18 2G5
417 2869 53 13 news-

59 2898 71 19 papers
144 2891 20 19 of
183 2890 78 20 various
275 2890 90 26 opinious
385 2896 50 13 were
454 2896 20 13 se-

58 2916 121 27 questrated.
205 2917 41 20 The
256 2916 86 20 Swedish
353 2923 71 18 organs
431 2922 52 13 were

59 2944 36 20 the
117 2945 51 18 most
184 2942 110 21 ill-treated
313 2944 20 18 of
354 2939 33 27 all,
405 2949 38 13 one
462 2942 21 19 of

59 2970 55 20 them
124 2970 71 24 having
202 2970 48 19 been
258 2969 120 26 suppressed
389 2970 25 19 SO
424 2969 59 19 times

59 2996 69 21 within
142 2995 33 20 the
185 2996 38 19 laet
236 3002 52 20 year.

85 3031 29 20 To
123 3036 83 20 prepare
215 3028 74 20 linseed
305 3028 31 20 for
346 3028 80 25 feeding
440 3027 33 20 cal-

60 3064 34 15 ves
104 3059 38 19 stir
152 3056 60 19 about
223 3061 11 13 a
252 3055 45 26 pint
316 3054 21 20 of
353 3055 63 19 whole
435 3055 45 19 seed

59 3085 44 20 into
113 3090 12 14 a
134 3082 66 27 gallon
208 3082 21 19 of
236 3081 75 25 boiling
319 3084 62 16 water
389 3080 3 29 ;
403 3081 37 19 stir
450 3080 33 20 the

60 3111 91 22 mixture,
161 3108 85 25 keeping
255 3107 17 19 it
282 3110 20 17 at
316 3114 11 12 a
335 3108 85 22 simmer,
432 3107 51 19 until

61 3139 16 19 it
94 3142 86 15 assumes
200 3135 33 19 the
252 3133 121 21 consistence
391 3134 22 19 of
428 3133 55 26 jelly.

60 3163 53 21 Feed
125 3162 42 20 half
175 3168 12 12 a
197 3162 44 25 pint
251 3162 21 17 to
282 3167 11 12 a
302 3160 45 26 pint
362 3161 20 19 of
390 3161 34 19 the
433 3160 50 25 jelly

60 3191 21 19 in
90 3197 12 12 a
111 3189 65 26 gallon
187 3188 21 19 of
227 3187 48 20 skim
295 3187 53 19 milk.
375 3186 43 20 Use
436 3192 48 20 very

59 3215 112 24 cautiously
179 3217 21 17 at
210 3215 44 19 first
264 3220 21 13 so
303 3220 21 13 as
339 3215 35 18 not
384 3217 21 16 to
424 3220 59 13 cause

61 3242 102 20 diarrhoea.

87 3274 41 21 The
143 3273 82 20 demand
239 3273 33 19 for
291 3272 58 20 horse
373 3274 53 18 meat
450 3271 35 20 has

61 3307 69 19 grown
141 3303 19 16 to
171 3299 46 20 such
228 3305 24 13 an
263 3302 69 17 extent
342 3299 20 18 in
374 3299 2 27 ,
384 3299 101 24 Germany

62 3327 47 20 that
119 3327 16 18 it
146 3327 15 18 is
172 3326 108 25 beginning
288 3328 21 16 to
320 3326 24 18 be
360 3325 85 19 difficult
465 3327 20 17 to

62 3353 73 26 supply
153 3352 23 20 it.
207 3353 73 19 Horses
307 3352 32 19 for
362 3351 124 24 butchering

62 3386 46 13 now
117 3382 43 17 cost
182 3379 52 19 from
257 3380 31 18 o
311 3382 21 16 to
353 3380 48 19 10;
421 3379 65 17 where

62 3406 96 24 formerly
168 3405 46 26 they
236 3405 58 19 could
315 3405 48 19 have
380 3405 49 19 been
439 3410 35 19 pur-

64 3431 71 21 chased
142 3432 30 18 for
181 3431 102 19 one-tenth
288 3431 45 19 that
347 3432 95 18 amount.'
464 3431 21 18 It

43 3456 2 28 .
62 3459 18 19 is
90 3465 44 13 now
143 3458 96 26 proposed
250 3460 28 16 -to
285 3458 73 24 import
377 3456 109 20 horseflesh

61 3485 53 20 from
121 3485 34 19 the
163 3483 75 20 United
254 3483 70 20 States.

88 3516 42 20 The
141 3515 113 20 Parthenon
269 3518 21 17 at
297 3516 80 19 Athens
393 3516 17 19 is
420 3517 22 18 to
462 3514 24 20 be

42 3542 3 24 '
62 3543 91 19 restored
160 3545 19 16 at
189 3549 47 12 once
245 3542 103 24 according
358 3545 20 16 to
387 3542 34 19 the
429 3542 57 24 plats

64 3569 33 19 for
106 3568 73 26 repairs
189 3568 53 19 made
252 3568 26 24 by
288 3568 34 19 tho
341 3568 85 19 Germnn
437 3568 37 19 Pro-

64 3593 65 21 fessor
152 3594 68 19 Durm.
261 3598 17 15 A
306 3594 129 20 Commission
466 3594 20 19 of

64 3621 111 20 Architects
196 3620 38 20 will
252 3622 101 24 supeivise
370 3620 35 20 the
424 3620 62 24 work,

64 3646 58 20 while
132 3655 10 11 a
152 3647 81 24 British,
243 3647 82 24 Trench,
335 3648 39 18 and
399 3648 87 18 German

63 3676 71 23 expert
144 3673 46 19 have
200 3674 47 19 been
261 3673 60 20 asked
339 3675 21 18 to
372 3674 43 25 give
434 3673 52 19 their

64 3699 58 21 views
132 3706 25 12 on
168 3699 33 19 the
215 3699 75 25 subject

86 3739 31 20 As
128 3744 56 19 many
194 3744 20 13 as
225 3739 36 18 253
271 3740 119 23 trespassers
406 3746 25 12 on
452 3739 34 19 the

62 3764 80 25 raii'way
152 3764 48 19 lines
210 3764 20 19 of
247 3764 33 20 the
294 3765 76 20 United
384 3765 101 26 Kingdom

62 3793 41 19 last
111 3797 47 20 year
167 3793 40 17 met
215 3791 51 19 their
276 3791 68 19 deaths
359 3792 53 19 from
429 3792 57 24 being

61 3826 40 13 run
111 3824 46 16 oyer
170 3816 26 25 by
210 3817 67 20 trains.

528 139 54 19 THE
592 138 117 20 NEEDLE
723 139 77 19 THAT
818 139 63 21 WAS
902 141 54 20 NOT

651 169 193 20 CLEOPATRA'S.

551 218 40 20 The
601 219 85 25 English
696 221 81 19 climate
786 221 40 19 will
837 221 79 26 shortly
930 223 23 20 be

525 244 43 19 held
583 247 122 23 responsible
716 247 33 19 for
759 247 34 19 the
813 248 39 18 loss
862 249 21 17 to
893 249 48 19 arch-

523 270 73 25 eology
615 272 23 18 of
654 272 36 20 the
707 273 122 24 inscription
851 280 25 12 on
896 275 46 19 Cleo-

523 297 74 23 patra's
608 298 75 19 needle.
718 299 64 19 Could
792 301 37 18 not
839 301 114 26 something

523 322 22 19 be
555 323 51 19 done
617 327 19 16 to
647 326 44 22 stop
701 325 41 18 this
752 325 63 25 decay
824 322 4 28 !
857 326 41 19 The
907 327 43 19 side

522 348 66 25 facing
620 349 89 26 Charing
732 351 60 19 Cross
816 352 77 19 station
916 356 36 16 has

520 374 71 19 alaiost
610 376 86 26 entirely
712 376 135 26 disappeared
864 378 86 25 already,

520 400 38 19 and
573 400 34 19 the
617 408 68 13 names
695 403 23 18 of
732 402 109 21 Thothmes
857 404 43 19 111.
909 407 39 17 and

520 426 95 20 Barneses
626 428 30 18 11.
667 428 51 19 have
728 428 80 19 become
818 430 74 19 almost
900 432 40 18 obli-

520 452 83 20 terated.
618 455 91 24 Apropos
717 454 22 19 of
749 455 35 18 the
794 455 83 24 Needle,
886 463 58 19 many

519 478 21 18 of
554 485 37 13 our
600 480 79 19 readers
690 480 106 19 doubtless
811 488 34 13 are
855 482 21 19 of
892 484 46 22 opin-

518 504 33 19 ion
561 505 47 19 that
624 505 39 19 this
682 506 77 19 obelisk
776 513 39 12 was
831 509 80 18 erected
923 510 25 24 by

518 530 70 24 Queen
596 531 113 25 Cleopatra.
787 533 53 24 take,
848 535 101 20 therefore

518 558 34 17 the
563 559 133 23 opportunitv
705 560 23 17 to
742 562 79 16 correct
831 560 41 19 this
886 567 61 14 erro:-.

518 583 40 19 The
572 583 85 20 London
667 585 77 18 Needle
754 592 39 12 was
805 586 45 19 first
866 588 78 18 erected

517 608 26 24 by
552 609 108 21 Tbothrues
674 610 42 19 111.
731 616 38 14 n.c.
786 613 59 23 1600,
862 613 20 19 in
893 614 55 18 front

516 631 22 22 of
548 635 32 19 (he
595 636 72 23 temple
681 637 21 18 of
720 638 34 18 the
764 638 90 25 Sun-god
873 644 21 14 at
909 640 38 19 On.

516 667 24 12 or
548 661 118 26 Heliopolis.
695 662 68 20 When
774 663 95 21 Barneses
879 665 37 23 11.,
926 671 21 15 B.

516 694 17 12 c.
544 688 56 22 1333,
612 694 55 13 came
677 690 22 16 to
708 689 44 19 rule
766 689 34 19 the
815 691 47 19 Nile
872 691 72 26 Valley

517 713 23 19 he
550 713 62 20 added
623 713 30 20 his
664 720 58 14 name
737 717 21 17 to
768 715 45 20 that
824 717 22 19 of
861 717 30 19 his
903 725 33 18 pre-

515 740 97 19 decessor.
646 740 58 24 Now,
720 740 34 20 the
765 743 48 23 only
824 743 59 19 claim
902 744 45 19 that

516 766 106 24 Cleopatoa
630 766 35 19 has
674 768 21 17 to
704 766 35 20 the
747 767 88 21 Needles
845 770 15 18 is
867 769 79 20 derived

514 791 51 20 from
575 792 33 19 the
618 792 42 19 fact
669 792 45 20 that
734 793 20 19 in
765 795 60 19 order
845 798 19 16 to
883 796 61 18 adorn

516 818 35 18 her
558 817 66 25 palace
634 820 21 17 at
673 818 101 21 Laodicea
792 821 35 19 she
841 821 38 19 had
893 822 53 18 them

514 843 59 19 taken
580 843 53 19 from
643 844 52 20 their
703 846 86 24 original
798 848 99 24 positions
905 849 38 18 and

514 869 108 20 re-erected
632 870 20 19 in
664 871 131 21 Alexandria.
824 873 40 20 We
883 874 63 20 doubt

513 902 46 18 very
574 895 57 20 much
645 896 18 19 if
677 897 57 20 there
748 905 40 14 was
803 900 80 26 enough
900 900 46 20 skill

512 922 38 18 and
564 922 114 25 enterprise
692 924 21 19 in
727 924 68 26 Egypt
810 925 21 20 in
847 927 33 18 the
896 926 49 26 days

511 947 22 19 of
556 947 108 26 Cleopatra
683 952 22 16 to
719 957 49 13 ever
791 952 90 24 produce
896 953 48 19 such

511 976 127 17 monuments
652 981 24 13 as
690 976 33 19 the
739 983 38 14 one
792 985 43 12 now
852 985 47 13 seen
918 986 27 12 on

511 999 34 19 the
559 999 63 20 banks
637 1000 22 20 of
674 1002 33 18 the
723 1003 93 20 Thames.

580 1053 77 21 LADY
667 1055 195 23 FOOTBALLERS.

534 1105 42 19 The
594 1105 48 26 lady
657 1107 120 22 footballers
798 1117 55 12 seem
875 1113 21 16 to
918 1112 26 18 lie

504 1132 91 24 [meeting
604 1133 49 18 with
662 1133 38 19 but
714 1134 117 22 indifferent
836 1143 77 14 success
924 1138 20 18 in

507 1157 52 18 their
577 1159 96 19 northern
689 1162 46 17 tour
754 1163 21 18 at
785 1162 72 19 Home.
886 1163 56 19 Thev

507 1189 51 13 Avero
568 1187 21 15 at
598 1183 81 26 Paisley
688 1186 35 19 the
739 1188 58 18 other
813 1188 44 23 day,
874 1189 67 19 where

507 1208 47 25 they
577 1211 99 19 attracted
702 1213 54 24 fully
783 1214 31 19 six
841 1214 101 20 thousand

506 1237 116 23 spectators,
643 1236 37 20 but
696 1238 36 19 the
750 1239 48 26 play
816 1241 52 18 from
886 1248 40 12 com-

506 1264 124 17 mencement
643 1264 21 17 to
674 1263 61 19 finish
749 1272 41 12 was
799 1266 35 18 the
850 1267 89 18 occasion

506 1287 22 18 of
537 1288 118 19 continuous
665 1289 102 25 laughter.
798 1291 56 19 ''The
860 1292 80 25 players

506 1312 40 19 had
556 1320 25 12 an
596 1314 132 21 unfortunate
743 1317 67 19 knack
826 1319 22 17 of
862 1319 80 24 getting

506 1338 21 19 iu
532 1340 48 17 each
584 1340 75 19 other's
663 1347 50 19 way,
722 1343 133 23 occasionally
861 1344 79 25 pushed

505 1364 49 19 with
564 1366 52 18 their
625 1366 71 24 hands,
708 1368 40 19 and
756 1369 47 25 paid
811 1369 50 19 little
867 1371 74 23 regard

506 1393 20 16 to
537 1390 85 21 off-side.
651 1392 61 20 Their
731 1397 124 17 movements
868 1402 26 13 on
908 1396 34 19 the

505 1416 47 19 field
561 1423 51 13 were
622 1424 22 12 as
659 1420 95 25 amusing
768 1427 22 12 as
805 1421 52 19 their
871 1421 68 21 efforts

505 1445 20 16 to
535 1442 52 26 play,
599 1444 77 24 despite
690 1445 54 20 their
760 1447 97 18 'rational'
873 1451 18 15 at
896 1448 43 22 tiro,

505 1469 40 18 and
563 1469 34 19 the
615 1469 97 26 laughter
730 1472 22 19 of
770 1472 35 19 tho
822 1474 66 18 crowd
900 1481 39 11 was

505 1495 89 24 mingled
604 1495 49 19 with
663 1496 79 25 jocular
751 1499 91 18 remarks
857 1500 71 24 regard-

505 1521 35 22 ing
549 1521 51 18 their
619 1523 83 23 general
893 1526 36 19 Tin-

504 1546 47 24 ally,
570 1547 35 19 the
622 1551 112 22 spectators
753 1550 63 19 broke
835 1551 42 19 into
902 1552 34 19 tho

504 1572 52 24 field,
577 1573 39 19 and
632 1573 35 21 the
683 1575 81 25 players
781 1576 41 20 had
838 1579 22 17 to
874 1577 26 20 bo
910 1584 20 13 es-

504 1598 67 20 coicod
580 1601 20 17 to
610 1599 34 19 the
653 1601 101 25 pavillion
763 1602 28 25 by
798 1603 34 19 the
844 1604 69 25 police.

526 1668 56 20 THE
592 1668 92 22 JUDGE
694 1671 60 20 AND
765 1672 58 20 THE

530 1747 32 20 An
572 1749 95 26 amusing
677 1749 89 21 incident
781 1757 41 14 was
832 1749 107 22 witnessed

504 1774 87 25 recently
609 1775 22 19 in
649 1776 35 19 the
707 1776 126 27 Blooinbury
858 1776 81 25 County

504 1800 68 20 Court.
600 1802 74 19 Seated
683 1802 22 19 in
719 1803 36 19 tho
773 1804 69 25 public
862 1802 77 26 gallery

504 1832 40 14 was
562 1833 12 13 a
591 1826 49 27 lady
658 1829 74 19 attired
742 1829 21 19 in
778 1830 54 19 cloth
843 1828 43 28 golf
896 1836 41 18 tap,

504 1852 58 20 black
577 1854 66 19 reefer
654 1854 75 25 jacket,
748 1856 43 19 stiff
807 1856 55 20 linen
878 1854 61 20 collar

504 1879 39 19 and
552 1879 67 19 frilled
629 1879 51 21 shirt
690 1882 61 18 front.
780 1882 69 25 Judge
864 1883 73 22 Bacon,

504 1904 82 26 looking
596 1912 65 13 across
680 1907 34 19 tho
733 1910 58 18 court
805 1911 21 17 to
842 1909 34 19 tho
895 1911 43 22 spot

504 1931 64 19 whore
586 1931 36 20 she
649 1939 42 13 was
718 1935 74 23 seated,
819 1934 116 23 exclaimed,

584 1957 29 20 off
620 1964 52 19 your
679 1964 44 21 cap,
841 1960 42 19 Tho
902 1966 36 19 cap

505 1990 39 12 was
554 1985 33 17 not
596 1985 100 24 removed,
708 1985 39 19 and
757 1987 25 18 he
792 1986 97 25 repeated
906 1986 31 19 his

504 2010 57 18 order
570 2012 20 17 to
671 2018 47 12 man
839 2013 19 18 A
874 2013 65 18 man's

504 2036 54 19 voico
567 2036 52 19 from
629 2036 33 19 the
678 2037 85 26 gallery:
781 2038 51 20 "It's
852 2045 11 12 a
882 2039 54 24 lady,

504 2067 50 19 your
691 2063 143 27 (Laughter.)
869 2064 69 26 Judge

504 2088 72 23 Bacon,
594 2088 82 26 leaning
699 2096 48 13 over
769 2091 32 18 his
825 2090 49 19 desk
897 2091 41 19 and

504 2114 98 25 straining
610 2114 33 19 his
661 2121 53 19 eyes:
744 2116 21 19 Is
784 2117 16 18 it
819 2123 12 12 a
848 2123 88 13 woman:

502 2139 56 24 Why
562 2140 46 19 does
616 2140 36 19 she
660 2141 55 20 dress
723 2142 42 19 like
871 2143 66 25 (Loud

501 2164 110 27 laughter).
615 2167 140 24 Reynolds.'

501 2230 115 23 ANOTHER
625 2231 79 20 VIEW
718 2232 35 19 OF
771 2233 59 20 OUR
847 2234 90 19 DAIRY

667 2257 101 21 TRADE.

525 2308 35 21 Mr
569 2309 65 26 Vagg,
647 2310 21 19 of
678 2310 33 19 the
722 2312 121 19 Melbourne
854 2312 81 20 Chilled

502 2335 75 20 Butter
595 2331 40 24 and
654 2336 92 21 Produce
757 2338 92 26 Compy.,
859 2338 37 19 has
906 2345 19 14 re-

500 2361 65 26 cently
574 2362 74 20 visited
657 2362 35 20 tho
699 2363 80 20 Danish
789 2365 41 19 and
840 2364 92 20 Swedish

501 2388 191 26 butter-producing
707 2390 95 20 districts.
831 2390 33 20 lie
883 2397 52 18 says:

610 2413 91 21 Zealand
721 2417 41 19 and
780 2416 104 20 Australia
900 2423 35 13 can

501 2440 47 19 beat
555 2441 104 19 Denmark
666 2442 40 18 and
713 2443 85 19 Sweden
805 2443 18 19 if
828 2443 48 25 they
885 2443 50 19 stick

500 2469 20 16 to
530 2467 21 18 it.
580 2466 103 20 Denmark
694 2469 40 18 and
744 2468 58 20 Swcn
812 2472 71 16 cannot
891 2476 33 19 pro-

501 2492 39 19 duo
549 2494 21 17 at
580 2493 49 19 such
639 2493 37 19 low
687 2495 65 24 prices
762 2502 22 12 as
795 2495 34 19 the
847 2495 87 19 colonics

501 2519 83 18 because
593 2519 20 19 of
621 2519 53 19 their
680 2519 80 21 climate
767 2521 40 19 and
814 2521 34 19 the
855 2524 80 21 greater

501 2547 82 17 amouut
594 2545 20 19 of
621 2545 83 26 footling
711 2547 101 25 required.
840 2547 56 25 They
903 2554 32 12 are

501 2577 44 13 now
555 2573 21 17 at
585 2571 65 19 about
659 2571 34 19 tho
704 2573 39 19 end
755 2573 22 19 of
793 2573 52 20 their
864 2574 71 23 tether,

501 2597 40 18 and
557 2597 52 19 have
627 2597 39 20 lost
682 2605 73 18 money
770 2599 28 19 all
808 2599 41 19 this
858 2606 77 13 season.

501 2622 55 26 They
575 2623 58 20 made
651 2624 92 26 nothing,
764 2625 40 20 and
823 2625 52 20 havo
889 2625 46 26 only

500 2649 55 19 lived
572 2651 35 18 out
626 2650 21 19 of
666 2650 34 20 tho
717 2658 31 12 sa\
754 2652 46 25 Ings
816 2652 21 18 of
845 2652 35 18 tho
890 2655 45 22 past

500 2681 58 19 years
567 2675 59 20 made
631 2675 70 22 before
708 2677 88 20 colonial
804 2678 128 25 competition

501 2707 55 13 camo
565 2702 42 19 into
617 2702 34 19 the
661 2702 54 19 hold.
743 2704 38 19 Let
791 2704 34 19 the
841 2704 94 19 colonists

501 2727 50 25 keep
562 2734 26 19 up
598 2728 65 24 heart,
674 2729 40 18 and
729 2730 50 25 they
794 2731 55 18 must
864 2730 22 19 in
901 2730 34 19 the

501 2753 48 25 long
559 2761 37 12 run
606 2754 40 19 win
656 2754 34 19 the
700 2758 83 22 present
792 2756 50 26 light
852 2756 32 19 for
901 2756 34 19 the

501 2780 84 19 London

527 2805 46 20 Still
581 2806 41 19 this
632 2807 22 19 of
664 2813 70 14 course
744 2808 48 19 does
802 2815 59 12 mean
875 2808 60 19 lower

500 2831 70 26 prices,
581 2832 32 19 for
623 2839 12 12 a
645 2833 47 19 time
703 2836 20 17 at
734 2841 40 18 any
783 2836 49 22 rate,
840 2834 31 19 for
877 2834 56 23 milk,

501 2858 40 18 and
550 2858 56 19 there
616 2862 53 16 must
676 2859 25 20 bo
710 2867 10 12 a
728 2860 147 25 readjustment
882 2860 52 19 alike

501 2884 21 19 of
530 2883 49 20 land
589 2885 70 19 values
669 2886 41 18 and
719 2886 22 19 of
750 2886 78 25 freight
843 2886 91 25 charges.

501 2910 41 19 But
552 2911 34 19 tho
596 2911 54 25 prize
660 2912 21 18 in
690 2912 52 19 view
761 2912 17 19 is
797 2912 65 19 worth
881 2918 54 13 some

501 2936 51 20 little
562 2933 132 29 preliminary
708 2938 95 20 sacrifice.

536 2997 199 32 GENERAL
763 2998 136 31 NEWS.

527 3051 19 20 A
558 3051 165 26 cajefully-mado
751 3055 94 19 estimate
861 3053 21 19 of
900 3053 34 19 the

503 3078 96 26 probable
609 3078 41 20 loss
659 3078 23 20 of
691 3079 61 26 sheep
768 3081 26 26 by
804 3081 35 19 the
850 3086 54 13 snow
915 3080 19 18 in

502 3104 34 19 the
547 3104 110 21 Geraldine
667 3106 39 18 aud
722 3106 120 20 Mackenzie
857 3106 76 19 conties

502 3130 67 20 makes
579 3131 17 18 it
604 3130 155 26 ahout3oo,oC3
769 3135 35 18 out
815 3133 22 19 of
851 3133 84 23 530,000

502 3158 20 19 in
533 3157 34 19 the
577 3158 56 24 large
647 3158 94 26 stations,
753 3160 39 19 and
803 3160 16 19 it
835 3159 17 19 is
866 3159 69 19 feared

502 3184 44 19 that
560 3183 33 20 the
608 3184 101 20 survivors
725 3186 40 20 will
781 3187 24 19 be
816 3185 62 21 worth
889 3192 45 19 very

502 3208 60 22 little.

528 3238 19 18 A
558 3236 66 20 useful
635 3238 71 20 article
715 3238 33 20 for
759 3246 11 12 a
781 3239 46 19 deaf
838 3238 46 25 la.ly
899 3238 32 19 ha<

503 3263 48 19 been
562 3263 89 25 recently
661 3265 104 24 patented.
794 3266 21 19 It
833 3265 18 20 is
871 3272 11 12 a
901 3264 33 20 fan

503 3289 34 20 def
541 3290 27 24 lly
576 3290 115 26 concealing
699 3299 11 12 a
720 3292 45 26 tiny
774 3293 136 23 ear-trumpet
917 3292 18 18 in

504 3316 25 19 its
541 3316 57 19 stick.

530 3344 18 17 A
559 3343 91 19 scientist
660 3344 90 20 declares
760 3344 46 20 that
814 3344 34 19 the
861 3342 63 22 beauti-

504 3369 30 19 ful
542 3370 135 23 co'jjpjc-Aiuub
686 3372 22 18 of
715 3371 76 20 Biiiislj
800 3371 49 25 girls
858 3378 34 12 aro
899 3370 27 20 dui-

505 3398 20 15 l.o
536 3395 35 19 the
582 3396 44 24 fogs
636 3396 63 20 which
716 3404 64 18 sweep
796 3404 47 12 over
854 3396 73 20 Albion

504 3421 114 25 Dampness
629 3423 62 24 keeps
701 3423 35 20 the
750 3423 44 19 skin
810 3424 47 19 soft.

530 3456 42 20 The
587 3457 46 19 first
649 3457 31 20 fat
696 3459 64 19 ]ambs
779 3458 21 20 of
818 3458 33 20 the
868 3464 67 14 season

506 3489 52 13 were
568 3483 76 20 offered
655 3486 22 17 at
694 3485 34 19 the
745 3485 119 25 Addington
879 3484 56 26 yards

505 3516 25 11 on
542 3509 132 25 Wednesday
685 3511 54 25 (says
748 3511 34 19 the
791 3510 144 21 Ghristc'burcb

506 3535 64 25 Star),
591 3536 38 19 and
650 3537 82 19 fetched
753 3537 60 26 fancy
829 3537 72 25 prices,
918 3544 12 12 as-

508 3562 45 24 high
566 3569 21 12 as
598 3563 36 18 26s
645 3563 47 19 each
703 3563 60 25 being
774 3563 46 25 paid
834 3563 33 20 frr
881 3563 51 20 thoe<

507 3588 51 19 from
575 3588 34 19 Mr
629 3589 27 19 H.
678 3590 148 22 Chamberlain,
845 3588 90 26 LeestoD,

507 3614 39 19 and
556 3616 35 18 31s
602 3615 32 19 for
645 3615 58 20 those
711 3616 53 20 from
772 3617 35 18 Mr
815 3617 26 19 Gr.
850 3616 73 20 Bather-

505 3640 51 26 ford,
567 3641 132 26 Dalethorpe.

532 3675 33 19 On
584 3675 34 20 the
638 3677 46 18 field
704 3677 22 19 of
859 3683 10 13 a
880 3678 55 24 topaz

506 3701 45 24 sei-l,
570 3704 30 17 set
615 3702 21 19 in
654 3703 45 24 gold
717 3710 39 12 was
767 3704 89 23 recently
867 3703 62 19 found

506 3727 81 27 bearing
591 3728 33 20 the
633 3736 52 12 arms
692 3730 38 19 and
738 3731 67 19 motto
810 3729 23 21 of
836 3729 99 21 Viscount

507 3754 84 26 Barring
592 3757 42 17 ton.
662 3756 21 18 It
702 3755 98 26 belonged
820 3759 20 16 to
860 3755 68 26 Ensigi

506 3781 128 24 Barriugton,
647 3782 43 18 who
700 3790 39 11 was
751 3783 60 19 killed
831 3783 19 19 at
861 3783 69 24 Qualn

506 3807 55 22 Bras,
573 3806 47 20 16th
633 3807 60 26 June,
711 3810 59 22 1815,
788 3809 39 19 and
845 3808 38 20 had
897 3809 33 18 laii

505 3833 143 19 undiscovered
662 3834 33 20 for
709 3835 69 25 eighty
793 3842 63 17 years.

531 3867 41 19 The
584 3870 75 16 newest
668 3868 59 25 thing
743 3871 37 17 out
796 3869 21 18 in
834 3868 99 20 London't

504 3893 61 19 world
578 3893 21 19 of
609 3894 100 19 swelldom
720 3895 17 18 is
752 3902 11 11 a
784 3895 52 18 hand
857 3896 73 23 paintr<

505 3920 51 19 shirt
564 3919 62 19 front.

530 3955 50 23 Says
589 3960 25 13 an
625 3954 84 25 English
720 3961 63 19 paper
794 3955 20 18 in
825 3955 29 18 thi
860 3960 63 13 scout
930 3964 5 3 -

504 3983 32 21 try
547 3981 65 19 where
621 3980 59 20 there
699 3981 17 19 is
736 3988 21 12 so
775 3981 61 19 much
854 3982 77 23 povert}

504 4006 39 20 and
558 4007 89 23 distress,
662 4008 18 18 it
694 4013 16 13 is
721 4007 124 24 comforting
855 4009 22 16 to
887 4006 37 19 hea

504 4033 45 19 that
559 4033 107 19 Australia
674 4033 16 19 is
701 4040 11 12 a
720 4036 85 21 country
815 4032 84 19 without
908 4039 20 12 or

506 4059 61 25 phans
578 4066 22 12 or
610 4059 120 26 orphanage.
768 4061 66 24 Every
854 4058 47 20 waif
921 4064 16 15 is

504 4085 61 20 taken
575 4087 20 17 to
605 4092 12 12 a
626 4086 101 25 receiving
742 4086 69 24 house,
822 4085 64 20 where
895 4085 16 19 it
920 4085 4 26 i

504 4111 50 25 kept
572 4111 52 23 until
641 4118 12 14 a
672 4115 86 24 country
778 4112 56 20 home
844 4118 17 13 13
871 4111 61 20 found

504 4137 32 21 for
545 4138 24 21 it,

1161 82 57 21 THE
1232 83 59 21 HOT
1306 84 94 22 LAKES
1415 84 175 25 CHRONICLE,
1606 81 193 26 WEDNESDAY,
1832 77 169 24 SEPTEMBER
2015 79 86 25 4,1893,

80 3878 36 16 The
129 3879 77 15 Customs
213 3877 66 15 returns
289 3882 50 14 prove
346 3877 65 19 linyond
422 3877 50 15 eontr-

60 3897 64 16 diction
133 3897 39 17 that
182 3896 68 19 Nelson,
258 3896 55 15 Moate
325 3897 33 15 and
369 3896 38 17 Co's
415 3897 32 14 tine
455 3897 29 14 tea

59 3922 29 10 :ire
102 3918 50 18 heing
165 3915 106 24 appreciated
285 3917 21 18 by
316 3916 28 16 the
353 3922 8 10 u
369 3922 17 14 a]
395 3917 50 18 ority,
460 3916 26 15 for

60 3937 17 15 in
86 3937 41 19 spite
139 3937 18 15 of
168 3937 28 15 the
203 3941 87 11 numerous
303 3936 44 15 firms
364 3941 13 15 t\
388 3941 52 14 every
447 3934 39 21 pari

60 3957 49 15 urthe
121 3957 77 15 Colonies
205 3957 38 14 that
257 3961 28 10 are
302 3956 52 19 copyii
360 3960 15 16 g
392 3956 51 18 them,
459 3954 27 15 tlie

60 3981 11 9 o
83 3981 50 10 nover
146 3976 15 15 is
168 3981 18 10 as
193 3976 46 19 large
252 3981 17 10 as
276 3981 44 13 ever,
334 3980 33 11 ana
377 3976 29 14 the
416 3973 70 16 demand

61 3999 12 10 n
80 3997 48 17 great
139 3996 38 15 that
191 3995 40 19 they
245 3995 28 16 sell
285 4000 43 11 more
339 3995 67 19 Indian,
422 3993 56 19 Ceyon

61 4014 12 15 d
92 4015 71 15 blended
179 4016 37 14 teas
233 4015 40 15 than
290 4015 28 15 the
338 4014 53 15 whole
407 4013 17 15 of
446 4012 39 18 thct

60 4035 65 17 inports
141 4035 32 15 and
188 4034 64 16 dealers
272 4035 31 18 put
326 4033 79 19 together
417 4033 18 15 in
453 4032 23 15 las

59 4054 69 18 quarter
135 4054 16 15 of
158 4054 29 15 the
196 4054 69 17 Colony.

99 4080 61 16 Rouoh
167 4084 22 12 on
262 4080 70 16 Glear
339 4080 29 14 out
381 4080 40 16 rata,
443 4078 42 18 rajee

62 4099 71 19 pooches,
144 4099 38 19 flies,
195 4101 41 17 ants,
251 4099 88 19 bed-bugs,
354 4099 62 16 insects,
429 4098 18 13 al:
453 4096 32 20 mff

59 4118 116 20 jpocck-rabits,
193 4124 83 15 sparrows,
288 4118 75 20 gophers.
386 4118 21 14 At
410 4117 76 15 chemists

62 4136 33 23 pad
102 4137 89 21 druggists.

1097 153 243 68 LAKE
1403 151 327 69 HOUSE

1021 230 326 47 Hydropathic
1389 229 153 44 Hotel,
1578 228 230 38 Roturua-

1244 279 258 23 ESTABLiSHJED
1519 279 72 20 IBSi.

973 316 84 24 Under
1069 317 40 24 the
1122 323 131 25 patronage
1265 317 26 23 of
1302 317 40 23 Sir
1365 317 39 24 W.
1424 315 101 31 Jervois,
1545 314 58 23 Earl
1622 315 48 22 and
1691 315 120 22 Countess
1830 311 23 22 oi

1021 350 140 31 Hopetoun,
1173 350 41 23 the
1228 350 63 23 Hon.
1306 350 107 23 Premier
1423 349 47 23 and
1486 348 122 22 Members
1621 347 25 23 of
1658 347 152 23 Parliament.

1002 402 54 23 The
1070 402 75 23 Hotel
1161 402 19 22 is
1189 401 106 23 situated
1307 409 31 15 on
1351 409 30 15 an
1394 399 113 25 elevated
1521 399 102 31 position
1636 409 31 14 on
1680 401 41 23 the
1734 401 84 23 shores
1830 400 25 23 of

969 433 68 25 Lake
1050 435 116 26 Rotorua,
1179 433 143 24 convenient
1335 439 26 17 to
1378 433 30 23 all
1422 433 40 23 the
1481 432 76 31 sights
1569 432 23 23 in
1605 433 40 23 the
1653 433 101 25 district.

971 471 157 34 Sulphur
1141 472 68 26 and
1227 471 149 27 Mineral
1389 470 107 28 Bath.3
1510 470 23 23 in
1546 470 40 23 the
1605 471 116 24 Grounds
1739 472 25 24 of
1778 471 75 24 Hotel

1001 543 38 22 To
1050 548 65 18 meet
1126 543 40 22 the
1180 542 107 23 dullness
1300 542 26 23 of
1337 541 41 23 the
1390 541 72 23 times
1475 549 13 14 a
1501 540 88 30 charge
1602 541 25 22 of
1639 541 41 28 2
1694 550 26 15 2s
1729 551 42 22 per
1786 542 68 22 week

1044 576 38 22 for
1100 585 14 13 a
1127 575 148 32 lengthened
1288 580 61 25 stay.
1484 581 44 14 one
1541 573 67 23 week
1623 575 33 22 Bs.
1673 583 43 22 per
1728 576 55 29 day.

1017 640 34 26 B.
1053 640 89 23 Mrs
1154 640 108 23 Graham
1275 638 46 25 will
1335 648 52 13 aiso
1399 648 111 13 continue
1526 648 23 11 10
1559 648 125 20 supervise
1697 648 41 13 111
1797 638 58 30 c

1061 673 139 42 Geysep
1217 672 121 36 .House
1365 670 250 43 Hydropathic
1636 670 123 40 .Hotel,

1297 711 239 36 WAIRAKkI,

966 757 76 24 which
1055 757 43 24 has
1110 758 101 23 become
1223 766 14 14 a
1246 756 100 32 popular
1356 756 23 22 &
1389 754 120 24 favourite
1519 759 77 18 resort
1605 760 114 27 amongst
1727 753 126 25 travellers

1314 788 49 24 and
1393 787 110 24 invalids.

1032 828 24 23 A
1076 828 123 23 reduction
1219 828 20 22 is
1259 826 72 24 made
1350 831 25 18 to
1396 825 92 31 weekly
1506 833 27 14 or
1545 825 108 31 monthly
1662 826 123 23 boarders.

966 865 82 24 Guide
1061 866 81 23 Books
1152 866 47 23 and
1212 865 154 23 information
1375 864 77 31 gratis
1465 868 24 18 at
1498 863 70 22 Cook
1579 864 22 22 &
1611 864 63 23 Sons
1686 863 61 32 (sole
1757 863 94 31 agents)

1197 898 82 24 offices
1297 897 149 31 throughout
1464 896 40 24 the
1517 896 101 31 Colony.

965 936 88 36 Mrs.
1074 936 38 38 R,
1131 935 212 39 SRAHAM,
1369 924 33 38 '-
1454 954 19 8 -
1525 954 20 6 -
1586 934 264 43 Proprietress.

969 1015 451 60 GEYSER
1468 1014 378 59 HOUSE

1012 1089 328 47 Hydropathic
1372 1087 154 41 Hotel,
1545 1087 257 39 Wairakei.

1162 1136 35 16 Six
1208 1135 57 18 miles
1275 1136 52 17 from
1337 1135 57 18 Lake
1404 1134 70 25 Taupo
1486 1133 99 26 (Rotorua

1090 1166 219 31 SUPERIOR
1340 1165 386 31 ACCOMMODATION

1223 1204 56 21 THE
1289 1202 145 22 COMFORTS
1444 1203 35 18 OF
1491 1203 14 18 A
1518 1202 79 20 HOME
1609 1202 54 21 FOB

1196 1232 156 25 Tourists
1371 1230 68 26 and
1469 1229 164 29 Invalids.

963 1303 69 26 Hot
1046 1301 202 31 Swimming
1262 1300 116 32 Baths,
1394 1299 306 28 Kiri-o-hine-Kar
1714 1308 39 19 or
1767 1301 82 26 Mew

1114 1336 83 26 Skin
1223 1334 98 29 Bath,
1349 1334 71 25 Hot
1432 1332 139 27 Douche
1582 1334 118 32 Baths,

1262 1366 118 27 Grand
1399 1366 151 26 Climate.

1062 1406 301 27 Elevationl3so
1383 1404 68 27 feet
1464 1404 109 27 above
1585 1405 164 32 sea:level.

963 1473 256 28 COMPETENT
1235 1473 161 26 GUIDES
1408 1480 156 25 accompany
1576 1474 107 24 tourists
1693 1475 26 23 to
1728 1474 45 24 the
1785 1474 52 24 vari-

1061 1516 47 16 ous
1119 1508 85 32 places
1216 1508 27 22 oi'
1255 1507 116 31 interest,
1386 1507 86 23 which
1483 1506 72 23 bailie
1568 1507 45 24 the
1625 1509 66 22 most
1703 1507 79 24 facile
1791 1515 59 24 pen,

1061 1541 50 24 and
1125 1549 46 16 can
1183 1540 60 32 only
1256 1540 32 24 be
1300 1540 109 24 realized
1422 1540 76 24 when
1516 1548 67 16 seen.

1221 1577 2 17 -
1241 1583 20 2 --
1314 1577 194 17 -rr-r-SiSL^S-J?'''*^
1510 1577 59 17 .
1606 1581 20 5 -

963 1599 194 25 GEYSER
1171 1599 193 24 VALLEY
1373 1603 94 16 wiitis
1474 1599 36 19 tlio
1517 1599 107 26 lollowing
1636 1599 121 26 unequalled
1767 1600 83 19 Natura

1041 1627 92 18 wonders
1142 1625 4 25 :
1148 1625 148 24 Tuhuatahl,
1318 1632 22 13 or
1361 1626 65 19 Great
1446 1626 131 24 Champagne
1591 1626 125 24 Cauldron;
1731 1627 35 18 the
1785 1627 65 19 Groat

1040 1652 104 20 Wairakei
1154 1651 90 27 Geyser;
1253 1652 35 19 the
1298 1652 89 26 Donkey
1398 1653 79 24 Engine
1486 1660 5 16 ;
1503 1652 33 19 the
1547 1651 85 21 Fairies'
1641 1652 53 20 Bath
1703 1661 5 15 ;
1719 1652 35 20 the
1765 1653 73 24 Lightn-

1041 1679 36 25 ing
1090 1677 61 28 Pool;
1162 1678 35 20 the
1207 1679 50 19 Case
1272 1679 24 19 de
1307 1679 85 25 Geyser,
1407 1685 22 13 or
1441 1677 102 26 Dragon's
1554 1679 70 19 mouth
1634 1677 4 28 ;
1650 1679 35 19 the
1695 1679 57 19 black
1764 1679 86 26 Geyser;

1040 1706 34 19 the
1082 1706 51 19 Mud
1146 1706 77 23 Geyser
1255 1704 34 21 the
1298 1703 54 23 Blue
1362 1704 70 29 Lake;
1441 1704 35 21 the
1496 1704 33 20 Oil
1541 1704 67 25 Bath;
1626 1705 36 19 the
1684 1705 80 26 Ef.gl'n

1040 1733 35 19 the
1086 1730 78 22 Devil's
1175 1733 69 18 Punch
1257 1732 69 23 Bowl;
1338 1731 35 21 the
1383 1732 73 19 Prince
1470 1731 23 19 of
1503 1729 76 23 Wales'
1590 1733 112 23 Feathers;
1711 1736 34 15 the
1761 1732 89 25 Mirror;

1041 1759 33 19 the
1082 1758 56 20 Twin
1149 1758 77 25 Geyser
1237 1757 4 27 ;
1252 1759 34 19 the
1297 1759 60 19 Coral
1368 1759 79 25 Geyser
1458 1757 4 27 ;
1474 1758 35 19 the
1519 1758 67 20 Green
1602 1757 61 27 Pool;
1683 1757 134 26 Terekorehe)
1829 1767 22 12 or

1039 1785 49 19 Hell
1100 1787 90 22 Geyser;
1201 1785 35 19 the
1246 1787 69 17 Steam
1326 1786 104 20 Hammer.
1460 1784 85 20 Guide's
1556 1786 32 19 fee
1599 1788 21 17 tu
1631 1786 81 25 Geyser
1731 1785 79 26 Valley,
1822 1787 28 23 Cs;

1040 1813 93 18 distance
1143 1811 51 19 from
1206 1811 33 19 the
1251 1811 61 25 hotel,
1322 1819 39 13 one
1371 1811 53 20 mile.

1409 1877 7 11 v
1449 1872 21 12 or
1482 1865 80 19 Ladder
1573 1865 83 26 Rapids.
1686 1865 42 20 The
1745 1866 105 20 Grandest

1039 1891 79 26 Kapids
1129 1891 21 19 in
1159 1891 36 19 the
1205 1891 104 19 Southern
1319 1891 151 26 Hemisphere-;
1479 1890 75 27 failing
1564 1891 21 21 in
1605 1893 31 19 six
1653 1892 87 20 distinct
1757 1893 92 20 cascades

1039 1920 94 23 amongst
1150 1917 60 20 weird
1223 1918 37 18 and
1274 1919 75 24 rugged
1365 1924 91 19 scenery.
1484 1918 98 20 Distance
1592 1919 52 19 from
1656 1919 35 19 the
1711 1919 64 24 hotel,
1794 1920 56 19 three

1039 1944 64 20 miles.
1132 1943 74 19 Saddle
1216 1944 70 19 horses
1301 1948 21 15 to
1334 1944 47 19 visit
1393 1945 125 24 theKapnls,
1530 1945 22 19 7s
1563 1945 25 19 (3d
1597 1946 55 20 each.

961 1991 221 25 KERAPITI
1211 1999 22 11 or
1243 1992 34 19 the
1288 1992 78 19 Devil's
1376 1993 98 24 Trumpet
1485 1992 16 19 is
1517 1994 44 18 said
1580 1996 21 17 to
1622 1994 52 19 emit
1693 2001 11 14 a
1726 2001 93 19 pressure
1829 1994 21 19 of

1038 2020 71 18 lSUlbs
1120 2019 22 18 of
1156 2022 64 15 steam
1232 2022 19 15 to
1263 2019 33 18 the
1303 2018 54 24 inch,
1373 2019 53 18 from
1436 2026 26 11 an
1477 2022 98 23 aperture
1583 2020 21 20 of
1624 2021 66 20 about
1709 2023 24 17 12
1750 2021 70 20 inches
1827 2021 21 20 in

1038 2045 105 20 diameter.
1171 2044 99 21 Distance
1281 2045 54 20 from
1345 2044 56 21 hotel
1408 2045 59 20 three
1476 2048 39 18 and
1528 2053 12 13 a
1549 2046 43 21 half
1602 2047 57 20 miles
1666 2055 6 17 j
1692 2048 71 19 saddle
1779 2048 69 20 horses

1038 2074 21 17 to
1072 2072 46 19 visit
1130 2071 34 18 the
1175 2072 69 23 above,
1256 2073 55 18 l!sud
1322 2072 56 19 each.

1372 2104 54 13 ALSO

962 2123 248 25 THE'HUKA
1229 2124 170 31 FALLS,
1586 2126 56 20 Falls
1653 2133 19 12 in
1693 2126 34 19 the
1747 2126 101 21 Southern

1036 2156 142 24 Hemisphere.
1206 2155 42 20 The
1260 2155 54 20 Falls
1326 2161 44 21 may
1387 2159 22 16 be
1420 2157 73 19 visited
1500 2162 26 13 ou
1535 2156 35 20 the
1580 2164 54 12 same
1640 2158 117 24 expedition
1771 2164 23 13 as
1814 2157 35 21 the

1035 2182 80 19 Devil's
1122 2183 105 23 Trumpet.
1255 2182 99 20 Distance
1364 2182 53 20 from
1429 2183 52 19 hotel
1493 2182 58 20 three
1559 2184 39 18 and
1609 2192 11 11 a
1632 2184 43 19 half
1686 2184 63 20 miles.
1774 2183 74 21 Saddle

1038 2208 60 19 horse
1115 2215 23 12 or
1148 2208 67 24 buggy
1230 2208 50 19 2t9d
1291 2209 56 19 each.

1091 2234 89 26 MRS
1193 2234 37 26 B.
1250 2234 195 32 GRAHAM,
1466 2236 244 32 Proprietress.

960 3174 453 74 CENTRAL
1496 3177 346 90 HOTEL,

1111 3259 57 26 HIGH
1188 3259 33 26 ST.
1243 3260 38 26 and
1300 3260 109 27 VICTORIA
1420 3262 33 26 ST.
1469 3262 63 31 EAST,
1555 3262 127 28 AUCKLAND.

1010 3317 44 20 The
1072 3318 66 21 above
1157 3317 108 21 Favourite
1282 3319 40 19 and
1345 3319 142 21 Commodious
1506 3320 62 20 llottl
1587 3322 74 21 affords
1680 3324 166 22 EXCELLENT

959 3343 241 20 ACCOMMODATION
1232 3345 33 20 for
1291 3345 141 27 TOURISTS,
1467 3347 181 22 TRAVELLERS
1675 3352 16 17 &
1699 3341 8 3 '
1719 3351 127 22 VISITORS

960 3370 43 19 wLu
1016 3370 40 20 will
1065 3370 77 21 receive
1152 3377 55 19 everj
1221 3370 89 21 Comfort
1326 3373 40 18 and
1380 3372 112 22 Attention.

997 3422 82 26 Sample
1088 3422 76 21 Rooms
1173 3423 32 19 for
1214 3423 185 23 COMMERCIAL
1408 3426 182 21 TRAVELLERS
1601 3428 101 21 available
1712 3432 21 17 at
1743 3431 31 19 all
1780 3431 64 20 times.

1011 3474 90 26 Charges
1111 3475 109 20 Moderate.
1247 3476 116 21 SPECIAL
1367 3478 91 22 RATES
1463 3478 35 21 TO
1508 3479 175 23 PERMANENT
1689 3481 155 23 BOARDERS.

1308 3507 4 18 '
1399 3513 10 12 0
1455 3508 32 12 :

1009 3526 106 21 Excellent
1125 3527 88 20 Cuisine.
1242 3528 95 27 Spacious
1352 3530 39 20 and
1410 3529 180 24 Well-Ventilated
1607 3530 117 25 Bedrooms.
1761 3535 85 21 Billiard

959 3553 63 19 Room
1033 3554 49 19 with
1092 3556 39 17 two
1141 3554 104 20 first-class
1255 3556 71 21 tables.
1354 3557 44 20 Hot
1412 3558 15 19 &
1438 3558 50 19 Cold
1501 3558 80 26 Plunge
1592 3560 14 19 &
1618 3560 82 20 Shower
1708 3562 72 20 Paths.

1124 3585 77 26 Wineu,
1214 3587 73 26 Spirits
1298 3588 40 19 and
1347 3589 48 19 Ales
1405 3591 22 17 of
1435 3590 35 19 the
1483 3591 43 18 best
1535 3590 79 20 Brands
1621 3593 53 24 only.

1109 3645 40 39 S.
1180 3647 39 38 C.
1253 3628 457 70 CAllKTONTProprietor.

1030 3770 33 30 d,
1091 3770 27 31 l,
1134 3770 190 36 Jiensftaw.

974 3806 141 29 GENERAL
1157 3810 238 35 STOREKEEPER,

1061 3841 54 20 THE
1140 3843 158 22 BUNGALOW.

964 3873 186 28 KAKARAMEA,
1176 3878 129 21 GALATEA
1335 3882 60 19 AND

1012 3901 172 22 WAI-O-TAPU
1199 3904 10 19 J
1216 3904 129 23 UNCTION.

986 3952 82 22 Horse
1083 3953 55 23 feed
1176 3958 50 19 and
1255 3958 139 23 Luncheon

1110 3983 136 24 provided.

985 4027 129 23 Subscribers
1126 4031 40 19 will
1174 4032 68 25 please
1261 4034 56 20 leave
1335 4038 57 18 word

962 4060 16 16 it
988 4058 35 19 the
1033 4060 61 24 office,
1106 4061 72 20 should
1197 4063 49 25 they
1263 4068 34 15 not
1315 4067 77 20 receive

959 4089 50 21 cheir
1018 4097 62 19 paper
1087 4094 109 24 regularly,
1204 4095 42 19 and
1251 4096 34 19 the
1293 4097 95 21 omission

959 4122 38 19 will
1006 4122 26 20 bo
1040 4123 136 26 immediately
1185 4126 48 19 recti
1240 4127 46 21 iied.

1441 3786 42 35 W.
1504 3784 185 37 Biomfleld
1705 3786 36 36 &
1754 3786 66 47 Go,,

1413 3862 205 22 TOTALISATOR
1637 3865 205 26 PROPRIETORS.

1439 3918 15 17 A
1460 3923 19 13 re
1486 3917 98 24 prepared
1593 3917 89 24 to.make
1688 3923 155 22 arrangements

1413 3949 24 13 un
1456 3942 119 20 favourable
1593 3945 62 20 terms
1677 3945 34 20 for
1726 3946 36 20 the
1771 3953 39 14 use
1820 3948 22 19 of

1413 3969 52 19 their
1474 3970 108 18 machines.

1582 4005 101 21 Aj)DIIKBS

1413 4043 44 39 W.
1494 4043 185 38 Blomfield
1714 4047 37 36 &
1785 4048 56 41 Co.

1477 4097 105 35 QUEEN
1643 4100 130 37 STREET,

1538 4146 171 28 AUCKLAND.

1915 242 107 32 *>*2g>-?%

2003 321 48 15 THE
2065 320 102 16 GRASSES.

1872 364 37 12 The
1921 364 44 13 Best
1977 364 52 13 Time
2040 366 20 10 to
2071 364 38 12 Sow
2111 364 60 12 Two
2178 364 72 15 Widely
2257 366 32 12 IJis-

1890 385 83 13 tributcd
1980 386 36 12 and
2025 385 88 14 Valuable
2121 385 76 12 Pasture
2205 386 78 13 Qrasses.

1893 407 97 21 Timothy,
1999 408 34 16 rod
2041 409 39 19 top,
2089 407 81 16 orchard
2178 411 59 15 grass,
2245 407 52 18 Juno

1872 436 53 16 grass
1944 432 39 15 and
2003 431 70 16 indeed
2091 432 51 15 most
2157 430 54 16 other
2226 430 20 17 of
2265 432 32 16 the

1872 459 73 16 grasses
1953 455 62 16 throw
2024 454 50 17 their
2082 454 42 16 seed
2135 454 20 16 in
2169 454 32 16 the
2209 454 41 19 fall,
2259 456 38 16 and

1872 479 16 16 if
1902 479 34 16 the
1951 484 53 15 grass
2018 479 16 15 is
2048 477 81 17 allowed
2137 479 21 15 to
2165 478 57 16 stand
2233 479 15 15 it
2257 479 40 16 will

1872 508 39 12 sow
1924 503 26 16 its
1963 503 53 16 seeds
2031 503 21 15 in
2063 501 47 21 July
2122 501 38 16 and
2168 502 82 20 August,
2259 503 38 16 and

1873 527 31 16 the
1916 527 43 16 seed
1967 526 41 16 will
2016 531 53 11 come
2078 531 26 15 up
2112 526 42 16 that
2170 526 34 16 fall
2217 525 38 18 and
2270 531 18 13 re-

1872 555 42 12 new
1923 550 32 16 the
1963 555 54 14 grass
2029 550 19 16 in
2057 554 57 16 many
2122 555 51 11 cases
2182 549 25 23 by
2215 550 39 17 this
2261 551 37 16 self

1872 574 82 20 seeding.
1979 573 18 17 If
2004 578 31 12 we
2042 574 60 20 ought
2107 576 21 14 to
2134 579 39 11 sow
2180 575 19 15 at
2208 574 32 17 the
2246 580 52 12 same

1872 598 47 16 time
1934 597 43 17 that
1989 598 69 16 nature
2070 602 54 15 sows,
2134 598 15 16 it
2161 599 65 16 would
2238 599 50 17 there-

1873 622 41 17 fore
1921 626 71 16 appear
2000 621 43 16 that
2051 621 35 17 fall
2093 621 16 17 is
2118 621 31 17 the
2163 627 71 13 season.
2258 623 39 17 But

1872 646 36 16 fall
1923 645 17 16 is
1951 646 34 15 rot
1999 645 73 21 always
2083 646 33 16 tho
2123 646 42 16 best
2173 646 52 20 time,
2234 652 53 16 every-

1872 670 56 20 thing
1944 669 116 20 considered,
2077 670 30 16 for
2126 670 46 16 each
2191 670 106 18 individual

1872 694 77 16 farmer.
1974 693 18 17 It
2001 698 45 16 may
2052 693 23 17 be
2083 693 43 17 that
2132 698 29 12 wo
2166 694 47 16 have
2219 700 25 12 no
2251 696 47 17 land

1873 717 58 21 ready
1940 718 20 15 at
1968 717 43 17 that
2019 718 52 16 time.
2096 717 18 17 It
2129 722 44 17 may
2182 719 23 15 be
2216 719 32 17 the
2256 720 42 16 best

1872 747 44 15 way
1923 741 31 17 for
1961 747 23 11 lis
1992 743 21 15 to
2020 747 40 11 sow
2066 741 32 17 the
2102 742 76 20 ground
2185 743 51 16 after
2243 744 55 16 other

1872 770 56 16 crops
1936 766 49 16 have
2000 766 48 16 been
2056 766 57 16 taken
2121 766 33 19 off,
2163 767 38 16 and
2208 772 30 11 we
2245 770 52 15 must

1872 790 59 20 adapt
1938 790 97 16 ourselves
2043 792 20 14 to
2071 790 47 16 such
2124 790 148 18 circumstances
2277 797 21 12 as

1873 814 41 16 best
1922 818 29 12 we
1959 819 42 12 can.
2026 814 39 16 The
2071 814 96 20 objection
2173 816 21 15 to
2199 816 73 21 sowing
2277 817 21 16 in

1873 838 32 17 the
1925 839 66 20 spring
2006 839 17 16 is
2038 839 43 16 that
2104 837 53 19 there
2175 839 16 17 is
2206 844 11 12 a
2232 841 66 20 strong

1872 863 76 20 growth
1956 863 21 16 of
1984 863 34 16 the
2026 863 72 16 annual
2103 863 63 17 weeds
2174 863 63 17 which
2245 869 53 12 come

1872 891 26 17 up
1905 886 32 17 tho
1945 892 52 11 same
2003 887 46 16 time
2054 892 20 11 as
2079 887 33 16 the
2119 892 59 16 grass.
2202 887 94 22 Pigweed,

1872 911 124 21 wormwood,
2002 912 76 16 redroot
2086 911 38 17 and
2131 916 58 16 many
2198 912 63 17 others
2266 918 32 12 are

1872 940 12 12 a
1891 936 55 21 great
1953 935 43 17 deal
2004 937 87 19 stronger
2098 941 21 11 as
2124 936 81 17 annuals
2212 936 47 19 than
2265 938 33 16 the

1872 964 54 16 grass
1942 960 42 16 seed
1993 960 64 17 which
2064 959 34 17 has
2110 960 47 16 been
2166 961 68 17 sowed.
2258 961 39 17 The

1872 988 54 16 grass
1933 983 56 18 holds
1997 985 55 17 bach,
2059 984 38 17 and
2104 985 16 16 it
2124 984 17 17 is
2146 985 66 16 tender
2220 986 21 16 at
2248 986 47 17 first.

1872 1007 87 18 Another
1967 1007 97 22 objection
2073 1010 20 15 to
2098 1008 73 22 sowing
2179 1014 53 16 grass
2240 1010 19 16 in
2265 1011 32 16 the

1872 1032 66 21 spring
1950 1033 20 16 to
1982 1037 59 16 many
2050 1032 16 17 is
2074 1032 43 18 that
2124 1034 77 20 August
2210 1039 21 11 or
2239 1034 35 17 fall
2281 1035 17 16 is

1863 1055 42 19 the
1911 1056 80 18 natural
2006 1056 48 17 time
2067 1057 30 16 for
2112 1061 54 17 grass
2173 1057 21 18 to
2201 1058 54 18 start.
2279 1058 18 17 It

1872 1080 66 17 makes
1945 1084 11 14 a
1964 1081 77 20 growth
2049 1081 20 16 in
2078 1081 32 16 the
2116 1081 34 16 fall
2158 1081 42 17 that
2207 1082 17 16 is
2231 1082 57 22 slight-

1872 1105 20 21 ly
1900 1105 75 21 woody,
1984 1105 65 16 which
2057 1105 66 16 makes
2135 1105 31 17 the
2174 1111 53 15 grass
2236 1107 61 17 better

1872 1129 43 17 able
1923 1129 21 17 to
1952 1129 57 16 stand
2019 1129 31 18 the
2059 1130 73 16 winter.
2158 1129 17 17 If
2191 1131 32 16 the
2230 1131 44 17 seed
2281 1132 17 16 is

1872 1158 52 12 sown
1933 1154 19 15 in
1961 1154 33 15 tho
2005 1154 72 20 spring,
2086 1154 53 16 there
2147 1154 16 16 is
2171 1159 25 12 no
2203 1155 94 21 tendency

1872 1178 21 16 to
1904 1177 83 21 produco
2003 1178 43 16 that
2055 1178 67 21 woody
2130 1179 81 19 growth,
2222 1179 35 17 but
2264 1180 33 17 the

1872 1201 94 22 tendency
1974 1202 17 17 is
1999 1203 20 16 to
2027 1207 37 12 run
2072 1208 26 15 up
2106 1202 38 17 and
2152 1202 49 18 head
2208 1204 40 17 out.

2011 1438 65 51 /(Mr

1975 1712 50 14 JTNE
2034 1713 25 13 OR
2067 1712 49 14 EIX'E
2124 1712 66 15 GRASS.

1892 1734 40 18 One
1940 1733 21 17 of
1969 1733 32 18 tho
2008 1735 49 16 most
2062 1733 69 23 widely
2138 1733 114 19 distributed
2257 1736 39 18 and

1870 1758 89 17 valuablo
1968 1758 21 18 of
1996 1758 26 17 all
2031 1764 35 12 our
2072 1759 77 21 pasture
2153 1764 72 16 grasses
2231 1760 16 17 is
2253 1761 43 17 that

1870 1782 70 18 known
1949 1788 21 12 as
1977 1783 52 18 Juno
2038 1788 21 13 or
2067 1787 54 17 spear
2129 1788 53 16 grass
2190 1783 19 18 in
2218 1784 32 17 the
2255 1786 40 17 east

1870 1807 37 18 mid
1919 1807 45 17 bluo
1978 1813 54 16 grass
2048 1808 19 17 in
2083 1808 32 17 tho
2124 1809 47 16 west
2186 1808 38 17 and
2239 1809 56 18 south

1870 1832 46 21 (Poa
1923 1832 151 21 prutensis),Fig.
2082 1832 14 17 1.
2110 1831 46 18 This
2161 1833 64 17 native
2229 1834 53 17 Amer-

1867 1856 44 18 ican
1919 1861 54 17 grass
1981 1857 16 16 is
2006 1856 32 18 tho
2043 1857 44 16 base
2093 1856 20 17 of
2121 1856 26 18 all
2152 1862 35 12 our
2192 1858 31 16 old
2229 1858 66 18 seeded

1869 1881 96 17 meadows
1973 1881 38 17 and
2020 1883 92 19 pastures,
2122 1886 21 12 as
2151 1881 43 17 well
2203 1887 21 11 as
2231 1883 20 16 of
2263 1883 33 17 tho

1869 1905 76 21 velvety
1954 1905 42 17 turf
2004 1905 20 17 of
2032 1910 36 13 our
2076 1905 61 17 lawns
2145 1906 38 16 and
2191 1907 62 20 parks.
2278 1908 18 16 It

1869 1930 114 22 propagates
1988 1930 54 16 itself
2046 1930 126 21 everywhere,
2180 1930 76 22 driving
2262 1933 34 16 out

1869 1954 32 17 tho
1916 1959 75 12 coarser
1999 1954 58 17 kinds
2065 1959 52 12 sown
2133 1954 30 17 for
2177 1954 36 23 hay
2222 1956 38 16 and
2267 1956 19 17 in-

1869 1978 86 21 creasing
1971 1978 49 18 from
2037 1979 32 17 the
2076 1980 53 16 roots
2136 1984 21 12 us
2165 1979 43 17 well
2217 1985 20 11 as
2245 1980 50 17 from

1869 2003 32 17 tho
1916 2003 48 17 seed.
1989 2004 25 16 So
2025 2003 61 21 hardy
2095 2003 15 17 is
2118 2004 16 16 it
2142 2003 43 18 that
2192 2003 16 18 it
2216 2009 79 17 appears

1869 2027 20 18 to
1897 2025 5 8 r
1902 2032 55 18 grow
1963 2027 121 18 underneath
2100 2027 32 17 the
2145 2033 57 15 snow,
2212 2029 83 21 through

1869 2052 62 17 winch
1947 2053 24 16 its
1980 2051 68 23 purple
2056 2057 63 15 green,
2129 2052 93 20 spearlike
2229 2053 66 17 blades

1869 2081 43 17 may
1918 2076 24 17 bo
1950 2081 43 12 seen
2002 2076 88 21 pricking
2098 2079 51 14 erect,
2156 2076 36 17 and
2199 2077 94 21 vigorous,

1869 2105 46 12 oven
1923 2100 21 17 in
1952 2100 127 22 midwinter..
2093 2101 26 16 Its
2128 2100 56 18 dense
2192 2102 39 20 sod,
2238 2102 57 17 while

1869 2125 95 20 affording
1972 2125 33 17 the
2013 2124 42 18 best
2063 2125 21 17 of
2091 2126 102 20 pasturage
2201 2126 37 16 and
2250 2126 43 22 hay,

1869 2149 21 21 is,
1899 2155 20 11 as
1933 2154 57 16 every
1999 2149 73 17 farmer
2079 2149 73 20 knows,
2161 2149 32 17 the
2205 2152 62 16 surest
2274 2151 21 17 of

1869 2173 101 17 fertilizers
1977 2173 55 17 when
2041 2173 69 17 turned
2118 2173 61 16 under
2188 2173 37 18 and
2233 2174 52 22 plant-

1869 2197 22 18 ed
1906 2197 20 18 to
1942 2197 68 17 Indian
2026 2203 51 11 com.
2102 2197 39 17 The
2150 2197 65 18 blades
2223 2199 20 16 of
2256 2199 38 18 this

1868 2227 53 15 grass
1937 2227 32 11 are
1982 2222 52 21 long,
2044 2221 77 22 sharply
2129 2222 71 21 keeled,
2210 2223 21 16 of
2238 2228 12 13 a
2257 2223 37 18 full

1868 2251 56 16 green
1944 2246 52 17 color
2015 2246 38 17 and
2069 2251 45 16 very
2130 2246 105 18 abundant.
2267 2248 27 17 Its

1869 2271 58 10 ofoii.-c
1935 2276 49 5 -,-.,,.,.
1992 2271 18 10 ,
2027 2271 66 9 1,;,.1.4-
2107 2270 50 11 4W.,
2173 2272 5 9 1
2196 2272 19 9 *.
2227 2272 9 9 Q
2248 2272 9 9 t
2279 2273 8 8 i.

1868 2283 29 5 *..
1940 2281 4 12 .
1972 2283 7 8 j
1992 2283 20 4 ...
2028 2281 30 7 u...
2060 2282 10 9 b
2073 2281 21 7 u.
2107 2281 51 6 XXO-..
2197 2283 18 5 tv,
2248 2283 45 10 .^,

1869 2295 36 17 and
1923 2295 25 16 its
1963 2300 55 16 open,
2034 2294 101 23 spreading
2150 2295 57 17 heads
2222 2296 71 22 flower,

1868 2319 19 18 in
1901 2319 48 18 New
1957 2319 55 18 York
2028 2319 39 18 and
2079 2319 48 17 New
2140 2319 94 21 England,
2243 2321 51 17 from

1868 2344 32 17 tho
1917 2345 27 16 Ist
1959 2345 21 16 to
1992 2344 32 17 the
2034 2344 42 17 loth
2084 2344 20 17 of
2112 2344 58 20 June;
2178 2344 20 17 in
2206 2345 32 17 the
2246 2347 48 16 west

1868 2368 37 17 and
1911 2368 58 17 south
1975 2369 50 16 from
2032 2370 39 15 two
2076 2370 19 15 to
2102 2369 44 16 four
2152 2368 61 19 weeks
2219 2370 73 19 earlier.

1890 2394 26 16 At
1930 2393 32 17 the
1980 2398 52 12 same
2048 2393 47 17 time
2110 2393 42 17 that
2171 2393 51 18 Juno
2240 2399 53 16 grass

1867 2417 93 17 blossoms
1968 2422 64 12 comes
2040 2417 79 17 orchard
2133 2423 54 15 grass
2200 2418 93 23 (Dactylis

1868 2441 119 22 glomerata),
1997 2441 41 23 Fig.
2048 2443 16 18 2,
2071 2446 10 13 a
2091 2442 44 20 fine,
2144 2443 54 20 rapid
2206 2444 87 21 growing

1868 2467 77 20 species,
1954 2466 32 17 the
1995 2466 46 21 only
2050 2471 34 12 one
2091 2466 21 17 of
2119 2465 26 18 its
2152 2472 66 16 genus,
2227 2468 37 17 and
2273 2474 20 12 so

1867 2490 66 18 unlike
1938 2490 96 22 anything
2041 2491 38 16 else
2087 2490 102 22 belonging
2197 2493 20 16 to
2225 2493 32 16 the
2265 2498 19 12 or-

1867 2514 33 17 der
1914 2515 43 16 that
1970 2520 24 12 no
2005 2520 36 11 one
2056 2520 35 12 can
2107 2516 82 16 mistake
2203 2516 21 17 it.
2248 2517 45 18 This

1867 2544 53 17 grass
1937 2545 40 11 was
1996 2539 113 17 introduced
2128 2540 51 16 from
2198 2540 94 24 England,

1867 2563 63 18 where
1949 2564 15 16 it
1983 2564 16 16 is
2015 2564 53 17 often
2084 2563 61 18 called
2163 2565 73 17 "cock's
2252 2566 41 18 foot

1957 2588 51 17 from
2023 2588 32 18 the
2074 2589 58 20 shape
2147 2589 20 16 of
2185 2590 25 16 its
2229 2590 63 18 flower

1867 2613 52 16 head.
1945 2612 39 17 Tho
1992 2613 67 16 blades
2067 2618 31 11 are
2114 2613 21 16 of
2148 2618 11 11 a
2173 2612 45 23 dull,
2229 2615 63 17 bluish

1857 2637 1 27 j
1866 2642 57 16 green
1931 2637 58 20 color,
1999 2642 47 16 very
2057 2637 51 21 long,
2117 2643 48 15 open
2180 2639 38 16 and
2234 2639 47 18 abun-

1867 2660 52 22 dant,
1928 2661 38 17 and
1975 2661 30 17 for
2021 2660 4 25 :
2032 2661 72 22 ipidity
2112 2662 21 16 of
2146 2663 75 20 growth
2229 2664 53 21 equal-

1866 2686 23 16 ed
1904 2686 26 20 by
1941 2691 50 11 none
2007 2686 59 18 other.
2091 2686 39 17 Tho
2145 2686 60 18 stalks
2217 2693 47 16 vary
2272 2689 20 16 in

1866 2709 65 22 height
1947 2710 50 16 from
2006 2711 11 15 2
2025 2711 20 16 to
2053 2711 11 16 4.
2075 2711 43 19 feet,
2129 2711 37 17 and
2180 2711 32 17 the
2227 2712 65 18 flower

1866 2734 48 17 head
1926 2735 82 16 consists
2021 2735 21 16 of
2050 2735 49 16 from
2108 2735 29 16 si:;
2145 2736 20 16 to
2173 2736 51 21 eight
2233 2737 57 22 large,

1866 2758 118 22 alternating
2003 2759 81 17 clusters
2103 2759 21 17 of
2143 2759 95 23 spikelets,
2259 2762 33 17 the

1865 2783 59 16 lower
1936 2788 36 11 one
1983 2783 21 18 of
2017 2784 63 16 which
2094 2784 84 19 projects
2189 2790 51 12 sonic
2256 2786 27 17 dis-

1868 2806 55 15 tance
1930 2805 76 20 beyond
2020 2806 33 16 the
2065 2807 69 15 others.
2159 2808 39 14 The
2210 2810 52 13 color
2274 2811 18 13 oi

1868 2829 32 17 tho
1912 2828 65 17 flower
1985 2829 63 17 varies
2062 2829 50 16 from
2128 2829 45 17 lilac
2187 2831 20 15 to
2215 2834 11 13 a
2235 2831 57 18 straw

1868 2853 43 17 tint.
1935 2853 46 17 This
1989 2859 60 15 grass,
2058 2853 51 17 from
2116 2853 26 18 its
2150 2854 55 21 rapid
2210 2856 82 20 grorth,

1868 2883 24 11 on
1900 2877 64 16 fertile
1972 2878 46 16 soils
2025 2878 59 21 easily
2090 2878 72 17 affords
2167 2879 39 16 two
2213 2884 54 16 crops
2273 2880 20 17 of

1868 2902 43 21 hay.
1935 2902 19 17 It
1961 2902 35 17 has
2003 2902 48 17 been
2059 2907 12 12 a
2078 2902 83 17 favorite
2174 2902 20 17 in
2206 2904 32 16 the
2246 2906 47 19 wes);

1868 2925 65 19 rather
1941 2926 46 17 than
1994 2926 21 18 in
2023 2926 33 18 the
2064 2928 46 19 east,
2119 2927 70 20 where,
2199 2928 92 21 however,

1867 2951 16 16 it
1891 2951 33 16 has
1933 2951 21 16 of
1961 2951 38 17 late
2007 2956 55 16 years
2071 2951 76 17 become
2155 2956 93 14 common.

1889 2975 23 17 A.
1922 2975 30 17 W.
1963 2975 90 21 Cheever,
2062 2975 99 22 authority
2170 2976 20 17 in
2201 2977 33 16 the
2245 2979 47 20 east,

1868 3004 43 16 says
1919 2999 43 17 that
1970 2999 59 18 about
2039 3001 39 16 two
2089 2999 77 18 bushels
2178 3001 21 16 of
2212 3001 81 18 orchard

1867 3028 54 17 grass
1932 3024 38 16 and
1982 3029 36 12 one
2025 3024 68 17 bushel
2109 3025 20 16 of
2142 3025 50 17 June
2201 3031 52 15 grass
2261 3031 32 13 are

2067 3186 33 19 tor

2069 3196 29 43 I

1946 3216 32 57 i

2001 3224 28 16 5S'

1930 3471 2 30 r
1933 3476 52 25 /Z2

1966 3474 28 18 K

1966 3490 35 16 -SH

1966 3502 35 21 jj

2048 3504 32 24 r<

2056 3541 39 26 m

2060 3563 27 56 a

1997 3710 91 13 ORCHARD
2096 3709 65 16 GRASS.

1955 3734 8 17 t
1975 3739 33 17 per
2021 3739 48 12 acre.
2093 3734 29 19 He
2136 3732 16 19 is
2160 3736 39 17 also
2208 3737 83 18 credited

1954 3758 40 21 ing:
2032 3758 58 18 know
2093 3763 21 13 or
2121 3765 25 11 no
2152 3765 73 16 grasses
2231 3763 50 19 great-

1952 3782 28 17 lue
1988 3782 32 18 for
2028 3783 32 17 tho
2068 3784 69 17 second
2149 3789 45 16 crop
2205 3784 46 18 than
2263 3791 19 11 or-

1867 3805 58 17 chard
1933 3811 53 15 grass
1994 3807 38 17 and
2041 3807 50 17 June
2098 3813 60 15 grass,
2167 3808 38 17 and
2213 3814 11 12 a
2231 3810 59 21 really

1867 3834 66 16 strong
1940 3830 54 20 point
2002 3831 20 16 in
2030 3831 56 17 favor
2094 3832 20 16 of
2122 3833 54 16 those
2184 3833 39 16 two
2231 3839 50 15 grass-

1867 3859 19 12 es
1900 3854 17 17 is
1932 3854 50 17 their
1990 3855 56 16 value
2062 3861 21 12 as
2097 3861 11 12 a
2123 3857 69 16 second
2208 3862 50 17 crop.
2282 3858 10 17 I

1867 3878 47 16 have
1923 3879 32 20 got
1964 3878 53 17 three
2025 3885 54 16 crops
2092 3885 12 11 a
2116 3885 45 16 year
2177 3881 49 17 from
2238 3882 54 17 those

1867 3903 38 15 two
1920 3907 79 16 grasses,
2017 3904 38 16 and
2074 3904 32 16 tho
2124 3905 53 17 third
2191 3911 45 16 crop
2251 3911 41 12 was

1867 3926 62 21 larger
1944 3927 47 15 than
2006 3932 33 16 my
2055 3928 101 20 neighbors
2171 3930 56 16 could
2239 3931 53 17 show

1867 3950 49 17 from
1931 3950 91 22 ordinary
2038 3956 53 16 grass
2110 3953 30 16 for
2158 3953 49 17 their
2222 3955 70 17 second

1867 3979 49 16 crop.
1941 3974 25 17 Of
1980 3979 66 13 course
2060 3976 31 16 the
2099 3976 46 17 laud
2154 3982 38 12 was
2201 3979 43 16 well
2252 3984 26 12 ma-

1882 4050 179 16 RHEUMATISM.
2066 4052 24 14 Dr
2101 4052 20 15 E.
2130 4052 85 15 Gordon's
2227 4055 71 20 romedy

1858 4083 60 12 nevee
1935 4082 50 12 pails
1999 4080 18 14 iu
2036 4080 117 19 permanently
2169 4080 60 19 curing
2244 4082 53 16 Uheu

1858 4107 72 17 matisro,
1943 4106 91 19 Lumbago,
2047 4107 79 17 Sciatica,
2138 4106 53 19 Gout,
2213 4109 38 18 etc.,

1857 4137 33 11 one
1900 4132 52 15 bottle
1959 4131 51 19 gives,
2018 4132 54 15 relief.
2096 4131 56 20 Price,
2168 4132 32 18 10s,
2217 4134 39 17 post
2264 4134 25 15 fre

1857 4158 89 16 AVlavton
1957 4157 98 17 P.OBox
2066 4158 35 15 2U,
2113 4157 79 16 Dunodin

577 4224 128 54 Ask
736 4224 94 52 for
863 4224 283 54 Haneock
1166 4238 28 38 s.
1219 4225 341 58 Celebrated
1589 4242 207 47 xxxx
1823 4239 146 54 Ales
1995 4238 116 54 and
2136 4237 198 53 Stout.

2351 173 107 21 visitors
2468 175 27 19 to
2505 174 47 20 the
2567 174 54 20 Hot
2632 174 90 22 Lakes.

2505 225 57 19 THE

2366 248 154 36 Palace
2555 253 143 46 Hotel,

2318 291 93 21 Situated
2438 294 19 18 in
2482 295 34 18 the
2536 297 51 19 New
2614 299 134 19 Government

2318 318 107 26 Township
2442 320 19 17 in
2480 319 50 21 elose
2549 325 110 23 proximity
2676 327 21 16 to
2715 325 34 18 the

2319 343 68 20 Baths.
2408 344 124 15 KnmfaMTOTn
2566 343 18 20 1).
2594 353 16 6 ..*
2631 351 43 8 <\m.
2683 357 5 1 _
2710 351 37 12 ~,.,l

2318 368 93 26 Railway
2420 370 85 19 Station.

2344 421 43 18 The
2396 420 62 19 Hotel
2468 422 17 17 is
2499 421 128 28 luxuriously
2644 427 105 18 furnished

2318 446 40 18 and
2368 446 75 25 replete
2451 447 48 19 with
2509 453 59 20 every
2577 452 132 19 convenience
2718 453 31 18 for

2318 472 82 18 tourists
2410 472 40 19 and
2465 473 73 19 others.
2566 474 20 19 It
2604 478 115 18 commands
2738 485 11 11 a

2318 497 92 24 splendid
2420 498 50 18 view
2477 499 21 18 of
2507 499 34 18 the
2551 499 56 20 Lake
2617 502 40 18 and
2667 503 16 18 is
2693 502 45 20 with-

2319 521 21 19 in
2348 528 48 19 easy
2406 529 65 13 access
2480 523 21 20 of
2510 524 34 20 the
2554 526 77 23 Geyser
2636 527 87 26 Springs
2728 529 21 19 oi

2319 546 190 24 Whakarewarewa
2519 551 39 18 and
2568 552 28 18 all
2610 553 35 19 the
2654 553 66 22 sights
2730 556 19 17 ol

2318 573 34 20 the
2363 574 84 19 district.

2330 600 35 18 All
2375 600 106 26 telegrams
2491 603 101 25 promptly
2605 605 95 19 attended
2711 608 25 18 to.

2388 653 92 27 John
2499 653 174 31 Johnston

2887 166 156 22 t:WM;Mm.
3052 166 148 35 v^an!E]

2834 227 114 31 Steam
2974 231 155 29 Sawmill

2768 265 58 28 MAI;
2829 267 71 21 AERO
2902 271 18 18 A
2959 273 112 20 OTUBOA
3111 272 85 21 BUSH.

2793 296 43 26 Beg
2845 302 20 15 to
2875 306 11 11 a
2896 301 62 20 solicit
2973 310 11 12 a
2993 305 59 19 share
3066 305 21 19 of
3100 304 69 27 public

2923 331 115 24 patronage.

2768 368 109 20 ThcKimu
2886 371 80 21 Timber
2975 375 20 18 in
3005 376 39 19 thie
3057 378 56 18 Bus],
3129 379 17 18 is
3160 379 35 19 thu

2845 395 69 21 Imest
2923 399 21 18 in
2957 400 48 19 New
3019 402 95 21 Zealand.

2768 445 42 18 The
2820 447 122 24 proprietors
2952 456 34 13 arc
2994 455 96 22 prepared
3106 459 19 14 to
3135 462 50 18 guar-

2794 474 58 17 antee
2862 474 33 17 the
2905 475 77 26 quality
2992 478 39 18 and
3041 479 34 20 the
3085 477 57 23 finish
3147 482 22 19 of

2821 498 34 19 the
2861 498 74 21 timber
2944 502 91 24 supplied
3042 505 27 24 by
3083 505 59 22 them.

2818 548 72 22 GOTHIC
2901 550 81 23 PICKETS
2995 552 14 22 A
3024 554 120 26 SPECIALITY.

2770 594 94 27 Delivery
2871 602 24 14 as
2900 596 91 21 directed
2994 599 22 19 in
3034 602 58 18 town,
3113 607 83 22 country

2911 628 23 13 or
2943 625 20 17 at
2973 625 81 19 station.

2843 666 82 23 LOWEST
2948 668 93 23 CURRENT
3056 670 67 22 RATES.

2821 707 87 20 Address

2874 734 33 20 W.
2918 735 24 19 A.
2954 734 145 22 WILLIAMS

3036 762 138 21 ROToRUA.

2810 796 184 41 jTw7wb
3001 810 101 27 igle
3105 801 47 42 y,~

2800 865 3 28 l
2845 865 18 18 R
2890 866 16 19 C
2934 867 21 18 11
2982 867 12 18 I
3028 867 15 19 T
3077 867 18 19 E
3127 867 15 21 0
3177 869 23 24 T,

2910 918 138 20 ROTORUA.

2796 950 67 21 Agent
2878 951 31 20 for
2921 955 34 17 the
2975 954 64 19 South
3061 954 77 19 British
3149 954 48 21 Fire

2768 976 16 19 &
2797 976 78 20 Marine
2885 978 112 21 Insurance
3008 980 110 26 Company.

2836 1052 211 34 Established
3068 1067 61 20 1876.

2768 1128 57 18 Under
2846 1130 29 17 the

2770 1150 31 16 His
2815 1151 61 16 Excel-

2833 1209 94 37 John
2961 1211 39 37 J.
3022 1212 106 47 Keys,

2770 1267 124 31 Builder
2924 1268 58 26 and
3009 1269 175 28 Contractor

2838 1321 292 29 ROTORUA.

2769 1382 107 21 Estimates
2895 1384 58 25 giveu
2967 1385 33 19 for
3012 1385 111 27 Buildings,
3135 1387 40 20 alto

2786 1409 76 20 tations
2872 1411 38 18 and
2921 1411 77 24 repairs
3008 1412 20 18 in
3040 1413 25 18 all
3076 1413 98 19 branches

2923 1437 23 19 of
2955 1437 35 20 the
2998 1438 63 20 trade.

2796 1468 99 25 Painting,
2907 1468 162 28 Paperbauging,
3084 1471 40 19 and
3141 1472 46 19 Glaz-

2768 1493 40 25 ing,
2820 1494 67 19 Venet
2895 1502 25 12 an
2931 1496 17 19 &
2960 1496 57 19 other
3031 1497 68 19 Blinds
3109 1499 21 18 to
3140 1499 59 18 order

2782 1526 22 13 or
2819 1521 114 25 re-painted
2948 1523 40 19 and
2998 1523 97 26 re-taped.

2769 1552 57 19 <xoud
2836 1552 66 19 stocks
2917 1553 22 20 of
2954 1554 90 19 Funeral
3059 1554 123 22 Requisites.

3032 1587 20 17 -_J
3064 1597 6 7 .
3097 1592 16 10 -.

2815 1609 32 18 EL
2854 1610 15 16 -\
2878 1610 13 16 hi
2897 1609 54 19 HA.L
2972 1610 34 18 FU
3014 1609 130 21 KNLSH.EH.

2864 1693 38 27 K.
2933 1693 181 28 MARTIN.

2770 1740 127 28 Saddler
2906 1744 19 24 &
2941 1741 134 28 Harness
3090 1740 108 30 Maker.

2814 1787 60 17 (Next
2886 1787 22 18 to
2917 1786 93 19 Larkin'3
3024 1786 52 19 Boot
3090 1786 65 22 Shop.)

2890 1822 187 21 OHINEMUTU.
3125 1822 3 21 .

2792 1864 88 23 Saddles,
2894 1864 83 24 Bridles,
2988 1864 83 24 Collars,
3081 1864 34 20 &<u
3123 1864 49 26 kept
3180 1864 18 19 in

2770 1890 66 21 Stock.

2831 1927 32 19 All
2875 1926 132 27 descriptions
3018 1926 21 21 of
3050 1928 83 20 harness

2900 1956 57 17 made
2967 1958 21 15 to
3000 1954 65 20 order.

2821 1987 83 26 Repairs
2914 1989 51 19 done
2981 1988 47 20 with
3040 1988 104 25 despatch.

2768 2025 55 25 Style
2833 2025 38 19 and
2887 2025 158 25 Workmanship
3060 2025 133 25 guaranteed.

2769 2095 231 37 JECKLIN&
3020 2095 162 38 COTTER

2391 772 113 21 OKOI
2520 776 17 17 A

2475 826 124 21 PRIVATE

2323 870 223 34 BOARDING
2598 876 149 32 HOUSE

2318 979 129 21 Opposite
2465 985 51 16 the
2534 983 39 21 E?o:

2534 1011 97 20 Opfige

2318 1038 45 19 And
2379 1045 48 14 near
2446 1042 34 18 the
2503 1041 122 22 Celebrated
2649 1044 99 20 PRIEST

2372 1072 71 20 RACE
2450 1073 33 19 EL
2493 1075 39 19 and
2538 1076 34 18 oth
2576 1083 20 12 or
2605 1077 97 24 BATHS,

2466 1104 138 23 EOTOEUA.

2349 1157 111 34 B3
2487 1158 213 43 YOUNG,

2552 1205 144 26 Proprietress.

2435 1229 69 19 Terms
2519 1230 112 21 Moderate.

2321 1302 271 47 PHOENIX
2616 1307 131 45 FiRE

2422 1350 221 46 OFFICE.

2601 1456 148 24 .l!0,000,000

2638 1510 34 24 1,5'
2678 1510 17 24 11
2704 1512 5 15 1
2724 1512 25 17 00

2316 1558 162 20 Accumulated
2526 1559 72 20 Funds

2320 1583 62 22 Exce]
2394 1592 10 12 ;>
2638 1589 111 19 IOOOOOO

2316 1635 24 23 W.
2356 1637 59 21 WARD
2424 1637 72 25 BAKER,
2542 1637 42 22 IW
2599 1640 11 21 A
2624 1640 102 23 WILLIAMS

2356 1662 69 22 District
2434 1661 81 26 Manager,
2598 1665 51 23 Local
2660 1667 52 26 Agent

2412 1689 93 22 Auckland.
2540 1686 4 33 |
2615 1691 85 28 {Rotorua,

2537 1818 35 38 M.
2596 1819 128 41 SIMON.

2512 1859 59 25 (Late
2582 1861 21 19 of
2613 1861 137 25 Melbourne.)

2543 1894 96 28 Practical
2650 1895 66 27 Tailor

2511 1927 121 29 Clothes
2660 1931 90 26 made

2526 1964 32 24 to
2584 1962 84 28 order
2695 1971 39 19 on

2561 1996 139 27 shortest

2572 2030 101 26 notice

2522 2154 55 25 Stylo
2589 2155 39 20 and
2639 2156 33 19 Fit
2681 2159 37 16 not
2729 2159 20 16 to

2452 2185 34 17 &X
2508 2180 25 19 bo
2545 2181 96 25 equalled
2653 2183 21 18 iu
2688 2185 61 17 town.

2453 2206 36 18 SB?

2452 2219 32 34 |P
2509 2223 97 21 Address
2662 2225 56 19 Next
2731 2227 19 18 tc

2507 2249 95 26 Larkins,
2617 2251 132 19 Ohinomutu.

2366 2346 37 43 A,
2423 2346 30 46 &
2479 2346 34 41 G.
2535 2347 167 50 BROOK,

2319 2401 86 24 Boot
2416 2401 66 24 and
2498 2401 90 24 Shoe
2601 2402 150 28 Makers.

2394 2437 80 20 Fenton
2485 2436 72 26 Street,
2572 2438 100 20 Rotorua.

2314 2463 45 19 And
2384 2467 21 17 at
2433 2463 83 19 Darnell
2542 2464 42 19 and
2610 2464 142 24 Newmarket.

2340 2516 67 26 Large
2417 2516 40 19 and
2467 2516 70 19 varied
2552 2516 60 20 Stock
2622 2517 22 19 of
2660 2517 94 25 English,

2317 2542 88 26 Foreign
2415 2542 40 19 and
2465 2542 91 19 Colonial
2566 2542 62 20 Boots
2638 2544 40 18 and
2691 2544 64 19 Shoes

2379 2572 21 16 to
2410 2568 72 20 choose
2492 2569 52 18 from
2554 2572 20 16 at
2584 2569 35 20 the
2631 2573 52 16 most

2429 2648 73 22 Great
2515 2649 140 22 Reductions.

2345 2676 96 25 Clearing
2451 2680 35 15 out
2495 2676 55 19 stock
2561 2677 32 18 for
2603 2677 75 25 Soring
2688 2677 43 26 ship-

2500 2704 72 17 ments.

2312 2730 34 19 All
2365 2729 68 20 orders
2452 2728 40 19 and
2510 2728 77 26 repairs
2599 2729 152 27 expeditiously

2479 2755 105 19 executed.

2314 2886 117 19 Plumber
2446 2888 15 17 &
2487 2884 102 21 General
2608 2886 131 23 Mechanic

2417 2917 113 20 Tutanekai
2568 2917 71 20 Street.

2316 3048 153 39 Rotorua
2490 3050 158 38 Sawmill
2661 3050 85 47 Coy.

2315 3125 60 32 \KJ
2382 3123 71 22 KITE
2462 3125 59 19 AND
2531 3125 58 20 RED
2603 3126 70 19 PINE
2683 3126 21 19 of
2712 3126 35 19 the

2330 3157 32 15 TV
2391 3152 59 19 iinO.it
2460 3152 78 24 (jiiality
2549 3152 40 19 and
2599 3152 98 25 carefully
2706 3157 40 14 cut.

2313 3222 93 24 irlataij
2435 3222 120 17 E*ul<nica
2584 3222 52 17 acid
2662 3222 83 18 Tawa

2312 3244 130 21 Sliiuglcs,
2455 3244 115 25 Paliugs,
2693 3245 52 17 niul

2314 3266 80 20 Posts,

2338 3305 19 18 A
2367 3304 51 26 good
2434 3304 38 20 and
2488 3304 90 19 assorted
2588 3305 73 26 supply
2672 3305 75 26 always

2312 3337 25 13 on
2349 3331 55 20 hand
2414 3333 21 17 at
2445 3330 34 19 the
2486 3330 81 19 Timber
2580 3330 61 21 Sard.

2335 3405 173 26 'B.Special
2527 3409 59 16 care
2613 3406 82 21 taken
2719 3406 28 21 in

2418 3432 47 20 the
2492 3431 146 27 seasoning.

2343 3484 84 39 Prices
2449 3486 24 37 a!
2510 3484 103 40 Current
2628 3485 86 40 Rales.

2336 3541 3 44 .
2647 3554 97 31 Manager.

2683 3672 15 19 T
2708 3671 15 19 T

2401 3751 101 24 Building
2510 3752 100 23 Surveyor
2620 3751 34 19 &c.

2314 3785 67 23 Agent
2391 3784 31 19 fer
2432 3783 33 19 the
2475 3782 98 19 National
2584 3782 47 19 Fire
2642 3782 39 19 and
2693 3782 39 18 Mar-

2314 3812 31 17 in.-
2356 3810 111 18 Insurance
2474 3808 35 20 Co.

2526 3893 40 37 J.
2592 3893 58 37 w
2651 3893 30 16 m

2365 3939 64 17 BAR:
2439 3937 77 18 ISTER
2528 3937 16 17 &
2553 3936 143 18 SOLICITOR.

2315 3959 147 19 Commissioner
2471 3959 20 17 of
2500 3958 32 17 the
2549 3958 90 22 Supremo
2655 3958 59 17 Court
2727 3958 20 16 of

2507 3980 54 22 Fiji.)

2315 4006 88 18 Solicitor
2416 4005 93 17 tolboN.
2519 4003 19 17 Z.
2549 4003 129 18 (Government
2692 4003 59 18 under

2423 4028 96 18 Advances
2527 4029 20 14 to
2556 4026 77 18 Settlers

2316 4065 97 18 Victoria
2422 4064 89 21 Arcade,
2520 4062 115 22 Queen-st.,
2644 4062 105 18 Auckland.

2340 4100 73 23 Money
2422 4101 19 15 to
2451 4098 50 17 lend
2511 4098 110 17 onfreehold
2634 4099 82 21 security
2730 4102 21 13 at

2316 4130 29 12 ow
2352 4125 51 17 rates
2408 4122 21 18 of
2432 4123 84 16 interest;
2543 4122 72 22 Money
2625 4121 87 18 invested
2720 4121 32 18 for

2317 4147 47 18 liens
2373 4147 40 17 free
2422 4145 20 18 of
2452 4145 45 18 char

2836 2159 111 20 FAMILY
2977 2159 157 24 BUTCHERS,

2849 2200 71 19 Arawa
2935 2200 72 24 Slreet,
3023 2200 98 22 Rotorua,

2796 2232 58 20 lia?e
2865 2234 21 17 to
2897 2231 64 21 thank
2977 2233 33 19 the
3022 2232 70 25 public
3107 2232 22 20 of
3139 2232 50 20 Roto-

2773 2265 25 13 ur
2808 2258 33 21 for
2848 2259 48 26 paist
2906 2259 68 20 favors
2989 2260 38 18 s'ul
3049 2259 38 26 beg
3104 2262 21 16 to
3144 2261 54 18 state

2772 2285 45 26 they
2829 2285 40 19 will
2879 2286 95 19 continue
2984 2289 20 15 to
3013 2287 59 18 merit
3082 2290 85 21 support
3176 2286 25 26 by

2772 2318 36 19 pro
2813 2312 66 25 riding
2899 2312 34 19 the
2956 2314 43 18 best
3020 2312 77 26 quality
3113 2313 23 19 of
3151 2316 53 16 meat

2837 2347 31 28 At
2893 2347 108 28 lowest
3026 2351 108 33 prices.

2789 2422 200 28 HOTORUA
3031 2424 159 33 HOTEL,

2852 2456 76 25 Taeing
2949 2457 55 20 Lake
3023 2457 101 21 Rotorua.

2835 2504 137 20 NATURAL
2988 2506 58 19 HOT
3061 2506 78 20 BATH

2774 2531 94 19 attached
2879 2535 20 14 to
2910 2531 34 20 the
2954 2531 64 20 house
3023 2532 46 20 free
3078 2534 22 18 to
3118 2533 86 21 visitors.

2776 2577 88 19 Phaeton
2876 2577 49 25 kept
2935 2577 33 20 for
2975 2585 35 12 use
3021 2578 22 20 of
3063 2579 85 19 tourists
3166 2581 38 18 and

2946 2605 92 19 invaiids.

2800 2657 128 19 Terms:Us
2939 2664 34 17 per
2984 2658 44 25 day,
3040 2665 22 13 or
3072 2659 38 19 35s
3122 2666 10 12 a
3145 2660 59 19 week.

2952 2706 13 19 J
2975 2706 2 25 .
2987 2706 165 25 FALLOONA,

3052 2733 125 25 Proprietor.

2829 2791 29 39 H.
2883 2791 41 40 W.
2948 2791 193 47 NEIGHBOUR,

2770 2852 144 36 Tailor&
2935 2852 263 47 Habit-Wlsker,

2771 2911 37 24 (Fo
2819 2911 24 19 25
2855 2917 57 19 years
2923 2911 21 19 in
2965 2911 34 19 the
3024 2911 60 20 West
3113 2911 45 19 End
3180 2913 21 19 of

2923 2937 104 25 London.)

2835 2967 300 29 ROTORITA.

2866 3004 45 19 Has
2921 3004 75 25 always
3006 3011 26 13 on
3042 3005 55 19 band

2789 3036 62 18 Itcst
2872 3036 117 26 Hnslish,
3008 3036 94 18 Scotch
3123 3036 52 18 am!

2852 3059 120 17 Colonial
2994 3059 117 17 Tweeds.

2789 3087 69 21 Style
2871 3086 52 17 ami
2938 3086 42 18 Fit
3001 3086 174 22 guaranteed.

2769 3116 95 18 Ladies
2883 3116 115 18 Jackets
3022 3116 53 18 and
3099 3116 78 18 Btidin

2843 3138 95 18 Habits
2948 3144 15 11 a
2973 3138 141 22 speciality

2768 3172 30 17 All
2805 3172 46 18 suits
2859 3170 53 20 made
2920 3173 20 18 to
2949 3172 54 19 order
3010 3174 21 17 at
3035 3171 100 20 Auckland
3147 3172 52 23 pries

2817 3219 163 37 Rotorua
2996 3219 158 42 Library.

2768 3280 112 45 OPEN
2897 3280 52 21 from
2961 3283 24 17 10
2998 3288 44 13 a.m.
3052 3281 22 18 to
3085 3281 11 18 5
3104 3286 44 19 p.m.
3160 3279 39 20 and

2827 3309 11 17 (5
2847 3309 26 18 30
2882 3311 19 15 to
2913 3308 24 20 10
2946 3314 11 20 p
2968 3314 23 13 m.
3004 3307 93 24 .Sundays
3106 3306 30 19 till
3145 3308 53 22 Op.m

2768 3339 191 22 Subscription:
2970 3340 50 16 80s
3033 3342 50 19 per
3095 3342 98 14 annum

2792 3370 88 21 Visitors
2900 3377 39 18 ma;
2962 3375 84 21 procure
3068 3368 67 26 Brto}c<j.
3149 3368 49 20 fpom

2767 3397 33 18 the
2817 3397 85 24 Library
2921 3403 24 12 on
2965 3396 80 25 making
3064 3403 10 11 a
3089 3395 79 24 deposit
3179 3395 21 19 of

2767 3425 36 17 not
2819 3422 38 21 less
2876 3422 48 23 t.bii?i
2943 3424 28 17 ss.
2990 3422 39 19 and
3048 3421 120 26 purchasing
3179 3423 22 18 Is

2766 3457 10 12 o
2791 3456 54 19 upon
2856 3449 32 19 for
2897 3455 61 18 every
2970 3449 56 19 Four
3036 3448 71 19 books.

2793 3482 41 19 The
2853 3482 84 24 Library
2958 3480 17 20 is
2999 3487 51 19 open
3074 3480 72 24 during
3165 3480 35 19 the

2766 3508 91 25 evening;

2768 3565 240 41 STEELE
3044 3565 152 40 Bros.

2789 3648 167 39 Maaeroa
2982 3649 120 38 Sawm
3124 3648 47 35 ill.

2772 3706 64 37 LES
2852 3706 33 18 RE
2908 3708 22 16 to
2942 3706 66 18 thank
3026 3706 36 17 the
3081 3704 66 22 public
3169 3702 29 18 for

2827 3729 47 20 past
2883 3727 75 19 favors,
2972 3727 40 18 and
3020 3727 38 21 beg
3067 3728 21 16 to
3097 3728 102 15 announce

2765 3749 47 18 that
2835 3749 75 21 having
2922 3749 82 20 a''large
3027 3748 59 18 stock
3099 3746 21 19 of
3142 3745 47 18 -well-

2766 3772 96 17 seasoned
2885 3770 106 19 first-class
3013 3770 73 18 timber
3106 3772 25 14 on
3145 3767 52 17 hand

2766 3792 50 20 they
2838 3797 34 13 are
2891 3792 98 21 prepared
3002 3793 22 16 to
3036 3791 52 18 fulfil
3099 3789 66 18 orders
3177 3790 21 15 at

2766 3814 86 17 reduced
2864 3814 55 17 rates

2898 3890 169 21 FRUITERER.

2793 3925 55 18 Next
2859 3923 101 20 Saddler's
2974 3923 56 25 shop,
3041 3920 126 21 Obintmutu,

2768 3958 45 19 Has
2829 3958 73 24 always
2918 3964 11 12 a
2945 3956 50 26 good
3012 3955 73 26 supply
3100 3953 21 18 of
3135 3949 61 21 Fresh

2907 3982 50 22 both
2975 3982 50 19 local
3048 3979 40 20 and
3110 3978 23 18 im-

2874 4009 71 26 ported
2981 4014 25 12 on
3041 4005 55 19 band

2937 4035 92 18 Also

2890 4061 17 18 A
2931 4056 146 24 wellassorted-

2822 4088 56 20 stock
2890 4087 21 19 of
2920 4085 93 23 Biscuits,
3022 4081 113 22 Confectiou-

2771 4115 84 26 ery-aud
2864 4116 92 17 Summer
2965 4110 74 20 Drinks
3049 4112 21 15 at
3078 4106 113 21 MoDBSiXE

2957 4142 68 15 riucEs
3052 4136 33 19 ''.'..
