3240 4251
1847 124 56 20 THE
1914 125 117 19 NEEDLE
2045 123 78 20 THAT
2142 123 63 20 WAS
2226 123 54 20 NOT

1975 154 195 19 CLEOPATRA'S.

1876 206 42 19 The
1928 207 85 24 English
2024 207 80 18 climate
2114 206 42 19 will
2166 207 78 25 shortly
2260 207 23 19 be

1850 233 47 19 held
1911 232 123 26 responsible
2045 233 32 19 for
2087 233 36 19 the
2141 233 41 19 loss
2192 234 21 18 to
2224 232 48 20 arch-

1851 259 75 26 aeology
1945 259 21 18 of
1984 259 35 19 the
2037 259 123 24 inscription
2182 266 24 11 on
2226 259 47 19 Cleo-

1852 285 76 25 patra's
1938 285 75 19 needle.
2049 285 63 19 Could
2124 287 37 17 not
2171 285 113 25 something

1853 311 23 19 be
1886 311 52 19 done
1947 313 20 17 to
1978 314 44 22 Rtop
2032 311 41 19 this
2084 311 63 25 decay
2156 311 3 25 !
2189 312 41 18 The
2239 311 43 19 side.

1853 337 68 26 facing
1953 337 89 25 Charing
2065 339 61 18 Cross
2150 337 76 20 station
2250 337 35 20 has

1853 364 72 19 almost
1944 364 86 26 entirely
2046 364 136 25 disappeared
2198 365 87 24 alreauy,

1853 390 40 19 and
1907 391 35 18 the
1951 397 68 13 names
2030 391 22 19 of
2067 390 108 20 Thothmes
2192 391 42 19 111.
2244 391 40 18 aud

1853 416 98 21 Barneses
1961 417 30 19 11.
2003 417 50 20 have
2063 416 81 20 become
2154 417 73 20 almost
2236 416 40 20 obli-

1855 444 85 19 terated.
1954 444 92 25 Apropos
2054 443 22 20 of
2085 444 36 19 tho
2131 444 84 22 Needle,
2223 449 59 19 many

1855 469 21 20 of
1891 477 37 12 our
1937 470 79 19 readers
2028 470 105 19 doubtless
2148 477 35 12 are
2192 470 21 19 of
2229 470 46 23 opin-

1855 496 33 19 ion
1899 496 46 19 that
1961 496 40 19 this
2020 496 77 19 obelisk
2113 503 41 12 was
2170 496 80 20 erected
2261 496 25 24 by

1857 522 69 24 Queen
1935 522 112 25 Cleopatra.
2076 522 40 20 We
2125 522 54 23 take,
2185 522 102 20 therefore

1857 550 34 17 the
1902 549 133 25 opportunity
2045 550 21 17 to
2081 551 80 16 correct
2170 549 42 18 this
2225 554 62 13 error.

1857 574 41 20 The
1912 576 85 18 London
2007 575 77 19 Needle
2095 582 39 11 was
2145 576 46 18 first
2207 574 78 20 erected

1857 601 25 24 by
1892 601 109 20 Thothmes
2015 602 42 18 111.
2072 606 37 14 B.C.
2127 602 58 23 1600,
2202 601 20 19 in
2233 601 55 18 front

1857 628 21 18 of
1888 627 33 19 ihe
1936 628 72 24 temple
2023 628 21 18 of
2060 628 35 18 the
2105 628 91 24 Sun-god
2213 632 21 14 at
2249 626 39 19 On.

1858 660 22 12 or
1889 654 119 25 Heliopolia.
2037 654 67 19 When
2116 654 95 19 Barneses
2222 652 37 24 11.,
2269 658 19 14 B.

1858 687 16 12 c.
1884 682 59 21 1333,
1955 687 55 12 came
2020 682 21 17 to
2052 680 43 19 rule
2110 680 33 19 tho
2159 680 46 19 Nile
2215 679 73 24 Valley

1858 706 23 19 he
1891 706 27 21 ad
1926 706 29 20 led
1966 706 30 19 his
2006 713 58 12 name
2080 710 21 15 to
2111 706 45 19 that
2166 706 22 19 of
2203 706 31 19 his
2245 711 33 20 pre-

1858 732 97 21 decessor.
1992 734 56 23 Now,
2064 732 33 19 the
2108 733 48 24 only
2167 732 58 19 claim
2244 731 46 19 that

1859 760 108 24 Cleopatoa
1975 759 34 19 has
2018 762 21 16 to
2047 759 34 19 the
2090 759 89 19 Needles
2187 760 15 18 is
2210 758 78 19 derived

1858 785 51 20 from
1919 786 35 19 the
1963 786 43 19 fact
2014 786 45 18 that
2079 786 18 18 in
2109 786 59 19 order
2189 788 18 16 to
2227 785 61 18 adorn

1860 812 35 19 her
1904 812 66 25 palace
1980 814 21 17 at
2018 812 100 19 Laodicea
2135 812 35 19 she
2185 811 37 19 had
2235 811 54 18 them

1858 838 60 20 taken
1926 838 52 20 from
1991 838 50 19 their
2050 838 84 25 original
2144 838 96 25 positions
2250 837 38 19 and

1858 865 110 19 rt-erected
1978 864 20 20 in
2011 865 130 19 Alexandria.
2170 864 40 20 We
2227 863 63 19 doubt

1859 898 46 19 very
1921 891 56 19 much
1992 891 17 19 if
2024 891 56 19 there
2094 898 40 12 was
2149 890 79 25 enough
2243 889 47 19 skill

1858 918 39 19 and
1911 918 113 25 enterprise
2039 918 19 18 in
2075 917 66 26 Egypt
2157 916 20 20 in
2193 918 33 18 the
2239 916 51 25 days

1858 945 21 18 of
1904 944 107 25 Cleopatra
2031 946 20 16 to
2066 950 48 12 ever
2138 943 89 25 produce
2241 942 49 20 such

1858 972 127 18 monuments
2001 976 22 14 as
2038 970 32 18 the
2085 976 40 12 one
2138 976 45 12 now
2198 976 46 12 seen
2265 976 25 12 on

1858 997 33 19 tho
1907 997 62 19 banks
1985 997 21 19 of
2021 997 34 18 tho
2070 996 93 20 Thames.

1928 1051 77 19 LADY
2015 1051 195 19 FOOTBALLERS.

1881 1104 43 19 The
1943 1104 47 25 lady
2006 1104 119 19 footballers
2147 1110 53 13 seem
2223 1105 20 18 to
2265 1104 26 19 be

1855 1131 89 25 meeting'
1953 1130 47 21 with
2011 1130 37 19 but
2062 1130 117 19 indifferent
2185 1137 76 12 success
2271 1130 21 19 in

1855 1157 53 19 their
1925 1157 97 18 northern
2038 1158 46 17 tour
2102 1159 21 16 at
2133 1156 73 19 Homo.
2234 1156 57 24 They

1855 1189 52 13 were
1917 1185 21 16 at
1947 1182 81 25 Paisley
2038 1182 34 19 the
2088 1183 57 18 other
2161 1182 45 25 day,
2223 1182 68 19 whore

1855 1209 48 25 they
1926 1209 99 18 attracted
2052 1208 53 26 fully
2132 1209 31 18 six
2190 1208 102 19 thousand

1855 1238 116 22 spectators,
1994 1235 36 18 but
2046 1235 35 18 the
2099 1235 48 25 play
2166 1235 52 18 from
2236 1241 40 12 com-

1855 1264 125 16 mencement
1994 1263 20 16 to
2024 1261 60 18 iinish
2098 1268 41 11 -was
2149 1261 35 18 the
2199 1260 92 19 occasion

1855 1288 21 18 of
1886 1288 119 19 continuous
2015 1286 101 26 laughter.
2209 1286 82 26 players

1855 1314 41 18 had
1905 1321 26 12 an
1947 1314 130 18 unfortunate
2092 1313 68 18 knack
2176 1313 21 18 of
2212 1312 80 25 getting'

1855 1340 21 18 in
1881 1340 48 19 each
1935 1340 73 18 other's
2013 1346 50 18 way,
2072 1339 133 23 occasionally
2211 1338 81 25 pushed

1855 1366 49 19 with
1914 1366 52 19 their
1975 1366 71 23 hands,
2058 1365 40 19 and
2105 1365 48 25 paid
2160 1365 51 19 little
2218 1365 74 24 regard

1856 1394 19 17 to
1886 1392 87 19 off-side.
2002 1392 60 18 Their
2081 1393 123 17 movements
2218 1397 26 12 on
2258 1390 34 19 tho

1855 1418 47 20 field
1912 1425 52 13 were
1973 1425 22 12 as
2010 1418 95 25 amusing
2119 1424 21 12 as
2156 1417 52 19 their
2223 1417 69 19 efforts

1855 1447 20 17 to
1885 1445 53 26 play,
1951 1444 77 25 despite
2042 1444 53 18 their
2111 1443 98 19 'rational'
2225 1443 66 22 attire,

1856 1472 40 18 and
1915 1471 34 19 the
1967 1470 96 25 laughter
2082 1469 21 20 of
2121 1469 35 20 the
2175 1469 66 19 crowd
2251 1475 40 13 was

1856 1497 91 26 mingled
1957 1497 49 19 with
2015 1496 79 26 jocular
2103 1495 91 20 remarks
2209 1495 71 26 regard-

1856 1524 36 25 ing
1900 1523 53 20 their
1971 1522 82 27 general
2244 1521 36 20 Fin-

1856 1550 46 25 ally,
1923 1550 34 20 the
1975 1551 111 24 spectators
2105 1548 63 20 broke
2187 1549 42 19 into
2254 1547 34 21 the

1855 1576 53 25 field,
1929 1575 40 21 and
1985 1575 35 20 th.3
2036 1575 81 26 players
2133 1575 41 20 had
2191 1577 20 17 to
2227 1575 24 19 be
2262 1580 20 14 es-

1857 1602 67 21 corted
1933 1605 20 17 to
1964 1601 34 21 the
2008 1601 98 27 pavillion
2116 1601 27 27 by
2150 1601 33 21 the
2195 1601 70 27 police.

1879 1672 58 23 THE
1947 1672 92 21 JUDGE
2048 1672 59 21 AND
2118 1672 58 21 THE

1883 1754 34 20 An
1927 1751 94 28 amusing
2031 1751 89 21 incident
2135 1759 40 14 was
2186 1749 107 24 nitnessed

1857 1781 89 25 recently
1964 1781 21 19 in
2004 1780 34 19 tho
2061 1780 126 25 liloombury
2211 1775 80 26 County

1858 1808 68 20 Court.
1955 1806 74 20 Seated
2038 1803 21 22 in
2074 1803 35 22 the
2128 1803 68 29 public
2216 1802 77 25 gallery

1858 1841 41 12 was
1917 1841 12 12 a
1947 1833 47 26 lady
2013 1833 73 19 attired
2096 1833 21 18 in
2133 1833 54 19 cloth
2197 1829 42 28 golf
2249 1835 42 19 cap,

1858 1860 60 20 black
1933 1860 65 19 reefer
2009 1859 75 26 jacket,
2103 1858 42 19 stiff
2162 1857 55 21 linen
2232 1855 62 19 collar

1859 1886 39 20 and
1908 1886 67 19 frilled
1985 1886 51 19 shirt
2045 1885 61 19 front.
2135 1885 68 24 Judge
2218 1884 74 21 Bacon,

1859 1913 83 24 looking
1952 1918 65 13 across
2036 1911 34 19 tho
2089 1914 57 16 court
2161 1914 21 16 to
2197 1911 34 18 the
2249 1910 46 24 spot

1859 1939 65 19 where
1944 1939 34 19 she
2006 1944 42 13 was
2076 1938 73 23 seated,
2175 1935 116 23 exclaimed,

1942 1965 27 18 off
1978 1971 52 18 your
2037 1970 42 19 cap,
2197 1962 43 19 The
2258 1967 36 19 cap

1861 1998 39 13 was
1910 1993 35 17 not
1954 1991 99 23 removed,
2066 1989 39 19 and
2114 1991 25 18 bo
2149 1988 97 27 repeated
2262 1987 32 19 his

1861 2018 58 18 order
1927 2019 21 17 to
2029 2023 47 12 man
2197 2016 18 18 A
2230 2013 65 20 man's

1860 2044 55 19 voice
1924 2044 52 18 from
1987 2043 34 19 tho
2037 2042 84 25 gallery:
2140 2041 51 19 "It's
2210 2048 12 12 a
2239 2040 54 24 lady,

1860 2076 51 19 your
2050 2069 6 24 (
2065 2068 111 25 Laughter.
2187 2067 6 25 )
2228 2066 68 20 Juds>e

1861 2097 74 23 Bacon,
1952 2095 84 25 leaning
2059 2101 47 13 over
2129 2095 32 19 his
2184 2091 50 22 desk
2255 2092 41 19 and

1862 2123 99 24 straining
1970 2121 32 19 his
2022 2128 52 18 eyes:
2103 2121 23 19 Is
2144 2121 16 18 it
2179 2127 11 12 a
2208 2118 88 21 woman?

1862 2149 55 24 Why
1921 2149 47 18 does
1976 2147 35 20 she
2020 2147 56 19 dress
2082 2147 42 19 like
2229 2144 67 26 (Loud

1862 2174 110 26 laughter).
1977 2173 134 25 Reynolds.

1861 2238 116 23 ANOTHER
1985 2239 79 21 VIEW
2080 2239 34 19 OF
2133 2239 58 19 OUR
2206 2238 91 20 DAIRY

2028 2265 102 21 TRADE.

1889 2320 33 20 Mr
1931 2319 66 26 Vagg,
2010 2318 21 20 of
2040 2318 34 19 the
2084 2319 122 19 Melbourne
2216 2317 81 21 Chilled

1865 2347 74 19 Butter
1957 2347 40 18 arid
2016 2344 93 22 Produce
2121 2346 90 25 Compy.,
2222 2344 37 20 lias
2268 2350 17 13 re-

1864 2373 66 24 cently
1938 2372 73 20 visited
2021 2371 34 19 the
2064 2372 79 19 Danish
2153 2371 41 19 and
2204 2370 91 20 Swedish

1864 2397 191 28 butter-producing
2071 2398 94 19 districts.
2193 2397 34 19 Ho
2244 2403 53 18 says:

1975 2424 89 19 Zealand
2084 2425 41 18 and
2143 2423 104 20 Australia
2262 2429 37 12 can

1865 2453 47 18 beat
1919 2450 104 21 Denmark
2030 2451 40 19 and
2076 2450 84 20 Sweden
2168 2451 17 18 if
2190 2450 48 24 they
2247 2449 51 19 stick

1865 2481 19 17 to
1895 2478 21 19 it.
1944 2477 104 19 Denmark
2058 2477 40 19 and
2108 2477 58 20 Swen
2175 2478 71 17 cannot
2253 2482 33 18 pro-

1866 2505 39 18 due
1914 2505 21 18 at
1945 2503 49 20 such
2003 2502 38 22 low
2051 2503 65 26 prices
2126 2510 21 12 as
2158 2503 34 19 the
2211 2502 86 19 colonics

1866 2531 84 19 because
1958 2530 21 19 of
1987 2529 52 20 their
2045 2530 79 19 climate
2131 2530 40 18 and
2178 2529 33 20 the
2219 2531 79 22 greater

1867 2559 82 17 amount
1959 2556 21 19 of
1985 2555 84 27 fe'eding
2073 2555 102 26 required.
2203 2554 56 25 They
2265 2559 33 14 are

1866 2590 45 13 now
1921 2584 20 17 at
1951 2582 63 19 about
2024 2582 33 19 the
2068 2582 39 19 end
2119 2582 21 19 of
2156 2582 52 19 their
2226 2580 71 23 tether,

1867 2610 40 19 and
1922 2609 51 19 have
1992 2608 40 19 lest
2046 2615 73 18 money
2134 2608 27 19 all
2171 2608 40 19 this
2220 2613 77 12 season.

1867 2636 56 24 They
1940 2634 59 20 made
2016 2634 91 26 nothing,
2128 2634 40 19 and
2187 2634 50 18 have
2251 2632 47 25 only

1867 2662 54 19 lived
1938 2662 35 18 out
1992 2661 21 18 of
2031 2661 34 18 the
2082 2662 82 23 savings
2180 2659 19 20 of
2210 2659 32 20 the
2253 2661 45 22 past

1867 2695 57 18 years
1933 2687 59 19 made
1998 2687 69 18 before
2074 2686 86 19 colonial
2168 2685 128 26 competition

1867 2721 54 12 came
1931 2714 42 18 into
1983 2714 34 18 the
2027 2712 53 19 held.
2108 2713 37 18 Let
2156 2712 33 19 the
2205 2711 93 19 colonists

1867 2741 50 25 keep
1927 2747 27 18 up
1964 2739 64 24 heart,
2039 2738 41 19 and
2093 2739 49 25 they
2158 2740 54 17 must
2228 2737 20 20 in
2264 2737 34 19 the

1867 2767 49 24 long
1924 2773 39 12 run
1972 2766 39 19 win
2022 2766 33 18 the
2065 2768 81 23 present
2156 2764 50 26 light
2215 2764 32 19 for
2264 2763 34 19 the

1867 2793 84 19 Loudon

1894 2818 45 21 Still
1948 2818 40 19 this
1998 2818 21 19 of
2029 2824 69 14 courso
2109 2817 47 20 does
2165 2823 59 13 mean
2238 2816 60 19 lower

1866 2845 70 26 prices,
1947 2844 31 20 for
1988 2851 12 12 a
2010 2844 47 20 time
2067 2846 21 17 at
2098 2851 40 18 any
2147 2845 49 22 rate,
2203 2844 32 18 for
2240 2843 57 23 milk,

1867 2872 39 19 and
1916 2871 55 19 there
1982 2872 53 18 must
2041 2871 25 19 be
2075 2878 10 11 a
2092 2870 147 25 readjustment
2245 2868 53 20 alike

1867 2898 21 19 of
1897 2897 48 19 laud
1954 2897 70 19 values
2034 2897 40 19 and
2083 2897 21 19 of
2114 2896 77 25 freight
2206 2895 91 26 charges.

1867 2925 41 19 But
1917 2923 35 19 the
1961 2923 54 25 prize
2025 2923 21 19 in
2055 2923 51 19 view
2125 2923 17 19 is
2162 2922 64 20 worth
2244 2928 55 13 some

1866 2950 52 20 little
1928 2950 130 25 preliminary
2072 2948 94 21 sacrifice.

1902 3010 198 32 GENERAL
2128 3009 135 31 NEWS.

1893 3067 18 19 A
1923 3065 165 25 caiefully-made
2116 3066 94 19 estimate
2225 3065 21 18 of
2264 3065 34 19 the

1869 3092 94 27 probable
1975 3092 39 19 loss
2024 3091 22 19 of
2055 3091 61 26 sheep
2133 3093 25 26 by
2168 3092 34 20 the
2213 3098 54 13 snow
2278 3090 19 21 in

1867 3121 33 18 the
1912 3118 110 22 Geraldine
2032 3118 38 19 and
2088 3118 118 20 Mackenzie
2221 3118 76 19 contiea

1867 3147 66 19 makes
1944 3145 16 19 it
1968 3145 62 19 about
2037 3145 86 23 300,000
2133 3147 35 18 out
2178 3144 21 20 of
2214 3145 84 24 530,000

1866 3175 19 17 in
1897 3173 34 19 the
1942 3172 55 24 large
2011 3171 93 24 stations,
2116 3173 38 19 and
2165 3173 16 18 it
2197 3171 16 19 is
2228 3170 69 20 feared

1866 3200 44 19 that
1922 3198 34 20 the
1971 3198 100 19 survivors
2088 3199 40 19 will
2143 3199 24 20 be
2178 3198 61 21 worth
2251 3205 46 18 very

1866 3227 58 19 little.

1893 3255 18 17 A
1922 3252 66 19 useful
1999 3252 71 19 article
2079 3251 33 20 for
2124 3259 11 13 a
2145 3252 46 19 deaf
2201 3251 47 25 lady
2264 3253 33 17 has

1866 3280 48 19 been
1924 3278 90 25 recently
2025 3279 103 24 patented.
2158 3279 20 19 It
2196 3278 17 19 is
2232 3285 11 12 a
2263 3278 33 19 fan

1867 3306 64 25 deftly
1940 3305 114 25 concealing
2061 3312 12 12 a
2083 3305 45 26 tiny
2136 3306 135 24 ear-trumpet
2278 3305 18 18 in

1864 3333 26 19 its
1901 3333 58 19 stick.

1892 3360 19 19 A
1921 3359 91 20 scientist
2024 3359 88 18 declares
2123 3358 45 19 that
2177 3358 33 19 the
2221 3357 63 20 beauti-

1865 3386 30 19 ful
1905 3386 134 24 ccuplexions
2049 3386 21 17 of
2078 3385 75 19 British
2163 3385 47 25 girls
2218 3391 33 12 are
2258 3385 38 17 due

1866 3416 21 15 to
1898 3412 35 19 the
1944 3413 45 24 legs
1999 3412 61 19 which
2078 3418 63 17 sweep
2158 3418 46 12 over
2216 3409 79 20 Albion.

1866 3439 114 25 Dampness
1992 3439 60 24 keeps
2063 3438 34 19 the
2110 3437 44 20 skin
2170 3437 47 20 soft.

1891 3473 42 20 The
1949 3473 45 19 first
2010 3473 31 19 fat
2057 3472 64 19 lambs
2138 3472 23 19 of
2178 3472 32 19 the
2225 3477 68 13 season

1866 3507 51 12 were
1928 3499 76 19 offered
2016 3500 22 18 at
2055 3499 33 18 the
2104 3498 118 25 Addington
2237 3497 58 25 yards

1866 3533 25 13 on
2044 3525 54 24 (says
2107 3525 34 19 the
2151 3523 142 21 Christchurch

1866 3553 64 24 Star),
1951 3552 37 18 and
2009 3551 81 19 fetched
2109 3551 61 25 fancy
2187 3551 71 24 prices,
2274 3556 20 12 as

1867 3579 45 24 high
1924 3586 21 12 as
1957 3579 35 18 2Gs
2003 3577 47 19 each
2061 3577 59 24 being
2131 3577 46 24 paid
2192 3576 32 19 for
2238 3576 55 19 those

1865 3606 52 18 from
1934 3605 33 19 Mr
1987 3604 26 18 11.
2036 3603 147 21 Chamberlain,
2201 3602 92 23 Leeston,

1866 3632 38 19 and
1914 3633 35 17 31s
1960 3630 32 19 for
2003 3629 59 19 those,
2069 3629 53 19 from
2130 3629 34 19 Mr
2173 3629 25 19 G.
2208 3629 73 18 Luther-

1864 3659 50 23 ford,
1924 3657 131 24 Dalethorpe.

1891 3692 31 21 On
1943 3692 34 19 the
1996 3690 45 19 Held
2061 3689 22 19 of
2098 3688 107 21 Waterloo
2215 3695 10 13 a
2235 3690 57 24 topaz

1865 3718 45 24 seal,
1928 3720 31 17 set
1974 3717 20 20 in
2011 3716 46 24 gold
2074 3722 39 13 was
2124 3715 88 24 recently
2222 3714 69 21 found,

1865 3744 82 25 beating
1952 3743 32 20 the
1992 3750 52 11 arms
2051 3742 37 19 and
2097 3744 64 17 motto
2168 3742 21 18 of
2194 3742 98 18 Viscount

1867 3771 125 23 Harrington.
2020 3768 21 20 It
2059 3768 98 25 belonged
2177 3770 19 17 to
2216 3767 74 24 Ensign

1865 3797 127 23 Barrington,
2004 3794 43 20 who
2058 3801 39 13 was
2109 3794 59 20 killed
2187 3796 19 16 at
2217 3793 75 25 Quatre

1865 3824 55 22 Bras,
1932 3821 46 22 16th
1991 3821 60 24 June,
2070 3822 57 22 ISIS,
2145 3820 39 20 and
2201 3820 38 19 had
2253 3818 37 19 lain

1865 3848 142 21 undiscovered
2020 3847 32 19 for
2067 3847 69 25 eighty
2151 3854 62 17 years.

1890 3883 41 20 The
1943 3885 74 17 newest
2027 3881 58 26 tiling
2102 3883 36 17 out
2156 3881 20 19 iu
2192 3879 99 21 London's

1865 3910 61 20 world
1938 3909 20 19 of
1969 3908 100 20 swelldom
2080 3908 17 19 is
2112 3915 12 12 a
2143 3907 52 20 hand
2214 3906 75 26 painted

1864 3937 51 18 shirt
1923 3936 61 18 front.

1891 3972 49 24 Says
1950 3978 24 11 an
1986 3969 82 26 English
2081 3976 62 19 paper
2154 3969 19 19 in
2185 3969 42 19 this
2234 3971 45 22 coun-

1867 3999 29 22 try
1907 3997 65 20 where
1982 3997 59 19 there
2059 3996 16 18 is
2095 4002 21 12 so
2135 3995 59 19 much
2211 3995 79 24 poverty

1865 4023 38 19 and
1919 4023 88 23 distress,
2023 4023 17 17 it
2054 4028 16 12 13
2081 4021 123 24 comforting
2214 4021 21 19 to
2245 4019 45 21 bear

1865 4049 45 20 that
1921 4049 105 19 Australia
2033 4049 18 17 is
2061 4054 10 12 a
2080 4050 85 22 country
2175 4046 85 20 without
2267 4049 18 16 of

1867 4075 60 24 pilaris
1938 4081 23 12 or
1970 4074 119 25 orphanage.
2131 4076 62 22 livery
2213 4072 47 20 waif
2279 4072 3 27 1
2283 4076 7 10 51

1865 4101 59 18 taken
1935 4102 20 17 to
1966 4107 10 12 a
1987 4100 99 24 receiving
2101 4099 68 23 house,
2181 4099 62 19 where
2254 4098 15 18 it

1865 4127 49 24 kept
1933 4126 52 20 until
2001 4133 11 13 a
2033 4127 84 25 country
2138 4125 56 21 home
2203 4125 17 20 is
2230 4121 60 23 found

1870 4160 22 12 or
1901 4153 22 21 it,

2336 124 199 20 SPECULATION
2550 123 63 21 RUN
2627 124 64 20 MAD.

2326 177 42 19 The
2387 177 47 19 mail
2461 177 90 19 received
2575 177 48 18 here
2646 177 91 25 recently

2302 204 88 23 brought
2401 204 122 24 particulars
2542 203 22 19 of
2582 202 35 20 the
2715 209 21 12 in

2302 230 78 19 wheat''
2402 230 64 19 which
2486 236 39 13 was
2550 229 117 20 mentioned
2686 229 20 20 in
2726 236 11 12 a

2302 256 49 19 New
2363 256 57 19 York
2440 256 111 24 cablegram
2573 263 10 12 a
2603 256 69 18 month
2692 262 45 18 ago.

2302 283 41 18 The
2358 289 57 13 scene
2434 289 25 12 on
2479 285 34 16 the
2527 282 87 23 Chicago
2629 282 67 19 Board
2716 282 22 19 of

2302 309 64 18 Trade
2389 315 17 12 in
2420 308 103 19 described
2539 308 20 19 in
2585 307 153 20 characteristic

2303 335 99 25 language
2413 335 26 20 bv
2454 335 34 18 the
2498 334 160 25 correspondent
2669 334 21 19 of
2700 341 38 12 one

2303 362 21 18 of
2334 366 34 14 tne
2375 363 40 18 San
2427 361 104 19 tfrancisco
2540 360 98 25 journals.

2303 393 12 14 a
2335 388 95 25 swishing
2559 386 25 20 he
2614 386 123 26 telegraphs,

2376 414 66 19 wheat
2453 414 47 19 shot
2508 420 27 18 up
2553 416 21 16 to
2592 414 25 18 82
2632 414 58 18 cents
2708 414 20 18 to-

2304 440 45 26 day.
2376 440 29 20 As
2416 440 16 20 it
2441 447 45 13 rose
2501 439 38 19 and
2559 440 70 18 soared
2648 446 11 12 a
2678 439 48 19 thou-

2305 467 49 19 sand
2365 467 63 19 hands
2448 467 22 19 of
2487 466 75 25 yelling
2585 465 83 19 brokers
2687 472 52 13 were

2306 493 92 19 strethed
2408 496 21 16 to
2439 493 60 24 bring
2509 493 15 18 it
2534 491 51 20 back
2593 494 21 17 to
2623 491 66 20 earth.
2717 492 23 19 It

2306 526 39 12 was
2359 526 11 12 a
2380 519 48 24 long
2437 519 39 19 and
2487 518 91 24 exciting
2594 518 96 25 struggle,
2700 518 40 20 but

2305 545 44 25 just
2369 545 67 19 before
2453 545 34 19 the
2507 545 52 19 close
2569 544 21 19 of
2612 545 34 18 the
2663 545 75 19 session

2306 571 35 20 the
2351 574 63 17 turore
2423 571 89 26 quieted,
2523 571 33 18 the
2568 570 54 25 price
2642 570 96 20 fluttered

2305 604 12 12 a
2327 599 64 22 while,
2403 599 39 18 and
2454 598 48 18 then
2511 597 90 25 dropped
2609 600 20 16 to
2637 597 36 19 78*
2683 599 57 17 cents

2302 631 26 13 ior
2340 626 8 21 I
2348 626 16 21 -
2373 627 56 17 cents
2439 624 64 20 above
2513 624 33 18 the
2563 623 78 25 closing
2659 626 69 21 quotat-

2308 651 30 19 ion
2348 652 21 18 of
2557 650 43 19 But
2608 649 57 20 while
2675 649 63 19 wheat,

2307 684 40 12 was
2356 677 60 25 going
2426 684 27 17 up
2464 678 39 18 and
2522 676 80 25 coming
2620 676 64 24 down,
2704 676 36 19 the

2309 704 65 18 Board
2385 703 132 26 experienced
2527 703 34 19 the
2571 705 89 22 greatest
2670 703 38 24 day
2720 703 20 18 in

2308 731 26 17 its
2345 729 82 26 history.
2456 729 63 20 There
2530 736 46 15 may
2599 729 48 19 have
2658 729 49 19 been
2719 735 21 12 as

2309 756 57 19 much
2376 757 124 19 excitement
2507 763 24 11 on
2543 755 78 25 previos
2628 755 110 23 occasions,

2310 783 56 19 when
2376 783 33 24 big
2545 788 51 13 were
2605 788 45 17 run,
2658 781 38 20 but
2706 781 34 19 the

2308 811 70 17 rec?nt
2388 809 85 19 ''boom"
2484 808 99 24 certainly
2594 808 125 19 constituted
2730 814 12 11 a

2308 836 68 18 record
2388 842 20 12 so
2419 835 32 20 far
2461 842 22 12 as
2493 835 35 19 the
2547 837 83 16 amount
2654 835 22 18 of
2688 834 43 19 busi-

2309 868 45 13 ness
2369 862 114 20 transacted
2503 862 16 18 is
2539 860 118 20 concerned.
2686 860 56 20 Over

2309 889 132 23 230,009,000
2460 888 81 19 bushels
2562 888 21 19 of
2603 887 73 21 wheat,
2691 887 18 18 it
2724 888 16 17 is

2309 915 105 19 estimated
2438 922 51 12 wero
2714 913 27 18 Of

2309 948 76 17 course,
2397 941 33 20 the
2441 941 65 20 wheat
2521 940 38 19 had
2577 946 26 13 no
2623 941 102 18 existence
2737 940 4 25 ;

2309 968 81 19 bushels
2401 975 56 16 were,
2470 975 21 12 so
2501 969 22 18 to
2533 967 68 24 speak,
2618 966 74 24 merely
2707 966 35 19 the

2309 1001 67 12 names
2387 994 59 25 given
2456 997 21 16 to
2487 994 34 19 the
2531 997 94 15 counters
2636 993 104 24 employed

2309 1021 24 25 by
2343 1021 15 18 tl
2366 1027 11 13 e
2385 1020 106 25 gamblers.
2520 1020 80 24 During
2610 1020 33 19 the
2658 1019 38 24 day
2708 1020 34 18 Mr

2308 1047 54 20 John
2386 1048 22 19 C.
2433 1048 106 21 Schua.lz,
2563 1046 74 19 known
2660 1051 23 13 as
2707 1045 36 19 the

2390 1074 58 24 King
2529 1075 21 16 to
2565 1073 77 18 borrjw
2656 1071 86 19 another

2310 1101 72 23 phrase
2391 1100 51 19 from
2450 1100 34 19 the
2492 1098 158 25 correspondent
2658 1104 28 12 we
2695 1098 48 18 have

2308 1127 44 25 just
2362 1126 80 26 quoted,
2541 1128 37 16 out
2588 1125 21 18 of
2620 1124 33 19 the
2665 1123 78 20 market

2310 1153 40 20 like
2364 1161 11 10 a
2395 1152 30 19 bit
2444 1152 20 19 of
2585 1151 42 18 The
2651 1151 91 22 farmers,

2331 1180 37 18 the
2376 1178 72 19 chinch
2458 1178 42 24 bug
2514 1177 22 19 of
2553 1178 35 19 the
2608 1177 134 24 professional

2420 1211 75 19 appear
2510 1204 31 19 for
2548 1210 48 13 once
2616 1206 20 16 to
2647 1203 49 19 have
2706 1207 37 21 got

2310 1232 33 19 the
2354 1231 80 19 earliest
2450 1230 133 20 information
2599 1230 21 19 of
2631 1230 34 19 the
2675 1230 57 18 condi-

2310 1258 42 19 tion
2364 1258 20 19 of
2395 1258 34 18 the
2439 1265 66 16 crops,
2513 1256 39 19 and
2571 1256 77 25 bought
2667 1256 73 25 largely

2310 1284 32 19 for
2352 1284 34 19 the
2398 1284 44 19 rise.
2472 1284 77 19 ''There
2559 1290 52 12 were
2631 1283 36 19 five
2688 1282 41 20 hun-

2310 1311 48 19 dred
2382 1310 20 19 of
2426 1310 61 23 them,
2534 1310 107 23 according
2660 1310 21 18 to
2705 1315 39 13 one

2310 1340 92 21 account,
2434 1336 107 25 swarming
2551 1336 65 19 about
2622 1336 34 19 the
2676 1335 66 19 Board

2310 1364 21 18 of
2341 1364 68 23 Trade,
2422 1363 38 19 and
2473 1363 47 25 they
2540 1362 108 20 continued
2670 1363 21 17 to
2704 1362 39 23 buy

2311 1390 70 19 wheat.
2417 1390 41 18 The
2469 1389 139 26 professional,
2637 1387 43 20 who
2709 1388 36 18 has

2311 1416 98 26 persisted
2420 1416 20 20 in
2448 1416 99 24 believing
2559 1415 44 20 that
2614 1415 34 19 the
2658 1414 86 19 farmers

2311 1443 64 20 would
2387 1445 34 22 get
2431 1443 87 24 through
2530 1442 35 19 has
2581 1443 49 18 bsen
2642 1441 34 19 the
2688 1441 56 19 loser.

2312 1470 40 19 The
2375 1469 69 20 victim
2468 1470 21 18 of
2507 1469 48 19 hard
2579 1468 60 20 times
2653 1467 40 19 and
2707 1467 38 19 low

2312 1496 64 20 wheat
2388 1496 65 25 prices
2472 1496 17 18 iB
2499 1495 79 26 yetting
2596 1494 64 25 richly
2674 1493 71 25 repaid

2312 1524 31 19 for
2367 1523 31 19 his
2601 1521 42 20 The
2671 1519 62 28 pande-

2309 1550 90 20 monium
2408 1549 21 20 in
2440 1549 36 20 the
2513 1547 65 21 wheat
2673 1546 66 21 where

2310 1577 36 20 the
2357 1576 135 20 transactions
2504 1581 50 14 were
2571 1574 75 21 carried
2663 1580 31 19 on,
2705 1580 40 14 was

2312 1603 89 20 watched
2425 1603 52 20 from
2501 1601 35 21 the
2554 1601 78 27 gallery
2656 1600 26 26 by
2705 1602 40 19 500

2311 1636 83 18 women,
2406 1629 43 21 who
2460 1636 53 14 were
2521 1629 88 24 scarcely
2617 1629 38 19 Icbs
2666 1628 79 19 excited

2310 1656 51 21 than
2383 1656 35 21 the
2439 1656 68 20 active
2530 1655 133 26 participants
2672 1654 21 20 in
2710 1653 35 21 the

2311 1685 45 18 wild
2366 1684 92 25 struggle
2468 1683 32 20 for
2510 1683 65 19 wheat
2585 1683 38 19 and
2634 1681 53 26 gold.
2718 1681 25 20 In

2311 1710 50 21 New
2376 1710 58 20 York
2464 1709 113 26 something
2597 1710 21 19 of
2638 1709 34 19 the
2691 1714 55 13 same

2311 1737 49 20 kind
2369 1743 39 14 was
2415 1737 60 26 going
2485 1744 32 12 on.
2540 1737 65 19 There
2613 1734 133 25 287,000,000

2313 1764 81 20 bushels
2404 1764 22 19 of
2441 1764 65 19 wheat
2517 1770 49 13 were
2601 1758 94 29 bought''
2707 1761 39 20 and

2313 1793 9 8 '
2406 1791 20 19 in
2436 1797 12 13 a
2465 1790 39 20 few
2522 1785 171 28 hoursmaking
2712 1788 34 19 the

2312 1816 52 21 total
2395 1820 94 17 counters
2505 1815 103 26 employed
2623 1816 21 20 in
2663 1815 34 19 the
2707 1817 39 17 two

2311 1843 57 21 cities
2376 1851 26 13 on
2414 1844 41 19 this
2472 1843 118 20 memorable
2604 1843 39 25 day
2662 1843 83 24 greater

2312 1871 47 20 than
2368 1871 34 19 the
2413 1870 62 20 whole
2483 1877 46 17 crop
2540 1869 21 19 of
2571 1870 33 19 the
2615 1870 75 18 States.

2353 1927 202 20 ANTI-CHINESE
2581 1927 124 19 LEAGUE.

2315 1955 30 19 An
2357 1954 141 19 anti-Chinese
2508 1954 89 24 meeting
2614 1960 39 12 was
2665 1954 44 17 held
2726 1954 21 17 at

2314 1981 127 25 Wellington
2451 1987 24 12 on
2484 1980 101 24 Saturday
2592 1980 65 22 night.
2681 1978 66 20 There

2314 2015 39 12 was
2364 2014 10 13 a
2385 2007 55 25 large
2450 2007 126 23 attendance,
2591 2006 37 19 and
2641 2006 105 24 delegates

2314 2035 52 18 from
2376 2038 52 15 most
2442 2034 21 18 of
2479 2033 33 19 the
2535 2033 50 19 local
2595 2032 80 19 Unions
2696 2039 51 12 were

2315 2063 88 23 present.
2439 2060 35 19 Mr
2496 2060 74 19 Fraser
2594 2058 97 26 occupied
2713 2058 34 19 the

2314 2087 60 20 chair.
2404 2088 80 23 Among
2495 2086 33 19 the
2543 2085 94 27 speakers
2653 2092 40 12 was
2712 2084 35 20 the

2317 2114 44 19 Hon
2369 2112 35 21 ~W\
2429 2114 22 18 P.
2471 2114 83 19 beeves.
2582 2112 41 19 The
2642 2110 105 25 following

2314 2140 120 19 resolutions
2446 2146 49 12 were
2642 2137 53 19 That
2705 2136 40 19 this

2315 2166 87 24 meeting
2413 2166 59 18 views
2482 2164 47 19 with
2539 2164 62 19 alarm
2616 2164 37 19 and
2669 2163 76 25 dismay

2315 2193 33 19 the
2359 2192 57 25 rapid
2428 2192 81 19 inroads
2521 2191 55 19 made
2586 2197 55 19 upon
2655 2196 36 13 our
2702 2196 32 13 soc-

2315 2219 26 20 ial
2350 2219 39 19 and
2401 2218 60 19 moral
2473 2218 35 19 life
2515 2218 26 26 by
2552 2216 79 21 Asiatic
2641 2216 38 19 and
2689 2216 58 19 other

2317 2245 115 20 unsuitable
2442 2244 136 26 immigration
2585 2243 38 20 and
2635 2242 103 20 therefore

2317 2271 95 27 urgently
2431 2276 91 22 requests
2546 2271 34 18 the
2605 2270 142 19 Government

2317 2300 37 18 and
2370 2298 34 19 the
2423 2300 99 19 members
2541 2298 21 19 of
2578 2296 122 20 Parliament
2726 2298 21 16 to

2318 2325 51 25 push
2378 2331 26 13 on
2415 2326 87 25 through
2524 2324 26 21 all
2572 2326 26 17 its
2622 2325 66 21 stages
2712 2322 35 19 the

2318 2351 78 20 Asiatic
2410 2353 40 20 and
2469 2353 57 19 other
2545 2349 144 26 Immigration
2708 2348 26 20 Re-

2318 2378 92 21 striction
2422 2378 48 25 Bill,
2481 2377 81 25 thereby
2578 2375 120 27 preventing
2708 2382 40 18 any

2313 2402 1 34 I
2317 2408 80 20 further
2403 2406 89 19 increase
2502 2406 22 18 of
2538 2404 39 19 this
2601 2402 83 20 terrible
2704 2402 44 18 blot

2317 2442 25 13 on
2353 2441 36 14 onr
2602 2429 59 25 That,
2675 2428 21 19 in
2707 2428 37 21 the

2317 2461 81 25 opinion
2409 2459 21 20 of
2438 2459 41 20 this
2491 2458 93 24 meeting,
2600 2456 17 19 it
2628 2456 15 19 is
2653 2456 83 23 imperat-

2316 2488 31 19 ive
2358 2488 45 19 that
2414 2493 25 12 no
2452 2493 53 12 more
2523 2485 72 19 letters
2603 2482 20 20 of
2641 2481 97 21 naturalis-

2317 2516 55 18 ation
2383 2514 23 19 be
2417 2512 84 26 granted
2516 2514 22 16 to
2548 2509 96 23 Asiatics,
2653 2508 40 20 and
2703 2508 45 21 that

2317 2542 33 18 the
2362 2540 87 26 poll-tax
2467 2539 22 19 of
2512 2538 47 19 such
2585 2536 125 25 immigrants
2725 2537 22 19 be

2318 2568 62 19 raised
2392 2568 21 18 to
2554 2563 52 20 That
2617 2562 20 19 in
2651 2562 57 20 order
2726 2565 21 17 to

2317 2592 132 24 successfully
2468 2599 48 17 cope
2540 2590 48 19 with
2601 2590 40 18 this
2671 2589 76 19 serious

2317 2620 104 25 difficulty,
2434 2618 34 19 the
2479 2618 80 26 general
2571 2616 68 25 public
2649 2616 24 18 bo
2683 2615 62 20 asked

2317 2649 37 17 not
2362 2646 44 24 only
2413 2648 21 17 to
2442 2644 42 26 join
2493 2643 151 20 Anti-Chineso
2649 2643 96 24 Leagues,

2317 2674 37 19 but
2364 2673 41 19 also
2425 2676 22 15 to
2465 2670 120 26 steadfastly
2604 2669 75 20 refrain
2695 2669 50 19 from

2318 2699 121 27 purchasing
2454 2698 61 25 goods
2529 2697 51 20 from
2595 2703 39 18 any

2342 2765 41 19 The
2394 2764 116 25 censorship
2521 2763 19 20 ef
2552 2768 126 19 newspapers
2689 2768 44 12 exer-

2317 2792 53 19 cised
2380 2792 25 25 by
2425 2791 87 19 Bussiau
2531 2789 146 20 functionaries
2688 2794 15 13 is
2714 2787 29 19 far

2317 2819 51 19 from
2378 2818 62 25 being
2457 2824 10 13 a
2487 2817 96 19 sinecure.
2611 2815 80 24 During
2710 2813 34 20 the

2317 2852 47 19 year
2375 2846 51 18 189-1
2434 2851 25 13 no
2465 2843 62 20 fewer
2535 2842 47 20 than
2590 2843 51 18 2G73
2650 2841 93 19 numbers

2317 2872 20 18 of
2349 2878 73 19 papers
2433 2876 50 14 were
2493 2869 68 24 seized;
2573 2868 40 20 and
2627 2868 36 19 2G5
2679 2873 52 13 news-

2317 2905 71 18 papers
2403 2897 21 19 of
2443 2896 80 20 various
2536 2894 92 27 opinious
2647 2900 49 14 were
2715 2900 19 13 se-

2316 2923 121 28 questrated.
2465 2923 42 19 The
2517 2921 87 21 Swedish
2615 2927 70 19 organs
2693 2927 50 13 were

2317 2952 33 19 the
2375 2952 52 18 most
2443 2949 111 21 ill-treated
2575 2949 21 19 of
2616 2947 32 23 all,
2667 2953 36 14 one
2723 2946 20 19 of

2317 2978 54 20 them
2381 2977 74 24 having
2462 2977 49 19 been
2519 2975 121 26 suppressed
2651 2975 25 19 80
2686 2973 57 20 times

2318 3005 67 20 within
2400 3003 34 20 the
2444 3004 39 18 last
2496 3009 53 19 year.

2343 3041 29 19 To
2381 3044 84 20 prepare
2476 3035 73 21 linseed
2564 3034 32 19 for
2605 3033 80 26 feeding
2699 3034 33 18 cal-

2318 3076 32 12 ves
2362 3066 37 21 stir
2409 3064 63 20 about
2483 3069 11 14 a
2513 3062 44 26 pint
2577 3060 21 20 of
2615 3060 62 20 whole
2696 3061 44 18 seed

2317 3095 43 19 into
2371 3101 10 12 a
2392 3092 66 26 gallon
2467 3090 21 19 of
2496 3088 75 25 boiling
2579 3088 72 22 water;
2662 3086 38 20 stir
2709 3086 34 20 the

2317 3121 92 21 mixture,
2420 3116 85 24 keeping
2515 3115 16 19 it
2542 3117 20 17 at
2576 3120 11 12 a
2594 3114 85 21 simmer,
2691 3113 51 19 until

2316 3149 16 18 it
2350 3151 87 16 assumes
2457 3143 35 19 the
2511 3140 121 20 consistence
2651 3139 21 19 of
2686 3139 56 26 jelly.

2316 3174 53 20 Peed
2382 3172 42 20 half
2434 3177 10 12 a
2455 3170 44 24 pint
2509 3168 21 19 to
2540 3174 10 12 a
2561 3165 45 28 pint
2620 3165 21 20 of
2648 3165 35 21 the
2691 3165 50 26 jelly

2316 3201 20 20 in
2347 3208 11 11 a
2368 3200 66 26 gallon
2444 3196 21 19 of
2484 3195 49 20 skim
2553 3193 53 19 milk.
2634 3192 42 20 Use
2694 3199 48 19 very

2316 3226 114 23 cautiously
2438 3225 20 17 at
2470 3222 43 19 first
2524 3227 20 13 so
2563 3226 20 13 as
2598 3221 36 17 not
2644 3222 20 16 to
2683 3225 59 14 cause

2316 3253 104 20 diarrhrca.

2342 3285 41 20 The
2399 3281 82 22 demand
2496 3279 34 21 for
2549 3278 59 20 horse
2631 3279 53 19 meat
2707 3278 34 20 has

2317 3318 67 19 grown
2395 3313 19 16 to
2425 3308 48 20 such
2483 3313 24 13 an
2518 3308 71 17 extent
2599 3305 18 19 in
2640 3305 101 25 Germany

2317 3339 46 19 that
2373 3338 16 18 it
2399 3337 17 18 is
2427 3333 109 26 beginning
2546 3334 19 17 to
2577 3332 23 19 be
2617 3331 83 20 difficult
2720 3334 21 17 to

2316 3363 71 27 supply
2406 3363 24 18 it.
2462 3361 74 18 Horses
2563 3358 32 19 for
2618 3358 123 24 butchering

2315 3397 44 13 now
2369 3392 43 16 cost
2435 3387 53 19 from
2512 3385 30 20 5
2566 3387 21 16 to
2608 3385 47 21 lO,
2676 3385 64 18 where

2315 3415 94 24 formerly
2421 3413 46 25 they
2490 3411 57 20 could
2570 3411 48 19 have
2634 3411 50 18 been
2693 3417 36 19 pur-

2314 3443 71 19 chased
2394 3441 30 19 for
2432 3437 105 22 one-tenth
2544 3437 44 19 that
2602 3438 88 18 amount.
2719 3438 21 18 It

2313 3471 15 18 is
2338 3475 45 13 now
2394 3465 98 27 proposed
2511 3467 20 16 to
2537 3464 76 25 import
2630 3462 110 21 horseflesh

2313 3497 50 19 from
2371 3495 32 19 the
2413 3492 78 20 United
2505 3490 73 19 States.

2338 3527 40 20 The
2390 3525 115 20 Parthenon
2522 3524 20 18 at
2550 3522 80 20 Athens
2646 3522 17 19 is
2674 3524 21 18 to
2715 3523 24 19 be

2312 3552 89 21 restored
2409 3554 20 18 at
2439 3557 49 13 once
2496 3549 105 24 according
2610 3551 21 17 to
2640 3549 34 19 the
2682 3549 58 24 plans

2314 3580 30 19 for
2353 3579 75 26 repairs
2438 3577 55 19 made
2503 3575 27 25 by
2540 3574 34 20 tho
2594 3575 85 19 German
2690 3575 37 19 Pro-

2311 3606 64 20 fessor
2400 3605 70 19 Dunn.
2512 3603 18 16 A
2557 3601 130 19 Commission
2718 3602 21 18 of

2312 3632 113 20 Architects
2446 3628 38 21 will
2503 3627 101 25 supervise
2623 3627 34 19 tho
2677 3628 61 22 work,

2312 3659 56 18 while
2378 3665 11 11 a
2399 3655 83 23 British,
2493 3653 83 24 French,
2587 3653 39 19 and
2650 3653 87 20 German

2310 3686 70 23 expert
2390 3683 48 19 have
2449 3681 48 19 been
2512 3679 59 20 asked
2591 3681 21 17 to
2623 3680 44 25 give
2686 3679 52 21 their

2311 3711 57 19 views
2378 3716 25 12 on
2415 3708 34 19 the
2463 3706 78 25 subject

2337 3749 27 19 As
2374 3754 58 18 many
2443 3754 20 11 as
2476 3747 36 18 2S-1
2523 3747 121 23 trespassers
2660 3753 25 12 on
2703 3747 35 19 tho

2309 3775 79 24 railway
2399 3774 49 19 lines
2458 3772 21 19 of
2496 3772 34 19 tho
2544 3772 77 19 United
2636 3771 101 26 Kingdom

2310 3802 39 17 last
2358 3806 46 20 year
2415 3801 40 18 met
2464 3798 52 20 their
2527 3797 69 20 deaths
2611 3798 52 19 from
2679 3799 59 25 being

2309 3834 36 12 run
2357 3833 46 13 over
2416 3826 27 24 by
2456 3825 70 19 trains.

2900 119 56 19 THE
2964 119 73 19 FLEA.

2780 175 59 19 Fleas
2848 175 45 20 love
2900 176 47 23 dirt,
2956 177 38 18 and
3002 176 43 20 init
3052 177 47 25 they
3104 178 78 22 flourish

2755 202 39 18 and
2805 202 95 25 multiply
2910 205 51 16 most
2980 203 136 26 abundantly.
3147 205 36 21 But

2755 228 20 19 in
2787 229 53 24 spite
2859 228 22 19 of
2900 229 28 18 St.
2946 229 111 20 Dominic's
3077 237 58 12 curse
3149 233 33 20 and

2756 254 53 19 their
2829 254 85 19 unclean
2935 256 81 23 haunts,
3033 256 49 24 they
3110 263 33 12 are
3159 258 16 20 in-

2756 282 101 23 teresting
2864 280 55 20 little
2940 282 84 19 fellows.
3053 283 40 20 Ltt
3107 289 24 13 us
3153 290 30 16 put

2756 314 37 12 one
2803 308 64 19 under
2877 307 35 20 the
2928 308 127 24 microscope.
3088 308 20 19 It
3128 317 54 15 seems

2756 336 21 16 to
2792 334 24 19 be
2832 334 80 19 clothed
2932 334 20 19 in
2971 341 12 12 a
3003 337 41 16 sort
3064 334 22 20 of
3109 342 73 16 armour

2756 360 78 20 formed
2845 362 22 17 of
2877 362 68 18 brown
2964 361 133 25 overlapping
3116 362 61 22 plate*

2757 386 47 25 they
2815 393 35 13 are
2857 393 21 12 so
2890 386 128 26 exceedingly
3028 388 62 25 tough
3100 395 22 12 as
3138 390 20 18 to
3165 389 19 21 be

2756 413 73 19 almost
2855 413 162 20 indestructible.
3045 414 32 19 Its
3105 414 51 20 head
3171 417 12 20 is

2757 439 58 19 small
2825 439 40 19 and
2872 446 47 19 very
2926 439 43 20 thin
2980 440 40 19 and
3031 440 17 18 it
3058 440 36 20 has
3104 447 12 13 a
3126 442 57 25 Binglo

2756 472 38 18 eye
2809 472 55 19 upon
2890 466 47 19 each
2965 466 48 20 side.
3041 467 49 19 This
3110 473 36 20 eye
3172 469 11 20 is

2757 492 64 24 black,
2831 492 40 20 and
2881 492 35 20 the
2923 499 45 18 rays
2984 492 22 20 of
3015 493 54 25 light
3079 493 103 22 scintillate

2758 518 69 20 within
2836 518 19 19 it
2865 518 40 20 like
2919 519 73 22 sparks
3011 519 23 19 of
3053 519 44 20 fire.
3124 520 60 26 Pugot

2757 545 98 25 managed
2865 547 21 17 to
2897 545 45 19 look
2952 545 87 26 through
3055 552 38 14 one
3103 546 22 20 of
3136 546 48 22 these

2757 578 53 18 eyes,
2822 571 40 19 and
2869 571 25 19 he
2904 571 61 19 found
2977 571 46 19 that
3032 571 16 20 it
3067 572 115 22 diminished

2758 597 77 26 objects
2844 597 21 19 in
2874 597 45 24 Bize,
2927 597 57 20 while
2989 597 18 19 it
3015 599 113 25 multiplied
3136 599 48 22 them

2757 624 21 18 in
2790 624 124 19 numbera
2924 631 45 12 man
2984 626 112 25 appearing
3116 625 40 19 like
3165 634 19 13 an

2759 657 54 17 army
2824 650 22 20 of
2856 650 75 24 fairies,
2942 650 40 20 and
3001 652 34 18 the
3051 651 69 20 flames
3140 652 21 18 of
3177 660 8 13 a

2758 677 72 19 candle
2837 677 107 24 becoming
2950 684 10 11 a
2968 676 103 20 thousand
3080 678 45 24 tiny
3133 680 51 19 star*.

2760 703 58 19 From
2829 703 33 19 the
2871 703 60 25 shape
2942 703 21 19 of
2976 703 27 19 its
3022 703 59 24 head,
3100 705 40 18 and
3160 705 25 21 for

2759 729 58 19 other
2827 736 89 16 reasons,
2926 729 35 19 the
2972 729 37 19 flea
3026 730 16 19 is
3059 730 100 25 supposed
3170 734 14 18 to

2758 762 36 12 use
2812 755 48 25 only
2877 761 38 13 one
2932 761 36 19 eye
2987 757 22 17 at
3028 762 12 12 a
3066 756 57 20 time.
3149 756 36 22 The

2758 782 97 19 offensive
2861 787 84 19 weapon
2952 781 21 19 of
2977 781 34 19 the
3017 781 38 20 flea
3062 782 18 19 is
3088 784 97 23 composed

2759 808 20 19 of
2786 810 39 17 two
2831 808 57 25 palpi
2895 814 21 13 or
2923 807 77 23 feelers,
3010 810 39 17 two
3059 809 87 24 piercers
3154 810 31 20 and

2759 841 12 12 a
2787 837 80 22 tongue.
2897 834 68 19 When
2983 834 16 18 it
3017 834 57 19 feeds
3088 835 16 18 it
3123 836 62 20 stands

2759 862 58 21 erect,
2837 860 105 24 thrusting
2958 860 41 18 this
3014 861 74 18 sucker
3106 860 43 19 into
3159 861 26 20 the

2759 886 56 22 llosh,
2832 886 40 19 and
2881 886 17 18 it
2916 886 41 18 will
2975 888 33 16 cat
3027 886 87 19 without
3131 886 45 21 inter-

2759 912 83 19 mission
2852 912 53 19 until
2917 911 111 24 disturbed,
3039 912 33 19 for
3081 913 16 18 it
3107 912 56 19 voids
3171 920 15 14 as

2759 938 41 19 fast
2810 945 21 12 as
2841 938 17 18 it
2867 938 97 19 swallows
2973 938 27 18 its
3009 938 54 19 food.
3091 938 22 19 It
3130 938 17 19 is
3164 940 14 19 in-

2759 964 99 24 teresting
2867 966 21 17 to
2898 966 37 23 put
2940 964 77 18 several
3027 964 21 18 in
3058 971 12 12 a
3077 964 61 25 glass,
3147 967 37 23 and,

2759 990 71 25 giving
2840 990 57 18 them
2906 996 11 12 a
2925 989 55 26 piece
2989 990 22 18 of
3020 997 42 12 raw
3080 993 59 22 meat,
3160 999 25 12 see

2759 1016 56 19 them
2824 1016 29 18 all
2861 1016 96 25 standing
2966 1022 26 13 on
3001 1016 54 19 their
3064 1016 51 19 hind
3121 1017 43 25 legs
3173 1021 14 17 to

2760 1042 50 19 suck
2820 1048 27 19 up
2857 1042 26 18 its
2893 1042 68 25 juices.

2786 1067 62 20 Their
2857 1074 83 12 manner
2958 1068 21 18 of
2997 1068 111 26 breathing
3124 1069 18 19 is
3151 1070 35 20 still

2763 1094 156 23 undetermined,
2930 1094 38 18 but
2978 1094 16 19 it
3003 1095 17 18 is
3035 1095 89 25 thought
3144 1102 43 13 most

2761 1120 97 25 probable
2876 1119 45 19 that
2938 1120 48 25 they
3005 1121 76 19 receive
3099 1122 31 18 air
3152 1121 35 21 into

2761 1146 52 18 their
2831 1145 70 19 bodies
2916 1146 89 25 through
3022 1147 59 19 small
3097 1147 55 19 holes
3171 1152 14 16 at

2761 1171 34 19 the
2803 1172 39 18 end
2852 1172 21 18 of
2883 1171 34 19 the
2926 1172 62 25 palpi.

2787 1198 42 19 The
2846 1197 44 25 legs
2907 1198 20 19 of
2946 1205 11 12 a
2975 1198 39 19 flea
3033 1205 33 12 are
3077 1199 86 20 marvels
3171 1202 15 18 0!

2761 1224 92 25 strength
2878 1224 40 18 and
2942 1224 105 25 elasticity.
3075 1225 58 26 They
3159 1233 27 13 are

2760 1250 69 25 joined
2838 1252 21 17 to
2867 1250 34 19 the
2909 1250 53 24 body
2970 1251 27 24 by
3003 1251 49 24 long
3060 1251 85 20 tendons
3152 1253 35 19 that

2762 1279 32 16 act
2803 1276 41 19 like
2855 1276 47 19 wire
2912 1277 86 24 springs.
3027 1277 26 19 In
3070 1278 86 25 making
3169 1279 18 19 its

2761 1302 52 25 leap,
2825 1302 72 23 which,
2907 1302 16 19 it
2932 1302 17 19 is
2959 1302 50 24 said,
3030 1309 37 13 can
3086 1310 59 13 caver
3158 1307 30 17 two

2761 1328 94 19 hundred
2864 1328 58 18 times
2930 1328 26 19 its
2970 1335 44 13 own
3025 1328 77 28 length,
3116 1330 34 19 the
3160 1331 28 19 Ilea

2763 1354 64 19 draws
2838 1353 35 19 tho
2887 1354 34 24 leg
2930 1354 51 19 closo
2999 1361 29 19 up
3047 1358 20 16 to
3084 1356 35 19 the
3138 1357 50 25 body,

2763 1380 40 19 and
2821 1380 48 19 thon
2888 1380 73 20 throws
2980 1381 16 18 it
3016 1383 36 17 out
3071 1382 50 19 with
3140 1387 49 21 groat

2763 1406 63 26 force;
2837 1406 37 19 but
2884 1406 34 19 the
2928 1407 85 25 impulse
3029 1408 95 24 proceeds
3144 1409 44 20 from

2763 1432 34 19 the
2806 1431 44 20 first
2858 1432 53 26 joint
2929 1433 64 23 alone,
3013 1433 35 19 the
3066 1434 69 20 others
3151 1435 37 25 only

2763 1458 112 26 increasing
2884 1458 17 19 it
2910 1458 28 26 by
2947 1459 54 19 their
3011 1460 75 20 stretch
3098 1460 57 21 while
3163 1461 25 20 the

2763 1484 44 26 leap
2818 1484 16 20 is
2846 1484 62 26 being
2919 1484 65 21 made.

2789 1510 60 21 Fleas
2856 1517 35 13 are
2896 1510 105 27 possessed
3007 1511 22 20 of
3032 1515 59 23 great
3098 1513 91 27 strength,

2763 1536 87 21 Mouffet
2859 1536 46 21 tolls
2915 1537 21 20 of
2945 1543 12 14 a
2966 1537 103 22 meohanio
3077 1539 46 22 who
3140 1540 47 21 made

2764 1570 11 13 a
2785 1563 47 26 gold
2851 1563 65 25 chain,
2935 1570 21 14 as
2966 1564 49 26 long
3034 1571 21 14 as
3074 1565 33 22 his
3123 1567 64 25 finger,

2763 1590 44 20 that
2815 1597 12 13 a
2836 1589 39 21 floa
2884 1589 92 28 dragged
2985 1591 53 21 after
3053 1592 56 26 him;
3128 1594 40 19 and
3182 1600 6 14 a

2764 1616 72 26 golden
2847 1616 82 26 chariot,
2950 1616 65 21 which
3034 1617 25 22 he
3076 1618 54 23 drew
3149 1619 39 22 also,

2763 1643 88 26 Bingloy
2861 1643 65 20 writes
2937 1643 20 20 of
2965 1650 12 13 a
2985 1644 137 21 watchmaker
3131 1645 21 21 in
3163 1646 24 21 the

2764 1667 74 23 Strand
2850 1669 45 21 who
2904 1669 40 21 had
2954 1676 26 14 an
2987 1670 57 27 ivory
3051 1672 136 21 four-wheeled

2764 1696 72 25 chaiso,
2849 1696 49 21 with
2908 1703 12 13 a
2934 1697 109 20 coachman
3061 1705 27 13 on
3106 1698 26 21 its
3150 1698 37 25 bos,

2764 1721 69 21 drawn
2839 1722 28 26 by
2877 1730 13 12 a
2897 1722 44 21 Ilea.
2969 1723 42 20 The
3021 1731 54 14 same
3083 1731 48 14 man
3138 1726 20 19 af
3160 1729 28 17 tot'

2764 1749 55 20 ward
2828 1749 59 20 made
2897 1756 12 13 a
2918 1749 90 27 carriage
3018 1751 50 20 with
3079 1752 32 19 six
3120 1752 66 23 horses',

2764 1781 12 14 a
2785 1776 115 23 coachman,
2911 1777 47 19 four
2967 1783 83 19 persons
3066 1776 72 27 inside,
3158 1781 30 18 two

2764 1801 89 21 footmen
2869 1803 82 24 behind,
2970 1803 40 19 and
3019 1810 13 13 a
3050 1804 104 26 postillion
3171 1812 17 13 on

2764 1834 37 14 one
2809 1828 21 20 of
2839 1827 35 21 tho
2888 1828 75 25 horses,
2975 1829 28 19 all
3022 1830 21 19 of
3061 1830 67 20 which
3146 1838 42 13 were

2764 1855 69 19 drawn
2852 1855 27 25 by
2902 1862 12 12 a
2940 1855 64 25 single
3030 1856 44 21 floa.
3102 1857 86 20 Latriolle

2764 1882 99 18 mentions
2873 1888 12 12 a
2895 1881 38 19 ilea
2941 1882 65 19 which
3013 1883 93 26 dragged
3116 1890 12 12 a
3137 1883 51 21 silver

2764 1914 84 17 cannon,
2858 1907 21 19 of
2894 1908 130 25 twenty-four
3042 1909 58 19 times
3111 1909 26 21 its
3154 1916 35 14 own

2765 1934 81 25 weight,
2851 1935 96 18 mounted
2954 1940 26 13 on
2984 1935 80 24 wheels,
3071 1936 40 19 and
3118 1937 70 19 showed

2766 1967 24 12 no
2806 1960 44 19 fear
2869 1959 57 20 when
2945 1960 16 19 it
2982 1966 42 14 was
3043 1961 89 26 charged
3149 1963 39 19 with

2764 1985 126 26 gunpowder
2899 1986 41 19 and
2952 1987 50 19 fired
3011 1987 35 19 off.
3074 1988 58 20 Bene
3151 1995 38 19 says

2764 2012 45 19 that
2819 2012 25 19 ho
2854 2018 41 13 saw
2902 2012 56 19 three
2968 2012 48 20 fleas
3027 2013 92 27 drawing
3136 2022 11 12 a
3154 2015 35 25 tiny

2764 2038 105 26 omnibus;
2879 2038 45 19 that
2934 2044 12 14 a
2955 2039 45 25 pair
3009 2039 55 21 drew
3082 2047 13 12 a
3112 2041 74 23 chariot,

2764 2064 40 19 and
2814 2065 44 18 that
2868 2071 11 12 a
2886 2064 58 20 brass
2953 2071 78 14 cannon
3045 2072 43 14 -was
3105 2067 83 26 dragged

2764 2091 28 25 by
2801 2097 12 12 a
2823 2091 65 25 single
2900 2097 42 13 one.

2789 2116 65 19 There
2864 2123 34 12 ara
2907 2117 77 20 several
2994 2118 95 20 varieties
3104 2119 22 21 of
3140 2119 46 25 fleas,

2764 2142 36 19 but
2809 2142 49 24 they
2868 2148 34 13 are
2909 2148 21 13 so
2941 2144 59 17 much
3009 2144 54 18 alike
3082 2146 53 20 tnat.
3145 2144 44 20 their

2764 2168 117 19 differences
2904 2174 34 12 are
2961 2168 111 26 interesing
3098 2170 47 26 only
3174 2173 15 17 to

2764 2194 95 19 scientific
2868 2194 78 25 people.
2973 2194 43 20 The
3031 2198 31 17 cat
3071 2196 40 20 flea
3121 2196 40 21 will
3170 2198 18 19 do

2764 2226 21 13 as
2808 2219 47 21 well
2877 2226 22 13 as
2922 2227 39 18 any
2984 2223 20 17 to
3027 2221 56 21 show
3111 2229 24 13 us
3161 2224 28 19 the

2764 2252 79 20 process
2870 2246 22 19 of
2914 2246 103 26 breeding.
3055 2248 83 26 During
3163 2249 25 21 the

2764 2272 70 26 spring
2845 2272 39 19 and
2894 2279 86 13 summer
2987 2274 81 19 months
3078 2275 36 20 she
3124 2275 64 27 simply

2765 2299 59 25 drops
2833 2298 37 20 her
2879 2305 49 19 eggs
2938 2299 42 20 into
2990 2300 35 19 the
3032 2301 35 19 fur
3076 2302 22 19 of
3107 2302 34 19 tho
3158 2305 29 21 cat,

2766 2325 36 19 but
2820 2325 21 19 in
2859 2325 34 19 the
2911 2327 85 18 autumn
3011 2327 42 20 and
3071 2328 72 21 winter
3160 2329 27 20 she

2766 2351 56 26 glues
2832 2351 49 19 each
2889 2351 65 26 firmly
2964 2358 54 20 upon
3032 2359 12 14 a
3053 2354 52 19 hair.
3133 2355 55 20 These

2766 2384 49 19 eggs
2833 2383 34 13 are
2886 2384 20 12 so
2925 2378 59 19 small
3001 2385 23 14 as
3045 2382 20 17 to
3085 2380 26 20 be
3128 2381 60 25 barely

2765 2403 70 20 visible
2846 2405 19 17 to
2875 2403 34 19 the
2915 2404 67 20 naked
2988 2412 42 18 eye,
3041 2406 38 19 but
3089 2408 63 19 under
3162 2408 26 19 tho

2766 2431 117 23 microscope
2900 2430 47 25 they
2970 2438 34 12 are
3020 2439 49 19 very
3088 2433 99 24 beautiful,

2766 2456 82 25 looking
2857 2456 41 18 like
2905 2456 35 19 the
2956 2457 91 21 loveliest
3064 2460 74 25 pearls,
3156 2460 31 20 and

2766 2489 33 13 are
2816 2481 98 26 perfectly
2930 2483 130 21 translucent.
3089 2486 42 19 Tho
3157 2486 31 20 flea

2766 2509 86 24 deposits
2862 2508 69 25 nearly
2940 2511 40 17 two
2989 2511 94 20 hundred
3090 2515 22 17 at
3119 2519 12 13 a
3140 2513 47 23 time,

2765 2535 88 24 running
2875 2534 63 20 about
2956 2537 40 18 and
3020 2537 102 28 dropping
3140 2539 48 20 them

2764 2561 47 19 here
2829 2561 40 18 and
2884 2560 62 20 there.
2983 2563 56 25 They
3065 2571 51 14 soon
3134 2566 54 19 hatch

2764 2587 41 19 into
2823 2587 65 23 small,
2913 2587 65 25 white,
3008 2589 83 21 footless
3116 2599 71 13 worms.

2764 2613 24 19 In
2798 2613 52 19 from
2860 2619 37 12 one
2907 2615 20 17 to
2937 2617 39 17 two
2985 2616 67 19 -weeks
3058 2617 50 26 they
3118 2625 25 18 go
3152 2619 36 19 into

2764 2646 76 13 cocoon.
2868 2639 94 27 Nothing
2973 2647 36 14 can
3014 2642 25 19 bo
3052 2645 135 23 prottierthan

2764 2666 39 19 this
2813 2672 78 13 cocoon.
2919 2666 11 19 I
2940 2667 50 19 wish
2999 2667 12 19 I
3030 2669 58 20 could
3106 2671 55 19 show
3177 2672 12 18 it

2764 2695 18 16 to
2792 2698 40 18 you
2843 2692 36 18 but
2890 2692 40 19 will
2939 2695 32 22 try
2980 2695 21 18 to
3015 2694 92 22 describe
3124 2698 23 18 it.
3172 2698 17 18 It

2762 2718 16 19 is
2788 2718 40 19 like
2838 2723 13 14 a
2860 2718 50 19 flask
2921 2719 22 18 of
2951 2719 53 21 clear
3013 2721 61 25 glass,
3089 2723 70 26 tinged
3172 2726 15 17 at

2763 2744 33 19 the
2805 2744 61 26 edges
2876 2744 49 20 with
2934 2746 70 25 pearly
3011 2747 55 25 tints,
3076 2749 42 19 and
3126 2750 62 20 dotted

2762 2777 46 12 ovor
2812 2770 48 19 with
2865 2770 53 25 gold.
2935 2772 41 19 The
2982 2772 53 21 little
3039 2774 77 27 sleeper
3123 2776 64 20 within

2761 2796 36 19 lies
2806 2796 23 20 in
2838 2803 13 12 a
2860 2796 63 24 circle,
2938 2797 18 20 is
2971 2805 45 13 rose
3035 2800 99 26 coloured,
3154 2803 34 19 and

2763 2822 55 20 looks
2842 2822 42 20 like
2911 2823 34 20 the
2961 2824 84 21 delicate
3070 2829 56 24 petal
3140 2829 21 19 of
3179 2835 8 13 a

2761 2848 72 20 flower.
2862 2848 26 20 In
2898 2849 61 20 about
2969 2851 31 19 six
3009 2853 67 20 weeks
3080 2854 25 20 he
3113 2855 75 19 reaches

2761 2875 97 25 maturity
2860 2890 9 16 ._
2893 2876 26 19 At
2935 2876 43 21 first
2993 2878 26 19 he
3038 2879 17 20 is
3073 2883 37 17 not
3126 2881 62 26 larger

2761 2900 50 20 than
2821 2907 11 14 a
2843 2902 54 23 mite,
2907 2902 37 20 but
2952 2904 58 19 when
3019 2906 46 20 well
3075 2906 36 21 fed
3129 2913 59 20 grows

2761 2927 83 26 quickly
2853 2928 21 19 in
2881 2928 40 20 size
2930 2930 40 19 and
2979 2933 102 24 strength.

2787 2954 60 19 Fleas
2865 2960 35 13 are
2918 2956 143 26 quarrelsome,
3078 2959 40 20 and
3137 2961 51 25 great

2761 2980 90 25 fighters.
2880 2981 69 20 When
2966 2985 78 18 several
3050 2992 35 13 are
3104 2986 83 20 confined

2761 3007 21 18 in
2792 3013 12 13 a
2820 3007 61 25 glass,
2902 3007 48 26 they
2968 3009 41 18 will
3025 3012 60 19 stand
3099 3019 25 12 on
3142 3013 46 19 their

2761 3032 50 20 hind
2822 3033 49 24 legs,
2883 3034 87 25 striking
2985 3037 22 17 at
3016 3036 54 20 their
3083 3041 105 23 opponents

2762 3058 48 20 with
2819 3059 34 19 tho
2864 3059 72 24 others,
2948 3060 39 20 and
2997 3062 37 19 roll
3042 3070 48 13 over
3097 3065 41 19 and
3147 3071 42 14 over

2762 3085 48 19 each
2816 3085 61 24 other,
2890 3085 66 26 losing
2974 3087 43 26 legs
3032 3090 40 19 and
3091 3093 96 21 antenna?,

2761 3111 40 19 and
2815 3113 21 17 at
2845 3111 39 19 last
2901 3112 70 27 giving
2989 3121 28 19 up
3034 3115 53 21 their
3104 3117 50 20 lives
3170 3118 17 19 in

2761 3137 34 19 the
2804 3137 58 26 fight.
2891 3137 65 21 Ihere
2974 3139 17 21 is
3001 3147 12 13 a
3022 3143 71 20 record
3102 3144 21 19 of
3133 3151 12 12 a
3154 3144 33 19 flea

2760 3163 65 19 which
2844 3163 54 21 lived
2915 3166 34 18 ten
2958 3165 50 26 days
3028 3169 53 19 after
3098 3170 50 19 such
3166 3176 21 13 an

2761 3192 113 22 encounter,
2904 3191 48 19 with
2970 3199 26 13 no
3013 3197 101 24 anteunco,
3136 3196 52 19 three

2760 3215 64 25 plates
2834 3217 23 18 of
2865 3217 32 19 his
2907 3217 42 20 side
2959 3219 78 21 broken
3055 3222 28 24 in,
3103 3229 38 13 one
3157 3227 31 20 eye

2760 3248 57 18 gone,
2829 3243 40 19 and
2884 3243 47 25 only
2949 3245 47 20 four
3013 3247 51 26 legs,
3080 3248 41 20 and
3137 3249 52 19 these

2760 3270 33 17 cut
2803 3269 27 19 off
2840 3271 20 17 to
2869 3271 34 18 the
2912 3271 43 19 first
2964 3271 69 25 joints.

2785 3294 59 20 Eloas
2855 3302 33 15 are
2898 3299 99 23 supposed
3006 3301 21 18 to
3046 3300 41 20 feel
3105 3308 13 13 a
3135 3304 54 23 great

2759 3321 108 27 antipathy
2885 3326 20 18 to
2924 3330 61 13 worm
3003 3327 57 19 wood
3077 3328 41 18 and
3135 3328 54 20 other

2759 3346 61 20 bitter
2837 3347 73 28 herbs;
2929 3350 44 24 and,
2993 3352 22 19 in
3034 3353 103 25 England,
3156 3354 32 20 the

2759 3375 84 23 country
2849 3377 70 25 people
2930 3376 50 20 Lave
2990 3384 13 14 a
3011 3379 60 19 habit
3080 3380 21 19 of
3111 3381 77 24 placing

2759 3399 56 20 these
2834 3403 64 19 about
2917 3402 53 20 their
2997 3407 90 24 cottages
3105 3407 33 19 for
3156 3407 32 19 the

2757 3431 87 19 purpose
2855 3429 21 19 of
2885 3428 109 27 banishing
3009 3431 34 19 the
3059 3431 62 27 lively
3138 3433 49 19 little

2757 3455 60 23 pests.

1109 56 59 22 THE
1180 56 61 22 HOT
1255 57 93 23 LAOS
1364 58 174 28 CHRONICLE,
1557 59 194 28 WEDNESDAY,
1777 60 169 23 SEPTEMBER
1961 59 102 28 11,1805,

2776 4073 72 18 Printed
2860 4081 33 11 una
2905 4076 89 21 published
3013 4077 28 16 for
3057 4078 29 16 tho
3098 4079 85 20 proprioto

2777 4097 18 12 at
2810 4095 26 16 his
2857 4097 94 19 registered
2956 4098 78 20 printing
3040 4099 49 15 office
3103 4099 77 17 Rotoru4

2776 4115 23 21 by
2806 4116 59 18 Percy
2876 4118 57 16 James
2942 4119 99 21 Hamkond,
3054 4120 18 15 of
3081 4120 83 17 Rotorua.

2765 4139 161 26 WEDNESDAY,
2935 4144 143 19 SEPTEMBER
3086 4143 27 26 U,
3123 4146 41 20 1595

165 116 638 65 WAIWERA
913 115 779 76 SANATORIUM,

872 181 124 36 AND
1679 168 13 23 '

36 336 88 37 only
151 337 44 26 30
501 330 37 27 of
564 330 194 32 Auckland,
773 328 103 35 |with
906 329 95 33 daily
1033 332 296 28 commimication
1358 332 87 28 -with
1473 333 113 28 Coach
1617 341 39 20 or
1675 335 158 27 steamer.

362 373 55 21 See
431 372 169 21 advertised
610 372 85 21 Time
711 371 79 21 table
802 370 85 21 ofs.s.
902 370 80 21 Rose
991 371 99 27 Casey
1101 372 59 20 and
1176 372 130 23 Butler's
1316 374 33 21 R.
1362 374 38 21 M.
1418 374 107 22 Coach.

36 413 101 37 ypHE
161 410 120 26 ABOVE
294 408 299 26 ESTABLISHMENT
603 408 139 25 STANDS
756 406 233 25 UNRIVALLED
1002 416 26 14 as
1045 416 16 14 a
1071 407 93 24 Health
1174 417 27 15 or
1213 409 110 32 pleasure
1336 410 98 28 Resort,
1447 411 49 23 and
1508 411 43 24 has
1562 411 89 32 special
1682 411 154 33 advantages

48 451 22 21 Jt
120 446 37 24 for
170 445 78 25 either
272 443 114 25 Tourists
401 450 27 16 or
443 441 120 29 Invalids,

399 549 175 28 Beautiful
592 548 156 33 Scenery,
770 548 239 33 Sea-Bathing,
1037 549 159 34 Boating,
1216 551 150 37 Fishing,
1380 551 55 31 &c.

592 581 127 28 Cusine
732 583 71 26 and
817 581 209 28 attendance
1045 582 38 27 of
1103 583 61 27 the
1183 584 85 31 best.

35 628 94 25 Famed
140 628 37 23 for
189 628 31 23 its
233 626 109 24 curative
355 626 95 23 natural
464 623 104 26 medical
583 624 52 23 Hot
648 624 102 32 Springs
763 624 50 23 and
827 624 82 23 Baths.
946 624 36 23 As
995 624 41 23 the
1050 624 104 33 Springs
1167 626 47 23 and
1228 626 73 23 Baths
1315 635 40 14 are
1366 626 41 23 the
1421 632 115 26 property
1548 628 26 22 of
1586 627 40 23 the
1640 627 85 28 Hotel,
1739 628 99 24 visitors

68 670 41 16 are
119 661 111 33 supplied
241 660 56 24 with
307 659 106 28 Towels,
426 659 48 24 and.
487 666 44 16 can
539 657 57 24 take
606 665 30 15 an
648 657 129 23 unlimited
790 658 104 23 number
907 657 25 23 of
945 657 74 24 Baths
1031 663 26 18 at
1069 667 46 23 any
1128 659 60 24 time
1201 659 25 24 of
1235 659 40 24 the
1289 659 47 31 day
1351 659 77 26 FREE
1441 659 64 24 from
1518 669 46 23 any
1572 660 89 32 charge
1673 661 131 24 whatever.

224 702 224 40 TARIFF
467 699 119 40 PER
600 699 142 46 DAY,
763 699 53 39 7s
835 700 66 46 8s;
950 699 121 39 PER
1085 701 193 46 WEEK,
1299 701 64 38 1
1413 701 78 40 15s
1509 703 49 38 to
1585 703 70 39 2
1675 704 66 38 2s.

370 758 33 32 |g
436 755 171 33 |Cottages
620 754 34 26 to
668 753 48 27 let
727 753 48 33 by
788 753 59 28 the
866 753 106 33 week,
984 755 131 33 month,
1130 762 40 20 or
1188 755 58 26 the
1265 762 132 21 season.

36 817 51 25 jror
104 818 46 24 any
163 809 158 24 information
333 806 113 34 required
459 805 83 32 please
554 804 72 32 apply
639 809 25 19 to
678 804 144 31 Proprietor.

596 846 60 44 A.
684 846 53 38 A.
766 846 203 46 SMITH,
1090 847 279 45 Proprietor.

1084 949 221 27 OFFICIAL
1341 952 284 27 TESTIMONY.

1039 1009 247 39 HirCHEW'S
1312 1012 151 37 BLOOD
1486 1013 249 39 RESTORER

1057 1065 40 9 oars
1105 1063 19 12 at
1132 1063 28 11 me
1169 1061 77 13 (Jotounil
1254 1060 92 16 Industrial
1353 1060 99 17 Exhibition
1463 1062 40 15 hold
1510 1063 17 16 in
1540 1063 107 20 Wellington,
1656 1063 34 15 and
1710 1068 12 9 n
1737 1062 27 15 the
1785 1061 53 16 officii,

976 1080 57 15 redort
1040 1079 92 15 submitted
1141 1083 16 10 to
1165 1081 28 13 tuo
1201 1079 114 16 Uovernment
1326 1081 27 14 tUo
1360 1081 89 19 following
1455 1083 86 15 reference
1548 1088 34 10 was
1589 1084 48 14 made
1645 1086 16 11 to
1669 1083 37 13 it.
1725 1079 3 21 -

978 1100 49 18 lenry
1034 1100 21 16 A.
1067 1098 24 16 H.
1099 1098 88 26 Hitohpns,
1190 1098 99 20 Auckland,
1297 1100 48 15 Bends
1350 1104 9 11 a
1367 1100 53 19 small,
1429 1102 31 15 but
1468 1102 78 15 valuable
1553 1103 70 18 exhibit,
1632 1102 92 19 consisting
1738 1102 17 15 of
1769 1106 10 10 a
1786 1105 41 15 vego-

938 1125 43 10 uiuio
989 1120 93 17 compound
1090 1119 44 14 from
1142 1119 42 14 JSow
1192 1119 73 14 Zealand
1273 1119 53 19 herbs,
1332 1121 27 13 for
1364 1121 29 14 the
1400 1125 39 11 cure
1447 1122 17 14 of
1478 1121 109 20 Indigestion,
1602 1121 122 19 Rheumatism,
1738 1121 100 15 Ilheumutie

937 1140 46 14 (jout
993 1140 33 13 and
1033 1138 99 20 Impurities
1140 1141 16 11 ot
1163 1138 28 14 the
1199 1138 60 15 Blood.
1280 1138 35 15 The
1320 1140 58 14 maker
1385 1143 33 13 ana
1426 1141 82 15 exhibitor
1523 1142 57 15 claims
1593 1142 28 15 for
1637 1142 33 14 this
1681 1141 81 15 medicine
1773 1140 65 16 several

937 1159 91 18 important
1035 1157 85 21 qualities,
1127 1158 34 14 ami
1169 1158 30 15 has
1205 1158 61 18 gained
1273 1158 28 14 the
1312 1159 36 15 iir.st
1356 1159 48 15 order
1411 1160 18 15 of
1439 1161 49 14 merit
1496 1161 44 15 from
1547 1162 29 14 the
1586 1162 66 18 judges.
1681 1161 35 15 The
1731 1165 54 15 prepai

937 1183 13 14 is
957 1180 30 13 not
995 1180 17 13 to
1021 1179 19 14 be
1047 1176 107 17 confounded
1162 1178 40 14 with
1209 1177 79 19 ordinary
1296 1178 54 19 quack
1357 1179 96 19 medicines,
1460 1180 89 16 inasmuch
1554 1186 19 10 as
1580 1181 13 15 it
1606 1182 14 14 is
1634 1181 27 15 the
1670 1180 71 19 product
1755 1180 17 14 of

937 1208 11 10 v
948 1208 9 11 e
958 1202 27 14 ar3
992 1198 17 14 of
1019 1199 53 17 study
1080 1199 33 13 and
1122 1197 118 18 investigation
1247 1199 20 17 by
1275 1202 21 10 an
1303 1199 73 14 eminent
1384 1199 84 19 physician
1477 1201 18 14 of
1500 1201 28 14 the
1536 1203 52 16 Army
1595 1200 73 15 Medical
1679 1201 47 17 Staff,
1734 1199 40 16 with
1782 1199 54 15 whom

938 1225 7 13 L
946 1216 4 23 l
952 1229 13 8 lu
973 1218 83 14 exhibitor
1063 1217 60 15 served
1130 1216 60 19 during
1200 1216 28 15 the
1240 1216 42 16 New
1288 1216 72 16 Zealand
1372 1223 35 10 war
1419 1223 18 10 as
1451 1220 80 14 assistant
1542 1220 88 19 Dispenser
1637 1221 18 14 to
1674 1220 28 14 the
1715 1219 42 15 Now
1765 1219 73 14 Zealand

938 1248 10 9 u
950 1247 9 10 a
961 1252 6 8 L
968 1236 1 24 ,
975 1243 23 10 os.
1019 1237 28 14 ilr
1054 1237 86 14 llitoiions
1147 1236 76 19 explains
1232 1236 37 15 that
1277 1237 26 14 the
1311 1242 47 9 cures
1366 1238 17 14 of
1391 1238 122 20 Kiioumutism,
1521 1241 32 16 etc,
1561 1240 69 14 effected
1638 1240 22 18 by
1675 1239 25 15 his
1710 1239 87 18 medicine,
1809 1243 28 10 are

974 1257 71 19 entirely
1052 1258 18 13 to
1077 1257 22 13 its
1107 1255 94 15 wonderful
1208 1257 48 14 effect
1263 1261 43 14 upon
1315 1257 27 14 the
1351 1258 48 14 blood
1413 1258 20 19 by
1448 1258 22 16 its
1477 1259 91 19 cleansing,
1576 1258 93 20 purifying,
1682 1260 33 14 and
1724 1257 113 20 invigorating

1014 1277 18 14 It
1041 1277 14 14 is
1063 1276 49 15 made
1120 1276 45 14 from
1172 1276 42 14 Aew
1222 1276 74 15 Zealand
1306 1277 48 14 herbs
1361 1277 34 15 and

1177 1335 223 26 NOTABLE
1436 1338 163 25 CURES.

940 1389 90 20 Mention
1039 1390 17 18 is
1066 1389 60 19 niado
1136 1389 21 19 of
1167 1389 35 19 the
1211 1389 106 25 following-
1324 1397 22 13 as
1357 1397 12 13 a
1378 1391 39 19 few
1425 1392 21 18 of
1453 1392 35 19 the
1498 1392 109 20 multitude
1617 1393 21 18 of
1647 1399 59 13 cures
1715 1393 123 19 effected:

185 1851 173 28 iD.C.L.BRANDj

403 1916 204 45 Proprietors:-

339 1965 72 54 m
432 1965 281 66 DISTILLERS
748 1966 51 62 0
828 1967 51 67 jp

339 2052 70 23 -*
461 2041 169 34 cMMM//,
651 2043 79 30 scon
731 2044 62 28 Am.

46 2124 471 36 WHULnSALFiAGLNTS,

340 2166 53 38 L.
421 2165 52 39 D.
503 2165 261 39 NATHAN
790 2166 115 40 &Co.

50 2248 262 47 fc^Jr'lC

622 2266 125 26 0.X2:

94 2377 191 45 Cutlery,
312 2374 257 44 Hardware,
594 2375 288 44 Brasswares,

186 2430 149 36 House
353 2429 274 45 Furnishing
627 2441 5 9 1
647 2429 143 37 Goods

329 2481 52 33 (in
393 2481 99 33 great
505 2481 146 33 variety)

47 2518 157 38 Nickle
230 2519 88 36 and
343 2520 96 34 E.P.
468 2521 164 44 Spoons
669 2520 86 34 and
789 2520 141 35 Forks

348 2567 94 38 E.P.
472 2567 156 35 Cruets

186 2618 88 35 Tea
299 2618 114 41 Pots,
439 2619 156 34 Butter
625 2618 157 35 Dishes

49 2670 102 37 Jam
171 2670 165 46 Spoons
590 2671 157 35 Butter
766 2670 165 36 Knives

308 2723 144 45 Sugar
502 2723 149 45 Tongs

228 2780 81 35 etc.
451 2780 78 37 etc.
674 2781 79 33 etc.

133 2928 38 50 0
195 2930 190 48 .&cCT.
420 2928 207 49 JDTC

261 2989 92 42 234,
388 2988 148 43 Queen
573 2990 151 41 Street.

240 3362 192 46 BET

167 3473 265 52 Rotorua
469 3476 116 49 and
619 3477 208 65 Taixpo,

323 3730 345 29 THURHNGK

56 3765 80 40 Smith
165 3765 48 39 and
231 3764 113 50 Carriage
367 3765 103 45 Works,
501 3765 80 39 Coach
607 3767 48 38 and
686 3766 109 50 Waggon
830 3767 104 49 Factory

258 3827 212 20 ESTABLISHED
486 3827 80 20 OVER
583 3828 25 20 10
625 3827 105 21 YEARS.

49 3877 7 17 ij
63 3874 43 18 jThe
114 3874 116 20 undersigned
239 3879 29 11 are
276 3874 138 16 manufacturers
421 3875 18 15 of
447 3875 23 15 all
479 3875 62 15 classes
549 3875 18 15 of
576 3875 80 17 Vehtoloa
665 3875 14 16 &
687 3875 120 21 Agricultural
817 3875 116 21 Implements,

71 3896 37 15 Our
117 3896 110 15 well-knowu
235 3896 99 20 reputation
342 3901 18 10 as
368 3895 84 16 Practical
467 3895 102 18 Meohanioa
584 3896 34 17 and
632 3896 58 17 W.P'a
702 3897 20 16 27
738 3902 50 15 years
800 3897 100 20 experience
917 3897 17 15 in

50 3918 30 16 the
87 3917 118 15 Australasian
214 3917 84 19 Colonies,
307 3917 63 20 justify
378 3922 20 10 us
406 3917 17 15 in
439 3917 83 21 claiming
535 3918 38 16 that
588 3923 25 10 wo
630 3923 31 10 can
675 3917 68 16 furnish
758 3923 11 10 a
784 3918 56 16 better
855 3918 43 16 class
917 3918 17 16 of

50 3938 79 19 Tehi.les,
138 3938 94 16 consistent
240 3937 42 16 with
288 3937 62 16 honest
359 3938 45 15 work
412 3941 19 12 at
439 3944 10 10 a
457 3939 75 19 cheaper
544 3942 35 13 rate
588 3938 41 17 than
639 3944 34 14 any
681 3939 17 15 of
707 3944 31 10 our
746 3939 116 20 competitors.

71 3959 37 17 The
115 3959 61 16 Public
184 3959 35 16 will
230 3959 35 15 find
275 3959 13 16 it
299 3961 17 14 to
330 3959 44 16 their
390 3959 98 20 advantage
504 3962 18 14 to
538 3960 148 16 ENCOURAGE
705 3960 79 16 LOCAL
804 3960 128 20 INDUSTRY,

56 3981 50 16 here
117 3981 41 19 they
169 3985 32 11 can
209 3980 44 16 have
259 3981 28 15 the
294 3981 78 19 pleasure
378 3981 19 15 of
405 3981 58 21 seeing
478 3981 92 17 first-olasa
586 3982 78 15 material
677 3987 21 10 au
700 3987 5 5 r
706 3980 4 23 l
727 3982 127 20 workmanship
868 3984 33 19 put
915 3983 18 15 in

56 4002 73 16 Vehicles
136 4001 49 16 made
193 4003 18 14 to
219 4002 45 15 their
270 4002 61 15 valued
339 4002 63 15 orders.

71 4023 46 17 N.B.
119 4022 100 16 Vehicles
226 4022 19 16 of
250 4022 25 19 all
282 4023 113 20 descriptions
405 4024 85 20 repaired,
501 4024 78 20 painted,
590 4023 94 17 renovated
692 4024 34 16 and
734 4024 50 17 made
801 4026 17 14 to
833 4024 40 16 look
889 4030 44 15 equa

53 4046 17 13 to
79 4049 44 10 new.

51 4090 201 31 WILLIAM
271 4091 181 33 PARKER,
474 4093 250 27 Ooachbuilder

402 4129 140 28 JAMES
561 4131 132 31 HAUA,
713 4131 218 28 Blacksmith

286 4161 150 18 DEVONPORT
449 4162 76 21 ROAD,
542 4163 105 19 TAURAfc
656 4164 39 17 GA-

959 1427 70 12 Sciatica
1031 1425 32 14 Li
1067 1426 30 17 apt
1121 1425 93 19 Farquhar,
1223 1430 13 10 s.
1246 1430 12 9 s.
1281 1425 100 16 'Clansman'

940 1444 88 16 Auckland
1034 1445 55 14 who.su
1096 1449 37 10 case
1140 1449 34 10 was
1180 1445 95 14 considered
1282 1446 18 14 to
1307 1445 18 14 be
1330 1447 41 18 hope-

940 1465 38 15 less.

959 1484 116 16 Bueumatism
1080 1483 18 16 of
1103 1484 28 14 the
1136 1483 106 20 FeetOapt
1262 1484 57 16 James
1324 1485 46 15 Avon-

940 1504 42 18 dale,
990 1503 92 17 Auckland
1096 1505 18 15 17
1122 1508 49 15 years
1178 1503 85 21 standing,

959 1524 101 14 Kheumatic
1068 1525 54 17 Gout,
1130 1529 17 9 so
1155 1524 33 14 bad
1196 1525 37 13 that
1241 1527 28 12 the
1275 1524 68 21 patient
1350 1524 33 16 had

940 1543 36 15 obe
983 1544 50 15 lifted
1040 1544 18 15 in
1066 1545 35 14 unit
1108 1546 31 12 out
1147 1543 17 15 of
1173 1543 30 16 bed
1204 1543 49 16 Mr
1263 1543 25 21 \'v.
1305 1546 76 18 .tinnier,

940 1562 74 18 Ormond
1021 1564 77 17 Fovorty
1108 1564 33 18 Buj

961 1585 106 14 iihciiuiatlc
1075 1583 66 16 ievet

941 1604 75 21 Height,
1032 1605 74 17 kelson.

963 1626 104 17 Kneumatio
1084 1628 54 19 Gout,
1155 1626 78 22 Dropsy,
1253 1629 60 20 Ague,
1329 1628 54 17 Liver

942 1650 104 19 Complaint,
1056 1651 35 13 and
1100 1650 84 15 Stomach
1201 1651 70 20 Cough,
1289 1653 46 13 most
1346 1652 27 14 dis-

943 1673 95 18 tressing
1040 1671 29 15 Mr
1088 1671 79 20 Wuugh,
1183 1671 85 23 Bombay,
1293 1672 89 20 Waikato;

941 1698 53 15 given
1002 1698 28 15 j),
1040 1698 23 10 no
1072 1693 44 21 hope
1126 1693 41 16 held
1176 1696 37 12 out.
1223 1696 134 16 recommended
1366 1699 17 13 CO

941 1720 23 14 go
973 1715 48 16 home
1030 1715 35 15 and
1077 1717 35 14 dm.

964 1736 131 16 iiiiiaminaiion
1111 1737 18 16 of
1145 1739 29 14 tho
1188 1737 54 17 Liver
1262 1739 34 16 and
1314 1739 70 16 Gastric

941 1759 51 15 Juice
998 1760 17 14 of
1025 1760 28 14 the
1065 1759 137 17 Stomach.Mr
1216 1762 78 15 Ihomas
1310 1761 72 21 Macky,

942 1779 98 21 Merchant,
1049 1781 103 17 Auckland.

963 1803 61 19 Lupus
1031 1802 18 16 of
1055 1806 29 12 the
1090 1802 98 17 FaceMr
1194 1804 85 22 Dickson,
1289 1806 95 16 Auckland

964 1825 106 15 itheuinutio
1079 1826 101 14 GjutMr
1199 1827 103 22 iSlaoluuau,
1318 1828 55 16 'Even-

943 1853 29 15 ing
982 1846 45 15 Star'
1037 1846 54 20 oilioo,
1105 1848 104 17 Auckland.

964 1869 123 16 Rheumatism
1096 1871 18 15 of
1131 1872 20 14 23
1171 1872 57 21 years'
1246 1872 139 21 standingMr

946 1891 75 16 William
1030 1891 85 22 McEvoy,
1126 1893 38 15 I'ilt
1173 1894 80 23 Terrace,
1261 1895 101 16 Auckland.

1054 1915 35 14 and
1098 1915 45 15 Lum
1158 1915 85 21 agoMl'
1251 1916 23 17 N.
1282 1917 101 19 McMillan,

944 1934 68 16 Vulcan
1020 1936 55 19 Lane,
1085 1936 101 17 AucKlimd.

966 1957 153 20 LumbagoMrs
1129 1959 52 21 Mary
1190 1960 61 21 Knox,
1261 1960 74 21 Rokelry
1350 1961 33 15 St..

945 1979 99 16 Auckland.

966 2000 95 16 Sciatica
1063 2000 37 17 Mrs
1107 2002 19 16 J.
1135 2002 93 22 Romviok,
1243 2004 60 17 Drake
1319 2004 65 19 Street,

946 2023 98 15 Auculauu.

966 2044 121 17 Rheumatism
1096 2045 18 15 of
1123 2046 20 15 20
1151 2047 57 19 years'
1226 2049 84 19 standing
1328 2047 57 16 which

947 2065 76 20 brought
1030 2072 21 9 on
1058 2068 76 14 Asthma
1142 2068 35 15 and
1183 2068 124 23 DropsyMr
1314 2069 73 17 Samuel

946 2086 54 18 Field,
1011 2087 46 16 Lorn
1067 2091 58 13 SUeet
1131 2091 101 16 Auckland.

967 2108 205 19 .RheumatismMrH.
1181 2112 65 22 Lewis,
1258 2114 61 17 Queen
1328 2113 59 16 Street

947 2129 97 19 Auckland.

967 2152 75 15 Sciatica
1050 2154 35 14 and
1093 2153 146 23 LumbagoMr
1248 2157 51 17 Chaa,
1310 2158 63 20 Honey-

948 2178 65 16 conice,
1023 2174 100 20 Auckland.

975 2195 104 19 Kheumatic
1097 2197 99 18 GoutMr
1211 2200 63 21 Elliot,
1293 2201 92 20 McGuire,

948 2220 106 20 Contractor,
1065 2220 101 17 Auckland.

969 2239 73 19 Chronic
1061 2240 176 19 RheumatismMr
1256 2244 71 17 Bonald
1348 2244 38 17 Mc-

948 2263 73 19 Donald,
1030 2263 90 16 Kolleoiuu
1133 2264 63 21 Street,
1209 2266 81 16 Thames.

969 2284 114 21 Indigestion,
1097 2285 76 17 General
1187 2287 88 21 Debility,
1291 2289 34 16 and
1341 2288 46 16 Con-

948 2320 65 20 Tkeso
1021 2326 58 13 cures
1089 2326 34 14 are
1130 2321 28 19 all
1168 2321 86 20 attested
1265 2322 27 25 by
1301 2322 96 18 testiixioi)

1185 2347 107 21 hundreds
1303 2348 21 19 of
1334 2348 63 19 other.'

1401 1434 47 14 slant
1454 1433 107 21 Dysentery,
1571 1434 62 16 caused
1645 1434 27 20 by
1681 1434 83 20 working
1772 1434 18 15 in
1811 1434 9 15 b-

1402 1455 25 14 uir
1435 1455 35 15 and
1477 1459 32 11 wet
1517 1456 56 15 mines
1582 1459 18 12 at
1606 1456 28 15 the
1640 1455 124 17 ThamesD.
1780 1456 45 16 Elk.i

1422 1475 176 18 RheumatismMr
1606 1477 61 16 James
1675 1477 56 20 Pook,
1740 1477 83 16 Aucklan

1423 1497 99 17 Cancerous
1548 1498 53 16 Ulcer
1620 1498 19 17 in
1658 1498 98 17 FaceMr
1771 1498 30 18 W.
1822 1498 13 16 C

1402 1518 78 21 Walker,
1491 1520 99 16 Auckland.

1422 1540 105 17 Rkeuuiauo
1547 1541 96 17 UoutMr
1662 1541 85 17 Edwards
1759 1541 76 18 "Waters'

1402 1561 126 22 Conftctioner,
1545 1564 94 19 Auckland;
1648 1563 30 17 Mr
1684 1564 99 16 Alexander
1794 1563 32 16 Bar-

1401 1587 39 15 rett,
1451 1584 60 18 tiueeu
1528 1585 60 20 Street,
1605 1585 91 16 Auckland
1707 1584 3 21 ;
1727 1585 28 16 Mr
1774 1585 21 17 E.
1813 1585 23 17 D.

1402 1606 91 19 Halstoad,
1503 1606 106 22 Veterinary
1618 1610 84 18 amgeon,
1716 1607 99 17 Auckland,

1413 1628 120 16 liheumntism
1541 1630 18 14 in
1566 1629 28 15 the
1601 1628 59 16 Knees
1666 1632 34 12 and
1705 1628 48 21 Feet,
1762 1628 76 22 brought

1402 1655 21 10 on
1432 1650 22 20 by
1464 1649 79 23 working
1552 1651 18 15 in
1580 1654 54 13 water
1635 1650 50 17 Mr
1698 1651 85 17 Mutthew
1800 1652 39 15 .box

1402 1672 80 16 Thames.

1423 1693 129 20 Rheumatism,
1563 1695 75 19 causing
1648 1695 68 15 intense
1724 1694 49 21 pain,
1782 1693 56 19 which

1402 1717 94 19 prevented
1505 1717 29 14 thi
1543 1719 66 17 patient
1618 1720 44 13 trom
1673 1718 50 19 tieing
1731 1722 39 11 ever
1776 1717 62 16 turned

1402 1742 18 10 m
1430 1737 32 15 bed
1486 1738 29 15 Mr
1522 1738 59 16 David
1590 1738 61 21 .Barry,
1661 1738 82 17 Nevvton.

1424 1759 75 16 Chronic
1507 1760 116 21 Dysentery
1630 1762 28 14 Mr
1667 1762 22 16 A,
1698 1760 82 22 Bettany,
1792 1760 33 16 Pon-

1403 1780 53 21 souby
1465 1781 57 19 Road,
1539 1783 96 16 Auckland.

1425 1802 76 16 Chrome
1517 1803 122 17 Khcuujatism
1658 1805 18 15 in
1696 1804 29 18 the
1734 1806 54 20 spine,
1801 1806 37 21 hip,

1403 1825 49 19 knee,
1460 1824 61 20 joints,
1535 1826 34 14 oulf
1578 1826 18 15 o:f
1606 1829 28 13 tue
1648 1827 34 20 log,
1705 1827 32 15 and
1760 1828 79 16 toesX.

1403 1845 80 21 Morgan,
1495 1847 62 15 Mount
1565 1849 49 14 Eden
1623 1849 55 20 Koad,
1689 1849 96 18 Auckland.

1403 1868 106 16 Rheumatic
1518 1870 53 19 Gout,
1582 1870 57 18 which
1648 1871 80 16 confined
1736 1872 29 16 the
1771 1874 70 20 patient

1404 1892 17 13 to
1429 1889 28 16 his
1467 1890 31 15 bed
1505 1891 28 16 for
1545 1893 106 17 weeksMr
1659 1893 21 17 T.
1689 1895 19 16 J.
1725 1895 114 21 Baiubridge,

1404 1910 97 22 Ponsonby,
1512 1914 97 17 AucklaEd.

1432 1933 74 17 Ceneral
1525 1935 79 22 Debility
1616 1938 33 15 and
1670 1937 118 22 Indigestion,
1806 1938 35 16 and

1404 1954 82 21 inability
1496 1959 16 13 to
1522 1958 42 20 keep
1571 1959 85 21 anything
1671 1965 21 10 on
1702 1961 29 15 the
1739 1961 101 15 stomach-

1404 1977 28 15 Mr
1441 1976 66 18 Cerald
1515 1978 61 22 Grase,
1587 1980 113 22 KyberPass,
1707 1982 100 17 Auckland.

1438 1998 126 18 SciaticaMr
1579 2002 46 16 John
1641 2002 50 21 Ross,
1708 2003 53 16 Duke
1776 2004 65 16 Street.

1405 2020 100 18 Auckland,

1425 2042 97 21 Discharge
1527 2045 18 15 of
1554 2045 54 17 Blood
1618 2048 44 14 from
1669 2047 30 16 tlio
1705 2046 137 22 BowelsCapt

1404 2064 21 16 'J'.
1434 2065 93 20 Aldndge.

1426 2086 53 16 Great
1486 2087 79 22 Debility
1573 2090 33 15 and
1612 2089 88 21 Bleeding
1708 2092 19 14 at
1735 2091 30 16 the
1773 2090 70 17 Nose-

1404 2107 29 16 Mr
1441 2108 74 16 Tnomas
1523 2110 82 21 Pellican,
1621 2112 101 21 Ponsonby.

1426 2128 97 22 Neuralgia
1531 2133 35 15 and
1573 2133 81 16 Nervous
1663 2133 142 21 DebilityMrs
1816 2133 26 17 H.

1407 2150 62 20 Waite,
1479 2152 100 18 Auckland.

1427 2173 51 15 Alter
1486 2173 59 18 effects
1559 2176 17 16 of
1583 2176 106 17 Rheumatic
1708 2177 61 19 Fever,
1787 2176 56 16 which

1406 2195 31 15 left
1446 2194 29 16 the
1482 2196 70 19 patient
1559 2199 129 20 helplessMr
1696 2199 49 16 John
1754 2199 25 16 H.
1789 2198 55 17 Jones

1407 2216 99 18 Auckland.

1427 2237 72 23 Kidney
1507 2241 73 17 Disease
1590 2243 33 15 and
1630 2242 93 21 Lumbago
1736 2243 19 16 of
1764 2243 20 15 20
1792 2247 52 16 years

1469 2260 88 19 inMr
1566 2264 80 16 ""'illiam
1653 2265 25 15 Tr
1681 2260 3 20 ;
1733 2264 63 16 P>lar
1812 2263 31 16 Fm

1407 2289 41 11 near
1456 2283 30 16 Ho
1489 2285 49 17 wick.

1394 2321 49 24 lials,
1453 2321 66 21 which,
1528 2323 35 19 the
1578 2323 153 20 manufacturer
1739 2323 44 26 has,
1794 2322 50 21 with

1394 2354 14 19 s,
1418 2349 21 18 in
1445 2349 31 19 his
1486 2350 121 24 possession.

1035 2424 40 17 Sold
1086 2424 22 22 by
1121 2425 24 15 all
1150 2425 106 20 respectable
1267 2425 87 17 Chemists
1361 2425 34 16 and
1407 2425 126 22 Storekeepers,
1545 2426 33 16 and
1589 2427 23 21 by
1625 2427 28 16 the
1662 2427 105 21 proprietor,

1054 2466 28 19 H.
1094 2465 25 19 A.
1130 2465 28 20 11.
1170 2465 152 26 KITCHENS,
1335 2468 24 17 50
1383 2467 125 19 Shohtland
1520 2468 84 23 Stueet,
1615 2467 122 21 Auckland,

976 2577 70 19 Under
1061 2577 35 19 tho
1113 2577 151 26 distinguished
1281 2578 116 26 Patronage
1414 2579 20 19 of
1449 2579 32 19 his
1491 2578 120 26 Excellency
1622 2578 34 20 the
1667 2578 104 21 Governor
1785 2578 35 20 the

1308 2605 49 19 Earl
1373 2606 22 18 of
1405 2605 86 20 Onslow.

1188 2761 92 29 T?
1335 2761 149 30 MRO
1503 2761 110 29 HK.

1019 2821 54 24 The
1086 2820 58 25 best
1169 2821 128 29 Situated,
1319 2821 46 24 the
1378 2822 68 23 most
1459 2820 183 31 Comfortable,
1658 2822 45 24 the
1716 2822 58 24 best

1187 2855 139 31 appointed
1340 2855 79 23 Hotel
1428 2854 28 24 in
1469 2856 34 23 Te
1521 2856 96 25 Arolia.

987 2892 109 31 Adjoins
1122 2891 75 34 (with.
1220 2892 104 25 Private
1350 2892 142 33 Entrance)
1517 2893 46 25 the
1594 2894 122 24 Thermal
1738 2893 109 32 Springs

954 2925 120 33 Domain,
1086 2926 95 24 Tenuis
1195 2925 82 25 Court
1286 2926 29 23 in
1326 2926 120 24 Domain.

1140 3003 94 24 Terms
1236 3005 62 21 6s
1315 3011 46 23 per
1381 3003 57 31 day,
1458 3004 45 23 30s
1521 3010 45 25 per
1579 3003 79 31 week,

957 3069 45 40 W.
1030 3069 41 40 &
1100 3070 162 48 MOCK,,

981 3155 40 20 The
1039 3155 61 20 hatha
1119 3156 40 19 and
1178 3156 97 23 drinking
1295 3157 64 17 wafer
1378 3160 34 13 are
1428 3155 109 25 especially
1556 3156 114 19 enicacious
1690 3156 21 19 in
1735 3156 56 20 Gout
1807 3156 39 19 .-ind

954 3180 122 21 Rheumatic
1087 3182 114 23 affections,
1211 3182 90 20 Chronic
1308 3180 122 27 Dyspepsia,
1443 3182 107 19 JJiorders
1570 3183 21 18 of
1601 3183 34 19 the
1646 3182 90 26 Urinery
1759 3183 88 25 Organs,

954 3208 104 20 Cutanous
1068 3209 101 24 Diseases,
1184 3209 81 25 Splenic
1275 3209 41 19 and
1331 3208 89 25 Mepahe
1434 3207 116 26 Disorders,
1568 3209 94 20 Diseases
1677 3210 38 19 due
1732 3212 22 16 to
1770 3210 76 19 Exeess

955 3235 87 22 Acidity.
1052 3234 119 23 Neuralgia,
1182 3236 94 19 Sciatica.

1060 3302 74 20 Duhlic
1148 3302 50 19 Hall
1209 3302 39 19 and
1259 3302 79 25 Sample
1348 3302 78 20 Rooms
1444 3303 110 19 connected
1570 3303 44 19 ;vith
1625 3303 33 19 the
1669 3303 70 23 Hotel,

953 3359 36 33 A
990 3359 76 17 vy^

1121 3358 120 14 !<S'>VAI,I,Y
1259 3358 2 14 i

1130 3377 51 19 TER,
1192 3377 66 15 FREE.

972 3416 37 15 HE.
1026 3415 56 16 XEIL
1093 3416 29 15 has
1140 3416 74 20 pleasure
1229 3416 17 15 iu
1262 3415 90 21 informing
1366 3416 25 15 his

952 3438 72 17 patrons
1032 3436 33 15 and
1073 3436 29 15 the
1110 3436 56 19 public
1174 3436 36 16 that
1221 3436 20 15 lie
1248 3436 29 14 has
1288 3438 66 13 secured
1362 3438 28 14 the

952 3455 69 16 services
1029 3460 17 10 oi
1057 3460 10 10 a
1073 3456 95 18 competent
1173 3460 80 15 manager
1263 3455 26 16 for
1300 3456 24 14 his

954 3475 39 15 land
1010 3474 81 20 business,
1108 3476 56 14 whose
1181 3475 70 15 medical
1268 3475 73 18 training
1357 3475 33 15 and

952 3495 73 18 hospital
1039 3495 96 18 experience
1147 3495 67 14 enables
1231 3495 21 14 hi]

952 3514 36 15 best
995 3514 58 15 advice
1060 3516 27 12 tor
1095 3514 27 14 the
1133 3514 90 15 treatment
1229 3514 18 14 of

973 3539 64 17 BALM
1054 3539 30 16 OP
1102 3539 148 17 GILEAD.The
1265 3541 73 18 greatest
1348 3540 42 15 Cold

952 3564 48 11 curer
1016 3559 18 15 of
1045 3559 28 14 the
1084 3563 40 15 age;
1187 3559 47 11 mirm-l
1253 3561 44 9 ci.i.u
1315 3561 16 9 r.f
1347 3561 41 9 i.v.i,,

952 3584 49 10 seven
1008 3580 17 14 to
1032 3580 29 14 ten
1072 3583 49 15 years
1132 3580 13 13 si

954 3599 56 15 bottle.

972 3618 63 16 LUNG
1049 3617 92 17 BALSAM
1143 3618 59 14 Will
1214 3622 38 11 cure
1270 3618 118 19 Consumption

952 3638 17 15 in
976 3639 22 14 its
1006 3638 44 19 early
1058 3642 19 10 or
1087 3638 61 14 middle
1159 3639 61 17 stages.
1241 3638 46 15 .Miss
1298 3638 89 19 KustJELL,

955 3658 73 14 W'oodeu
1045 3657 51 18 Mills,
1114 3657 99 19 Onehunga,
1232 3659 63 17 speaks:
1355 3662 33 9 was

952 3681 50 15 gsven
1010 3680 22 15 up
1041 3677 19 18 by
1068 3678 33 14 two
1114 3677 66 14 doctors
1194 3676 55 16 defore
1263 3678 9 14 1
1283 3678 104 14 commenced

953 3697 58 17 taking
1024 3700 43 14 your
1080 3696 49 18 Lung
1148 3695 73 19 Balsam,
1240 3697 33 14 and
1296 3698 9 13 1
1322 3697 66 15 declare

953 3716 71 14 without
1034 3720 31 14 any
1077 3716 120 18 exaggeration
1209 3716 37 16 that
1263 3716 14 14 it
1293 3717 50 14 saved
1360 3713 31 22 my'

953 3735 34 15 life.
1008 3735 37 19 Any
1066 3735 69 16 sufferer
1146 3735 59 15 should
1215 3735 119 16 communicate
1347 3736 41 14 with

1018 3754 48 16 Price
1073 3754 18 16 2a
1098 3754 21 16 Cd
1124 3759 30 14 per
1159 3754 59 19 bottle;
1236 3756 32 14 live
1278 3756 26 14 for
1314 3755 33 15 IDs.

976 3774 103 15 CASCAKA
1097 3773 153 17 BIXTEKSThe
1261 3775 39 18 only
1311 3775 36 15 real
1357 3779 34 11 cuv

952 3793 26 16 for
994 3794 104 19 costivcness,
1116 3794 110 18 Indigestion,
1242 3794 91 15 Headache
1354 3789 36 20 anc'l

954 3813 98 18 Flatulence,
1063 3813 68 19 making
1147 3819 9 8 a
1173 3813 87 16 miserable
1277 3814 29 14 life
1324 3813 64 20 happy:

952 3833 36 15 well
999 3834 58 14 named
1070 3834 19 18 by
1101 3833 46 15 those
1158 3833 36 16 who
1205 3833 43 15 have
1260 3833 38 15 used
1310 3834 13 14 it
1362 3836 27 12 n.K

952 3852 108 16 Sotpeeke's
1183 3852 47 16 Price
1235 3852 20 16 2s
1261 3853 21 14 6d
1288 3857 31 15 per
1324 3852 64 17 bottle-)'

971 3878 65 15 Ladies
1065 3878 130 15 Complexions
1224 3877 87 16 beautified
1338 3879 50 14 niaoie

952 3898 50 17 clean,
1010 3898 69 18 pimples
1090 3897 33 14 and
1134 3897 74 15 blotches
1218 3898 76 14 removed
1306 3898 20 18 by
1338 3902 29 10 usu
1373 3901 15 13 ig

951 3922 30 10 our
992 3917 68 15 LlV'Eit
1070 3916 76 19 TONIC,
1157 3916 54 16 which
1223 3917 12 15 is
1247 3917 33 9 '"
1375 3920 10 6 "'

951 3937 88 14 successful
1044 3941 40 11 cure
1093 3935 25 16 for
1123 3936 103 16 Biliousness
1237 3942 6 9 u

951 3956 17 16 of
976 3956 28 15 the
1011 3957 47 14 liver.
1080 3956 48 15 Price
1134 3956 17 15 2s
1157 3956 21 15 (id
1184 3961 30 14 pur
1220 3956 28 16 bo.
1250 3961 27 14 tie;
1284 3961 32 11 nvo
1323 3961 27 9 ior
1357 3961 31 9 iua

970 3981 62 17 IRISH
1050 3980 57 16 MOSS
1125 3980 49 15 AND
1195 3981 46 15 COD
1258 3980 70 16 LIVER
1345 3980 42 15 OIL

951 4001 114 16 EMULSION
1068 4000 55 15 The
1131 4001 36 14 best
1173 4001 32 14 and
1211 4000 81 19 Cheapest
1298 3999 89 17 Emulslion

950 4022 16 14 in
973 4020 28 16 the
1010 4020 71 18 market;
1089 4026 10 8 a
1112 4020 62 18 special
1187 4025 40 9 cure
1239 4020 27 15 for
1273 4020 70 18 wasting
1350 4019 37 15 lUid

949 4041 78 18 debility.
1049 4040 49 15 Price
1105 4040 18 13 2s
1133 4044 31 14 per
1176 4040 59 14 bottle.

970 4060 32 15 DR
1011 4059 82 19 NEIL'S,
1113 4058 157 20 Weilesloy-streqt
1281 4059 42 15 East
1348 4058 38 19 ,'(tw

949 4080 49 14 doors
1006 4080 52 14 above
1067 4079 52 14 Milne
1128 4078 142 19 andChoydo's,is
1278 4078 28 17 fcho
1312 4078 73 18 chestpoa

948 4099 51 15 house
1004 4100 17 14 to
1027 4099 32 20 buy
1062 4098 64 16 Patent

948 4118 54 17 Toilet
1021 4119 94 18 Requisites
1136 4119 33 13 and
1189 4117 92 19 Hruggists
1301 4116 49 17 Suuol

947 4139 55 16 Herbs
1009 4137 32 17 aud
1048 4137 63 16 Herbal
1120 4137 124 17 Preparations.

1083 4156 85 18 ADVICE
1184 4156 59 17 FRED
1336 4152 3 22 '

1435 3370 99 20 Florence
1562 3369 38 20 has
1622 3370 81 19 beco:m<-
1736 3370 109 25 extremely

1409 3396 57 25 pious
1477 3395 56 21 fc'inco
1543 3395 34 19 the
1587 3396 40 19 late
1637 3396 125 25 earthquake
1772 3397 73 19 caused

1409 3423 49 18 such
1468 3424 66 18 terror
1553 3422 39 19 and
1610 3422 86 26 damage
1710 3423 22 18 in
1750 3423 34 18 the
1799 3423 46 24 city.

1409 3447 66 26 Every
1485 3450 63 18 street
1556 3454 44 13 now
1613 3449 89 24 displays
1712 3455 37 12 one
1760 3455 21 12 or
1790 3456 56 12 more

1409 3474 80 19 shrines
1521 3474 117 25 containing
1665 3475 75 24 figures
1763 3475 21 18 of
1811 3475 35 19 the

1408 3499 76 26 Virgin
1506 3500 42 18 and
1579 3501 68 21 saints,
1681 3501 48 19 with
1750 3507 52 13 rows
1825 3501 21 19 of

1409 3525 82 19 candles
1510 3525 40 19 and
1564 3525 64 26 lamps
1647 3526 91 25 burning
1752 3527 20 18 in
1781 3527 63 18 front.

1409 3550 102 21 Gaiflands
1534 3552 21 18 of
1576 3552 76 19 flowers
1685 3553 40 18 and
1748 3559 98 18 greenery

1407 3577 59 25 hang
1488 3577 66 19 round
1574 3578 35 18 the
1627 3578 84 23 slirines,
1728 3579 39 18 and
1782 3585 53 12 sorne-

1407 3603 61 20 tir-.es
1478 3603 61 19 reach
1548 3603 56 25 right
1614 3610 66 13 across
1689 3605 35 18 the
1734 3606 67 17 street.

1438 3650 25 18 In
1483 3650 35 19 the
1538 3650 70 21 House
1628 3651 21 19 of
1671 3652 114 23 Commons,
1810 3651 35 19 Mr

1412 3675 98 26 Goschen,
1518 3677 57 19 First
1583 3678 55 18 Lord
1645 3677 22 19 of
1677 3678 34 19 the
1720 3678 124 23 Admiralty,

1413 3701 18 20 in
1451 3703 101 25 referring
1566 3706 21 16 to
1607 3703 33 19 the
1654 3704 148 19 court-martial
1820 3711 24 12 on

1413 3728 58 19 hoard
1484 3728 76 21 R.M.s.
1571 3727 139 28 Ribgarooma,
1726 3730 19 18 in
1757 3730 88 25 Sydney,

1412 3761 53 13 some
1476 3755 48 19 time
1534 3762 43 19 ago,
1593 3756 41 18 said
1646 3757 44 18 that
1701 3757 35 19 the
1745 3757 67 18 action
1824 3757 21 18 of

1412 3781 89 24 Surgeon
1513 3783 42 17 Lea
1566 3788 38 12 was
1620 3783 97 24 regarded
1734 3790 21 12 as
1766 3790 10 11 a
1788 3789 57 17 gross

1412 3808 32 18 act
1454 3807 22 18 of
1486 3807 176 21 insubordination
1675 3809 37 18 and
1724 3810 106 23 contempt
1842 3807 3 26 ;

1411 3833 38 18 and
1460 3833 81 19 further
1550 3835 65 17 stated
1627 3835 45 18 that
1683 3835 35 19 the
1731 3835 114 23 Admiralty

1411 3859 108 19 confirmed
1531 3859 33 20 the
1575 3862 96 18 sentence
1686 3861 71 24 passed
1776 3861 24 24 by
1813 3860 32 18 the

1411 3885 69 19 Court.
1510 3886 36 18 Mr
1557 3886 93 20 Goecheu
1672 3887 64 19 added
1749 3887 46 18 that
1812 3886 34 19 the

1411 3911 184 24 Judge-Advocate
1605 3913 21 18 of
1637 3913 35 19 the
1686 3913 57 19 Fleet
1753 3912 92 25 justified

1411 3936 35 21 the
1468 3938 165 20 court-martial's
1646 3939 97 25 rejection
1764 3937 22 20 of
1806 3938 29 19 evi-

1412 3964 60 18 dence
1481 3970 22 13 as
1511 3965 22 18 to
1543 3965 85 24 Captain
1637 3965 122 19 Johnston's
1769 3964 76 19 health.

1435 4004 65 19 When
1523 4005 34 18 the
1571 4004 50 20 back
1644 4005 17 18 is
1686 4004 95 25 sprained
1804 4004 21 19 th

1406 4030 78 26 patient
1494 4033 54 16 must
1561 4030 27 19 lio
1604 4037 22 12 as
1648 4031 57 24 quiet
1714 4037 22 12 as
1747 4030 88 25 possible

1406 4056 51 19 until
1473 4057 26 18 all
1512 4056 45 24 pain
1574 4057 34 19 has
1627 4058 77 22 ceased,
1726 4056 47 19 then
1785 4063 43 12 som
1836 4055 10 11 R

1416 4082 117 24 tiinulating
1544 4083 93 19 linimont
1653 4089 43 19 may
1708 4083 25 19 bo
1744 4082 54 20 used.

1432 4125 28 18 To
1471 4127 35 23 got
1517 4124 29 19 rid
1557 4129 22 14 ot
1589 4125 43 19 soft
1646 4131 60 14 corns
1716 4124 65 26 apply
1792 4124 53 20 wool

1406 4150 75 21 soaked
1492 4150 20 21 in
1521 4152 66 19 castor
1599 4150 32 21 oil.

2327 3885 36 16 The
2375 3885 79 15 Customs
2462 3885 67 14 returns
2540 3888 50 12 prove
2599 3883 65 17 beyond
2674 3884 50 15 eontr-

2309 3904 62 16 ilietion
2380 3904 39 16 that
2431 3904 68 17 Nelson,
2508 3903 56 15 Moate
2576 3902 34 16 and
2621 3901 38 17 Ob's
2668 3903 31 15 fino
2707 3904 30 14 ton.

2309 3928 26 11 are
2350 3924 49 18 being
2414 3922 107 20 appreciated
2535 3921 22 21 by
2568 3922 28 16 tho
2604 3927 9 10 d
2621 3921 18 20 aj
2648 3922 47 18 irity.
2710 3923 27 14 for

2309 3944 16 15 in
2333 3943 41 19 spite
2387 3942 17 17 of
2417 3942 29 16 the
2452 3946 88 12 numerous
2554 3942 45 15 firms
2616 3946 11 12 n
2641 3946 51 14 every
2698 3942 39 19 pari;

2309 3963 48 15 rathe
2370 3962 78 16 Colonies
2455 3961 38 16 that
2507 3967 28 10 are
2552 3961 53 19 copyii
2613 3965 12 16 g
2645 3960 49 19 them,
2710 3961 27 15 the

2309 3987 9 10 o
2330 3987 51 9 nover
2395 3982 13 14 is
2416 3987 19 10 as
2443 3982 46 18 largo
2502 3986 18 10 as
2528 3985 43 14 over,
2586 3986 32 9 aim
2630 3980 27 14 tho
2667 3980 70 14 demand

2309 4007 10 8 n
2328 4003 48 17 great
2387 4001 39 16 that
2440 4001 40 18 they
2495 4000 29 15 sell
2535 4004 45 11 more
2591 4000 66 18 Indian,
2672 4000 56 18 Ceyon

2309 4025 11 11 a
2340 4020 69 16 blendod
2429 4021 36 14 teas
2483 4020 41 14 than
2541 4019 28 14 the
2590 4019 52 14 whole
2658 4019 17 14 of
2697 4019 29 15 the

2309 4040 62 19 mports
2389 4040 33 15 ami
2437 4040 64 14 dealers
2523 4038 31 19 put
2578 4038 77 19 together
2669 4037 16 15 in
2703 4038 32 15 last

2309 4059 67 18 quarter
2383 4059 17 14 of
2407 4059 29 15 tho
2447 4059 68 15 Colony.

2348 4086 62 14 IfouoTi
2418 4090 22 10 on
2535 4083 50 17 Clear
2592 4085 29 14 out
2635 4085 39 17 rats,
2695 4085 42 15 mice

2309 4104 71 20 roaohes,
2394 4105 38 18 llics,
2446 4105 41 17 ants,
2503 4103 88 19 bed-bugs,
2605 4104 64 17 insects,
2681 4104 17 14 sk
2707 4104 30 16 mk

2309 4123 116 18 dooolc-rahits,
2442 4127 84 17 sparrows,
2539 4122 75 20 gophers.
2637 4122 100 18 Atohemista

2309 4143 32 19 and.
2347 4143 92 21 druggists,

2784 3500 65 22 Three
2858 3505 69 19 tenths
2939 3505 21 19 of
2976 3505 35 19 the
3030 3506 95 25 earnings
3139 3506 22 20 of
3177 3512 10 14 a

2759 3527 83 26 Belgian
2850 3532 79 18 convict
2939 3538 34 12 ar9
2987 3532 59 25 given
3066 3534 22 18 to
3105 3533 41 19 him
3164 3540 22 12 on

2758 3553 34 20 the
2800 3556 111 25 expiration
2922 3557 21 19 of
2951 3557 29 20 his
2990 3560 51 18 term
3051 3559 22 19 of
3084 3559 91 24 imprison-

2758 3583 61 17 ment.
2848 3582 58 20 Some
2917 3584 21 18 of
2950 3583 52 20 them
3012 3585 49 19 thus
3073 3592 45 13 save
3136 3592 51 13 more

2759 3613 70 15 money
2840 3608 20 20 in
2871 3609 44 24 gaol
2931 3609 47 21 than
2998 3611 47 22 they
3064 3618 46 13 ever
3130 3611 57 21 saved

2758 3633 75 21 before.

2821 3669 46 20 ow's
2877 3670 35 20 the
2922 3672 31 18 old
2964 3679 73 12 woman
3048 3672 62 26 going
3130 3680 25 13 on

2835 3696 28 19 all
2887 3697 61 23 right,
2974 3698 115 21 thank'ee."
3120 3700 66 19 "Let's

2757 3727 38 18 see,
2812 3728 39 17 you
2868 3723 38 19 had
2931 3724 71 20 twelve
3030 3725 73 25 before,
3124 3726 63 20 didn't

2960 3750 128 21 "Xhirteen's
3107 3759 25 13 an
3151 3759 24 13 un-

2757 3773 60 26 lucky
2828 3777 83 19 number
2929 3776 19 25 y'
3152 3779 35 19 but

2757 3799 34 19 the
2800 3801 70 20 missus
2881 3803 16 18 is
2918 3809 11 13 a
2946 3803 30 19 bit
2994 3805 151 24 superstitious,
3168 3811 19 13 eo

2757 3826 33 20 it's
2800 3827 59 19 twins

2785 3885 124 23 Stibsiiibera
2925 3888 40 19 will
2981 3889 64 25 please
3060 3890 58 19 leave
3136 3894 50 15 Wufd

2757 3913 22 17 at
2789 3911 35 21 the
2834 3910 62 29 3iSce,
2911 3915 68 19 should
2993 3916 48 25 they
3060 3919 36 16 not
3115 3923 71 12 receive

2756 3937 51 21 their
2813 3946 63 19 paper
2887 3942 103 25 regularly,
3001 3942 38 19 and
3050 3942 33 20 the
3093 3943 93 20 emission

2758 3964 73 23 will,be
2843 3967 132 22 immediately
2989 3969 92 19 rectified.

2781 3996 90 28 Visiting
2872 3996 1 31 -
2883 4000 63 19 Cards
2956 4000 58 24 equal
3024 4002 21 17 to
3057 4001 129 26 copperplate

2756 4021 50 20 done
2815 4026 20 17 at
2846 4024 34 20 tlic
2890 4026 54 19 oifice
2954 4027 21 18 of
2986 4026 41 19 this
3038 4033 69 19 paper.
