2520 4020
606 496 221 37 PUBLISHED
873 498 132 37 EVERY
1048 500 258 38 WEDNESDAY
1348 502 88 36 AND
1482 503 227 39 SATURDAY
1754 507 204 39 MORNING.

662 611 111 31 PORT
794 613 257 39 NICHOLSON,
1074 614 265 33 WEDNESDAY
1360 618 211 38 MORNING,
1595 622 94 30 MAY
1712 626 38 27 31
1755 646 9 12 3
1791 626 88 29 1843.

88 604 5 8 '
118 609 65 31 No.
205 607 87 41 250.]

1266 55 98 32 THE

86 101 457 132 NEW
647 106 882 137 ZEALAND
1630 116 851 140 GAZETTE

1259 272 101 32 AND

2270 630 92 41 [Vol.
2386 634 50 31 IV.

1297 710 92 48 MR.
1406 710 85 23 JOHN
1512 712 95 23 WADE
1621 714 19 22 is
1659 714 125 23 instructed
1801 719 22 19 to
1843 717 41 21 sell

1386 738 30 26 by
1433 738 78 22 Public
1521 739 107 25 Auction,
1645 744 23 18 at
1682 741 109 23 Barrett's
1804 743 78 26 Hotel,

1295 769 30 14 on
1334 763 111 29 Tuesday,
1459 765 37 21 the
1507 766 37 20 6th
1562 766 26 21 of
1600 766 59 22 June
1669 771 61 23 next,
1743 772 23 18 at
1776 770 10 20 1
1797 769 86 23 o'clock

1420 792 117 27 precisely,
1548 792 23 21 in
1583 795 43 19 two
1636 793 48 27 lots,
1697 794 63 22 those

1388 822 71 22 TWO
1487 823 141 23 WOODEN
1655 825 130 27 HOUSES,

1294 846 95 24 situated
1406 856 28 14 on
1448 850 77 27 Major
1544 851 157 22 Hornbrook's
1711 860 58 19 acre,
1780 853 23 21 in
1820 853 61 22 Mul-

1292 880 68 19 grave
1370 875 80 26 Street,
1462 884 43 14 one
1515 877 26 21 of
1551 877 73 22 which
1634 878 18 21 is
1666 885 51 15 now
1732 880 108 26 occupied
1851 880 29 27 by

1294 900 43 22 Mr.
1349 901 80 28 Wylie,
1440 905 24 19 at
1476 910 14 15 a
1504 904 71 22 rental
1586 904 26 22 of
1621 905 46 23 £25
1676 912 41 20 per
1727 913 85 15 annum
1819 914 5 19 ;
1840 906 40 22 the

1292 927 63 22 other
1373 932 24 18 at
1414 933 92 23 present
1523 931 19 21 is
1560 932 146 21 untenanted.
1734 932 50 22 The
1797 933 81 22 houses

1293 960 35 14 are
1338 954 53 22 held
1402 956 73 22 under
1483 957 71 22 leases
1563 958 37 22 for
1612 959 26 21 21
1653 966 71 19 years,
1736 962 24 19 at
1769 967 14 14 a
1791 960 87 25 ground

1292 984 50 18 rent
1352 981 25 21 of
1384 982 33 22 £6
1428 983 64 22 each.

1555 1018 62 18 ALSO,

1318 1033 27 22 In
1364 1035 86 22 several
1468 1036 48 27 lots,
1529 1044 13 14 a
1555 1038 134 22 SECTION
1715 1039 40 24 QF
1779 1039 95 26 LAND,

1290 1060 80 23 situate
1380 1062 24 21 in
1415 1062 37 22 the
1464 1063 37 21 the
1518 1064 44 21 Kai
1579 1065 78 21 Warra
1675 1065 80 22 Warra
1774 1067 100 26 District,

1289 1094 54 15 near
1353 1091 22 18 to
1386 1089 62 26 Capt.
1461 1090 116 22 Daniell's.

1317 1114 43 22 For
1377 1115 87 22 further
1481 1117 138 26 particulars,
1636 1119 66 26 apply
1714 1122 23 18 to
1757 1119 37 22 the
1816 1119 60 22 Auc-

1288 1140 93 28 tioneer,
1393 1149 24 14 or
1427 1145 23 18 to
1461 1143 45 21 Mr.
1518 1143 112 23 Brandon.

1317 1173 55 27 May
1382 1174 33 26 27,
1429 1175 63 21 1843.

1365 1222 106 20 Nelson
1485 1223 179 26 Preliminary
1678 1225 117 20 Section.

1290 1254 91 49 MR.
1407 1254 219 24 FITZHERBERT
1652 1256 40 22 has
1715 1258 102 21 received
1840 1259 33 21 in-

1370 1282 119 21 structions
1500 1286 22 17 to
1533 1283 54 22 offer
1593 1284 35 21 for
1636 1284 74 27 public
1721 1285 149 27 competition,

1464 1317 37 19 15
1509 1317 17 20 0
1558 1317 131 23 ACRES

1288 1341 27 23 of
1325 1341 71 23 Rural
1405 1342 66 22 Land
1481 1343 23 21 in
1516 1343 37 22 the
1563 1344 86 23 Nelson
1659 1346 135 27 settlement,
1806 1347 66 26 being

1287 1368 50 20 No.
1353 1369 17 20 3
1381 1369 22 21 in
1415 1369 72 22 Order
1497 1371 25 20 of
1530 1370 89 23 Choice.

1315 1395 22 21 It
1346 1395 19 21 is
1386 1395 111 23 sufficient
1513 1401 22 17 to
1551 1404 39 20 say
1599 1398 48 22 that
1663 1399 45 22 Mr.
1718 1399 103 28 Tuckett,
1832 1400 39 22 the

1288 1421 117 28 Surveyor,
1415 1422 20 22 is
1452 1422 125 24 authorised
1593 1428 23 18 to
1633 1426 68 21 select
1710 1426 44 22 this
1769 1427 102 22 valuable

1386 1456 226 23 PRELIMINARY
1636 1459 139 28 SECTION,

1340 1482 73 22 which
1431 1483 45 22 will
1492 1484 106 29 probably
1616 1485 27 22 be
1658 1486 66 22 made
1739 1487 24 21 in
1779 1487 37 22 the

1286 1515 82 23 COAL
1390 1517 147 22 DISTRICT
1551 1518 39 22 OF
1612 1519 166 23 MASSACRE
1798 1521 70 22 BAY.

1313 1543 47 21 The
1371 1543 50 22 Sale
1432 1544 44 21 will
1487 1544 50 22 take
1546 1545 63 27 place
1620 1552 28 15 on
1654 1547 111 27 Tuesday,
1774 1547 36 22 the
1818 1548 52 22 27th

1282 1569 70 27 June,
1360 1573 23 18 at
1393 1578 42 14 one
1445 1571 92 26 o'clock,
1546 1575 22 18 at
1577 1572 38 22 the
1622 1573 156 22 Auctioneer's
1788 1581 80 21 rooms,

1285 1596 27 21 of
1319 1596 72 22 whom
1402 1597 85 23 further
1494 1599 132 26 particulars
1635 1607 51 20 may
1695 1601 28 21 be
1734 1601 112 22 obtained.

1273 1631 6 18 '-
1294 1634 12 15 '•
1480 1637 74 15 TERMS
1568 1637 30 15 AT
1613 1639 62 14 SALE.

1313 1660 54 27 May
1376 1662 34 22 26,
1425 1662 61 20 1343.

1284 1705 44 19 Ex
1341 1705 63 27 brig
1609 1707 70 22 from
1695 1709 172 26 Valparaiso.

1292 1740 14 32 |
1320 1739 30 33 6>
1354 1740 33 23 A
1415 1741 107 23 TONS
1551 1743 148 28 FLOUR,

1290 1761 97 27 L£\J
1417 1769 37 21 131
1469 1769 56 27 bags
1535 1769 86 29 biscuit,

1417 1796 27 20 30
1458 1795 72 22 barrel
1539 1796 57 28 beef,

1364 1822 26 20 10
1405 1829 61 14 cases
1475 1822 87 22 French
1570 1824 59 27 fruit,

1364 1849 26 20 10
1406 1848 40 22 tins
1458 1848 57 22 Chili
1525 1851 117 25 preserved
1650 1851 59 28 fruit,

1362 1876 14 19 2
1389 1875 54 27 bags
1454 1876 58 21 Chili
1522 1877 74 21 clover
1607 1878 57 27 seed,

1363 1902 26 21 50
1404 1902 68 21 boxes
1483 1903 102 22 Sardinas
1596 1904 37 22 oil.

1430 1936 133 28 Rxdgways,
1581 1938 105 28 Guyton,
1703 1939 46 22 and
1765 1940 71 22 Earp.

1309 1965 55 29 May
1373 1969 35 25 30,
1419 1969 61 20 1843.
1636 2001 121 3 _^

1280 2012 154 47 NOTICE.
1436 2023 27 5 —
1466 2013 38 21 All
1519 2021 91 19 persons
1626 2015 83 28 having
1720 2016 64 23 Guns
1794 2021 23 18 at
1826 2018 38 21 the

1361 2038 68 22 house
1440 2040 27 20 of
1473 2040 37 20 the
1527 2040 154 28 undersigned,
1693 2049 38 14 are
1747 2044 117 26 requested

1281 2067 21 18 to
1313 2072 90 14 remove
1412 2065 62 22 them
1485 2065 75 23 within
1569 2069 27 19 14
1607 2067 60 28 days,
1679 2076 25 15 or
1713 2069 54 27 they
1777 2070 44 21 will
1835 2070 29 22 be

1281 2091 47 21 sold
1339 2095 22 17 to
1373 2091 77 28 defray
1462 2099 111 20 expenses.

1434 2126 35 21 W.
1485 2126 73 28 Neal,
1575 2127 164 29 Watchmaker,
1749 2130 86 22 Petoni.

1308 2152 55 26 May
1372 2154 34 24 30,
1419 2154 61 20 1843.

1474 2200 62 19 Town
1552 2200 84 20 Council
1650 2201 67 26 Office,

1540 2228 112 25 Exchange
1660 2229 72 26 Room,
1744 2231 30 19 Te
1783 2230 50 25 Aro,

1375 2254 100 26 Monday,
1487 2255 35 19 the
1532 2255 56 20 22nd
1596 2255 28 25 of
1633 2257 57 25 May,
1704 2257 61 22 1843.

1280 2288 28 48 I
1323 2287 129 22 HEREBY
1468 2288 76 22 GIVE
1559 2289 122 27 NOTICE,
1697 2290 49 22 that
1765 2291 28 22 all
1812 2300 51 19 per-

1335 2322 53 14 sons
1403 2315 115 27 intending
1529 2319 21 18 to
1560 2316 66 21 claim
1636 2317 37 21 the
1683 2317 59 26 right
1751 2319 26 20 of
1786 2319 77 28 voting

1280 2345 22 18 at
1312 2341 36 22 the
1356 2344 54 19 next
1416 2341 93 22 election
1516 2342 25 22 of
1544 2342 121 22 Aldermen
1673 2343 35 23 for
1713 2345 38 21 the
1759 2345 103 28 Borough

1280 2368 25 21 of
1322 2368 141 27 Wellington,
1485 2376 36 14 are
1540 2370 102 26 required
1659 2373 23 19 to
1701 2372 92 25 register
1807 2374 55 21 such

1280 2394 64 22 claim
1364 2395 53 22 with
1436 2403 36 14 me
1492 2403 29 14 on
1535 2403 25 14 or
1569 2397 76 21 before
1659 2397 149 29 Wednesday,
1824 2400 37 22 the

1279 2423 47 20 31st
1335 2422 44 26 day
1388 2422 26 21 of
1419 2422 45 21 this
1473 2427 89 23 present
1571 2424 77 21 month
1654 2424 24 21 of
1685 2425 64 27 May,
1759 2427 44 21 and
1813 2427 49 22 that

1280 2448 36 22 the
1327 2455 47 15 sum
1384 2449 25 21 of
1415 2450 54 20 Two
1485 2450 125 22 Shillings
1620 2451 45 21 and
1680 2452 113 23 Sixpence
1802 2457 60 19 must

1278 2475 28 22 be
1315 2476 52 27 paid
1377 2479 24 18 at
1410 2475 37 22 the
1457 2476 54 21 time
1522 2477 24 21 of
1553 2477 122 28 preferring
1684 2479 55 21 such
1750 2480 73 27 claim,
1831 2481 30 27 by

1278 2502 71 21 virtue
1360 2503 44 21 and
1414 2502 22 22 in
1446 2510 123 20 pursuance
1576 2504 26 22 of
1610 2504 36 22 the
1652 2505 38 22 sth
1699 2505 49 23 Vie.
1758 2507 43 23 No.
1809 2508 50 27 VI.,

1278 2529 88 22 Section
1375 2531 34 20 29.

1574 2558 95 23 George
1685 2559 93 28 White,

1686 2588 62 20 Town
1765 2589 65 20 Clerk.

1304 2610 58 22 N.B.
1363 2622 28 4 —
1393 2611 76 22 Hours
1482 2611 26 22 of
1522 2613 130 22 attendance
1670 2613 57 23 from
1744 2617 27 19 10
1789 2616 34 22 till
1837 2618 20 26 4,

1276 2641 78 24 except
1363 2646 29 14 on
1404 2639 107 26 Sundays.

1436 2691 58 21 Oil.'
1516 2691 68 22 Oil!!
1609 2693 86 21 Oil!!!

1276 2722 91 23 fTMIE
1381 2723 76 23 BEST
1471 2725 89 22 LAMP
1574 2726 54 21 OIL
1637 2726 23 22 in
1671 2726 143 29 Wellington,
1824 2730 32 21 3s.
1872 2712 1 16 '

1281 2749 30 22 JL
1348 2758 39 19 per
1402 2751 70 27 single
1487 2751 80 28 gallon,
1579 2752 45 23 and
1636 2754 32 21 2s.
1687 2754 35 22 9d.
1741 2755 31 27 by
1782 2756 76 27 taking

1273 2775 45 23 five
1327 2777 90 28 gallons,
1428 2781 22 19 at
1461 2778 36 22 the
1508 2780 73 21 Stores
1592 2780 25 21 of

1570 2811 36 23 M.
1620 2812 89 27 Asher,

1636 2839 110 23 Lambton
1758 2840 70 27 Quay.

1300 2862 55 27 May
1363 2864 35 25 23,
1410 2864 61 22 1843.
1807 2857 10 11 '

1455 2909 36 22 W.
1508 2910 33 22 M.
1556 2911 106 27 SMITH,

1271 2947 57 16 LATE
1339 2949 235 16 SURVEYOR-GENERAL
1585 2951 28 14 TO
1626 2951 43 15 THE
1685 2952 51 14 NEW
1750 2952 104 15 ZEALAND

1506 2977 113 19 COMPANY,
1640 2973 4 5 '

1297 3000 141 27 Surveyor,
1454 3001 210 26 Draughtsman,
1678 3003 56 20 and
1748 3004 76 20 Land

1512 3029 100 25 Agent.

1269 3052 175 28 Tinakori-road,
1456 3053 100 28 January
1567 3055 21 26 4,
1602 3057 59 20 1843.

1437 3099 78 20 Meat
1535 3100 147 26 Company.

1269 3131 90 35 rpRE
1379 3132 236 27 UNDERSIGNED,
1635 3133 82 28 having
1736 3135 56 21 been
1813 3143 39 20 ap-

1275 3155 30 25 X
1341 3159 90 27 pointed
1446 3159 109 27 Manager
1565 3159 26 22 of
1604 3159 37 23 the
1654 3161 64 21 Meat
1727 3161 122 28 Company,

1267 3184 54 28 begs
1330 3188 22 18 to
1362 3192 118 15 announce
1489 3186 48 21 that
1551 3194 14 14 a
1574 3187 87 26 regular
1670 3188 78 27 supply
1758 3189 26 21 of
1793 3189 56 26 beef,

1268 3214 92 25 mutton,
1381 3212 45 22 and
1443 3213 56 28 pork
1515 3220 52 20 may
1586 3212 82 29 always
1685 3215 28 21 be
1733 3215 118 28 depended

1266 3245 61 21 upon
1337 3243 25 17 at
1370 3239 44 22 this
1424 3240 172 22 establishment.

1294 3266 33 20 As
1349 3266 44 22 this
1417 3267 116 27 Company
1551 3274 105 25 purposes
1675 3268 79 27 selling
1772 3273 24 17 at
1812 3269 38 24 the

1265 3291 77 23 lowest
1350 3293 71 27 prices
1433 3297 22 18 at
1470 3293 72 23 which
1551 3298 18 18 it
1582 3295 20 21 is
1610 3294 70 22 found
1689 3295 38 22 the
1736 3299 60 19 meat
1809 3304 41 14 can

1266 3318 29 22 be
1304 3319 106 28 afforded,
1421 3320 38 22 the
1468 3320 151 28 undersigned
1627 3322 18 20 is
1658 3322 53 27 only
1720 3322 129 24 authorized

1267 3348 23 18 to
1299 3346 50 26 give
1354 3354 54 19 very
1414 3347 87 23 limited
1510 3348 76 26 credit,
1594 3348 46 22 and
1645 3347 40 23 has
1690 3349 57 21 been
1757 3350 93 22 ordered

1266 3375 23 18 to
1305 3376 48 24 stop
1367 3373 32 22 all
1411 3377 105 19 accounts
1530 3374 73 22 which
1617 3380 39 16 are'
1669 3379 40 18 not
1722 3376 55 27 paid
1790 3384 60 20 upon

1266 3398 102 23 demand.
1518 3404 3 11 '

1293 3426 46 21 The
1349 3426 101 22 business
1461 3427 25 21 of
1493 3427 37 22 the
1541 3427 112 28 Company
1662 3427 20 22 is
1692 3429 86 22 carried
1787 3437 29 15 on
1825 3430 24 22 in

1266 3451 57 23 their
1338 3460 49 15 new
1402 3453 108 28 building,
1522 3454 87 22 erected
1627 3455 100 23 between
1745 3456 105 22 France's

1266 3478 68 22 Hotel
1353 3480 44 22 and
1416 3480 38 22 the
1472 3480 59 22 head
1547 3481 25 21 of
1586 3481 38 21 the
1639 3481 56 28 Bay,
1713 3482 45 22 and
1772 3483 78 28 nearly

1266 3507 97 26 opposite
1374 3511 24 18 to
1407 3507 45 23 Mr.
1463 3507 81 28 Lyon'a"
1556 3508 70 22 Store.

1537 3541 38 22 W»
1587 3541 101 28 Flyger,
1704 3542 117 28 Manager.

1293 3566 128 23 November
1430 3569 35 24 23,
1477 3568 60 22 1842.
1777 3574 7 20 \

1327 3629 3 4 .
1432 3624 10 3 ••
1453 3613 86 20 Fresh
1553 3614 103 25 Butter,

1264 3646 162 48 ALWAYS
1442 3653 29 14 on
1487 3646 49 22 Sale
1551 3649 24 19 at
1591 3647 38 22 the
1639 3647 64 23 Meat
1715 3649 134 27 Company's

1342 3673 117 27 premises.

1534 3699 35 22 W.
1585 3700 102 28 Fltser,
1704 3702 116 28 Manager.

1291 3732 157 29 Willis-street,
1461 3734 56 22 Dec.
1528 3735 20 26 2,
1560 3735 61 21 1842.

1504 3781 110 20 Cheese.

1280 3811 17 22 A
1325 3810 117 24 SUPPLY
1450 3812 103 22 received
1560 3814 85 26 weekly
1653 3814 25 21 of
1685 3814 58 22 New
1748 3814 101 22 Zealand

1262 3842 52 17 jLX.
1341 3838 66 22 made
1417 3839 92 27 Cheese,
1516 3839 58 22 from
1584 3840 37 21 the
1629 3840 141 28 Cowpasture
1777 3841 69 27 dairy,

1262 3864 46 21 and
1317 3864 33 22 for
1358 3865 47 21 sale
1414 3868 24 19 at
1454 3866 37 22 the
1501 3866 106 28 premises
1617 3867 25 21 of
1655 3867 38 21 the
1709 3868 65 21 Meat
1783 3868 66 22 Com-

1261 3892 67 26 pany.
1447 3899 3 5 >
1588 3894 4 2 '
1640 3893 3 6 '
1677 3897 5 8 '

1315 3925 20 16 .'
1428 3933 2 6 ,
1501 3935 3 4 .
1530 3918 45 22 .W.
1587 3919 101 27 Flyger,
1701 3920 118 28 Manager.

1290 3942 158 29 Willis-street,
1460 3944 126 23 December
1594 3946 35 26 20,
1640 3947 61 21 1842.

2000 741 5 5 ,
2027 720 42 20 Ex

1915 747 135 55 CANE
2078 754 162 23 SEATED
2270 757 186 29 CHAIRS,,

1986 779 75 27 Fancy
2071 782 37 30 top
2117 781 79 26 chairs,

1939 805 102 28 Rocking
2051 806 78 28 chairs,

1938 831 101 23 Whalers
2049 833 70 28 shoes,

1937 857 76 23 White
2024 860 72 21 clover
2105 861 59 26 seed,

1937 884 73 23 Hams
2018 886 45 22 and
2071 887 121 28 shoulders,
2234 890 3 4 '
2400 905 28 9 ,

1936 912 26 21 13
1977 912 61 22 casks
2048 920 53 21 very
2110 916 99 26 superior
2224 924 79 19 square
2312 917 31 28 fig
2352 919 95 26 tobacco,
2459 921 28 20 20

1909 938 40 27 figs
1960 941 22 19 to
1993 940 37 20 the
2038 941 82 26 pound.
2224 949 4 3 -
2406 938 24 29 "}'

1918 966 7 8 '
1936 972 73 28 Apply
2020 978 22 17 at
2051 973 37 22 the
2099 975 75 22 Stores
2185 976 26 21 of
2217 976 38 22 the
2264 970 159 36 undersigned,'

2136 1009 35 22 W.
2188 1010 25 22 B.
2230 1011 93 22 Rhodes
2338 1013 20 20 &
2374 1013 47 27 Co.,
2436 1021 24 14 or

2136 1035 104 23 Johnson
2256 1039 20 20 &
2290 1039 94 22 Moore*

1935 1060 56 26 May
2001 1060 33 26 21,
2046 1062 60 20 1843.

2118 1107 23 21 J.
2170 1107 108 28 BIRD,
2447 1097 37 4 ~

1906 1136 230 29 Cabinet-maker,
2152 1141 186 28 Upholsterer,
2358 1145 22 20 &
2403 1145 84 26 Paper

2138 1167 121 27 Hanger,

2087 1207 33 14 TE
2144 1207 57 15 ARO
2225 1209 83 21 FLAT,

1905 1230 267 49 RESPECTFULLY
2187 1234 84 24 solicits
2286 1244 13 14 a
2313 1237 88 26 portion
2413 1239 25 22 of
2448 1239 39 24 the

1905 1283 27 3 ...
1948 1284 21 4 ...
1983 1258 87 22 favours
2081 1260 25 20 of
2113 1260 37 21 the
2165 1265 79 23 sentry
2254 1263 45 21 and
2313 1264 136 23 inhabitants
2464 1268 26 20 of

1908 1286 132 25 Wellington
2049 1292 24 14 in
2089 1286 38 21 the
2141 1287 71 22 above
2228 1289 118 28 branches,
2358 1292 44 21 and
2414 1296 70 24 trusts,

1905 1312 27 24 by
1949 1312 34 20 his
2003 1313 136 21 economical
2158 1314 93 27 charges
2269 1317 44 21 and
2330 1319 115 27 attention,
2463 1323 22 18 to

1904 1340 65 18 merit
1978 1345 14 14 a
2002 1339 146 22 continuance
2160 1341 24 21 of
2192 1341 38 21 the
2240 1350 68 15 same.

1931 1363 48 22 Has
1999 1372 13 13 a
2029 1365 76 22 choice
2124 1368 118 22 collection
2261 1370 25 20 of
2307 1370 55 22 New
2386 1372 98 23 Zealand

1904 1390 79 27 woods,
2014 1392 49 21 well
2090 1395 124 26 seasoned;
2240 1403 13 14 a
2276 1397 42 21 few
2341 1397 43 23 low
2409 1399 74 26 priced

1903 1420 132 19 mattresses.

1929 1443 103 23 Families
2042 1445 81 29 having
2134 1447 57 21 their
2200 1456 48 14 own
2255 1451 112 22 materials
2376 1460 41 14 can
2426 1453 56 22 have

1901 1472 62 19 them
1972 1472 66 21 made
2048 1480 38 20 up.

1929 1503 31 21 Te
1969 1504 47 21 Aro
2026 1505 56 27 Flat,
2092 1507 56 28 May
2160 1509 35 26 12,
2207 1510 61 21 1813.

2031 1556 186 26 Agricultural
2232 1560 118 27 Society.

1902 1585 92 23 nn»HE
2013 1587 89 26 opinion
2120 1588 85 32 haying
2224 1591 60 22 been
2299 1592 127 29 frequently
2444 1602 38 14 ex-

1945 1638 14 11 i-
1976 1620 31 29 PPcs^
2003 1620 21 14 es
2023 1640 6 4 .
2026 1613 37 22 setl
2064 1630 6 10 »
2078 1625 5 7 '
2086 1615 49 22 that
2149 1616 18 21 i(;
2181 1618 74 24 would
2270 1618 26 21 be
2313 1622 23 19 to
2347 1620 37 22 the
2393 1621 89 22 interest

1901 1641 26 19 of
1937 1641 37 20 the
1992 1641 83 26 Colony
2090 1641 20 21 if
2121 1649 29 14 an
2166 1643 142 27 agricultural
2324 1646 88 28 Society
2428 1655 54 15 were

1900 1666 94 26 formed,
2010 1667 28 21 all
2054 1675 92 19 persons
2161 1670 79 27 taking
2254 1679 28 13 an
2298 1672 93 23 interest
2403 1674 26 22 in
2445 1673 37 23 the

1899 1693 119 21 formation
2029 1694 25 21 of
2064 1694 38 21 the
2117 1703 68 20 same,
2202 1704 37 15 are
2253 1700 119 25 requested
2388 1703 24 19 to
2425 1705 58 18 irieet

1899 1722 23 18 at
1932 1719 35 22 the
1975 1720 119 27 Exchange
2101 1722 80 27 Room,
2193 1724 32 21 Te
2230 1725 54 27 Aro,
2293 1733 28 14 on
2330 1727 150 25 Monday.the

1897 1745 39 22 sth
1946 1747 26 21 of
1983 1747 66 27 June,
2061 1751 22 18 at
2094 1750 25 19 12
2129 1749 35 22 for
2174 1752 10 19 1
2197 1750 94 24 o'clock.

1925 1778 55 28 May
1990 1780 33 25 23,
2035 1781 59 20 1843.
2241 1785 8 17 ;

1897 1827 134 22 Valuable
2066 1830 134 23 Freehold
2215 1822 78 34 .land
2330 1836 150 22 Leasehold

1950 1855 140 27 Property,
2089 1879 7 8 t
2118 1858 69 21 with
2201 1854 156 28 Jtxtensive
2390 1863 90 22 Water

1950 1882 158 28 Frontages,
2124 1884 29 21 in
2169 1887 178 27 Wellington.

1897 1916 68 20 rr\O
1980 1916 39 22 BE
2034 1917 65 28 LET,'
2110 1926 25 14 or
2144 1919 103 28 disposed
2254 1922 26 21 of
2287 1922 30 27 by
2324 1923 88 23 Private
2414 1927 4 11 1
2422 1925 56 27 Sale,

1903 1944 30 20 X
1970 1944 38 20 the
2019 1946 121 26 unexpired
2156 1951 55 18 term
2223 1948 26 21 of
2261 1949 36 22 the
2317 1950 70 22 Lease
2397 1952 26 21 of
2431 1952 53 22 -half

1897 1969 22 20 of
1931 1969 66 22 Town
2007 1971 58 21 Acre
2080 1972 43 21 No.
2134 1975 46 25 208,
2193 1974 53 22 with
2262 1976 37 21 the
2315 1977 101 27 splendid
2427 1986 51 20 pro-

1896 1999 62 24 perty
1981 1998 87 21 erected
2097 1999 100 27 thereon,
2223 2002 82 26 having
2333 2004 56 26 deep
2412 2009 66 19 water

1894 2024 104 26 Irqntage
2017 2027 20 19 to
2056 2025 32 21 Te
2106 2026 48 24 A,ro
2174 2027 83 22 Beach.
2285 2029 54 24 This
2358 2032 119 26 important

1898 2052 13 18 I
1916 2056 48 14 own
1975 2052 124 20 water-side
2115 2056 109 24 property,
2236 2058 22 17 to
2268 2056 44 20 suit
2322 2056 37 21 the
2375 2060 102 21 conveni-

1896 2082 55 15 ence
1962 2076 26 21 of
1994 2077 86 26 parties,
2092 2079 44 21 will
2148 2080 25 21 be
2184 2079 91 24 divided
2284 2089 24 14 as
2317 2083 85 22 follows
2410 2092 33 14 :—

1924 2103 38 23 Ist.
1977 2103 48 22 The
2037 2104 101 29 building
2152 2106 80 22 known
2247 2115 25 15 as
2287 2109 37 21 the
2338 2110 73 27 Bank,
2425 2112 52 22 with

1895 2132 29 18 its
1933 2130 117 22 mclosure.

1921 2157 51 21 2nd.
1989 2157 46 22 The
2045 2157 59 28 large
2115 2159 156 29 substantially
2279 2162 57 22 built
2343 2164 132 28 warehouse,

1894 2184 92 26 capable
2002 2185 26 20 of
2040 2186 94 27 stowing
2148 2189 41 20 GOO
2205 2190 50 20 tons
2266 2189 26 21 of
2297 2190 77 27 goods,
2385 2193 45 21 and
2438 2193 39 22 ad-

1896 2211 95 26 mirably
2000 2211 94 28 adapted
2109 2213 35 21 for
2162 2213 28 23 its
2209 2216 159 28 commanding
2383 2220 93 25 position

1894 2237 35 21 for
1944 2245 13 13 a
1972 2238 60 27 large
2047 2240 128 22 mercantile
2192 2241 172 30 establishment,
2376 2246 43 21 and
2428 2253 49 21 par-

1894 2264 103 27 ticularly
2006 2265 34 21 for
2049 2265 37 23 the
2097 2267 84 27 storing
2191 2269 46 21 and
2245 2270 97 27 packing
2353 2272 26 21 of
2384 2272 51 23 flax.

1919 2291 49 21 3rd.
1983 2291 47 22 The
2037 2293 182 26 dwelling-house
2226 2296 45 21 and
2278 2297 73 22 offices
2359 2302 24 18 at
2391 2304 86 22 present

1894 2324 23 14 in
1928 2317 37 22 the
1983 2320 128 27 occupation
2124 2321 25 21 of
2164 2321 59 22 John
2234 2323 77 27 Wade,
2323 2324 61 29 Esq.,
2396 2326 47 22 who
2456 2327 21 22 is

1894 2344 71 22 under
1975 2346 72 22 notice
2057 2350 22 18 to
2090 2347 53 26 quit.
2171 2348 72 23 These
2259 2351 106 26 premises
2382 2359 36 16 are
2427 2354 49 22 well

1894 2371 96 28 adapted
1998 2372 35 22 for
2042 2380 29 15 an
2089 2375 97 21 Auction
2207 2376 74 22 Room
2298 2385 24 14 or
2339 2380 136 26 respectable

1895 2398 74 27 Hotel,
1980 2399 57 22 from
2046 2400 57 22 their
2118 2402 124 28 contiguity
2257 2406 22 19 to
2294 2404 37 22 the
2342 2405 71 28 Bank,
2431 2407 44 22 Ex-

1894 2425 92 28 change,
1994 2426 43 22 and
2042 2427 108 28 principal
2155 2430 129 21 mercantile
2289 2432 185 29 establishments,

1892 2452 38 22 the
1949 2453 157 28 thoroughfare
2130 2455 89 28 leading
2242 2460 23 18 to
2289 2458 62 22 these
2375 2461 98 22 enviable

1892 2479 106 27 premises
2007 2481 17 21 is
2035 2481 57 28 truly
2101 2483 82 21 named
2195 2483 38 22 the
2251 2484 111 24 Lombard
2373 2488 69 22 Street
2452 2489 25 22 of

1892 2514 41 14 our
1941 2507 71 27 rising
2021 2508 50 27 city.

2153 2544 63 20 ALSO,

1918 2567 48 22 The
1983 2568 77 22 House
2077 2570 44 21 and
2141 2570 115 28 Premises,
2268 2572 107 29 freehold,
2393 2574 80 24 known

1890 2601 25 14 as
1927 2595 42 21 Mr.
1980 2595 70 22 Jabez
2061 2596 85 21 Allen's
2158 2598 70 27 Store,
2240 2606 29 16 on
2285 2600 180 29 Lambton-quay

1918 2621 51 22 Two
1986 2622 100 27 building
2104 2624 64 26 plots,
2185 2625 12 24 J
2214 2625 26 21 of
2252 2633 30 14 an
2296 2634 50 14 acre
2364 2629 62 26 each,
2442 2637 28 14 on
2479 2636 6 4 -

1890 2648 121 22 Thorndon
2018 2649 54 27 Flat,
2080 2651 101 25 together
2187 2651 53 22 with
2250 2653 67 23 about
2325 2655 28 21 50
2359 2655 111 24 suburban

1889 2674 128 23 allotments
2031 2676 22 21 in
2064 2676 89 22 Wade's
2169 2678 76 27 Town,
2256 2681 27 21 10
2292 2688 61 14 acres
2363 2684 23 19 at
2395 2683 67 22 Ohiro

1889 2702 45 21 and
1943 2702 86 22 several
2043 2703 100 28 Country
2158 2705 101 22 Sections
2269 2707 24 21 in
2308 2707 37 22 the
2360 2708 111 29 Harbour,

1889 2728 97 27 Wainui,
1999 2730 136 29 Manawatu,
2146 2732 45 21 and
2201 2732 128 27 Wanganui
2339 2734 103 24 districts.

1916 2756 44 21 For
1968 2756 85 22 further
2066 2758 136 28 particulars,
2221 2761 67 26 apply
2304 2765 23 17 to
2342 2761 39 22 the
2394 2763 80 22 under-

1889 2782 78 28 signed

2167 2812 37 23 W.
2219 2813 26 22 B.
2261 2814 97 23 Rhodes
2372 2816 21 22 &
2407 2817 37 22 Co.

1916 2836 55 28 May
1981 2839 21 25 9,
2014 2839 59 20 1843.

2107 2885 54 20 For
2175 2885 69 21 Sale.

1903 2916 18 22 A
1965 2916 288 25 DWELLING-HOUSE
2282 2927 28 15 on
2335 2921 133 29 Wellington

1886 2944 51 20 XX
1965 2943 100 26 Terrace,
2077 2944 95 27 adapted
2181 2945 37 21 for
2225 2952 13 14 a
2247 2947 65 21 small
2322 2947 88 28 family.

1913 2969 44 22 For
1966 2970 135 26 particulars,
2111 2971 92 27 enquire
2213 2975 24 18 at
2246 2972 38 22 the
2294 2974 61 21 Store
2366 2975 27 21 of

2032 3003 31 21 H.
2079 3004 95 21 Taylor
2189 3005 21 21 &
2224 3006 47 28 Co.,
2282 3006 158 25 Willis-street.

1911 3036 113 28 February
2033 3038 20 26 3,
2065 3038 61 21 1843.

2031 3086 39 20 To
2078 3086 39 23 .be
2132 3086 66 21 Sold
2217 3093 30 14 or
2261 3088 57 21 Let.

1882 3116 10 13 r
1898 3116 77 35 |~IWO
1989 3116 99 22 Wooden
2098 3116 95 28 Houses,
2205 3124 29 14 on
2240 3117 38 22 the
2284 3118 181 27 Tinakore-road,

1892 3139 24 24 M.
1959 3143 38 22 the
2016 3143 80 22 second
2115 3151 52 14 acre
2186 3143 58 22 from
2264 3145 93 27 Captain
2376 3145 90 23 Smith's

1927 3170 128 26 containing
2068 3170 49 21 four
2126 3178 74 14 rooms
2210 3170 46 22 and
2270 3179 14 13 a
2296 3179 99 21 passage,
2412 3173 51 22 each

1883 3196 52 22 with
1953 3196 50 23 zinc
2021 3196 66 26 roofs,
2112 3197 46 22 and
2179 3198 25 21 in
2228 3205 67 21 every
2312 3204 87 23 respect
2417 3200 48 22 well

1881 3222 102 23 finished.
2010 3223 105 22 Terms—
2116 3223 25 22 lf
2147 3224 55 28 sold,
2213 3224 60 22 £150
2284 3226 34 21 for
2324 3227 55 21 each
2384 3227 74 25 lvouse,

1880 3250 21 21 if
1911 3250 38 27 let,
1960 3250 33 23 £1
2003 3257 39 20 per
2051 3250 62 23 week
2121 3251 36 22 for
2167 3251 55 22 each
2231 3252 78 22 house.
2336 3253 77 28 Apply
2421 3257 22 19 to

2271 3286 74 23 James
2360 3287 78 24 Watt.

1893 3310 143 28 Wellington,
2044 3311 59 22 Nov.
2112 3311 34 27 27,
2156 3313 60 22 1841.

1880 3361 123 26 Country
2017 3361 122 21 Sections
2160 3362 43 21 for
2222 3363 61 21 Sale
2303 3370 36 15 on
2358 3365 105 21 Liberal

2123 3389 103 21 Terms.

1883 3413 162 50 SEVERAL
2080 3415 101 23 Sections
2208 3417 27 21 of
2266 3417 99 28 Country
2392 3417 72 28 Land^

1944 3440 91 28 already
2045 3440 82 23 chosen
2136 3442 25 22 in
2170 3442 39 22 the
2223 3443 92 23 Porirua
2329 3444 90 27 district,
2430 3444 33 22 for

1880 3467 58 28 Sale,
1949 3475 74 14 terms
2033 3475 104 15 liberal.
2167 3470 76 27 Apply
2252 3473 23 19 to

1976 3495 24 21 F.
2016 3495 27 22 A.
2057 3495 171 28 Molesworth,
2245 3497 181 26 Murphy-street,
2437 3504 26 14 or

1976 3521 34 22 W.
2025 3521 28 22 V.
2067 3522 107 27 Brewer,
2184 3523 194 21 Manners-street.

1921 3573 98 23 Notice
2033 3575 28 20 to
2077 3575 114 21 Debtors
2206 3575 55 21 and
2275 3573 145 22 Creditors.

1880 3608 92 49 ALL
1997 3608 134 22 PERSONS
2151 3608 82 27 having
2252 3607 75 22 claims
2344 3614 29 14 on
2393 3607 24 22 P.
2428 3608 30 22 H.

1961 3634 94 27 Gowan;
2063 3635 29 28 #f
2098 3634 119 28 Aglionby,
2230 3641 27 14 on
2266 3634 37 21 the
2313 3633 69 22 River
2395 3634 63 28 Hutt,

1880 3668 38 15 are
1927 3661 116 28 requested
2053 3665 22 18 to
2085 3662 55 21 send
2148 3662 24 21 in
2183 3661 37 21 the
2230 3660 128 27 particulars
2376 3660 86 23 thereof

1880 3692 23 17 to
1913 3688 35 21 W.
1960 3688 26 22 B.
1999 3688 88 22 Rhodes
2101 3688 21 21 &
2136 3688 47 26 Co.,
2200 3694 25 14 or
2240 3687 95 20 Edward
2351 3687 108 28 Johnson,

1880 3715 26 21 of
1920 3715 143 27 Wellington,
2078 3721 28 15 on
2125 3721 25 14 or
2167 3713 75 22 befere
2259 3713 37 21 the
2315 3710 52 25 lOfch
2383 3714 42 28 day
2438 3716 27 21 of

1881 3742 55 27 May
1944 3746 61 22 next,
2012 3741 44 22 and
2066 3741 28 22 all
2103 3747 90 21 persons
2199 3739 107 22 indebted
2313 3742 22 19 to
2344 3740 38 23 the
2392 3748 66 20 same,

1880 3775 36 14 are
1935 3768 115 28 requested
2070 3771 21 18 to
2108 3774 45 20 pay
2166 3766 37 21 the
2218 3769 93 18 amount
2325 3770 23 18 to
2360 3768 38 21 the
2414 3769 45 22 said

1880 3794 35 22 W.
1927 3795 25 21 B.
1963 3795 89 22 Rhodes
2067 3797 23 18 6t
2104 3793 26 22 E.
2141 3792 106 27 Johnson,
2259 3800 28 14 on
2296 3800 26 14 or
2337 3794 76 23 before
2423 3795 36 22 the

1880 3821 48 22 said
1938 3821 59 22 date.
2293 3821 13 7 *■

2247 3845 26 23 P.
2289 3846 31 23 H.
2336 3847 96 24 Gowan.

1906 3874 69 22 River
1984 3874 65 25 Hutt,
2060 3871 64 29 April
2132 3873 35 26 28,
2178 3873 61 21 1843.

1986 3923 129 26 OPENED;
2123 3923 44 21 and
2178 3930 30 14 on
2218 3923 51 23 Sale
2278 3927 25 19 at
2311 3923 39 25 tfie
2360 3926 70 23 Office
2440 3927 26 22 of

1941 3951 45 22 this
1996 3949 75 30 Paper,
2081 3949 40 23 ink
2130 3949 78 23 stands
2217 3951 27 22 of
2250 3952 89 23 various
2349 3953 64 22 sizes.

680 705 96 21 Public
803 706 61 20 Sale
894 706 30 21 of
958 708 45 20 the
1034 708 87 27 Cargo
1159 710 31 21 of
1220 710 43 20 the

850 733 105 22 Robert

681 765 91 48 MR.
784 765 86 22 JOHN
880 766 95 22 WADE
990 767 18 21 is
1019 767 121 23 instructed
1149 773 23 18 to
1187 769 77 27 sellhy

770 792 104 27 Auction,
893 797 22 17 at
931 793 37 22 the
979 793 129 30 Exchange,
1123 796 33 22 Te
1168 797 51 25 Aro,
1236 802 26 15 on

680 817 81 28 Friday
775 821 61 24 next,
851 819 37 22 the
898 820 46 22 2nd
957 820 62 22 June
1029 822 59 26 1843,
1105 825 23 19 at
1137 825 23 20 11
1179 822 83 22 o'clock

679 845 117 27 precicely,
808 846 37 21 the
857 847 68 21 entire

680 877 106 23 CARGO
810 879 39 22 OF
878 880 65 22 THE
961 882 121 21 ROBERT
1100 884 160 26 PULSFORD,

680 912 53 26 (For
742 912 131 27 particulars
882 922 36 14 see
926 915 173 23 advertisement
1108 917 20 21 &
1134 917 126 26 handbills.)

706 944 99 27 Samples
815 945 27 21 of
853 945 37 22 the
906 946 171 23 Miscellaneous
1092 948 97 23 Articles
1200 953 21 18 to
1234 948 26 22 be

678 978 51 14 seen
738 974 23 18 at
772 971 90 23 Messrs.
870 973 114 22 Wallace
996 982 45 13 and
1048 975 58 27 Co's,
1117 976 44 21 and
1170 975 91 29 samples

678 998 27 21 of
716 997 37 23 the
762 998 123 28 Furniture,
898 1004 23 17 at
931 1000 36 21 the
979 1000 129 28 Exchange,
1119 1002 32 22 Te
1161 1003 54 22 Aro.

706 1032 137 28 Wellington
855 1033 54 28 May
918 1035 34 26 30,
963 1036 61 20 1843.

791 1079 42 20 Ex
876 1080 103 21 Robert

679 1113 159 47 MESSRS.
854 1114 152 22 WALLACE
1021 1115 19 21 &
1061 1115 45 22 CO.
1121 1116 44 27 beg
1179 1119 22 19 to
1217 1115 42 23 call

763 1140 38 20 the
812 1141 109 21 attention
933 1142 25 20 of
964 1141 37 21 the
1012 1141 78 22 Public
1101 1145 20 18 to
1133 1143 37 21 the
1177 1143 81 29 f0.110,w-

676 1166 38 26 ing
725 1166 92 26 articles,
829 1174 29 14 ex
867 1168 77 20 Robert
954 1169 108 25 Pulsford,
1069 1169 57 21 from
1137 1169 122 23 Boston:—

703 1199 75 22 White
787 1200 59 27 pine,
858 1200 54 22 hard
923 1202 61 26 ditto,

695 1240 3 5 •
702 1225 110 28 Tobacco,
822 1227 85 26 garden
918 1228 69 27 seeds,

704 1252 80 22 Clover
793 1254 70 26 seeds,
875 1254 79 28 timoty
963 1262 25 14 or
998 1263 59 19 grass
1067 1256 69 28 seeds,

702 1279 97 28 Writing
807 1287 75 21 paper,
894 1282 133 27 turpentine,

703 1306 67 27 Axes,
782 1314 40 14 axe
833 1308 101 26 handles,
945 1308 65 23 hard-
1012 1312 67 19 water
1088 1310 108 28 crackers,

703 1333 70 26 Sugar
781 1333 99 28 biscuits,
892 1334 59 27 soda,

702 1359 59 22 Pilot
768 1361 75 26 bread,
855 1364 67 19 water
932 1362 108 26 crackers,

702 1387 66 21 Brass
779 1387 81 27 clocks,
871 1388 63 21 brass
944 1388 52 22 time
1005 1389 80 27 pieces,

702 1413 87 28 Combs,
801 1414 63 22 dried
873 1415 81 27 apples,
965 1415 87 28 cheese,

702 1441 78 26 Hams,
792 1441 121 27 shoulders,
924 1442 115 27 furniture,
1224 1453 5 12 >
1250 1455 3 3 •

702 1467 182 28 Counting-room
895 1469 78 27 chairs,

701 1495 105 27 Bureaus,
819 1503 55 14 cane
882 1500 48 17 seat
939 1496 79 26 chairs,
1224 1512 11 10 

701 1521 78 28 Fancy
784 1526 36 23 top
831 1522 77 27 chairs,
916 1522 49 22 hair
975 1526 47 19 seat
1031 1523 43 22 and
1080 1524 92 27 rocking
1178 1524 76 28 chains,

700 1548 83 21 Toilets
793 1548 44 22 and
847 1549 59 22 wash
916 1550 84 25 stands,
1214 1554 2 5 '
1226 1560 4 8 :

702 1575 68 22 Small
780 1575 71 22 chairs
860 1576 43 21 and
913 1576 63 22 hens'
985 1576 103 27 feathers,
1217 1586 13 10 >s

701 1602 73 26 Sinks,
785 1602 124 26 bedsteads,
921 1603 42 22 and
977 1604 59 21 work
1047 1604 76 27 tables,
1217 1602 18 23 A

700 1627 58 23 Card
768 1629 70 22 tables
848 1630 45 21 and
904 1630 92 27 looking
1004 1630 88 27 glasses,
1112 1650 5 4 .
1146 1648 4 6 ,
1172 1624 64 39 j«'-J§

701 1655 79 22 Mould
790 1656 95 26 candles,
896 1657 72 22 barrel
980 1665 82 19 covers,
1074 1657 62 22 hand
1143 1658 85 28 spikejg

700 1682 99 28 Dippers,
811 1683 95 22 window
914 1684 82 27 blinds,
1007 1684 59 27 palm
1076 1684 47 23 leaf
1130 1684 56 27 hats,
1200 1681 31 36 jp

677 1729 3 7 ,
695 1728 2 6 ,
700 1708 64 23 Cloth
776 1717 57 19 caps,
846 1710 94 27 cooking
949 1714 80 24 stoves,
1121 1721 17 17 >,;
1198 1706 31 33 fi

700 1736 74 27 Shoes,
786 1737 46 26 boot
832 1737 23 26 3,
866 1737 58 27 glass
934 1745 64 19 ware,
1087 1754 2 3 .
1136 1755 3 7 ,
1165 1748 3 3 •
1222 1738 6 26 J

699 1762 79 23 Whale
788 1763 63 22 boats
860 1764 43 21 and
914 1771 56 19 oars,
1069 1762 5 4 '
1179 1781 1 6 ,
1207 1762 8 30 \
1219 1786 2 6 t
1222 1782 4 5 ,

678 1810 3 6 ,
699 1789 66 22 Nests
775 1790 26 21 of
807 1790 76 26 boxes,
895 1791 120 22 children's
1024 1791 71 27 shoes,
1206 1808 9 6 ..
1225 1815 4 4 j

699 1816 87 28 Lamps,
799 1817 65 22 India
873 1818 80 22 rubber
963 1818 77 27 cloths,
1128 1835 4 4 ,
1207 1835 3 6 .
1223 1836 3 5 ,

699 1843 81 27 Cigars,
792 1844 44 21 and
846 1851 14 14 a
869 1845 84 27 variety
963 1845 26 21 of
1001 1845 63 22 other
1073 1846 73 21 useful
1159 1846 93 23 articles.

699 1877 98 27 Samples
813 1877 27 21 of
851 1877 37 22 the
904 1878 120 22 Furniture
1039 1886 38 14 are
1087 1879 66 22 tobe
1163 1883 90 19 seen^at

669 1903 38 21 the
718 1903 125 28 Exchange,
855 1905 32 21 Te
899 1905 53 27 Aro,
961 1905 45 22 and
1015 1906 95 27 samples
1120 1907 26 21 of
1153 1907 38 21 the
1200 1907 52 22 mis-

669 1929 124 23 cellaneous
801 1931 72 26 goods
882 1935 22 18 at
914 1932 37 21 the
962 1933 74 21 Stores
1047 1934 23 20 of
1174 1931 11 12 *
1195 1943 3 7 <
1219 1941 3 3 •

1021 1966 117 22 Wallace
1149 1967 24 22 &
1186 1961 38 28 CoJ

697 1995 139 27 Wellington,
849 1996 56 27 May
914 1997 34 26 23,
960 1998 61 21 1843.
1217 2013 8 6 .

668 2030 7 16 f
675 2043 4 3 _
732 2032 14 6 „
850 2034 2 4 ,
940 2030 3 11 ,
992 2025 29 26 _^
1141 2034 4 6 .
1204 2015 45 27 .JL*
1256 2037 4 6 ,

852 2047 43 20 Ex
1217 2051 5 20 \

669 2084 102 35 (\i\i\
801 2085 99 22 BAGS
929 2086 99 26 rice,

670 2108 101 24 vIW
800 2112 41 21 350
855 2112 53 27 bags
918 2112 45 21 fine
974 2112 65 22 white
1049 2121 72 19 sugar,

800 2140 41 20 900
855 2139 53 27 bags
918 2139 76 22 brown
1003 2147 72 20 sugar,

695 2166 39 20 150
747 2164 54 27 bags
811 2166 76 26 coffee,

695 2191 89 25 150,000
798 2192 95 22 Manilla
903 2192 77 28 cigars,
992 2193 42 22 No.
1044 2195 21 25 3,

693 2219 28 20 50
734 2225 61 15 cases
804 2219 46 27 gin,

693 2246 27 20 25
734 2245 64 22 casks
807 2253 57 20 rum,

693 2272 56 21 Teas
760 2272 25 21 of
796 2272 49 21 first
861 2272 92 28 quality,
965 2273 43 22 viz.
1009 2285 27 4 —
1038 2281 78 21 Congo,
1128 2275 119 28 souchong,

666 2298 124 28 pouchong,
800 2299 79 27 pekoe,
888 2299 46 22 and
944 2300 142 28 gunpowder,

693 2325 96 22 Manilla
798 2333 60 20 rope,
870 2326 98 22 assorted
979 2328 61 27 sizes,

693 2352 93 28 Pepper,
798 2353 125 27 cinnam«n,
935 2354 40 21 &c.
986 2355 41 21 &c.

844 2387 131 27 RIDGWAYS,
993 2388 106 27 GuYTON,
1114 2389 21 21 &
1149 2389 74 23 EaRP,

693 2420 140 28 Wellington,
843 2421 55 27 May
909 2422 32 26 17,
953 2423 61 20 1843.

772 2474 54 19 For
845 2473 68 25 Sale,
934 2479 35 14 ex

669 2506 18 31 1
707 2505 25 32 X
754 2504 105 33 Oftft
888 2504 121 27 SLATES,

669 2527 190 36 LOyXJUU
887 2532 27 21 40
942 2532 82 22 barrels
1046 2531 60 23 fresh
1129 2532 119 23 American

860 2557 63 27 flour,

690 2585 15 20 4
719 2584 63 21 hhds.
793 2583 113 28 Barclay's
915 2588 67 24 stout,

692 2612 26 20 10
732 2611 77 21 firkins
821 2610 58 22 Cork
889 2611 79 28 butter,

691 2639 9 19 1
718 2638 65 21 tierce
793 2637 77 27 coffee,

691 2666 9 19 1
717 2664 53 22 hhd.
780 2664 85 22 refined
874 2672 72 20 sugar,

690 2693 10 19 1
717 2691 70 21 barrel
796 2691 64 22 West
869 2691 66 23 India
946 2700 72 20 sugar,

690 2719 53 21 1000
757 2718 112 27 Rodney's
878 2723 78 23 patent
964 2719 65 23 horse
1039 2719 64 23 shoes
1113 2721 45 21 and
1167 2721 61 27 nails,

688 2746 14 20 3
717 2751 65 15 cases'
791 2745 156 28 gentlemen's,
963 2746 84 27 ladies',
1064 2748 45 21 and
1123 2748 120 22 children's

660 2771 65 22 shoes
733 2771 25 22 in
768 2771 30 22 all
808 2771 109 28 varieties,

688 2800 14 20 2
717 2805 60 15 cases
787 2799 80 21 double
878 2799 97 23 Glo'ster
984 2800 87 28 cheese,
1086 2807 7 7 '

689 2825 25 21 15
729 2832 62 15 caser
800 2825 101 22 oilman's
917 2830 70 19 stores
998 2828 25 21 of
1036 2828 38 22 the
1083 2836 55 20 very
1146 2829 50 22 best
1205 2828 38 22 de-

660 2852 113 27 scription,
786 2852 45 22 and
841 2860 13 14 a
864 2857 63 22 great
933 2855 93 26 variety,

686 2880 15 20 2
714 2886 61 14 cases
785 2879 79 22 sedlitz
873 2881 99 26 powders
982 2881 25 22 in
1017 2881 75 28 bottle,

686 2907 14 19 6
714 2913 61 15 cases
789 2906 100 27 brushes,
906 2908 83 26 combs,
1001 2908 46 22 and
1062 2909 134 28 perfumery,
1206 2909 34 22 in-

659 2932 91 27 cluding
759 2933 49 21 Eau
817 2933 29 21 de
857 2933 104 28 Cologne,
972 2935 40 22 &c.
1024 2936 47 27 &c,

684 2961 15 20 3
713 2966 60 16 cases
782 2960 86 22 bottled
877 2961 65 21 fruits
951 2961 47 22 and
1005 2970 119 20 preserves,

685 2987 11 21 1
713 2986 61 22 chest
784 2987 98 27 superior
892 2988 76 27 Congo
981 2991 42 24 tea,

685 3015 11 20 1
712 3020 49 15 case
772 3014 126 27 stationery,
925 3031 2 4 .

683 3040 167 28 Ironmongery,
862 3041 114 28 crockery,
984 3042 45 22 fine
1038 3043 66 26 glass,

683 3067 148 28 Gunpowder,
841 3071 79 25 patent
928 3068 56 28 shot,
996 3070 88 27 powder
1092 3071 75 28 flasks,

683 3094 91 22 Garden
785 3095 70 26 seeds,
867 3095 148 28 choice-grass
1024 3097 70 28 seeds,

682 3121 57 23 Seed
747 3122 79 27 wheat,
838 3123 83 26 barley,
933 3123 44 22 and
987 3126 54 24 oats,

682 3148 59 22 Slate
753 3148 99 28 cisterns,
864 3149 79 23 hearth
953 3154 80 23 stones,
1043 3151 106 28 chimney
1156 3151 80 28 pieces,

653 3174 47 22 and
709 3175 83 26 paving
801 3175 75 28 slates,
880 3189 3 7 •

681 3201 105 23 National
812 3202 80 22 School
912 3203 74 28 slates,
1010 3205 52 22 -well
1085 3205 96 28 adapted
1204 3205 34 22 for

653 3227 82 21 Native
747 3227 69 26 trade,

665 3273 3 3 .
681 3253 118 28 Cutlasses,
808 3255 42 22 bill
859 3255 78 28 hooks,
947 3257 44 22 fish
1000 3257 79 28 hooks,
1090 3259 46 22 and
1149 3266 88 15 numer-

643 3286 3 7 ■
653 3287 40 15 ous
703 3279 63 23 other
775 3281 95 23 articles.

707 3307 75 28 Apply
792 3312 22 17 at
824 3308 38 22 the
875 3309 74 23 Stores
959 3310 26 22 of

933 3341 35 22 W.
984 3342 26 22 B.
1026 3342 95 24 Rhodes
1136 3344 21 22 &
1172 3344 37 22 Co.

681 3365 65 28 April
757 3368 34 25 22,
802 3368 60 21 1843.

705 3419 39 19 To
761 3419 82 21 stand
857 3420 29 20 to
902 3426 82 15 cover
1003 3421 54 21 this
1072 3427 108 21 season,

808 3453 33 20 At
848 3454 141 27 Berhampore
1001 3456 72 27 Farm,

651 3486 92 35 npHE
770 3487 50 22 well
847 3488 80 23 known
955 3489 111 29 thorough
1088 3491 56 22 bred
1172 3492 61 22 horse

650 3530 17 9 lr
667 3511 20 23 L
714 3513 97 28 Figaro,
822 3514 38 23 the
870 3520 105 24 property
984 3517 26 22 of
1017 3517 84 27 James,
1104 3519 69 27 Watt,
1181 3518 51 27 Esq.

676 3539 82 28 Figaro
765 3548 45 15 was
819 3541 75 23 foaled
903 3543 24 21 in
937 3543 132 29 December,
1086 3545 60 27 1837,
1156 3549 40 24 got
1205 3545 30 27 by

650 3566 115 28 Operator,
778 3567 51 22 dam
841 3568 109 23 Adelaide
958 3570 32 28 by
1000 3571 103 26 T,eorum.
1112 3590 2 7 ,
1139 3582 10 15 .;

676 3593 111 27 Operator
795 3602 46 15 was
850 3596 77 22 foaled
934 3594 24 24 in
972 3599 60 25 1832,
1042 3602 41 23 got
1092 3599 30 27 by
1132 3598 100 27 Emilius,

650 3619 51 22 dam
711 3620 123 23 Worthless
842 3622 32 28 by
883 3622 98 29 Walton,
992 3620 39 27 but
1040 3626 26 21 of
1073 3621 123 29 A'ltisidora
1204 3625 31 27 by

648 3646 61 22 Dick
719 3647 115 23 Andrews.
1109 3660 7 9 *

674 3678 74 28 Every
756 3680 106 22 attention
872 3681 45 22 will
931 3681 29 23 be
975 3683 53 26 paid
1037 3685 22 19 to
1067 3690 75 15 mares
1151 3685 50 20 sent
1209 3685 23 19 to

646 3704 55 22 him.

675 3731 104 28 Charges,
803 3733 56 21 with
880 3738 128 25 guarantee,
1034 3743 70 15 seven
1126 3736 105 28 guineas;

646 3758 93 22 without
754 3763 128 24 guarantee,
900 3761 44 23 five
959 3763 100 27 guineas,
1070 3770 120 20 groomage
1199 3763 30 21 in-

646 3785 88 22 cluded.

673 3818 144 29 Wellington,
829 3821 140 28 October,2s,
981 3824 60 21 1832.

837 3874 204 27 J.M.Taylor,
1171 3876 30 31 'fo

659 3904 153 24 LICENSED
825 3898 252 32 'CUSTOM-HOUSE
1101 3908 114 28 AG.ENT,

892 3935 35 26 it'
935 3946 51 15 aro.
1197 3949 3 4 •

62 703 55 20 For
139 703 148 20 Auckland
310 703 55 20 and
388 703 58 26 Bay
471 703 29 21 of
526 703 120 26 Islands,

177 729 102 26 calling
293 731 28 19 at
335 729 118 26 Poverty
466 730 66 25 Bay.

102 759 80 40 •>jSjSL
229 766 89 33 rpiHE
343 766 108 21 schooner
476 767 122 27 Columbine,
619 769 27 20 68

92 788 110 38 ABaSsgv
235 788 29 25 JL
301 795 49 19 tons
369 792 104 27 burthen,
494 793 29 22 A.
548 795 98 21 Stratton

88 816 132 37 luOK^g^
240 820 87 24 master,
347 818 19 22 is
386 819 60 26 daily
465 821 115 26 expected,
601 821 45 21 and

66 842 154 36 -CTf*y/j*fyr~
239 844 45 22 will
293 845 56 21 have
359 845 130 23 immediate
500 847 100 27 dispatch
612 847 36 22 for

63 866 161 33 6S55>Mr
286 872 70 21 above
372 875 67 24 ports.
469 873 44 22 For
522 873 83 28 freight
622 881 24 15 or

236 905 99 21 passage,
346 899 67 27 apply
423 903 22 17 to

319 933 77 27 HoRT,
413 934 115 23 MOCATTA
543 935 21 22 &
578 936 39 21 Co.

88 967 33 21 Te
131 966 56 27 Aro,
198 966 56 27 May
264 968 31 25 11,
307 969 61 20 1843.

108 1018 43 22 HE
194 1017 129 23 CHURCH
369 1018 159 22 BUILDING
570 1020 76 21 COM-

121 1044 118 23 MITTEE
250 1052 36 13 are
295 1044 69 28 ready
373 1048 25 19 to
407 1045 88 22 receive
505 1046 97 21 Tenders
612 1046 35 22 for

57 1071 84 27 Bricks,
161 1070 71 26 Lime,
243 1071 45 21 and
302 1071 99 27 Timber,
412 1075 23 18 to
450 1072 28 21 be
488 1072 113 22 delivered
617 1080 29 14 on

57 1099 46 21 the-
114 1096 94 29 ground.
238 1097 44 21 For
299 1098 131 26 particulars
444 1099 67 27 apply
530 1102 23 18 to
570 1100 31 20 H.
622 1100 23 20 S.

57 1126 123 24 Knowles,
192 1124 62 21 Hon.
266 1124 120 27 Secretary,
399 1131 29 15 on
438 1131 24 15 or
473 1125 74 22 before
563 1126 82 21 Thurs-

57 1152 43 26 day
109 1155 61 21 next,
184 1152 33 20 Ist
226 1150 66 21 June.

178 1202 118 20 Wanted
310 1203 30 19 to
356 1202 159 26 Exchange,

54 1237 51 47 A
119 1234 149 23 COUNTRY
290 1233 140 27 SECTION,
446 1234 44 20 No.
509 1234 28 22 37
556 1241 28 15 on
604 1234 39 24 the

133 1260 131 27 Surveyor's
282 1260 64 27 Plan,
363 1260 82 22 chosen
464 1260 31 27 by
511 1261 47 21 Mr.
578 1261 66 22 Child

54 1293 23 18 at
92 1289 38 21 the
146 1288 137 26 Manawatu,
299 1287 35 21 for
349 1294 28 14 an
397 1287 131 22 unselected
543 1288 101 27 Country

53 1317 94 23 Section,
154 1316 24 21 in
189 1314 38 21 the
238 1314 57 22 First
305 1314 141 22 Settlement.
476 1314 76 28 Apply
562 1319 22 17 to

340 1347 35 22 W.
391 1348 29 21 V.
436 1348 108 26 Brewer,
561 1348 52 28 Esq.

81 1376 116 26 February
208 1375 33 26 17,
254 1376 60 21 1843.
415 1399 2 5 ,

281 1421 54 20 For
349 1421 70 24 Sale,

57 1456 92 49 THE
165 1454 142 22 COTTAGE
322 1454 95 21 situated
428 1454 24 22 in
469 1455 99 22 Oriental
585 1456 56 26 Bay,

131 1481 45 23 and
191 1481 68 27 lately
267 1481 106 27 occupied
388 1481 31 27 by
429 1481 37 22 the
483 1482 158 27 undersigned;

56 1510 22 22 A
92 1510 53 26 long
163 1508 59 21 lease
241 1508 25 21 of
282 1507 37 22 the
335 1508 83 21 section
434 1515 58 21 upon
512 1508 72 23 which
604 1509 38 23 the

55 1537 68 22 house
133 1535 76 23 stands
219 1535 44 21 will
272 1535 27 20 be
309 1535 103 27 granted.

81 1564 69 21 Town
159 1562 56 21 land
224 1562 44 21 will
276 1562 28 21 be
313 1562 68 21 taken
391 1562 24 21 in
425 1562 121 28 exchange.

83 1591 42 22 For
133 1589 85 23 further
227 1588 134 28 particulars,
373 1588 67 28 apply
449 1591 24 19 to

375 1627 97 22 George
486 1627 89 27 Duppa,
590 1635 25 14 or

373 1662 37 20 W.
426 1661 28 22 V.
470 1662 102 21 Brewer

57 1714 65 49 TO
140 1712 41 23 BE
201 1712 85 25 SOLD,
301 1712 24 21 in
341 1712 42 21 lots
398 1715 23 18 to
441 1712 44 21 suit
502 1712 138 27 purchasers,

120 1740 39 22 the
174 1739 70 22 whole
262 1738 25 22 of
297 1742 59 18 town
372 1746 50 15 acre
438 1739 44 22 No.
494 1741 46 24 134,
558 1747 28 14 on
601 1739 39 21 the

53 1768 52 27 plan
116 1768 24 21 of
144 1767 38 21 the
187 1766 66 21 Town
262 1765 23 22 of
288 1765 233 27 Wellington/having
526 1766 114 28 frontages

54 1798 22 18 to
85 1792 189 24 Taranaki-street
284 1792 44 22 and
339 1793 195 26 Ingestrie-street.
562 1794 78 21 Terms

51 1820 84 23 liberal.
165 1820 74 28 Apply
250 1823 22 18 to
390 1827 3 10 <

388 1846 36 21 W.
436 1846 28 22 V.
475 1846 107 28 Brewer;
620 1846 2 4 '
637 1850 3 6 '

445 1878 195 23 Manners-street:

55 1926 71 49 ON
141 1924 86 26 SALE,
236 1927 23 18 at
267 1924 36 21 the
314 1924 74 21 Stores
398 1924 24 21 of
431 1923 36 22 the
478 1924 157 27 undersigned,

131 1960 28 15 ex
168 1952 73 21 Scotia
243 1962 26 4 —

161 1983 75 27 Flour,

161 2011 63 25 Rice,

151 2034 92 27 ■■Bugaty
312 2041 4 3 '
382 2034 4 4 '
445 2039 2 5 '
467 2036 4 6 '
576 2036 8 5 *

160 2060 100 27 Brandy,-

160 2087 90 21 Bottled
260 2087 33 21 ale
302 2088 43 20 and
356 2091 83 24 porter,
452 2088 101 27 Dunbar,

294 2121 98 21 Thomas
408 2121 37 21 M.
457 2121 149 22 Maciiattie.

79 2147 63 28 April
152 2148 20 24 7,
185 2148 59 20 1843.
620 2144 16 38 '_

78 2193 42 20 Ex
347 2193 56 19 and
447 2193 69 20 New
530 2193 78 20 York

55 2255 100 22 OAA
171 2255 101 22 BOXES
287 2256 38 21 OF
342 2256 149 27 CANDLES,

50 2277 105 26 OW
185 2283 103 26 Superior
298 2283 96 21 Manilla
405 2283 77 27 cigars,

185 2309 101 28 Superior
299 2309 93 22 London
408 2310 65 21 made
487 2310 146 27 gentlemen's

51 2336 105 30 clothing.

78 2370 32 22 At
118 2370 37 22 the
166 2370 73 21 Stores
249 2370 25 21 of

373 2397 23 22 J.
412 2397 33 22 M.
460 2397 103 28 Taylor,

503 2430 32 21 Te
550 2430 71 22 Aro.

78 2455 78 22 March
166 2456 33 25 21,
212 2456 61 21 1843.

213 2501 89 20 Beach
319 2502 145 26 Frontage.

52 2535 63 47 TO
130 2534 38 23 BE
184 2533 64 28 LET,
264 2534 70 22 beach
344 2535 101 26 frontage
459 2535 43 23 lots
513 2537 24 20 in
547 2539 85 20 section

120 2563 41 21 490
171 2568 29 14 on
217 2561 37 21 the
264 2561 54 22 Plan
330 2562 26 21 of
363 2562 38 21 the
410 2563 68 22 Town
493 2563 26 22 of
525 2563 107 28 Welling-

48 2590 45 23 ton,
104 2588 114 27 adjoining
229 2589 42 21 Mr.
279 2588 88 22 Taine's
375 2592 68 24 stoi'e;
458 2590 46 21 and
512 2591 25 20 in
547 2591 84 22 section

46 2616 47 25 <316,
101 2615 99 22 between
209 2615 74 27 Major
291 2615 91 22 Baker's
392 2616 44 21 and
445 2617 44 21 Mr.
498 2617 133 23 Swainson's

48 2640 85 24 houses.

74 2669 54 21 Also
137 2669 38 21 the
184 2667 112 29 following
305 2669 97 22 sections
412 2677 29 14 on
451 2670 38 21 the
497 2671 56 21 Plan
561 2671 26 22 of
593 2671 38 22 the

46 2693 75 30 Town,
132 2696 45 21 viz:
180 2706 28 5 —

147 2723 27 21 55
309 2724 42 20 319
499 2725 41 20 922

133 2750 42 21 240
309 2749 40 22 718
486 2751 54 22 1079

72 2775 73 28 Apply
160 2778 24 19 to

220 2802 26 22 E.
263 2802 21 22 J.
299 2802 150 29 Wakefield,
464 2811 26 14 or

219 2834 36 21 W.
270 2834 27 22 V.
312 2835 109 27 Brewer,
436 2836 191 23 Manners-street.

272 2886 40 19 On
326 2886 72 25 Sale,

46 2918 89 48 THE
165 2918 73 21 NEW
262 2918 151 23 ZEALAND
441 2919 185 28 PORTFOLIO,

117 2944 126 22 conducted
260 2945 30 27 by
308 2945 32 22 H.
356 2947 23 21 S.
398 2947 121 27 Chapman,
541 2947 36 27 (of
588 2948 38 22 the

44 2970 85 23 Middle
136 2972 110 27 Temple,)
257 2972 212 24 Barrister-at-Law.

69 3005 43 21 No.
125 3005 19 22 I.
145 3015 28 5 —
174 3005 22 20 A
211 3005 76 22 Letter
301 3008 23 20 to
344 3006 36 22 the
398 3006 69 28 Right
485 3007 61 22 Hon.
565 3008 60 22 Lord

43 3030 95 29 Stanley,
158 3032 116 27 Secretary
293 3034 25 21 of
335 3034 60 21 State
415 3034 35 21 for
467 3034 39 22 the
525 3034 100 23 Colonial

43 3057 152 28 Department,
229 3059 35 21 On
271 3059 36 22 the
313 3060 189 23 Administration
507 3062 26 21 of
537 3062 86 22 Justice

41 3083 22 23 in
74 3081 55 26 New

67 3111 45 22 No.
125 3112 33 21 II.
159 3121 29 5 —
189 3111 78 21 Letter
278 3114 22 19 to
316 3110 61 24 John
391 3113 60 22 Abel
466 3114 79 28 Smith,
561 3115 60 28 Esq.,

42 3137 69 27 M.P.,
189 3137 38 21 the
232 3137 144 28 Advantages
382 3140 73 22 which
459 3141 76 22 would
543 3149 79 15 accrue

39 3165 28 20 to-
72 3162 95 29 English
177 3163 124 28 Capitalists
304 3165 62 25 .from
377 3165 38 22 the
426 3167 165 23 establishment
600 3169 26 22 of

39 3196 15 15 a
61 3191 60 20 Loan
133 3191 103 25 Company
244 3191 34 21 for
286 3192 53 20 New
347 3193 99 26 Zealand,
457 3194 84 21 similar
552 3198 23 18 to
584 3195 38 22 the

39 3217 129 24 Australian
177 3217 66 21 Trust
405 3217 3 9 '

65 3244 45 22 No.
121 3245 76 21 III.—
269 3244 96 23 Address
376 3248 23 19 to
408 3245 38 22 the
456 3246 56 22 New
521 3247 101 23 Zealand

40 3269 64 24 Land
114 3271 138 29 Proprietors
260 3271 97 22 resident
370 3272 24 21 in
404 3272 37 22 the
451 3273 85 22 United
551 3274 70 27 King-

39 3296 58 29 dom,
109 3305 29 15 on
153 3298 85 23 several
253 3301 91 20 matters
353 3299 26 22 of
385 3299 138 28 importance
532 3304 23 18 to
565 3300 57 23 their

63 3358 45 22 No.
123 3358 43 22 IV.
166 3369 29 4 —
278 3359 36 22 the
335 3360 116 22 Financial
469 3361 113 22 condition
597 3362 27 22 of

39 3382 54 24 New
234 3386 31 27 by
274 3386 91 23 Charles
374 3387 76 28 Terry,
461 3387 60 28 Esq.,
531 3388 87 26 F.R.S.,

39 3413 77 21 x.o.A.

224 3446 68 16 PRICE
309 3448 120 15 SIXPENCE.

65 3470 86 22 Gazette
161 3470 78 28 Office,
251 3471 86 28 March,
349 3474 61 21 1843.

40 3520 85 49 FOR
138 3521 86 28 SALE,
240 3529 29 15 ex
281 3524 117 26 Margaret,
410 3525 47 27 &c.,

107 3549 30 28 25,
147 3549 79 22 tierces
235 3549 56 27 beef,

62 3575 14 20 3
89 3578 48 20 tans
147 3575 96 23 colonial
253 3576 49 27 hay,

62 3602 14 20 3
89 3603 49 21 tons
149 3602 60 23 Siam
219 3610 72 20 sugar,

62 3628 27 20 30
102 3629 82 25 barrels,
194 3628 85 24 bottled
288 3629 41 28 ale,

62 3654 27 21 50
100 3655 69 23 boxes
177 3658 44 22 tea,

62 3680 26 22 50
102 3682 37 22 ash
153 3689 56 20 oars,

62 3707 26 21 30
101 3710 48 21 tons
159 3714 55 22 coal,

62 3732 57 29 Port,
130 3735 82 28 sherry,
224 3736 44 22 and
283 3737 103 23 Madiera
393 3738 25 22 in
432 3739 75 28 bottle,
518 3739 97 23 Ruther-

37 3761 47 20 lord
93 3761 42 22 and
144 3763 94 28 Drnry's
247 3763 77 28 brand,

61 3785 98 30 Liquers,
169 3788 24 22 in
203 3789 74 24 dozen,
284 3798 67 20 cases,
375 3812 4 3 .

62 3813 146 30 Champagne,

60 3837 95 31 Brandy,
165 3848 56 21 rum,
233 3843 43 22 and
284 3843 38 28 gin
332 3845 24 21 in
366 3845 73 28 hhds.,

60 3866 29 21 3tt
99 3869 48 21 tons
155 3868 50 22 best
213 3870 90 28 Sydney
314 3871 66 27 flour,

61 3892 27 21 50
100 3895 50 21 tons
159 3894 87 25 Chilian
256 3897 63 28 flour,
332 3906 32 14 ex.
372 3899 105 26 Cheerful.

343 3932 84 24 Waitt
440 3935 45 22 and
499 3935 83 23 Tyser.
