2520 4020
86 129 87 23 Section
183 131 20 19 2.
217 128 83 21 Enacts
310 127 48 22 that
390 128 90 27 Sealing
494 127 57 23 shall
562 131 41 19 not
611 129 27 21 be

61 162 113 19 necessary
189 157 78 24 except
282 154 64 22 when
362 161 14 14 a
392 154 57 22 deed
465 155 19 21 is
500 154 65 22 made
582 155 30 27 by
626 162 12 14 a

260 180 118 27 Fonneily,
390 180 65 22 when
471 181 109 28 clerkship
594 188 44 14 was

60 218 12 14 a
88 215 47 15 rare
150 206 206 28 accomplishment,
373 207 87 27 sealing
476 214 43 15 was
537 207 37 22 the
591 207 47 22 best

59 234 89 24 method
158 234 26 20 of
194 233 117 21 execution
320 234 79 20 -which
414 234 67 21 could
495 234 27 22 be
539 231 98 25 devised.

60 262 61 22 Since
131 260 39 21 tha
180 260 52 21 time
242 260 27 21 of
276 260 90 21 Charles
373 260 52 26 2nd,
434 260 88 27 signing
530 260 42 22 has
581 260 57 22 been

59 286 100 29 required
169 286 112 21 wherever
292 286 82 27 sealing
384 293 45 15 was
438 287 81 27 before,
528 287 46 21 and
584 287 54 21 seal-

59 316 38 25 ing
106 312 158 28 consequently
273 313 92 21 became
379 320 14 14 a
403 321 60 13 mere
473 314 64 20 form.
567 313 22 21 It
598 314 40 22 has

59 340 106 22 therefore
186 340 55 20 been
259 340 102 26 properly
378 340 90 26 enough
485 340 114 21 abolished
614 340 23 21 in

59 368 35 20 the
106 373 48 14 case
165 366 26 21 of
201 366 85 26 private
297 371 90 21 persons
396 374 5 18 ;
417 366 40 21 but
471 373 28 14 no
514 366 58 27 good
589 373 48 15 rea-

60 401 37 14 son
107 399 91 20 appears
207 391 35 22 for
250 393 111 26 retaining
370 393 18 21 it
403 393 23 21 in
441 393 37 21 the
489 399 48 15 case
547 394 26 20 of
586 393 52 21 Cor-

57 419 117 29 porations.
218 415 157 26 Considerable
398 419 176 22 inconvenience
598 418 39 23 has

59 446 69 22 arisen
138 448 23 18 at
169 445 65 21 times
244 445 24 21 in
279 445 105 27 England
398 446 57 21 from
465 446 37 21 the
512 446 125 27 incapacity

59 472 59 22 there
137 472 26 21 of
185 472 163 26 Corporations-
358 475 22 18 to
404 475 98 19 contract
521 472 115 22 otherwise

58 499 51 22 than
119 498 71 21 under
205 498 59 22 Seal.
292 499 80 27 Mayor
387 499 26 21 of
424 498 90 23 Ludlow
530 505 19 15 v.
560 499 77 22 Charl-

57 529 43 22 ton,
112 524 56 22 6M.
180 524 42 22 and
239 524 42 28 W.,
299 526 47 21 815.
373 525 90 22 Church
479 531 18 16 ».
514 525 59 27 Imp.
592 526 44 21 Gas

59 552 36 21 Co.
111 553 14 20 6
139 551 29 22 A.
184 552 45 21 and
243 552 27 21 E.
283 553 47 20 864.
359 552 47 21 The
424 552 116 27 exception
557 552 27 21 of
594 559 42 19 any

57 577 118 29 particular
194 578 55 22 class
266 578 26 21 of
311 585 92 21 persons
421 578 58 21 from
496 578 36 21 the
547 578 89 26 general

57 604 55 23 rules
131 604 29 21 of-
168 604 108 22 -business
290 604 19 22 is
326 612 53 25 very
396 608 38 24 apt
448 608 22 18 to
485 606 101 20 occasion
602 605 34 21 in-

57 631 83 22 stances
156 631 28 21 of
204 630 106 29 hardship
331 631 44 22 and
393 638 82 20 wrong,
496 631 43 22 and
558 631 80 22 should,

56 665 65 15 never
129 657 29 22 be
167 657 119 28 permitted
301 658 90 21 without
404 658 58 27 good
475 665 85 14 reason.
589 658 47 22 The

57 684 115 26 signature-
185 684 25 21 of
229 684 37 21 the
281 684 82 28 Mayor
378 692 25 13 or
419 685 63 22 other
498 684 77 22 officer
587 684 49 23 who

56 718 48 15 now
115 710 64 22 holds
192 710 40 22 the
250 711 59 26 seal,-
321 711 72 22 would
410 718 85 15 answer-

55 745 51 19 pose
116 737 71 22 which
196 737 17 21 it
222 745 49 18 can,
283 738 45 21 and
337 738 28 21 be
379 738 46 21 free
441 737 56 22 from
513 737 35 22 the
558 738 78 21 incon-

54 764 116 20 veniences
178 764 89 20 alluded
281 768 30 16 to»
319 778 3 3 -

83 791 85 21 Section
188 792 20 20 4.
224 790 84 22 Enacts
327 790 48 22 that
467 790 169 28 acknowledge-

56 817 95 22 ment'of
163 817 38 22 the
209 818 85 26 receipt
301 817 26 21 of
333 817 35 22 the
380 818 162 21 consideration
554 825 81 20 money

55 845 22 20 in
97 844 36 21 the
152 844 59 26 body
227 844 26 21 of
270 851 13 14 a
298 844 66 21 Deed
379 844 56 21 shall
450 844 29 21 be
488 851 24 14 as
521 844 59 22 valid
591 846 45 21 and

55 870 105 22 effectual-
165 878 24 15 as
198 870 19 22 if
230 870 38 21 the
278 878 61 14 same
350 870 43 22 bad
404 869 47 23 also
460 871 56 22 been
527 871 108 22 endorsed

53 898 113 21 thereon.'-'
202 896 48 23 The
264 898 106 26 meaning
385 898 23 21 of
423 898 42 21 this
475 898 84 22 section
568 898 19 23 is
596 903 40 17 not

54 931 52 21 very
116 927 114 25 apparent.
260 924 33 27 By
304 924 38 21 the
358 924 93 27 English
465 924 41 23 law
523 933 14 14 a
552 926 84 27 receipt

52 954 40 18 not
100 951 72 22 under
186 951 45 22 seal
241 950 52 22 does
304 954 38 18 not
351 956 90 22 operate
451 959 23 14 as
492 959 12 14 a
519 952 115 28 discharge

53 978 25 20 of
89 978 37 21 the
137 978 54 21 debt
199 978 98 21 referred
307 982 21 17 to
339 978 22 21 in
372 978 24 26 it,
408 978 40 22 but
464 978 19 21 is
497 978 52 28 only
565 980 71 26 prima

52 1004 56 21 facie
119 1004 107 22 evidence
236 1005 26 21 of
273 1004 27 21 its
311 1004 123 28 discharge,
445 1005 45 22 and
506 1006 17 21 il
537 1007 23 20 in
576 1007 60 21 truth

52 1030 15 21 it
78 1030 41 21 has
128 1034 39 18 not
175 1032 57 21 been
243 1031 59 27 paid,
314 1032 37 21 the
360 1032 46 21 fact
415 1039 52 20 may
476 1032 27 22 be
513 1033 83 27 proved
606 1033 30 29 by

53 1057 62 21 other
125 1058 111 21 evidence.
267 1058 44 21 But
320 1065 14 14 a
344 1059 82 27 receipt
436 1058 70 23 under
514 1060 46 21 seal
570 1060 66 27 being

53 1084 107 26 supposed
170 1088 22 17 to
203 1091 85 18 possess
293 1089 87 21 greater
389 1085 111 27 formality
510 1086 18 22 is
537 1091 40 16 not
586 1094 49 20 per-

52 1110 76 22 mitted
138 1110 23 21 in
169 1117 17 14 a
196 1109 68 22 Court
273 1111 25 20 of
309 1111 108 21 Common
436 1112 59 26 Law,
507 1116 22 17 to
540 1113 27 21 be
583 1121 52 14 con-

53 1136 116 27 tradicted;
189 1135 37 22 ihe
243 1137 81 31 parties
339 1141 21 17 to
370 1144 24 14 so
405 1138 78 21 formal
493 1145 13 14 a
516 1139 119 23 document

53 1171 36 14 are
95 1163 48 22 said
152 1163 23 21 in
186 1170 13 14 a
210 1163 108 21 technical
326 1164 82 26 phraze
417 1166 22 19 to
446 1164 28 21 be
507 1166 107 27 estopped

52 1191 54 21 from
116 1189 111 28 disputing
237 1190 23 21 it.
304 1190 28 21 So
349 1190 72 21 where
438 1197 13 14 a
460 1192 84 27 receipt
553 1192 18 21 is
582 1200 52 14 con-

53 1217 71 22 tained
133 1217 23 20 in
166 1223 14 14 a
190 1217 64 20 Deed
266 1216 70 21 under
346 1217 52 25 seal,
410 1217 45 21 and
472 1218 23 21 in
511 1218 98 22 addition
620 1227 14 14 a

52 1243 81 27 receipt
149 1246 40 18 not
201 1243 73 21 under
288 1243 46 21 seal
349 1243 17 21 is
380 1243 107 22 indorsed
500 1251 59 21 upon
570 1246 24 26 it,
612 1246 23 26 (a

53 1277 105 15 common-
163 1270 106 27 practice)
280 1270 38 21 the
326 1270 65 21 latter
401 1270 19 21 is
431 1271 82 27 merely
525 1276 109 24 nugatory

53 1297 40 22 and
109 1297 37 21 the
165 1296 83 28 receipt
264 1296 24 21 in
304 1296 38 22 the
358 1297 58 26 body
433 1297 24 21 of
469 1298 37 21 the
522 1298 65 22 Deed
598 1299 36 22 the

53 1324 119 26 important
190 1330 42 14 one
240 1331 5 19 ;
268 1323 47 21 that
333 1323 18 21 is
368 1326 21 18 to
406 1331 46 21 say,
472 1324 37 22 the
524 1325 110 23 endorsed

53 1350 86 27 receipt,
159 1350 24 21 in
193 1350 36 21 the
241 1350 94 21 absence
346 1350 25 21 of
382 1357 41 14 one
438 1352 23 20 in
480 1352 36 21 the
532 1352 66 27 body,
616 1353 18 21 is

52 1378 42 21 less
104 1377 101 22 effectual
215 1377 54 20 than
280 1384 41 13 one
331 1377 23 21 in
368 1377 38 22 the
416 1378 59 26 body
489 1378 73 22 would
579 1380 55 21 have

53 1404 53 21 been
114 1411 5 19 ;
135 1403 94 27 coupled
239 1403 51 22 with
301 1411 43 13 one
353 1403 22 22 in
391 1404 38 21 the
445 1404 56 28 body
517 1406 18 21 it
552 1405 39 22 has
605 1413 29 14 no

52 1430 89 27 validity
151 1433 22 18 at
183 1429 34 27 all,
231 1429 48 22 that
286 1430 25 21 in
322 1430 37 21 the
366 1430 60 27 body
434 1431 65 27 being
507 1432 127 23 conclusive

53 1457 42 22 and
105 1457 100 21 effectual
215 1457 23 20 in
249 1457 65 20 itself.
354 1457 72 22 Baker
444 1465 19 14 v.
483 1459 75 27 Dewy,
577 1462 18 19 1.
608 1460 23 21 B.

53 1484 42 21 and
106 1484 22 21 C.
140 1485 47 20 701.
220 1483 54 22 This
285 1484 17 20 is
313 1483 36 22 the
359 1484 47 21 rule
417 1488 23 17 at
450 1486 105 21 Common
568 1486 51 22 Law
627 1496 6 19 ;

52 1512 21 20 in
85 1511 73 27 equity
168 1510 52 22 both
232 1517 37 14 are
279 1510 87 27 equally
375 1518 57 20 open
438 1516 22 17 to
467 1512 165 23 contradiction.

54 1538 81 26 Coppin
144 1544 19 15 v.
175 1537 91 27 Coppin,
277 1538 20 21 ?.
308 1537 25 21 P.
352 1537 67 22 Wms.
434 1540 47 20 291.
525 1540 21 21 It
564 1548 70 14 seems

55 1564 103 22 therefore
169 1564 94 21 difficult
273 1568 21 17 to
305 1564 135 23 understand
451 1566 58 21 what
518 1566 18 21 is
546 1566 88 25 intend-

53 1592 26 21 ed
97 1592 29 26 by
144 1591 38 22 the
201 1594 127 18 enactment
347 1591 71 22 which
438 1600 50 19 says
596 1594 37 22 the

53 1618 80 28 receipt
142 1618 26 21 of
180 1618 36 21 the
227 1617 161 22 consideration
405 1619 23 21 in
445 1620 36 21 the
497 1620 66 21 Deed
578 1620 56 23 shall

53 1645 26 22 be
96 1652 23 13 as
136 1645 61 22 valid
212 1645 45 21 and
273 1644 101 23 effectual
391 1653 24 14 as
430 1646 20 21 if
462 1647 37 21 the
514 1653 60 16 same
590 1648 44 21 had

54 1672 52 22 been
118 1672 45 22 also
173 1671 108 22 endorsed
441 1673 47 22 The
504 1674 126 31 expression

54 1700 69 21 would
132 1699 51 22 lead
192 1702 21 18 to
225 1699 38 21 the
271 1698 109 22 inference
391 1699 49 22 that
453 1700 37 21 the
500 1700 98 23 addition
613 1702 24 21 of

55 1733 26 14 an
87 1726 100 21 indorsed
193 1726 85 26 receipt
287 1726 43 21 had
338 1726 124 28 previously
469 1734 59 15 some
537 1728 97 26 superior

54 1752 86 27 validity
149 1761 5 18 ;
170 1752 97 22 whereas
277 1752 23 21 in
311 1752 45 21 fact
365 1752 17 21 it
399 1752 44 23 had
460 1754 23 21 in
498 1761 29 14 no
544 1762 50 15 case
610 1762 23 14 so

55 1779 61 22 much
131 1787 23 14 as
173 1787 42 14 one
233 1779 21 21 in
270 1779 37 21 the
322 1779 58 27 body
400 1780 26 21 of
443 1780 38 21 the
502 1780 74 27 deed,*
591 1782 42 21 and

55 1806 88 26 coupled
153 1806 50 21 with
213 1806 19 21 it
242 1806 44 21 had
296 1813 59 14 none
363 1810 25 17 at
403 1806 38 22 all.
469 1807 47 22 The
527 1815 106 15 converse

56 1833 22 21 of
90 1833 34 22 the
135 1836 127 19 enactment
272 1832 70 26 might
352 1832 57 22 have
422 1833 47 22 had
484 1841 13 14 a
512 1834 89 23 shadow
612 1836 25 21 of

55 1867 59 15 tense
124 1860 81 26 though
216 1863 41 18 not
266 1860 24 21 of
302 1860 138 27 expediency
449 1860 24 21 in
487 1860 28 27 it;
532 1862 101 30 Lampon

55 1893 16 14 v.
88 1887 82 26 Corke;
191 1887 12 20 5
220 1886 27 22 B.
267 1886 43 22 and
325 1888 29 20 A.
368 1888 55 26 606;
445 1895 24 14 as
483 1887 17 22 it
516 1888 26 26 is,
559 1888 18 21 it
593 1888 40 23 has

55 1914 85 20 neither.

79 1940 85 22 Section
173 1941 21 21 5.
233 1940 73 28 Every
316 1940 55 22 deed
386 1941 110 22 executed
513 1949 22 14 as
549 1942 31 27 by
591 1941 42 22 this

57 1968 118 22 Ordinance
185 1968 18 21 is
212 1967 109 28 required,
333 1968 56 21 shall
396 1968 27 21 be
433 1975 11 14 a
449 1968 60 21 valid
515 1969 117 22 execution

58 1994 21 21 of
90 2002 12 14 a
110 2002 72 19 power
192 1995 24 21 of
229 1995 155 27 appointment
393 1994 30 27 by
434 1994 56 22 deed
501 2002 25 14 or
535 1995 96 27 writing,

57 2021 187 25 notwithstanding
259 2021 18 21 it
295 2029 52 17 may
365 2021 59 22 have
444 2022 55 21 been
519 2022 114 27 expressly

55 2045 96 26 Tequired
160 2046 52 20 .that
223 2046 58 20 -such
297 2053 72 16 pawer
386 2046 80 21 should
480 2047 29 20 be
524 2047 109 22 executed

57 2071 45 21 with
112 2078 61 14 some
184 2066 154 26 additionat.or
347 2072 63 21 other
419 2072 55 22 form
485 2073 24 21 of
516 2074 117 21 execution

56 2104 19 14 or

78 2124 21 22 It
109 2125 17 20 is
136 2124 123 26 extremely
270 2131 101 14 common
384 2132 28 14 on
427 2125 37 21 the
475 2126 126 22 settlement
611 2128 24 21 of

55 2154 74 18 estates
140 2156 22 16 to
179 2151 90 27 provide
286 2151 47 21 that
349 2151 57 21 their
420 2151 73 22 future
510 2153 121 22 alienation

53 2177 52 22 shall
116 2178 24 21 be
152 2177 105 22 attended
268 2177 51 22 with
326 2178 83 21 certain
418 2179 134 27 formalities,
561 2180 71 22 which

54 2211 18 14 in
76 2207 122 24 ay-operate
209 2212 24 14 as
242 2212 15 13 a
272 2204 69 22 check
357 2212 60 19 upon
435 2205 62 22 weak
512 2213 24 14 or
549 2206 83 28 impro-

54 2231 81 22 vident,
142 2230 146 27 dispositions.
318 2231 98 26 Suppose
433 2239 13 14 a
462 2239 51 14 man
529 2233 69 22 about
610 2238 21 17 to

55 2265 67 20 marry
141 2258 45 21 aud
205 2262 21 16 to
245 2257 64 22 settle
327 2257 34 22 his
380 2262 87 23 estates,
487 2260 113 27 reserving
619 2269 13 14 a

54 2292 66 19 powet
138 2285 25 21 of
182 2284 118 22 alienation
316 2288 23 18 to
354 2284 92 22 himself
462 2286 71 21 under
547 2288 84 21 certain

55 2311 172 26 circumstances,
239 2311 44 21 and
294 2318 70 15 aware
375 2311 49 22 that
439 2313 37 20 the
486 2313 112 22 influence
610 2315 25 21 of

54 2337 32 22 his
104 2339 48 21 wife
172 2339 71 26 might
260 2338 80 22 induce
358 2337 48 23 him
424 2342 22 18 to
466 2340 97 21 exercise
584 2341 48 21 that

53 2372 70 19 power
130 2365 24 22 in
165 2372 13 14 a
187 2372 51 20 way
246 2365 72 21 which
334 2365 39 23 he.
377 2365 72 27 might
458 2370 84 24 regret;
559 2368 72 22 would

55 2391 57 22 there
122 2392 27 21 be
166 2399 44 20 any
220 2391 65 28 thing
298 2392 114 21 irrational
428 2400 24 13 or
467 2393 125 30 dangerous
607 2396 23 21 in

55 2418 99 27 allowing
163 2418 45 22 him
219 2422 23 18 to
253 2419 91 26 provide
354 2419 48 21 that
412 2419 18 21 it
445 2419 80 22 should
540 2421 54 27 only
604 2422 27 21 be

55 2445 109 22 executed.
168 2446 23 21 in
206 2445 37 22 the
261 2453 105 19 presence
381 2446 27 21 of
426 2446 61 22 three
502 2447 26 21 of
539 2447 34 22 his
584 2456 47 14 own

54 2471 113 22 relations?
201 2472 32 21 Or
249 2480 94 19 suppose
360 2480 13 14 a
390 2480 51 15 man
458 2474 66 21 about
539 2478 22 17 to
580 2476 51 26 give

55 2499 51 21 such
116 2506 12 14 a
136 2506 74 20 power
218 2502 24 18 to
260 2506 12 14 a
282 2506 40 14 son
339 2499 25 22 of
380 2499 73 22 whose
470 2500 119 23 discretion
602 2502 29 22 he

55 2532 40 14 was
106 2525 104 27 doubtful,
222 2525 74 22 would
309 2525 28 22 he
355 2530 35 17 act
406 2527 107 27 unwisely
522 2528 21 21 if
553 2528 29 22 he
596 2536 35 15 re-

54 2552 73 26 quired
137 2553 36 21 the
184 2560 73 20 power
267 2556 22 18 to
296 2553 26 21 be
329 2554 107 21 executed
446 2554 23 21 in
481 2554 35 21 the
527 2562 104 19 presence

53 2579 25 20 of
93 2582 41 18 two
150 2579 110 22 members
275 2580 26 20 of
319 2579 37 22 the
372 2580 144 28 Legislature,
532 2582 47 21 and
594 2583 37 21 the

54 2604 53 23 deed
118 2609 21 18 to
148 2606 29 21 be
187 2606 99 21 enrolled
296 2607 23 20 in
330 2614 14 13 a
354 2607 68 21 Court
433 2608 24 20 of
464 2608 67 21 Law?
550 2608 81 23 Would

55 2636 35 17 not
100 2633 52 21 such
163 2641 13 13 a
189 2633 128 27 precaution
332 2633 28 22 be
374 2641 62 14 more
450 2634 68 28 likely
529 2639 22 18 to
561 2636 70 22 check

53 2658 159 29 improvidence
223 2660 55 21 than
288 2660 20 21 if
319 2659 37 22 the
372 2664 65 24 party
446 2669 54 14 were
516 2665 24 18 at
548 2662 82 28 liberty

54 2687 18 19 to
83 2686 91 22 alienate
184 2687 29 27 by
222 2694 15 14 a
246 2687 58 22 deed
314 2688 108 21 executed
436 2688 23 21 in
473 2688 38 21 the
524 2696 106 20 presence

54 2712 23 21 of
88 2716 39 18 two
138 2714 26 21 of
173 2713 33 22 his
224 2721 47 15 own
290 2718 107 23 servants,
410 2722 24 14 or
448 2715 26 20 of
485 2722 43 20 any
539 2720 43 17 two
596 2716 35 22 in-

54 2737 102 24 dividuals
171 2740 28 22 he
215 2741 73 27 might
304 2741 80 21 choose
401 2745 23 17 to
440 2742 43 21 call
497 2742 24 21 in
540 2742 35 22 for
591 2743 38 22 the

53 2768 101 26 purpose?
192 2768 60 21 Such
268 2768 122 26 provisions
406 2768 56 22 have
478 2768 82 27 always
575 2770 56 21 been

54 2793 123 22 considered
192 2801 53 25 very
260 2801 117 20 necessary
391 2794 32 28 by
438 2794 61 23 those
514 2796 51 21 who
587 2797 44 22 had

53 2824 96 23 property
159 2825 22 19 to
190 2819 72 28 settle,
273 2821 45 21 and
326 2821 57 21 have
391 2821 61 22 .been
466 2822 98 22 resorted
574 2826 22 19 to
606 2823 23 22 in

54 2852 55 16 cases
118 2847 89 22 without
217 2848 103 21 number.
351 2848 26 21 In
393 2848 107 22 Hawkins
515 2856 19 13 v.
547 2850 80 27 Kemp,

53 2873 11 19 3
78 2873 50 22 East
142 2876 47 25 410,
205 2874 38 21 the
260 2878 68 17 terms
342 2874 25 21 of.
384 2874 38 22 the
438 2883 73 19 power
526 2876 105 22 involved

53 2897 87 25 thirteen
149 2901 144 27 preliminary
308 2901 81 22 checks
408 2909 28 14 on
452 2902 163 28 improvidence
623 2911 5 20 ;

53 2926 40 22 and
102 2927 17 21 it
127 2928 71 21 would
207 2928 88 28 require
305 2935 60 14 some
382 2935 55 21 very
456 2932 73 25 strong
538 2937 92 15 reasons

53 2955 19 17 to
83 2954 71 28 satisfy
165 2962 25 15 us
200 2955 48 22 that
262 2955 19 21 it
293 2955 20 21 is
330 2955 71 22 either
416 2963 116 21 necessary
549 2965 25 14 or
588 2958 42 21 fair

53 2980 19 19 to
81 2979 85 29 deprive
178 2982 36 21 the
224 2989 86 14 owners
321 2982 26 21 of
356 2988 103 22 property
469 2984 26 21 of
506 2984 37 21 the
557 2991 74 21 power

54 3004 45 29 they
118 3015 84 19 possess
220 3009 26 21 of
267 3009 113 27 imposing,
391 3010 65 22 .what
474 3010 35 22 Sir
532 3011 96 22 Edward

55 3031 80 28 Sugden
145 3038 65 20 terms
267 3035 75 22 bridle,
349 3043 28 15 on
383 3038 114 21 weakness
503 3038 125 28 andfrailty

54 3059 19 20 of
185 3062 42 21 and
241 3062 26 21 of
278 3062 108 28 guarding
401 3064 126 28 effectually
541 3065 88 27 against

54 3085 56 23 'raud
127 3088 43 21 and
187 3088 134 27 imposition.
347 3108 3 3 .
357 3090 61 22 Such
436 3098 28 14 an
481 3090 146 23 interference
634 3094 2 28 j

53 3112 45 22 with
108 3115 86 29 private,
205 3115 77 26 rights,
290 3123 72 14 seems
377 3120 22 18 to
415 3125 25 14 us
455 3118 123 26 extremely
586 3126 43 14 un-

55 3139 62 26 called
126 3141 41 22 for.
173 3142 3 4 '
455 3153 2 12 )

76 3166 85 23 Section
168 3168 23 25 5,
196 3177 2 9 i
281 3168 106 27 .partition
400 3177 24 14 or
433 3170 121 28 exchange,
567 3172 59 28 lease,

55 3193 139 27 assignment,,
198 3201 24 14 or
233 3195 117 22 surrender
360 3196 24 21 of
387 3196 60 21 land
454 3196 56 22 shall
521 3199 26 20 be
559 3199 66 27 valid,

55 3219 65 23 unless
129 3221 39 21 the
180 3228 61 15 same
250 3221 28 23 be
288 3222 65 21 made
361 3221 31 28 hy
401 3222 86 22 deed.'.'.
499 3224 128 23 Where.the

55 3246 87 29 tenancy
159 3247 92 24 created,
263 3248 30 28 hy
303 3256 19 15 .a
330 3267 2 3 .
340 3249 62 21 lease
412 3249 60 22 .does
489 3255 39 16 not
544 3252 84 22 exceed

55 3271 53 23 three
116 3282 71 19 years,
198 3282 29 14 no
238 3275 88 27 writing
335 3276 18 21 is
368 3283 118 20 necessary
496 3277 133 27 by.English

55 3298 44 28 law;
124 3302 44 21 and
186 3302 18 21 it
220 3302 21 21 is
259 3306 41 17 not
317 3309 53 21 very
380 3316 2 8 «
386 3302 65 23 usual
466 3306 22 18 to
502 3303 59 22 have
575 3311 51 21 any,

57 3325 106 31 (certainly
170 3330 34 20 -ho
218 3329 80 22 formal
317 3329 75 27 deed,)
410 3330 24 22 in
450 3337 61 15 cases
527 3330 26 22 of
567 3331 62 22 short

57 3352 90 30 tenancy,
159 3355 53 22 such
222 3363 24 14 as
257 3356 29 27 by
295 3356 38 22 the
344 3356 69 27 week,
432 3357 84 25 month,
530 3365 26 14 or
571 3365 56 16 even

56 3382 50 20 year.
133 3382 36 21 No
182 3382 174 24 inconvenience
375 3384 69 22 arises
462 3384 56 21 from
536 3384 51 27 this,
603 3393 24 14 as

57 3405 29 21 the
95 3407 103 23 evidence
208 3414 23 17 to
245 3417 68 19 prove
322 3410 55 22 such
387 3412 114 21 tenancies
511 3411 18 22 is
540 3411 86 29 simple,

57 3433 36 21 and
106 3434 35 23 the
158 3435 121 23 landlord's
293 3438 92 26 remedy
402 3438 30 26 by
448 3438 87 22 distress
554 3442 73 24 pretty

57 3459 61 26 ample
135 3461 45 23 and
187 3479 2 4 ,
198 3463 121 26 available..
329 3485 4 4 .
342 3464 87 24 Under,
436 3464 47 23 this,
492 3465 84 22 section
597 3473 30 14 no

57 3486 95 32 tenancy^
158 3489 104 22 however
270 3490 66 27 shor.t,
343 3498 46 17 .can
397 3491 32 23 .he
438 3492 87 21 created
535 3492 93 23 without

57 3516 10 14 »
87 3514 81 23 written
191 3515 63 28 deed,
279 3516 52 29 duly
354 3518 109 22 executed
485 3518 72 22 under
583 3519 44 22 this

57 3541 132 23 <Jrainance.,>
212 3543 72 27 Many
302 3547 124 20 tenements
444 3545 23 22 in
487 3545 37 22 the
540 3546 87 28 Colony

125 3575 28 15 no
168 3569 75 27 doubt,
262 3569 55 22 been
335 3570 31 22 let
384 3571 71 22 either
471 3572 92 22 without
581 3580 45 20 any

57 3594 74 21 written
139 3595 66 28 lease,
217 3603 24 14 or
255 3599 24 18 at
287 3596 31 22 all
327 3601 76 18 events
419 3598 93 23 without
520 3606 45 21 any
575 3607 51 14 exe-

58 3621 54 19 cuted
121 3628 23 15 as
156 3623 38 21 the
209 3623 129 22 Ordinance
356 3625 104 27 requires.
489 3626 32 21 As
535 3626 91 27 regards

58 3649 48 17 'Qeir
118 3647 70 24 future
204 3649 155 29 continuance,
371 3651 62 22 these
446 3658 43 21 are,
500 3652 27 22 of
540 3660 84 21 course,

59 3673 109 24 altogether
177 3676 61 24 <*void
245 3684 6 20 ;
268 3676 39 23 but
325 3677 19 22 it
357 3678 18 21 is
391 3682 40 17 not
449 3678 59 23 clear
524 3679 49 22 that
587 3680 38 23 the

57 3699 100 24 landlords
171 3703 64 21 could
257 3706 40 19 not
311 3711 91 16 recover
415 3709 51 18 rent
475 3706 36 21 for
523 3706 38 22 the
577 3711 49 23 past

59 3727 115 24 enjoyment
192 3729 25 21 of
233 3729 59 22 their
309 3732 107 26 premises
439 3732 71 22 under
532 3733 56 22 such
612 3741 14 14 a

58 3753 88 27 tenancy.
175 3755 27 22 In
210 3756 50 22 Doe
267 3763 18 15 v.
293 3757 82 27 Priece,
387 3759 11 20 1
410 3758 77 28 Camp.
493 3760 47 26 466,
553 3760 73 22 which

59 3783 36 15 was
104 3785 26 15 an
140 3782 70 21 action
220 3784 26 20 of
252 3790 40 15 use
302 3784 45 21 and
356 3784 131 31 occupation
494 3786 96 27 brought
595 3787 29 27 by

58 3806 10 15 a
77 3806 140 29 Corporation,
227 3809 19 22 it
256 3817 43 15 was
316 3811 103 27 objected
434 3811 48 22 that
497 3812 36 23 the
549 3814 75 21 action

58 3834 63 18 would
128 3837 39 18 not
175 3835 35 27 lie,
221 3836 94 23 because
322 3838 38 21 the
368 3838 86 22 demise
460 3845 42 16 was
507 3842 40 19 not
552 3840 72 22 under

57 3859 22 35 £L
95 3872 12 22 #'
121 3859 38 22 but
167 3861 17 21 lt
192 3869 43 15 was
249 3864 64 21 ruled
330 3864 48 23 that
391 3866 37 19 ihe
445 3867 69 20 aetim
532 3867 38 20 #*

57 3884 55 24 imply
120 3890 38 22 any
166 3888 79 28 demise,
256 3890 43 22 and
309 3890 49 23 that
365 3892 18 21 it
391 3892 51 23 well
450 3892 44 28 lay.
517 3894 50 22 The
572 3901 52 15 case

57 3934 76 25 noticed
189 3915 24 22 in
229 3916 69 28 point>
318 3915 28 31 *^
347 3917 15 23 d
379 3933 5 13 *
384 3918 81 23 should
487 3919 57 24 have
566 3920 58 23 been

114 3975 4 5 U4U
116 3964 9 13 4
349 3974 7 3 -
365 3961 3 5 '
589 3956 2 4 '
604 3977 7 7 %

661 147 1 4 .
693 132 86 22 Section
793 134 31 20 16.
855 136 21 18 A
886 133 56 22 deed
957 134 84 22 seldom
1048 134 105 23 'contains
1168 143 14 14 a
1191 143 61 14 mere

666 164 143 21 conveyance
819 159 301 29 ofproperty/and,nothing
1129 168 69 15 more.
1229 162 28 22 It

665 185 18 21 is
693 185 68 22 found
772 192 122 21 necessary,
906 186 22 21 in
939 186 80 23 almost
1034 195 67 19 every
1111 192 106 21 instance,
1228 192 22 18 to

664 211 71 22 insert
749 212 87 22 various
850 212 124 27 provisions
993 214 45 21 and
1057 219 124 18 covenants
1198 215 52 22 with

665 237 93 23 relation
767 241 23 19 to
801 238 37 22 the
853 242 49 23 past
911 246 25 14 or
949 239 75 22 future
1040 243 57 19 state
1112 241 25 21 of
1149 241 39 22 the
1200 249 50 20 pro-

664 267 71 24 perty.
763 265 23 21 It
803 264 19 22 is
836 265 63 21 these
913 265 75 22 which
1006 274 25 14 so
1048 267 87 27 greatly
1150 268 99 21 enhance

666 291 37 21 the
713 291 77 27 length
800 291 45 21 and
854 295 137 24 consequent
1000 300 96 20 expense
1106 294 26 21 of
1146 294 103 27 Convey-

666 324 66 15 ances
741 318 22 21 in
775 317 109 27 England.
912 319 23 21 A
951 322 64 23 great
1024 326 70 21 many
1104 320 25 21 of
1141 320 61 22 them
1212 328 45 22 are,

665 344 96 22 inserted
777 352 24 14 as
815 352 14 13 a
842 347 81 19 matter
940 345 25 21 of
977 353 76 14 course
1068 346 24 22 in
1109 354 68 20 every
1193 347 56 22 deed

667 371 129 27 (according
813 374 23 18 to
855 371 28 21 its
906 373 90 25 generic
1016 372 131 27 character.)
1186 374 63 26 They

665 404 37 14 are
718 397 80 28 always
813 397 162 28 substantially,
991 398 21 22 if
1024 403 39 17 not
1077 399 95 28 literally
1183 401 64 25 alike,

666 427 79 24 except
754 424 37 22 the
801 432 77 14 names
894 424 25 22 of
931 424 38 22 the
979 426 80 26 parties
1070 432 26 15 or
1104 425 63 23 other
1182 427 67 26 parti-

666 450 61 22 cular
736 451 170 21 circumstances
915 451 27 21 of
953 451 38 22 the
1000 451 125 23 individual
1142 460 56 15 case.
1227 454 22 21 It

665 476 18 22 is
699 477 109 22 therefore
827 484 29 14 an
875 477 92 22 obvious
986 478 55 25 (and
1059 485 34 15 we
1112 479 64 21 think
1195 487 53 20 very

664 505 87 26 proper)
768 503 90 23 method
873 504 25 21 of
911 503 118 28 abridging
1046 505 164 27 Conveyances,
1217 523 4 8 ,
1226 511 22 17 to
1253 522 2 5 ,

664 535 67 17 enact
745 530 52 24 that
809 530 60 22 these
885 533 80 19 matter
984 534 24 18 ot
1031 538 77 15 course
1125 533 124 26 provisions

664 556 79 22 should
761 556 25 22 in
804 564 67 19 every
885 564 49 14 case
953 557 28 21 be
1000 557 98 27 implied,
1118 558 75 22 unless
1210 560 38 21 the

664 583 80 27 parties
760 583 91 27 provide
869 583 36 21 the
923 586 112 23 contrary.
1062 583 55 23 This
1135 585 49 21 has'
1191 586 56 22 been

664 609 65 23 done'
736 609 31 28 by
776 609 43 23 this
829 610 84 21 section
924 609 26 21 of
964 609 37 21 the
1012 610 134 27 Ordinance,
1158 612 44 22 and
1211 613 37 22 the

664 637 134 27 subsequent
815 637 99 25 sections,
938 635 121 28 extending
1078 641 23 17 to
1121 638 37 22 the
1181 639 66 22 32nd.

666 662 21 22 It
706 663 38 21 has
763 666 45 23 not,
829 662 109 27 however,
958 663 57 21 been
1036 663 58 22 done
1116 664 131 29 effectually.

664 689 47 22 The
722 689 112 26 following
845 696 37 14 are
892 696 13 14 a
914 689 42 21 few
968 689 26 21 of
1007 689 36 21 the
1059 697 68 21 many
1137 692 75 27 points
1226 699 22 15 in

663 716 72 22 which
754 716 18 21 it
791 716 116 21 defective.
937 715 48 22 The
1009 721 118 17 covenants
1145 718 36 22 for
1200 719 47 22 title

664 750 37 14 are
712 743 104 26 absolute,
827 742 74 22 which
910 742 42 21 few
963 742 94 22 vendors
1068 743 44 22 will
1122 749 94 18 consent
1226 750 22 17 to

663 769 58 27 give,
728 769 43 23 and
777 769 70 21 which
855 776 55 14 even
918 776 13 14 a
936 769 68 21 Court
1012 769 26 21 of
1043 769 82 28 Equity
1132 772 71 22 would
1208 773 41 21 'not

664 797 85 26 require
760 796 73 22 where
843 803 13 14 a
866 795 47 21 title
923 795 19 21 is
951 795 45 22 free
1008 796 54 21 from
1073 797 118 27 suspicion.
1222 799 25 21 In

665 823 37 21 the
714 830 73 21 power
798 823 25 21 of
834 822 46 21 sale
890 825 23 18 to
926 822 27 21 be
970 822 92 27 implied
1076 823 25 21 in
1116 828 131 24 mortgages,

664 849 38 22 the
713 849 74 28 period
798 853 22 17 at
834 848 72 22 which
915 848 20 22 it
949 849 71 27 might
1035 849 27 22 be
1072 851 114 22 exercised
1194 851 20 23 is
1224 860 24 14 so

662 881 85 17 remote
756 876 58 22 from
824 876 38 21 the
873 874 91 26 default,
975 876 49 21 that
1034 877 108 27 probably,
1149 878 21 21 in
1180 885 67 20 every

664 910 49 14 case
724 907 137 22 mortgagees
872 902 43 21 will
929 902 65 22 insist
1010 910 58 20 upon
1086 910 14 14 a
1109 904 92 27 quicker
1214 912 35 15 re-

663 930 73 27 medy,
747 931 51 25 and,
801 929 82 28 special
891 933 124 23 .covenants
1031 933 59 19 must
1106 930 26 22 be
1143 930 104 28 inserted,

663 964 25 14 so
702 957 33 21 far
749 957 113 26 defeating
878 956 36 21 the
930 956 75 27 object
1021 957 24 21 of
1057 957 38 21 the
1111 957 136 23 Ordinance.

664 983 67 22 What
739 983 19 23 is
768 983 37 22 the
814 983 109 21 intention
939 982 24 22 in
977 982 91 27 making
1085 983 37 22 the
1132 985 85 26 receipt
1227 985 24 21 of

663 1010 37 22 the
717 1011 144 26 mortgagee's
876 1011 45 19 heir
935 1009 115 22 effectual?
1066 1009 20 22 is
1099 1009 18 22 it
1133 1016 76 17 meant
1226 1015 23 18 to

662 1037 51 26 give
724 1037 45 22 him
779 1044 13 14 a
807 1037 59 27 right
874 1040 23 22 tQ
913 1036 38 22 the
969 1040 112 23 mortgage
1097 1044 88 21 money,
1197 1046 52 14 con-

663 1065 111 26 currently
785 1063 51 22 with
850 1071 26 14 or
889 1064 24 21 in
923 1063 128 27 preference
1066 1068 23 17 to
1099 1063 38 23 the
1142 1065 107 26 .personal

662 1090 198 28 representatives?
883 1090 46 22 and
946 1090 59 21 what
1020 1090 55 22 class
1093 1091 25 21 of
1126 1091 37 24 the
1181 1096 68 17 mort-

662 1124 79 20 gagors
758 1117 183 27 representatives
955 1116 19 22 is
989 1119 23 19 to
1027 1117 27 21 be
1064 1117 95 23 entitled,
1176 1123 21 17 to
1212 1118 37 22 the

662 1144 86 27 surplus
759 1144 25 21 of
798 1143 36 22 the
850 1143 107 27 purchase
969 1150 78 20 money
1058 1145 104 21 received
1179 1145 70 22 under

662 1170 38 22 the
711 1178 73 19 power
793 1170 25 22 of
825 1170 59 21 sale?
897 1170 38 21 the
947 1170 125 21 Ordinance
1083 1171 124 21 confou!ids
1210 1192 7 5 v
1219 1172 30 22 aU

663 1196 128 22 distinction
802 1197 99 21 between
911 1197 47 21 real
967 1196 45 21 and
1021 1197 101 26 personal
1134 1204 116 20 represen-

663 1223 79 21 tatives
751 1223 23 21 in
786 1223 61 21 these
857 1223 138 27 particulars.
1026 1223 59 27 Why
1092 1224 19 20 is
1120 1224 37 21 the
1168 1231 82 15 coven-

662 1253 39 18 ant
711 1251 33 19 for
752 1251 61 26 quite
824 1250 129 27 enjoyment
962 1253 22 17 to
994 1250 29 20 be
1036 1250 91 27 implied
1139 1251 87 26 against
1237 1260 13 14 a

662 1279 126 24 mortgagor
801 1276 22 22 in
835 1284 50 14 case
894 1277 26 20 of
932 1280 163 23 non-payment
1104 1277 26 21 of
1141 1277 108 28 principal

662 1303 60 27 only,
733 1303 43 21 and
787 1306 40 18 not
836 1303 22 21 in
866 1310 48 14 case
924 1302 26 22 of
956 1307 164 23 non-payment
1125 1305 26 20 of
1158 1305 92 21 interest

662 1330 53 26 also,
726 1337 23 13 pa
760 1330 23 21 in
799 1337 64 19 every
876 1330 48 21 well
935 1329 76 21 drawn
1026 1330 135 27 precedent?
1189 1331 60 28 Why

662 1357 17 20 is
687 1356 36 22 the
730 1364 72 20 power
808 1356 25 21 of
839 1359 90 23 reentry
935 1356 24 21 in
969 1356 72 21 leases
1051 1357 103 22 confined
1162 1361 22 19 to
1193 1366 56 14 non-

662 1387 105 23 payment
777 1384 25 20 of
807 1387 51 17 rent
868 1383 43 21 and
921 1382 83 22 breach
1015 1383 25 21 of
1051 1384 38 20 the
1099 1389 113 17 covenant
1227 1389 22 17 to

662 1411 72 26 repair
744 1417 28 14 on
782 1410 80 27 notice,
874 1410 44 21 and
929 1413 40 18 not
979 1410 113 22 extended
1103 1414 21 18 to
1134 1411 83 24 breach
1228 1411 25 22 of

662 1444 66 20 every
738 1440 110 18 covenant
857 1444 24 14 as
890 1436 79 22 usual?
984 1456 3 3 .
998 1436 36 22 No
1043 1436 98 28 prudent
1150 1438 100 27 Convey-

662 1464 114 21 ancerwill
786 1467 54 18 trust
846 1467 22 18 to
875 1464 60 20 these
942 1462 91 29 implied
1038 1467 120 19 covenants
1163 1465 87 21 framed

662 1497 23 14 so
695 1491 149 26 inaitificially
854 1498 25 14 as
888 1490 53 27 they
948 1497 45 19 are,
1004 1490 39 22 but
1051 1490 29 22 he
1087 1490 43 22 will
1142 1491 49 22 take
1200 1498 49 15 care

662 1521 22 17 to
694 1517 67 21 insert
770 1517 54 21 such
834 1524 23 14 as
869 1517 72 21 would
951 1517 27 21 be
988 1517 43 21 less
1040 1517 155 23 discreditable
1204 1522 23 18 to
1237 1525 13 15 a

662 1545 61 25 pupil
733 1544 25 22 of
770 1545 34 21 six
814 1544 88 21 months
913 1544 106 26 standing
1028 1544 22 20 in
1061 1544 116 22 chambers
1185 1553 5 18 ;
1207 1545 43 22 and

662 1578 24 14 so
696 1571 34 21 far
738 1571 37 22 the
786 1571 36 21 the
832 1571 110 21 intention
953 1571 25 21 of
986 1571 43 21 this
1038 1574 49 24 part
1094 1571 24 21 of
1125 1571 38 22 the
1170 1571 80 22 Ordin-

662 1604 62 20 ance,
739 1598 38 21 the
787 1598 154 26 abridgement
951 1598 25 20 of
989 1598 166 27 Conveyances,
1166 1598 45 22 will
1220 1599 27 21 be

662 1624 109 22 defeated.
800 1625 72 21 There
888 1625 19 21 is
917 1632 29 14 an
963 1624 125 21 ommission
1106 1625 45 21 also
1166 1625 23 21 in
1207 1629 40 18 not

661 1651 117 28 providing
793 1651 33 21 for
846 1651 37 21 the
897 1651 138 28 implication
1050 1651 25 21 of
1088 1655 122 18 covenants
1226 1652 23 22 in
1257 1648 1 30 (

662 1678 146 27 assignments
818 1678 24 21 of
850 1678 125 21 leaseholds
986 1678 45 20 and
1040 1678 87 22 various
1138 1678 64 22 other
1214 1679 34 21 in-

662 1709 127 22 struments,
806 1704 73 22 which
888 1712 36 14 are
943 1704 88 27 equally
1041 1711 58 20 open
1114 1708 21 18 to
1149 1705 56 21 such
1220 1712 29 15 an

662 1735 128 18 enactment
800 1739 23 14 as
833 1731 62 21 those
905 1731 108 26 provided
1022 1732 39 21 for.

689 1765 88 21 Section
797 1765 33 20 21.
852 1763 57 24 This,
925 1764 86 21 section
1029 1763 61 28 gives
1111 1771 28 15 an
1157 1764 92 27 implied

660 1799 74 19 power
744 1791 25 21 of
777 1791 88 21 distress
874 1791 23 20 in
904 1798 50 13 case
961 1791 26 20 of
995 1794 162 23 non-payment
1167 1791 26 21 of
1199 1794 50 19 rent

662 1819 35 20 for
706 1820 26 19 21
749 1818 55 27 days
814 1817 57 22 after
885 1818 16 21 it
916 1817 19 21 is
951 1817 52 22 due.
1032 1817 46 22 The
1090 1825 103 14 common
1208 1818 41 21 law

661 1845 60 27 right
731 1848 20 18 to
762 1845 92 21 distrain
864 1851 90 14 accrues
965 1844 38 21 the
1014 1848 100 17 moment
1123 1845 38 21 the
1171 1848 51 19 rent
1231 1845 19 21 is

662 1872 51 21 due.
742 1872 21 21 It
774 1872 52 21 does
836 1874 40 18 not
886 1878 81 20 appear
977 1871 98 21 whether
1085 1871 42 22 this
1137 1871 112 27 provision
1257 1872 2 7 '

662 1898 17 21 is
688 1898 109 22 intended
811 1902 22 17 to
842 1898 104 26 abrogate
961 1897 37 21 the
1015 1904 103 15 common
1132 1898 43 21 law
1190 1898 59 27 right

662 1932 25 15 or
696 1929 45 17 not.
772 1924 115 23 Remedial
897 1928 140 17 enactments
1046 1931 39 14 are
1095 1925 91 26 general
1196 1932 53 15 con-

662 1952 74 21 strued
746 1959 24 14 as
780 1951 133 22 cumulative
919 1959 6 18 ;
944 1951 40 21 but
995 1958 31 14 we
1042 1951 69 22 doubt
1120 1952 21 21 if
1154 1952 44 21 this
1208 1959 41 14 can

662 1979 26 20 be
699 1986 23 14 so
728 1978 117 27 regarded;
857 1978 33 21 for
896 1977 36 22 the
943 1984 74 20 power
1026 1980 21 18 to
1055 1977 91 22 distrain
1156 1984 25 15 at
1189 1985 60 14 com-

661 2013 52 14 mon
730 2005 41 22 law
781 2012 44 14 was
834 2008 41 17 not
888 2005 44 20 lost
946 2005 30 26 by
989 2003 65 28 delay
1062 2004 23 21 in
1101 2005 116 27 enforcing
1231 2005 27 21 iti

660 2032 34 20 for
702 2034 27 18 21
740 2032 60 25 days,
817 2030 44 21 and
878 2031 110 20 therefore
1005 2029 76 21 unless
1097 2030 44 21 this
1157 2029 91 28 implied
1250 2037 8 4 I

659 2064 75 20 power
742 2057 19 21 is
770 2055 109 23 intended
892 2060 22 17 to
930 2056 90 26 abridge
1038 2055 37 21 the
1090 2063 103 15 common
1207 2056 49 22 law'

660 2083 60 26 right
730 2083 16 21 it
760 2083 18 21 is
791 2086 108 23 nugatory
908 2090 6 19 ;
930 2083 18 21 it
963 2081 54 22 adds
1028 2082 95 27 nothing
1137 2085 23 18 to
1170 2084 25 20 it.
1226 2083 21 22 It

662 2111 43 20 will
715 2110 27 22 be
752 2109 95 28 prudent
856 2109 33 21 for
902 2109 80 21 lessors
998 2112 22 18 to
1028 2109 92 26 provide
1134 2109 48 21 that
1192 2109 53 28 they

661 2137 56 21 shall
734 2137 27 21 be
777 2140 24 17 at
818 2136 80 27 liberty
913 2139 23 17 to
956 2135 91 22 distrain
1064 2143 25 14 as
1105 2140 23 17 at
1143 2143 104 15 common

660 2163 51 20 law.

687 2196 72 21 These
768 2194 92 28 implied
870 2202 83 20 powers
964 2202 58 20 may,
1034 2202 23 14 as
1066 2194 91 28 already
1168 2195 77 27 stated,

660 2222 27 21 be
701 2222 117 27 negatived
829 2229 23 14 or
862 2221 106 22 modified
984 2222 30 26 by
1024 2221 37 22 the
1072 2229 88 20 express
1175 2223 71 26 provi-

660 2249 49 22 sion
724 2249 24 21 of
763 2249 37 22 the
815 2248 89 27 parties.
932 2248 49 22 The
1000 2248 39 21 6th
1056 2248 95 22 division
1168 2248 26 22 of
1210 2250 36 21 the

661 2276 132 26 Ordinance,
808 2275 109 27 begining
934 2275 54 22 with
1003 2275 84 22 section
1097 2276 33 25 32,
1148 2276 98 22 contains

660 2302 60 21 what
730 2310 37 14 are
777 2302 85 21 termed
897 2302 112 21 amended
1018 2302 58 21 rules
1088 2302 23 21 of
1204 2303 42 22 and

660 2328 61 23 these
732 2329 16 21 it
758 2329 17 22 is
786 2329 119 27 important
920 2333 22 16 to
953 2329 54 21 bear
1021 2328 22 21 in
1055 2328 63 23 mind
1128 2333 83 18 cannot
1219 2330 27 21 be

659 2356 118 26 negatived
796 2363 24 14 or
838 2355 86 22 evaded
939 2356 29 26 by
986 2356 36 21 the
1040 2356 110 26 provision
1168 2356 24 21 of
1210 2356 36 22 the

659 2383 87 27 parties.
785 2383 65 21 Some
871 2382 25 22 of
916 2382 62 22 them
997 2389 33 15 we
1053 2382 64 21 think
1136 2382 110 28 judicious

660 2410 83 26 though
753 2413 39 18 not
801 2417 53 19 very
864 2410 133 26 important;
1008 2409 40 21 but
1057 2416 33 14 we
1101 2413 83 18 cannot
1193 2409 50 27 help

659 2436 128 27 remarking
802 2436 48 21 that
866 2436 52 28 they
928 2436 69 21 relate
1008 2443 53 19 very
1072 2435 68 22 much
1156 2440 23 17 to
1193 2437 53 22 such

660 2462 82 23 defects
752 2464 24 21 in
787 2471 40 14 our
841 2463 48 27 law,
909 2471 25 13 as
944 2470 37 15 are
991 2466 38 24 apt
1043 2466 23 17 to
1076 2462 57 22 form
1144 2462 37 23 the
1196 2464 50 21 sub-

656 2490 48 26 ject
713 2490 24 21 of
745 2493 114 18 comment
868 2490 22 21 in
899 2490 38 21 the
952 2493 83 18 merest
1044 2489 138 28 elementary
1191 2493 55 18 trea-

659 2518 66 26 tises;
737 2517 45 21 and
793 2524 36 15 are
836 2517 68 22 about
910 2524 24 14 as
940 2516 86 26 worthy
1035 2516 26 21 of
1065 2516 37 22 the
1110 2517 136 26 Legislature

659 2544 26 21 of
692 2551 14 14 a
716 2544 80 26 Colony
805 2544 123 27 struggling
933 2544 48 21 into
990 2544 118 25 existence,
1120 2544 48 21 asit
1175 2544 71 21 would

659 2571 27 21 be
698 2571 83 27 worthy
791 2570 36 22 the
843 2571 108 21 attention
962 2570 26 21 of
1000 2577 14 14 a
1024 2574 64 22 great
1097 2570 149 22 Commander

659 2605 28 14 on
699 2598 36 21 the
752 2605 40 14 eve
803 2598 25 21 of
842 2605 13 14 a
871 2597 96 22 decisive
984 2597 68 22 battle
1066 2600 23 18 to
1105 2597 70 22 throw
1186 2598 60 21 aside

659 2624 34 21 his
712 2625 69 27 plans,
802 2624 45 22 and
864 2627 61 18 enter
940 2624 48 21 into
1001 2624 148 22 consultation
1167 2624 52 22 with
1235 2631 11 15 a

659 2651 64 21 tailor
737 2659 28 13 on
781 2651 36 22 the
833 2651 54 27 style
904 2651 26 21 of
946 2658 14 14 a
978 2658 50 15 new
1042 2650 104 28 uniform,
1169 2658 26 15 or
1209 2651 37 22 the

658 2678 70 25 fringe
738 2678 25 21 of
770 2685 28 14 an
810 2678 118 25 epaulette.

685 2710 48 22 The
742 2709 109 22 amended
866 2709 47 22 rule
922 2710 24 21 in
960 2709 84 22 section
1055 2711 33 25 36,
1101 2709 62 24 itself
1175 2713 68 19 wants

658 2737 128 26 amending.
816 2737 39 20 We
870 2736 59 22 infer
942 2737 58 21 from
1016 2737 37 21 the
1070 2737 110 27 marginal
1195 2741 50 18 note

659 2763 49 22 that
721 2764 27 21 its
763 2763 109 22 intention
887 2763 19 21 is
915 2767 24 17 to
954 2764 113 21 over-rule
1077 2763 38 22 the
1153 2764 59 22 Rule
1222 2764 23 22 in

659 2790 108 27 Shelley's
873 2798 13 14 a
899 2793 82 19 matter
996 2798 29 14 no
1036 2790 68 22 doubt
1120 2791 26 21 of
1158 2791 87 26 passing

657 2817 136 28 importance
804 2821 21 17 to
833 2817 38 21 the
878 2817 90 27 Colony.
996 2817 48 21 The
1050 2817 49 22 rule
1109 2817 23 22 in
1141 2818 102 27 question

658 2851 44 15 was
712 2848 37 18 not
760 2843 111 28 confined,
887 2851 24 15 as
921 2844 38 22 the
974 2844 92 22 framers
1076 2845 26 21 of
1116 2844 37 22 the
1164 2845 81 21 Ordin-

658 2878 56 14 ance
725 2878 80 19 appear
819 2874 22 18 to
852 2871 56 21 have
918 2871 103 26 thought,
1037 2874 23 18 to
1070 2871 132 23 limitations
1205 2872 40 25 for

658 2898 38 25 life
704 2897 106 22 followed
824 2898 30 27 by
864 2898 130 21 limitations
1012 2901 21 18 to
1047 2898 38 22 the
1098 2898 60 22 heirs
1170 2899 26 21 of
1208 2899 37 21 the

658 2925 72 21 donee
737 2932 6 19 ;
753 2924 41 22 but
803 2924 18 21 it
830 2924 113 22 extended
958 2928 23 18 to
999 2932 44 19 any
1054 2925 118 23 limitation
1182 2926 42 25 for
1233 2933 12 13 a

650 2952 101 25 freehold
763 2953 70 25 estate,
850 2951 103 22 followed
968 2951 29 27 by
1008 2958 13 14 a
1036 2951 119 23 limitation
1170 2956 23 19 to
1208 2953 37 21 the

657 2979 65 22 heirs.
759 2979 48 22 The
824 2978 127 27 expression
993 2977 122 23 limitation
1132 2979 35 22 for
1185 2979 39 22 life

656 3005 112 28 generally
776 3005 97 27 signifies
880 3005 20 21 in
907 3006 42 21 law
956 3005 79 26 for,the
1040 3005 39 21 life
1087 3005 25 22 of
1119 3005 37 23 the
1163 3006 80 27 donee,

657 3033 45 22 and
717 3033 53 21 does
783 3036 39 18 not
836 3032 82 22 extend
934 3036 22 17 to
970 3035 80 19 estates
1066 3040 43 19 pur
1124 3037 62 18 autre
1201 3033 42 22 vie.

657 3060 44 22 But
711 3060 36 22 the
757 3059 48 22 rule
815 3060 23 20 in
848 3059 110 27 Shelley's
964 3066 57 19 casp,
1034 3059 93 22 extends
1135 3064 23 18 to
1165 3063 80 19 estates

655 3094 41 20 pur
706 3090 61 18 autre
778 3087 41 21 vie.
849 3087 60 25 Low,
918 3092 20 16 v.
949 3086 95 27 Burron,
1055 3086 49 22 3P.
1117 3086 69 23 Wms.
1204 3088 40 21 263

657 3114 57 25 Exp.
725 3114 84 26 Sterne,
824 3115 14 19 6
847 3113 54 22 Yes.
913 3115 46 20 156.
989 3113 60 21 Does
1064 3113 38 22 the
1114 3111 129 25 Ordinance

657 3140 82 20 extend
747 3144 23 16 to
781 3141 60 19 them
850 3147 25 13 or
884 3141 52 19 not?

681 3172 49 21 The
738 3173 55 20 41st.
805 3171 87 22 Section
902 3172 19 21 is
932 3179 42 14 one
985 3172 72 22 which
1062 3172 101 28 requires
1172 3179 68 21 grave

650 3198 177 22 •consideration.
857 3200 23 20 It
887 3198 19 22 is
916 3199 52 22 this.
970 3210 27 4 —
1021 3200 21 21 A
1052 3204 129 23 mortgagee
1188 3199 55 22 shall

656 3229 40 17 not
714 3226 21 19 in
754 3232 40 18 any
815 3231 46 14 case
880 3225 28 22 be
926 3225 95 22 entitled
1040 3229 22 18 to
1081 3226 108 23 foreclose
1202 3226 41 26 .the

657 3252 75 27 equity
742 3252 26 21 of
980 3252 21 21 It
1016 3252 19 22 is
1049 3257 59 18 most
1123 3253 121 28 important

657 3282 21 17 to
697 3279 108 21 ascertain
819 3278 38 21 the
875 3281 48 19 true
940 3278 65 22 effect
1024 3279 46 22 and
1089 3280 114 28 operation
1222 3280 23 21 of

657 3304 42 22 this
723 3305 119 27 provision.
886 3304 26 23 In
939 3305 105 27 England
1062 3306 66 23 when
1148 3315 14 14 a
1180 3311 63 23 party

655 3336 125 22 mortgages
790 3331 59 27 land,
861 3331 37 22 the
909 3332 42 22 law
961 3339 100 15 reserves
1069 3336 24 19 to
1103 3332 48 23 him
1160 3341 14 14 a
1184 3333 59 27 right

657 3362 21 17 to
688 3359 89 21 redeem
788 3358 18 22 it
814 3366 29 14 on
854 3362 108 24 payment
971 3358 25 23 of
1010 3358 36 23 the
1057 3365 115 23 mortgage
1183 3360 57 27 debt,

656 3385 44 21 and
711 3385 91 22 interest
812 3389 22 18 at
843 3392 45 20 any
898 3386 53 21 time
968 3385 75 23 within
1061 3388 27 20 20
1105 3394 65 20 years
1186 3387 56 22 after

656 3419 28 14 an
694 3412 217 27 acknowledgement
921 3412 30 28 by
968 3412 37 23 the
1022 3417 127 24 mortgagee
1166 3414 26 22 of
1204 3414 36 22 the

656 3439 110 21 existence
773 3440 25 20 of
806 3439 36 22 the
852 3442 122 24 mortgage.
1015 3440 35 21 On
1061 3440 38 22 the
1109 3441 63 22 other
1182 3440 58 23 hand

655 3464 37 23 the
703 3469 125 24 mortgagee
843 3473 52 20 may
911 3466 97 22 demand
1024 3466 34 23 his
1068 3474 82 19 money
1160 3472 24 17 at
1198 3474 44 21 any

655 3492 52 21 time
718 3492 56 22 after
782 3493 28 21 its
815 3493 19 21 is
840 3492 50 28 due,
901 3492 45 23 and
954 3493 21 22 if
982 3494 17 21 it
1008 3493 28 22 be
1045 3497 42 19 not
1092 3494 52 27 paid
1154 3494 29 22 he
1189 3501 53 21 may

655 3518 43 22 call
716 3526 59 20 upon
791 3527 14 14 a
821 3520 68 21 Court
906 3520 26 21 of
949 3520 76 28 equity
1035 3523 22 19 to
1098 3520 95 23 forclose
1203 3520 38 22 the

655 3545 76 28 equity
741 3546 25 21 of
954 3547 49 21 that
1016 3547 26 27 is,
1058 3550 24 19 to
1097 3551 92 18 convert
1203 3547 37 22 the

653 3577 114 22 mortgage
777 3572 47 23 into
834 3581 14 14 a
857 3573 46 22 sale
913 3572 46 23 and
974 3573 66 22 make
1055 3574 50 22 him
1121 3574 38 22 the
1176 3574 64 22 abso-

653 3598 46 23 lute
711 3606 72 15 owner
793 3600 26 21 of
829 3600 38 21 the
877 3603 111 24 property.
1024 3601 21 22 It
1060 3601 20 22 is
1095 3600 46 23 also
1156 3608 14 15 a
1181 3607 60 16 com-

653 3633 53 14 mon
725 3626 95 27 practice
839 3631 23 16 to
880 3630 69 18 insert
965 3628 24 21 in
1006 3631 115 24 mortgage
1138 3627 68 23 deeds
1225 3635 13 14 a

653 3659 74 24 power
735 3652 25 22 of
766 3652 44 24 sale
819 3653 30 30 by
859 3653 72 22 virtue
942 3654 26 21 of
974 3653 79 27 which,
1064 3661 24 15 in
1097 3661 50 15 case
1156 3654 85 22 default

652 3685 19 15 is
681 3679 73 27 made,
771 3679 37 22 the
823 3683 128 24 mortgagee
967 3680 21 23 is
996 3680 134 28 authorised,
1148 3680 92 23 without

654 3705 81 28 having
744 3713 102 15 recourse
855 3710 25 18 to
889 3713 13 15 a
912 3708 69 21 Court
987 3708 27 21 of
1024 3708 83 29 equity,
1117 3711 24 18 to
1151 3707 40 22 sell
1202 3707 37 22 the

652 3732 60 27 land,
723 3732 44 22 and
783 3739 67 21 repay
866 3733 92 22 himself
971 3737 40 19 out
1026 3736 22 20 ot
1068 3734 39 22 the
1125 3734 113 28 proceeds,

652 3760 134 26 accounting
804 3763 22 18 to
845 3759 38 22 the
900 3763 128 24 mortgagor
1043 3761 36 21 for
1088 3767 45 21 any
1143 3760 95 28 surplus.

654 3786 71 21 When
734 3786 48 21 sold
793 3786 69 22 under
873 3787 54 22 such
937 3794 14 14 a
961 3794 80 20 power,
1051 3787 39 22 the
1100 3786 55 23 land
1164 3793 74 21 passes

650 3812 49 22 into
715 3812 36 22 the
768 3812 73 23 hands
859 3813 26 22 of
905 3813 38 22 the
960 3814 127 27 purchaser,
1108 3813 132 27 discharged

651 3839 58 22 from
720 3838 38 22 the
767 3844 136 22 mortgagors
913 3840 76 28 equity
999 3840 25 22 of
1036 3840 146 27 redemption,
1193 3839 47 23 and

651 3873 42 14 can
707 3872 68 15 never
789 3866 159 28 subsequently
962 3867 28 22 be
1006 3866 126 23 redeemed'
1143 3866 102 31 byhijn.'

650 3892 30 25 In
690 3892 54 21 such
754 3899 50 15 case
813 3892 37 23 the
861 3893 76 27 equity
952 3893 27 22 of
989 3892 140 28 redemption
1147 3893 18 20 is
1182 3890 56 29 said,

650 3918 24 22 in
685 3925 104 16 common
799 3918 59 28 legal
867 3919 112 29 parlance,
989 3922 25 19 to
1023 3919 27 21 be
1061 3918 122 26 forcloaed;
1191 3918 49 27 just

651 3952 24 15 as
683 3945 19 22 it
711 3944 73 23 would
793 3946 27 21 be
829 3945 49 22 said
887 3950 22 17 to
918 3946 29 21 be
956 3946 21 20 if
988 3944 19 23 it
1017 3944 45 23 had
1076 3945 59 22 been
1145 3944 95 23 effected

558 44 100 47 Cf)t
680 46 120 41 recto
824 46 212 41 gcalanft
1062 48 192 48 <ffia?ftfc
1276 56 92 34 <mo
1391 52 301 48 eaicUtnqtoit
1715 51 252 50 ftpectatot.

1887 142 25 22 of
1924 150 27 13 no
1967 142 176 22 inconsiderable
2159 148 99 23 amount,
2274 144 54 28 they
2344 145 92 23 deemed
2445 147 19 22 it

1887 175 145 21 unnecessary
2042 173 23 17 to
2075 169 73 22 define
2157 171 52 21 with
2216 171 111 26 precision
2336 171 38 22 the
2384 176 45 18 acts
2438 176 24 19 to

1888 195 69 21 which
1965 195 16 21 it
1993 202 44 15 was
2047 199 24 17 to
2082 195 82 23 attach.
2189 196 54 22 This
2258 197 61 22 loose
2334 197 90 23 method
2439 200 27 21 of

1887 221 96 27 framing
1991 221 53 22 laws
2056 225 50 24 puts
2120 228 30 16 an
2166 222 78 22 almost
2257 223 120 23 unlimited
2391 232 73 20 power

1887 247 45 21 into
1943 247 36 21 the
1988 247 73 22 hands
2071 248 29 21 of'
2106 247 38 23 the
2154 248 72 27 Judge
2236 249 48 22 who
2298 251 19 21 is
2327 253 23 19 to
2358 251 107 27 interpret

1888 274 66 22 them.
1974 274 38 21 He
2023 281 41 14 can
2074 277 39 24 put
2122 282 59 20 upon
2192 274 60 23 them
2263 283 44 24 any
2313 277 151 23 construction

1886 300 29 21 he
1925 300 84 27 pleases
2016 308 6 19 ;
2037 300 18 22 it
2063 300 74 22 makes
2146 301 45 21 him
2209 301 37 22 the
2254 301 113 28 legislator
2376 304 88 22 instead

1887 326 24 21 of
1924 326 36 22 the
1976 327 165 21 administrator
2155 328 25 21 of
2191 328 37 20 the
2242 328 59 27 laws,
2313 337 12 13 a
2341 334 57 18 most
2407 330 57 23 dan-

1886 359 76 19 gerous
1979 354 138 26 experiment
2136 361 57 20 upon
2211 354 36 21 the
2262 354 98 24 liberties
2379 357 26 21 of
2425 357 38 22 the

1886 379 83 27 people.
2000 380 24 21 If
2035 387 13 14 a
2062 380 69 27 judge
2146 380 101 22 actuated
2261 381 31 27 by
2305 389 14 14 a
2332 383 87 26 passion
2428 384 37 22 for

1884 406 109 26 .arbitrary
2013 413 79 21 power,
2117 406 67 22 which
2201 407 71 26 might
2294 409 111 23 over-rule
2425 410 38 22 the

1886 439 78 23 proper
1973 433 116 21 executive
2099 433 127 22 authorities
2236 434 25 21 of
2273 434 37 21 the
2319 438 92 24 country
2420 436 45 22 and

1886 457 70 22 inflict
1970 458 109 23 insidious
2092 460 89 21 wounds
2195 466 58 21 upon
2273 460 43 22 the'
2329 460 97 24 liberties
2440 463 27 21 of

1887 484 37 21 the
1939 485 84 27 people,
2040 485 45 22 had
2100 486 84 22 desired
2198 489 23 18 to
2238 493 86 20 possess
2337 487 93 23 himself
2440 489 27 21 of

1885 510 37 21 the
1932 519 77 14 means
2018 512 27 21 of
2055 512 67 27 doing
2138 520 31 18 so,
2179 512 28 22 he
2223 513 66 22 could
2304 518 39 17 not
2352 514 56 22 have
2425 515 40 22 de-

1887 537 59 22 vised
1956 545 13 13 a
1977 538 74 21 better
2060 538 51 27 plan
2122 538 52 22 than
2190 543 23 18 to
2228 543 38 23 get
2275 540 132 23 ordinances
2417 548 48 20 pre-

1885 571 11 40 [
1896 564 56 21 tared
1962 564 22 21 in
1997 564 43 22 this
2049 565 66 22 crude
2125 572 93 15 manner
2226 566 79 26 passed
2314 567 31 27 by
2351 567 39 22 the
2399 568 66 27 legis-

1896 594 68 19 ature.
1998 590 42 21 We
2057 591 46 22 fear
2119 592 48 21 that
2181 592 70 22 under
2266 593 54 22 such
2339 594 125 26 legislation

1887 623 31 14 we
1928 616 54 22 shall
1993 618 59 21 often
2063 618 56 21 have
2137 622 21 17 to
2172 625 39 20 say
2221 619 26 21 of
2256 619 38 21 the
2311 622 86 20 convict
2427 622 37 22 hie

1886 646 32 18 est
1928 643 117 22 damnatus
2055 644 60 21 inani
2240 644 45 22 and
2294 646 27 21 of
2331 647 38 21 the
2379 648 86 27 Colony

1940 672 23 19 tv
1973 670 114 27 provincia

1913 696 89 21 Section
2021 697 34 25 55,
2076 697 18 21 is
2111 704 29 14 an
2158 697 167 27 interpretation
2345 700 85 26 clause;
2447 705 18 18 'a

1886 729 53 19 very
1948 730 116 20 necessary
2075 730 40 15 one
2124 724 24 21 in
2158 731 26 14 an
2199 724 120 23 ordinance
2330 726 101 23 couched
2440 728 25 21 in

1885 749 55 21 such
1948 749 91 27 general
2055 750 109 26 language
2178 757 22 14 as
2214 750 44 22 this
2265 759 5 19 ;
2287 752 38 21 but
2341 759 14 14 a
2369 760 54 20 very
2431 754 34 21 in-

1886 775 110 22 sufficient
2012 783 50 19 one,
2073 776 60 22 since
2150 777 18 21 it
2177 777 52 27 only
2243 778 83 21 defines
2341 778 38 23 the
2394 781 71 26 single

1885 802 58 21 word
2087 803 58 27 Why
2162 810 42 15 was
2218 806 40 19 not
2269 804 39 22 the
2323 806 61 21 word-

1885 832 62 24 perly
1979 829 96 26 defined,
2085 829 72 22 which
2167 829 16 22 is
2193 830 56 22 used
2263 830 24 23 in
2298 831 37 22 the
2345 834 119 26 preamble,

1887 855 43 21 and
1940 855 35 22 the
1986 856 111 27 obscurity
2106 856 26 21 of
2143 856 70 22 wnich
2229 856 74 23 leaves
2320 858 37 22 the
2367 860 99 27 applica-

1886 882 44 21 tion
1948 882 26 21 of
1992 882 36 22 the
2046 882 69 23 whole
2131 883 116 22 ordinance
2261 884 24 21 in
2301 884 84 23 doubt?
2416 887 49 22 The

1885 909 59 21 word
1977 909 57 22 deed
2068 910 45 21 also
2124 910 19 21 is
2151 910 39 21 left
2200 910 22 21 in
2240 911 65 27 equal
2316 914 147 26 uncertainty,

1887 935 43 22 and
1947 936 98 27 scarcely
2061 943 43 20 any
2121 936 51 23 clue
2186 936 19 22 is
2221 937 98 22 afforded
2336 946 24 14 as
2376 943 22 18 to
2407 939 59 22 what

1885 962 143 22 instruments
2038 971 37 14 are
2086 963 74 22 within
2171 963 17 21 it
2198 964 44 21 and
2252 964 59 21 what
2321 968 47 18 not.
2383 966 82 23 Would

1885 995 14 14 a
1917 990 83 21 mutual
2020 990 83 21 release
2124 990 26 21 of
2168 990 68 26 rights
2259 991 27 20 of
2306 992 73 21 action
2402 1000 64 15 come

1886 1015 74 22 within
1972 1016 32 21 it?
2031 1016 81 22 Would
2129 1023 14 14 a
2158 1016 73 21 bond?
2245 1016 44 22 and
2298 1017 20 22 if
2329 1025 24 14 so
2370 1018 72 23 would,
2452 1027 14 14 a

1885 1042 131 27 promissory
2026 1046 64 23 note;
2105 1043 34 21 for
2227 1043 38 21 the
2281 1044 45 21 seal
2359 1044 57 22 from
2436 1046 34 21 off

1885 1076 14 14 a
1909 1069 60 21 bond
1979 1069 46 22 and
2034 1069 62 21 there
2104 1070 20 21 is
2132 1076 30 15 no
2173 1069 100 22 material
2289 1070 127 23 distinction
2426 1072 39 22 be-

1885 1098 69 18 tween
1964 1096 18 20 it
1991 1096 44 21 and
2046 1103 13 14 a
2075 1099 59 18 note.
2163 1095 46 22 The
2225 1096 101 27 question
2342 1104 52 20 may
2408 1098 58 23 arise

1885 1121 22 22 in
1920 1128 66 20 many
1997 1122 64 21 other
2078 1130 66 19 cases,
2157 1123 42 20 and
2214 1122 144 23 instruments
2376 1131 50 21 may
2436 1126 29 21 be

1886 1151 33 19 set
1929 1149 59 21 aside
1998 1149 73 22 which
2082 1149 68 26 ought
2158 1152 22 18 to
2190 1149 56 21 have
2256 1150 57 21 been
2324 1152 107 21 executed
2439 1152 26 22 in

1887 1175 37 21 the
1934 1175 93 27 English
2044 1183 97 19 manner,
2152 1176 92 21 because
2260 1176 95 28 through
2372 1178 93 23 mistake

1887 1201 51 25 they
1948 1201 56 22 have
2014 1203 56 20 been
2080 1203 85 21 treated
2175 1210 23 13 as
2207 1203 75 21 within
2291 1203 36 22 the
2338 1204 127 22 ordinance.

1913 1229 31 21 At
1953 1229 38 21 the
2009 1229 128 22 conclusion
2154 1229 24 22 of
2190 1229 36 21 the
2243 1229 119 24 ordinance
2379 1238 31 14 we
2427 1239 38 15 are

1886 1255 109 22 informed
2006 1256 69 21 under
2085 1256 37 21 the
2132 1256 58 21 hind
2207 1257 26 20 of
2267 1256 22 22 J.
2302 1257 86 27 Coates,
2399 1258 67 22 Clerk

1887 1282 24 20 of
2049 1283 48 20 that
2105 1283 17 21 it
2131 1283 77 26 passed
2224 1290 28 14 on
2268 1283 38 21 the
2322 1284 52 21 28th
2390 1284 43 27 day
2444 1284 26 23 of

1887 1308 132 26 December,
2031 1310 60 21 1842.
2120 1309 34 28 By
2164 1309 35 22 the
2209 1309 102 28 previous
2324 1311 83 21 section
2419 1312 46 26 (56)

1887 1342 31 14 we
1929 1342 36 14 are
1976 1335 47 22 told
2033 1335 49 22 that
2090 1337 17 20 it
2115 1343 44 14 was
2170 1340 20 17 to
2207 1343 63 14 come
2286 1337 48 20 into
2351 1338 115 26 operation

1887 1368 27 14 on
1924 1362 36 22 the
1972 1363 33 21 Ist
2021 1362 86 27 March,
2120 1364 59 25 1842,
2190 1363 52 21 nine
2259 1363 90 22 months
2364 1364 102 26 previous

1887 1391 21 18 to
1918 1388 27 21 its
1955 1389 96 27 passing.
2079 1389 54 22 This
2142 1392 69 18 venire
2219 1396 23 14 sa
2252 1396 56 14 mere
2322 1393 45 18 sort
2377 1391 25 21 of
2413 1398 53 20 ope-

1886 1415 69 21 ration
1965 1416 19 20 is
1996 1420 39 17 not
2051 1423 52 20 very
2112 1417 132 26 intelligible
2258 1417 24 20 in
2300 1424 28 15 an
2346 1417 120 23 ordinance

1887 1441 24 21 of
1923 1442 42 22 this
1982 1447 86 17 nature.
2097 1443 41 21 We
2156 1443 78 22 should
2251 1443 101 22 however
2368 1445 98 27 scarcely

1886 1467 56 23 have
1951 1469 90 22 alluded
2052 1473 22 18 to
2084 1470 22 25 it,
2119 1477 55 14 were
2184 1470 61 21 there
2260 1474 40 17 not
2312 1471 85 21 several
2412 1478 55 20 very

1887 1495 107 22 awkward
2003 1496 149 22 inaccuracies
2167 1497 21 21 in
2204 1497 61 21 dates
2274 1497 24 21 in
2308 1497 87 22 various
2404 1503 62 22 parts

1887 1523 24 21 of
1924 1522 59 22 these
1993 1523 138 22 ordinances.
2160 1524 32 27 By
2204 1523 36 22 the
2251 1524 86 27 County
2348 1524 66 22 Court
2425 1525 41 21 Or-

1887 1548 99 27 dinance,
1998 1550 47 21 Sec.
2056 1551 34 26 28,
2101 1550 17 21 it
2127 1551 19 21 is
2162 1550 92 21 enacted
2268 1550 49 22 that
2425 1552 43 21 and

1886 1577 57 24 after
1951 1577 36 19 the
1997 1578 41 19 last
2047 1578 39 25 day
2096 1577 26 25 of
2131 1578 111 25 February,
2254 1578 62 25 1842,
2328 1585 24 14 so
2367 1578 66 22 much
2443 1579 27 22 of

1887 1604 36 20 the
1935 1604 95 21 General
2042 1604 42 22 and
2094 1604 92 25 Quarter
2197 1604 97 22 Sessions
2306 1604 124 23 Ordinance
2440 1613 25 14 as

1885 1631 78 20 relates
1981 1634 22 17 to
2021 1631 82 22 certain
2119 1631 103 27 specified
2239 1634 97 23 matters,
2348 1635 79 24 except
2442 1639 25 15 so

1887 1657 64 21 much
1962 1657 88 22 thereof
2062 1665 23 14 as
2095 1658 79 22 relates
2188 1661 23 18 to
2227 1658 37 21 the
2282 1658 141 21 constitution
2444 1659 26 22 of

1886 1683 72 22 Juries
1969 1684 44 22 and
2024 1686 34 19 the
2061 1686 117 25 formation
2186 1685 27 25 of
2223 1691 13 13 a
2245 1686 56 25 Jury
2310 1686 54 25 List,
2374 1684 54 23 shall
2438 1686 28 21 be

1886 1711 108 26 repealed.
2033 1712 35 26 By
2087 1712 36 21 the
2143 1712 110 26 following
2273 1711 121 22 ordinance
2419 1712 47 25 (the

1886 1737 56 27 Jury
1952 1737 38 27 O.)
2003 1739 21 21 S.
2036 1740 34 26 15,
2082 1739 16 21 it
2107 1739 18 21 is
2137 1738 93 22 enacted
2245 1738 48 22 that
2327 1746 24 14 so
2367 1738 67 22 much
2445 1739 25 22 of

1887 1763 36 22 the
1941 1764 95 23 General
2052 1765 44 22 and
2110 1766 95 23 Quarter
2222 1766 100 21 Sessions
2338 1765 128 23 Ordinance

1887 1798 22 13 as
1925 1791 79 22 relates
2021 1796 22 17 to
2059 1792 37 21 the
2112 1792 65 21 mode
2192 1792 26 21 of
2237 1792 141 27 summoning
2394 1792 73 23 Juries

1887 1817 43 22 and
1941 1819 33 19 the
1977 1819 98 26 forming
2084 1820 26 25 of
2120 1826 12 13 a
2139 1821 53 24 Jury
2202 1820 49 20 List
2259 1818 56 23 shall
2326 1819 27 21 be
2363 1819 103 27 repealed

1885 1844 57 22 from
1951 1845 37 22 the
1997 1847 90 26 passing
2097 1846 89 26 thereof,
2200 1848 23 24 (i.
2235 1853 17 15 c.
2268 1847 36 19 the
2318 1847 55 19 23rd
2381 1848 85 19 Decem-

1886 1872 41 23 ber,
1937 1872 72 26 1841,)
2021 1873 44 22 and
2076 1881 23 14 so
2109 1873 66 22 much
2184 1881 25 14 as
2224 1873 80 22 relates
2321 1877 21 17 to
2360 1873 37 22 the
2414 1881 54 14 con-

1887 1898 97 23 stitution
1996 1900 24 21 of
2031 1900 75 22 Juries
2116 1902 42 19 and
2172 1902 34 19 the
2214 1901 121 25 formation
2350 1901 26 25 of
2386 1907 13 13 a
2412 1902 57 25 Jury

1885 1926 48 19 List
1943 1926 56 22 shall
2015 1928 27 20 be
2059 1928 103 27 repealed
2179 1928 56 21 from
2252 1928 44 22 and
2314 1928 55 21 after
2385 1929 34 19 the
2428 1929 41 20 last

1886 1954 41 25 day
1936 1954 26 25 of
1972 1954 112 26 February,
2204 1954 80 23 Where
2294 1955 20 22 is
2321 1954 36 21 the
2368 1954 99 28 Oedipus

1887 1980 49 21 who
1946 1977 43 26 will
1998 1981 80 22 inform
2089 1989 23 15 us
2124 1982 62 21 when
2197 1981 38 22 the
2244 1981 123 29 provisions
2374 1985 95 25 respect-

1887 2006 38 27 ing
1934 2007 42 23 the,
1984 2008 117 22 formation
2120 2009 26 21 of
2157 2009 35 21 the
2209 2008 57 27 Jury
2284 2009 49 22 List
2348 2015 37 15 are
2400 2012 24 18 to
2440 2009 28 22 be

1886 2033 102 27 repealed
1995 2035 9 20 ?
2031 2034 47 22 The
2089 2035 148 26 Registration
2253 2035 128 21 Ordinance
2394 2035 45 22 also
2450 2038 18 20 is

1887 2060 70 21 stated
1974 2062 23 19 to
2014 2060 56 22 have
2089 2062 55 21 been
2167 2061 77 27 passed
2263 2065 23 18 at
2304 2065 43 18 two
2366 2061 104 24 different

1886 2087 93 26 periods,
1997 2088 78 21 twelve
2092 2088 87 21 months
2194 2092 69 22 apart.
2292 2088 72 21 These
2377 2088 91 23 inaccu-

1887 2114 68 21 racies
1971 2114 96 21 indicate
2084 2123 13 13 a
2113 2118 60 18 want
2188 2115 26 21 of
2231 2114 105 27 practical
2353 2114 72 23 habits
2444 2116 26 22 of

1887 2140 106 22 attention
2004 2142 22 20 in
2038 2141 38 22 the
2085 2142 91 21 framers
2186 2141 26 21 of
2224 2143 37 20 the
2271 2141 138 27 ordinances,
2421 2143 45 22 and

1886 2173 66 19 prove
1963 2174 54 20 very
2027 2168 147 22 troublesome
2179 2168 23 21 in
2211 2168 118 27 operation.

1913 2193 40 22 We
1958 2193 57 22 have
2021 2195 25 21 of
2051 2203 77 14 course
2136 2203 28 14 no
2171 2202 74 15 m«ans
2253 2195 26 21 of
2284 2196 147 27 ascertaining
2435 2197 30 27 by

1887 2220 58 21 what
1951 2222 99 21 member
2056 2222 26 21 of
2091 2222 36 21 the
2133 2222 123 26 legislature
2265 2222 61 21 these
2334 2222 133 24 ordinances

1887 2255 55 14 were
1951 2248 108 27 prepared
2077 2256 23 14 or
2115 2248 138 24 introduced.
2284 2249 27 21 So
2325 2248 60 28 large
2395 2257 13 14 a
2418 2254 50 23 part

1887 2274 24 21 of
1924 2274 58 22 them
1994 2275 80 22 relates
2084 2279 20 18 to
2115 2283 59 14 mere
2187 2275 108 22 technical
2313 2279 94 24 matters,
2419 2276 49 23 that

1887 2304 22 18 at
1919 2301 46 22 first
1975 2302 58 26 sight
2042 2309 33 15 we
2085 2302 79 22 should
2171 2302 55 21 have
2236 2302 48 22 said
2293 2302 53 28 they
2355 2302 45 23 had
2410 2304 56 22 been

1888 2328 35 21 the
1932 2328 130 28 production
2080 2329 24 21 of
2115 2337 13 13 a
2143 2329 90 27 lawyer;
2251 2330 38 20 but
2303 2336 28 14 on
2348 2330 71 22 closer
2431 2330 36 22 in-

1887 2356 97 26 spection
1999 2355 51 27 they
2061 2356 75 26 betray
2147 2363 23 14 so
2185 2359 64 23 great
2264 2363 28 14 an
2307 2356 120 26 ignorance
2444 2358 26 21 of

1887 2381 46 27 law,
1946 2382 43 21 and
1998 2389 37 14 are
2052 2382 161 27 distinguished
2230 2382 28 27 by
2268 2389 24 15 so
2309 2382 55 22 little
2382 2384 25 21 of
2418 2384 49 22 that

1886 2408 107 26 precision
2004 2408 45 22 and
2060 2416 107 21 accuracy
2176 2408 71 22 which
2265 2416 13 14 a
2293 2409 82 27 lawyer
2385 2410 26 22 of
2422 2417 44 21 any

1887 2436 160 27 respectability
2056 2437 23 20 in
2089 2436 33 21 his
2139 2436 119 27 profession
2275 2436 74 22 would
2358 2436 56 23 have
2425 2445 41 14 ex-

1887 2462 88 27 ercised,
1998 2462 49 22 that
2065 2471 39 14 our
2123 2463 47 22 first
2186 2463 131 27 impression
2336 2464 18 20 is
2372 2463 93 23 shaken.

1887 2489 32 26 By
1929 2489 148 22 Whomsoever
2087 2489 52 27 they
2149 2497 51 19 may
2209 2489 57 22 have
2283 2490 55 21 been
2348 2491 115 27 prepared,

1885 2523 32 14 we
1928 2520 83 17 cannot
2021 2516 50 28 help
2080 2516 82 27 feeling
2175 2516 110 27 surprised
2297 2516 47 22 that
2353 2516 38 23 the
2400 2517 66 28 legis-

1885 2542 68 22 lature
1976 2543 81 22 should
2076 2544 56 21 have
2154 2542 97 28 adopted
2266 2542 76 28 them;
2364 2544 45 22 and
2428 2551 38 16 are

1885 2570 122 27 extremely
2037 2570 72 27 happy
2138 2574 22 17 to
2183 2570 54 21 hear
2259 2569 49 22 that
2334 2570 30 21 all
2388 2573 78 26 except

1885 2596 36 23 the
1936 2596 56 22 least
2006 2597 118 25 important
2136 2596 25 21 of
2172 2601 35 16 trie
2223 2596 95 22 number
2333 2596 58 23 have
2407 2598 58 22 been

1884 2622 98 23 retained
1993 2624 28 26 by
2030 2622 36 23 the
2076 2624 71 21 Home
2154 2624 159 25 Government,
2324 2623 52 22 with
2386 2631 14 14 a
2409 2624 57 22 view

1884 2656 27 14 no
1924 2650 67 21 doubt
2002 2655 21 16 to
2033 2650 57 21 their
2103 2650 114 21 alteration
2227 2649 21 22 if
2258 2654 40 17 not
2314 2650 69 22 entire
2399 2651 66 22 disal-

1884 2676 104 22 lowance.
2018 2677 24 22 If
2055 2677 18 21 it
2086 2677 25 21 be
2124 2683 116 20 necessary
2254 2680 23 17 to
2292 2676 66 22 make
2372 2684 45 20 any
2426 2685 39 15 ex-

1884 2703 80 22 tensive
1976 2703 96 27 changes
2085 2704 23 21 in
2117 2703 38 21 the
2172 2703 51 22 Law
2235 2702 24 22 of
2270 2702 105 28 England
2390 2704 75 23 before

1884 2730 103 27 applying
2000 2730 18 21 it
2032 2734 23 17 to
2071 2730 42 21 this
2124 2730 90 26 Colony,
2231 2737 33 14 we
2274 2732 57 19 trust
2348 2730 47 22 that
2411 2731 54 28 they

1883 2756 44 22 will
1943 2758 24 20 be
1985 2756 65 22 made
2066 2757 28 27 by
2108 2756 38 22 the
2162 2757 72 21 Home
2250 2756 152 23 Government
2416 2758 49 21 who

1884 2782 55 23 have
1957 2787 23 20 at
1998 2784 58 21 their
2076 2783 95 28 disposal
2186 2783 69 22 talent
2274 2790 60 15 more
2355 2784 108 28 adequate

1883 2814 22 17 to
1922 2810 36 21 the
1978 2810 49 22 task
2047 2810 53 22 than
2113 2817 91 21 appears
2218 2810 55 21 from
2291 2810 36 21 the
2341 2811 124 27 specimens

1972 2845 33 19 us,
2023 2840 22 19 to
2059 2837 57 22 exist
2134 2838 23 21 in
2173 2836 41 22 this
2231 2836 85 28 Colony
2332 2841 23 17 at
2368 2841 96 23 present.

1883 2863 21 21 It
1924 2863 71 22 would
2010 2864 121 21 contribute
2144 2863 67 22 much
2226 2866 23 19 to
2268 2863 132 28 expedition,
2418 2865 47 22 and

1881 2890 67 21 much
1956 2897 30 14 no
2002 2890 70 22 doubt
2082 2895 21 17 to
2121 2890 37 21 the
2169 2890 125 22 excellence
2306 2890 25 21 of
2344 2890 37 22 the
2392 2891 73 22 ordin-

1883 2923 66 15 ances
1955 2918 25 20 of
1987 2917 37 22 the
2032 2917 90 27 Colony,
2132 2917 21 21 if
2158 2924 23 14 so
2191 2916 53 27 long
2254 2923 23 14 as
2285 2924 33 14 we
2325 2924 37 15 are
2372 2918 93 22 without

1882 2950 27 14 an
1927 2943 91 22 elective
2034 2944 129 26 legislature,
2183 2943 29 22 all
2227 2946 79 24 except
2320 2943 54 22 such
2388 2951 24 14 as
2425 2951 38 16 are

1882 2970 25 21 of
1923 2977 13 14 a
1953 2970 78 28 purely
2047 2970 56 21 local
2121 2974 78 17 nature
2219 2969 47 26 (the
2287 2970 78 26 Raupo
2382 2970 82 22 Ordin-

1881 3003 55 15 ance
1945 2997 32 20 for
1987 2996 108 26 instance)
2104 3003 58 14 were
2176 2995 106 28 prepared
2296 2996 29 26 by
2335 2996 38 22 the
2387 2996 82 23 Home'

1882 3023 158 26 Government,
2059 3022 44 22 and
2118 3027 50 16 sent
2176 3028 38 15 out
2223 3022 35 21 for
2272 3022 39 21 the
2324 3022 104 32 adoption
2438 3024 27 21 of

1880 3049 38 22 the
1937 3049 108 22 Colonial.
2091 3049 48 22 The
2158 3048 159 28 experimental
2334 3048 127 28 legislation

1881 3076 71 21 which
1984 3076 41 21 has
2051 3076 55 21 been
2137 3075 106 27 indulged
2265 3075 24 22 in
2313 3083 23 14 so
2360 3076 35 21 far
2417 3076 42 23 has

1880 3102 91 22 effected
1981 3102 93 28 nothing
2082 3102 32 22 for
2124 3110 32 18 us,
2169 3106 76 23 except
2252 3102 109 27 affording
2366 3102 97 23 humila-

1880 3129 48 27 ting
1941 3130 66 26 proof
2019 3129 48 22 that
2081 3129 36 22 the
2128 3129 98 22 Colonial
2241 3129 153 22 Government
2408 3130 53 22 does

1880 3160 38 17 not
1925 3157 65 27 enjoy
2000 3156 37 21 the
2049 3156 122 26 advantage
2178 3156 24 21 of
2214 3155 125 27 possessing
2351 3163 28 15 an
2388 3156 75 23 officer

1879 3187 126 27 competent
2014 3186 22 19 to
2050 3190 89 20 prepare
2149 3182 35 22 the
2195 3186 57 18 most
2261 3182 103 28 ordinary
2377 3184 44 21 Act
2438 3184 26 22 of

1880 3209 136 22 Parliament
2022 3217 5 19 ;
2045 3217 26 14 or
2080 3209 53 27 that,
2148 3209 21 22 if
2176 3210 16 21 it
2206 3209 53 22 does
2268 3216 87 20 possess
2364 3210 54 22 such
2432 3218 29 15 an

1879 3236 74 22 officer
1960 3237 19 20 it
1989 3237 53 21 does
2049 3239 40 19 not
2097 3243 83 20 possess
2190 3235 111 23 sufficient
2308 3236 118 23 discretion
2435 3240 24 19 to

1879 3262 86 28 employ
1975 3264 48 21 him
2032 3270 59 20 upon
2101 3262 37 22 the
2149 3262 53 23 task.

1906 3290 22 21 It
1934 3290 17 21 is
1960 3290 106 28 probable
2077 3289 47 22 that
2130 3297 28 14 on
2167 3297 59 14 some
2233 3289 26 22 of
2266 3289 38 22 the
2310 3290 73 27 points
2390 3290 71 23 which

1878 3323 32 14 we
1919 3316 57 22 have
1984 3316 73 22 raised
2064 3323 28 15 on
2102 3316 37 22 the
2146 3316 171 28 Conveyancing
2325 3316 134 28 Ordinance,

1873 3350 18 21 ;a
1900 3343 116 22 difference
2026 3343 25 22 of
2059 3343 91 27 opinion
2160 3350 50 20 may
2219 3343 58 22 exist
2286 3350 80 20 among
2376 3344 84 27 profes-
2468 3349 2 16 i

1877 3370 72 21 sional
1964 3377 60 19 men,
2043 3369 44 22 and
2100 3377 39 14 our
2153 3370 54 21 view
2218 3370 26 21 of
2254 3370 63 22 them
2331 3377 52 20 may
2392 3377 67 21 prove
2468 3391 2 5 ,

1877 3403 117 15 erroneous
2004 3396 63 22 when
2082 3396 112 28 subjected
2208 3399 23 19 to
2246 3396 38 23 the
2300 3396 100 23 ultimate
2416 3400 45 19 test

1878 3423 25 22 of
1909 3431 13 14 a
1929 3422 92 28 judicial
2030 3423 105 22 decision.
2164 3422 111 28 Whether,
2286 3423 107 27 however,
2404 3423 55 23 such

1877 3449 97 22 decision
1983 3450 28 21 be
2021 3450 90 22 adverse
2121 3457 25 14 or
2155 3450 128 22 favourable
2292 3454 23 18 to
2322 3457 40 14 our
2367 3450 91 21 charac-

1877 3479 33 18 ter
1919 3476 34 22 for
1960 3476 61 27 legal
2029 3484 102 20 acumen,
2142 3477 17 22 it
2169 3483 41 15 can
2219 3476 54 28 only
2282 3476 28 23 be
2319 3476 103 23 obtained
2432 3480 24 17 at

1877 3503 36 21 the
1924 3510 96 20 expense
2030 3504 26 21 of
2061 3511 13 14 a
2086 3503 93 27 lawsuit,
2196 3503 117 22 whenever
2327 3503 54 22 each
2397 3503 61 26 point

1877 3537 51 20 may
1937 3537 65 14 occur
2011 3530 24 21 in
2045 3530 99 32 practise,
2156 3530 42 22 and
2209 3537 24 15 as
2239 3537 31 14 we
2278 3529 28 22 do
2316 3533 37 18 not
2363 3529 93 27 pretend

1877 3560 21 17 to
1904 3556 54 22 hare
1964 3556 133 23 scrutinized
2103 3556 61 23 these
2169 3556 129 22 ordinances
2306 3562 53 21 very
2366 3555 89 28 closely,

1877 3590 24 15 or
1915 3587 22 20 to
1950 3583 27 22 be
1993 3583 115 27 possessed
2123 3584 26 21 of
2165 3583 46 22 that
2224 3583 52 21 skill
2294 3582 42 21 and
2351 3581 106 26 practical

1876 3610 76 27 ability
1962 3614 24 18 to
1997 3610 72 22 which
2083 3610 53 27 they
2146 3609 42 22 will
2203 3610 27 21 be
2244 3607 115 28 subjected
2372 3607 25 22 in
2409 3608 56 22 real*

1875 3636 46 27 life,
1939 3644 31 14 we
1987 3640 83 19 cannot
2086 3637 69 22 doubt
2169 3636 47 22 that
2231 3634 152 23 innumerable
2398 3633 58 23 diffi-

1876 3663 75 22 culties
1965 3663 58 23 have
2032 3664 93 27 escaped
2134 3670 41 15 our
2188 3661 144 25 observation,
2349 3660 45 22 and
2407 3660 49 23 that

1876 3690 52 27 they
1937 3690 44 21 will
1996 3690 27 21 be
2031 3690 72 22 found
2117 3692 24 19 to
2155 3687 68 24 afford
2237 3691 21 18 to
2268 3687 78 21 suitors
2361 3694 24 14 as
2395 3694 61 16 com-

1875 3717 91 21 fortable
1976 3724 14 14 a
2000 3721 101 23 prospect
2106 3717 25 21 of
2138 3723 13 14 a
2160 3715 59 27 large
2227 3713 98 22 addition
2336 3717 23 17 to
2369 3713 36 22 the
2412 3720 45 16 un-

1876 3743 106 27 certainty
1993 3743 25 22 of
2025 3743 37 22 the
2072 3743 40 22 law
2122 3750 24 14 as
2155 3741 52 28 they
2216 3747 40 15 can
2267 3739 71 22 either
2347 3739 70 23 desire
2426 3748 27 15 or

1876 3769 111 21 conceive.

1276 135 29 27 by
1318 136 78 23 decree
1407 138 24 21 of
1443 138 38 22 the
1498 139 74 22 Court.
1610 139 65 27 Now,
1694 140 38 22 the
1752 141 108 25 difficulty

1276 162 72 22 which
1359 163 66 22 arises
1435 172 28 15 on
1475 165 44 22 this
1529 166 87 21 Section
1633 166 45 26 (41)
1694 167 24 25 is,
1730 167 100 30 whether,
1842 172 18 17 it

1275 188 19 21 is
1303 191 24 18 to
1337 189 27 22 be
1374 190 137 23 Understood
1515 199 24 14 as
1548 192 83 27 merely
1641 193 130 27 abrogating
1780 194 37 21 the
1823 194 37 23 old

1275 214 93 23 method
1377 216 26 21 of
1413 218 132 26 foreclosing
1555 218 31 26 by
1595 218 78 22 decree
1689 219 24 21 of
1731 220 37 21 the
1784 220 74 27 Court,

1275 247 26 15 or
1309 241 99 23 whether
1416 244 17 21 it
1442 244 23 21 is'
1471 244 106 22 intended
1590 248 22 18 to
1629 249 94 23 prevent
1737 246 39 21 the
1791 252 69 16 mort-

1274 274 70 20 gagee
1354 268 57 23 from
1421 270 129 28 accquiring
1568 277 28 15 an
1611 271 102 22 absolute
1728 272 92 22 interest
1835 274 24 21 in

1275 293 37 22 the
1323 294 54 22 land
1386 296 71 22 under
1468 304 45 20 any
1522 297 179 27 circumstances,
1712 298 43 21 and
1769 302 23 18 to
1803 299 56 28 keep

1275 320 58 21 alive
1340 321 34 21 for
1383 329 52 15 ever
1444 323 38 22 the
1492 326 136 24 mortgagors
1643 324 61 26 right
1720 328 23 17 to
1760 325 97 27 redeem,

1275 350 55 18 etfen
1342 348 64 21 when
1417 349 39 22 the
1466 349 54 22 land
1532 357 49 19 may
1598 350 56 21 have
1670 350 76 26 passed
1763 352 95 26 through

1275 373 85 22 several
1369 374 71 23 hands
1449 376 158 27 subsequently
1618 381 22 16 to
1657 376 37 21 the
1704 380 153 25 mortgagee's.

1275 399 32 21 At
1321 399 48 22 first
1383 402 59 26 sight
1456 409 34 14 we
1502 402 97 22 inclined
1612 406 23 18 to
1651 403 38 21 the
1699 404 81 21 former
1790 406 53 21 view
1851 414 5 18 ;

1273 426 40 21 but
1322 433 27 15 on
1360 428 162 23 consideration
1539 429 27 21 of
1577 429 37 21 the
1623 429 93 27 implied
1727 431 88 25 proviso
1826 432 33 21 for

1273 452 139 29 redemption
1421 455 121 22 contained
1551 455 22 22 in
1586 456 87 21 Section
1685 458 31 24 18,
1732 464 32 14 we
1775 465 37 14 are
1823 458 35 22 led

1273 482 23 18 to
1296 484 4 4 -
1307 479 37 21 the
1354 480 111 23 inference
1476 482 47 21 that
1534 482 36 21 the
1579 482 66 21 latter
1660 483 18 21 is
1695 483 36 21 the
1747 484 110 22 intention

1273 505 26 21 of
1309 505 39 22 the
1359 507 133 23 Ordinance.
1520 508 54 22 This
1585 508 93 28 implied
1689 510 88 26 proviso
1787 510 18 22 it
1814 512 44 21 will

1273 532 28 21 be
1321 532 113 29 observed,
1454 535 62 26 gives
1532 542 13 14 a
1558 535 59 27 right
1632 540 22 17 to
1666 536 89 21 redeem
1765 544 29 15 on
1804 545 55 20 pay-

1273 561 62 19 ment
1345 560 25 21 of
1382 560 37 22 the
1426 561 110 27 principal
1547 562 42 21 and
1599 562 92 22 interest
1723 567 24 17 at
1757 564 38 21 the
1805 565 53 25 (time

1273 585 129 23 mentioned
1411 587 22 22 in
1444 587 38 22 the
1494 592 112 23 mortgage
1617 588 63 25 deed,
1690 595 25 14 or
1723 592 26 19 at
1758 597 42 19 any
1809 592 50 20 time

1442 614 63 27 Now,
1526 615 22 21 in
1563 622 28 14 no
1603 616 119 26 precedent
1737 617 72 22 which
1826 626 31 14 we

1275 639 57 21 have
1343 646 51 16 ever
1400 648 52 14 seen
1458 641 24 21 in
1490 641 94 26 practice
1591 649 25 14 or
1621 642 37 22 the
1666 643 73 26 books,
1750 651 38 14 are
1797 644 60 23 these

1274 665 71 22 words
1350 666 22 22 in
1378 667 70 21 italics
1453 670 23 18 to
1481 667 27 21 be
1515 667 74 27 found,
1597 668 46 21 and
1649 669 52 27 they
1707 670 108 29 certainly
1821 679 36 14 are

1274 699 55 20 very
1337 693 144 22 remarkable.
1518 694 21 21 It
1549 694 18 21 is
1576 698 54 21 true,
1647 696 48 21 that
1710 696 43 23 this
1767 698 90 27 implied

1273 718 89 27 proviso
1378 727 51 20 may
1445 720 26 22 be
1483 720 82 22 altered
1578 721 29 26 by
1617 722 37 21 the
1664 723 80 26 parties
1753 732 6 18 ;
1776 725 40 21 but
1825 732 32 15 we

1273 752 37 14 are
1322 746 138 27 considering
1470 747 18 21 it
1497 747 83 28 merely
1591 752 21 16 to
1623 750 106 21 ascertain
1737 750 39 22 the
1784 751 73 22 inten-

1273 771 46 22 tion
1330 772 26 21 of
1367 773 38 21 the
1419 773 94 21 framers
1529 774 25 20 of
1565 773 37 22 the
1614 776 108 21 amended
1739 777 49 21 rule
1806 785 51 20 pro-

1273 797 97 29 hibiting
1386 799 140 28 foreclosure,
1544 800 73 22 which
1633 806 82 17 cannot
1730 803 27 21 be
1773 804 84 22 altered

1273 825 29 26 by
1320 825 37 21 the
1372 826 92 27 parties;
1490 827 45 21 and
1551 834 23 14 as
1592 827 35 21 far
1642 835 24 14 as
1680 829 18 20 it
1713 830 71 21 shews
1801 832 57 21 their

1273 851 109 23 intention
1407 853 16 21 it
1441 852 63 23 leads
1522 856 22 18 to
1563 853 37 22 the
1616 854 113 23 inference
1750 864 33 15 we
1801 857 56 22 have

1273 878 136 22 mentioned.
1445 879 48 23 The
1511 881 51 26 fact,
1581 880 54 27 also,
1655 881 49 22 that
1722 890 30 15 no
1777 885 80 26 special

1274 910 112 16 covenant
1393 906 35 21 for
1438 906 87 22 further
1534 914 116 15 assurance
1758 910 45 22 and
1814 911 44 22 dis-

1274 931 97 26 charged
1386 933 56 21 from
1454 933 37 21 the
1502 934 75 27 equity
1587 935 25 21 of
1803 938 54 21 such

1274 964 23 15 as
1306 958 19 21 is
1342 959 63 21 usual
1419 959 23 21 in
1459 963 113 24 mortgage
1588 960 73 28 deeds,
1678 963 19 20 is
1713 967 21 18 to
1751 964 27 21 be
1788 964 69 23 found

1274 992 80 19 among
1364 985 37 21 the
1408 985 91 28 implied
1509 992 127 23 covenants,
1647 989 61 22 leads
1716 993 23 18 to
1749 990 38 22 the
1797 998 60 15 same

1274 1011 135 23 conclusion.
1439 1013 25 21 If
1475 1013 43 21 this
1528 1015 53 20 view
1591 1015 28 21 be
1630 1020 89 23 correct,
1737 1017 54 22 then
1802 1018 56 22 sales

1274 1037 92 23 effected
1377 1039 70 21 under
1456 1047 84 20 powers
1546 1041 24 21 of
1577 1041 44 22 sale
1633 1042 22 21 in
1664 1048 113 22 mortgage
1791 1044 66 23 deeds

1274 1064 44 22 will
1329 1065 25 21 be
1362 1067 103 20 transfers
1473 1067 25 20 of
1505 1066 37 22 the
1553 1070 123 25 mortgages
1682 1077 5 19 ;
1699 1077 13 14 a
1722 1072 135 21 transaction

1274 1091 68 22 much
1355 1091 45 23 less
1417 1092 68 27 likely
1502 1096 23 18 to
1541 1094 78 22 enable
1635 1095 39 22 the
1690 1101 129 23 mortgagee
1835 1102 22 17 to

1274 1124 91 16 recover
1374 1118 34 22 his
1417 1126 80 19 money
1507 1119 53 22 than
1570 1128 26 13 an
1609 1123 99 21 absolute
1717 1124 53 22 sale.
1804 1125 54 22 This

1274 1150 48 20 may
1341 1145 28 21 be
1388 1152 14 14 a
1415 1153 81 20 proper
1511 1154 99 14 measure
1624 1148 22 21 in
1663 1156 13 14 a
1692 1150 78 27 colony
1785 1152 73 21 where

1275 1171 81 23 landed
1365 1175 103 24 property
1476 1173 20 21 is
1504 1173 66 21 liable
1581 1177 21 18 to
1612 1175 86 22 sudden
1714 1176 144 24 fluctuations

1274 1199 23 20 in
1311 1199 72 26 value,
1406 1199 43 21 and
1466 1206 82 21 money
1564 1204 83 18 cannot
1664 1205 23 18 at
1704 1203 29 21 all
1748 1204 63 21 times
1830 1205 27 21 be

1274 1225 70 21 raised
1356 1229 22 17 to
1387 1225 89 22 redeem
1486 1226 17 21 it
1514 1234 28 14 on
1560 1234 13 14 a
1587 1227 72 23 threat
1675 1229 26 21 of
1711 1230 45 21 sale
1763 1237 6 20 ;
1784 1230 40 23 but
1842 1232 18 21 if

1275 1251 17 21 it
1302 1252 27 21 be
1339 1252 69 27 really
1417 1253 107 21 intended
1534 1260 33 15 we
1583 1255 81 21 submit
1683 1256 47 21 that
1747 1264 24 14 so
1787 1262 69 22 great,

1275 1278 45 22 and
1335 1278 89 27 violent,
1445 1286 13 14 a
1475 1279 85 28 change
1576 1281 26 21 of
1613 1281 37 22 the
1661 1282 41 21 law
1713 1283 78 22 should
1802 1284 56 22 have

1274 1305 57 21 been
1341 1305 91 22 effected
1448 1306 23 22 in
1489 1306 38 22 the
1541 1307 91 22 clearest
1645 1309 96 27 possible
1758 1318 99 20 manner,

1274 1331 45 22 and
1330 1336 39 17 not
1378 1331 55 23 have
1445 1333 56 21 been
1511 1333 41 22 left
1561 1337 21 18 to
1593 1335 26 21 be
1629 1335 106 26 gathered
1747 1337 56 22 from
1821 1337 36 22 the

1275 1358 92 22 obscure
1376 1359 85 27 brevity
1473 1360 26 20 of
1509 1367 41 15 one
1560 1361 90 26 section,
1662 1363 46 21 and
1716 1363 38 22 the
1764 1364 95 22 unusual

1274 1386 127 24 expression
1410 1386 25 21 of
1447 1386 100 22 another.

1302 1418 87 21 Section
1409 1419 26 21 42
1455 1422 80 24 enacts,
1552 1420 48 21 that
1686 1422 53 22 land
1758 1423 59 23 shall
1830 1425 27 22 be

1275 1443 97 28 charged
1386 1451 24 15 or
1424 1445 94 22 affected
1535 1446 28 27 by
1572 1454 49 20 way
1631 1448 25 21 of
1668 1450 111 26 equitable
1789 1455 70 18 mort-

1274 1477 63 20 gage,
1349 1479 24 13 or
1383 1471 121 28 otherwise,
1515 1472 30 28 by
1556 1481 77 14 reason
1648 1475 27 22 of
1686 1483 44 20 any
1741 1477 85 27 deposit
1836 1479 25 21 of

1275 1497 58 22 Title
1351 1498 75 21 Deeds
1446 1498 97 28 relating
1557 1500 91 28 thereto,
1667 1502 98 23 whether
1781 1512 23 14 or
1821 1509 38 17 not

1274 1524 56 21 such
1341 1524 84 28 deposit
1435 1525 57 22 shall
1503 1526 26 22 be
1540 1529 157 26 accompanied
1708 1530 28 26 by
1748 1538 12 13 a
1771 1532 86 21 written

1275 1551 168 22 memorandum
1455 1554 26 20 of
1488 1553 37 22 the
1535 1553 72 22 intent
1617 1556 53 21 with
1675 1556 72 22 which
1754 1557 36 22 the
1798 1566 60 14 same

1275 1577 57 22 shall
1342 1578 55 21 have
1414 1579 57 21 been
1598 1581 33 27 By
1642 1582 37 22 the
1694 1583 92 27 English
1798 1585 59 26 Law,

1276 1611 13 14 a
1302 1604 86 28 deposit
1402 1605 25 22 of
1440 1606 59 22 Title
1516 1607 81 27 Deeds,
1614 1615 24 15 as
1657 1617 14 14 a
1685 1610 97 28 secuiity
1797 1611 34 23 for
1846 1620 13 14 a

1275 1631 60 27 debt,
1347 1636 102 18 amounts
1466 1636 22 18 to
1503 1641 13 14 a
1531 1638 113 24 mortgage
1661 1636 26 21 of
1703 1636 37 22 the
1754 1637 65 22 lands
1835 1642 23 18 to

1275 1657 71 22 which
1356 1658 53 27 they
1418 1660 77 26 relate,
1508 1660 69 23 which
1595 1667 52 23 may
1656 1663 27 21 be
1694 1664 104 22 enforced
1811 1665 23 21 in
1846 1673 13 14 a

1275 1684 69 22 Court
1360 1686 26 21 of
1403 1686 87 28 Equity.
1520 1687 23 22 It
1558 1688 17 21 is
1585 1695 13 14 a
1609 1691 132 21 transaction
1755 1691 26 21 of
1793 1699 65 20 every

1275 1711 43 27 day
1330 1719 138 19 occurrence,
1486 1713 72 22 which
1576 1714 40 23 lias
1634 1723 76 19 grown
1727 1721 38 18 out
1784 1719 26 21 of
1821 1719 37 21 the

1276 1742 69 17 wants
1352 1738 25 21 of
1384 1747 12 13 a
1403 1741 140 21 commercial
1551 1744 143 26 community,
1703 1744 62 22 when
1776 1752 82 21 money

1275 1765 18 20 is
1303 1765 60 21 often
1380 1766 102 27 required
1497 1768 35 21 for
1541 1768 54 22 such
1610 1769 61 22 short
1687 1771 94 27 periods,
1798 1779 25 15 or
1836 1773 22 21 in

1275 1791 55 22 such
1340 1796 77 22 urgent
1428 1793 68 27 haste,
1508 1801 24 14 as
1541 1796 90 21 renders
1642 1796 37 22 the
1689 1797 64 28 delay
1763 1799 46 21 and
1820 1806 38 14 ex-

1274 1825 67 21 pense
1357 1820 25 20 of
1393 1822 116 25 preparing
1523 1821 78 22 formal
1617 1822 131 24 documents
1767 1825 81 28 inexpe

1275 1845 69 22 dient.
1373 1846 27 21 In
1418 1854 62 14 some
1499 1853 59 21 parts
1576 1850 25 20 of
1614 1849 42 22 this
1673 1851 92 27 Colony,
1785 1852 72 22 where

1276 1872 141 22 commercial
1433 1874 149 23 transactions
1600 1883 36 14 are
1652 1876 68 28 likely
1737 1882 23 17 to
1775 1879 28 21 be
1817 1880 42 21 few

1275 1898 44 22 and
1336 1900 158 28 unimportant,
1510 1901 38 22 the
1563 1902 113 27 operation
1688 1905 25 20 of
1720 1905 42 21 this
1775 1906 84 22 section

1275 1933 52 19 may
1337 1926 27 21 be
1382 1927 26 20 of
1417 1926 57 23 little
1489 1935 151 21 consequence
1648 1938 5 18 ;
1671 1931 39 21 but
1723 1932 23 21 in
1758 1932 43 22 this
1816 1937 43 17 set-

1275 1952 100 27 tlement,
1387 1953 72 22 where
1474 1962 32 15 we
1522 1955 55 22 have
1598 1956 91 28 already
1701 1958 36 22 the
1755 1959 104 28 dawning

1275 1979 26 21 of
1307 1987 14 14 a
1332 1980 150 23 considerable
1492 1982 68 26 trade,
1570 1982 18 21 it
1605 1990 51 20 may
1666 1984 27 21 be
1710 1986 99 27 severely
1819 1987 40 21 felt

1275 2006 28 28 by
1322 2008 128 21 mercantile
1469 2015 60 15 men.
1565 2009 34 22 Sir
1618 2010 93 22 Edward
1732 2012 98 27 Sugden,
1845 2021 15 13 a

1276 2032 106 27 tolerably
1393 2038 127 22 competent
1527 2034 68 28 judge
1607 2036 26 21 of
1645 2037 54 21 such
1711 2041 97 23 matters,
1821 2040 38 21 ob-

1274 2065 73 15 serves
1362 2059 48 22 that
1508 2061 47 22 first
1573 2069 51 15 men
1643 2064 23 21 in
1682 2064 37 21 the
1735 2065 46 27 city
1791 2070 68 18 assert

1273 2085 54 27 that,
1347 2086 23 21 in
1390 2091 111 18 moments
1521 2088 25 21 of
1561 2090 70 25 panic,
1650 2091 39 21 tha
1706 2095 59 17 want
1780 2092 25 21 of
1823 2093 36 21 the

1273 2119 73 20 power
1356 2116 21 18 to
1387 2114 56 21 raise
1452 2122 88 20 money,
1549 2115 28 27 by
1583 2123 13 14 a
1604 2116 85 28 deposit
1693 2118 25 21 of
1726 2118 49 22 title
1783 2119 74 27 deeds,

1273 2140 71 26 might
1359 2140 27 21 be
1503 2142 43 21 and
1564 2150 31 14 we
1611 2144 86 21 confess
1708 2152 31 14 we
1756 2152 38 15 are
1809 2149 22 18 at
1846 2154 13 14 a

1273 2166 43 22 loss
1329 2170 19 17 to
1359 2168 103 21 conceive
1473 2175 58 20 upon
1539 2169 57 22 what
1603 2170 107 28 principle
1718 2176 141 18 enactments

1274 2193 26 21 of
1313 2194 44 21 this
1376 2198 45 17 sort
1440 2202 37 14 are
1498 2196 107 21 obtruded
1624 2204 59 20 upon
1704 2198 37 22 the
1763 2199 93 27 Colony.

1273 2220 64 27 They
1346 2228 37 14 are
1392 2228 28 14 an
1429 2222 148 22 interference
1587 2224 50 21 with
1649 2224 37 22 the
1696 2226 85 26 private
1789 2227 70 26 rights

1274 2247 25 20 of
1306 2248 38 21 the
1355 2255 82 14 owners
1447 2249 25 20 of
1485 2253 108 24 property,
1605 2250 78 27 which,
1694 2252 20 21 if
1724 2253 95 21 effected
1830 2253 29 27 by

1274 2273 57 22 their
1341 2274 69 22 desire
1426 2275 45 22 and
1487 2276 51 21 with
1549 2276 56 22 their
1614 2284 157 22 concurrence,
1786 2280 73 27 might

1273 2300 28 21 be
1313 2302 121 25 justifiable
1441 2309 5 19 ;
1462 2302 39 21 but
1513 2302 76 28 which,
1601 2303 100 27 imposed
1718 2313 61 20 upon
1796 2307 63 22 them

1273 2327 92 22 without
1381 2335 41 19 any
1432 2329 113 22 reference
1555 2334 22 17 to
1592 2330 57 22 their
1661 2332 97 27 opinion,
1771 2340 46 20 are,
1835 2334 22 21 in

1274 2361 38 14 our
1323 2354 131 28 estimation,
1463 2356 26 21 of
1496 2363 12 14 a
1516 2364 52 20 very
1576 2357 149 23 meddlesome
1732 2360 124 27 character,

1273 2384 22 18 to
1304 2388 39 15 use
1353 2389 36 14 no.
1393 2382 92 21 harsher
1496 2387 64 16 term.

1301 2416 87 22 Section
1398 2418 37 21 54..
1472 2417 24 21 If
1499 2425 45 19 any
1552 2425 58 20 man,
1621 2422 38 18 not
1664 2419 68 27 being
1738 2427 13 14 a
1758 2420 101 24 Solicitor

1273 2444 26 21 of
1305 2443 37 21 the
1353 2444 106 26 Supreme
1471 2444 73 27 Court,
1556 2445 55 22 shall
1621 2449 36 18 act
1667 2453 24 14 as
1708 2448 112 28 Attorney
1835 2457 24 14 or

1273 2470 107 26 Solicitor,
1391 2478 25 14 or
1424 2471 21 21 if
1451 2478 45 20 any
1506 2478 51 15 man
1567 2476 39 17 not
1614 2473 68 27 being
1692 2481 13 14 a
1713 2473 110 24 Barrister
1834 2483 25 15 or

1273 2497 103 21 Solicitor
1394 2497 56 22 shall
1466 2501 35 18 act
1517 2506 24 14 as
1551 2505 14 15 a
1580 2499 165 28 Conveyancer,
1757 2500 28 23 he
1802 2502 57 23 shall

1272 2524 75 21 forfeit
1356 2524 44 22 and
1409 2532 50 19 pay,
1470 2525 34 21 for
1515 2532 66 21 every
1591 2526 54 21 such
1656 2527 92 26 offence,
1760 2528 38 21 the
1808 2537 49 14 sum

1272 2551 26 21 of
1404 2552 25 21 In
1438 2551 111 28 England,
1557 2553 21 21 in
1590 2553 100 22 addition
1701 2557 21 18 to
1730 2554 126 29 Barristers,

1273 2578 85 27 Special
1369 2578 111 27 Pleaders,
1492 2579 45 21 and
1547 2579 115 27 Solicitors,
1675 2580 61 23 there
1747 2582 18 21 is
1776 2589 14 14 a
1800 2583 57 22 class

1273 2605 26 21 of
1310 2605 103 28 Lawyers
1428 2605 72 22 called
1517 2605 141 24 Certificated
1678 2607 178 29 Conveyancers,

1272 2631 72 23 whose
1355 2632 98 22 business
1469 2633 20 21 is
1499 2633 103 21 confined
1612 2638 21 16 to
1644 2634 98 28 drawing
1760 2643 96 19 convey-

1272 2666 72 14 ances.
1370 2659 25 22 It
1413 2660 18 21 is
1441 2666 13 14 a
1468 2659 46 22 line
1529 2659 26 21 of
1570 2660 96 31 practice
1680 2661 71 22 which
1770 2662 20 21 is
1809 2663 47 22 also

1272 2685 101 22 followed
1391 2686 29 27 by
1436 2693 68 20 many
1520 2686 125 27 Barristers,
1661 2688 44 21 and
1724 2695 43 15 one
1783 2689 73 23 which

1271 2713 98 26 requires
1380 2713 36 21 the
1427 2720 60 14 same
1498 2713 79 26 degree
1588 2714 25 20 of
1618 2714 130 28 knowledge
1758 2715 73 22 which
1841 2724 13 13 a

1271 2739 110 21 Barrister
1388 2739 20 22 is
1417 2739 103 28 required
1530 2742 22 18 to
1561 2747 93 20 possess.
1682 2742 68 21 Their
1760 2743 96 22 number

1271 2765 19 21 is
1304 2770 40 17 not
1361 2774 53 19 very
1428 2770 70 23 great,
1515 2767 39 20 but
1570 2766 61 23 there
1649 2774 36 15 are
1701 2775 83 21 among
1795 2770 61 22 them

1271 2800 68 19 many
1348 2800 52 14 men
1412 2794 24 20 of
1449 2793 114 22 extensive
1578 2793 102 29 learning
1690 2795 44 22 and
1749 2796 106 23 first-rate

1271 2820 106 27 practical
1395 2819 57 22 skill.
1483 2820 25 21 If
1529 2828 42 14 one
1595 2822 26 21 of
1642 2821 61 22 these
1725 2822 129 27 gentlemen

1271 2846 79 22 should
1367 2854 61 14 come
1438 2850 23 18 to
1476 2847 44 21 this
1536 2847 92 28 Colony,
1645 2848 29 22 he
1689 2849 73 22 would
1775 2854 39 17 not
1828 2850 27 22 be

1270 2874 119 27 permitted
1399 2877 22 18 to
1430 2874 95 27 practise
1534 2874 23 21 in
1572 2881 43 21 any
1626 2874 140 28 department
1781 2876 25 21 of
1817 2876 37 22 the

1271 2901 129 26 profession,
1411 2908 56 14 even
1483 2901 89 26 though,
1587 2901 23 22 in
1625 2902 97 21 addition
1739 2906 23 18 to
1774 2909 29 15 an
1814 2911 41 14 un-

1271 2927 122 22 blemished
1405 2927 113 22 character
1522 2928 45 21 and
1574 2935 68 20 many
1649 2936 63 19 years
1723 2930 130 26 experience

1270 2954 23 21 in
1303 2954 111 27 England,
1425 2954 29 21 he
1464 2954 80 21 should
1554 2955 44 21 add
1612 2955 37 21 the
1666 2955 150 27 qualification
1832 2957 25 20 of

1270 2980 83 27 having
1363 2981 53 27 kept
1424 2981 30 21 all
1469 2981 34 21 his
1520 2984 66 18 terms
1601 2982 34 21 for
1645 2981 37 22 the
1692 2982 93 26 English
1800 2983 50 24 Bar,

1270 3007 44 21 and
1325 3008 26 21 be
1362 3008 22 21 in
1396 3015 14 14 a
1423 3007 96 28 position
1530 3010 22 19 to
1563 3008 55 21 have
1629 3008 56 22 been
1695 3008 72 22 called
1777 3012 22 18 to
1809 3010 18 20 it
1837 3010 20 21 if

1269 3034 28 21 he
1306 3034 45 22 had
1361 3035 89 21 chosen.
1481 3034 37 21 He
1529 3034 71 21 would
1610 3038 39 18 not
1657 3035 28 22 be
1696 3035 71 22 called
1782 3038 22 19 to
1816 3036 37 21 the

1269 3061 40 21 bar
1318 3061 52 22 here
1377 3069 6 19 ;
1398 3061 28 22 he
1435 3061 73 22 would
1518 3064 38 18 not
1563 3062 26 20 be
1599 3062 117 26 permitted
1725 3065 23 18 to
1757 3063 95 26 practise

1269 3095 23 14 as
1302 3095 13 14 a
1326 3088 112 27 Solicitor;
1454 3088 20 21 if
1481 3088 27 21 he
1526 3087 77 22 should
1617 3088 94 27 practise
1727 3096 23 14 as
1762 3096 14 14 a
1795 3090 57 21 Con-

1270 3122 113 19 veyancer,
1395 3115 27 22 he
1433 3115 71 21 would
1515 3115 64 21 incur
1593 3122 14 14 a
1621 3115 91 27 penalty
1722 3116 27 21 of
1759 3115 11 22 d
1770 3115 36 22 650
1823 3123 28 14 on

1269 3148 66 20 every
1346 3141 132 22 transaction
1485 3149 5 18 ;
1507 3141 44 21 and
1565 3141 37 22 the
1619 3141 53 28 only
1683 3149 46 19 way
1738 3142 24 21 in
1779 3142 71 22 which

1269 3168 27 21 he
1307 3168 65 22 could
1388 3168 83 28 qualify
1481 3168 94 27 himself,
1588 3168 71 22 would
1671 3169 25 21 be
1711 3169 27 27 by
1749 3169 103 27 articling

1269 3195 89 21 himself
1370 3203 24 14 as
1409 3203 13 14 a
1438 3195 61 22 clerk
1509 3198 23 18 to
1541 3203 14 13 a
1570 3195 122 27 Practising
1704 3196 110 21 Barrister
1828 3204 24 14 or

1269 3221 107 28 Solicitor,
1391 3222 45 21 and
1452 3222 68 27 doing
1536 3221 36 22 the
1588 3222 90 22 humble
1692 3222 60 22 work
1767 3223 26 21 of
1803 3222 49 24 that

1268 3249 94 27 position
1377 3249 33 22 for
1425 3249 44 22 five
1486 3256 71 20 years,
1574 3249 58 22 after
1646 3247 72 24 which
1735 3249 28 22 he
1781 3250 71 26 might

1268 3275 92 27 practise
1370 3282 24 15 as
1404 3283 28 14 an
1450 3276 119 27 Attorney.
1598 3276 41 21 We
1656 3276 56 23 have
1722 3276 69 22 heard
1802 3277 48 21 that

1269 3309 39 14 one
1325 3302 100 22 instance
1439 3306 24 18 at
1472 3302 57 22 least
1539 3302 24 22 of
1577 3302 43 22 this
1636 3306 47 19 sort
1694 3303 67 21 exists
1774 3302 24 23 in
1814 3303 36 22 the

1269 3328 91 28 Colony.
1389 3329 26 22 If
1425 3329 18 22 it
1453 3330 27 21 be
1493 3333 55 23 true,
1560 3337 32 14 we
1603 3329 64 22 think
1678 3330 47 21 that
1735 3330 37 21 the
1785 3330 65 21 effect

1268 3355 25 22 of
1299 3355 43 22 this
1351 3356 83 21 section
1444 3356 18 21 is
1473 3356 38 22 the
1527 3360 57 17 most
1599 3356 115 30 arbitrary,
1726 3356 68 27 cruel,
1805 3357 45 22 and

1268 3381 106 22 heartless
1384 3382 52 21 with
1449 3382 71 21 which
1530 3390 32 13 we
1571 3382 57 21 have
1639 3390 52 13 ever
1697 3386 56 17 met.

1294 3409 28 21 So
1331 3409 109 27 stringent
1449 3417 15 14 a
1478 3409 74 22 clause
1569 3409 69 27 ought
1652 3412 24 18 at
1690 3409 55 22 least
1761 3414 22 17 to
1793 3409 56 22 have

1267 3436 56 21 been
1332 3435 88 22 framed
1429 3436 53 22 with
1494 3436 102 27 ordinary
1607 3436 108 22 clearness
1723 3443 6 20 ;
1740 3436 41 21 but
1791 3436 58 23 what

1266 3462 18 22 is
1294 3466 76 18 meant
1385 3463 29 27 by
1424 3463 38 22 the
1478 3463 127 27 expression
1636 3466 37 18 act
1688 3470 24 14 as
1726 3470 14 13 a
1753 3470 96 20 convey-

1397 3490 24 21 If
1431 3497 30 14 an
1476 3496 74 15 owner
1563 3489 26 21 of
1600 3489 53 22 land
1663 3489 79 22 should
1757 3496 92 20 prepare

1267 3515 33 22 his
1309 3523 50 14 own
1369 3516 70 22 leases
1446 3523 6 20 ;
1468 3516 21 22 if
1496 3523 12 14 a
1518 3522 84 21 money
1609 3516 79 21 lender
1699 3516 79 21 should
1788 3516 61 22 diaw

1267 3542 32 22 his
1314 3549 51 15 owu
1379 3543 70 22 bonds
1465 3550 25 14 or
1504 3542 33 22 fill
1545 3546 38 23 'up
1596 3543 89 25 printed
1699 3543 80 27 forms;
1799 3543 21 22 if
1836 3551 13 14 a

1267 3576 50 15 man
1329 3569 80 22 should
1414 3569 147 27 gratuitously
1572 3576 92 20 prepare
1676 3576 128 15 assurances
1814 3570 35 21 for

1266 3603 13 14 a
1288 3595 74 22 friend
1369 3604 5 19 ;
1389 3596 21 22 if
1416 3603 14 14 a
1440 3596 76 22 doctor
1526 3603 25 14 or
1560 3597 127 26 clergyman
1697 3595 83 23 should
1790 3596 59 22 draw

1266 3630 12 13 a
1294 3622 45 21 will
1353 3623 34 22 for
1402 3631 13 14 a
1431 3623 47 22 sick
1493 3622 85 27 patient
1592 3630 26 14 or
1632 3622 151 28 parishioner;
1798 3623 21 21 if
1835 3631 14 14 a

1266 3649 87 26 captain
1363 3650 25 21 of
1400 3657 14 14 a
1423 3649 50 28 ship
1482 3649 80 22 should
1570 3656 92 20 prepare
1673 3657 14 14 a
1695 3652 84 23 protest
1786 3657 5 19 ;
1806 3650 22 21 if
1835 3657 13 14 a

1265 3675 116 22 merchant
1389 3676 81 22 should
1479 3676 72 21 indite
1560 3683 14 14 a
1588 3683 73 20 power
1677 3676 26 21 of
1713 3679 103 25 attorney
1826 3680 23 19 to

1266 3702 43 27 buy
1318 3703 45 21 and
1372 3703 40 22 sell
1422 3703 44 22 and
1476 3703 86 22 receive
1577 3703 46 22 and
1631 3710 44 20 pay
1681 3710 6 20 ;
1703 3703 73 22 would
1786 3703 62 22 these

1265 3736 24 14 or
1297 3736 44 19 any
1349 3729 45 22 and
1406 3730 71 21 which
1483 3730 26 21 of
1516 3729 59 22 them
1581 3729 28 22 be
1616 3729 66 22 liable
1690 3732 22 19 to
1722 3737 14 14 a
1744 3730 105 27 penalty?

1265 3755 46 22 The
1322 3756 92 27 English
1423 3759 81 19 statute
1515 3756 95 27 relating
1624 3760 23 17 to
1657 3763 164 21 conveyancers
1829 3757 19 21 is

1266 3782 74 22 drawn
1350 3782 54 22 with
1413 3790 61 15 more
1483 3783 152 27 particularity
1641 3791 6 19 ;
1657 3783 19 22 it
1685 3783 114 27 expressly
1809 3783 39 22 de-

1265 3808 55 22 fines
1335 3808 38 23 the
1386 3809 127 28 prohibited
1528 3809 93 28 practise
1637 3812 22 19 to
1676 3809 28 22 be
1717 3810 63 21 such-
1790 3817 24 14 as
1829 3810 20 21 is

1335 3835 38 23 fee
1388 3843 26 14 or
1427 3836 99 27 reward;
1565 3835 45 22 and
1624 3836 18 21 it
1657 3838 101 25 excepts.
1762 3837 85 21 several

1266 3868 103 16 common
1378 3862 145 22 instruments
1533 3862 58 22 from
1608 3863 28 21 its
1650 3862 122 27 operation.
1800 3862 47 23 The

1264 3888 93 22 framers
1367 3889 25 21 of
1403 3889 37 22 the
1457 3889 58 21 New
1532 3888 100 23 Zealand
1649 3888 130 22 Ordinance
1787 3896 60 15 seem

1266 3917 21 19 to
1295 3914 58 22 have
1363 3915 92 22 scorned
1464 3914 39 22 the
1511 3921 118 16 meanness
1638 3915 28 21 of
1675 3914 50 22 thus
1736 3914 110 23 descend-

1265 3941 38 27 ing
1311 3944 23 19 to
1344 3940 85 28 details,
1439 3941 47 23 and
1494 3941 66 22 while
1568 3940 51 28 they
1626 3939 101 29 imposed
1735 3947 14 15 a
1756 3941 91 27 penalty

2428 119 13 13 B

2372 118 2 13 9

2414 119 7 12 ■

1873 3840 221 50 WANTED
2121 3840 22 21 A
2177 3837 114 23 GOOD
2334 3838 120 25 COOK.

1968 3867 77 28 Apply
2055 3871 22 19 to

1986 3907 4 3 -
1997 3904 4 2 -
2023 3902 4 3 -
2168 3896 3 4 '
2232 3892 49 22 Mb.
2292 3892 106 28 Gdtton,

2255 3917 199 29 Ingestrie-Street.

1871 3956 4 18 ;
1903 3947 54 27 May
1965 3948 35 26 SO,
2011 3947 60 22 1843.
