2520 4020
550 41 98 46 fsf
671 41 119 44 tfsto
1047 39 202 45 ©alette,
1262 39 91 38 atm
1378 36 299 47 sacUtngton
1701 33 256 48 £pcctatot\

1887 3876 75 17 Printed
1974 3877 38 16 and
2025 3877 96 20 published
2137 3883 55 16 every
2208 3879 114 20 Wednesday
2336 3876 35 19 and
2380 3871 75 21 BatvtW

1908 3897 90 20 morning,
2012 3897 125 21 by-SAMUBr.
2149 3899 90 20 Kstaws,
2255 3900 20 16 at
2289 3899 31 17 the
2336 3897 52 17 Office
2402 3894 18 16 of
2428 3894 25 13 tne

1908 3917 50 18 NiW
1971 3917 98 19 2-EALA.ND
2080 3920 92 16 GAZBTXX
2183 3923 41 14 AND
2237 3919 133 18 WBMINGTON
2385 3916 63 17 SPSCT*

1910 3942 43 15 xob,
1964 3938 156 23 Manners-itieat,
2129 3940 115 21 Wellington,
2256 3940 44 18 Port
2312 3937 97 20 Nicholson,
2420 3936 12 14 «
2434 3936 23 13 ew

1909 3959 86 17 Zealand.

1880 123 220 24 WHOLESALE
2130 123 125 23 PRICES
2289 122 178 25 CURRENT.

1980 161 132 15 CORRECTED
2127 162 29 13 UP
2171 161 36 15 TO-
2213 160 57 15 LAST
2287 160 82 15 NIGHT.

2220 187 16 18 £
2259 191 15 12 I.
2299 187 20 16 d.
2373 186 17 17 £
2451 189 11 16 d

1882 216 64 22 Ale:
1959 223 41 21 per
2007 215 49 22 hhd
2076 217 46 21 ../.
2197 217 38 21 -7
2263 217 14 20 0
2304 217 15 21 0
2337 229 18 7 ..
2374 215 14 21 7
2414 215 13 22 7
2455 220 13 18 0

2056 250 40 20 per
2101 243 100 22 barrel..
2218 243 14 21 5
2261 244 14 19 0
2303 244 14 20 0
2336 255 18 7 ..
2373 243 15 19 6
2416 244 12 19 0
2454 246 14 19 0

2056 270 89 26 perdbz
2222 271 14 19 0
2251 270 27 20 13
2307 270 14 20 0
2338 281 19 8 ..
2370 270 20 19 *)
2404 270 26 20 14
2456 272 13 19 0

1882 295 99 23 Arrack
1988 303 6 14 :
2009 296 44 21 Per
2061 297 44 26 gal.
2115 297 23 21 in
2148 296 61 22 bond
2223 298 13 20 0
2266 296 11 20 1
2307 297 14 19 9
2338 309 6 6 .
2351 309 6 6 .
2375 296 14 20 0
2417 297 12 19 2
2458 302 12 18 o

1882 323 92 21 Bread:
1990 323 43 21 Per
2042 322 44 23 21b.
2098 323 49 21 loaf
2225 325 14 19 0
2267 323 13 20 0
2307 323 15 20 6
2339 335 19 7 ..
2376 323 15 19 0
2418 323 13 20 0
2456 325 14 19 0

1880 349 75 21 Beef:
1970 349 77 22 Fresh,
2066 356 89 15 carcase
2171 356 40 20 per

1998 375 24 21 lb
2220 378 14 19 0
2262 376 12 19 0
2290 376 29 20 10
2336 388 19 7 ..
2373 376 15 20 0
2416 375 12 20 0
2454 377 13 19 0

1989 401 54 26 Salt,
2053 408 40 20 per
2105 403 69 21 tierce
2264 404 14 19 0
2305 404 15 18 0
2337 415 6 7 .
2350 415 6 6 .
2376 403 14 19 6
2418 403 14 19 0

1882 429 95 21 Butter
1985 436 5 14 :
2006 427 66 28 Irish,
2082 436 40 20 per
2129 429 31 21 lb.
2185 443 6 7 .
2198 443 6 7 .
2223 431 14 20 0
2266 430 11 19 1
2305 429 15 20 2
2337 442 6 6 .
2350 441 7 7 .
2375 429 14 19 0
2418 429 10 19 1
2455 429 13 20 3

2003 455 69 21 Fresh
2225 457 14 20 0
2266 457 14 20 2
2308 456 14 20 6
2339 468 18 6 ..
2376 455 14 21 0
2418 455 12 20 3
2456 457 13 19 0

1882 488 109 16 URANDr:
2007 481 59 22 First
2072 481 92 28 quality,
2173 489 39 20 per

2031 508 76 27 gallon
2115 508 24 21 in
2149 508 60 22 bond
2223 511 14 19 0
2265 510 14 20 6
2306 510 15 20 0
2339 521 18 7 ..
2375 509 15 19 0
2418 508 12 20 8
2456 510 13 19 G

1882 535 87 22 Brown
1988 535 73 21 Stout
2069 542 5 14 :
2080 553 6 3 .
2098 542 39 20 per
2150 534 56 22 hhd.
2220 536 55 20 610
2302 537 15 19 0
2334 549 6 5 .
2348 548 5 6 .
2375 534 55 22 710
2456 537 13 19 0

1882 562 99 22 Cigars:
1993 561 103 28 Manilla,
2104 568 39 21 per
2148 562 60 26 1000,
2223 563 14 20 3
2265 563 14 19 0
2306 564 51 19 0..
2373 560 15 21 5
2417 561 13 20 0
2456 563 14 19 0

1990 588 97 22 Inferior
2224 589 14 21 0
2265 589 14 20 0
2306 590 14 20 0
2338 601 19 7 ..
2375 589 14 19 0
2417 588 13 20 0
2456 589 13 19 0

1991 614 135 27 Havannah,
2132 621 41 20 per
2178 615 31 21 lb.
2244 621 61 15 none
2338 628 6 6 .
2350 628 6 6 .
2365 626 4 3 •
2375 615 15 20 0
2418 615 12 20 0
2457 616 13 19 0

1990 641 126 22 Chinsurah
2120 648 39 20 per
2165 642 71 21 10001
2253 642 27 20 10
2307 643 14 19 0
2338 654 19 7 ..
2375 642 15 20 0
2418 641 12 20 0
2456 643 12 18 0

1990 668 156 22 Alexandrian
2159 670 78 19 ....0
2265 669 14 20 0
2306 669 14 20 0
2338 681 19 7 ..
2374 669 16 19 O
2417 668 13 19 0
2456 669 13 19 0

1883 695 87 22 Coffee
1977 702 5 14 :
1993 695 65 25 Java,
2068 702 40 20 per
2116 695 22 21 lb
2223 697 14 19 0
2265 696 14 20 0
2307 695 13 21 6
2338 708 6 7 .
2351 708 6 7 .
2375 695 14 20 0
2416 694 14 20 0
2456 695 13 20 9

1883 723 102 21 Cheese:
2001 721 106 22 Cheshire
2223 723 14 19 0
2266 722 11 20 1
2306 723 14 19 6
2338 734 19 7 ..
2376 722 13 19 0
2418 721 9 20 1
2456 722 13 19 9

1999 748 55 21 Pine
2065 748 73 27 Apple
2224 750 14 19 0
2265 750 14 19 0
2307 749 13 19 0
2338 762 19 6 ..
2375 749 14 19 0
2418 747 10 20 1
2456 748 13 20 2

1980 793 3 5 .
1999 774 76 22 Dutch
2160 772 46 23 1...
2225 777 14 19 0
2265 777 14 19 0
2294 776 27 20 10
2338 788 19 7 ..
2375 775 15 20 0
2418 774 10 19 1
2457 775 13 20 0

1883 802 105 22 Candles
1995 809 6 14 :
2007 802 95 26 English
2109 808 57 20 wax,
2173 809 39 20 per

2026 828 23 22 lb
2224 831 13 19 0
2265 829 14 21 3
2307 830 13 19 0
2338 842 19 7 ..
2376 829 14 20 0
2418 829 12 20 3
2458 829 12 20 6

2012 855 81 22 Mould
2223 857 14 20 0
2265 856 12 20 1
2307 857 13 19 0
2338 869 19 6 ..
2375 856 14 20 0
2418 856 12 19 0
2457 856 13 19 0

2013 882 57 27 Dips
2223 884 14 20 0
2264 884 15 20 0
2305 883 15 19 0
2337 895 19 7 ..
2374 883 15 19 0
2417 883 13 19 0
2457 883 13 19 0

1884 909 92 22 Flour:
1985 910 35 20 Ist
2025 909 92 26 quality,
2127 912 83 23 perton

2005 935 27 21 of
2041 936 54 21 2000
2105 935 33 21 lbs
2209 935 25 21 15
2263 936 14 20 0
2305 937 14 19 0
2337 935 51 21 ..18
2416 936 12 19 0
2457 937 13 19 0

1981 962 47 22 2nd
2038 962 55 21 ditto
2224 963 14 19 0
2265 963 13 19 0
2306 963 83 19 0..0
2416 963 13 18 0
2457 963 13 19 0

1883 989 76 22 Flax:
1974 989 28 21 N.
2014 989 26 21 Z.
2050 995 39 20 per
2098 991 38 19 ton
2160 989 77 21 ....15
2265 990 14 19 0
2306 990 14 20 0
2338 1002 18 7 ..
2374 989 14 20 0
2416 989 13 20 0
2455 990 13 19 0

1910 1016 73 22 Do.—
1984 1015 132 22 onboard—
2117 1016 117 26 pressedl7
2262 1017 13 19 0
2303 1017 14 19 0
2336 1029 18 6 ..
2371 1016 14 20 0
2413 1016 13 20 0
2454 1017 13 18 0

1885 1043 60 21 Gin:
1966 1042 52 22 Pale
2035 1042 24 21 in
2069 1042 60 22 bond
2224 1044 14 19 0
2265 1043 13 20 3
2307 1044 13 19 0
2338 1056 17 6 ..
2374 1043 14 19 0
2415 1043 14 19 4
2456 1044 12 18 0

1934 1069 62 27 Case,
2004 1071 14 19 4
2025 1069 36 27 gal
2070 1070 37 20 4-5
2115 1069 24 21 in
2148 1069 61 22 bond
2225 1070 10 19 1
2265 1070 13 20 8
2306 1069 81 21 0..1
2404 1069 26 20 10
2458 1071 12 18 0

1885 1096 81 22 Hams:
1981 1096 129 27 Yorkshire,
2124 1096 84 27 perlb.
2224 1098 14 19 0
2267 1096 11 20 1
2307 1097 14 19 0
2338 1109 19 7 ..
2376 1097 14 19 0
2420 1096 8 19 1
2457 1096 13 20 2

1884 1123 114 22 Mustard
2006 1130 5 14 :
2027 1122 42 22 Per
2078 1123 70 21 dozen
2161 1123 118 21 ....018
2308 1123 82 20 0..0
2418 1123 13 19 0
2458 1124 12 19 0

1885 1150 113 22 Mutton:
2020 1149 93 22 Carcase
2122 1156 40 20 per
2171 1149 22 22 lb
2204 1165 5 6 .
2225 1151 14 20 0
2267 1151 12 18 0
2308 1150 14 19 9
2340 1163 17 6 ..
2376 1150 14 19 0
2418 1150 13 19 0
2446 1149 23 20 11

1885 1177 121 21 Muskets:
2022 1176 93 22 Walnut
2121 1176 92 21 stocked
2227 1178 13 19 0
2267 1177 13 19 0
2309 1177 13 19 0
2340 1189 18 6 ..
2377 1177 13 19 0
2419 1177 13 19 0
2460 1178 12 19 0

1884 1203 78 22 Milk:
1978 1203 99 27 Perpint
2225 1205 14 19 0
2267 1203 13 20 0
2307 1203 14 20 3
2340 1216 17 7 ..
2376 1204 14 19 0
2418 1204 14 19 0
2458 1204 12 20 4

1885 1231 91 21 Maize:
1992 1237 40 20 per
2042 1230 78 21 bushel
2225 1231 13 19 0
2266 1228 13 22 7
2308 1230 14 19 0
2340 1243 19 6 ..
2376 1231 14 19 0
2418 1231 13 18 0
2458 1231 12 19 0

1886 1257 42 21 Oil
1936 1264 5 14 :
1957 1256 104 25 Linseed,
2070 1264 40 19 per
2119 1256 76 26 gallon
2204 1257 35 20 .0
2267 1255 13 21 7
2308 1257 14 19 0
2340 1270 6 6 .
2353 1270 5 6 .
2378 1257 54 20 010
2458 1258 12 19 0

1959 1283 283 27 Black,incask,perton24
2268 1283 14 20 0
2310 1284 14 19 0
2341 1296 18 7 ..
2378 1284 14 20 0
2420 1285 12 18 0
2458 1285 12 18 0

1994 1311 77 25 Sperm
2221 1311 14 19 0
2262 1310 13 19 0
2304 1310 13 19 0
2336 1323 18 6 ..
2373 1311 14 19 0
2416 1310 11 19 0
2456 1311 12 18 0

1885 1337 76 22 Pork:
1976 1336 77 27 Fresh,
2070 1343 88 15 carcase
2175 1343 38 20 per

2000 1363 24 21 lb
2223 1365 14 19 0
2265 1365 14 19 0
2307 1363 13 21 5
2339 1377 18 6 ..
2375 1365 14 19 0
2417 1365 13 19 0
2456 1365 13 20 0

1886 1390 64 21 Pork
1957 1398 4 14 :
1978 1390 66 27 Irish,
2054 1397 40 19 per
2102 1390 74 21 barrel
2189 1404 5 6 .
2201 1404 5 6 .
2225 1391 15 20 4
2267 1391 13 19 0
2308 1391 14 20 0
2340 1404 7 6 .
2353 1404 5 6 .
2377 1391 13 19 5
2418 1391 12 19 5
2459 1393 11 19 0

1885 1417 129 22 Potatoes:
2036 1417 55 21 New
2105 1416 106 27 Zealand,

2060 1450 40 20 per
2109 1447 38 17 ton
2160 1458 45 6 ....
2224 1444 15 20 4
2267 1445 12 19 0
2308 1445 14 19 0
2340 1457 5 7 .
2352 1457 6 7 .
2378 1443 13 23 7
2418 1446 13 19 0
2458 1447 12 19 0

1885 1471 94 22 Porter
1987 1478 6 14 :
2022 1470 102 27 Dunbar,
2134 1470 25 21 in
2166 1470 45 22 hot.

2051 1504 40 20 per
2100 1497 41 21 doz
2225 1499 13 19 0
2266 1499 13 19 0
2308 1499 82 20 0..0
2418 1500 12 19 0
2458 1500 12 19 0

1992 1524 85 27 Bryant
2087 1524 44 22 and
2140 1524 69 22 Davis
2224 1526 14 20 0
2267 1526 12 19 0
2307 1527 14 19 0
2340 1539 17 5 ..
2377 1526 13 20 0
2418 1528 13 18 0
2457 1528 11 18 0

1884 1551 97 22 Pickles
1993 1559 6 13 :
2030 1551 115 26 AssorJed,
2174 1558 39 20 per

2055 1577 58 27 doz.,
2136 1581 76 24 quarts
2227 1579 52 19 11
2309 1580 13 19 0
2341 1592 18 6 ..
2380 1580 10 20 1
2407 1579 25 21 10
2459 1580 10 18 0

1885 1605 73 21 Pitch
1970 1612 6 14 :
2008 1604 136 27 Stockholm,
2174 1612 40 20 per

2033 1632 72 22 barrel
2227 1634 13 20 0
2267 1634 13 20 0
2308 1634 14 20 0
2340 1646 18 7 ..
2380 1633 9 19 1
2418 1633 12 21 5
2458 1635 11 19 0

1884 1658 80 22 Plank
1973 1666 5 14 :
2006 1659 54 21 Port
2082 1658 130 27 Nicholson,

2003 1702 3 5 ,
2033 1693 39 20 per
2081 1687 40 20 100
2129 1685 78 22 feet.;
2225 1688 15 19 0
2254 1688 26 19 10
2308 1689 14 19 0
2340 1701 17 6 ..
2377 1689 13 20 0
2406 1688 24 20 12
2457 1691 11 18 0

1884 1711 69 22 Rice:
1967 1712 108 23 Common
2084 1720 40 19 per
2129 1715 50 19 cwt.
2191 1727 16 7 ..
2227 1715 13 19 0
2268 1715 12 19 0
2309 1715 13 19 0
2341 1728 17 6 ..
2378 1716 13 20 0
2406 1716 24 19 10
2457 1717 11 19 0

1966 1739 65 22 Good
2225 1741 12 19 1
2265 1741 15 21 4
2308 1743 49 19 0..
2378 1741 12 22 I
2406 1743 24 19 10
2456 1744 12 19 0

1884 1765 54 22 Rum
1946 1773 6 13 :
1968 1767 25 21 P.
2000 1767 30 20 ,B.
2040 1766 33 25 P.,
2089 1774 38 19 per
2136 1767 76 26 gallon

2004 1793 24 21 in
2042 1792 61 23 bond
2225 1795 14 19 0
2265 1795 14 19 3
2308 1795 12 19 0
2340 1808 17 6 ..
2377 1796 13 20 0
2416 1796 12 20 5
2456 1797 12 19 0

1884 1819 88 22 Sugar:
1989 1819 119 22 Mauritius
2117 1827 40 20 per
2165 1824 48 18 cwt.
2227 1823 14 19 0
2269 1823 13 19 0
2310 1823 14 19 0
2342 1835 18 6 ..
2393 1829 55 15 none

1991 1847 80 21 Brown
2087 1847 53 21 ditto
2159 1849 75 19 ...,1
2263 1849 14 20 2
2305 1849 80 20 0..1
2416 1852 11 18 S
2455 1852 11 18 0

1992 1873 95 23 Refined
2103 1874 52 27 loaf,
2173 1882 40 19 per

2017 1900 23 21 lb
2225 1903 14 20 0
2266 1903 13 19 0
2308 1902 14 22 7
2340 1917 17 5 ..
2376 1904 14 20 0
2417 1905 13 19 0
2455 1905 12 19 8

1992 1927 95 22 Manilla
2107 1935 38 20 per
2159 1931 47 19 cwt.
2224 1930 11 20 1
2265 1930 12 20 0
2306 1931 13 19 0
2338 1943 17 6 ..
2376 1931 10 19 1
2416 1932 12 18 (j
2454 1932 11 19 0

1883 1953 58 22 Salt
1950 1960 5 14 :
1971 1953 125 28 Liverpool,
2108 1962 39 19 per
2156 1958 39 19 ton
2202 1957 35 20 .0
2265 1957 13 20 0
2307 1958 13 20 0
2339 1971 5 5 .
2351 1970 6 6 .
2376 1958 14 20 0
2417 1959 12 19 0
2456 1960 11 17 0

1884 1980 58 22 Soap
1952 1988 5 14 :
1983 1981 102 22 Hawes's
2108 1981 102 28 London,

2008 2011 85 22 perton
2209 2011 28 18 20
2265 2011 12 18 0
2304 2011 16 21 f)
2339 2011 49 19 ..23
2418 2012 12 18 0
2456 2013 11 18 0

2000 2032 118 26 Liverpool
2209 2035 27 19 16
2265 2035 12 18 0
2306 2036 14 18 0
2337 2034 50 20 ..IS
2416 2035 12 17 0
2456 2036 9 18 0

1883 2058 90 21 Starch
1980 2065 5 14 :
2002 2058 42 21 Per
2053 2058 22 21 lb
2225 2061 14 19 0
2267 2061 12 18 0
2308 2061 13 19 &
2338 2073 7 5 .
2352 2073 5 6 .
2377 2061 13 19 0
2418 2061 9 20 1
2456 2063 11 18 0

1883 2085 142 21 Scantling:
2041 2084 42 22 Per
2091 2086 39 20 100
2139 2085 67 21 feet..
2225 2087 14 19 0
2267 2087 13 19 8
2308 2087 14 20 0
2340 2100 17 6 ..
2377 2088 13 20 0
2405 2087 25 21 12
2456 2089 10 18 0

1884 2112 126 21 Shingles:
2027 2112 42 20 Per
2076 2113 60 25 1000,
2145 2112 30 21 N.
2184 2113 25 21 Z.
2225 2114 14 19 0
2265 2113 14 19 9
2308 2115 12 19 0
2340 2127 17 5 ..
2376 2115 13 19 0
2405 2115 25 19 12
2455 2117 10 17 0

2012 2138 70 27 Ditto,
2105 2138 28 22 V.
2143 2139 30 21 D.
2185 2139 25 21 L.
2225 2141 14 19 0
2267 2141 12 19 0
2308 2141 14 20 0
2340 2154 5 5 .
2352 2154 5 6 .
2377 2141 53 21 010
2455 2143 11 19 G

1882 2165 62 21 Tar:
1960 2165 54 22 Coal
2225 2167 11 19 1
2267 2167 10 19 1
2308 2168 13 19 0
2340 2181 17 5 ..
2377 2169 13 19 0
2418 2169 12 19 0
2456 2171 10 17 0

1964 2192 129 22 Stockholm
2227 2193 11 20 I
2268 2194 9 19 1
2308 2195 13 19 0
2340 2208 5 5 .
2352 2208 5 6 .
2377 2196 52 19 o*o
2456 2196 10 19 0

1882 2219 63 22 Tea:
1955 2219 81 27 Hyson
2040 2218 55 28 skin,
2101 2226 39 20 per
2150 2219 63 22 chest
2225 2221 14 20 5
2267 2222 13 19 0
2309 2222 13 19 0
2340 2234 18 6 ..
2378 2221 12 21 7
2418 2222 11 21 7
2455 2223 11 18 0

1959 2247 92 25 Congou
2213 2248 27 21 10
2267 2249 13 19 0
2308 2249 14 19 0
2340 2261 18 7 ..
2377 2249 13 20 0
2405 2249 23 20 18
2454 2250 12 19 0

1883 2272 104 22 Tobacco
1995 2280 5 14 :
2014 2272 142 27 Negrohead,
2174 2280 39 23 per

2040 2299 31 22 lb.
2084 2300 24 21 in
2124 2299 61 22 bond
2225 2303 13 19 0
2268 2302 7 20 1
2308 2303 49 19 0..
2376 2303 13 19 0
2417 2303 10 19 1
2454 2303 11 19 6

1882 2326 164 22 Turpentine:
2061 2326 145 27 Pergallon..
2225 2329 14 20 0
2267 2329 12 20 8
2308 2329 14 20 0
2340 2342 18 6 ..
2377 2329 13 20 0
2405 2329 24 21 10
2454 2331 12 18 0

1883 2353 161 22 Whalebone:
2060 2353 91 22 Perton
2213 2356 26 20 90
2267 2356 13 20 0
2309 2356 13 20 0
2340 2356 64 20 ..110
2417 2358 12 18 0
2454 2357 11 19 0

1884 2379 68 23 Wine
1960 2388 12 15 :.
1980 2380 89 27 Sherry,
2079 2388 40 19 per
2127 2381 51 26 pipe
2190 2395 4 6 .
2201 2395 5 6 .
2212 2383 27 19 28
2267 2383 13 20 0
2308 2383 14 20 0
2340 2396 5 6 .
2352 2396 5 6 .
2363 2384 27 19 40
2416 2384 49 20 o#o

1991 2407 71 27 Ditto,
2077 2415 40 19 per
2131 2407 79 22 dozen.
2227 2410 10 19 1
2266 2409 14 21 4
2308 2410 14 20 0
2340 2423 18 5 ..
2376 2409 13 20 2
2405 2410 23 20 10
2454 2411 11 19 0

1992 2434 60 27 Port,
2063 2442 40 19 per
2112 2434 50 28 pipe
2188 2437 50 20 ..28
2266 2437 13 19 0
2308 2437 13 19 0
2339 2437 50 20 ..60
2416 2439 12 18 0
2453 2437 10 19 0

2058 2468 40 20 per
2108 2462 48 20 doz.
2187 2477 5 5 .
2199 2477 5 5 .
2225 2464 10 20 1
2265 2464 12 20 8
2307 2464 13 20 0
2338 2477 5 5 .
2350 2476 5 6 .
2374 2463 14 21 2
2414 2465 12 19 8
2451 2464 12 19 0

1990 2487 149 29 Champagne,
2154 2488 55 22 ditto
2223 2491 14 19 2
2264 2489 13 20 5
2306 2491 13 19 0
2337 2503 18 6 ..
2373 2490 14 20 4
2403 2491 23 19 10
2451 2491 11 19 0

1884 2514 119 22 Poultry:
2020 2515 79 27 Fowls,
2105 2522 40 20 per
2151 2516 48 26 pair
2206 2532 5 5 .
2227 2518 12 19 0
2268 2517 12 20 8
2309 2518 14 20 0
2340 2530 18 7 ..
2377 2519 13 19 0
2406 2519 22 19 l(j
2453 2518 10 18 0

2018 2541 83 28 Ducks,
2112 2542 57 21 ditto
2189 2557 17 6 ..
2225 2545 13 19 0
2254 2544 26 20 16
2308 2545 14 19 0
2340 2557 17 6 ..
2376 2545 12 19 0
2416 2546 12 18 0
2453 2545 10 18 0

2020 2568 78 27 Geese,
2109 2568 57 22 each
2188 2571 91 20 ..1.0
2308 2572 13 19 0
2339 2584 5 6 .
2351 2584 6 6 .
2376 2571 12 20 0
2415 2573 12 18 0
2453 2571 10 19 0

2017 2595 107 28 Turkeys,
2136 2596 56 21 each
2225 2598 14 20 0
2255 2598 25 20 10
2308 2599 14 19 0
2340 2611 18 6 ..
2377 2599 13 19 0
2416 2599 12 19 0
2453 2599 10 17 0

2020 2622 100 27 Pigeons,
2131 2623 78 27 (wild,)

2043 2656 41 20 per
2092 2649 48 28 pair
2225 2652 13 19 0
2267 2651 10 21 1
2308 2652 81 20 0..0
2414 2653 12 18 2
2453 2652 10 18 0

2018 2676 83 26 Ducks,
2110 2676 35 22 do.
2157 2676 50 22 do..
2226 2679 13 19 0
2267 2679 13 20 4
2308 2679 14 19 0
2340 2691 18 7 ..
2377 2680 13 19 0
2416 2679 12 19 6
2453 2678 10 19 0

1882 2703 73 22 Eggs:
1972 2703 44 21 Per
2026 2703 71 21 dozen
2225 2705 15 20 0
2267 2705 14 20 2
2308 2705 15 20 6
2340 2719 18 5 ..
2377 2707 13 19 0
2416 2706 12 20 3
2453 2705 10 19 0
2485 2723 2 6 ,

1882 2731 78 21 Cows:
1974 2729 73 23 Milch
2214 2731 25 21 15
2267 2733 14 19 0
2308 2733 15 19 0
2340 2733 50 19 ..25
2416 2734 13 18 0
2453 2733 11 18 0

1883 2757 96 23 Mares:
1994 2757 76 21 Brood
2211 2759 28 20 50
2267 2759 12 20 0
2308 2760 14 19 0
2340 2760 50 20 ..80
2416 2760 12 20 0
2453 2759 11 19 0

1884 2784 115 22 Working
2016 2784 132 22 Bullocks:
2171 2785 43 21 Per

1908 2811 50 27 pair
2143 2813 97 20 \...A0
2267 2813 13 20 0
2309 2813 14 20 0
2340 2813 51 21 ..60
2416 2813 13 20 0
2453 2812 11 19 0

1883 2837 64 22 Hire
1958 2845 26 15 of
1994 2845 68 14 ditto
2070 2846 5 14 :
2090 2839 43 21 Per
2140 2839 51 27 day,
2199 2846 14 14 a

1910 2868 60 18 team
1980 2864 46 22 and
2032 2864 74 23 driver
2228 2867 10 19 1
2268 2867 13 20 0
2310 2867 80 20 0..2
2416 2867 13 19 0
2454 2867 11 18 0

1884 2891 87 22 Sheep:
1986 2891 63 22 Each
2227 2894 10 20 1
2267 2894 13 20 0
2308 2894 14 20 0
2340 2906 18 7 ..
2378 2894 10 20 1
2416 2894 12 19 8
2454 2893 10 19 0

1883 2918 63 21 Boat
1957 2918 73 22 Hire:
2046 2918 43 22 Per
2094 2919 49 26 day,
2149 2919 64 21 with-

2073 2948 40 18 out
2121 2945 88 22 hands.
2225 2947 13 19 0
2253 2947 27 19 10
2308 2948 14 19 0
2339 2960 18 6 ..
2378 2947 9 20 1
2416 2948 12 19 0
2453 2946 11 20 0

1883 2971 87 22 Wages
1976 2978 5 14 :
2009 2971 139 27 Mechanics,
2174 2980 40 19 per

2037 2997 63 22 week
2227 2999 13 20 2
2268 3000 13 20 0
2309 3001 50 19 0..
2378 3001 14 20 3
2418 3001 13 20 0
2454 3000 11 19 0

2019 3023 126 23 Labourers
2162 3039 44 7 ....
2226 3027 11 19 1
2254 3026 26 20 10
2308 3027 14 20 0
2340 3021 18 25 .'.
2378 3028 10 20 1
2406 3028 24 20 16
2454 3027 10 19 0

2117 3051 121 23 DUTIES.

1884 3078 99 22 British
1993 3078 91 23 Spirits
2298 3081 33 20 4s.
2340 3087 40 20 per
2389 3080 74 27 gallon.

1884 3105 105 21 Foreign
2000 3105 56 21 ditto
2298 3107 33 21 ss.
2341 3114 40 20 per
2388 3107 74 28 gallon.

1883 3131 105 23 Tobacco
1997 3133 177 28 manufactured,
2300 3135 31 20 Is.
2340 3141 40 20 per
2388 3135 30 20 lb.

1996 3159 206 23 Unmanufactured
2298 3161 37 21 9d.
2345 3161 76 27 perlb.

1884 3186 75 22 Snuff
2300 3189 31 20 2s.
2341 3195 39 20 per
2387 3188 29 21 lb.

1885 3213 86 22 Cigars
2301 3216 33 20 2s.
2343 3215 75 27 perlb.

1885 3239 81 23 Wines
2292 3242 25 21 15
2332 3248 39 20 per
2379 3242 51 21 cent.

1884 3266 56 27 Tea,
1955 3267 84 27 Sugar,
2056 3268 87 27 Flour,
2161 3268 114 34 Wheat,]

1903 3293 45 22 and
1957 3294 64 21 other
2032 3295 85 27 Grain,
2127 3296 14 20 5
2151 3302 40 20 per
2200 3299 58 18 cent.
2272 3291 4 26 I
2322 3310 9 7 ,
2369 3308 7 9 ••
2392 3315 40 7 „_,

1885 3320 40 22 All
1933 3321 64 21 other
2005 3321 106 22 Foreign
2117 3322 143 27 productions
2270 3311 14 43 f
2303 3311 30 20 ad
2342 3311 90 20 valorem
2434 3323 5 6 '

1899 3347 45 22 and
1948 3348 165 22 manufactures
2121 3350 26 19 10
2153 3355 40 21 per
2200 3353 58 18 cent.
2264 3343 12 33 J

2086 3375 186 24 EXCHANGE.

1886 3414 68 22 Bank
1962 3414 51 22 bills
2023 3422 28 15 on
2061 3416 96 22 London
2188 3404 81 43 {30&
2280 3407 29 20 60
2322 3405 42 42 d^
2366 3412 9 14 s
2384 3402 76 45 sl^

2192 3432 13 25 I
2237 3439 40 20 per
2288 3435 59 19 cent,
2357 3435 103 24 premium.

1886 3454 36 22 On
1931 3455 90 27 Sydney
2306 3459 71 22 Ditto.

1886 3481 88 22 Private
1983 3482 51 22 bills
2185 3498 20 8 ».
2282 3485 112 23 Nominal.

1907 3538 39 17 The
1957 3540 48 16 New
2016 3540 97 17 Zealand
2124 3542 92 17 Gazette
2223 3544 37 16 and
2270 3543 133 18 'Welmngtok
2413 3542 47 15 Spec-

1886 3563 64 13 tator
1955 3561 15 15 is
1977 3560 97 21 published
2079 3562 62 23 every
2141 3562 113 23 Wednesday
2264 3565 37 17 and
2312 3564 90 19 Saturday.
2420 3560 38 16 Sub-

1884 3580 64 21 joined
1952 3585 31 12 are
1989 3580 32 17 the
2027 3583 64 17 terms:
2093 3592 22 3 —

1906 3601 64 17 Price
1977 3606 24 12 op
2008 3606 41 13 the
2056 3603 74 17 Paper.
2130 3613 23 3 —
2153 3604 54 22 Forty
2212 3605 85 22 shillings
2303 3609 33 17 per
2344 3608 70 15 annum,
2424 3604 29 18 pay
2477 3613 5 4 .

1886 3622 40 16 able
1932 3622 20 17 in
1959 3623 80 16 advance
2043 3629 4 14 ;
2059 3629 20 12 or
2085 3629 34 12 one
2126 3625 76 22 shilling
2207 3627 28 16 for
2242 3627 59 21 single
2307 3626 89 17 numbers.

1907 3643 156 19 Advertisements
2069 3646 39 16 will
2113 3648 32 14 not
2151 3651 66 16 appear
2226 3647 21 16 in
2257 3647 32 17 the
2299 3650 77 16 ensuing
2385 3643 67 19 number

1886 3663 17 16 if
1910 3664 83 17 received
1999 3665 47 16 later
2051 3666 46 17 than
2108 3667 19 16 10
2134 3666 73 21 o'clock,
2215 3672 48 15 a.m.,
2270 3672 25 15 pn
2302 3666 122 19 theimornings
2432 3663 24 16 &••

1886 3684 38 16 fore
1938 3685 117 20 publication.
2075 3688 157 19 Advertisements
2246 3688 44 19 will,
2294 3689 23 16 be
2327 3686 92 19 continued
2425 3682 29 18 and

1886 3705 78 20 charged
1973 3706 50 17 until
2032 3709 164 20 counter-ordered;
2203 3709 51 17 'such
2261 3709 52 17 order
2319 3709 49 16 must
2374 3708 20 16 be
2401 3706 34 17 sent
2441 3704 15 14 to

1887 3726 32 17 the
1927 3726 55 17 Office
1994 3728 36 15 two
2048 3728 45 21 days
2110 3730 61 16 before
2181 3730 117 20 publication,
2309 3730 36 16 and
2354 3729 48 16 mast
2409 3727 19 15 be
2437 3726 17 14 »

1887 3747 78 21 writing.
1988 3748 156 18 Advertisements
2157 3751 82 17 received
2248 3759 3 5 .
2256 3750 53 21 after
2326 3750 21 17 10
2361 3747 61 18 o'clock
2435 3747 18 13 on

1887 3768 83 21 Tuesday
1982 3769 38 16 and
2030 3769 64 22 Friday
2104 3771 93 21 mornings
2209 3771 37 17 will
2256 3772 22 16 be
2289 3770 77 21 charged
2375 3768 46 18 twice
2428 3766 26 15 tn»

1887 3788 54 16 usual
1945 3789 54 16 rates.

1907 3809 33 16 All
1945 3810 66 19 orders,
2022 3810 157 21 advertisements,
2189 3812 38 17 and
2235 3810 160 19 communications
2406 3811 15 13 to
2430 3806 24 16 tin

1887 3830 70 20 Editor,
1962 3834 31 13 aie
1999 3832 97 19 requested
2101 3834 18 15 to
2126 3833 23 16 be
2155 3833 98 17 addressed
2258 3834 19 15 to
2283 3833 38 16 this
2327 3832 59 16 Office.
2454 3848 2 3 ,

823 127 78 20 Land
915 127 29 19 at
958 125 105 21 Karori.

654 160 66 48 TO
735 159 39 22 BE
789 159 87 26 SOLD,
892 161 43 19 two
953 159 15 20 5
986 165 49 14 acre
1050 157 134 27 allotments,
1205 160 34 18 to-

727 186 77 26 gether
814 193 24 14 or
853 188 106 24 separate,
971 191 29 15 on
1016 184 86 21 Yoke's
1112 184 88 21 Section
1216 187 24 18 at

649 212 96 29 Jtarori;
765 212 23 22 in
806 219 43 15 one
868 210 182 28 ailotmenV-the
1068 210 71 23 whole
1159 211 27 21 of
1202 210 37 21 the

652 239 91 21 inferior
751 238 80 22 timber
841 238 46 22 and
897 237 130 22 brushwood
1038 238 20 21 is
1074 240 37 19 cut
1118 245 6 19 ;
1139 237 40 22 has
1195 240 43 18 two

652 265 58 26 good
723 269 93 18 streams
832 265 98 26 running
944 264 104 27 through,
1060 263 45 24 and
1121 264 20 21 is
1155 271 29 14 an
1200 270 40 15 ex-

653 292 82 21 cellent
751 292 103 21 situation
873 291 36 22 for
925 297 45 21 any
989 297 80 20 person
1093 286 102 25 desirous
1217 289 26 21 of

652 318 102 27 building
763 318 23 21 in
796 318 49 21 that
852 316 191 28 neighbourhood.
1075 316 75 27 Apply
1160 320 25 18 to

872 351 27 21 R.
916 351 80 25 Davis,
1012 350 90 21 Aurora
1115 349 96 21 Tavern.
1222 369 4 4 .

875 403 54 20 For
943 401 67 21 Sale.

654 436 92 49 THE
767 436 106 21 CARGO
890 436 39 21 OF
944 434 103 23 MAIZE
1061 441 40 20 per
1114 435 69 20 Ariel.

1025 461 77 22 Levin
1118 462 43 21 and
1173 462 39 21 Co.

681 494 102 26 January
793 494 35 26 27,
840 494 61 20 1843.
929 513 4 5 v

656 545 90 21 PTIHE
769 546 79 19 Nelson
871 546 117 22 Examiner
1010 545 43 20 and
1073 546 54 19 New
1149 545 94 20 Zealand

661 565 29 28 JL
729 572 109 21 Chronicle
854 571 127 26 (published
990 575 22 18 at
1021 571 102 27 Nelson,)
1139 572 19 21 is
1175 579 66 21 regu-

652 597 58 28 larly
729 599 140 22 transmitted
886 601 23 18 to
923 598 145 27 Wellington,
1087 598 46 21 and
1147 606 52 20 may
1213 599 28 22 be

653 624 44 22 had
708 628 23 18 at
739 625 37 21 the
787 625 63 22 office
861 624 26 22 of
897 624 44 22 this
950 631 74 21 paper.

681 658 48 22 The
737 659 79 21 Nelson
824 659 118 23 Extfrniner
957 657 44 23 will
1010 659 27 21 be
1047 657 71 23 found
1127 666 29 14 an
1167 659 75 21 excel-

642 685 59 21 •lent
709 685 99 22 medium
817 685 35 22 for
863 685 138 22 advertisers.

680 712 78 22 Terms
769 712 33 22 for
811 711 38 22 the
859 719 73 20 paper,
943 715 38 18 ten
990 711 100 26 shillings
1104 718 39 20 per
1151 715 91 23 quarter

653 739 94 27 payable
755 739 24 21 in
790 738 108 22 advance.

682 765 81 22 Orders
785 765 35 22 for
840 765 38 23 the
901 770 67 23 paper
990 764 45 22 and
1057 763 184 23 advertisements

654 791 102 23 received
766 795 23 18 at
798 792 39 21 the
847 791 71 23 Office
929 791 25 22 of
967 791 42 21 this
1018 798 77 19 paper.

755 844 40 20 To
815 844 171 24 Proprietors
1002 842 28 22 of
1045 843 92 21 Stock.

654 875 50 48 A
729 874 198 23 GENTLEMAN
948 874 48 21 who
1016 874 40 21 has
1076 874 58 21 been
1154 873 87 22 several

732 908 64 20 years
802 901 24 21 in
837 900 80 27 charge
928 901 26 21 of
965 901 63 21 stock
1037 901 24 21 in
1072 901 112 27 England,
1196 901 44 21 and

654 928 49 21 who
718 927 40 22 has
768 928 58 21 been
845 934 63 15 more
927 927 57 25 than,
1000 927 79 22 twelve
1098 927 98 22 months'
1217 928 22 21 in

654 953 80 28 charge
745 954 25 22 of
788 961 42 15 one
847 953 26 21 of
891 954 38 22 the
946 954 82 26 largest
1047 953 82 22 dairies
1143 954 24 22 in
1188 953 54 23 Port

652 981 131 26 Nicholson,
794 981 41 21 has
845 980 139 22 determined
993 984 22 18 to
1025 980 106 22 establish
1144 988 14 14 a
1172 980 68 28 sheep

653 1008 43 21 and
706 1007 66 22 cattle
783 1007 88 26 station,
882 1007 101 22 between
993 1007 92 22 Porirua
1092 1007 45 21 and
1144 1007 96 28 Wanga-

653 1035 46 26 nui,
721 1034 53 22 with
788 1034 38 22 the
842 1034 112 21 intention
972 1034 25 21 of
1012 1034 79 26 taking
1109 1034 67 27 sheep
1195 1034 46 22 and

654 1061 66 21 cattle
731 1068 29 14 on
770 1060 81 27 shares,
864 1068 25 14 or
896 1061 121 26 otherwise,
1030 1068 24 14 as
1060 1068 53 24 may
1120 1061 28 21 be
1158 1061 83 27 agreed

652 1095 67 20 upon.
749 1087 47 22 The
811 1094 50 15 new
872 1087 72 21 North
955 1087 69 26 Road,
1037 1094 51 14 now
1097 1087 24 21 in
1131 1094 108 21 progress,

652 1115 46 21 ■will
708 1114 50 27 give
769 1114 38 22 the
816 1116 60 19 most
884 1115 86 26 perfect
979 1114 84 27 facility
1081 1113 25 22 of
1118 1115 123 21 communi-

653 1141 76 26 cating
737 1141 30 27 by
776 1140 55 22 land
840 1140 54 23 with
904 1141 37 21 the
956 1141 92 26 grazing
1059 1140 96 22 districts
1170 1141 24 21 in
1203 1142 37 20 the

653 1167 70 22 above
746 1167 115 22 indicated
883 1167 113 22 direction.
1045 1167 44 21 For
1110 1168 131 27 particulars

652 1194 68 28 apply
727 1198 23 18 to
760 1195 36 21 the
809 1195 88 20 Gazette
906 1195 71 21 office.

839 1247 114 20 Gazette
970 1247 87 20 Office.

654 1285 200 22 STATIONERY
869 1285 195 23 WHOLESALE
1079 1285 20 21 &
1116 1285 124 23 RETAIL.

652 1319 89 49 WE
765 1319 42 27 beg
830 1322 22 19 to
877 1327 114 14 announce
1010 1320 38 21 the
1070 1320 87 26 arrival,
1182 1320 58 21 from

749 1346 111 27 England,
872 1347 26 21 of
906 1346 36 22 the
958 1346 47 21 first
1014 1350 49 24 part
1073 1346 24 21 of
1106 1354 41 23 pur
1163 1350 78 18 exten-

652 1372 47 22 sive
709 1372 75 23 orders
792 1374 24 20 in
828 1373 43 21 this
881 1373 141 27 department
1031 1373 26 21 of
1064 1373 108 22 business.
1195 1374 47 21 Our

653 1400 63 21 stock
727 1400 89 26 already
827 1400 92 22 consists
934 1400 26 21 of
973 1407 64 19 every
1048 1400 76 21 article
1139 1400 103 27 required

652 1426 35 21 for
702 1426 96 27 Schools,
816 1426 83 28 Banks,
915 1427 85 27 Courts,
1018 1428 54 20 Law
1089 1426 87 24 Offices,
1196 1427 45 22 and

653 1452 90 28 Artists,
755 1454 39 21 &c.
803 1461 5 19 ;
824 1453 75 22 whilst
908 1454 36 21 the
962 1453 137 22 ornamental
1110 1453 43 22 and
1170 1454 70 21 draw-

652 1480 38 26 ing
703 1487 62 14 room
782 1480 123 27 stationery
920 1480 40 21 has
974 1484 39 17 not
1024 1481 60 20 been
1099 1480 141 22 overlooked.

647 1506 53 22 •The
711 1506 126 23 difficulties
848 1507 116 26 attending
974 1506 35 22 the
1019 1507 49 21 first
1075 1506 167 23 establishment

652 1534 82 26 having
743 1534 58 21 been
817 1537 122 23 overcome,
951 1533 44 22 and
1006 1541 67 19 every
1089 1534 80 21 arrival
1184 1534 56 21 from

652 1560 106 26 England
776 1560 84 27 adding
876 1560 59 22 fresh
951 1559 110 23 additions
1076 1563 23 18 to
1115 1567 38 15 our
1169 1561 69 27 stock,

652 1587 45 22 will
715 1586 77 23 enable
807 1595 27 14 us
843 1590 23 18 to
882 1587 82 22 reduce
981 1594 39 15 our
1035 1587 93 27 charges
1138 1595 29 14 on
1183 1591 58 18 most

652 1614 89 22 articles
750 1617 22 20 at
781 1614 57 23 least
847 1615 28 20 50
883 1621 39 20 per
932 1613 58 22 cent.

680 1646 155 28 Storekeepers
853 1646 43 22 wad
915 1645 116 22 wholesale
1052 1645 84 22 dealers
1155 1653 42 15 can
1212 1647 27 21 be
1246 1647 2 7 '

652 1673 101 28 supplied
767 1675 23 19 to
806 1680 45 19 any
861 1675 83 24 extent,
963 1673 42 21 and
1021 1680 30 14 on
1068 1676 68 18 terms
1151 1673 89 27 equally

652 1699 164 27 advantageous
826 1703 23 18 to
860 1706 44 21 any
911 1699 105 23 obtained
1024 1700 25 21 in
1060 1699 97 28 Sydney,

680 1733 96 26 Writing
786 1740 74 20 paper,

680 1760 114 27 Imperial,

679 1786 81 28 Royal,

679 1814 115 27 Foolscap,
806 1814 90 21 various
907 1814 108 27 qualities,

679 1840 72 27 Large
763 1840 60 22 thick
831 1844 58 24 post,
900 1848 61 15 wove
972 1842 41 21 and
1025 1841 52 27 laid,

678 1867 59 22 Thin
746 1871 57 23 post,
816 1867 63 27 ditto,

679 1894 56 21 Fine
744 1894 53 21 bath
809 1898 56 23 post,
877 1895 46 26 gilt,

679 1921 88 22 Double
784 1921 111 27 elephant,
907 1922 145 26 antiquarian,
1069 1921 108 28 imperial,
1192 1922 47 21 and

650 1948 62 27 royal
723 1948 100 27 drawing
833 1955 75 20 p^per,

680 1975 89 26 Oblong
880 1975 169 22 memorandum
1057 1975 79 27 books,

679 2000 88 23 French
775 2003 89 25 tracing
873 2009 75 19 paper,
1170 2010 2 6 '
1246 1997 2 28 !

679 2028 88 21 Ladies'
778 2028 46 21 and
834 2028 145 26 gentlemen's
991 2028 54 20 card
1054 2034 68 19 cases,

678 2054 63 21 Ditto
807 2054 36 21 do.
905 2054 70 21 tinted
984 2054 44 21 and
1038 2054 116 21 embossed
1165 2054 71 26 cards,

679 2082 95 26 Sponge,
787 2081 77 21 wafers
875 2081 22 21 in
908 2082 12 20 2
931 2088 33 13 oz.
976 2080 74 26 boxes,

678 2106 71 23 Black
769 2108 55 26 edge
844 2107 45 22 and
908 2107 111 22 bordered
1038 2110 53 19 note
1108 2107 45 22 and
1172 2106 67 23 letter

650 2141 76 20 paper,

678 2161 91 22 Invoice
779 2161 77 27 books,
868 2161 52 21 with
930 2160 99 27 indexes,
1042 2160 87 22 various
1139 2160 63 25 sizes,

679 2188 58 22 Cash
746 2188 78 26 books,
835 2187 64 22 ruled
910 2188 87 27 double,
1007 2188 90 21 various
1108 2188 54 21 sizes

678 2215 133 27 Envelopes,

679 2242 86 21 Pewter
774 2241 126 27 inkstands,

678 2269 80 26 Ebony
766 2268 124 28 inkstands,
901 2268 53 22 with
964 2268 100 26 drawers,

677 2296 74 21 Broad
762 2295 44 22 and
814 2303 87 14 narrow
910 2303 68 19 green
988 2296 42 21 silk
1042 2295 85 27 ribbon,

678 2322 65 21 Brief
750 2322 45 22 and
805 2322 58 21 deed
871 2329 74 20 paper,

678 2349 73 22 Ruled
761 2356 69 20 paper
838 2349 35 22 for
882 2349 39 22 bill
931 2348 74 27 heads,

678 2376 72 26 Royal
766 2376 67 26 hand,
847 2375 80 22 double
946 2376 59 21 hand
1021 2376 83 26 brown,
1122 2374 45 23 and
1175 2375 63 27 royal

650 2402 75 21 brown
737 2402 113 28 wrapping
859 2410 73 20 paper,

678 2428 99 27 Ledgers
787 2429 45 22 and
841 2433 96 18 account
946 2429 76 27 books,
1033 2429 89 22 various
1132 2429 63 26 sizes,

678 2456 84 21 Pocket
769 2455 88 27 ledgers
868 2456 45 21 and
920 2456 170 21 memorandum
1099 2456 77 26 books,
1207 2472 8 8 ,

678 2480 120 29 Engraved
808 2489 57 20 copy
872 2482 52 28 slips
934 2482 45 21 and
988 2482 77 27 books,

679 2510 53 21 Best
741 2509 80 22 Welch
830 2511 66 20 slates
911 2510 63 26 large
981 2509 43 22 and
1034 2508 72 28 email,

682 2536 74 21 Blank
764 2536 72 22 music
846 2536 78 27 books,

679 2563 104 27 Message
795 2562 70 27 cards,

679 2590 109 21 Coloured
796 2597 87 20 papers,

679 2618 70 26 Sugar
758 2624 85 20 papers,

678 2643 60 22 Note
748 2650 86 21 papers,

678 2670 94 27 Playing
783 2670 71 28 cards,
865 2670 104 22 coloured
979 2670 43 22 and
1031 2670 54 28 gold
1094 2670 78 27 backs,

659 2702 3 4 '
678 2697 62 27 Copy
753 2697 77 27 books,

679 2724 71 21 Black
758 2724 52 21 lead
819 2724 93 28 pencils,

644 2757 3 6 1
680 2750 68 22 India
757 2751 88 27 rubber,
856 2750 69 23 bottle
935 2750 45 23 and
988 2754 86 25 patent,

681 2777 68 27 Ivory
759 2776 81 23 folders
851 2778 42 22 and
906 2778 86 27 knives,

680 2804 47 22 Pen
736 2804 86 27 knives,

671 2827 95 31 .Rulers,
778 2839 56 19 copy
843 2831 77 27 books,

680 2858 75 22 Blank
763 2858 52 21 bills
826 2858 26 22 of
859 2858 120 27 exchange,

680 2886 77 21 Letter
767 2885 46 22 and
824 2884 39 23 bill
871 2885 56 27 flies,

682 2912 42 22 Ink
735 2912 44 21 and
789 2912 41 22 ink
838 2912 109 27 powders,
1026 2926 2 5 ■

680 2939 76 22 Bibles
765 2939 47 22 and
820 2941 138 25 testaments,

680 2966 98 27 Spelling
787 2966 77 26 books,
875 2966 95 27 various,

681 2993 103 28 Primers,

681 3020 124 22 Children's
816 3019 69 22 books
894 3020 24 21 in
927 3021 63 25 great
998 3020 93 28 variety,

680 3046 75 22 Blank
769 3046 172 22 Custom-house
958 3046 75 29 forms,
1044 3048 35 20 for
1093 3048 145 27 auctioneers,

654 3074 45 21 and
708 3074 31 21 all
748 3073 36 22 the
796 3074 63 21 other
870 3073 171 23 Custom-house
1058 3077 68 19 torms
1134 3075 35 21 for
1181 3083 59 15 mer-

654 3100 85 26 chants,

681 3127 114 22 Seamen's
804 3127 100 21 advance
913 3129 70 24 notes,

682 3154 114 22 Seamen's
805 3154 89 22 articles
904 3154 25 22 of
936 3157 134 24 agreement,

682 3180 137 27 Log-books,

682 3206 80 22 Blank'
767 3208 66 25 writs,

682 3234 135 21 Parchment
824 3234 34 21 for
866 3233 75 27 deeds,

683 3260 79 27 Quills,

667 3314 6 5 >
683 3287 59 21 Ever
751 3286 90 28 pointed
850 3287 74 27 pencil
934 3294 60 15 cases
1002 3288 24 22 in
1037 3289 97 27 superior
1140 3291 100 23 German

656 3314 73 26 silver,

684 3340 91 22 Lucifer
784 3341 76 27 boxes,

682 3367 75 22 Wafer
769 3370 92 25 stamps.

830 3420 108 21 Heifers
953 3420 28 21 in
997 3421 67 21 Calf.

657 3452 87 48 FOR
758 3451 86 26 SALE,
856 3451 68 22 about
938 3452 28 22 50
974 3453 101 28 superior
1083 3453 56 23 bred
1151 3455 81 24 heifers

713 3481 61 20 most
790 3477 26 22 of
826 3477 63 23 them
903 3478 73 27 heavy
1030 3479 50 28 calf,
1098 3482 44 21 and
1157 3482 86 30 having

656 3505 57 22 been
724 3522 2 7 ,
732 3512 61 14 some
808 3504 55 23 time
877 3505 23 21 in
914 3505 38 21 the
972 3505 91 28 Colony,
1080 3511 40 18 not
1134 3509 67 22 liable
1218 3515 24 18 to

656 3531 67 23 suffer
731 3531 57 22 from
798 3531 37 21 the
846 3531 75 23 effects
931 3532 26 21 of
967 3532 37 22 the
1021 3533 62 22 Toot.
1112 3535 47 22 The
1172 3537 70 23 above

657 3558 66 22 cattle
739 3565 42 15 can
796 3558 28 22 be
841 3559 100 26 strongly
953 3560 179 29 recommended,
1150 3570 24 15 as
1188 3564 54 28 they

656 3585 57 22 have
729 3585 57 21 been
803 3583 97 23 selected
914 3586 58 21 from
986 3586 38 22 the
1042 3594 118 17 numerous
1175 3592 67 21 cattle

657 3611 59 28 ships
727 3611 71 23 which,
807 3611 57 21 have
882 3613 87 21 arrived
980 3613 62 22 here.
1070 3614 76 29 Apply
1159 3620 23 18 to
1195 3618 46 23 Mr.

657 3638 102 27 Revans,-
767 3639 87 20 Gazette
863 3639 70 26 office,
945 3646 25 14 or
978 3643 22 19 to
1010 3640 46 22 Mr.
1067 3641 84 28 Hulke,
1160 3644 82 23 Evans'

657 3665 55 26 Bay.
819 3685 4 6 ,
973 3681 5 11 ,

683 3698 64 26 Also,
757 3697 62 22 three
830 3698 125 27 well-bred.
954 3707 72 15 mares
1031 3700 25 23 in
1064 3702 53 28 foal,
1129 3707 22 18 to
1160 3705 82 26 impor-

657 3725 37 22 ted
704 3725 82 22 horses.

683 3759 120 28 February,
816 3760 61 21 1843.

844 3809 65 21 Just
922 3810 131 23 received.

656 3840 128 50 PLANS
808 3840 26 22 of
854 3840 39 23 the
915 3841 69 22 Town
1004 3843 27 22 of
1047 3843 160 29 Wellington

729 3867 57 23 Plan
807 3867 186 24 ofthe-Harbour
1002 3870 27 22 of
1040 3870 56 23 Port
1111 3872 126 27 Nicholson

657 3917 176 35 CHARTER
843 3918 176 29 PAPvTIES,for
1026 3917 46 28 sale
1082 3927 24 18 at
1111 3919 37 28 the
1157 3926 86 23 Gazette

658 3948 40 19 V>»
716 3945 77 23 Office.
858 3952 3 4 •
1131 3957 3 3 ■

216 153 3 6 ,
233 135 90 20 House
339 134 30 19 to
384 130 56 20 Let.

47 168 52 47 A
128 167 87 22 GOOD
235 168 128 23 substantial
382 169 75 27 house,
473 170 50 22 with
536 170 89 21 kitchen

127 194 42 21 and
179 194 133 28 out-houses,
323 199 23 18 to
356 197 33 21 let
396 198 25 21 in
435 197 189 22 Manners-street.
630 202 3 7 '

47 220 44 21 For
106 221 136 26 particulars,
254 223 64 27 apply
328 226 23 19 to
363 224 44 21 Mr.
418 224 119 22 Brewer's
547 224 86 22 Office.!

46 266 86 24 Land,
143 267 54 20 and
212 269 157 21 unselected
382 269 77 20 Land
474 270 95 20 Orders
583 269 41 21 for

168 294 70 24 Sale,
254 300 34 16 on
303 296 95 20 liberal
414 297 90 19 terms.

47 326 68 47 TO
131 326 37 21 BE
184 327 87 27 SOLD,
287 330 29 26 by
330 330 85 26 privnte
432 332 104 24 contract,
556 329 69 26 single

108 354 95 21 sections
212 361 28 14 on
251 355 35 22 the
296 356 106 27 principal
408 356 56 21 lines
472 356 22 21 in
502 355 37 22 the
549 356 76 21 vallies

46 378 27 21 of
85 378 36 22 the
133 379 60 22 Hutt
201 381 43 21 and
254 382 36 21 the
308 382 121 26 Horokiwi,
440 382 44 21 and
499 389 27 14 on
536 382 36 22 the
583 383 42 21 Po-

45 405 61 21 rirua
115 406 64 22 Road
188 415 5 19 ;
210 408 44 21 also
270 408 75 21 blocks
362 409 26 20 of
398 409 60 27 land,
476 410 25 21 of
512 412 41 19 two
568 409 57 22 hun-

46 431 55 22 dred
120 434 46 20 and
184 434 61 21 three
264 435 101 21 hundred
386 443 61 14 acres
465 436 59 26 each,
542 436 25 21 in
589 435 36 22 the

44 457 128 24 immediate
182 461 91 27 vicinity
283 462 25 21 of
319 461 38 22 the
367 462 68 23 Town
447 463 25 21 of
482 462 141 27 Wellington.

46 485 63 27 Also,
121 488 75 20 orders
210 487 33 22 for
261 492 92 24 country
363 489 52 21 land
432 489 43 22 still
491 488 132 27 unselected,

45 512 71 21 either
126 513 73 27 singly
209 521 24 13 or
242 514 24 22 in
275 515 48 26 lots,
335 516 46 21 and
389 516 54 21 with
454 523 22 14 or
487 515 92 22 without
588 515 36 22 the

44 538 67 21 Town
122 539 78 26 Acres,
212 544 21 17 to
243 542 42 20 suit
294 541 137 27 purchasers.

72 565 74 27 Apply
156 570 21 17 to
188 567 40 21 Dr.
240 567 80 27 Evans,
335 568 110 22 Lambton
456 569 70 27 Quay.

45 596 21 21 A
76 595 77 23 liberal
165 598 70 21 credit
243 598 65 27 given
320 602 21 18 to
351 600 136 27 respectable
497 599 127 29 purchasers

132 623 116 27 intending
258 628 21 19 to
289 626 64 21 settle
365 634 57 19 upon
433 627 38 21 the
480 627 58 22 land.

268 671 52 21 For
335 673 69 24 Sale,

44 701 135 49 ABOUT
194 705 26 19 16
237 706 48 19 tons
304 704 25 21 of
340 705 45 22 fine
401 706 80 27 picked
501 707 125 22 Manawatu

125 728 111 23 Potatoes.
265 732 74 27 Apply
350 735 22 19 to

271 765 101 22 Messrs.
384 766 82 22 Waitt
481 767 20 22 &
515 767 83 22 Tyser.

71 793 144 28 Wellington,
227 796 63 27 April
302 798 37 24 18,-
346 798 61 21 1843.

245 842 38 19 To
303 842 126 20 Packers.

44 871 175 49 WANTED,
231 879 12 13 a
252 879 75 20 person
337 875 124 24 acquainted
471 876 47 19 with
528 876 96 26 packing,

127 902 22 18 to
159 900 48 20 take
217 900 72 26 charge
301 900 23 20 of
335 907 13 13 a
359 901 50 20 Flax
419 901 69 21 Press.

360 934 84 19 Waitt
455 940 47 15 and
512 935 31 20 Tt
549 941 50 15 ser.

45 957 75 21 March
130 960 35 19 31.

43 1003 40 20 To
100 1004 162 22 Gentlemen
275 1006 147 27 intending
435 1009 28 18 to
479 1009 73 19 enter
566 1009 57 20 into

70 1031 45 19 the
144 1032 140 25 profitable
313 1033 109 24 pursuit
452 1035 29 19 of
506 1035 119 26 Grazing

71 1057 56 20 and
146 1058 134 27 Breeding
300 1060 91 24 Stock,
414 1059 42 22 for
474 1061 87 21 which
581 1063 43 19 the

71 1083 89 22 fertile
179 1085 108 21 Islands
308 1086 31 20 of
356 1086 69 22 New
443 1088 118 21 Zealand
581 1094 43 15 are

70 1116 31 14 so
116 1111 151 26 peculiarly
280 1113 125 26 adapted.

44 1144 92 35 rpHE
147 1145 150 27 undersigned
307 1147 42 27 beg
359 1151 22 18 to
388 1148 83 22 inform
481 1148 55 22 their
541 1148 83 22 friends

51 1169 30 23 X
114 1172 45 21 and
175 1172 38 21 the
228 1173 73 26 public
316 1174 123 27 generally,
456 1176 46 20 that
518 1176 52 26 they
581 1177 44 21 will

42 1200 101 19 contract
166 1198 36 21 for
221 1196 36 25 the
280 1200 101 28 delivery
405 1202 26 20 of
452 1202 37 21 the
511 1202 113 28 following

42 1223 135 28 description
191 1225 25 21 of
223 1226 72 27 Stock,
303 1227 24 21 in
335 1234 45 20 any
389 1228 55 21 Port
453 1229 25 21 of
490 1228 36 22 the
537 1229 87 22 Islands

44 1250 27 21 of
76 1250 166 24 NewJZealand
250 1261 5 13 :
257 1264 27 4 —

71 1283 95 23 Horned
182 1284 66 22 cattle
266 1286 123 27 (improved
403 1287 89 26 breeds)
507 1287 25 21 of
542 1287 31 22 all
589 1288 36 22 de-

44 1310 124 28 scriptions,

72 1337 91 27 Horses,
184 1339 57 21 from
263 1339 37 21 the
322 1339 51 22 best
391 1340 94 26 English
504 1341 44 21 and
563 1341 61 22 Arab

42 1364 71 26 studs,
131 1365 93 21 suitable
240 1366 34 21 for
291 1366 85 27 racing,
391 1367 83 27 saddle,
486 1375 23 14 or
520 1367 103 28 harness;

43 1390 46 22 and
97 1391 108 28 breeding
215 1399 77 20 mares,

71 1417 58 21 Pure
139 1419 75 21 Saxon
225 1419 43 21 and
277 1419 86 22 merino
374 1428 64 19 ewes,

53 1470 6 5 _
71 1443 120 23 Half-bred
207 1445 111 22 Leicester
332 1447 46 21 and
393 1447 85 21 merino
497 1454 61 19 ewes,
577 1456 47 20 par-

42 1470 104 27 ticularly
155 1471 95 28 adapted
264 1473 35 21 for
307 1473 44 21 this
362 1477 99 23 country,
473 1481 23 14 as
504 1474 52 27 they
563 1476 61 21 unite

43 1497 82 27 weight
135 1498 26 21 of
167 1506 86 15 carcass
263 1499 51 22 with
323 1499 98 23 fineness
431 1501 26 20 of
464 1501 61 21 wool.

69 1524 49 22 The
141 1525 148 27 undersigned
313 1534 41 14 can
382 1527 164 22 accommodate
573 1536 51 19 pur-

43 1550 89 22 chasers
148 1552 25 21 of
186 1551 57 22 their
254 1553 65 21 Stock
337 1553 52 21 with
407 1555 112 21 extensive
533 1555 91 27 grazing

41 1584 62 20 runs,
114 1578 77 22 within
202 1581 39 19 100
250 1579 64 22 miles
324 1579 26 22 of
354 1579 45 22 this
410 1581 59 21 Port.

301 1612 35 22 W.
352 1613 27 22 B.
393 1614 96 21 Rhodes
503 1614 41 22 and
560 1616 38 21 Co.

177 1659 87 19 Town
281 1658 30 20 of
323 1659 167 21 Manewatu.

44 1691 91 35 npHE
157 1691 213 22 PROPRIETORS
394 1692 26 21 of
445 1692 37 22 the
502 1693 60 21 three
577 1694 47 21 first

50 1713 30 26 _L
132 1718 87 21 choices
235 1722 22 18 at
266 1719 36 21 the
320 1718 44 22 last
379 1719 104 22 selection
495 1720 23 21 of
532 1724 91 24 country

40 1744 71 27 lands,
125 1744 84 28 having
228 1744 137 23 determined
378 1753 62 19 upon
456 1746 36 21 the
508 1746 40 21 site
562 1748 35 21 for
611 1755 12 14 a

54 1778 94 22 TOWN
163 1779 44 21 ON
221 1779 63 22 THE
300 1779 189 23 MANEWATU
502 1780 105 27 RIVER,

38 1810 59 21 after
102 1812 79 19 several
189 1812 59 19 visits
258 1814 20 18 to
287 1811 38 22 the
334 1811 184 27 neighbouroood,
530 1812 46 22 and
586 1812 37 22 the

39 1840 59 19 most
117 1837 86 22 careful
221 1838 44 21 and
282 1838 84 21 minute
385 1838 148 22 examination
548 1840 26 21 of
587 1840 35 21 the

41 1868 72 17 satire
129 1865 92 26 district,
236 1865 65 21 aided
316 1865 32 26 by
356 1865 37 21 the
410 1865 141 27 professional
565 1866 56 27 skill,

37 1891 142 27 knowledge,
198 1891 45 22 and
257 1892 129 27 experience
402 1892 25 21 of
440 1892 35 21 the
492 1896 57 17 most
563 1900 60 15 com-

39 1921 77 24 petent
124 1918 88 27 judges,
231 1925 89 20 propose
336 1922 23 17 to
376 1918 53 22 offer
441 1918 32 22 for
490 1919 101 27 disposal,
602 1924 21 17 at

189 1945 39 21 the
241 1948 88 25 present
338 1945 60 27 time,
410 1945 68 22 about

40 1976 220 23 TWENTY-FIVE
294 1977 105 27 ACRES,
440 1977 34 22 IN
509 1978 114 22 ALLOT-

40 2003 115 28 MENTS,
170 2004 87 22 EACH
276 2004 39 21 OF
340 2004 63 21 ONE
424 2004 146 23 QUARTER
585 2005 37 22 OF

260 2030 42 21 AN
318 2030 91 21 ACRE.

68 2057 46 22 The
123 2060 50 25 spot
182 2058 51 20 thus
242 2056 95 22 selected
349 2063 111 21 possesses
468 2056 36 22 the
513 2061 58 18 most
586 2065 37 14 ex-

40 2084 86 22 tensive
141 2085 100 25 frontage
255 2086 22 19 to
295 2083 55 27 deep
362 2087 68 18 water
446 2084 25 21 of
482 2091 42 24 any
539 2091 28 15 on
586 2085 36 21 the

40 2112 65 21 river.
135 2111 21 21 It
174 2111 19 21 is
212 2110 94 22 situated
321 2110 48 26 just
381 2112 23 19 at
420 2110 48 21 that
486 2111 62 27 point
565 2112 56 21 from

102 2137 74 22 which
186 2145 14 14 a
208 2137 54 22 road
273 2134 71 24 would
353 2136 87 22 branch
449 2137 33 22 off
488 2141 21 18 to
518 2138 38 21 the

38 2176 98 16 ■WOODED
159 2177 46 14 AND
228 2176 95 14 FERTILE
344 2176 117 14 DISTRICTS
481 2176 72 15 ALONG
579 2178 42 14 THE

212 2203 54 14 BASE
280 2203 27 14 OF
322 2202 46 14 THE
382 2203 75 19 HILLS,

40 2230 45 22 and
97 2230 70 21 above
177 2229 73 22 which
260 2229 36 22 the
310 2229 130 26 navigation
453 2230 34 21 for
496 2230 80 22 vessels
585 2231 37 21 be-

36 2264 80 15 comes
126 2258 85 24 tedious,
222 2257 23 25 if
250 2258 35 19 not
295 2257 87 25 difficult
395 2266 3 4 ■
419 2256 23 21 Tt
449 2256 17 21 is
473 2256 106 23 therefore
586 2258 35 21 the

238 2284 62 27 point
308 2283 73 22 whoro
391 2282 38 22 the

40 2317 90 22 LAND
146 2317 68 22 AND
229 2317 112 22 WATER
355 2316 160 22 CARRIAGE
529 2317 90 22 MEET,

41 2348 45 23 and
95 2348 73 23 where
179 2356 14 15 a
202 2349 67 22 Town
285 2356 61 14 must
361 2357 27 13 be
404 2356 89 15 formed
509 2349 64 22 when
585 2350 36 21 the

41 2376 86 21 district
141 2376 19 21 is
170 2376 87 21 settled.
285 2375 22 22 It
316 2382 45 15 was
371 2375 95 22 selected
482 2376 27 26 by
521 2376 36 21 the
570 2377 51 22 Sur-

41 2402 81 28 veying
132 2402 59 22 Staff
203 2409 23 14 as
236 2402 36 21 the
281 2402 138 21 rendezvous
428 2402 35 21 for
477 2402 55 21 their
546 2402 59 28 body
614 2411 5 19 ;

42 2429 43 22 and
95 2429 40 21 has
144 2428 58 23 been
212 2436 49 14 now
274 2428 77 27 found,
362 2429 57 21 after
421 2436 1 4 1
429 2429 84 21 several
528 2430 93 21 months'

40 2456 105 26 location,
157 2459 22 18 to
193 2456 28 21 be
230 2455 36 22 the
276 2458 58 19 most
348 2455 162 27 advantageous
520 2456 100 28 position,

41 2482 58 22 from
116 2483 27 20 its
156 2482 99 27 peculiar
275 2482 85 27 facility
375 2482 27 21 of
412 2482 109 27 approach
530 2483 54 22 both
594 2484 27 26 by

41 2509 55 22 land
105 2509 46 22 and
159 2512 74 19 water.

50 2554 3 5 .
72 2541 27 23 In
109 2541 153 22 confirmation
271 2541 26 21 of
302 2540 39 22 the
350 2540 130 28 superiority
490 2541 25 21 of
522 2541 45 22 thia
575 2545 48 24 spot

43 2575 53 15 over
104 2575 45 20 any
159 2568 63 22 other
229 2571 38 24 yet
275 2568 89 26 known,
376 2567 38 21 the
424 2568 88 21 Messrs.
520 2568 101 29 Kebbell,

43 2595 57 21 after
118 2595 37 21 the
175 2595 148 22 examination
340 2595 27 21 of
381 2595 38 21 the
438 2594 56 22 river
509 2595 57 22 from
586 2595 35 21 the

43 2621 89 23 Paneiri
141 2621 48 23 Pah
199 2625 23 18 to
230 2622 29 21 its
267 2621 85 28 mouth,
364 2621 137 22 determined
515 2629 28 15 on
553 2626 69 18 erect-

278 2649 39 26 ing
330 2648 58 22 their

42 2682 67 22 SAW
123 2682 81 22 MILL
224 2681 229 22 IMMEDIATELY
467 2682 154 23 OPPOSITE.

41 2714 49 22 The
107 2714 72 22 works
196 2713 26 21 of
236 2714 49 20 that
302 2713 169 21 establishment
488 2720 35 15 are
542 2717 24 19 at
581 2714 42 22 this

43 2744 101 18 moment
161 2740 24 22 in
200 2740 62 27 rapid
276 2747 107 19 progress,
401 2740 44 21 and
464 2740 35 22 the
517 2741 107 27 proposed

43 2767 70 22 Town
123 2766 44 22 will
175 2767 132 26 necessarily
312 2764 93 30 partake
412 2767 26 21 of
443 2766 42 22 this
494 2767 129 28 advantage.

71 2799 48 22 The
139 2798 91 22 nucleus
246 2798 24 22 of
285 2805 13 14 a
316 2798 68 21 Town
400 2798 26 26 is,
437 2798 22 22 in
474 2799 49 27 fact,
534 2799 90 28 already

45 2825 96 26 created,
150 2825 31 27 by
190 2825 37 21 the
238 2825 163 21 concentration
417 2825 26 21 of
457 2825 35 22 the
502 2826 122 28 Surveying

45 2852 59 22 Staff
110 2859 29 14 on
149 2851 49 22 that
207 2854 54 24 spot,
271 2858 24 14 as
304 2851 38 21 the
353 2854 73 19 centre
443 2852 25 21 of
478 2853 148 24 communica-,

45 2879 47 21 tion
102 2882 23 18 to
136 2879 37 21 the
183 2877 146 27 surrounding
339 2877 85 22 district
431 2886 5 19 ;
452 2879 36 21 the
498 2879 96 22 erection
603 2881 25 20 of

47 2906 90 21 Messrs.
148 2905 114 21 Kebbell's
276 2905 50 21 Saw
342 2904 63 22 Mills
421 2905 108 28 opposite;
545 2907 30 26 by
589 2907 34 22 the

45 2936 164 23 arrangements
224 2931 33 22 for
270 2938 29 14 an
316 2932 114 21 extensive
442 2932 94 22 General
548 2933 61 22 Store
617 2942 5 19 ;

45 2959 45 21 and
99 2959 30 26 by
137 2959 37 21 the
184 2959 43 21 late
237 2958 132 32 application
375 2959 34 21 for
417 2966 14 13 a
438 2959 104 22 Licensed
546 2960 77 22 House

45 2993 28 15 on
82 2985 38 22 the
128 2988 51 25 part
188 2985 26 22 of
225 2992 29 14 an
262 2984 122 23 individual
398 2985 49 22 who
462 2986 45 27 has,
518 2987 61 22 since
589 2988 35 21 the

43 3013 118 24 formation
180 3012 26 22 of
220 3012 37 21 the
272 3011 91 28 Colony,
378 3013 97 26 pursued
490 3020 13 14 a
521 3013 103 23 lucrative

45 3039 63 21 trade
119 3039 52 22 with
181 3039 37 21 the
228 3039 90 26 natives,
330 3038 129 22 andwhose
469 3039 128 29 knowledge
604 3042 24 21 of

45 3066 37 22 the
92 3062 170 30 fldvantages'of
268 3065 38 22 the
316 3065 101 27 position,
424 3067 115 27 prompted
547 3067 48 22 him
603 3072 23 17 at

47 3100 55 14 once
113 3096 22 18 to
143 3093 74 26 prefer
226 3092 47 22 that
285 3092 141 27 application.

72 3124 48 22 The
130 3124 93 22 Natives
237 3124 29 27 by
274 3124 74 21 whom
363 3124 44 21 this
416 3124 54 22 land
480 3133 43 14 was
532 3126 93 22 claimed

46 3158 37 14 are
94 3150 59 28 quite
163 3150 107 27 prepared
279 3154 22 18 to
309 3150 52 27 give
367 3158 29 20 up
403 3152 128 27 possession,
539 3154 45 21 and
590 3161 35 15 are

46 3177 146 27 exceedingly
201 3178 92 21 anxious
305 3180 22 18 to
343 3176 57 23 have
411 3185 13 14 a
435 3178 114 28 European
558 3187 68 21 popu-

45 3204 70 21 lation
125 3210 81 20 among
216 3204 64 26 them,
292 3204 83 26 having
392 3204 57 21 been
457 3213 58 19 upon
525 3206 37 21 the
570 3211 58 17 most

45 3230 97 27 friendly
148 3230 86 26 footing
243 3230 52 21 with
303 3230 39 21 the
353 3231 125 27 Surveying
487 3232 56 21 Staff
548 3232 78 28 during

41 3257 41 22 the
92 3256 50 22 four
151 3264 24 14 or
184 3256 43 22 five
236 3256 87 22 months
332 3256 52 28 they
405 3257 57 22 have
477 3258 54 22 been
541 3258 87 24 located

41 3284 74 23 there.

72 3315 34 22 As
115 3315 37 21 the
160 3314 135 28 Proprietors
304 3322 94 21 purpose
408 3319 22 18 to
441 3315 83 29 dispose
535 3318 25 21 of
566 3319 39 21 but
614 3326 13 14 a

42 3342 88 22 limited
144 3341 88 25 portion
250 3342 24 20 of
283 3342 38 20 the
336 3342 69 22 Town
421 3346 24 18 at
461 3347 94 24 present,
575 3345 51 28 they

42 3368 81 28 pledge
133 3368 131 22 themselves
272 3368 54 26 that,
337 3373 24 17 at
369 3376 29 14 no
417 3369 72 23 future
498 3371 62 27 sales,
572 3372 54 22 shall

45 3395 38 23 the
94 3395 128 22 allotments
230 3394 27 22 be
266 3397 39 25 put
311 3402 31 20 up
352 3398 22 18 at
383 3403 14 14 a
407 3393 45 25 less
461 3404 47 15 sum
516 3398 55 22 than
579 3406 48 16 now

47 3422 90 22 offered.

74 3455 21 22 A
115 3454 132 26 Prospectus
264 3452 45 22 and
328 3453 54 22 Plan
404 3454 26 21 of
443 3454 36 22 the
496 3456 69 21 Town
584 3457 42 22 will

45 3481 87 27 shortly
141 3481 27 21 be
178 3479 68 27 ready
254 3479 34 21 for
295 3479 124 26 inspection
435 3483 22 19 at
469 3482 35 21 the
516 3482 80 23 Offices
605 3484 24 22 of

47 3509 90 22 Messrs.
149 3506 69 22 Waitt
227 3505 44 22 and
280 3506 76 26 Tyser,
367 3507 30 21 Te
408 3508 53 21 Aro.

73 3535 146 25 Wellington.
230 3532 63 22 April
302 3533 35 29 2%,
348 3534 61 21 1842.

217 3578 63 21 Just
301 3578 158 26 Published,
588 3592 3 7 .
628 3592 8 7 

48 3613 91 50 THE
162 3610 213 24 WELLINGTON
398 3611 178 25 ALMANACK
593 3615 35 22 for

122 3641 69 21 1843:
346 3643 2 5 '
546 3639 29 14 9V

277 3672 130 14 CONTENTS.'

74 3693 115 22 Weather-
203 3691 76 27 Table}
301 3691 77 27 Cycles
400 3691 44 21 and
468 3692 160 25 Agronomical

46 3720 119 26 Numbers,
180 3719 115 26 Calendar,
313 3718 137 22 Gardener'?
464 3719 52 22 and-
521 3719 116 25 Farmer's'

47 3747 114 26 Calendar,
174 3745 183 27 Meteorological
369 3745 69 22 Table
449 3745 33 22 for
497 3747 59 27 1840,
568 3750 59 26 1841,

25 3790 9 5 «.
47 3773 43 23 and
101 3775 59 25 1842,
174 3773 96 26 Eclipses
281 3773 25 21 of
313 3771 38 23 the
362 3773 47 20 Sun
419 3772 46 22 and
481 3773 75 28 Moon,
574 3776 54 21 New

47 3800 100 22 Zealand
162 3800 121 26 Company,
294 3799 55 21 Post
364 3798 71 22 Ofiice
445 3799 142 28 Regulations
596 3803 33 21 for

47 3826 57 22 New
115 3825 106 28 Zealand,
233 3826 56 22 CivU
303 3825 185 28 Establishment,
501 3827 54 23 Fees
567 3829 60 22 Land

50 3852 89 22 Claims'
163 3852 78 27 Office,
265 3853 53 21 Post
342 3852 70 22 Office
413 3863 29 4 —
443 3853 97 23 Colonial
568 3855 59 28 Law,

49 3879 74 22 Police
148 3879 71 21 Office
220 3890 27 5 —
248 3880 65 26 Petty
337 3879 108 28 Sessions,
476 3880 108 29 Holidays
605 3886 23 19 at

51 3904 76 27 tfubU'S
136 3905 88 28 Offiaes,
235 3906 110 22 Discount
354 3906 72 27 Days.

250 3933 72 22 Prick
338 3933 30 23 la.
383 3933 37 23 6d.

1267 123 302 22 HOLLOWAY'S
1597 122 256 21 OINTMENT.

1352 182 4 3 .
1374 154 234 26 HOLLOWAY'S
1629 154 113 26 PILLS.

1268 212 315 20 EXTRAORDINARY
1593 210 90 22 CURE
1700 210 31 21 of
1739 215 16 16 a
1764 211 87 20 CASE

1444 238 226 24 ABANDONED,
1700 254 5 5 .

1268 271 34 21 By
1313 270 98 26 GUY'S,
1423 278 45 14 the
1478 269 255 26 METROPOLITAN,
1745 270 107 22 KING'S

1317 297 151 28 COLLEGE,
1485 304 45 15 and
1546 297 146 21 CHARING
1707 297 92 21 CROSS

1473 323 178 22 HOSPITALS.

1268 356 52 22 This
1336 356 55 23 Fact
1407 364 45 15 was
1467 356 111 22 SWORN
1597 356 39 22 TO
1652 355 44 22 this
1714 354 38 23 Bth
1771 355 44 27 day
1830 355 26 22 of

1296 383 87 26 March,
1391 385 61 23 1842,
1461 383 77 22 before
1550 383 37 21 the
1597 382 68 27 Right
1674 382 132 22 Honorable
1815 382 38 21 the

1297 410 60 22 Lord
1367 410 88 26 Mayor,
1466 413 23 18 at
1498 409 37 21 the
1550 408 193 23 Mansion-house.

1357 455 3 4 •
1386 443 142 24 Summary
1550 441 31 21 of
1597 441 137 21 Affidavit.

1268 474 103 48 WM.
1386 473 135 27 BROOKE,
1538 474 137 26 Messenger,
1696 473 26 21 of
1732 474 20 25 2,
1767 473 87 21 Union-

1364 504 75 23 street,
1447 500 138 25 Southwark,
1592 499 99 25 Lbndon,
1702 499 92 22 maketh
1800 499 54 21 oath

1270 526 43 22 and
1324 527 65 26 saith,
1407 527 48 22 that
1468 527 29 21 he
1508 527 53 25 (this
1571 527 120 26 deponent)
1703 533 45 15 was
1757 525 97 23 afflicted

1271 553 49 22 with
1325 554 79 27 fifteen
1413 554 90 25 running
1512 554 69 20 ulcers
1594 560 28 14 on
1639 553 34 21 his
1687 552 42 22 left
1743 560 54 19 arm,
1809 552 45 22 and

1269 579 114 23 ulcerated
1397 588 60 14 sores
1472 580 45 22 and
1532 579 91 23 wounds
1642 586 29 15 on
1686 579 53 21 both
1753 579 54 26 legs,
1819 579 35 21 for

1270 606 72 22 which
1364 607 111 27 deponent
1487 614 53 15 'was
1564 606 108 22 admitted
1694 612 30 15 an
1748 608 106 19 out-door

1270 633 86 27 patient
1365 637 24 18 at
1397 634 38 21 the
1451 633 158 28 Metropolitan
1625 632 110 27 Hospital,
1745 633 24 21 in
1779 632 73 27 April,

1271 661 59 24 1841,
1342 660 72 21 which
1425 661 27 21 he
1461 660 119 22 continued
1587 660 34 21 for
1628 659 77 26 nearly
1715 659 49 21 four
1772 659 80 23 weeks.

1270 685 88 23 Unable
1375 690 22 18 to
1412 687 87 22 receive
1515 694 12 14 a
1543 694 50 14 cure
1607 686 69 27 there,
1689 685 38 21 the
1741 685 113 28 deponent

1269 713 80 26 sought
1358 714 67 21 relief
1431 718 23 17 at
1463 714 38 21 the
1512 713 62 22 three
1584 713 111 25 following
1704 712 106 27 hospitals
1818 720 5 14 :
1826 723 28 5 —

1271 739 79 28 King's
1361 741 89 27 College
1460 741 105 26 Hospital
1574 740 23 22 in
1605 739 61 27 May,
1676 739 35 21 for
1712 740 45 25 five
1767 739 72 21 weeks
1846 747 5 18 ;

1271 766 71 27 Guy's
1352 767 104 27 Hospital
1472 768 22 20 in
1506 767 62 27 July,
1579 767 34 21 for
1626 767 35 19 six
1675 766 85 27 weeks;
1776 766 44 21 and
1830 769 25 18 at

1270 792 97 29 Charing
1378 794 64 21 Cross
1457 793 103 28 Hospital
1576 796 22 19 at
1611 793 37 22 the
1659 792 44 22 end
1719 792 26 22 of
1756 793 96 26 August,

1268 819 35 21 for
1318 827 62 15 some
1397 821 73 21 weeks
1485 828 61 14 more
1553 828 6 19 ;
1582 819 72 23 which
1672 819 114 28 deponent
1804 819 48 26 left,

1269 845 68 28 being
1345 847 24 21 in
1378 854 14 14 a
1401 847 35 22 far
1443 854 69 15 worse
1518 847 112 22 condition
1636 847 53 21 than
1698 846 64 22 when
1772 846 27 21 he
1809 846 45 22 had

1269 873 87 26 quitted
1367 873 77 27 Guy's,
1456 874 73 21 where
1545 874 36 21 Sir
1595 873 100 26 Bransby
1706 873 91 27 Cooper,
1809 872 45 22 and

1269 899 64 21 other
1341 900 96 22 medical
1452 900 86 22 officers
1548 901 27 21 of
1585 900 36 22 the
1631 899 168 23 establishment
1809 899 44 22 had

1268 925 47 22 told
1325 926 113 27 deponent
1447 927 48 21 that
1505 927 36 21 the
1552 927 53 26 only
1614 927 85 21 chance
1711 926 26 22 of
1741 927 71 24 saving
1821 927 34 19 his

1268 952 39 25 life
1320 960 43 14 was
1378 955 21 19 to
1409 955 40 19 lose
1463 955 33 19 his
1505 960 46 14 arm
1557 956 10 18 I
1595 953 47 22 The
1650 965 3 4 ■
1659 953 112 27 deponent
1781 953 73 21 there-

1268 986 59 20 upon
1338 980 72 22 called
1419 988 60 20 upon
1489 981 40 21 Dr.
1541 979 88 32 Bright^
1638 980 61 21 chief
1705 979 115 28 physician
1831 981 27 21 of

1270 1006 78 27 Guy's,
1365 1007 56 26 who,
1434 1014 28 14 on
1480 1007 96 26 viewing
1592 1007 127 26 deponent's
1733 1007 120 26 condition,

1268 1032 80 28 kindly
1357 1033 45 21 and
1412 1033 101 27 liberally
1522 1034 56 26 said,
1672 1034 80 25 utterly
1761 1035 24 19 at
1794 1040 13 14 a
1814 1035 41 19 loss

1268 1061 57 19 what
1335 1062 21 18 to
1366 1061 26 19 do
1398 1061 42 24 for
1449 1067 40 19 you
1495 1062 10 19 t
1518 1061 38 21 but
1565 1062 48 19 here
1625 1061 17 20 is
1653 1061 186 26 half-a-sovereign
1847 1069 7 12 :

1267 1093 27 20 go
1303 1089 22 19 to
1334 1089 44 19 Mr.
1389 1089 116 25 Holloway,
1517 1089 43 19 and
1567 1090 35 23 try
1611 1089 55 19 what
1681 1089 62 24 effect
1756 1090 34 19 his
1798 1089 57 20 Pills

1268 1115 42 19 and
1322 1116 105 20 Ointment
1443 1116 44 20 will
1495 1116 57 26 have,
1564 1122 23 14 as
1595 1116 16 20 I
1617 1116 49 20 have
1669 1116 125 25 frequently
1806 1117 48 19 wit~

1268 1143 71 19 nessed
1348 1143 159 25 thewondtrful
1515 1144 71 25 effects
1599 1144 46 25 they
1654 1144 52 19 have
1715 1144 23 19 in
1747 1144 107 25 desperate

1270 1175 61 14 cases.
1362 1170 45 20 You
1417 1177 37 13 can
1466 1172 28 19 let
1503 1177 32 14 me
1544 1177 32 14 see
1585 1177 39 19 you
1748 1170 54 21 This
1812 1177 42 15 un-

1269 1196 129 27 prejudiced
1406 1197 78 22 advice
1492 1204 43 15 was
1543 1197 102 22 followed
1653 1198 29 26 by
1690 1197 38 22 the
1735 1196 118 29 deponent,

1269 1224 44 20 and
1324 1231 13 14 a
1346 1223 86 27 perfect
1447 1231 52 14 cure
1510 1224 92 22 effected
1616 1224 23 21 in
1655 1224 63 21 three
1728 1224 80 25 weeks,
1825 1224 29 26 by

1270 1249 36 21 the
1315 1257 40 14 use
1363 1250 65 21 alone
1438 1252 26 20 of
1471 1250 137 28 Holloway's
1614 1250 52 23 Pills
1677 1251 45 21 and
1729 1250 124 27 Ointment,

1270 1276 55 21 after
1335 1276 50 23 four
1402 1277 111 27 Hospitals
1529 1278 45 21 had
1590 1277 65 22 failed
1667 1278 5 21 !
1680 1278 5 21 !
1695 1278 5 21 !
1731 1278 73 21 When
1814 1278 40 21 Dr.

1270 1303 78 27 Bright
1360 1310 43 15 was
1418 1304 74 21 shown
1508 1304 30 27 by
1548 1304 38 21 the
1603 1304 117 28 deponent,
1733 1304 38 21 the
1785 1304 70 21 result

1270 1329 25 21 of
1302 1329 33 22 his
1346 1330 79 21 advice
1440 1330 44 22 and
1494 1330 92 28 charity,
1598 1331 28 22 he
1640 1331 55 26 said,
1806 1332 48 19 both

1269 1358 113 19 astounded
1397 1358 42 19 and
1452 1358 105 26 delighted
1562 1360 10 19 J
1580 1358 41 26 for
1630 1359 15 19 I
1656 1359 89 25 thought
1754 1360 48 19 that
1811 1358 23 25 if
1840 1359 17 20 I

1269 1390 45 13 ever
1324 1390 41 15 saw
1373 1391 43 19 you
1425 1387 66 25 again,
1499 1386 59 23 alive,
1568 1387 19 19 it
1595 1386 69 20 would
1672 1387 24 19 be
1705 1387 88 19 without
1800 1392 55 19 your

1268 1416 53 15 a*rm.
1340 1413 60 19 lean
1411 1414 47 24 only
1465 1419 94 19 compare
1566 1414 43 19 this
1615 1420 49 14 cure
1672 1415 22 18 to
1703 1419 14 14 a
1726 1414 71 19 charm

1296 1447 75 22 Sworn
1383 1449 23 19 at
1411 1447 37 21 the
1457 1447 194 22 Mansion-housed

1324 1473 26 22 of
1357 1473 37 21 the
1402 1473 44 28 city
1454 1474 26 21 of
1487 1474 102 26 London,
1597 1474 42 22 this
1647 1468 9 28 L
1664 1475 53 21 Wm.
1727 1475 127 22 BROOKE.

1324 1500 38 22 Bth
1372 1500 44 27 day
1426 1501 25 21 of
1458 1501 87 27 March,
1557 1502 59 20 1842.
1640 1495 12 37 J

1280 1551 4 7 ,
1323 1537 77 24 Before
1406 1544 39 20 me,
1502 1537 86 22 JOHN
1603 1538 92 27 PIRIE,
1713 1539 94 22 Mayor.

1269 1570 34 21 IN
1319 1570 62 22 ALL
1396 1570 103 23 Diseases
1510 1572 24 21 of
1546 1572 38 21 the
1600 1572 60 28 Skin,
1672 1572 49 22 Bad
1734 1573 63 27 Legs,
1811 1573 45 22 Old

1268 1597 109 27 Wounds,
1387 1598 44 21 and
1440 1598 83 30 Ulcers,
1533 1598 48 22 Bad
1588 1599 94 27 Breasts,
1692 1600 53 21 Sore
1753 1600 101 28 Nipples,

1269 1624 83 27 Stoney
1358 1624 46 21 and
1415 1624 119 23 Ulcerated
1541 1626 101 26 Cancers,
1652 1627 116 27 Tumours,
1777 1627 77 21 Swell-

1267 1651 57 27 ings,
1343 1651 68 26 Goiit,
1426 1651 162 27 Rheumatism,
1605 1653 42 21 and
1663 1654 122 27 Lumbago,
1797 1654 57 21 like-

1268 1678 51 21 wise
1328 1678 25 21 in
1364 1685 61 15 cases
1436 1678 25 22 of
1468 1679 57 21 Piles
1533 1687 5 5 •
1550 1679 37 21 the
1598 1678 60 28 Pills,
1665 1680 24 21 in
1701 1680 30 21 all
1739 1680 37 22 the
1783 1680 71 22 above

1269 1711 67 20 cases,
1348 1703 70 29 ought
1432 1708 22 19 to
1468 1706 28 21 be
1507 1706 56 21 used
1578 1706 51 21 with
1644 1706 37 22 the
1696 1707 123 26 Ointment,
1831 1715 24 14 as

1268 1731 28 27 by
1316 1732 43 21 this
1379 1739 77 14 means
1477 1739 63 16 cures
1559 1732 45 23 will
1622 1733 26 21 be
1664 1734 93 21 effected
1774 1734 52 21 with
1842 1741 13 15 a

1268 1758 66 22 much
1349 1762 88 23 greater
1452 1760 117 26 certainty,
1586 1760 44 21 and
1644 1760 24 21 in
1684 1760 51 21 half
1747 1761 38 21 the
1800 1762 54 21 time

1268 1784 47 21 that
1331 1786 19 21 it
1366 1786 73 21 would
1456 1786 87 27 require
1559 1787 29 27 by
1601 1786 64 27 using
1680 1787 38 22 the
1736 1788 118 21 Ointment

1268 1811 70 22 alone.
1368 1812 48 21 The
1427 1812 116 22 Ointment
1552 1814 19 21 is
1580 1814 82 26 proved
1673 1818 23 17 to
1706 1814 28 21 be
1744 1821 13 14 a
1768 1814 85 22 certain

1267 1838 92 28 remedy
1368 1839 36 21 for
1412 1839 37 22 the
1459 1840 46 21 bite
1515 1841 27 20 of
1548 1840 153 22 moschettoes.

1294 1871 78 28 Bums,
1395 1873 83 26 Scalds,
1497 1873 128 27 Chilblains,
1645 1874 107 27 Chapped
1772 1875 81 22 Hands

1268 1899 44 21 and
1323 1899 60 32 Lips,
1395 1899 47 23 also
1452 1899 99 23 Bunions
1567 1901 44 21 and
1626 1901 46 21 Soft
1684 1901 74 26 Corns,
1771 1902 45 21 will
1825 1903 28 21 be

1267 1926 152 27 immediately
1430 1927 67 21 cured
1508 1927 28 26 by
1546 1927 39 21 the
1593 1934 39 15 use
1643 1928 25 21 of
1679 1928 38 21 the
1729 1928 124 23 Ointment.

1294 1961 71 20 THE
1379 1962 98 20 PILLS
1489 1969 35 14 arc
1536 1965 40 18 not
1585 1962 51 26 only
1644 1962 36 21 the
1687 1962 66 22 finest
1760 1963 93 27 remedy

1267 1986 81 23 known
1357 1987 66 22 when
1433 1988 54 21 used
1498 1988 53 21 with
1564 1988 37 22 the
1618 1989 123 27 Ointment,
1752 1990 40 21 but
1802 1997 23 14 as
1841 1998 13 14 a

1263 2014 103 19 'General
1386 2014 114 21 Medicine
1518 2015 63 20 there
1597 2016 19 19 is
1634 2015 94 25 nothing
1746 2016 66 25 equal
1829 2021 22 15 to

1268 2038 67 21 them.
1365 2038 28 21 In
1405 2045 93 16 nervous
1506 2037 114 24 affections
1630 2040 52 26 they
1692 2040 42 21 will
1745 2040 27 21 be
1783 2041 71 22 found

1268 2065 25 20 oi'
1300 2064 36 22 the
1347 2068 96 23 greatest
1452 2066 91 21 service.
1572 2066 71 21 These
1659 2066 54 21 Pills
1728 2073 43 20 are,
1789 2067 65 21 with-

1268 2095 37 17 out
1315 2091 126 28 exception,
1452 2092 37 21 the
1506 2092 68 23 finest
1583 2092 91 22 Purifier
1689 2092 25 21 of
1727 2092 37 23 the
1780 2094 74 22 Blood

1268 2125 51 14 ever
1329 2118 137 27 discovered,
1477 2119 43 21 and
1539 2119 110 22 OUGHT
1662 2119 40 22 TO
1717 2120 39 21 BE
1771 2120 82 22 USED

1268 2145 40 21 BY
1323 2145 62 22 ALL
1400 2145 153 23 FEMALES.

1287 2178 80 22 Orders
1376 2179 102 23 received
1487 2184 23 17 at
1520 2179 37 23 the
1593 2181 108 21 Gazette
1739 2181 93 23 Office.
1844 2179 4 5 '

1517 2231 91 20 Seeds.

1268 2265 72 48 ON
1350 2265 87 27 SALE,
1447 2268 24 18 at
1480 2265 37 22 the
1527 2266 86 20 Gazette
1618 2266 77 27 Office,
1705 2266 22 21 in
1732 2266 122 28 quantities

1346 2295 21 18 to
1374 2291 45 22 suit
1429 2292 138 28 purchasers,
1578 2292 36 22 the
1624 2292 113 27 following
1746 2293 63 22 seeds
1818 2301 5 14 :
1825 2305 29 4 —

1294 2325 75 22 Sword
1379 2325 108 28 long-pod
1497 2326 65 27 bean,

1294 2357 120 28 Long-pod
1425 2359 63 26 bean,

1294 2391 110 28 Speckled
1414 2391 72 22 dwarf
1492 2391 86 29 kidney
1586 2392 65 28 bean,

1294 2418 73 22 Broad
1377 2418 67 28 bean,

1294 2445 75 22 Horse
1378 2445 66 27 bean,

1294 2472 85 22 Scarlet
1388 2479 91 19 runner,

1294 2499 67 28 Early
1370 2498 111 23 Warwick
1491 2506 48 21 pea,

1293 2526 69 27 Early
1372 2526 115 22 Mazarine
1498 2534 48 20 pea,

1270 2559 3 3 ■
1294 2552 106 22 Prussian
1410 2553 51 22 blue
1472 2560 46 20 pea,

1292 2579 111 22 Nonsuch
1412 2587 49 20 pea,

1293 2606 56 22 Blue
1359 2606 102 27 imperial
1470 2614 48 20 pea,

1292 2633 96 28 Spanish
1397 2633 72 22 dwarf
1475 2641 48 19 pea,

1293 2660 72 26 Large
1376 2660 97 27 cabbage
1484 2661 90 27 lettuce,

1292 2687 134 22 Drumhead
1436 2687 97 28 cabbage
1543 2689 89 27 lettuce,

1292 2714 105 26 Cabbage
1408 2714 88 27 lettuce,

1293 2740 80 22 White'
1379 2741 79 22 selesia
1466 2741 89 28 lettuce,

1294 2767 81 22 Brown
1383 2768 46 22 and
1438 2769 65 21 white
1512 2776 52 19 goss
1574 2769 87 28 lettuce,

1293 2794 116 22 Battersea
1421 2795 103 28 cabbage,

1294 2820 132 23 Drumhead
1434 2823 107 27 cabbage,

1292 2847 51 22 Red
1352 2847 78 23 Dutch
1440 2849 106 28 cabbage,

1293 2874 95 22 Puller's
1397 2876 61 27 early
1466 2877 106 28 cabbage,
1600 2883 2 11 '

1294 2900 72 24 Vanal
1378 2903 104 27 cabbage,

1293 2927 107 23 Prussian
1410 2929 65 23 white
1485 2931 84 28 turnip,

1293 2954 87 23 Yellow
1390 2956 76 22 Swede
1476 2959 82 26 turnip,

1293 2981 129 33 Purple^top
1433 2984 75 22 Swede
1518 2985 81 28 turnip,
1623 2994 5 3 •

1294 3008 75 22 White
1379 3013 63 19 stone
1452 3012 82 27 turnip,

1296 3035 73 23 White
1379 3036 57 23 horn
1444 3038 83 27 turnip,

1294 3063 71 21 Silver
1374 3063 80 23 leaved
1463 3065 59 26 beet,

1294 3089 51 21 Red
1353 3089 59 28 beet,

1294 3115 75 22 White
1379 3117 59 26 beet,

1294 3143 110 26 Mangold
1412 3144 99 27 wurtzel,

1294 3169 143 27 Altringham
1447 3175 78 22 carrot,

1294 3196 68 27 Early
1372 3197 57 21 horn
1438 3201 78 24 carrot,

1294 3223 66 27 Long
1368 3230 81 20 orange
1461 3228 77 25 carrot,

1293 3249 76 22 White
1379 3251 106 28 mustard,

1294 3277 83 21 Curled
1386 3284 64 21 cress,

1294 3303 66 28 Long
1368 3305 81 21 scarlet
1458 3305 81 28 radish,

1294 3330 75 22 White
1379 3331 74 28 turnip
1462 3331 81 28 radish,

1293 3357 51 22 Red
1352 3357 76 27 turnip
1437 3358 81 28 radish,
1621 3374 4 3 •
1727 3368 4 5 '
1758 3369 5 3 -

1294 3384 136 27 Strasburgh
1438 3385 75 27 onion,

1295 3411 81 21 Brown
1386 3411 98 28 Spanish
1493 3413 74 28 onion,

1295 3438 99 27 Parsnip,

1294 3465 84 21 Curled
1386 3465 96 27 parsley,

1296 3492 75 22 Green
1383 3491 76 22 curled
1472 3492 79 24 endive

1295 3519 110 21 Batavian
1415 3519 86 27 endive,

1296 3545 68 27 Leek,

1289 3573 142 27 Asparagus,

1296 3599 44 22 Sea
1348 3599 54 26 kail,

1297 3626 73 22 Globe
1381 3632 86 21 savoys,
1484 3629 3 6 '

1298 3653 81 22 Curled
1389 3653 91 28 brocoli,

1296 3677 51 25 Red
1355 3679 58 22 solid
1423 3680 74 28 celery
1506 3682 46 22 and
1562 3681 64 24 white
1638 3684 81 28 celery,

1298 3707 104 21 Summer
1411 3714 86 21 savory,

1297 3733 89 23 Winter
1395 3740 84 22 savory,

1296 3787 96 27 Thyme,

1289 3827 2 4 •
1298 3813 104 23 Brussels
1410 3817 92 26 sprouts,

1264 3863 4 3 ,
1274 3865 4 8 (
1298 3841 95 27 Borage,
1579 3841 5 16 J
1608 3866 3 8 ,
1768 3865 4 3 -

1262 3862 2 22 I
1274 3865 4 8 '
1297 3867 120 28 Angelica,

1266 3908 4 2 •
1291 3894 100 29 'Salsafy,

1298 3921 80 28 Sorell,

1299 3948 124 29 Lavender,
