3490 4580
55 216 16 17 a
83 209 75 24 dozen
172 207 105 32 Bridges
289 207 48 25 and
359 205 115 27 Culverts
494 205 101 31 belong-

55 252 45 32 ing
111 256 26 21 to
148 251 42 26 the
202 249 85 26 Board
298 249 105 33 roughly
426 248 131 27 estimated
568 249 27 24 to

57 298 52 24 cost
121 295 76 25 about
209 296 69 24 £480
290 297 26 22 to
328 293 105 33 replace.

89 339 53 25 The
153 338 84 26 Board
248 338 47 24 has
318 337 99 32 applied
428 338 27 24 to
467 337 42 24 the
528 336 67 26 Gov-

57 386 113 21 ernment
183 383 27 23 to
222 381 72 25 allow
318 381 45 25 the
388 381 73 31 grant
479 380 26 25 of
527 381 69 24 £300

55 427 74 25 voted
141 426 38 26 for
189 425 73 26 Bush
285 425 85 25 Roads
389 425 28 24 m
436 424 43 25 the
501 423 95 26 Oxford

54 470 104 26 District
169 472 26 23 to
207 470 29 25 be
246 468 126 33 expended
383 468 28 25 m
421 467 174 32 constructing

53 515 42 24 the
107 513 104 33 Bridge
212 513 16 33 3
228 512 49 26 and
299 512 109 25 culverts
419 510 131 32 destroyed
562 510 33 32 by

53 560 44 24 the
114 560 49 23 late
181 558 65 27 Fire,
272 557 81 24 which
374 556 151 32 application
546 555 47 24 has

53 602 112 25 received
181 601 43 25 the
241 600 115 26 sanctioh
374 600 27 25 of
415 600 42 25 the
478 599 117 25 Minist:r

54 646 26 24 of
91 644 86 26 Lands
189 653 6 21 ;
213 643 49 25 and
274 644 42 24 the
325 642 75 26 Chief
410 642 124 32 Surveyor
547 642 47 26 has

55 688 124 33 approved
190 687 26 25 of
241 687 44 25 the
313 687 73 32 plans
398 686 137 24 submitted
565 687 26 25 to

54 733 54 24 him
128 740 28 17 so
174 732 55 25 that
241 739 56 17 now
321 732 42 23 the
375 730 84 25 Board
471 738 42 16 are
537 730 28 24 m
577 738 15 16 a

54 776 107 31 position
179 776 26 24 to
222 778 41 28 get
275 783 31 16 on
325 773 61 26 with
397 773 44 24 the
452 773 75 24 work.

231 819 68 32 Eyre
316 817 99 32 Bridge.

88 865 62 24 Last
162 863 100 31 August
273 863 27 24 m
311 861 153 32 compliance
476 860 61 25 with
549 860 44 24 the

56 908 57 24 wish
125 907 26 25 of
161 915 16 16 a
188 907 93 24 certain
293 905 106 25 number
408 904 27 25 of
440 904 153 31 Ratepayers

55 951 49 25 and
117 950 41 25 the
170 949 146 32 stipulation
335 948 26 25 of
371 948 43 25 the
427 947 73 24 Land
512 947 82 24 Board

51 995 114 32 agreeing
191 995 26 23 to
229 994 72 24 allow
327 991 54 25 half
391 991 42 25 the
445 992 53 24 cost
514 990 27 25 of
550 990 43 25 the

54 1037 66 33 Eyre
131 1038 91 30 Bridge
236 1037 43 32 (up
290 1037 26 24 to
328 1035 78 33 £600)
415 1034 75 31 being
502 1042 89 23 expen-

55 1082 46 25 ded
113 1082 43 23 out
168 1081 26 24 of
215 1079 72 25 Land
309 1077 75 25 Fund
408 1077 96 24 Thirds.
540 1077 54 24 The

54 1124 82 25 Board
147 1123 60 25 took
218 1132 13 15 a
243 1122 56 25 Poll
308 1121 27 24 of
342 1121 44 25 the
398 1121 154 31 Ratepajers
563 1119 28 24 m

55 1169 42 25 the
108 1168 112 27 District,
250 1168 25 22 to
288 1166 92 28 decide,
405 1164 21 24 if
448 1164 44 24 the
518 1164 73 24 Rate-

53 1219 85 25 payers
149 1209 83 26 would
244 1209 142 25 contributa
398 1207 43 25 the
453 1207 70 25 other
535 1208 18 22 A-
567 1205 28 25 of

54 1256 40 25 the
106 1256 52 23 cost
179 1253 48 24 and
250 1253 65 23 erect
338 1259 15 16 a
377 1250 89 25 Traffic
489 1249 101 32 Bridge.

54 1300 50 24 The
116 1296 115 33 proposal
241 1303 49 16 was
297 1295 49 24 lost
358 1294 82 31 owing
449 1295 25 22 to
485 1292 55 24 half
549 1292 43 24 the

53 1343 148 29 Ratepayers
213 1347 32 17 on
258 1338 43 24 the
313 1336 58 25 Itoll
382 1338 46 23 not
440 1335 104 31 turning
556 1343 33 23 up

52 1387 26 23 to
91 1387 62 22 vote.

161 1437 116 31 Cooper's
289 1433 76 27 Creek
377 1432 101 33 Bridge.

88 1501 50 25 The
149 1499 83 26 Board
245 1498 108 26 received
373 1505 15 17 a
399 1496 107 26 Petition
527 1495 64 25 from

54 1552 14 17 a
80 1545 105 24 number
203 1543 27 25 of
250 1542 133 24 Residents
407 1542 26 23 at
456 1538 135 26 Woodside

53 1588 87 30 asking
151 1587 56 24 that
219 1594 14 16 a
245 1585 90 24 Traffic
348 1583 91 32 Bridge
450 1583 32 24 be
494 1582 97 24 erected

52 1639 82 17 across
143 1631 105 30 Coopers
254 1628 80 25 Creek
342 1635 33 17 on
388 1627 41 24 the
441 1626 71 24 Main
519 1624 72 25 Bush

53 1676 70 24 Road
132 1683 5 20 ;
157 1674 39 25 On
207 1673 92 30 receipt
318 1672 26 24 of
355 1671 49 25 this
426 1670 109 25 Petition
548 1669 43 24 the

52 1719 84 24 Board
148 1717 100 25 decided
257 1718 27 23 to
308 1718 64 22 erect
393 1714 45 24 the
459 1713 94 32 Bridge
571 1712 22 24 if

53 1762 42 24 the
108 1761 170 25 Government
289 1758 83 25 would
383 1757 72 25 allow
464 1756 44 25 the
519 1756 72 24 £300

54 1805 81 24 Grant
149 1806 24 22 to
185 1804 30 23 be
228 1802 59 25 used
299 1801 38 24 for
349 1801 51 24 this
412 1807 116 23 purpose.

87 1847 40 24 An
140 1845 150 32 application
303 1852 48 17 was
364 1847 56 22 sent
432 1844 25 24 to
469 1842 45 25 the
527 1841 66 25 Gov-

54 1892 111 23 ernment
177 1890 39 23 for
228 1888 51 25 this
291 1894 91 24 money
394 1886 50 25 and
455 1885 44 25 the
509 1884 84 26 Board

55 1942 52 17 Aias
118 1934 41 25 led
170 1935 26 23 to
208 1933 93 25 believe
312 1931 56 26 that
379 1930 51 26 this
442 1928 151 34 application

54 1978 81 25 would
146 1978 27 23 be
186 1976 104 32 granted
297 1983 5 21 ;
321 1975 44 24 but
388 1974 62 25 after
469 1973 77 31 going
565 1973 26 24 to

54 2022 42 24 the
108 2020 97 26 trouble
216 2020 26 25 of
261 2018 132 33 preparing
412 2017 71 32 plans
496 2016 26 25 of
533 2015 60 35 ,this

54 2065 92 32 Bridge
164 2064 48 24 and
235 2063 151 30 forwarding
414 2062 71 24 them
504 2062 27 23 to
549 2060 44 24 the

55 2109 75 23 Chief
144 2108 122 30 Surveyor
277 2107 36 23 for
323 2107 40 23 his
375 2104 126 33 approval.

89 2151 55 25 The
163 2150 82 25 Board
267 2149 110 25 received
403 2156 14 15 a
440 2146 152 25 rotificafion

55 2196 64 24 from
142 2194 44 24 the
207 2193 111 25 Minister
330 2192 26 25 of
379 2191 84 26 Lands
486 2189 108 32 through

54 2238 41 24 Mr
107 2237 131 28 Meredith,
257 2236 56 24 that
325 2236 31 24 he
368 2234 75 25 could
468 2237 45 21 not
525 2233 66 24 allow

54 2281 43 24 the
120 2288 88 23 money
232 2283 25 21 to
278 2279 30 24 be
328 2277 127 32 expended
478 2276 38 25 for
540 2276 52 24 this
599 2286 2 11 ;

55 2331 115 23 purpose-

225 2366 85 25 Water
339 2365 86 24 Races.

88 2420 89 32 Owing
189 2421 25 24 to
226 2421 40 23 the
278 2419 45 32 dry
345 2418 99 25 Winter
463 2418 50 25 last
536 2425 58 25 year

57 2465 49 24 and
127 2465 43 23 the
193 2465 49 23 two
265 2464 49 23 last
337 2463 45 31 dry
405 2470 124 16 summers
551 2461 44 25 the

54 2509 66 31 Eyre
133 2508 85 23 Water
231 2507 96 31 Supply
339 2514 50 16 was
398 2507 50 23 less
461 2505 51 25 this
525 2513 69 17 sum-

55 2559 54 17 mar
121 2551 62 24 than
195 2551 20 24 it
228 2550 45 25 has
287 2558 55 17 ever
354 2549 62 25 been
428 2548 91 30 before,
544 2547 51 26 and

55 2595 81 30 owing
148 2596 26 22 to
186 2593 43 25 the
241 2593 150 25 continuous
398 2592 78 25 winds
488 2591 107 31 blowing

54 2638 104 24 rubbish
170 2638 53 24 into
235 2637 41 24 the
297 2637 85 28 Races,
402 2636 50 24 and
471 2636 43 24 the
534 2643 61 24 very

57 2681 70 24 short
140 2681 89 30 supply
246 2679 27 25 of
281 2684 85 24 water,
385 2679 42 25 the
438 2679 81 25 Races
530 2686 65 18 were

54 2723 75 32 being
152 2723 150 31 continually
326 2722 105 26 blocked
453 2723 105 31 causing
581 2730 14 17 a

55 2768 36 24 lot
103 2768 27 24 of
151 2775 143 24 annoyance
307 2766 51 25 and
377 2766 98 25 trouble
487 2767 26 24 to
536 2766 59 25 both

55 2810 42 24 th.9
109 2810 84 24 Board
212 2810 49 24 and
280 2810 151 32 Ratepayers
453 2810 75 31 using
549 2809 45 24 the

57 2856 83 22 water.

90 2897 52 24 The
155 2897 100 24 balance
269 2897 70 24 sheet
350 2904 50 17 was
412 2897 57 24 read
492 2897 50 23 and
552 2904 42 24 ap-

62 2937 100 32 proved,

92 2976 40 23 Mr
154 2976 104 31 Ingram
280 2975 54 25 said
349 2975 22 25 it
391 2983 51 17 was
465 2975 44 25 the
529 2977 67 24 most

57 3016 157 32 satisfactory
233 3016 111 25 Balance
361 3015 45 26 the
435 3015 82 26 Board
546 3016 49 25 had

57 3055 129 31 presented
205 3056 26 23 to
248 3055 42 24 the
309 3056 140 30 ratepayers
467 3055 40 24 for
527 3063 69 17 some

58 3102 70 24 years
146 3094 50 25 and
213 3094 43 25 the
274 3095 110 24 member
401 3095 116 25 deserved
526 3097 70 30 great

59 3133 78 24 credit
148 3132 39 25 for
203 3134 43 24 the
262 3140 55 24 way
334 3132 61 33 they
410 3133 52 25 had
473 3134 122 31 managed

58 3171 39 23 the
116 3171 104 24 Board's
238 3171 113 24 business
368 3172 91 30 during
478 3172 44 24 the
540 3174 55 29 past

55 3208 119 31 year.'He
190 3208 142 33 hopedthey
352 3208 51 26 will
415 3217 40 17 see
467 3209 65 25 theie
542 3218 53 24 way

69 3254 59 17 nex*.
141 3255 57 23 year
210 3248 26 24 to
248 3247 75 25 strike
336 3255 14 17 a
359 3247 55 25 half
441 3256 84 24 penny
544 3251 51 23 rate

59 3285 24 24 m
97 3285 69 32 place
189 3285 27 25 of
237 3285 43 26 the
302 3286 191 33 three-farthing
504 3289 53 24 rate
569 3289 26 24 at

57 3330 98 25 present
168 3324 27 23 m
207 3324 64 24 force
283 3325 50 23 and
342 3325 32 24 he
386 3325 90 24 moved
488 3335 13 14 a
509 3326 86 32 hearty

60 3365 56 22 vote
128 3362 26 25 of
176 3363 90 24 thanks
278 3365 26 22 to
330 3363 44 24 the
395 3364 105 31 retiring
512 3365 83 24 Board

55 3401 79 24 which
210 3401 120 25 seconded
341 3401 33 32 by
386 3401 40 25 Mr
443 3401 89 26 Parish
544 3403 50 25 and

55 3439 94 25 carried
163 3440 185 32 unanimously.

90 3478 53 24 The
156 3478 133 24 Chairman
301 3479 41 24 Mr
354 3479 100 25 Bassett
466 3488 33 16 on
511 3480 83 25 behalf

59 3518 27 24 of
104 3518 102 24 himself
215 3518 50 24 and
437 3520 155 24 acknowled-

57 3556 46 31 ge!
119 3556 43 24 the
175 3557 54 24 vcte
241 3556 27 25 of
278 3556 91 26 thanks
381 3557 83 25 which
484 3557 109 33 brought

55 3596 42 24 the
107 3600 109 28 meeting
224 3596 49 33 to[a
284 3597 73 25 close.

701 185 409 33 CORRESPONDENCE.

652 236 78 21 While
740 243 42 14 our
791 237 102 21 columns
905 244 38 15 are
950 244 59 21 open
1018 238 25 21 to
1052 238 33 21 all
1093 243 34 16 we
1136 237 30 21 do

624 264 42 21 not
675 263 101 28 identify
785 264 115 22 ourselves
908 265 58 22 with
975 266 104 26 opinions
1089 271 76 21 expre-

625 291 54 22 ssed
688 292 98 21 therein.

762 341 39 21 TO
816 341 63 21 THE
903 341 122 22 EDITOR.

726 393 71 24 THE
816 393 140 24 OXFOED
973 393 92 26 FIRE.

624 458 101 26 Madam

660 502 56 25 Can
727 511 48 23 you
786 503 36 24 let
834 511 29 16 us
875 503 74 26 know
960 505 72 24 when
1052 504 44 24 the
1108 504 57 24 Saw

624 545 69 25 Mills
705 546 27 25 m
757 546 95 25 Oxford
872 554 41 17 are
932 548 26 23 to
978 546 31 26 be
1030 548 36 23 set
1089 546 76 32 going

624 590 83 32 again.
751 590 14 23 I
777 590 74 24 think
863 590 43 24 the
918 599 56 16 sum
986 590 28 26 of
1032 590 53 25 £75
1104 590 59 24 each

623 641 51 18 was
686 633 74 32 given
783 634 26 24 to
828 636 48 22 two
897 642 50 18 saw
967 633 93 25 millers
1080 634 27 24 to
1125 640 38 17 re-

622 677 94 25 instate
727 676 64 25 their
814 677 65 24 mills
903 684 26 17 so
948 684 26 17 as
987 678 26 23 to
1035 676 54 25 find
1111 684 51 17 em-

623 722 128 30 ployment
762 720 39 25 for
812 728 30 17 us
863 721 77 24 burnt
951 722 56 23 outs
1019 721 27 24 m
1059 720 102 28 Oxford,

623 763 97 25 instead
732 763 27 25 of
776 763 52 25 this
840 764 73 31 being
929 764 62 24 done
1003 771 47 17 one
1068 762 94 33 gentle-

622 814 60 18 man
693 806 46 26 has
751 814 59 25 very
829 806 87 33 wisely
936 806 92 27 shifted
1047 807 27 25 to
1092 805 70 27 View

622 851 56 24 Hill
689 850 83 25 where
794 850 70 25 there
887 851 22 24 is
929 859 14 15 a
963 850 56 25 mill
1042 850 47 25 site
1111 849 51 25 and

623 894 78 25 trams
720 901 42 18 are
773 893 74 32 ready
867 893 37 25 for
924 893 53 25 him
990 894 26 24 to
1028 894 71 28 start,
1117 893 43 24 the

623 938 42 24 the
676 937 72 25 other
759 945 34 24 up
813 940 26 22 to
852 936 43 26 the
914 939 102 29 present
1037 936 15 25 I
1069 936 91 25 believe

621 981 47 25 has
681 980 70 25 made
770 987 35 18 no
824 980 64 32 sign,
906 980 66 25 what
992 980 76 24 about
1088 980 72 24 those

622 1024 56 25 who
689 1023 64 25 have
764 1031 34 16 no
817 1023 66 24 work
902 1023 51 24 and
971 1031 34 16 no
1028 1024 61 25 £75.
1134 1022 26 25 It

621 1074 104 25 appears
743 1068 26 23 to
781 1074 40 17 me
833 1067 75 31 sheep
929 1074 41 17 are
987 1066 27 25 of
1031 1073 70 18 more
1111 1065 48 25 im-

621 1111 120 31 portance
751 1110 28 24 m
790 1110 45 24 the
846 1117 56 24 eyes
915 1110 26 24 of
955 1109 42 26 the
1010 1109 150 26 Committee

622 1154 61 25 than
702 1161 56 17 men
761 1168 30 3 —
792 1153 106 33 judging
921 1154 66 24 from
1009 1153 44 25 the
1076 1152 84 26 efforts

620 1199 44 28 put
676 1196 65 25 forth
761 1197 27 24 to
806 1196 71 25 fence
895 1197 51 24 and
963 1204 51 17 sow
1033 1196 44 25 the
1099 1196 61 25 land

620 1239 39 25 for
687 1239 43 25 the
754 1239 119 25 so-called
895 1248 51 17 saw
977 1239 101 26 millers.
1126 1239 34 25 Of

620 1290 87 18 course
725 1290 37 17 we
774 1282 35 25 all
827 1283 74 26 know
918 1284 56 24 that
995 1284 93 31 sleeper
1107 1285 51 24 cut-

620 1327 54 30 ting
685 1333 51 18 was
759 1326 156 25 condemned
933 1327 62 31 long
1012 1327 84 25 before
1115 1327 44 25 the

617 1369 56 30 fire,
692 1368 46 26 but
757 1369 21 25 it
798 1376 52 18 was
868 1369 85 25 rather
963 1370 150 31 ungracious
1132 1371 27 23 to

619 1413 70 24 allow
696 1420 44 17 our
748 1412 111 25 member
869 1412 41 25 Mr
919 1413 123 24 Meredith
1052 1413 106 24 M.H.R.

620 1458 25 24 to
657 1456 58 25 take
727 1456 43 25 the
782 1455 97 26 trouble
891 1457 26 24 to
929 1458 41 30 get
988 1463 33 18 an
1033 1456 70 25 order
1122 1456 38 25 for

620 1501 105 30 sleepers
743 1503 55 22 sent
817 1501 26 24 to
868 1500 93 25 Oxford
983 1500 50 24 and
1054 1500 62 25 then
1134 1503 25 22 to

619 1545 68 24 want
698 1544 56 31 25%
764 1551 70 17 more
845 1543 63 25 than
919 1543 23 25 is
960 1544 60 31 paid
1040 1545 27 24 at
1086 1543 74 25 other

620 1588 92 31 places,
730 1587 81 24 which
834 1587 91 31 clearly
944 1587 80 24 shows
1037 1587 67 24 what
1123 1595 37 16 we

619 1630 57 26 well
695 1630 72 25 knew
788 1630 83 25 before
890 1630 56 25 that
963 1630 72 25 there
1055 1638 51 17 was
1126 1638 34 18 no

619 1676 124 24 intention
771 1674 27 25 of
824 1674 107 32 starting
961 1674 42 25 the
1031 1674 70 25 mills
1131 1674 28 25 m

621 1717 95 26 Oxford
745 1718 81 31 again.
876 1717 33 25 In
932 1718 35 24 all
990 1717 104 26 fairness
1117 1717 43 25 the

622 1761 72 24 £150
706 1761 89 24 should
811 1760 31 25 be
853 1760 121 25 refunded
992 1761 50 24 and
1062 1761 98 24 divided

621 1805 116 30 amongst
755 1811 30 17 us
796 1804 57 25 who
873 1811 42 16 are
925 1804 45 24 not
988 1803 75 32 sheep
1083 1804 75 24 farm-

621 1855 46 17 ers.

722 1914 14 24 I
753 1921 41 17 am
812 1914 101 25 madam

821 1975 81 24 Yours
920 1975 66 32 truly

835 2034 68 25 OUT
921 2034 44 26 OF
983 2035 142 25 COLLAR.

655 2094 54 25 The
726 2095 82 24 Relief
821 2095 148 26 Committee
981 2097 113 24 consider
1105 2097 57 25 that

621 2137 70 25 View
703 2137 54 24 Hill
765 2138 49 24 and
827 2138 93 25 Oxford
939 2147 40 16 are
991 2147 171 24 synonymous

622 2184 75 22 terms
697 2196 33 3 —
730 2189 42 16 cd.

666 2330 51 25 MR
734 2331 216 26 MEREDITH'S
970 2332 146 25 SPEECH.

708 2383 141 25 Continued
866 2384 65 26 from
941 2385 50 25 last
1002 2384 95 33 week.^

660 2453 72 25 -'The
760 2454 134 25 Technical
918 2455 142 24 Education

623 2497 144 25 introduced
785 2497 32 32 by
834 2497 43 26 the
894 2498 112 25 Premier
1030 2498 133 25 contained

624 2549 68 17 some
726 2541 81 25 useful
840 2542 138 31 provisions
1007 2545 25 21 lo
1055 2543 107 25 advance

624 2585 124 25 technical
794 2585 132 25 education
954 2586 26 24 m
1008 2586 43 25 the
1079 2586 83 32 public

625 2628 96 25 schools
733 2628 26 25 of
770 2628 43 25 the
825 2629 95 32 colony,
939 2631 43 23 not
991 2630 55 25 that
1053 2629 43 26 the
1105 2630 56 25 sub-

621 2672 51 32 ject
689 2672 51 25 had
771 2672 63 25 been
863 2672 139 32 altogether
1026 2673 135 32 neglected,

625 2715 37 25 for
684 2723 36 17 we
749 2714 65 26 have
833 2715 43 25 the
904 2716 106 24 Lincoln
1029 2716 85 25 school
1138 2717 27 25 of

627 2758 166 32 Agriculture,
814 2758 104 26 Schools
936 2759 25 25 of
978 2759 82 25 Mines
1072 2768 33 16 on
1119 2759 43 26 the

626 2801 142 30 Goklfields,
787 2801 51 24 and
849 2801 44 25 the
910 2801 92 26 School
1022 2802 26 24 of
1065 2803 97 31 Engin-

625 2845 83 32 eering
719 2845 135 26 connected
865 2845 62 26 with
943 2846 44 25 the
1008 2846 155 32 Canterbury

625 2888 102 32 College
738 2897 5 21 ;
762 2888 46 25 but
825 2897 27 16 as
870 2897 16 16 a
902 2888 95 31 colony,
1014 2889 21 24 if
1060 2897 36 17 we
1122 2897 41 17 are

626 2934 26 24 to
664 2933 81 32 aspire
756 2932 38 26 for
806 2941 15 17 a
832 2932 69 32 place
912 2932 28 25 m
952 2933 42 25 the
1004 2934 110 31 struggle
1125 2933 38 25 for

628 2976 156 26 commercial
795 2977 51 24 and
868 2977 133 24 industrial
1026 2984 127 24 supremac

624 3029 38 17 we
675 3023 66 22 must
763 3020 61 32 keep
845 3020 98 25 abreast
971 3020 28 25 of
1016 3020 42 25 the
1080 3020 81 26 times.

627 3065 51 25 For
689 3071 71 22 years
778 3064 160 31 prominence
955 3064 44 24 has
1016 3064 64 24 been
1089 3064 74 31 given

626 3110 25 23 to
669 3108 50 24 this
736 3108 116 31 question
869 3108 26 24 m
913 3107 44 25 the
973 3107 84 32 public
1067 3108 96 25 schools

624 3152 26 23 m
670 3152 106 29 France,
795 3151 135 31 Germany,
958 3152 50 23 and
1034 3151 128 31 England,

625 3203 26 16 as
669 3201 129 25 necessary
832 3196 26 23 to
887 3194 41 25 the
956 3194 132 25 industrial
1114 3194 50 25 and

625 3238 155 25 commercial
791 3238 42 24 life
857 3239 27 23 of
901 3238 42 24 the
959 3238 96 29 nation,
1075 3238 26 24 m
1119 3238 44 24 the

624 3281 103 32 opinion
743 3281 28 25 of
786 3290 13 16 a
817 3281 70 32 large
913 3281 107 25 number
1038 3281 27 25 of
1093 3288 70 18 mem

625 3326 55 24 bers
707 3325 27 25 of
757 3325 43 24 the
827 3326 87 23 House
940 3325 224 31 notwithstanding

623 3370 70 24 what
719 3369 43 24 the
788 3369 112 24 Premier
921 3369 46 24 has
985 3369 82 24 stated
1076 3370 27 23 to
1121 3369 43 25 the

623 3414 125 30 contrary,
767 3412 68 26 there
853 3420 51 18 was
930 3412 116 25 included
1070 3412 27 24 m
1122 3412 42 25 the

622 3457 138 32 provisions
779 3456 27 25 of
830 3456 52 25 this
908 3455 52 26 Bill
987 3457 65 24 state
1069 3455 42 25 aid
1137 3457 27 24 to

623 3497 223 25 Denominational
855 3497 96 24 schools
965 3499 27 22 to
1004 3497 71 24 teach
1094 3497 69 24 tech-

623 3537 68 28 nical
699 3536 116 32 subjects,
828 3537 51 24 and
892 3537 21 24 it
922 3544 51 17 was
982 3544 62 17 even
1053 3538 110 24 current-

621 3579 25 32 ly
654 3575 115 33 reported
776 3575 28 24 m
812 3575 44 25 the
865 3575 87 25 House
961 3575 57 25 that
1025 3575 20 24 if
1061 3575 43 24 the
1113 3575 52 30 Bill

620 3617 90 33 passed
743 3616 28 24 m
797 3615 43 25 the
857 3616 65 25 form
934 3616 27 24 m
976 3615 79 25 which
1071 3615 21 25 it
1116 3623 48 17 was

619 3657 147 26 introduced
775 3657 57 24 that
841 3657 30 25 St
880 3655 123 26 Patrick's
1011 3655 94 32 college
1113 3664 51 17 was

620 3704 25 23 to
656 3701 95 25 receive
763 3700 44 25 the
820 3708 57 17 s\im
889 3700 28 25 of
940 3700 69 25 £500
1031 3699 69 31 right
1121 3699 40 30 off,

618 3746 40 24 for
668 3745 42 24 the
722 3744 109 25 erection
843 3744 27 24 of
880 3751 14 17 a
907 3742 101 26 manual
1028 3742 52 25 and
1093 3742 68 25 tech-

618 3787 68 26 nical
698 3787 90 30 school,
807 3787 21 25 if
839 3786 85 33 public
945 3794 89 24 money
1044 3786 22 24 is
1078 3787 27 23 to
1126 3785 31 25 be

617 3833 74 31 given
703 3833 26 24 to
741 3831 123 26 sectarian
882 3830 96 25 schools
990 3833 26 22 to
1029 3830 72 24 teach
1113 3838 46 16 one

617 3884 27 16 or
656 3878 47 23 two
722 3876 115 31 subjects,
874 3874 70 26 there
962 3873 21 25 is
1008 3881 34 17 no
1070 3873 90 31 logical

617 3927 89 17 reason
719 3919 54 31 why
783 3919 21 24 it
828 3918 91 25 should
939 3919 46 23 not
997 3916 31 26 be
1048 3917 73 32 given
1134 3918 25 24 to

616 3962 74 26 teach
712 3971 14 15 a
745 3962 78 25 dozen
847 3961 118 32 subjects,
997 3968 51 25 any
1070 3968 87 25 person

616 4005 101 31 reading
728 4005 45 24 the
783 4005 190 30 interpretation
983 4005 84 23 clause
1079 4004 27 24 of
1115 4004 43 24 tho

616 4048 53 26 Bill
682 4048 47 25 will
741 4049 27 23 at
780 4055 62 17 once
865 4055 41 16 see
918 4047 44 24 the
988 4047 110 31 grounds
1121 4047 38 24 for

614 4101 44 24 my
669 4091 154 25 contention.
842 4090 54 25 The
915 4090 84 25 clause
1009 4090 71 25 reads
1089 4090 66 28 thus,
1168 4101 2 15 :

615 4135 168 32 •'controlling
795 4134 127 32 authority
931 4141 88 17 means
1027 4142 50 24 any
1088 4133 68 25 Edu-

613 4179 84 25 cation
708 4179 85 24 Board
804 4178 27 25 of
839 4181 151 26 Governors,
999 4177 156 30 Committee,

613 4223 94 31 society
718 4230 27 16 or
756 4230 88 23 person
858 4221 165 32 establishing
1035 4221 52 24 and
1098 4228 57 17 con-
1168 4226 3 19 i

612 4266 103 31 ducting
736 4273 51 24 any
930 4266 27 24 If
967 4266 44 24 the
1022 4264 135 26 Premier's
1168 4270 2 7 '

612 4309 148 26 contention
771 4309 24 24 is
813 4311 94 23 correct
919 4309 57 25 that
999 4309 70 25 there
1081 4309 21 25 is
1115 4317 43 17 no-

613 4354 73 32 ting
696 4353 29 25 m
738 4353 42 26 the
796 4353 50 25 Bill
856 4353 134 32 favouring
1007 4352 150 27 denomina-
1169 4378 2 2 .

621 4398 78 25 tional
707 4395 104 31 schools,
828 4397 58 32 why
898 4397 42 25 did
952 4396 33 26 he
997 4397 164 32 emphatical.
1168 4395 3 14 '

612 4441 23 31 ly
647 4440 80 32 object
747 4442 29 26 .to
799 4449 43 24 my
859 4440 113 33 .proviso,
990 4449 29 17 as
1042 4437 104 35 follows,
1164 4439 7 34 j

760 4483 56 26 that
828 4509 3 6 ,
839 4483 111 33 nothing,
966 4491 17 20 c.
997 4484 103 25 ntainsd
1121 4484 27 25 m
1166 4480 3 28 I

1202 189 49 25 this
1263 189 139 32 paragraph
1425 189 64 25 shall
1510 190 31 24 be
1558 190 132 24 construed
1712 197 25 16 as

1201 232 118 32 applying
1331 233 26 24 to
1368 232 223 26 Denominational

1200 275 51 26 and
1271 276 27 25 to
1309 275 42 25 Mr
1363 275 197 33 Montgomery's
1583 275 107 33 proviso,
1713 277 24 24 to

1200 320 79 25 insert
1291 319 65 25 after
1367 319 44 25 the
1421 319 68 25 word
1696 319 41 26 the

1199 363 80 25 words
1368 369 50 25 any
1441 362 172 25 Government

1199 405 52 25 and
1263 407 26 24 to
1301 405 40 25 Mr
1353 405 123 26 Tanner's
1487 405 161 25 amendment
1660 405 27 25 of
1696 405 41 25 the

1199 456 69 19 same
1278 450 103 31 purport
1389 457 28 18 as
1426 449 44 25 the
1480 449 106 32 proviso,
1600 450 60 31 only
1668 456 69 18 more

1199 493 133 25 elaborate.
1376 493 14 24 I
1408 500 60 24 very
1493 493 74 24 much
1590 494 80 30 regret
1694 493 43 24 the

1198 536 112 26 Premier
1329 535 92 27 should
1442 535 64 27 have
1529 535 146 26 introduced
1693 535 43 26 the

1197 580 135 25 Technical
1354 580 141 24 Education
1515 580 52 24 Bill
1578 580 28 24 of
1623 580 50 24 last
1686 587 48 17 ses-

1197 623 55 25 sion
1263 623 155 31 eliminating
1428 631 73 23 every
1522 624 98 30 vestage
1642 623 27 25 of
1680 630 54 24 pro-

1195 667 81 25 vision
1288 670 25 22 to
1325 668 75 30 grant
1422 667 84 31 public
1529 674 91 24 money
1641 668 27 23 to
1694 667 40 24 aid

1196 710 124 25 sectarian
1332 710 108 25 schools.
1475 710 15 24 I
1513 710 66 25 shall
1597 710 30 24 be
1649 709 82 32 happy

1195 755 26 22 to
1235 754 103 29 support
1350 752 43 24 the
1406 752 111 24 Premier
1526 760 6 20 ;
1550 752 45 24 but
1613 752 22 24 if
1643 752 20 24 it
1675 759 57 17 con-

1194 795 67 26 tains
1272 795 44 25 the
1328 802 69 18 same
1419 795 139 31 provisions
1579 802 27 16 as
1618 794 44 25 the
1681 794 52 25 Bill

1194 839 27 25 of
1229 839 51 25 last
1288 839 104 29 session,
1410 838 21 25 it
1443 837 50 26 will
1503 837 64 26 have
1578 844 42 24 my
1633 839 100 23 earnest

1193 883 132 28 attention,
1361 882 50 25 and
1433 889 44 25 my
1502 881 231 32 uncompromising

1193 926 148 32 opposition.

1292 980 74 25 Land
1383 989 47 17 fob
1449 980 174 25 Settlement.

1226 1025 53 24 The
1290 1025 60 24 land
1360 1024 40 25 for
1409 1023 148 26 Settlement
1566 1024 81 31 policy
1654 1023 28 25 of
1687 1023 44 25 the

1193 1067 171 26 Government
1383 1067 116 25 initiated
1518 1067 28 24 m
1567 1068 75 27 1893,
1660 1067 70 24 when

1192 1111 44 25 the
1248 1110 104 26 Cheviot
1364 1110 88 25 Estate
1459 1117 49 18 was
1517 1109 147 33 purchased,
1673 1117 57 18 con-

1192 1154 81 25 tinues
1285 1155 26 24 to
1322 1154 54 32 give
1387 1156 71 29 great
1469 1153 163 36 satipfaction,
1646 1161 27 17 as
1681 1153 50 25 fast

1192 1205 28 17 as
1232 1199 93 24 estates
1335 1205 41 17 are
1391 1197 117 32 acquired
1520 1197 59 31 they
1592 1204 41 18 are
1642 1204 89 24 eager-

1190 1241 27 32 ly
1228 1241 77 24 taken
1316 1248 34 24 up
1361 1241 34 31 by
1414 1241 107 29 settlers,
1540 1239 62 26 with
1625 1240 42 24 the
1690 1247 41 17 ex-

1192 1284 99 32 ception
1303 1284 26 25 of
1338 1284 43 25 the
1405 1283 140 32 Ardgowan
1557 1291 14 16 a
1594 1283 76 24 small
1680 1283 50 24 Es-

1192 1329 51 25 tate
1256 1328 26 24 of
1291 1329 66 23 4341
1369 1335 68 17 acres
1447 1335 58 17 near
1514 1327 106 25 Oamaru
1628 1326 51 25 and
1687 1326 44 25 the

1192 1371 120 32 Wyburn,
1331 1371 90 29 27000,
1435 1378 66 17 acres
1513 1370 27 24 m
1552 1369 177 32 Hawkesßay,

1192 1415 34 24 all
1238 1415 44 24 the
1294 1415 93 24 estates
1393 1414 66 25 have
1470 1414 60 24 been
1539 1413 93 25 offered
1643 1414 26 23 to
1689 1413 42 24 the

1193 1458 170 25 Government
1381 1457 33 32 by
1430 1457 45 25 the
1500 1465 97 17 owners
1623 1465 28 16 or
1667 1456 65 25 their

1193 1503 96 30 agents.
1325 1500 41 33 Up
1385 1503 26 23 to
1432 1500 43 26 the
1487 1502 56 23 31st
1555 1500 89 25 March
1656 1500 74 30 1897,

1192 1547 32 23 45
1244 1546 91 24 estates
1335 1558 35 5 —
1370 1543 145 32 containing
1536 1543 97 25 138455
1654 1551 77 22 acres,

1192 1590 27 23 at
1230 1597 14 15 a
1256 1589 54 24 cost
1321 1588 26 24 of
1367 1587 101 24 £64125
1481 1586 48 25 had
1554 1586 64 25 been
1629 1586 104 31 acquir-

1193 1632 38 26 ed,
1250 1630 51 26 and
1312 1630 20 25 if
1342 1638 37 18 we
1390 1629 101 26 include
1504 1629 105 26 Cheviot
1621 1629 111 25 contain-

1192 1676 43 31 ing
1247 1676 82 24 84755
1353 1681 68 18 acres
1443 1674 65 24 hvae
1531 1674 62 24 been
1616 1673 117 31 aeqnired

1193 1719 37 24 for
1242 1718 150 25 settlement.
1439 1717 35 26 So
1497 1717 56 25 that
1577 1716 156 32 Canterbury

1192 1762 47 24 has
1251 1761 50 25 had
1312 1761 45 24 her
1368 1761 48 24 full
1428 1761 73 24 share
1513 1760 26 25 of
1559 1760 45 25 the
1615 1759 61 25 land
1696 1759 38 25 for

1193 1805 143 24 settlement
1348 1804 82 31 policy
1446 1803 27 25 of
1489 1803 45 25 the
1555 1803 178 28 Government,

1193 1855 28 17 as
1233 1848 44 24 the
1290 1846 115 26 Minister
1421 1846 27 25 of
1468 1846 87 25 Lands
1566 1846 81 25 found
1669 1846 62 25 him-

1192 1891 47 25 self
1249 1890 140 33 frequently
1407 1890 137 31 hampered
1562 1889 38 25 for
1620 1890 67 24 want
1710 1892 27 25 of

1193 1935 124 26 sufficient
1336 1941 70 18 sums
1428 1935 26 24 to
1483 1935 100 30 operate
1606 1941 33 18 on
1661 1933 74 26 when

1192 1979 69 31 large
1273 1978 104 25 Estates
1395 1986 42 17 are
1460 1977 100 26 offered,
1579 1985 34 17 an
1635 1978 99 24 amend-

1193 2024 71 23 ment
1275 2023 26 25 to
1310 2022 44 25 the
1364 2022 61 24 land
1436 2021 38 25 for
1483 2021 142 25 settlement
1635 2022 40 24 act
1684 2029 50 18 was

1193 2066 90 32 passed
1294 2065 50 26 last
1359 2066 93 25 session
1465 2066 87 31 giving
1564 2065 43 25 the
1620 2065 116 25 Minister

1193 2118 82 23 power
1287 2111 26 23 to
1325 2111 100 29 operate
1437 2111 26 23 to
1475 2109 43 24 the
1538 2111 85 24 extent
1635 2109 26 24 of
1680 2109 54 24 half

1195 2160 15 17 a
1221 2152 98 25 million
1331 2152 27 25 of
1368 2161 91 24 money
1470 2152 59 25 each
1547 2160 59 24 year
1616 2152 20 25 if
1647 2159 85 18 neces-

1195 2205 64 23 sary.
1296 2196 40 24 On
1347 2196 43 24 the
1409 2195 82 26 whole
1502 2196 44 24 the
1557 2196 58 24 land
1635 2196 38 24 for
1686 2198 48 22 set-

1319 2239 81 31 policy
1423 2239 22 24 is
1468 2239 147 31 succeeding
1637 2239 96 31 beyond

1194 2281 45 25 the
1251 2281 169 31 expectations
1432 2281 27 24 of
1468 2281 44 24 the
1524 2283 65 22 most
1613 2281 121 31 sanguine

1197 2325 131 24 advocates
1340 2325 26 24 of
1378 2325 102 30 settling
1491 2324 45 24 the
1548 2324 85 31 people
1646 2332 33 16 on
1691 2324 43 24 the

1194 2368 58 24 land
1265 2368 74 25 while
1351 2368 41 24 the
1416 2369 140 30 opponents
1568 2366 27 26 of
1613 2366 61 25 land
1696 2366 38 25 for

1196 2412 143 25 settlement
1367 2412 56 24 who
1451 2411 117 32 formerly
1597 2410 136 25 declaimed

1195 2456 97 32 against
1303 2455 29 29 it,
1352 2464 41 16 are
1421 2464 56 16 now
1489 2463 28 16 as
1540 2455 76 25 silent
1640 2462 27 17 as
1681 2454 52 25 *the

1195 2500 91 31 sphinx
1298 2499 27 25 of
1334 2499 101 25 ancient
1446 2499 93 31 Egypt.

1317 2547 103 25 Labour
1437 2547 167 25 Drparlmet.

1228 2597 52 24 The
1291 2597 88 25 iabour
1399 2596 100 25 Bureau
1512 2596 127 24 continues
1663 2598 26 22 to
1701 2596 32 25 do

1194 2641 64 32 good
1267 2641 90 25 service
1368 2641 27 24 m
1409 2640 119 31 assisting
1546 2640 72 25 those
1629 2648 104 23 persons

1194 2685 162 24 unfortunate
1367 2686 26 23 to
1414 2684 30 25 be
1456 2686 44 23 out
1512 2683 26 26 of
1558 2684 89 30 ymplo3
1646 2692 5 9 r
1653 2685 78 23 nient.

1194 2729 25 23 to
1230 2727 54 25 find
1294 2727 75 25 work.
1388 2727 97 31 During
1493 2728 42 24 the
1546 2735 59 24 year
1618 2728 64 25 1896
1684 2740 29 6 —
1718 2729 14 23 7

1194 2772 136 24 assistance
1352 2779 51 17 was
1424 2771 73 30 given
1520 2770 32 32 by
1564 2771 42 24 tke
1627 2771 105 31 Depart-

1195 2817 68 21 ment
1281 2815 27 23 to
1330 2813 54 25 find
1412 2814 175 32 employment,
1606 2813 38 25 for
1668 2815 65 24 1718

1195 2864 101 24 persons
1308 2857 95 31 having
1414 2858 68 23 4710
1494 2857 162 31 dependents.
1672 2857 61 24 This

1194 2900 105 25 number
1310 2900 21 25 is
1353 2899 49 26 less
1426 2900 63 25 than
1507 2900 57 25 that
1576 2900 27 25 of
1624 2902 65 24 1896
1701 2900 33 32 by

1198 2946 65 23 1153
1275 2944 50 24 and
1336 2944 23 24 is
1379 2944 58 31 only
1461 2943 74 25 about
1555 2951 47 17 one
1614 2944 56 23 half
1691 2944 43 24 the

1195 2987 106 25 number
1312 2987 56 25 who
1386 2987 98 32 applied
1503 2986 37 26 for
1552 2987 136 25 assistance
1708 2987 25 25 m

1195 3033 130 27 1893-4-5,
1343 3039 28 17 so
1390 3031 48 24 few
1456 3039 104 23 persons
1580 3033 44 23 out
1647 3032 27 24 of
1685 3040 37 16 em

1196 3076 126 30 ployment
1332 3074 23 25 is
1367 3082 15 17 a
1394 3083 57 16 sure
1475 3074 73 32 proof
1566 3075 25 24 of
1603 3074 43 26 the
1665 3082 68 24 pros-

1195 3118 81 33 perity
1287 3118 26 24 of
1325 3118 42 24 the
1386 3118 97 31 colony.
1531 3118 52 24 The
1606 3120 84 29 report
1710 3118 27 24 of

1195 3162 44 24 the
1249 3162 165 30 Department
1437 3161 95 32 having
1551 3162 44 24 the
1615 3162 118 24 adminis-

1196 3206 96 23 tration*
1299 3204 26 25 of
1338 3205 43 24 the
1392 3204 104 32 Factory
1522 3206 57 27 Act,
1599 3207 78 22 states
1690 3205 44 24 the

1195 3248 106 25 number
1311 3248 28 24 of
1347 3247 112 26 factories
1470 3248 25 24 m
1507 3248 45 25 the
1564 3248 87 31 colony
1663 3250 26 23 to
1705 3248 29 25 be

1197 3294 64 23 5177
1275 3291 143 32 employing
1430 3292 82 26 36918
1524 3300 111 23 persons,
1661 3292 73 32 being

1195 3344 34 16 an
1240 3335 110 25 iucrease
1372 3343 31 16 on
1426 3335 44 25 the
1493 3335 115 32 previous
1631 3344 59 24 year
1710 3335 27 25 of

1197 3381 48 23 550
1257 3379 114 25 factories
1383 3379 51 24 and
1446 3380 64 23 4531
1523 3379 90 25 hands.
1660 3380 75 24 Fioni

1196 3424 69 24 these
1277 3423 62 25 facts
1357 3423 21 25 it
1390 3424 68 24 must
1470 3422 31 26 be
1513 3423 99 25 evident
1624 3431 37 18 we
1672 3424 63 24 have

1195 3467 107 25 reached
1313 3474 16 17 a
1348 3466 85 32 period
1444 3468 27 23 of
1492 3467 138 32 prosperity
1653 3467 82 25 which

1197 3511 46 24 has
1254 3512 45 23 not
1317 3509 63 25 been
1392 3510 112 31 equalled
1515 3510 38 25 for
1565 3518 75 24 many
1653 3518 80 24 years.

1197 3555 32 24 In
1240 3554 44 25 the
1295 3553 100 31 Budget
1404 3554 26 24 of
1440 3553 50 25 last
1502 3554 93 25 session
1607 3554 124 25 consider-

1197 3598 54 25 able
1263 3605 73 24 space
1347 3596 22 25 is
1380 3596 104 26 devoted
1505 3599 26 23 to
1553 3597 42 25 the
1618 3598 115 31 question

1196 3642 27 25 of
1233 3642 43 24 the
1294 3640 170 31 development
1487 3641 27 24 of
1532 3649 44 17 our
1598 3641 134 25 industries

1195 3685 49 24 and
1256 3685 40 24 the
1308 3684 109 32 opening
1437 3692 33 24 up
1481 3684 36 33 [of
1534 3684 68 25 fresh
1623 3685 110 24 markets

1194 3729 38 23 for
1259 3736 45 16 our
1332 3728 190 24 manufactured
1550 3729 180 29 commedities,

1193 3770 103 33 thereby
1319 3770 97 32 finding
1435 3771 169 31 employment
1626 3772 40 24 for
1687 3779 45 17 our

1193 3814 94 33 people.
1338 3814 22 24 A
1372 3813 132 32 profitable
1529 3814 80 25 outlet
1627 3815 39 25 for
1693 3824 38 16 ac-

1193 3857 143 26 cumulated
1347 3857 93 32 capital
1457 3857 49 25 and
1517 3858 45 25 tke
1574 3858 112 32 working
1697 3867 34 23 up

1191 3903 28 25 of
1228 3910 44 17 our
1283 3901 103 26 natural
1409 3901 50 25 and
1477 3910 52 17 raw
1546 3902 119 32 products
1676 3903 55 24 into

1192 3947 43 25 the
1245 3945 189 26 manufactured
1454 3945 95 25 article.
1593 3946 84 31 Every
1689 3954 40 17 en-

1190 3991 181 24 couranement
1383 3989 91 24 should
1485 3990 29 23 be
1526 3990 74 31 given
1610 3991 27 23 to
1648 3991 81 23 enter-

1190 4033 74 31 prise,
1283 4032 47 25 and
1343 4040 46 17 our
1400 4032 131 25 chambers
1543 4031 28 26 of
1590 4040 139 17 commerce

1190 4075 155 33 encouraged
1357 4077 26 24 to
1393 4075 58 25 look
1463 4084 15 17 a
1489 4075 60 26 field
1560 4076 39 25 for
1611 4076 117 25 markets.

1384 4127 152 25 Irrigation.

1225 4177 31 25 In
1277 4176 51 26 this
1348 4176 87 30 colony
1454 4184 38 17 we
1503 4176 64 25 have
1588 4184 15 16 a
1614 4176 117 32 plentiful

1192 4221 88 31 supply
1301 4219 27 26 of
1337 4221 77 23 water
1425 4220 32 27 m.
1469 4228 46 17 our
1526 4220 87 30 rivers,
1631 4220 34 25 all
1687 4220 44 25 the

1192 4271 58 25 year
1261 4263 90 29 round,
1369 4262 45 25 few
1434 4263 78 26 rivers
1523 4263 76 33 going
1618 4264 47 32 dry
1677 4263 53 26 dur.

1192 4308 43 32 ing
1247 4308 43 24 the
1302 4314 109 18 summer
1422 4306 112 26 months.
1569 4307 96 33 During
1679 4316 52 17 sev-

1194 4351 51 26 eral
1252 4350 104 26 months
1368 4350 27 26 of
1405 4350 43 26 the
1459 4359 58 25 year
1527 4360 34 18 on
1573 4351 43 27 the
1631 4351 100 27 Canter-

1193 4395 63 33 bury
1267 4395 81 32 plains
1360 4394 70 29 stock
1447 4395 76 25 suffer
1534 4395 65 26 from
1611 4395 43 26 the
1665 4397 68 24 want

1194 4439 27 25 of
1230 4440 85 29 water,
1329 4439 52 24 also
1393 4438 90 32 during
1494 4439 45 32 dry
1552 4447 101 17 seasons
1661 4447 72 24 crops

1196 4482 77 26 suffer
1283 4481 50 25 and
1342 4482 41 24 the
1394 4482 66 32 yield
1469 4482 26 25 of
1501 4482 72 33 grain
1582 4482 22 26 is
1613 4484 45 24 not
1667 4482 67 26 what

1767 196 21 25 it
1800 196 79 32 might
1889 196 31 26 be
1931 197 63 26 with
2004 206 16 17 a
2036 198 119 32 plentiful
2171 201 91 31 supply
2281 200 24 25 of

1767 240 78 24 water
1861 239 133 34 irrigating
2011 241 42 25 the
2070 241 69 26 land.
2174 242 55 26 The
2241 243 64 25 Ash-

1767 282 98 30 burtoo,
1886 284 108 33 Selwyn,
2013 285 140 30 Geraldine,
2180 286 125 26 Waimate

1766 326 50 24 and
1827 328 58 30 part
1896 327 28 24 of
1938 327 42 25 tiie
1992 327 95 33 Ashley
2109 329 112 26 counties
2241 330 64 25 have

1766 376 64 24 gone
1841 369 27 25 In
1880 369 39 25 for
1935 378 16 16 a
1967 371 79 24 water
2062 372 97 31 supply,
2173 380 33 17 on
2221 373 82 26 which

1766 410 71 27 loans
1849 411 65 26 have
1926 412 63 26 been
2002 415 72 30 spent
2086 416 26 23 to
2123 415 43 25 the
2178 416 85 26 extent
2279 418 25 23 of

1765 455 77 25 about
1868 455 133 31 £130,000
2036 457 135 34 supplying
2204 467 59 17 over
2288 468 15 16 a

1765 498 95 24 million
1878 506 70 17 acres
1973 500 61 24 with
2060 502 83 29 water,
2178 501 85 32 giving
2288 510 15 17 a

1764 541 112 32 pplen^d
1887 543 87 24 return
2000 543 27 24 m
2039 545 44 24 the
2094 544 66 25 form
2173 545 28 24 of
2209 552 32 17 an
2265 545 36 25 in-

1764 585 101 25 creased
1898 587 106 24 number
2029 587 27 24 of
2082 587 37 24 fat
2144 587 82 26 lambs
2252 590 50 23 and

1764 628 74 33 sheep
1849 629 38 25 for
1898 632 96 30 export,
2013 630 50 25 and
2074 630 82 25 where
2172 632 129 32 irrigation

1762 674 45 24 has
1824 673 63 25 been
1905 674 96 24 carried
2028 675 46 24 out
2090 682 33 17 on
2140 675 161 32 agricultural

1762 716 75 25 lands
1854 716 86 32 giving
1974 725 32 16 an
2023 717 126 25 increased
2182 719 65 29 yield
2275 719 27 24 of

1757 759 82 31 .grain.
1874 760 81 24 There
1972 761 23 24 is
2012 762 76 23 water
2105 761 99 31 enough
2220 761 27 24 m
2259 762 42 24 the

1762 801 174 25 Waimakariri
1947 802 65 25 river
2023 804 26 23 to
2061 803 55 31 give
2128 811 31 17 an
2172 803 128 26 abundant

1760 847 75 24 water
1859 845 91 33 supply
1983 846 37 25 for
2047 846 44 26 the
2109 847 81 25 whole
2218 848 82 31 plains

1760 890 64 24 from
1833 890 42 25 the
1891 890 92 32 Ashley
1994 892 26 23 to
2032 891 43 24 the
2085 891 100 33 Selwyn
2197 892 103 32 waiting

1760 935 25 24 to
1797 933 31 26 be
1839 934 112 25 utilized.
1997 935 32 24 In
2041 935 50 25 this
2116 937 97 30 respect
2225 935 73 26 there

1760 985 41 17 are
1813 979 71 30 great
1900 978 162 31 possibilities
2074 978 82 26 before
2168 979 43 25 the
2223 987 75 17 coun-

1759 1022 48 29 try,
1818 1021 50 24 and
1875 1022 161 31 particularly
2045 1022 163 31 Canterbury.
2221 1023 78 25 What

1759 1063 22 25 is
1792 1064 101 25 wanted
1903 1064 23 25 is
1938 1072 15 17 a
1971 1065 170 25 Government
2164 1069 134 28 guarantee

1760 1107 26 24 to
1803 1107 88 25 enable
1907 1107 64 26 local
1988 1108 91 31 bodies,
2098 1110 26 24 to
2135 1109 64 25 raise
2211 1117 87 24 money

1759 1150 27 25 at
1804 1158 14 17 a
1835 1150 49 26 low
1900 1152 53 24 rate
1971 1151 27 25 of
2011 1152 106 25 interest
2133 1160 43 24 say
2194 1154 27 23 at
2239 1154 14 22 3
2271 1161 28 17 or

1760 1194 33 29 3£
1809 1201 48 24 p.c.
1876 1196 26 23 to
1919 1202 71 24 carry
2007 1196 43 24 out
2065 1203 31 17 an
2106 1196 130 25 extension
2247 1204 50 23 sys-

1759 1238 52 23 tem
1829 1237 27 24 of
1875 1240 77 22 water
1977 1239 96 30 supply.
2124 1239 99 32 During
2256 1239 42 25 the

1761 1282 31 23 16
1807 1288 72 24 years
1905 1281 56 25 that
1987 1281 99 25 Britain
2109 1283 47 24 has
2179 1283 51 25 had
2255 1283 43 25 the

1759 1324 98 25 control
1868 1324 28 25 of
1911 1324 85 25 affairs
2013 1325 28 24 m
2059 1325 84 32 Egypt
2159 1326 33 32 by
2202 1328 97 31 greatly

1759 1367 142 32 improvfng
1936 1368 50 24 and
2010 1368 135 32 extending
2168 1369 130 32 irrigation

1760 1411 63 24 from
1842 1411 44 25 the
1894 1411 65 30 Nile,
1979 1412 42 25 the
2032 1411 101 26 natural
2150 1413 148 31 production

1760 1455 45 25 has
1822 1455 152 32 quadrupled
1994 1455 74 29 itself,
2105 1458 30 23 16
2154 1465 72 22 years
2251 1465 47 23 ago

1760 1498 86 33 Egypt
1858 1507 50 17 was
1920 1500 27 24 to
1957 1499 34 25 all
2002 1500 94 25 intents
2113 1500 51 25 and
2179 1508 119 24 purposes

1760 1542 134 32 bankrupt,
1913 1543 62 25 with
1987 1550 14 17 a
2013 1543 83 25 deficit
2108 1543 28 25 of
2148 1551 58 17 oyer
2217 1552 14 16 a
2244 1543 55 25 mil-

1760 1585 53 25 lion
1825 1585 27 25 of
1861 1594 95 23 money,
1975 1595 57 16 now
2052 1586 91 25 thanks
2155 1588 26 23 to
2204 1587 97 24 British

1760 1628 55 25 rule
1838 1629 86 32 giving
1947 1630 107 31 security
2082 1630 50 25 and
2152 1638 148 25 encourage-

1762 1674 70 23 ment
1844 1674 26 23 to
1882 1673 42 24 the
1936 1673 147 25 cultivation
2094 1674 28 24 of
2131 1674 43 24 the
2183 1674 53 30 soil,
2258 1674 43 24 the

1763 1716 65 25 chief
1840 1716 167 33 employment
2025 1717 24 24 oE
2061 1717 42 25 the
2119 1717 95 32 people,
2235 1717 67 32 Egy-

1762 1760 29 30 pt
1802 1759 21 24 is
1835 1760 26 24 to
1879 1759 47 32 day
1943 1759 26 25 m
1987 1768 14 16 a
2027 1760 127 25 condition
2166 1760 27 25 of
2213 1768 89 24 unpre-

1763 1802 121 24 cedented
1894 1803 139 31 prosperity
2044 1803 63 24 with
2119 1811 14 16 a
2145 1804 100 30 surplus
2257 1804 27 25 of
2289 1813 14 15 a

1763 1844 99 26 million
1874 1846 26 24 to
1912 1845 87 26 credit.

1796 1889 56 25 The
1863 1890 131 31 Lyttelton
2013 1890 118 25 Harbour
2148 1891 84 25 Board
2251 1891 52 25 Bill

1762 1933 90 31 passed
1871 1933 49 26 last
1938 1934 102 29 session,
2070 1935 68 31 gives
2161 1935 43 25 the
2216 1935 87 25 Board

1762 1984 83 24 power
1856 1978 27 23 to
1894 1977 62 24 raise
1980 1979 26 23 to
2018 1978 43 24 the
2081 1980 85 23 extent
2189 1978 27 25 of
2238 1979 63 29 £60,

1763 2022 58 29 000,
1840 2022 26 24 to
1877 2021 122 32 purchase
2019 2030 15 16 a
2046 2021 129 34 Dredging
2192 2022 72 33 plant
2277 2024 26 24 to

1762 2065 110 31 improve
1897 2065 43 25 the
1964 2065 125 25 Harbour.
2135 2065 33 25 In
2185 2066 52 24 this
2260 2066 43 24 the

1763 2107 116 25 Harbour
1902 2108 84 25 Board
2014 2109 89 24 should
2126 2109 65 25 have
2213 2109 90 24 moved

1762 2159 71 24 years
1846 2159 47 24 ago
1905 2152 50 24 and
1967 2151 116 26 obtained
2092 2159 46 18 one
2148 2152 25 25 of
2184 2152 44 25 the
2235 2154 67 23 most

1762 2194 103 25 modern
1874 2194 49 24 and
1934 2194 128 31 improved
2074 2195 128 32 Dredging
2213 2196 88 25 Plants

1762 2239 26 22 to
1800 2237 54 30 give
1867 2245 13 17 a
1899 2238 124 24 sufficient
2046 2238 77 31 depth
2140 2240 27 22 of
2187 2239 77 24 water
2275 2241 26 23 to

1762 2276 42 24 the
1815 2277 92 30 largest
1919 2276 85 25 afloat.
2041 2277 83 25 Ocean
2136 2278 77 31 going
2235 2278 62 25 siea-

1762 2321 66 17 mers
1846 2314 102 31 visiting
1971 2322 46 16 our
2045 2316 77 29 ports,
2152 2316 26 23 at
2201 2316 100 29 present

1761 2351 67 31 large
1841 2352 119 24 steamers
1973 2352 63 24 after
2047 2352 103 32 passing
2169 2352 42 25 the
2223 2352 77 25 Glad-

1762 2392 70 23 stone
1843 2391 53 31 pier
1914 2399 59 24 may
1989 2391 31 24 be
2043 2391 100 25 noticed
2164 2392 137 32 ploughing

1762 2439 32 21 up
1806 2431 43 25 the
1861 2432 70 24 mud.
1966 2432 54 24 The
2030 2432 183 32 improvement
2222 2432 27 25 of
2256 2433 44 24 the

1762 2469 116 25 Harbour
1889 2471 21 23 is
1922 2478 16 16 a
1949 2470 115 32 question
2086 2471 57 24 that
2155 2471 84 24 effects
2260 2472 40 23 the

1761 2508 81 24 whole
1853 2509 26 23 of
1898 2508 153 32 Centerbury
2074 2517 28 16 as
2126 2510 129 30 Lyttelton
2277 2511 23 23 is

1761 2554 46 17 our
1818 2546 59 32 only
1900 2548 56 30 port
1967 2547 27 25 of
2013 2547 78 25 outlet
2102 2547 48 25 and
2163 2556 28 16 a3
2209 2556 37 17 we
2258 2556 42 17 are

1761 2586 126 32 decidedly
1900 2595 15 16 a
1927 2587 136 32 producing
2070 2587 87 32 people
2164 2596 37 16 we
2210 2588 90 25 should

1760 2627 28 24 m
1800 2627 112 25 addition
1925 2629 25 23 to
1962 2627 73 25 other
2041 2636 109 21 reasons,
2161 2636 139 24 encourage

1761 2667 117 32 shipping
1889 2668 143 31 companies
2047 2669 27 24 to
2086 2669 73 24 make
2171 2669 129 32 Lyttelton

1762 2708 43 24 the
1828 2707 62 24 final
1917 2709 56 29 port
1985 2708 26 24 cf
2025 2708 55 29 call,
2100 2708 103 32 thereby
2215 2709 85 31 giving

1761 2755 29 17 us
1808 2755 31 17 an
1857 2747 161 32 opportunity
2035 2749 26 23 to
2080 2748 93 25 victual
2185 2749 42 24 the
2246 2757 53 16 ves-

1761 2787 57 24 sels.
1854 2787 54 25 The
1927 2787 80 25 whole
2031 2787 84 25 theme
2145 2789 28 24 of
2197 2789 103 24 modern

1762 2826 117 33 shipping
1894 2826 23 25 is
1930 2829 25 22 to
1968 2827 102 32 enlarge
2084 2827 42 25 the
2138 2827 50 26 size
2212 2828 27 25 of
2248 2837 52 17 car-

1761 2865 74 31 rying
1847 2867 124 27 steamers,
1984 2865 79 25 hence
2075 2867 42 23 the
2129 2867 123 31 necessity
2263 2867 38 25 for

1762 2903 44 25 the
1818 2903 116 25 Harbour
1940 2904 90 24 JBoard
2041 2906 26 22 to
2089 2904 58 26 look
2159 2906 81 24 ahead
2252 2907 49 23 and

1762 2942 99 32 provide
1872 2942 128 25 increased
2011 2944 140 32 waterway.

1804 3083 102 30 HOW
1928 3083 85 30 THE
2035 3083 117 31 LAND
2176 3084 80 30 TAX

1816 3161 173 30 REALLY
2011 3163 233 31 OPERATES.

1797 3235 70 23 Most
1877 3236 88 29 people
1977 3243 42 17 are
2030 3236 119 31 probably
2161 3238 45 23 not
2223 3244 78 17 aware

1764 3272 56 25 that
1830 3272 26 24 m
1868 3274 65 24 1896
1945 3281 33 17 an
1990 3274 47 24 Act
2049 3281 50 17 was
2110 3275 92 31 passed
2224 3276 77 24 which

1763 3311 119 31 provided
1892 3311 39 25 for
1941 3319 16 17 a
1970 3312 123 25 valuation
2105 3313 76 31 being
2192 3314 71 24 made
2272 3314 29 31 by

1764 3357 15 17 a
1792 3349 169 25 Government
1983 3349 165 32 Department
2160 3351 27 25 of
2208 3352 34 24 all
2260 3352 41 25 the

1764 3389 90 25 landed
1877 3391 117 31 property
2016 3391 28 23 m
2067 3390 44 25 the
2135 3391 95 32 colony,
2262 3392 39 25 the

1764 3427 127 26 valuation
1903 3429 47 24 roll
1968 3429 60 25 thus
2050 3430 99 25 formed
2168 3432 27 23 to
2207 3430 30 25 be
2260 3431 41 25 the

1764 3468 67 25 basis
1844 3468 26 25 of
1880 3469 113 25 taxation
2006 3469 80 26 under
2105 3470 44 25 the
2161 3470 74 26 Land
2255 3472 46 24 and

1763 3507 98 24 income
1874 3509 76 26 taxes,
1969 3508 51 24 and
2031 3508 38 25 for
2092 3509 72 24 other
2183 3517 118 23 purposes

1763 3548 80 25 which
1854 3548 21 25 it
1886 3550 22 23 is
1919 3550 45 23 not
1974 3557 133 23 necessary
2123 3551 25 23 to
2161 3553 140 23 enumerate

1762 3589 67 23 here.
1865 3589 156 31 Complaints
2033 3589 64 28 have
2116 3589 63 26 been
2191 3591 74 25 made
2277 3592 24 24 m

1763 3627 10 23 t
1774 3625 14 16 v
1792 3626 22 24 is
1836 3627 135 31 particular
1999 3627 97 25 district
2124 3628 56 25 that
2200 3629 39 25 for
2261 3631 40 24 the

1762 3671 106 25 purpose
1879 3665 26 23 of
1923 3665 52 24 this
1999 3665 47 25 roll
2069 3666 44 25 the
2133 3672 117 20 amounts
2277 3670 24 23 at

1760 3702 84 25 which
1854 3704 138 31 properties
2013 3704 65 25 have
2100 3704 64 26 been
2185 3707 116 30 apprised

1760 3742 65 26 have
1853 3742 63 25 been
1939 3744 131 29 excessive,
2107 3744 50 24 and
2185 3747 116 30 property

1760 3788 96 18 owners
1868 3781 26 24 m
1907 3789 14 15 a
1934 3781 103 25 number
2049 3782 26 24 of
2087 3789 69 18 cases
2174 3790 89 24 appear
2275 3786 26 23 to

1760 3821 30 25 be
1802 3821 137 25 somewhat
1951 3822 112 24 alarmed
2075 3824 25 22 at
2124 3824 42 23 the
2178 3824 122 30 possibili-

1760 3862 47 24 ties
1819 3862 26 24 of
1856 3861 43 25 the
1919 3862 11 24 t
1945 3862 87 24 Xition
2043 3862 60 32 they
2126 3871 56 24 may
2193 3863 62 25 have
2275 3867 26 22 to

1760 3899 94 26 endure
1877 3899 80 26 under
1985 3900 51 25 this
2060 3907 55 19 new
2139 3905 160 23 assessment.

1760 3940 78 24 These
1849 3947 97 18 owners
1961 3940 38 25 for
2011 3940 42 25 the
2064 3943 67 23 most
2143 3944 56 29 part
2210 3951 90 24 appear

1761 3980 26 24 to
1799 3978 31 25 be
1841 3987 95 23 among
1958 3979 72 26 those
2042 3981 56 24 who
2121 3982 32 24 do
2164 3985 45 22 not
2232 3984 68 30 quite

1759 4017 152 24 understand
1922 4017 44 24 the
1977 4025 107 18 manner
2101 4019 28 24 m
2151 4020 83 25 which
2257 4021 43 25 the

1760 4056 115 25 ultimate
1887 4057 84 25 values
1990 4058 39 25 for
2049 4059 114 25 taxation
2183 4069 117 23 purposes

1760 4102 42 17 are
1814 4095 97 25 arrived
1934 4098 27 23 at
1973 4097 50 24 and
2042 4097 161 33 particularly
2226 4100 25 24 m
2262 4108 37 17 re-

1759 4133 79 26 lation
1851 4135 26 24 to
1889 4133 43 26 the
1952 4135 149 32 exceptions.
2147 4136 48 25 Let
2207 4145 29 18 us
2256 4146 42 17 en-

1760 4174 107 25 deavour
1879 4175 26 24 to
1914 4175 108 31 explain.

1792 4213 54 25 Tht
1868 4213 75 26 Land
1955 4215 54 24 Tax
2020 4215 21 24 is
2061 4215 79 25 levied
2161 4224 33 16 on
2206 4217 43 24 the
2261 4226 39 16 ac-

1760 4253 54 25 tual
1825 4254 74 24 valoe
1910 4254 26 24 of
1947 4254 42 24 tbe
2009 4254 69 29 land,
2098 4255 43 24 but
2164 4255 43 25 the
2228 4257 72 24 value

1760 4291 28 25 of
1814 4292 34 24 all
1876 4292 200 32 improvements,
2109 4293 23 25 is
2161 4295 138 31 exempted.

1763 4330 81 25 When
1857 4330 43 24 the
1919 4330 74 25 value
2004 4330 28 25 of
2051 4330 45 25 the
2106 4330 68 31 land,
2192 4332 50 26 lesp
2253 4332 47 26 im-

1760 4369 161 32 provements
1933 4368 51 25 and
2007 4370 151 32 mortgages,
2177 4370 58 26 does
2256 4374 44 22 not

1762 4409 89 25 exceed
1863 4408 86 26 £1500
1960 4408 28 26 m
1999 4409 80 30 value,
2098 4419 14 15 a
2131 4410 133 26 deduction
2276 4412 25 24 of

1762 4450 70 24 £500
1842 4449 23 24 is
1875 4449 83 30 made,
1976 4449 50 24 and
2048 4450 43 24 the
2113 4451 44 23 tax
2178 4451 23 24 is
2223 4451 78 25 levied

1762 4494 69 24 upon
1843 4486 44 26 the
1907 4486 70 26 value
1989 4494 28 18 as
2034 4495 27 18 so
2083 4486 116 27 reduced.
2251 4488 50 25 For

2333 200 115 26 instance
2474 202 21 25 if
2504 211 15 16 a
2541 204 126 31 property,
2684 203 51 25 less
2757 202 44 26 the
2823 202 46 25 im-

2333 241 159 29 provements
2503 241 50 24 and
2562 243 149 30 mortgages,
2724 249 49 18 was
2782 242 88 25 valued

2333 279 26 24 at
2383 279 97 31 £1000,
2504 281 112 26 taxation
2645 281 79 26 would
2752 282 59 32 only
2839 282 30 25 be

2332 317 108 32 charged
2451 326 33 17 on
2497 319 80 30 £500,
2596 327 33 18 on
2653 322 105 24 account
2780 321 28 25 of
2825 321 44 26 the

2332 358 67 23 £500
2413 359 149 29 exemption.

2364 404 32 26 In
2424 412 57 18 case
2503 405 44 25 the
2567 406 79 31 value,
2675 407 50 27 less
2747 408 120 31 improve-

2331 444 83 24 ments
2425 444 51 24 and
2487 445 149 32 mortgages,
2654 447 103 25 exceeds
2770 447 96 31 £1500,

2331 482 37 24 £1
2381 482 27 25 of
2417 484 41 24 the
2470 485 69 24 £500
2550 486 143 31 exemption
2703 487 23 25 is
2738 487 85 25 struck
2834 488 36 24 off

2329 521 39 26 for
2379 530 73 25 every
2463 524 35 24 £2
2510 524 110 25 increase
2631 525 27 25 m
2670 526 80 25 value.
2803 527 63 26 This

2329 567 86 18 means
2427 561 57 25 that
2496 562 71 25 when
2579 563 41 24 the
2631 564 71 24 value
2720 565 102 25 exceeds
2834 566 33 32 by

2330 598 90 25 £1000
2431 599 43 25 the
2496 600 89 25 £1500
2605 601 99 32 already
2724 604 143 24 mentioned

2329 635 43 25 the
2385 637 72 24 £500
2480 638 140 32 exemption
2642 647 92 18 ceases.
2780 642 35 25 As
2834 650 33 17 an

2328 674 159 31 illustration,
2506 675 58 25 take
2585 676 44 25 the
2640 684 56 17 case
2719 677 28 26 of
2767 686 15 17 a
2804 687 62 17 man

2328 713 57 25 who
2402 714 47 25 has
2472 715 59 24 land
2554 715 90 30 which,
2672 717 49 24 less
2745 719 120 31 improve-

2328 754 81 23 ments
2422 754 48 24 and
2483 756 147 30 mortgages,
2649 756 22 24 is
2680 757 79 24 worth
2771 759 94 24 £1400.

2328 789 41 25 He
2380 792 61 30 only
2452 799 61 24 pays
2533 794 112 24 taxation
2668 802 33 16 on
2714 795 78 30 £900,
2817 804 48 17 ow-

2327 829 45 33 ing
2383 831 27 24 to
2422 831 43 25 the
2475 832 73 25 £500
2559 834 150 31 exemption.
2734 834 53 27 But
2797 835 23 25 if
2827 836 39 26 his

2328 872 116 30 property
2463 871 24 24 is
2500 872 88 24 valued
2606 877 28 21 at
2655 874 84 25 £2000
2762 875 32 25 he
2804 883 62 24 pays

2327 908 113 26 taxation
2452 917 33 17 on
2503 910 94 31 £1750,
2616 911 82 32 owing
2716 913 26 24 to
2761 914 69 25 £260
2841 914 28 25 of

2327 947 44 24 the
2390 947 106 31 original
2518 949 70 24 £500
2610 950 141 31 exemption
2773 952 94 32 having

2326 983 62 26 been
2399 985 80 31 wiped
2498 987 44 24 out
2554 987 26 24 at
2604 987 43 24 the
2658 989 53 24 rate
2731 990 28 23 of
2768 991 33 23 £1
2827 990 38 25 for

2326 1032 71 23 every
2409 1026 35 23 £2
2455 1025 110 26 increase
2582 1027 26 24 m
2630 1027 70 26 value
2719 1028 76 26 abova
2822 1030 43 25 the

2327 1064 96 25 £1500.

2359 1110 80 26 There
2451 1119 40 18 are
2502 1114 49 24 two
2562 1114 113 31 provisos
2687 1116 25 24 to
2725 1115 42 25 the
2788 1116 77 25 above

2326 1149 140 26 conditions
2467 1165 33 4 —
2500 1152 107 31 namely,
2626 1152 83 26 where
2727 1154 44 25 the
2792 1155 73 25 value

2326 1189 28 25 of
2363 1189 43 25 the
2416 1190 61 25 land
2498 1191 50 25 and
2571 1192 44 25 the
2637 1196 103 22 amount
2761 1194 48 25 due
2832 1203 33 17 on

2326 1229 125 31 mortgage
2480 1230 27 24 to
2535 1230 171 32 joint-owners
2741 1232 58 25 does
2823 1234 43 23 not

2326 1268 90 25 exceed
2427 1269 43 24 the
2482 1270 145 32 exemption
2646 1271 76 29 limit,
2741 1273 59 30 only
2820 1281 47 17 one

2326 1306 143 32 exemption
2481 1307 21 25 is
2514 1307 113 26 allowed.
2664 1309 67 26 That
2742 1310 22 25 i?
2776 1312 26 23 to
2814 1319 51 23 say,

2326 1345 70 25 there
2414 1346 22 25 is
2458 1349 45 22 not
2528 1356 32 15 an
2581 1349 143 31 exemption
2746 1350 38 25 for
2807 1351 59 24 each

2326 1393 95 18 owners
2434 1386 80 25 share.

2361 1431 80 25 There
2449 1432 23 25 is
2481 1432 53 26 also
2543 1434 125 31 provision
2677 1434 39 26 for
2725 1433 140 35 exemption

2326 1469 83 26 where
2438 1470 44 25 the
2510 1479 80 18 owner
2629 1472 25 25 is'
2678 1474 130 31 incapable
2832 1476 34 31 hy

2328 1516 52 23 ago,
2399 1507 135 31 ill-health,
2564 1518 28 17 or
2615 1511 72 25 other
2706 1519 81 21 cause,
2811 1521 55 23 pro-

2328 1546 73 24 vided
2412 1546 56 25 that
2488 1547 40 24 his
2539 1547 95 25 income
2653 1549 58 26 does
2722 1552 44 23 not
2778 1551 89 24 exceed

2328 1594 15 16 a
2355 1586 94 25 certain
2467 1595 64 16 sum.
2533 1601 29 5 —
2562 1589 71 24 -Post.
2869 1601 4 2 •

2509 1717 183 28 ACCIDENT.

2366 1824 52 25 Mrs
2432 1824 162 26 Sidebotham
2604 1825 44 26 the
2659 1826 100 26 mother
2778 1828 26 24 of
2815 1827 54 25 Mrs

2333 1862 92 25 Arthur
2437 1863 102 31 Wright
2550 1863 28 25 of
2594 1863 69 26 View
2675 1864 54 25 Hill
2748 1867 51 23 met
2811 1866 58 25 with

2331 1903 84 25 rather
2427 1912 15 16 a
2465 1912 82 17 severe
2570 1904 112 26 accident
2705 1913 33 17 on
2761 1905 108 33 Monday

2332 1942 60 32 May
2404 1942 58 29 2nd,
2472 1943 71 25 while
2555 1944 110 31 engaged
2677 1944 27 24 m
2714 1952 68 17 some
2792 1945 77 31 slight

2331 1980 81 25 duties
2429 1980 45 25 she
2486 1981 50 24 had
2559 1981 43 25 the
2614 1981 148 26 misfortune
2781 1984 28 23 to
2820 1990 49 17 run

2332 2028 15 17 a
2358 2019 63 26 hook
2432 2020 54 26 into
2508 2021 47 25 her
2577 2029 53 17 arm
2649 2021 50 25 and
2720 2021 112 26 inflicted
2854 2030 15 17 a

2331 2058 170 26 considerable
2519 2059 91 25 wound
2630 2059 50 25 and
2698 2068 27 17 as
2745 2060 37 25 Dr
2801 2061 68 25 Cook

2330 2098 47 26 has
2388 2099 171 31 relinquished
2570 2100 39 24 his
2621 2100 58 25 visit
2689 2101 27 24 to
2727 2100 70 26 View
2813 2101 56 24 Hill

2330 2144 34 17 no
2384 2136 106 25 medical
2509 2137 147 25 attendance
2679 2143 50 19 Was
2752 2138 118 25 obtained

2330 2175 39 25 till
2382 2174 42 26 the
2438 2174 154 32 Wednesday
2611 2176 72 24 wheu
2694 2176 54 25 Mrs
2768 2176 101 32 Wright

2331 2215 75 24 drove
2416 2216 27 23 to
2461 2215 46 24 her
2519 2215 100 25 mother
2630 2217 27 23 to
2675 2216 93 24 Oxford
2787 2217 83 25 where

2331 2252 37 24 Dr
2380 2252 68 25 Cock
2477 2253 132 24 examined
2630 2253 51 24 and
2702 2253 100 25 dressed
2823 2254 43 25 the

2331 2290 103 23 wounds
2446 2289 51 24 and
2520 2290 46 24 she
2588 2290 117 25 returned
2727 2291 79 30 home,
2835 2300 34 17 on

2329 2329 134 30 enquiring
2474 2336 33 17 on
2521 2329 132 32 Thursday
2662 2338 46 16 our
2719 2329 149 33 Correspon-

2329 2366 59 24 dent
2408 2374 50 17 was
2470 2366 127 26 informed
2619 2367 55 25 that
2691 2367 44 26 the
2747 2376 55 18 arm
2815 2377 50 17 was

2331 2412 57 23 very
2399 2404 99 33 painful
2510 2404 52 25 and
2574 2405 74 25 much
2660 2406 111 29 swollen,
2782 2414 29 18 as
2823 2407 44 25 the

2329 2444 39 25 old
2376 2444 72 33 Lady
2458 2445 23 25 is
2494 2446 30 25 74
2535 2453 69 24 years
2615 2446 27 24 of
2653 2454 45 24 age
2708 2447 76 24 much
2800 2455 68 24 sym-

2328 2484 79 32 pathy
2417 2485 22 25 is
2452 2485 132 32 expressed
2592 2485 38 25 for
2649 2486 45 24 her
2705 2486 28 25 m
2740 2486 47 26 her
2797 2489 71 23 trou-

2329 2522 47 28 ble,
2395 2530 26 17 as
2435 2524 18 23 it
2465 2523 23 24 is
2507 2524 27 24 to
2554 2523 31 25 be
2609 2524 82 31 hoped
2702 2524 43 25 the
2769 2524 101 32 painful

2328 2563 140 30 symptoms
2481 2562 48 24 will
2542 2571 65 16 soon
2620 2562 81 25 abate.

2331 2681 191 60 LOCAL
2598 2682 272 69 GENERAL

2362 2800 117 27 Inquest.
2482 2815 32 4 —
2515 2801 40 23 An
2566 2801 105 31 Inquest
2691 2809 52 16 was
2766 2801 60 24 held
2844 2802 26 23 at

2331 2844 40 24 the
2383 2844 126 25 residence
2521 2844 26 25 of
2558 2844 41 24 Mr
2763 2844 62 25 Oust
2837 2853 33 16 on

2331 2886 113 33 Tuesday
2463 2887 59 32 May
2545 2887 54 25 3rd.
2618 2887 83 25 before
2725 2888 41 24 Mr
2786 2888 32 24 G.
2839 2888 30 24 A.

2331 2929 85 26 White
2437 2930 92 32 Acting
2550 2930 109 26 Coroner
2670 2931 49 25 and
2740 2940 15 16 a
2770 2931 58 33 jury
2843 2932 30 31 pf

2331 2975 38 23 six
2380 2974 28 25 of
2425 2975 85 24 wham
2531 2975 40 24 Mr
2590 2975 30 24 A.
2641 2975 33 24 D.
2695 2975 103 25 Hassall
2821 2983 49 18 was

2331 3018 92 24 chosen
2435 3018 138 30 Foreman/
2588 3026 34 17 on
2630 3018 42 24 the
2684 3018 72 33 Body
2768 3019 27 25 of
2804 3019 66 32 Myr-

2332 3061 34 25 tle
2378 3062 73 31 Mary
2463 3062 124 24 Challiner
2599 3062 54 24 who
2666 3065 51 21 met
2728 3062 45 24 her
2796 3063 76 24 death

2332 3104 36 32 by,
2375 3105 88 31 falling
2474 3105 54 24 into
2547 3112 16 17 a
2574 3105 62 24 bath
2648 3105 146 32 containing
2811 3107 59 23 boil-

2331 3149 45 31 ing
2387 3150 82 23 water.
2500 3149 128 24 Remedies
2641 3157 63 16 were
2714 3149 97 31 applied
2823 3149 49 24 and

2331 3191 38 24 Dr
2381 3190 140 25 Volckman
2533 3191 75 24 wired
2620 3191 39 24 for
2670 3191 46 24 but
2728 3191 43 25 the
2791 3192 79 31 injur-

2331 3234 37 25 ies
2380 3243 63 16 were
2467 3236 42 23 too
2531 3243 82 16 severe
2637 3235 39 25 for
2700 3235 42 25 the
2759 3235 69 25 child
2846 3237 25 23 to

2332 3285 100 18 recover
2443 3277 50 25 and
2505 3277 46 26 she
2563 3278 56 24 died
2630 3285 33 18 on
2675 3278 44 25 the
2730 3279 59 24 2nd.
2824 3279 46 24 Dh

2332 3322 147 28 Volckman,
2498 3322 44 25 the
2561 3322 94 25 Father
2667 3322 50 25 and
2736 3323 100 25 mother
2847 3323 27 25 of

2331 3365 132 26 ttie.ob.ild>
2476 3366 49 24 arid
2546 3365 131 25 Constable
2697 3366 87 32 Leahy
2810 3375 62 24 gave

2332 3409 114 25 evidence
2458 3409 49 25 and
2520 3409 43 25 the
2583 3409 60 32 jury
2654 3410 117 25 returned
2782 3418 16 17 a
2817 3418 53 18 ver-

2331 3453 51 24 dict
2393 3453 27 24 of
2429 3453 139 25 accidental
2579 3453 75 25 death
2667 3454 122 33 resulting
2806 3455 65 25 from

2331 3497 74 31 being
2416 3497 100 25 scalded
2528 3498 26 23 m
2566 3505 15 17 a
2594 3498 66 25 bath.

2364 3561 45 24 Mr
2425 3561 30 24 F.
2474 3561 31 24 B.
2525 3561 80 24 Lane.
2608 3576 33 4 —
2642 3562 178 25 Watchmaker
2846 3563 25 23 of

2331 3604 134 32 Rangiora,
2483 3604 101 26 notifies
2620 3613 29 17 us
2679 3605 56 25 that
2769 3605 32 26 he
2818 3606 51 25 will

2331 3649 57 24 visit
2401 3648 94 26 Oxford
2514 3657 33 17 on
2560 3649 138 32 Thursday,
2718 3650 93 32 Friday
2821 3651 49 24 and

2331 3690 132 31 Saturday,
2481 3692 4 3 '
2497 3690 60 31 May
2576 3690 39 29 12,
2645 3684 31 30 i
2691 3684 16 30 3
2707 3691 49 23 and
2780 3692 32 23 14
2830 3691 40 25 Mi-

2329 3732 71 24 Lane
2413 3733 50 25 will
2476 3741 71 23 carry
2566 3741 15 16 a
2592 3742 60 23 very
2672 3735 118 30 complete
2802 3735 68 24 stock

2329 3775 27 25 of
2360 3776 108 25 watches
2480 3776 51 25 and
2540 3777 132 31 jewellery,
2686 3777 27 25 of
2721 3778 149 31 guaranteed

2329 3815 104 31 quality,
2455 3825 4 13 :
2468 3815 132 32 including
2634 3817 95 24 several
2763 3818 64 25 lines
2844 3818 27 23 of

2329 3858 107 25 watches
2461 3859 51 32 just
2546 3864 25 20 to
2589 3878 3 3 .
2608 3859 78 29 hand,
2719 3860 151 32 comprising

2329 3897 185 31 Rothefham's,
2557 3900 162 30 Ehrhardt's,
2734 3914 4 5 •
2753 3901 116 25 Baume's

2329 3947 50 24 and
2396 3954 15 18 a
2428 3947 107 31 youth's"
2555 3947 81 25 watch
2660 3948 28 24 m
2714 3948 61 25 solid
2794 3947 75 26 silver

2328 3998 78 21 cases,
2425 3998 15 17 a
2456 3991 98 24 marvel
2572 3992 27 23 of
2621 3991 146 31 cheapness.

2361 4033 106 31 Repairs
2479 4034 119 23 executed
2617 4033 28 24 m
2657 4041 15 16 a
2690 4033 178 25 workmanlike

2328 4079 106 17 manner
2446 4073 25 23 at
2489 4079 60 23 very
2564 4071 49 24 low
2624 4073 78 22 rates.

2412 4107 5 18 )
2449 4111 5 12 i
2519 4105 7 22 \
2699 4104 50 19 ■''.

2361 4138 79 25 Note.
2445 4152 29 4 —
2479 4137 80 26 When
2592 4140 67 23 town
2685 4138 130 26 travellers
2836 4146 27 17 as

2328 4181 36 24 for
2375 4180 113 32 printing
2499 4180 90 30 orders,
2610 4182 31 24 do
2665 4180 115 26 business
2808 4189 58 17 men

2328 4222 148 32 sufficiently
2497 4223 114 25 consider
2632 4224 71 24 what
2719 4224 21 23 it
2758 4231 85 17 means
2854 4225 12 23 ?

2330 4271 12 24 f
2352 4271 45 25 the
2409 4271 65 25 work
2486 4271 21 25 is
2519 4271 66 26 done
2596 4271 92 32 locally
2708 4274 27 22 at
2746 4272 64 25 least
2832 4274 31 25 75

2328 4322 43 24 per
2383 4316 66 23 cent,
2461 4322 58 24 goes
2531 4314 63 25 back
2604 4314 133 33 irdirectly
2748 4316 25 23 to
2785 4315 70 25 them

2329 4358 31 24 If:
2364 4359 57 25 sent
2432 4358 155 41 awgy^hay,
2604 4358 105 28 dd^ndt.
2726 4361 42 30 get
2789 4361 24 23 5.
2823 4367 44 24 per

2328 4403 58 24 cent
2397 4402 27 24 of
2434 4401 21 25 it
2473 4401 72 25 back.
2580 4401 94 26 Oxford
2683 4427 3 4 ,
2694 4402 172 32 tradespeople

2328 4445 92 26 should
2432 4446 58 23 bear
2514 4445 28 24 m
2561 4445 75 24 mind
2647 4445 50 24 and
2706 4467 3 3 .
2717 4445 61 25 send
2798 4445 66 25 their

2329 4488 82 25 orders
2423 4491 27 21 to
2467 4487 43 26 the
2517 4486 111 27 "'Oxford
2788 4486 77 27 Office

2934 200 39 26 On
2992 202 114 35 Tuesday
3119 207 65 25 week
3201 216 15 18 a
3233 212 113 29 pleasant
3361 218 69 29 gath-

2898 244 72 33 ering
2984 254 48 18 was
3041 247 59 26 held
3110 251 27 24 at
3146 250 43 27 the
3199 252 131 36 Wesleyan
3339 258 91 34 Chapel

2898 288 94 27 Oxford
3009 293 27 24 to
3053 294 114 26 welcome
3185 297 43 25 the
3245 301 85 24 return
3343 303 27 24 of
3389 305 41 26 the

2897 333 63 27 Rev.
2978 336 32 24 E.
3029 336 24 25 J.
3079 338 103 34 Murray
3209 343 62 24 with
3298 345 41 26 his
3356 346 74 28 bride.

2898 376 41 25 Mr
2955 378 30 26 A.
3012 379 33 26 D.
3072 381 102 28 Hassall
3192 384 61 28 Oust
3269 388 113 31 presided
3405 394 25 24 at

2897 421 41 25 the
2955 424 112 33 meeting
3083 425 59 27 held
3159 428 61 26 after
3246 430 42 27 the
3306 434 48 30 tea,
3382 436 48 26 and

2895 464 58 34 ably
2969 466 107 28 fulfilled
3093 471 44 26 the
3161 481 104 19 onerous
3285 478 81 27 duties
3391 480 39 25 be-

2894 508 104 34 longing
3014 515 26 22 to
3057 514 55 25 that
3129 516 76 31 office,
3224 519 73 26 when
3310 521 43 25 the
3363 524 64 31 good

2895 552 85 33 things
2998 557 116 31 provided
3130 559 49 25 had
3197 561 60 26 been
3274 566 120 29 partaken
3406 568 24 25 of

2895 603 68 19 some
2982 599 127 34 flattering
3126 605 115 30 speeches
3260 608 28 24 m
3305 609 125 28 reference

2894 641 26 24 to
2938 641 43 25 the
3015 643 68 27 bride
3100 647 49 24 and
3184 648 156 34 bridegroom
3367 663 63 17 were

2894 684 81 25 made.
3015 687 44 25 All
3088 693 98 24 seemed
3214 695 27 24 to
3259 696 74 32 enjoy
3349 698 80 26 them-

2894 728 86 25 selves.
3017 730 45 26 We
3079 740 42 17 are
3138 743 68 24 sorry
3224 745 45 17 our
3286 747 72 23 s^ace
3377 743 53 24 will

2893 773 46 22 not
2949 774 90 28 permit
3048 783 30 17 us
3090 777 26 24 to
3132 778 55 31 give
3205 780 43 25 the
3266 784 118 30 speeches
3401 787 28 24 m

2893 813 84 27 detail.

2928 873 132 27 Social.—
3062 877 20 24 A.
3106 879 99 27 Church
3226 883 82 27 Social
3328 887 50 25 will
3398 890 31 24 be

2893 912 108 28 beld-in
3029 917 41 25 the
3099 919 154 29 Oddfellows'
3278 926 61 24 Hall
3358 927 71 27 We*t

2894 951 92 26 Oxford
2998 961 32 17 on
3042 955 153 39 Wednesday
3202 961 71 32 April
3285 965 29 23 11
3324 965 106 27 Musical

2893 990 75 25 items
2979 991 130 36 including
3121 997 107 33 singing,
3246 1001 52 26 will
3306 1002 27 25 be
3346 1004 81 31 given.

2927 1050 23 25 A
2961 1053 110 33 meeting
3081 1063 52 18 was
3144 1057 60 25 held
3217 1058 31 26 m
3259 1061 43 26 the
3320 1063 107 34 Library

2894 1098 32 16 on
2939 1091 130 35 Thursday
3091 1097 106 32 evening
3207 1099 39 25 for
3257 1101 42 25 the
3321 1110 106 26 purpose

2894 1129 27 25 of
2931 1130 111 36 forming
3053 1141 15 18 a
3079 1134 91 28 Morris
3182 1138 70 26 Tube
3270 1141 71 27 Club.
3387 1145 41 24 Mr

2895 1168 86 34 Leahy
2992 1180 51 17 was
3055 1174 73 25 voted
3139 1177 26 24 to
3176 1177 44 25 the
3228 1179 77 26 chair.
3340 1182 25 25 It
3377 1192 52 17 was

2893 1209 122 30 proposed
3025 1211 51 24 and
3083 1213 92 26 carried
3186 1217 177 36 unanimously
3373 1221 56 25 that

2894 1255 15 15 a
2921 1247 66 26 Club
2998 1249 31 26 be
3039 1250 97 27 formed
3158 1255 50 25 and
3219 1258 26 24 to
3258 1258 29 25 be
3299 1259 90 27 known
3401 1270 28 17 as

2894 1287 43 25 the
2947 1288 93 27 Oxford
3052 1291 90 27 Morris
3152 1295 68 26 Tube
3233 1297 72 26 Club.
3333 1300 40 24 Mr
3386 1301 41 25 W.

2895 1327 34 25 H.
2944 1328 86 27 Alford
3041 1339 51 18 was
3115 1334 92 26 elected
3227 1337 129 34 Secretary
3378 1342 50 24 and

2894 1365 140 34 Treasurer,
3053 1377 16 17 a
3080 1372 142 27 committee
3233 1383 51 17 was
3295 1376 97 26 formed
3402 1381 27 23 to

2894 1413 91 19 canvas
2996 1408 38 25 for
3055 1411 131 32 members,
3203 1414 128 27 initiation
3353 1418 37 25 fee
3401 1422 27 24 to

2894 1443 30 26 be
2936 1446 36 24 ss.
2984 1446 70 26 After
3060 1449 96 26 routine
3168 1451 113 28 business
3293 1456 42 25 the
3346 1460 76 23 meet-

2893 1485 44 32 ing
2945 1486 136 33 adjourned
3092 1489 40 26 till
3143 1491 130 36 Thursday
3288 1495 60 33 May
3360 1498 69 26 12th.

2893 1527 27 23 at
2932 1528 15 23 8
2964 1536 61 23 p.m.

2927 1587 22 24 A
2965 1590 97 25 mutual
3079 1592 180 32 improvement
3277 1598 92 33 society
3379 1601 51 24 will

2894 1627 74 25 make
2979 1637 15 16 a
3006 1631 63 24 start
3080 1633 26 23 at
3117 1633 44 25 the
3172 1634 106 35 Library
3288 1646 33 17 on
3332 1639 93 33 Friday

2894 1669 105 32 evening
3010 1673 61 23 next
3088 1672 43 25 the
3144 1676 68 27 13th,
3230 1677 34 24 all
3283 1678 71 25 those
3373 1681 56 25 who

2895 1708 64 25 have
2970 1717 50 26 any
3032 1714 132 31 sympathy
3175 1716 64 24 with
3248 1717 45 25 the
3304 1726 73 18 cause
3389 1728 41 18 are

2895 1746 95 25 invited
3006 1750 26 23 to
3050 1751 87 24 attend
3159 1754 50 23 and
3234 1754 99 27 become
3351 1764 79 19 memr

2895 1783 64 26 bers.
2984 1785 25 25 It
3019 1787 22 24 is
3053 1790 137 30 suggested-
3195 1796 24 20 to
3224 1785 66 32 'hold
3300 1794 43 24 the
3354 1798 76 23 meet-

2896 1824 56 32 ings
2975 1825 150 35 fortnightly
3137 1830 50 24 and
3212 1831 56 25 that
3295 1841 86 23 games
3401 1835 29 25 be

2896 1865 119 31 provided
3034 1867 66 25 from
3123 1871 16 24 7
3163 1871 96 25 o'clock
3277 1874 27 24 to
3316 1874 15 24 8
3343 1882 34 16 on
3387 1875 43 25 the

2895 1905 74 32 night
2981 1907 141 32 appointed,
3146 1911 51 24 and
3219 1912 43 25 the
3279 1915 51 23 rest
3341 1914 27 25 of
3389 1916 41 24 the

2897 1944 106 32 evening
3014 1949 72 28 spent
3097 1947 28 24 m
3136 1949 88 33 taking
3231 1959 35 23 up
3277 1959 48 18 one
3336 1954 94 32 subject

2896 1989 33 17 on
2940 1983 44 25 the
2994 1992 156 23 programme
3167 1987 39 25 for
3217 1989 56 24 that
3285 1990 56 25 date
3353 1999 27 17 as
3392 1992 37 24 de-

2896 2019 78 32 bates,
2992 2022 90 31 music,
3100 2032 93 25 essays,
3205 2034 97 24 papers,
3316 2029 114 32 lectures,

2895 2061 117 32 readings
3024 2063 50 25 and
3085 2065 144 26 recitations
3241 2069 42 29 &c,

2929 2121 31 24 R.
2974 2121 34 24 H.
3021 2122 86 25 Parish
3118 2124 21 24 is
3151 2126 55 24 how
3226 2126 104 33 making
3349 2129 81 25 Men's

2896 2163 64 26 suits
2971 2165 27 24 to
3010 2165 72 25 order
3092 2166 65 26 from
3170 2168 38 24 £2
3222 2170 53 24 15s.

2928 2218 179 26 Infltjenza.—
3112 2222 62 24 Now
3193 2222 50 26 ihis
3271 2225 120 30 epidemic
3410 2227 20 24 is

2895 2260 131 33 becoming
3035 2264 128 30 prevalent
3171 2272 37 18 we
3219 2267 113 32 strongly
3340 2276 90 18 recom-

2896 2305 73 23 mend
2976 2305 48 25 ihe
3035 2306 50 25 free
3097 2315 44 17 use
3153 2307 27 25 of
3190 2309 126 32 Platypus
3324 2311 84 25 Brand
3417 2321 13 17 o

2895 2352 154 33 Eucalyptus
3063 2355 124 27 Grlobulus
3215 2358 111 31 Extract,
3355 2359 75 29 taken

2896 2403 67 24 upon
2985 2404 74 25 sugar
3086 2406 29 18 or
3133 2399 28 25 m
3183 2401 71 25 milk.
3289 2403 53 25 The
3365 2406 65 25 most

2886 2439 124 32 'pleasant
3020 2450 54 24 way
3085 2444 26 23 to
3119 2444 57 24 tako
3187 2445 155 33 Eucalyptus
3363 2448 22 24 is
3403 2450 27 24 m

2895 2483 33 26 he
2959 2484 117 33 Platypus
3104 2486 89 26 Brand
3220 2489 28 25 of
3271 2490 157 33 Eucalyptus

2897 2523 115 32 Jujubes.
3046 2525 70 33 They
3128 2535 42 17 are
3180 2528 26 24 m
3222 2529 62 25 such
3295 2538 16 17 a
3321 2531 109 31 portable

2896 2563 71 29 form,
2979 2565 116 31 pleasant
3106 2568 26 23 to
3144 2569 75 29 taste,
3239 2570 50 24 and
3299 2571 131 33 antiseptic

2896 2602 140 26 stimulant.
3124 2624 4 2 -

2930 2649 77 26 Local
3024 2651 134 32 Option.—
3159 2653 76 27 What
3252 2656 22 25 is
3293 2657 77 26 Local
3382 2658 47 32 Op-

2897 2693 54 25 tion
2960 2695 12 23 ?
2989 2695 73 31 Why,
3074 2697 111 24 whether
3196 2707 49 21 you
3256 2707 32 23 go
3299 2702 25 23 to
3334 2701 95 25 Christ-

2898 2736 94 25 church
3003 2737 50 26 and
3063 2747 47 24 pay
3123 2740 45 25 30s
3188 2740 39 26 for
3238 2750 15 17 a
3265 2744 49 24 suit
3325 2744 26 25 of
3370 2744 59 26 Kai-

2898 2781 56 30 apoi
2977 2781 86 25 Tweed
3085 2791 29 16 or
3135 2785 42 30 get
3200 2793 47 17 one
3270 2780 159 34 a#Ptolrsh's

2898 2822 64 26 East
2974 2824 100 31 Oxford,
3093 2825 40 26 for
3144 2827 54 26 21s.
3350 2827 27 15 *'

2932 2882 40 25 Mr
2985 2883 126 28 Saunder3
3121 2885 47 26 has
3180 2886 72 32 given
3274 2888 83 27 notice
3368 2890 56 26 that

2898 2921 32 27 he
2942 2923 50 25 will
3014 2932 71 17 move
3097 2926 26 24 at
3143 2926 43 25 the
3197 2929 60 23 next
3275 2930 111 32 meeting
3405 2931 25 25 of

2898 2963 43 23 the
2950 2961 81 26 North
3039 2963 153 34 Canterbury
3201 2965 139 27 Education
3347 2968 81 26 Board

2897 3005 57 25 that
2963 3005 42 26 the
3014 3005 104 28 Board's
3129 3007 128 33 Inspector
3269 3010 70 31 shall,
3353 3012 77 26 under

2898 3044 98 24 certain,
3004 3045 147 31 conditions,
3170 3048 114 25 examine
3358 3050 70 26 State

2898 3081 107 34 schools)
3015 3083 82 31 pupils
3109 3084 27 24 of
3144 3085 94 31 private
3249 3094 28 17 or
3285 3087 143 27 denomina-

2898 3121 82 25 tional
2990 3123 96 25 schools
3097 3124 28 24 m
3137 3125 41 24 the
3187 3126 45 24 4th
3245 3127 50 24 and
3308 3128 45 24 6th
3362 3130 68 24 stan-

2898 3160 62 24 dard
2970 3161 68 24 work
3061 3163 78 23 under
3160 3164 118 31 precisely
3300 3166 41 24 the
3361 3173 69 18 same

2898 3198 76 24 terms
2986 3198 50 25 and
3047 3200 139 25 conditions
3197 3208 28 18 as
3248 3201 71 26 those
3323 3216 4 10 <.
3332 3204 97 32 applied

2897 3239 27 23 to
2935 3239 66 23 state
3010 3239 87 25 school
3107 3240 91 32 pupils.
3206 3240 2 2 '
3269 3239 1 1 '

2932 3287 53 26 The
2997 3288 66 33 Tory
3085 3293 162 28 government
3266 3292 27 26 m
3314 3293 116 33 England

2898 3334 51 17 was
2960 3327 110 32 recently
3082 3328 76 32 doing
3173 3329 35 25 its
3224 3330 55 26 best
3299 3333 26 23 to
3336 3332 94 27 irritate

2898 3367 44 24 the
2952 3368 86 30 people
3050 3367 27 25 of
3087 3368 79 25 India.
3202 3370 71 32 They
3292 3379 42 17 are
3346 3372 84 26 invad-

2898 3407 44 31 ing
2953 3407 43 25 the
3015 3406 101 27 Soudan
3130 3410 82 31 again,
3231 3412 49 24 and
3292 3413 138 33 employing

2898 3448 91 25 Indian
3012 3450 83 31 troops
3114 3449 28 25 m
3161 3450 45 26 the
3222 3451 113 27 invasion
3349 3462 5 22 ;
3373 3454 57 29 and,

2898 3491 26 22 to
2937 3489 67 25 show
3024 3488 43 27 the
3086 3491 124 25 character
3222 3492 26 24 of
3267 3494 44 26 the
3331 3501 99 24 govern-

2897 3528 78 29 ment,
2994 3528 60 32 they
3065 3536 42 17 are
3118 3529 75 32 going
3212 3531 26 23 to
3250 3532 43 22 tax
3312 3531 74 25 India
3405 3534 25 23 to

2897 3572 72 17 cover
2980 3565 44 25 the
3036 3574 106 19 expense
3152 3567 115 25 incurred
3281 3568 33 32 by
3328 3564 102 37 sending

2898 3603 42 25 her
2952 3612 59 17 sons
3022 3605 26 24 to
3071 3604 67 32 fight
3164 3605 27 24 m
3214 3614 15 16 a
3251 3607 100 31 quarrel
3372 3608 58 33 they

2898 3642 63 25 have
2972 3643 33 24 ho
3017 3650 100 18 concern
3128 3651 36 17 -m.
3210 3643 26 25 If
3245 3645 56 24 that
3316 3645 58 25 does
3386 3650 44 23 not

2897 3691 73 17 rouse
2980 3682 42 25 the
3033 3683 86 31 people
3131 3683 27 25 of
3179 3683 73 25 India
3271 3686 24 23 to
3312 3685 64 31 fury,
3397 3692 33 18 we

2897 3723 69 23 don't
2978 3722 72 25 know
3066 3723 64 24 what
3152 3723 60 24 will.
3246 3723 52 25 But
3318 3725 112 31 Toryism

2897 3760 21 24 is
2931 3760 182 31 unchangeable
3132 3761 27 23 m
3171 3761 34 24 its
3219 3761 123 25 -baldness
3352 3770 6 21 ;
3376 3763 21 24 it
3408 3763 22 25 is

2898 3807 72 17 never
2980 3798 25 24 m
3029 3806 81 24 power
3121 3798 45 26 but
3184 3799 21 25 it
3224 3800 120 31 provokes
3366 3808 64 19 rows

2897 3836 48 24 and
2957 3836 114 25 mischief
3081 3837 157 25 somewhere.

2970 3980 101 26 NEWS
3089 3982 44 24 OF
3150 3982 70 24 THE
3239 3982 113 24 WEEK.

2928 4075 54 25 The
2992 4076 122 24 cardinals
3133 4076 26 23 m
3172 4074 98 26 Madrid
3285 4083 42 17 are
3339 4076 88 25 endea-

2894 4114 105 32 vouring
3010 4116 26 23 to
3055 4114 117 25 convince
3183 4115 43 23 the
3242 4111 118 35 populace
3372 4114 55 26 that

2893 4154 42 25 the
2956 4154 84 30 Queen
3051 4154 98 32 Begent
3168 4154 99 25 showed
3278 4154 28 24 m
3318 4154 40 25 the
3368 4162 59 24 pop-

2893 4192 56 24 ular
2959 4192 153 25 enthusiasm
3125 4191 38 24 for
3174 4199 59 16 war.

2927 4229 52 24 The
2988 4229 109 32 Spanish
3108 4229 319 37 Transatlahti^Gotupany

2893 4270 44 24 has
2943 4269 91 26 offered
3045 4271 26 24 to
3080 4277 93 25 convey
3187 4270 71 25 mails
3269 4271 26 24 to
3304 4269 50 26 and
3362 4273 65 23 trom

2893 4307 79 25 Cuba,
2989 4307 111 33 running
3109 4308 43 25 the
3165 4307 128 27 blockade.

2925 4345 96 25 British
3029 4346 51 24 and
3091 4346 128 26 American
3230 4354 51 17 war
3287 4354 139 25 correspon-

2883 4398 2 14 i
2892 4384 72 25 dents
2975 4384 82 25 follow
3067 4384 44 25 the
3127 4385 131 25 American
3279 4384 148 35 blockading

2893 4424 122 31 squadron
3037 4424 154 33 everywhere
3196 4426 13 14 w
3208 4419 28 30 iii
3248 4424 50 26 fast
3309 4424 118 33 despatch

2892 4461 78 25 boats.
3085 4478 19 9 ...
3307 4482 5 3 .

2926 4498 53 25 The
2990 4498 122 32 Emperor
3134 4498 27 25 of
3172 4499 111 29 Austria,
3294 4499 133 32 bas^given

1294 46 176 34 OXFORD
1494 48 235 33 OBSERVER
1772 49 239 37 SATURDAY,
2053 51 93 31 MAY
2194 51 17 32 7
2256 53 90 31 1898.

101 3831 56 37 0o
164 3832 394 44 floffiepersi/ac/edfo

97 3878 76 38 ouy
172 3880 72 35 any
250 3873 105 50 of/fie
358 3874 204 49 /jp//affo/>s*

96 4235 460 54 cmoffo/?B£jw/xpr£As

93 4275 463 53 '"eyife/Wfßandwfiofesom

157 4317 341 44 Mefiesf-ffioffevajtif

100 4357 312 48 ,eweqencccap
425 4357 90 45 £&

92 4390 459 48 Lafpesfsa/emAus/ra/as/a.

131 4429 84 30 SOLD
234 4432 40 27 BY
284 4433 59 30 ALL
352 4437 149 26 GROCERS
531 4437 3 8 '
