2540 4020
1277 125 59 22 sent,
1348 119 44 23 and
1411 119 147 31 considering
1576 120 38 22 the
1636 120 126 28 notice,;we
1778 118 33 26 .do
1823 123 38 19 not

1277 153 70 23 doubt
1355 153 49 22 that
1415 149 32 26 all
1456 151 50 28 jwho
1516 160 39 15 are
1567 155 39 20 but
1613 152 26 23 of
1648 151 62 24 work
1721 159 59 19 jvere
1788 151 71 24 there.

1279 185 22 24 It
1312 193 47 16 was
1371 184 123 31 gratifying
1504 182 113 30 therefore
1636 189 23 19 to
1672 185 72 23 notice
1756 184 49 23 that
1815 179 46 31 '"the

1277 219 103 30 quantity
1389 217 24 24 of
1421 217 150 32 unemployed
1578 219 20 22 is
1604 226 24 14 so
1637 217 67 25 much
1710 217 90 24 smaller
1807 217 54 24 than

1277 258 33 16 we
1322 250 144 31 anticipated.
1503 250 134 31 Supposing
1649 250 48 23 that
1710 250 37 23 the
1766 250 95 23 number

1278 288 39 18 out
1328 283 25 23 of
1362 283 63 23 work
1437 289 22 18 at
1472 289 93 24 present
1583 284 19 22 is
1614 286 40 25 50,
1669 283 24 23 of
1708 283 60 23 what
1780 283 19 23 is
1816 283 44 23 this

1279 316 94 23 number
1381 316 127 30 composed,
1520 316 49 23 who
1577 316 43 23 call
1629 324 57 22 upon
1698 316 38 23 the
1743 316 117 30 Company

1278 355 23 17 to
1313 354 95 26 support
1420 349 69 23 them.
1527 349 43 23 We
1582 349 138 23 understand
1734 349 47 22 that
1793 356 68 25 many

1277 381 57 24 have
1345 382 57 23 been
1409 381 85 29 in/the
1505 375 88 38 receipt
1610 381 25 23 of
1649 379 125 33 very'high
1787 389 78 23 wages,

1277 416 62 22 since
1363 415 60 30 they
1435 414 89 23 arrived
1546 415 32 23 ill'
1595 414 45 24 this
1663 414 136 29 settlement,
1821 416 40 22 but

1278 455 58 16 were
1347 447 158 31 improvident,
1519 446 45 24 and
1576 447 37 23 did
1625 452 40 19 not
1683 455 53 15 save
1748 449 89 28 against
1849 457 12 14 a

1279 480 76 31 period
1379 481 24 22 of
1423 481 140 30 depression,
1586 489 13 14 a
1616 480 77 31 period
1710 481 73 22 which
1801 486 60 18 must

1279 513 83 30 always
1374 513 28 24 be
1413 513 109 33 provided
1541 514 35 23 for
1593 514 26 22 in
1630 521 29 16 an
1679 513 76 24 infant*'
1764 513 96 31 Colony.

1280 546 43 23 We
1333 547 69 23 heard
1414 548 26 22 of
1454 555 13 15 a
1479 554 87 23 sawyer
1586 546 53 23 here
1652 546 48 23 who
1713 554 62 16 came
1788 552 39 18 out
1838 552 24 18 at

1280 579 37 23 the
1329 580 130 23 foundation
1480 580 26 22 of
1522 580 46 22 this
1587 579 136 28 settlement,
1743 579 43 24 and
1804 580 57 29 who,

1280 612 82 31 during
1382 613 37 23 the
1441 613 49 23 first
1510 612 106 31 eighteen
1634 612 91 24 months
1747 614 57 22 after
1827 613 34 23 his

1280 646 89 27 arrival,
1383 645 82 24 earned
1482 647 38 23 £6
1541 654 14 15 a
1567 645 72 28 week,
1651 645 49 23 who
1719 646 60 24 lived
1799 654 29 22 up
1839 651 23 19 to

1280 679 36 22 his
1339 687 86 20 means,
1448 679 43 23 and
1513 680 19 22 is
1554 687 49 15 now
1625 679 122 31 pennyless
1757 688 7 20 ;
1787 679 74 31 surely

1281 711 45 23 this
1345 720 52 15 man
1418 717 80 18 cannot
1519 717 81 26 expect
1619 718 22 17 to
1661 712 28 23 he
1710 712 78 31 placed
1807 720 25 15 as
1851 721 12 15 a

1280 745 120 30 pensioner
1411 753 29 15 on
1451 745 38 23 the
1502 745 119 31 Company
1623 757 33 5 —
1656 746 44 22 and
1710 745 45 24 this
1766 746 20 22 is
1798 751 39 18 not
1850 754 13 15 a

1280 777 93 31 solitary
1385 779 110 23 instance.
1526 778 59 23 -The
1605 778 131 31 depression
1753 778 61 24 does'
1825 783 38 19 not

1281 810 53 32 only
1355 810 67 24 affect
1446 812 35 22 the
1500 811 113 28 labourer,
1633 812 42 22 but
1691 811 38 23 the
1748 812 116 23 merchant

1281 844 45 23 and
1344 844 38 22 the
1405 844 83 23 farmer
1510 852 38 16 are
1567 844 108 24 sufferers
1695 844 56 29 also,
1773 845 45 23 and
1840 846 22 22 in

1281 884 69 24 many
1369 878 113 22 instances
1503 883 23 17 to
1547 886 14 15 a
1579 877 69 24 much
1668 882 88 26 greater
1776 883 86 19 extent.

1282 910 41 23 All
1343 910 94 23 classes'
1450 915 60 18 must
1534 910 112 23 therefore
1666 911 67 23 make
1754 918 30 24 up
1796 925 3 7 .
1807 911 58 23 their

1282 943 75 23 minds
1376 947 22 18 to
1418 943 132 31 participate
1568 944 24 22 in
1613 943 38 23 the
1671 943 96 24 badness
1786 944 26 23 of
1827 945 38 22 the

1282 976 75 28 times,
1376 976 44 23 and
1442 976 37 23 the
1498 981 94 26 present
1612 977 130 29 stagnation
1762 981 23 19 to
1804 985 61 15 com-

1282 1016 75 16 merce
1369 1009 44 24 and
1430 1009 145 30 agriculture.
1611 1009 52 23 The
1684 1010 103 23 labourer
1807 1016 60 17 must

1283 1043 53 22 bear
1355 1043 21 22 in
1398 1043 62 22 mind
1483 1042 58 29 that,
1562 1042 84 31 during
1669 1042 37 24 the
1727 1043 138 31 depression,

1282 1082 76 24 wages
1381 1080 61 19 must
1463 1075 40 23 fail
1527 1075 153 31 temporarily,
1705 1084 25 15 or
1755 1077 28 23 he
1806 1082 61 18 must

1284 1110 84 22 remain
1381 1113 40 18 out
1440 1108 23 23 of
1481 1108 162 31 employment.
1681 1109 46 23 But
1748 1117 36 15 we
1801 1110 66 22 know

1283 1141 49 23 that
1343 1150 68 22 many
1422 1141 116 24 labourers
1558 1142 75 23 refuse
1654 1146 23 19 to
1697 1143 77 28 work,'
1782 1142 85 32 though

1283 1175 82 23 almest
1376 1183 28 15 on
1426 1174 36 24 the
1480 1176 66 31 point
1557 1176 26 22 of
1599 1176 109 30 starving,
1725 1176 78 22 unless
1815 1176 52 31 they

1283 1215 41 16 can
1345 1208 76 23 obtain
1439 1216 73 22 wages
1533 1207 57 24 such
1608 1216 25 15 as
1651 1209 53 30 they
1722 1209 72 23 desire
1795 1221 33 5 —
1830 1214 37 19 not

1283 1241 56 23 such
1352 1249 24 15 as
1389 1241 37 24 the
1439 1241 116 31 employer
1566 1247 24 18 at
1601 1247 91 26 present
1705 1249 41 16 can
1759 1242 71 24 afford
1846 1248 21 18 to

1283 1275 59 29 give.

1317 1311 51 25 Our
1386 1312 77 24 advice
1482 1317 23 19 to
1524 1312 38 24 the
1580 1313 103 31 working
1701 1313 84 25 classes
1805 1315 19 22 is
1843 1320 22 17 to

1284 1350 59 19 meet
1360 1345 37 24 the
1409 1346 127 31 employers
1547 1347 31 29 by
1590 1355 14 14 a
1615 1346 116 24 reduction
1750 1348 25 22 of
1785 1355 82 23 wages,

1283 1379 59 23 until
1364 1379 38 23 the
1423 1379 86 30 Colony
1528 1380 19 23 is
1569 1380 23 23 in
1616 1388 14 14 a
1649 1387 62 16 more
1732 1388 135 23 prosperous

1284 1412 121 28 condition,
1424 1412 43 23 ank
1480 1413 62 27 then,
1560 1420 26 15 as
1599 1412 78 23 labour
1687 1413 107 24 becomes
1806 1421 61 16 more

1283 1445 116 30 generally
1409 1447 23 21 in
1446 1445 104 28 demand,
1562 1453 76 22 wages
1651 1445 43 24 will
1708 1447 53 23 rise.

655 121 76 22 notice
740 119 50 27 into^
797 118 71 23 effect.
889 118 28 22 In
927 118 75 21 future
1011 117 92 27 English
1108 117 136 22 subscribers

656 147 50 22 who
724 141 113 31 have-not
851 144 51 30 paid
914 144 58 23 their
988 144 160 27 subscriptions
1166 145 24 21 in
1208 151 38 15 ac-

657 172 110 24 cordance
795 172 51 21 with
856 188 3 5 .
868 178 41 15 our
927 170 82 27 notice,
1018 189 3 5 ,
1031 171 45 22 and
1099 170 50 22 who
1174 170 73 23 desire

657 205 23 17 to
708 200 59 21 have
791 205 41 14 our
856 198 87 21 Gazette
966 200 60 19 must
1056 196 65 29 apply
1144 199 32 23 ,to
1209 205 39 14 our

658 225 98 24 London
779 226 83 26 Agent,
889 224 44 23 Mr.
959 223 95 27 Bowler,
1074 227 33 19 /at
1131 222 37 23 the
1192 223 56 22 New

658 251 102 24 Zealand
776 251 135 27 Company's
928 251 79 25 Office,
1022 249 101 27 London,
1141 255 21 16 to
1174 250 73 22 whom

659 287 32 15 we
707 280 58 21 have
781 278 59 21 been
850 277 137 27 forwarding
1003 277 34 22 for
1052 284 60 15 some
1128 276 55 22 time
1199 279 50 24 past

659 306 44 22 and
713 309 22 18 to
746 304 71 22 whom
826 311 32 15 we
869 303 56 22 shall
943 303 105 22 continue
1059 309 21 16 to
1091 302 97 23 forward
1199 302 49 28 fifty

659 333 75 24 copies
753 330 25 22 of
798 330 39 22 the
856 332 95 19 Gazette.
990 330 48 23 The
1057 330 53 26 only
1129 329 120 22 difference

661 359 42 22 will
715 359 28 21 be
753 358 52 26 th:s,
815 358 49 21 that
872 358 127 21 heretofore
1008 363 34 15 we
1058 356 57 22 have
1127 360 51 17 sent
1187 355 60 22 them

660 384 98 27 through
769 384 38 23 the
816 388 56 24 post,
883 384 46 23 and
943 391 52 15 now
1005 390 33 15 we
1056 386 58 18 must
1122 382 57 22 send
1187 382 61 23 them

660 413 30 27 by
697 412 91 28 private,
795 412 183 28 dpportunity/as
986 410 18 21 it
1014 417 51 19 may
1074 409 61 27 offer,
1145 410 25 21 of
1177 409 82 22 which-

661 440 37 21 the
710 438 94 26 Postage
814 437 237 28 Regulationsvpermit
1061 444 5 18 ;
1078 435 52 28 they
1140 436 45 22 will
1195 443 54 15 con-

661 464 118 29 sequently
789 468 41 17 not
839 464 26 22 be
875 464 107 21 obtained
993 471 23 14 so
1026 462 134 28 frequently.

690 494 32 20 As
731 498 31 14 we
772 490 58 22 shall
840 490 56 23 have
906 494 21 17 to
938 498 43 20 pay
992 494 92 24 postage
1093 496 28 15 on
1132 489 29 22 all
1171 497 79 21 papers

661 527 32 14 we
711 518 56 23 send
783 521 22 18 to
821 525 26 14 or
859 518 88 21 receive
962 518 57 21 from
1043 517 36 21 the
1095 516 105 27 colonies,
1217 523 33 15 we

661 549 61 19 must
731 544 90 22 decline
831 544 36 22 the
877 548 89 23 greater
981 547 51 23 part
1045 543 25 22 of
1083 550 41 15 our
1133 543 116 27 exchange

661 578 87 24 papers,
759 579 24 16 as
795 571 37 22 the
842 576 38 17 tax
890 570 74 23 would
974 570 40 23 fall
1025 577 53 20 very
1085 570 99 26 severely
1189 577 60 21 upon

662 607 41 15 our
718 598 65 23 small
804 597 175 22 establishment.
1016 596 75 23 Those
1109 595 49 22 who
1179 603 70 20 cease,

661 626 59 23 after
730 624 44 22 this
783 628 22 18 to
815 625 86 21 receive
911 632 41 14 our
958 631 75 21 paper,
1042 624 43 21 will
1094 623 75 27 please
1178 623 73 22 there-

662 654 48 21 fore
719 654 24 19 to
753 651 138 22 understand
902 658 41 15 our
952 658 80 15 reason
1044 657 23 15 as
1077 657 49 14 now
1135 650 75 26 given.

691 680 41 21 We
747 678 57 22 have
819 678 56 22 been
893 678 24 21 in
937 678 37 21 the
993 677 63 23 habit
1071 676 25 22 of
1113 676 78 28 giving
1211 683 41 15 our

661 712 70 22 paper
744 708 23 19 to
785 704 39 23 the
840 708 92 19 masters
949 705 26 22 of
986 704 107 27 aU^shipa
1107 704 23 21 in
1146 704 104 21 harbour;

661 734 56 22 Thi3
726 731 41 22 has
776 732 57 21 been
844 739 12 14 n
866 731 91 22 heavier
974 735 38 18 tax
1030 731 53 21 than
1099 737 68 20 many
1178 729 73 22 would

662 766 103 22 suppose,
776 759 46 22 and
831 758 37 22 the
879 762 39 19 tax
925 758 43 22 has
977 759 58 23 been
1053 757 37 22 the
1101 764 59 15 more
1178 757 41 21 felt
1228 764 24 14 as

662 788 37 21 the
711 790 94 19 masters
822 786 25 21 of
857 786 61 26 ships
935 785 58 22 have
1009 784 73 27 rarely
1092 783 125 22 forwarded
1226 791 25 14 U3

662 820 81 22 papers
751 813 23 21 in
784 816 84 23 return,
880 820 26 14 or
916 812 98 22 afforded
1030 819 26 14 us
1070 810 143 22 information
1230 810 24 21 of

663 848 45 20 any
719 840 142 26 description.
889 839 33 22 To
932 838 56 22 such
998 838 155 22 commanders
1164 844 23 15 as
1196 837 56 22 send

663 875 26 14 us
698 873 87 21 papers,
798 873 25 14 or
831 864 82 25 render
928 872 27 15 us
971 865 73 22 useful
1059 864 149 26 information,

663 894 58 22 shall
732 894 27 21 be
769 892 74 28 happy
852 892 45 22 still
906 896 21 17 to
939 892 51 26 give
1001 892 37 21 the
1051 892 97 26 Gazette;
1165 892 40 21 but
1214 890 38 23 the

653 922 2 26 |
663 921 75 25 heavy
748 926 94 20 expense
852 920 26 21 of
884 922 92 24 postage
981 922 23 18 to
1011 918 73 23 which
1096 925 29 15 we
1136 918 57 23 shall
1203 925 49 14 now

663 948 28 21 be
702 946 105 27 exposed,
819 946 75 22 makes
904 946 17 21 it
929 953 120 19 necessary
1059 945 33 22 for
1102 952 25 15 us
1138 949 22 18 to
1171 951 81 16 econo-

664 975 56 22 mise
732 973 28 22 all
776 972 37 23 the
830 980 75 15 means
920 973 23 21 in
960 980 39 15 our
1016 979 78 21 power.
1124 972 40 23 We
1180 972 73 21 there-

664 1002 47 22 fore
729 1007 116 15 announce
860 1000 48 21 that
924 999 169 23 henceforward
1108 999 44 22 this
1167 1002 85 19 custom

667 1028 139 23 terminates.

684 1088 128 26 NOTICE
832 1088 48 24 TO.
896 1087 337 24 CORRESPONDENTS.

671 1146 36 20 We
723 1150 37 14 are
774 1144 80 25 obliged
866 1145 21 19 to
905 1143 45 22 Mr.
962 1143 92 21 Charles
1073 1143 84 26 Henry
1170 1142 84 27 Squibb

687 1173 42 25 for
736 1172 35 20 the
776 1172 104 25 patristic
886 1177 86 14 manner
981 1172 23 18 in
1009 1171 68 19 which
1085 1171 25 19 he
1118 1171 40 19 has
1165 1170 91 20 handled

669 1216 2 7 ,
692 1201 36 19 the
736 1198 80 26 subject
826 1199 27 24 of
858 1199 35 19 the
903 1198 168 20 discontinuance
1080 1198 26 25 of
1112 1198 35 20 the
1159 1198 93 24 Gazette,

692 1228 38 20 but
750 1232 38 14 our
807 1226 104 26 diffidence
927 1228 98 24 prevent*
1042 1231 24 14 us
1083 1225 124 26 publishing
1221 1225 33 23 his

693 1256 72 20 letter.

708 1372 67 24 AND
790 1372 214 23 WELLINGTON
1024 1371 188 23 SPECTATOR.

653 1416 2 16 i

653 1435 2 27 \
758 1434 154 24 WzoKsanAY,
929 1435 113 20 October.
1058 1435 31 23 IS,
1108 1435 59 19 IS4S.

703 1485 51 24 The
773 1484 147 31 proceedings
933 1484 25 22 of
976 1483 37 23 the
1028 1483 111 30 Meeting,
1152 1482 52 24 held
1226 1491 28 15 on

669 1517 115 31 Saturday
797 1517 95 29 evening
904 1520 22 19 at
940 1516 112 23 Barrett's
1073 1515 78 29 Hotel,
1164 1515 46 24 will
1227 1516 27 23 be

669 1550 142 29 satisfactory
837 1555 20 17 to
888 1549 63 23 those
976 1549 49 23 who
1059 1548 54 24 wish
1143 1548 48 24 that
1215 1548 39 24 tha

670 1585 90 31 inquiry
773 1589 23 17 to
816 1583 28 23 be
865 1582 118 24 instituted
1006 1582 29 30 by
1048 1581 37 25 the
1105 1581 149 28 Goverrnent,

670 1618 92 24 relative
784 1622 22 17 to
826 1616 35 23 the
879 1615 142 29 melancholy
1033 1621 66 18 event
1117 1620 24 18 at
1152 1614 102 30 Wairau,

670 1651 45 24 will
737 1650 28 23 be
778 1649 124 24 conducted
922 1649 55 23 with
991 1657 13 14 a
1016 1649 54 23 view
1090 1654 22 17 to
1132 1649 37 23 the
1190 1654 64 25 great

670 1686 107 22 interests
787 1682 71 24 which
871 1690 37 15 are
922 1682 102 23 involved
1038 1683 22 22 in
1073 1683 25 22 it.
1134 1681 70 24 From
1217 1682 37 23 the

671 1725 52 16 tone
755 1715 94 32 adopted
881 1716 29 30 by
940 1715 38 23 the
1010 1715 108 31 speakers
1152 1720 25 18 &t
1207 1715 48 23 that

671 1750 107 30 meeting,
791 1749 42 23 and
855 1748 71 24 which
949 1754 46 17 met
1013 1748 53 23 with
1087 1756 12 15 a
1118 1748 84 23 cordial
1219 1756 35 15 re-

671 1791 82 24 sponse
766 1783 56 23 from
834 1782 29 23 all
873 1788 98 25 present,
986 1782 16 22 it
1018 1781 20 24 is
1051 1781 89 25 evident
1156 1781 49 23 that
1218 1781 37 23 the

671 1816 96 33 original
778 1816 95 30 feelings
883 1816 25 23 of
917 1814 72 24 honor
1000 1814 44 23 and
1054 1814 72 24 desire
1136 1814 24 24 of
1170 1822 85 23 venge*

671 1858 63 19 ance,
748 1857 37 15 are
804 1849 106 30 sobering
920 1847 65 24 down
998 1849 47 22 into
1058 1856 12 15 a
1087 1848 78 30 steady
1178 1856 77 23 perse-

671 1886 79 27 vering
771 1882 95 23 demand
886 1882 34 23 for
937 1882 84 30 justice
1042 1889 59 23 upon
1121 1880 64 24 those
1206 1881 48 23 who

671 1924 53 24 may
737 1916 26 23 be
783 1915 83 31 proved
888 1920 21 18 to
930 1923 27 15 ne
979 1915 37 23 the
1038 1919 150 26 prepetrators
1201 1915 25 23 of
1243 1922 13 16 a

673 1952 68 22 crime
754 1949 34 24 for
800 1948 70 24 which
882 1948 51 31 they
947 1948 71 30 ought
1030 1953 22 18 to
1065 1947 77 24 suffer.

706 1983 52 24 The
769 1983 102 31 question
891 1981 101 24 whether
1009 1981 38 23 the
1068 1981 94 24 Natives
1180 1980 43 25 arc'
1231 1989 32 15 or-

673 2020 37 16 are
723 2020 39 13 not
774 2015 85 18 British
872 2014 109 27 subjects,
1002 2014 44 18 and
1058 2019 26 14 as
1095 2014 55 19 such
1162 2018 104 16 amena--

673 2044 35 24 ble
722 2048 22 19 to
756 2043 87 24 British
854 2044 41 23 law
905 2052 6 18 ;
925 2043 20 23 is
957 2051 43 15 one
1012 2043 71 23 which
1096 2051 32 16 we
1143 2049 56 18 trust
1211 2044 50 24 will

672 2077 87 24 receive
768 2076 58 24 from
838 2077 37 23 the
887 2084 49 15 new
948 2076 120 23 Governor
1076 2084 27 15 on
1117 2077 35 23 his
1164 2078 90 28 arrival,

671 2111 50 23 that
738 2115 88 26 prompt
844 2110 109 23 attention
971 2110 29 23 its
1021 2117 97 23 urgency
1138 2110 127 27 demands,'

673 2144 43 23 We
728 2148 82 18 cannot
830 2143 69 23 doubt
917 2143 59 23 what
992 2142 36 24 his
1042 2143 98 23 decision
1153 2143 46 23 will
1220 2144 45 28 be,,

672 2178 44 23 and
738 2176 47 23 that
797 2177 18 23 it
827 2176 43 24 will
889 2177 26 22 be
931 2176 98 28 .marked
1047 2177 28 29 by
1087 2177 94 27 actions,
1194 2185 71 15 more,

672 2210 138 31 convincing
820 2209 53 24 than
882 2210 38 23 the
932 2209 84 31 sailing
1024 2209 25 23 of
1059 2218 13 14 a
1079 2209 80 32 frigate
1172 2210 86 31 having

673 2252 29 16 on
712 2242 69 25 board
790 2245 32 22 50
830 2243 101 28 soldiers,
941 2243 57 23 from
1011 2251 41 15 one
1061 2247 49 27 port
1122 2248 23 19 to
1153 2244 103 29 another,

673 2286 23 15 or
720 2277 37 23 '.be
776 2281 115 26 recapture
903 2277 24 23 of
942 2285 13 14 a
974 2276 71 23 whale
1068 2276 50 24 boat
1138 2277 57 23 from
1218 2277 45 26 the,

673 2310 104 24 Natives.
814 2310 73 24 When
901 2310 49 23 that
962 2309 99 24 decision
1073 2310 40 23 has
1124 2310 58 23 been
1191 2310 75 24 made,

673 2345 46 23 and
733 2343 37 24 the
781 2343 147 32 prpceedings
951 2348 21 19 to
992 2343 89 23 enforce
1092 2345 18 21 it
1122 2344 77 29 taken,
1212 2344 54 24 and-

674 2378 65 23 those
757 2384 52 17 men
821 2376 48 23 who
882 2385 38 14 are
933 2376 99 30 charged,
1044 2376 52 23 with
1115 2376 37 24 the
1164 2378 59 30 guilt
1235 2378 24 23 of

673 2411 38 23 the
724 2409 69 24 above
812 2411 136 22 transaction
966 2409 58 24 shall
1045 2409 28 24 be
1092 2411 24 22 in
1128 2411 102 30 custody,
1244 2419 14 15 a

673 2444 56 30 duty
742 2442 43 24 will
797 2444 85 23 remain
894 2448 22 18 to
934 2442 27 23 be
975 2442 134 32 performed,
1122 2444 23 22 in
1159 2444 36 23 the
1209 2452 47 15 res-

674 2476 131 32 ponsibility
813 2476 25 24 of
846 2475 73 25 which
929 2475 38 24 the
978 2475 70 24 whole
1058 2478 135 29 community
1205 2486 52 22 may

673 2512 28 23 be
713 2509 50 25 said
780 2514 24 19 to
815 2509 72 24 share.
924 2508 64 25 That
1000 2509 54 30 duty
1066 2510 19 23 is
1103 2515 22 18 to
1144 2517 78 17 secure
1234 2516 23 18 to

674 2544 65 24 those
761 2550 51 16 men
825 2551 13 15 a
848 2543 42 23 fair
901 2542 62 28 trial,
977 2543 27 30 by
1018 2550 12 15 a
1043 2543 41 23 fair
1100 2543 62 30 jury.
1199 2544 59 24 Thia

673 2578 20 23 if
703 2578 53 28 they
767 2584 37 16 are
816 2576 86 23 British
913 2576 99 30 subjects
1021 2576 52 30 they
1082 2584 37 15 are
1129 2576 88 24 intitled
1227 2582 30 24 to,
1265 2589 3 12 ;

673 2611 45 23 and
731 2610 19 23 if
765 2609 31 31 by
808 2618 43 23 any
863 2616 76 17 means
958 2609 92 32 passion
1063 2617 24 15 or
1105 2609 114 32 prejudice
1239 2612 19 22 is

674 2642 93 25 allowed
785 2648 23 19 to
821 2648 89 26 operate
927 2643 24 22 in
964 2642 39 23 the
1015 2642 99 24 decision
1126 2651 61 24 upon
1200 2644 59 24 their

674 2684 59 20 case,
747 2677 17 22 it
775 2676 46 24 will
832 2676 76 24 reflect
920 2676 102 30 disgrace
1035 2684 60 24 upon
1107 2677 38 23 the
1158 2677 98 31 Colony.

708 2710 48 25 But
767 2710 17 23 it
795 2717 52 23 may
858 2710 29 23 be
899 2709 56 28 said,
970 2710 62 23 there
1045 2710 20 23 is
1076 2717 29 16 no
1117 2711 103 22 occasion
1234 2715 25 20 to

674 2744 121 30 anticipate
803 2751 28 15 an
839 2743 74 23 unfair
922 2742 94 29 verdict,
1025 2743 71 23 when'
1099 2743 61 23 there
1174 2744 19 22 is
1201 2744 58 24 little

675 2781 105 28 prospect
792 2776 26 23 of
832 2776 38 23 the
881 2781 75 18 actors
978 2783 23 16 m
1014 2776 49 23 that
1080 2777 93 31 tragedy
1192 2778 70 31 being

675 2809 100 32 brought
790 2813 23 20 to
826 2809 58 24 trial.
920 2809 44 23 We
983 2816 36 16 are
1033 2810 98 23 satisfied
1150 2811 52 30 they
1216 2812 45 23 will

675 2844 36 24 be.
750 2842 21 25 A
790 2842 86 32 steady,
897 2842 141 28 reasonable,
1051 2848 88 26 urgent,
1162 2844 44 23 and
1224 2852 37 16 re-

675 2876 99 34 spectful
785 2876 95 24 demand
892 2876 34 23 for
944 2876 93 31 justice,
1050 2883 46 16 was
1115 2884 68 16 never
1195 2877 66 25 made

676 2916 22 19 to
711 2910 37 25 the
761 2914 49 19 true
829 2909 188 32 Representative
1030 2909 24 24 of
1070 2909 38 24 the
1120 2910 87 24 British
1221 2919 40 16 na-

676 2945 47 23 tion
736 2943 94 24 without
841 2943 64 23 avail.
943 2943 24 23 A
978 2950 83 24 person
1073 2943 72 24 whom
1157 2944 106 24 accident

677 2978 40 23 has
731 2976 100 24 invested
845 2976 52 24 with
918 2976 115 31 authority
1046 2976 48 24 that
1106 2976 28 23 he
1155 2977 56 24 does
1223 2983 40 18 not

677 3011 67 24 know
762 3009 49 24 how
824 3015 21 18 to
863 3018 48 20 use,
931 3018 52 22 may
1002 3015 40 19 not
1059 3011 165 31 unreasonably
1233 3011 28 24 be

676 3044 108 32 expected
813 3048 24 18 to
864 3043 105 28 hesitate,
992 3048 22 18 to
1043 3044 172 30 procrastinate,
1238 3050 23 19 to

677 3077 91 28 shuffle,
779 3077 25 23 in
816 3085 14 15 a
841 3077 64 23 crisis
918 3076 49 24 like
979 3076 38 24 the
1029 3082 98 25 present.
1164 3077 48 24 But
1225 3077 36 25 the

677 3118 53 17 man
750 3110 50 23 who
819 3110 40 23 has
878 3109 39 24 the
927 3109 132 24 confidence
1071 3110 24 23 of
1115 3110 36 23 the
1173 3110 89 25 British

677 3144 164 27 Government,
854 3143 127 32 appointed,
995 3142 57 24 after
1073 3143 37 24 the
1131 3144 131 25 difficulties

677 3177 73 24 which
759 3176 65 23 beset
836 3176 37 24 the
885 3176 158 23 Government
1051 3176 26 23 of
1085 3177 62 24 these
1160 3176 101 31 Islands,

677 3211 46 23 will
733 3217 63 16 come
807 3210 53 23 here
867 3208 112 33 prepared
991 3215 22 17 to
1021 3214 59 19 meet
1090 3210 63 24 those
1161 3210 99 24 difficul-

677 3245 52 23 ties.
757 3243 50 24 The
815 3243 63 23 crisis
889 3250 52 22 may
950 3242 57 23 have
1015 3243 88 23 arrived
1115 3251 80 16 sooner
1208 3244 53 24 than

677 3279 19 22 it
703 3284 46 16 was
762 3275 106 33 expected
880 3276 42 22 but
931 3276 18 22 it
961 3275 45 23 will
1019 3281 40 18 not
1071 3276 61 24 deter
1145 3277 47 24 him
1203 3281 60 21 irom

678 3310 39 25 the
729 3310 123 25 execution-
859 3309 25 23 of
892 3309 36 23 his
941 3309 64 31 duty.
1042 3310 53 23 And
1108 3310 17 23 it
1136 3311 20 23 is
1168 3310 51 24 well
1227 3311 36 24 for

678 3344 39 24 the
731 3343 87 31 Colony
830 3342 48 24 that
898 3342 39 24 the
949 3343 73 22 active
1039 3350 114 18 measures
1165 3351 39 17 are
1213 3344 51 24 -left

678 3378 35 23 for
726 3377 97 31 Captain
841 3376 102 30 Fitzroy,
949 3380 35 19 .to,
992 3375 71 24 direct
1075 3383 29 16 on
1122 3377 37 23 his
1171 3377 91 24 arrival.

678 3410 156 30 Proceedings
844 3409 76 31 rashly
924 3408 142 25 undertaken
1070 3420 6 17 j
1086 3409 44 24 and
1134 3410 68 31 badly
1209 3418 54 16 con-

679 3443 81 24 ducted
772 3443 74 31 might
856 3443 50 23 lead
911 3446 30 19 'to
953 3450 30 15 an
995 3443 116 23 extensive
1120 3443 78 24 Moari
1209 3451 55 22 war,

678 3476 74 25 which
764 3476 55 24 skill
830 3476 43 23 and
885 3476 115 31 prudence
1011 3476 25 22 in
1047 3478 216 29 management-will

678 3510 74 24 avoid.
913 3514 4 4 '
1100 3527 3 3 ■

1976 121 164 21 PUBLIC

1923 173 23 24 A
1966 172 82 25 Public
2057 173 108 32 -Meeting
2185 182 45 16 was
2322 181 23 18 at
2362 176 105 29 Barrett's

1892 205 78 29 Hotel,
1983 214 28 15 on
2034 207 112 31 Saturday
2159 209 103 29 evening,
2275 207 101 25 October
2398 213 36 27 14,
2448 218 18 20 to

1890 239 103 23 consider
2004 239 38 23 the
2054 241 115 29 propriety
2181 242 25 21 of
2218 242 105 29 entering
2335 242 46 23 into
2393 251 13 14 a
2418 247 48 22 sub-

1890 273 116 29 scription,
2014 272 37 23 for
2061 273 37 22 the
2107 280 96 24 purpose
2213 274 24 23 of
2248 275 101 29 erecting
2357 283 12 14 a
2383 275 81 26 Memo.

1890 304 43 23 rial
1954 310 22 17 to
2001 313 40 15 our
2054 304 72 24 fellow
2145 306 107 24 colonists
2269 306 49 24 who
2337 307 39 23 fell
2394 314 23 18 at
2434 311 33 25 the

1891 338 117 22 Massacre
2021 338 26 22 of
2062 337 102 24 Wairua.

1924 370 52 25 The
1995 370 64 24 Hoff.
2082 370 35 24 H.
2126 371 50 23 -W*
2199 371 97 29 Petre,
2317 372 84 32 having
2417 375 50 27 been

1891 402 72 24 called
1974 409 21 17 to
2010 403 48 23 thV
2061 402 78 25 Chair.
2148 418 2 6 .

1898 435 11 12 *'
1925 435 53 24 Mr.
1992 436 99 23 Stokes
2103 437 28 23 In
2145 438 122 30 proposing
2278 438 39 23 the
2329 439 50 23 first
2388 442 78 23 resolu.

1891 470 56 27 tion,
1960 469 48 23 said
2020 469 48 23 that
2086 469 29 23 he
2128 470 39 23 felt
2178 470 113 24 confident
2304 471 48 24 that
2364 472 37 23 the
2412 482 54 22 sym-

1891 502 88 31 pathies
1992 503 24 22 of
2035 503 37 22 the
2092 504 98 29 meeting
2206 511 59 15 were
2285 511 25 16 so
2329 506 92 30 warmly
2431 515 35 17 en.

1891 536 73 29 gaged
1981 536 23 22 in
2018 536 37 22 the
2067 543 69 15 cause
2148 541 23 17 to
2183 536 72 23 which
2268 537 17 23 it
2302 537 100 24 referred
2415 547 21 15 as
2449 546 18 19 to

1891 569 77 22 insure
1987 569 28 22 its
2037 569 136 22 unanimous
2192 569 114 31 adoption.
2350 570 66 31 They
2430 572 39 27 had

1891 606 47 18 met
1959 600 49 24 that
2027 602 97 29 evening
2145 607 21 17 to
2178 602 65 23 mark
2263 603 29 30 by
2313 611 62 16 some
2392 605 76 26 tribute

1893 642 61 15 more
1966 634 112 30 enduring
2088 634 54 23 than
2152 635 37 22 the
2197 635 136 24 resolutions
2342 636 24 23 of
2375 645 14 15 a
2399 639 70 29 public

1892 668 107 29 meeting,
2011 666 57 24 their
2081 668 106 22 heartfelt
2199 673 73 26 regret
2289 670 36 22 for
2338 670 37 23 the
2393 670 44 24 loss
2451 674 19 23 of

1893 708 40 15 our
1944 700 74 23 fellow
2031 700 116 29 colonists,
2160 701 74 24 whose
2256 702 56 23 lives
2324 703 45 22 had
2382 703 54 24 been
2448 714 20 16 so

1893 734 85 30 cruelly
2001 733 125 24 sacrificed.
2171 734 66 23 After
2261 735 111 31 referring
2395 742 22 18 to
2437 739 32 24 the

1893 767 88 30 neglect
1995 767 45 23 and
2059 767 102 30 hostility
2173 768 149 30 experienced
2340 769 30 31 by
2382 769 36 24 the
2429 777 40 18 set.

1894 798 104 25 dements
2016 800 24 23 in
2060 800 85 23 Cook's
2167 800 90 30 Straits,
2270 802 58 23 from
2350 802 37 24 the
2406 802 64 27 Local

1894 832 164 29 Government,
2071 833 29 23 he
2113 834 122 29 proceeded
2249 839 22 18 to
2284 835 101 29 observe,
2387 849 33 4 —
2423 837 21 23 It
2454 839 15 23 is

1895 870 38 19 not
1945 874 28 15 an
1986 874 56 22 open
2056 874 80 22 enemy
2145 866 48 23 that
2204 867 55 23 hath
2268 868 58 22 done
2338 876 26 15 us
2376 869 46 23 this
2430 870 40 24 dis-

1894 898 94 29 honour,
2001 899 36 23 for
2050 899 53 22 then
2117 906 31 16 we
2161 899 64 23 could
2241 899 58 23 have
2310 900 74 28 borne,
2398 903 25 28 it,
2435 911 36 18 our

1894 932 147 23 misfortunes
2053 939 37 15 are
2103 936 22 19 to
2138 932 27 23 be
2176 933 123 25 attributed
2311 934 81 31 chiefly
2406 941 20 18 to
2438 937 32 25 the

1896 969 89 26 present
1999 964 71 24 Local
2084 964 162 30 Government,
2260 971 22 19 to
2294 974 14 15 a
2319 972 92 26 quarter
2420 969 49 26 from

1896 997 71 24 which
1997 1006 24 15 as
2053 997 87 24 British
2167 998 107 31 subjects,
2303 1007 35 16 we
2357 1002 72 29 ought
2453 1011 19 17 to

1896 1031 56 22 have
1974 1031 101 23 received
2097 1029 58 32 only,
2161 1031 109 25 kindness
2288 1033 43 23 and
2351 1035 120 26 considera-

1897 1064 55 23 tion.
1999 1064 113 23 However
2135 1064 38 23 the
2197 1065 155 25 Government
2376 1068 96 26 Officials

1897 1104 51 23 may
1961 1097 73 23 desire
2047 1103 21 17 to
2081 1097 90 31 palliate
2190 1098 37 23 the
2237 1099 77 23 effects
2327 1101 25 22 of
2362 1101 58 23 their
2430 1110 41 18 own

1897 1135 55 23 acts,
1966 1130 43 23 and
2021 1131 42 22 call
2077 1138 28 15 an
2118 1131 106 23 inhuman
2242 1133 98 28 murder,
2354 1141 28 16 an
2403 1136 68 24 unfor-

1898 1167 77 19 tunate
1987 1163 112 29 collision,
2108 1172 25 14 or
2145 1164 116 31 designate
2272 1166 30 30 by
2310 1167 38 23 the
2361 1167 54 23 mild
2424 1172 47 23 term

1898 1197 24 22 of
1932 1196 154 23 inadvertence
2099 1197 37 23 the
2155 1197 121 24 deliberate
2288 1200 83 23 insults
2389 1201 43 23 and
2442 1204 29 22 in-

1894 1229 81 30 juries,
1988 1230 73 23 which
2074 1230 59 23 their
2150 1231 176 30 proclamations
2339 1234 103 24 continue
2454 1241 18 18 to

1898 1263 57 31 heap
1968 1271 60 23 upon
2039 1271 26 15 us
2074 1271 7 20 ;
2096 1263 12 23 I
2121 1263 34 23 for
2168 1271 41 16 one
2221 1271 42 16 can
2276 1273 67 16 never
2355 1273 91 19 consent
2455 1275 17 18 to

1898 1297 55 22 view
1967 1297 37 22 the
2016 1296 45 24 late
2082 1296 106 31 unhappy
2201 1303 78 18 events
2297 1299 22 23 in
2340 1299 36 23 the
2389 1300 55 31 light
2453 1303 18 23 in

1898 1329 73 23 which
1991 1329 52 31 they
2058 1329 71 24 would
2142 1331 72 22 desire
2236 1336 22 18 to
2277 1331 64 31 place
2359 1333 68 29 them,
2438 1335 34 24 but

1898 1362 120 31 according
2035 1367 21 19 to
2068 1362 32 24 all
2112 1363 36 23 the
2160 1362 104 25 evidence
2277 1365 73 23 which
2370 1366 41 24 has
2423 1368 48 25 been

1897 1395 121 31 produced,
2038 1400 62 19 must
2116 1397 102 22 consider
2230 1405 41 16 our
2287 1398 186 27 fellow-colonists

1898 1433 23 18 at
1929 1429 94 23 Wairau
2035 1434 22 18 to
2066 1429 56 23 have
2131 1430 56 23 been
2197 1430 146 33 barbarously
2354 1434 117 26 murdered.

1900 1461 24 24 If
1940 1463 37 22 the
1987 1469 92 25 present
2097 1461 70 25 Local
2187 1463 158 25 Government
2366 1466 57 25 have
2442 1476 30 16 re«

1899 1495 64 24 fused
1976 1500 21 19 to
2010 1500 95 26 support
2118 1497 36 22 the
2171 1496 102 26 Queen's
2286 1499 115 31 authority
2416 1501 55 24 what;

1898 1528 17 23 ii
1929 1529 40 23 has
1983 1529 56 23 been
2053 1529 123 31 attempted
2192 1536 21 17 to
2234 1531 28 23 be
2281 1532 104 23 enforced
2397 1533 28 31 by
2439 1535 33 24 the

1898 1569 82 24 proper
2001 1562 96 28 officers,
2119 1563 19 22 if
2156 1564 50 30 they
2226 1564 57 24 have
2305 1566 118 29 permitted
2440 1568 32 25 the

1898 1595 41 23 law
1958 1602 20 16 to
2003 1595 28 23 be
2055 1596 97 23 violated
2171 1597 44 23 and
2237 1598 110 31 trampled
2369 1607 58 23 upon
2448 1601 24 31 by

1899 1629 121 23 barbarous
2034 1637 102 23 savages,
2150 1630 19 22 if
2185 1630 50 29 they
2250 1631 57 23 have
2318 1632 95 24 suffered
2427 1634 45 24 M.J*

1898 1663 106 29 gistrate3
2033 1663 25 23 of
2084 1663 58 23 their
2163 1671 47 15 own
2235 1666 155 29 appointment
2411 1672 19 18 to
2449 1668 23 24 bs

1899 1695 128 24 massacred
2050 1698 22 21 in
2099 1696 36 23 the
2157 1698 117 22 execution
2296 1698 25 23 of
2343 1698 56 24 their
2417 1700 55 32 duty,

1898 1728 45 24 and
1959 1728 104 24 murder's
2075 1729 25 23 of
2117 1729 35 24 the
2166 1736 58 17 most
2237 1731 111 31 revolting
2366 1738 74 19 nature
2453 1741 19 16 to

1899 1762 84 23 remain
1998 1762 93 24 without
2104 1763 152 30 punishment,
2277 1765 93 23 without
2387 1766 83 31 judiciai

1900 1796 94 30 enquiry
2002 1805 7 19 ;
2013 1808 32 4 —
2045 1803 62 23 xipon
2115 1796 61 23 them
2186 1802 58 18 rests
2255 1798 36 23 the
2305 1800 165 31 responsibility,

1900 1828 37 23 the
1945 1829 56 31 deep
2011 1829 111 31 disgrace.
2159 1829 42 24 We
2213 1835 23 19 at
2246 1831 59 23 least
2317 1832 54 24 have
2381 1833 34 23 the
2424 1842 45 15 con-

1900 1861 96 24 solation
2009 1863 25 23 of
2051 1862 107 32 knowing
2171 1863 46 24 that
2236 1872 34 15 we
2364 1866 56 23 done
2437 1875 35 16 out

1900 1896 54 30 duty
1968 1896 23 23 in
2002 1896 39 23 the
2054 1898 77 29 trying
2143 1897 44 23 and
2203 1898 108 31 unhappy
2331 1900 102 23 situation
2452 1901 20 23 in

1901 1928 73 24 which
1987 1937 31 15 we
2030 1930 58 23 have
2100 1930 56 23 been
2169 1930 86 31 placed.
2292 1931 52 24 One
2355 1941 60 15 more
2425 1934 47 30 duty

1899 1974 34 4 —
1936 1962 36 23 the
1985 1962 43 23 last
2031 1975 31 4 —
2064 1964 18 21 is
2096 1964 47 22 still
2154 1964 102 30 required
2278 1965 26 22 of
2320 1974 39 21 usj
2383 1967 49 22 and-.
2446 1974 28 16 w&

1900 1993 57 23 have
1969 1995 2 4 '
1979 1999 47 17 met
2044 1994 45 22 this
2110 1996 95 27 evening
2226 2001 23 15 to
2268 1997 100 20 consider
2376 1995 57 23 ~Uow
2443 2003 29 15 via

1901 2033 50 23 may
1966 2026 48 22 best
2027 2025 99 29 perform
2139 2026 25 22 it.
2209 2025 43 23 We
2272 2026 73 23 desire
2364 2032 22 18 to
2397 2033 56 18 erect
2462 2037 11 14 &

1901 2058 84 31 lasting
1996 2063 133 18 monument
2141 2063 22 18 to
2176 2067 40 15 our
2223 2058 73 24 fellow
2309 2060 112 24 Colonists
2432 2061 40 24 who

1901 2091 59 23 have
1980 2091 69 23 fallen
2069 2097 22 18 at
2115 2091 99 29 Wairau,
2236 2098 22 16 to
2277 2093 77 23 record
2375 2102 39 15 our
2425 2094 47 33 d«p

1902 2133 97 15 concern
2011 2125 34 23 for
2060 2124 36 24 the
2114 2125 45 23 loss
2171 2125 71 23 which
2257 2133 30 15 we
2300 2126 55 24 have
2368 2129 104 23 sustained

1903 2159 23 22 in
1938 2159 59 22 their
2009 2157 75 29 death,
2098 2166 40 15 our
2150 2158 78 24 horror
2239 2163 23 19 at
2274 2159 36 22 the
2324 2160 59 23 cruel
2392 2169 82 16 manner

1903 2192 23 22 in
1938 2192 73 22 which
2022 2192 53 30 they
2085 2199 58 16 were
2155 2192 65 27 slain,
2240 2200 41 16 our
2293 2192 61 24 c!og»
2370 2194 42 22 and
2428 2195 46 23 inti-

1902 2230 61 18 mate
1973 2225 69 22 union
2055 2225 53 24 with
2120 2225 37 24 the
2169 2233 66 16 cause
2246 2226 24 23 in
2289 2225 74 25 which
2375 2227 49 31 they
2435 2228 40 28 fell,

1903 2258 43 23 and
1971 2266 40 15 our
2035 2260 122 29 testimony
2180 2265 21 17 to
2226 2259 59 23 their
2307 2261 83 29 private
2403 2262 70 23 worth.

1903 2291 24 24 It
1938 2292 20 23 is
1971 2297 39 18 not
2019 2293 108 29 requisite
2140 2292 47 23 that
2199 2292 54 23 each
2267 2293 123 24 individual
2401 2294 71 24 should

1903 2325 128 23 contribute
2050 2326 93 30 largely,
2162 2326 41 23 but
2221 2326 18 23 it
2256 2326 21 23 is
2288 2326 22 23 in
2324 2327 37 23 the
2371 2335 70 24 power
2457 2329 21 23 of

1903 2366 67 23 every
1983 2366 50 21 one,
2048 2359 36 22 the
2097 2358 121 29 humblest,
2233 2359 37 24 the
2281 2366 89 24 poorest
2382 2368 95 24 amongst

1903 2399 36 21 us,
1952 2397 22 17 to
1987 2392 128 23 contribute
2130 2393 130 31 something
2271 2398 23 20 to
2308 2393 62 25 mark
2390 2394 33 23 his
2441 2402 34 25 ap.

1904 2425 78 31 proval
1995 2426 23 22 of
2036 2434 39 15 our
2088 2426 87 30 design,
2187 2427 43 22 and
2242 2434 51 15 sure
2308 2427 11 23 I
2331 2435 35 15 am
2388 2428 46 23 that
2450 2435 27 17 we

1903 2459 58 23 have
1973 2459 54 30 only
2039 2465 22 17 to
2074 2459 67 23 make
2154 2460 36 23 the
2200 2460 88 31 appeal,
2303 2466 22 17 to
2345 2462 82 22 receive
2446 2462 32 23 the

1904 2492 85 23 cordial
2017 2494 158 29 co-operatioa
2185 2505 5 4 -
2205 2494 25 22 of
2256 2501 68 22 every
2354 2494 57 30 good
2438 2494 39 24 and

1905 2526 80 22 honest
1997 2526 65 23 heart
2074 2527 22 21 in
2110 2526 63 23 these
2193 2526 98 28 Islands,
2311 2527 44 23 and
2376 2533 38 18 not
2432 2528 45 31 only

1904 2559 62 28 here,
1986 2559 41 23 but
2046 2559 114 23 wherever
2180 2568 28 15 an
2227 2559 153 32 Englishman
2397 2569 38 15 can
2456 2562 23 23 be

1905 2592 77 29 found,
1999 2592 50 24 who
2065 2592 58 24 shall
2140 2593 52 23 hear
2211 2593 37 23 the
2261 2593 39 23 sad
2312 2598 62 25 story
2388 2594 23 23 of
2427 2595 51 23 their

1905 2625 143 31 melancholy
2059 2625 53 24 fate.

1934 2666 18 20 1.
1968 2664 59 22 That
2036 2664 156 26 subsoiptiona
2203 2664 27 22 be
2248 2665 94 23 entered
2355 2665 46 23 into
2412 2666 24 23 in
2449 2666 30 22 aid

1905 2691 27 22 of
1938 2698 14 14 ft
1962 2691 54 23 fund
2023 2692 35 21 for
2063 2692 38 21 the
2109 2698 90 21 purpose
2206 2691 26 23 of
2239 2692 123 28 erectingsa
2370 2692 109 23 Memorial

1906 2722 23 17 to
1938 2725 41 15 our
1988 2718 74 23 feliow
2078 2719 105 21 colonists
2200 2717 48 23 who
2265 2726 56 14 were
2338 2719 115 23 murdered
2462 2724 18 16 at

1907 2745 97 27 Wairau,
2016 2745 23 22 in
2058 2745 132 28 attempting
2206 2749 22 18 tv
2242 2745 85 27 uphold
2345 2746 36 22 the
2391 2747 89 24 Queen's

1906 2773 121 27 authority,
2039 2773 43 21 and
2094 2773 48 21 that
2159 2773 36 22 the
2211 2773 100 22 smallest
2328 2774 152 22 contributions

1907 2799 27 21 be
1943 2799 103 23 received
2057 2800 22 22 in
2091 2799 141 23 furtherance
2240 2800 25 21 of
2273 2799 44 22 this
2326 2801 80 26 object.

1941 2836 51 23 The
2004 2835 124 24 resolution
2141 2842 46 16 was
2198 2836 110 23 seconded
2322 2837 29 30 by
2362 2836 23 24 J.
2407 2836 73 23 Bout*

1907 2876 71 21 cott,
1997 2869 68 31 Esq.,
2079 2869 45 22 and
2135 2869 85 23 carried
2235 2870 167 30 unanimously.

1942 2908 24 24 It
1982 2916 45 15 was
2044 2907 80 24 moved
2145 2907 30 30 by
2199 2907 36 23 W.
2256 2907 150 28 Vavasour,
2423 2907 57 31 Esq.,

1907 2942 112 23 seconded
2032 2941 28 30 by
2074 2940 50 24 Dr.
2134 2940 201 28 Featherston,
2348 2941 44 23 and
2406 2940 74 24 carried

1907 2973 169 31 unanimously.

1934 3013 21 20 2.
1970 3010 59 22 That
2044 3017 14 14 a
2074 3009 132 23 Committee
2224 3010 28 22 be
2270 3009 87 23 formed
2366 3014 23 18 to
2404 3009 76 23 receive

1907 3037 167 28 subscriptions,
2086 3036 45 22 and
2147 3041 23 17 to
2187 3044 62 21 carry
2259 3037 48 21 into
2324 3037 66 22 effect
2407 3037 34 21 the
2453 3037 27 20 in-

1908 3065 96 22 tentions
2014 3064 26 22 of
2048 3063 37 23 the
2096 3067 89 24 present
2194 3063 105 28 meeting,
2310 3063 38 22 the
2359 3063 121 23 Committee

1908 3097 23 17 to
1941 3092 27 22 be
1980 3091 118 27 composed
2109 3091 25 22 of
2141 3090 37 22 the
2189 3091 114 26 following
2312 3098 90 20 persons
2403 3101 26 5 —

2046 3118 62 22 Hon.
2121 3118 29 22 H.
2163 3118 35 22 W.
2209 3118 73 26 Petre,
2293 3117 58 28 J.P.,

2045 3145 95 28 Captain
2150 3145 97 27 Daniell,
2259 3144 58 27 J.P.,
2462 3144 3 10 :

2046 3173 41 22 Dr.
2103 3173 88 26 Dorset,

2047 3199 34 23 W.
2093 3199 144 28 Fitzherbert,
2253 3199 61 28 Esq.,
2326 3198 57 26 J.P.,

2046 3226 35 22 W.
2094 3226 98 27 Guytoh,
2204 3227 60 27 Esq.,
2275 3225 59 26 J.P.,

2047 3253 28 23 G.
2088 3253 95 27 Hunter,
2194 3253 60 29 Esq.,

2046 3281 40 22 Dr.
2098 3281 81 26 Evans,
2190 3280 56 26 J.P.,

2048 3307 26 23 E.
2084 3307 110 26 Johnson,
2206 3307 59 28 Eiq.,

2048 3334 33 21 W.
2093 3334 73 27 Lyon,
2177 3334 60 27 Esq.,

2046 3361 24 22 F.
2082 3361 30 21 A.
2123 3359 152 27 Molesworth,
2288 3359 60 30 Esq.,

2046 3387 24 23 C.
2083 3387 34 22 M.
2129 3387 84 27 Penny,
2228 3387 61 28 Esq.,

2046 3415 63 26 Capt.
2120 3413 78 26 Smith,
2209 3414 69 27 R.A.,
2289 3414 50 22 J.P.

1944 3445 24 24 It
1980 3452 44 16 was
2036 3443 80 24 moved
2137 3443 31 29 by
2185 3443 43 23 Dr.
2246 3443 113 28 Dorset,
2379 3439 100 28 seconded

1908 3480 30 30 by
1959 3478 30 24 £.
2006 3477 127 27 Johnson,
2155 3476 66 31 Esq.,
2244 3476 44 24 and
2308 3476 84 24 carried
2409 3474 70 24 unani'

1910 3511 97 31 mously.

1936 3545 21 21 3.
1972 3542 58 22 That
2040 3541 22 22 J.
2074 3540 110 26 Boulcott,
2193 3541 51 28 Esq.
2255 3542 27 21 be
2292 3539 117 30 requested
2420 3544 19 17 to
2447 3540 32 19 act

1910 3578 24 14 as
1943 3571 127 23 Treasurer,
2082 3568 46 21 and
2138 3568 28 21 R.
2178 3567 85 27 Stokes,
2274 3568 54 28 Esq.
2338 3575 24 14 at
2373 3568 106 22 Secretary

1910 3601 23 17 to
1943 3597 36 21 the
1990 3595 141 22 Committee.

1943 3632 50 24 Dr.
2008 3631 89 23 Evai&s
2110 3631 79 25 moved
2202 3630 37 23 the
2251 3631 40 22 4th
2305 3629 125 28 resolution,
2442 3625 38 25 and

1910 3665 49 25 said
1971 3665 49 23 that
2037 3664 28 23 he
2084 3664 114 31 regretted
2218 3664 38 23 the
2275 3663 118 23 smallness
2413 3661 22 23 of
2449 3659 31 24 the

1910 3698 132 25 attendance
2056 3697 25 23 of
2090 3697 39 23 the
2140 3697 104 31 working
2255 3696 92 29 classes,
2359 3695 43 24 and
2413 3695 26 23 he
2449 3700 31 16 re-

1910 3731 87 32 gretted
2025 3730 46 24 this
2094 3730 98 24 because
2211 3730 55 31 they
2291 3737 65 20 were,
2377 3736 28 15 on
2423 3731 57 25 every

1908 3764 98 33 ground,
2019 3763 81 32 deeply
2111 3763 123 24 interested
2244 3763 23 23 in
2279 3763 39 23 the
2329 3761 72 32 object
2413 3760 22 23 of
2449 3759 31 23 th«

1910 3798 107 30 meeting.
2064 3797 25 23 A
2112 3796 105 32 majority
2240 3796 25 22 of
2281 3796 37 23 the
2341 3794 101 24 sufferers
2463 3796 17 18 at

1911 3832 94 23 Wairau
2015 3830 113 30 belonged
2140 3835 22 18 to
2175 3830 67 27 them,
2256 3828 45 24 and
2319 3827 52 31 they
2383 3834 54 16 were
2449 3824 31 24 the

1912 3865 49 24 first
1973 3869 22 18 to
2007 3864 28 22 be
2043 3863 90 32 injured
2144 3863 29 30 by
2183 3869 42 23 any
2235 3861 149 31 interruption
2395 3859 25 24 of
2428 3857 52 31 agri-

1912 3896 95 26 cultural
2030 3896 99 24 labours.
2176 3895 45 23 But
2243 3893 29 24 he
2294 3892 120 25 attributed
2432 3890 48 24 their

1911 3932 96 23 absence
2020 3935 22 17 to
2055 3937 31 15 an.
2093 3929 137 23 insufficient
2241 3928 75 23 notice
2328 3926 25 23 of
2368 3925 37 24 the
2418 3926 62 21 noeet-

1317 1485 64 22 With
1393 1489 88 27 respect
1493 1490 22 18 to
1529 1485 37 23 the
1580 1485 103 31 working
1693 1485 85 25 classes
1787 1486 81 31 falling

1284 1517 57 24 back
1355 1525 60 24 upon
1428 1518 37 23 the
1484 1518 141 30 regulations
1644 1519 25 24 of
1684 1519 37 23 the
1741 1520 126 31 Company,

1284 1550 118 24 whenever
1414 1551 51 30 they
1479 1560 38 14 are
1529 1557 39 17 out
1581 1552 25 22 of
1621 1552 160 31 employment,
1799 1555 17 21 it
1826 1561 41 15 can

1284 1592 41 15 can
1338 1584 78 30 hardly
1428 1585 28 22 bs
1468 1585 115 30 supposed
1596 1586 48 22 that
1657 1586 64 23 thosa
1730 1586 138 30 regulation.?

1284 1625 37 15 are
1334 1622 22 18 to
1367 1618 67 31 apply
1448 1623 20 18 to
1481 1618 39 23 the
1536 1623 93 26 present
1648 1626 58 16 case.
1756 1619 53 24 Had
1831 1620 37 23 the

1284 1652 123 28 emigrants
1420 1651 55 23 been
1489 1651 117 31 neglected
1620 1659 24 16 or
1657 1652 93 23 without
1762 1653 103 31 employ-

1284 1689 61 18 ment
1358 1684 151 31 immediately
1529 1686 57 22 after
1606 1685 58 24 their
1685 1686 81 22 arrival
1788 1687 23 22 in
1832 1687 36 23 the

1284 1717 96 29 Colony,
1402 1719 52 21 then
1474 1718 53 30 they
1546 1719 74 23 would
1642 1719 54 23 have
1716 1720 79 23 claims
1809 1727 59 24 upon

1283 1750 39 23 the
1339 1751 117 30 Company
1466 1760 5 19 ;
1493 1752 40 22 but
1552 1759 50 15 now
1614 1752 49 23 that
1682 1760 66 22 many
1766 1753 26 23 of
1808 1753 60 23 them

1284 1784 56 23 have
1353 1784 55 23 been
1421 1784 51 23 here
1487 1785 33 22 for
1533 1793 62 15 mare
1607 1786 55 22 than
1675 1785 63 24 three
1757 1793 73 23 years,
1853 1787 16 22 it

1284 1818 19 22 is
1322 1818 96 22 difficult
1437 1824 21 16 to
1473 1825 39 16 see
1533 1818 49 23 how
1603 1819 38 23 the
1661 1819 47 23 rule
1722 1827 60 24 upon
1795 1819 72 24 which

1284 1850 52 30 they
1346 1851 33 22 fix
1391 1851 58 23 their
1460 1851 71 31 hopes
1543 1860 43 15 can
1598 1852 27 23 be
1640 1853 69 30 urged
1721 1860 58 16 now.

1319 1891 41 24 We
1384 1892 58 23 have
1461 1893 85 30 always
1569 1893 65 29 been,
1661 1894 43 23 and
1726 1901 37 16 are
1782 1894 53 28 still,
1858 1902 13 14 a

1284 1926 86 23 sincere
1380 1926 74 23 friend
1466 1927 25 23 of
1498 1927 36 23 the
1547 1926 174 32 hard-working
1731 1927 139 23 industrious

1284 1960 118 29 emigrant,
1412 1959 44 24 and
1462 1960 22 23 if
1490 1960 36 23 his
1532 1965 91 25 present
1633 1960 95 23 distress
1736 1961 71 23 arises
1813 1960 57 24 from

1284 1991 123 29 legitimate
1419 2000 87 19 causes,
1520 2000 33 14 we
1565 1993 44 21 will
1622 2000 40 15 use
1675 1999 41 15 our
1728 1992 111 23 influence
1849 1998 21 16 to

1284 2023 76 23 obtain
1371 2023 48 23 that
1428 2023 91 24 redress
1532 2023 73 23 which
1616 2021 108 33 publicity
1736 2023 26 23 of
1767 2023 35 23 his
1811 2025 60 29 gris-

1284 2063 82 16 vances
1378 2064 41 15 can
1433 2063 90 16 ensure.

1513 2118 131 21 FLAX.

1388 2166 30 16 TO
1439 2165 86 18 Stff.AW
1545 2166 65 17 PLAT
1630 2166 131 17 WORKERS.

1320 2192 42 23 We
1374 2192 58 24 have
1442 2192 68 31 lately
1523 2200 55 16 seea
1590 2200 14 16 a
1615 2191 40 24 hat
1665 2192 65 24 made
1752 2193 24 23 of
1795 2192 77 24 Pkor-

1287 2225 67 23 mium
1366 2228 74 25 tena&,
1454 2225 73 24 which
1538 2233 97 24 appears
1656 2226 24 23 in
1699 2234 68 22 every
1785 2232 88 26 respect

1287 2267 26 15 an
1327 2258 112 24 excellent
1451 2258 124 24 substitute
1587 2259 35 23 for
1634 2264 76 18 straw.
1748 2260 34 23 As
1794 2267 32 16 we
1835 2267 39 15 are

1287 2293 103 22 desirous
1411 2291 27 24 of
1456 2293 138 31 preventing
1614 2291 39 24 the
1672 2293 82 30 import
1776 2293 26 24 of
1824 2301 48 23 any

1287 2326 76 23 article
1383 2324 71 24 which
1474 2333 53 22 may
1545 2326 28 22 be
1592 2326 172 23 manufactured
1785 2327 24 23 in
1835 2326 39 24 the

1287 2359 95 31 Colony,
1406 2359 44 23 and
1472 2367 26 14 as
1522 2367 70 23 many
1614 2359 26 23 of
1667 2359 37 23 the
1733 2361 68 22 wives
1825 2360 49 23 and

1287 2392 120 30 daughters
1420 2393 26 22 of
1459 2392 119 24 labourers
1591 2400 29 15 no
1640 2393 70 23 doubt
1731 2394 143 22 understand

1287 2430 67 19 straw
1366 2425 105 31 platting,
1486 2433 33 15 we
1538 2425 54 28 will,
1613 2425 19 24 if
1649 2425 52 31 they
1717 2434 38 15 are
1775 2427 99 22 inclined

1287 2464 21 18 to
1330 2463 36 26 try
1385 2459 37 23 the
1443 2460 142 29 experiment
1604 2460 44 22 and
1667 2459 43 23 will
1731 2460 40 22 call
1792 2465 23 17 at
1834 2461 38 22 the

1289 2492 94 23 Gazette
1395 2492 80 28 office,-
1487 2497 41 26 put
1541 2492 63 23 them
1615 2493 22 22 in
1652 2492 36 23 the
1701 2500 48 24 way
1762 2493 25 23 of
1797 2494 78 29 seeing

1287 2525 38 23 the
1348 2526 113 29 specimen
1486 2525 73 23 which
1589 2533 46 15 was
1664 2526 69 31 lately
1759 2526 116 24 exhibited

1288 2563 22 18 to
1323 2566 34 15 us.

1449 2616 73 21 THE
1542 2616 168 21 MAORIES.

1322 2673 38 23 Ou
1373 2673 113 30 Saturday
1497 2673 74 29 week,
1583 2677 44 19 two
1639 2674 96 24 Native*
1751 2674 124 32 proceeded

1288 2711 24 20 to
1322 2714 14 15 a
1347 2706 63 31 place
1422 2706 84 24 known
1525 2715 25 14 as
1571 2707 76 23 Maori
1659 2707 66 28 Row,
1739 2715 27 16 on
1780 2707 34 24 Tc
1825 2708 50 23 Aro

1289 2740 61 28 Flat,
1362 2740 75 23 where
1449 2747 42 17 one
1503 2740 26 23 of
1538 2740 63 24 them
1614 2740 106 32 disposed
1732 2742 24 23 of
1766 2750 13 14 a
1790 2742 85 24 bundle

1289 2774 25 23 of
1329 2773 63 24 wood
1404 2777 22 19 to
1439 2782 14 14 a
1473 2773 69 24 white
1562 2781 95 21 woman,
1671 2775 34 22 for
1717 2783 13 14 a
1750 2775 66 23 small
1837 2776 41 23 fiat

1289 2808 59 23 iron.
1385 2806 39 24 He
1436 2825 3 4 .
1446 2806 172 33 subsequently,
1644 2808 110 28 however,
1766 2816 1 6 '
1775 2808 102 31 changed

1291 2841 35 23 his
1337 2840 71 29 mind,
1422 2841 43 22 and
1477 2840 56 23 took
1544 2840 39 23 the
1594 2841 64 23 wood
1673 2842 74 30 again,
1760 2841 44 24 and
1817 2842 22 23 in
1853 2849 25 16 so

1290 2874 69 29 doing
1370 2873 157 24 endeavoured
1539 2878 23 18 to
1575 2882 90 16 remove
1677 2882 63 16 some
1752 2875 72 23 which
1837 2875 40 23 be-

1289 2907 83 31 longed
1382 2912 23 17 to
1416 2906 38 23 the
1466 2914 97 17 woman.
1594 2907 59 24 This
1665 2908 40 23 she
1717 2908 104 28 resisted,
1834 2909 44 22 and

1289 2940 103 24 received
1412 2948 14 15 a
1446 2940 84 23 violent
1548 2940 59 24 blow
1628 2942 23 22 in
1673 2941 37 23 the
1732 2942 48 22 face
1792 2942 35 22 for
1839 2942 40 23 her

1289 2974 158 23 interference.
1482 2973 31 24 A-
1519 2982 53 15 man
1588 2973 49 24 who
1658 2982 45 15 was
1723 2974 111 32 standing'
1847 2975 31 30 by

1290 3006 96 24 assisted
1406 3006 39 24 the
1464 3013 96 22 woman,
1579 3007 65 23 when
1665 3006 37 24 the
1715 3006 63 24 other
1800 3008 79 23 Maori

1291 3041 59 22 drew
1362 3048 13 15 a
1386 3039 70 29 knife,
1475 3039 86 24 rushed
1573 3045 23 18 at
1606 3040 56 27 him,
1680 3040 43 23 and
1743 3048 44 15 was
1800 3041 79 24 within

1291 3081 30 17 an
1331 3073 50 23 inch
1395 3081 26 15 or
1434 3079 41 16 two
1487 3073 26 23 of
1529 3073 113 30 plunging
1653 3074 18 22 it
1686 3074 48 23 into
1747 3073 35 23 his
1794 3074 84 29 breast,

1291 3107 64 23 when
1367 3115 14 15 a
1401 3113 78 23 passer
1500 3106 29 29 by
1548 3105 42 25 fan
1610 3114 30 23 up
1661 3106 44 24 and
1722 3107 106 24 knocked
1840 3108 39 23 the

1291 3140 83 23 wretch
1390 3140 73 23 down.
1484 3150 3 4 •
1500 3139 52 24 The
1571 3139 84 24 Native
1675 3140 49 24 who
1740 3140 79 24 struck
1840 3142 40 24 the

1291 3180 86 17 woman
1399 3172 45 24 and
1461 3173 146 23 commenced
1627 3173 38 24 the
1684 3174 93 29 assault,
1791 3179 39 19 cut
1840 3175 40 24 the

1291 3206 56 25 head
1360 3206 25 23 of
1403 3215 13 14 a
1429 3206 66 23 white
1506 3214 54 16 man
1574 3206 100 33 through
1691 3207 38 24 his
1741 3216 41 23 cap
1794 3208 53 24 with
1867 3217 13 15 a

1292 3239 67 29 stick,
1371 3239 45 24 and
1428 3239 54 24 then
1504 3239 133 32 decamped.
1673 3240 51 24 The
1736 3241 78 24 Maori
1828 3242 52 24 who

1292 3273 122 31 attempted
1427 3277 23 19 to
1460 3280 41 16 use
1514 3273 39 24 the
1565 3273 64 24 knife
1650 3274 103 24 received
1771 3283 15 15 a
1802 3283 78 17 severe

1281 3317 2 15 :
1292 3307 33 24 thi
1329 3307 89 30 ashing,
1439 3305 73 25 which
1530 3314 33 16 we
1575 3311 60 19 trust
1653 3307 45 24 will
1717 3315 53 16 cure
1790 3308 48 24 him
1858 3309 22 23 of

1292 3340 55 24 such
1366 3339 52 24 like'
1434 3338 77 25 freaks
1524 3340 36 23 for
1571 3340 38 24 the
1628 3340 85 24 future.
1748 3341 25 23 A
1784 3341 96 25 number

1292 3374 25 23 of
1326 3373 95 24 Natives
1428 3372 88 24 arrived
1527 3373 59 23 from
1598 3372 39 25 the
1647 3373 46 31 pah
1705 3373 44 24 and
1757 3373 59 25 their
1825 3383 54 23 gar-

1293 3408 62 27 dens,
1375 3406 44 24 and
1432 3406 90 24 seemed
1534 3406 101 23 inclined
1654 3406 35 24 for
1707 3414 14 16 a
1733 3408 87 23 serious
1832 3408 48 24 dis-

1292 3440 108 25 turbance
1409 3448 6 19 ;
1435 3439 41 23 but
1494 3439 102 24 whether
1616 3439 54 31 they
1686 3447 59 16 were
1757 3441 75 24 cowed
1850 3442 30 31 by

1292 3474 38 24 the
1342 3479 138 26 appearance
1493 3472 26 25 of
1534 3472 59 23 their
1607 3473 148 31 companions
1767 3481 33 16 we
1813 3474 67 24 know

1293 3512 46 23 not,
1354 3507 42 23 hut
1407 3505 57 24 after
1481 3514 15 15 a
1513 3505 51 24 deal
1577 3505 26 24 of
1616 3506 111 31 vaunting
1738 3507 43 23 and
1794 3507 86 24 threat-

1293 3541 76 30 ening,
1381 3539 56 31 they
1454 3538 117 32 departed.
1607 3538 68 32 They
1686 3547 57 16 were
1759 3539 70 25 heard
1841 3541 39 24 the

1294 3582 61 16 same
1378 3573 97 30 evening
1494 3573 128 30 muttering
1644 3580 127 24 vengeance
1790 3575 90 30 against

1284 3631 2 4 ,
1294 3608 37 27 the
1343 3606 146 24 unfortunate
1501 3606 68 23 white
1581 3606 100 23 settlers.
1710 3606 48 24 But
1769 3606 38 24 the
1820 3613 60 18 most

1294 3639 168 31 extraordinary
1470 3639 88 23 feature
1566 3639 24 23 in
1599 3638 38 24 the
1642 3639 64 23 affair
1713 3641 100 23 remains
1823 3645 21 19 to
1852 3641 28 24 he

1294 3674 45 24 told
1341 3686 32 4 —
1376 3672 36 24 the
1434 3672 83 29 Maori,
1536 3672 52 23 who
1609 3680 46 15 was
1674 3680 28 16 on
1722 3673 37 24 the
1777 3669 65 35 point
1859 3675 21 23 of

1294 3707 80 31 taking
1385 3714 14 16 a
1416 3705 73 24 man's
1505 3705 48 29 life,
1573 3705 44 23 and
1635 3705 51 24 who
1705 3713 45 17 was
1772 3707 108 24 thrashed

1294 3740 90 25 intends
1409 3740 148 30 summoning
1575 3738 38 24 the
1625 3739 67 24 white
1705 3740 80 31 people
1804 3740 76 25 before

1294 3775 38 24 the
1353 3773 136 32 Magistrate
1500 3772 5 24 !
1544 3771 43 25 We
1597 3771 168 33 do-np^expect
1776 3773 50 25 that
1837 3782 43 24 any

1294 3808 73 24 notice
1388 3806 45 24 will
1453 3806 27 24 be
1504 3805 72 24 taken
1595 3806 27 23 of
1635 3805 38 24 his
1687 3806 107 30 conduct,
1813 3807 36 24 for
1869 3815 11 16 a

1295 3841 152 24 construction
1466 3845 25 19 at
1510 3839 106 23 variance
1633 3838 58 24 .with
1711 3839 88 25 British
1822 3840 58 25 Law

1294 3874 44 24 and
1349 3873 88 25 British
1451 3873 87 24 Justice
1553 3873 20 22 is
1592 3872 80 32 placed
1691 3872 30 31 by
1740 3872 38 25 the
1799 3874 80 23 Police

1296 3908 147 33 Magistrates
1455 3914 29 16 on
1496 3907 38 23 the
1546 3907 88 23 actions
1647 3906 26 23 of
1686 3905 38 24 the
1738 3905 104 26 Natives.

715 3562 50 25 The
775 3562 149 32 unemployed
945 3563 118 24 labourers
1082 3563 114 24 mustered
1216 3564 23 24 in
1251 3573 15 16 a

680 3603 54 23 very
746 3596 66 23 small
823 3596 94 23 number
927 3600 24 19 at
964 3596 38 23 the
1014 3597 99 30 meeting
1125 3596 30 24 'on
1163 3596 36 24 Te
1206 3598 58 29 Aro,

680 3630 40 23 fiat
731 3636 30 16 on
773 3629 101 29 Monday
884 3629 46 23 last
938 3638 5 19 ;
959 3629 38 23 the
1004 3631 104 22 occasion
1120 3629 44 24 and
1173 3631 58 23 time'
1240 3632 26 23 of

680 3662 100 31 meeting
786 3662 45 23 had
839 3662 55 23 been
905 3662 120 31 placarded
1033 3671 52 15 over
1093 3663 37 23 the
1144 3668 67 24 town,
1220 3665 45 23 and

680 3704 24 15 as
719 3696 31 22 12
758 3695 87 23 o'clock
852 3695 38 23 the
900 3701 101 18 moment
1009 3695 121 32 appointed
1140 3696 35 23 for
1184 3697 82 31 taking

682 3728 57 24 their
762 3728 130 30 grievances
914 3728 48 24 into
984 3729 163 24 consideration
1177 3731 88 23 arrived

681 3769 53 22 very
757 3761 42 23 few
824 3768 56 16 were
903 3761 135 24 assembled.
1086 3762 51 24 The
1159 3763 106 25 business

681 3796 25 22 of
722 3794 38 23 the
783 3794 42 31 day
837 3794 73 31 began
929 3794 71 24 about
1020 3803 50 21 one,
1092 3796 44 24 and
1156 3796 27 23 of
1199 3797 66 24 those

681 3826 135 31 assembled,
838 3835 31 17 we
887 3828 134 30 recognized
1040 3834 23 18 at
1081 3829 59 24 least
1156 3838 43 15 one
1218 3831 48 24 half

681 3862 51 23 who
753 3868 37 16 are
811 3861 22 24 in
845 3860 41 25 full
898 3860 155 33 employment
1071 3867 21 18 at
1110 3863 58 30 good
1181 3871 83 24 wages.

681 3895 44 24 We
740 3893 43 25 had
804 3893 55 25 been
877 3893 111 25 informed
1006 3895 50 24 that
1072 3897 48 22 300
1132 3901 24 19 at
1173 3896 58 24 least
1244 3897 22 24 of

681 3928 86 30 willing
779 3928 113 24 labourers
905 3933 38 19 out
957 3928 25 23 of
992 3929 87 30 employ
1090 3930 71 22 would
1173 3930 27 23 be
1213 3937 53 24 pre-

551 35 94 45 &ijc
671 33 117 42 3tf*to
816 33 205 40 mmaixb
1049 33 188 45 &&tms
1265 33 90 40 mb
1382 31 301 46 Witiiimwn
1709 27 254 50 §s#uuuk.

116 1557 167 25 SHIPPING
305 1557 273 24 INTELLIGENCE.

278 1611 138 21 ARRIVED.

86 1647 91 20 October
188 1646 34 24 16,
235 1645 87 21 H.M.S.
335 1646 68 19 North
424 1645 56 22 Star,
493 1646 27 19 26
529 1651 61 19 guas,
609 1645 31 20 Sir

57 1673 26 21 E.
96 1673 74 23 Home,
181 1674 55 20 from
250 1673 88 20 Neleoa.

296 1723 114 20 SAILED.

84 1757 90 21 October
187 1759 33 21 14,
231 1756 118 27 brigactiue
361 1756 65 22 Ariel,
443 1756 38 20 10-i
494 1757 56 21 ton*,
565 1755 74 20 Cruik-

57 1784 73 24 ahaak,
146 1784 33 20 for
189 1784 82 20 Perakl.

84 1812 59 20 Same
160 1812 47 25 day,
229 1812 45 25 brig
294 1811 103 22 Victoria,
412 1811 41 19 210
472 1812 55 21 toat,
545 1810 95 23 Sinclair,

57 1839 32 21 for
98 1839 41 20 Xai
151 1839 69 20 Koro.

85 1866 91 21 October
192 1866 34 23 16,
238 1866 102 20 aciiooaor
358 1865 75 24 Fidele,
446 1866 11 18 8
477 1868 56 19 tons,
547 1865 94 24 Cfimino,

57 1894 34 19 for
101 1893 52 21 East
163 1894 64 26 Cape.

282 1938 32 21 IN
331 1938 85 21 POET.

83 1974 83 26 Barque
203 1973 131 25 Indemnity,
370 1972 43 21 450
446 1976 56 18 tons,
543 1972 99 25 r»fitticg.

57 2000 90 27 Agents,
158 2000 113 27 Ridgways
282 2001 41 21 and
334 2000 40 21 Co.
414 2013 3 2 -
472 2010 5 4 -
503 2010 3 4 ■

83 2047 110 21 Schooner
218 2048 57 20 Erin
276 2063 6 10 i
309 2048 26 20 25
361 2051 57 18 tons.
447 2048 54 20 Laid
512 2054 36 21 up.

83 2075 109 21 Schooner
198 2075 72 21 Maori
277 2075 73 26 Davis,
360 2076 25 19 15
392 2079 58 17 tons.
480 2075 124 28 Repairing.

85 2101 83 28 Barque
191 2103 73 24 Mary,
290 2103 41 20 534
355 2105 57 22 tons,
435 2103 76 21 Grant.
555 2104 87 25 Agents,

57 2129 111 27 Ridgways
179 2131 19 19 &
209 2130 40 21 Co.

84 2157 83 28 Barque
185 2158 107 22 Glenarm,
311 2158 40 21 297
367 2161 56 22 tons,
442 2159 55 26 Guy.
537 2159 106 24 Boulcott,

57 2185 75 26 Agent.

85 2213 49 26 Brig
148 2213 98 22 Gannett,
263 2214 41 20 322
322 2217 56 20 tons,
397 2213 94 22 Nicaoll.
522 2214 68 20 Waitt
604 2214 40 21 and

57 2241 72 26 Tyser,
142 2241 88 26 Agents.

85 2268 108 21 Schooner
200 2268 110 26 Industry,
322 2270 24 19 24
358 2272 56 17 tons.
425 2269 83 27 Wylde.
538 2269 104 24 J.-Wade,

57 2296 77 25 Agent.

86 2322 86 29 BarqUoV
176 2322 134 29 HßroHyAam,
332 2324 49 21 227.
400 2324 125 21 Robertson.
557 2325 86 25 Agents,

57 2351 100 20 Boulcott
166 2352 42 20 and
220 2352 39 20 Co.

86 2378 86 21 H.M.S,
184 2380 71 20 North
267 2380 60 23 SUr,
338 2379 27 21 2fi
375 2386 61 20 guns,
448 2380 33 20 Sir
494 2379 23 22 E.
531 2379 76 21 Home.

234 2439 120 21 CUSTOM
372 2439 108 21 HOUSE.

207 2472 123 19 Inwards,
348 2472 149 16 Coastwise.

87 2500 27 20 Ik
131 2505 46 16 tub
360 2505 61 19 FROif
433 2500 156 21 Manawhtu.
600 2501 44 20 —S.

61 2528 88 22 Cemino,
160 2528 76 24 Agent.
243 2538 21 4 —
269 2528 24 19 13
305 2528 108 26 packages,
430 2528 13 19 2
454 2530 48 18 tons
513 2530 103 24 potatoes,
632 2529 13 19 6

60 2557 52 26 pigs-

87 2582 28 20 In
126 2588 46 14 the
383 2588 60 14 from
451 2582 96 21 Cloudy
557 2583 60 21 Bay.
619 2594 26 4 —

60 2610 96 22 Boulcoit
171 2609 43 22 and
229 2611 27 19 Co
266 2625 5 9 ,
287 2611 86 24 Agents.
376 2620 26 5 —
404 2611 39 19 153
459 2610 60 20 casks
532 2610 61 21 black
609 2611 33 24 oil,

61 2639 24 20 ■17
96 2637 87 21 bundles
192 2637 128 25 whalebone,
332 2639 26 19 37
370 2638 103 26 packages
490 2638 72 25 goods.

198 2698 146 19 outwarls,-
363 2698 145 15 coaßtwißb.

88 2727 27 20 In
130 2733 47 14 thb
413 2731 46 15 for
476 2726 47 21 Kai
542 2726 75 21 Kora.
620 2738 26 4 —

62 2754 67 21 Waitt
138 2755 19 25 if
169 2754 73 26 Tyser>
249 2754 87 26 Agents.
337 2764 26 5 —
367 2754 24 19 15
399 2753 89 21 bundles
494 2754 62 24 flour,
567 2755 12 20 4
586 2755 61 20 casks
653 2755 2 25 |

60 2781 54 24 beef,
124 2783 12 19 2
148 2781 35 20 do.
195 2781 81 23 arrack,
287 2782 13 19 2
313 2781 35 20 do.
359 2781 39 23 ale,
414 2782 13 19 2
438 2787 58 14 cases
510 2782 134 26 champagne,
653 2781 2 28 j

62 2809 9 20 1
84 2809 35 20 do.
131 2809 67 25 pipes,
210 2809 11 19 1
232 2808 35 20 do.
278 2808 76 26 prints,
367 2809 17 19 I'
393 2808 47 20 bale
449 2808 44 22 do.,
506 2809 10 20 1
529 2808 45 21 bale
588 2809 59 21 blan-

61 2836 53 23 kets,
127 2836 10 20 1
149 2836 92 26 package
251 2836 64 26 slops.
346 2836 113 26 Passenger
460 2846 25 4 —
487 2836 43 20 Mr.
541 2836 73 20 Wade.
622 2846 3 3 ■

90 2863 28 21 In
141 2869 47 14 the
374 2869 45 14 for
443 2863 95 21 Kafiti.
540 2874 27 5 —
567 2865 78 25 Eagar,

61 2891 104 25 Agent.—
168 2890 12 21 6
190 2890 60 21 casks
261 2891 40 23 ale,
313 2891 9 20 1
335 2892 37 19 ton
381 2891 61 23 flour,
454 2891 12 21 7
477 2891 61 20 casks
548 2891 61 26 pork,
623 2893 23 19 10

61 2917 63 21 boxes
133 2924 58 21 soap,
210 2918 25 20 15
246 2918 80 25 gallons
343 2924 55 18 rum,
409 2919 12 19 5
431 2918 52 25 kegs
500 2919 90 26 powder.

90 2945 28 21 In
141 2951 47 15 the
384 2951 44 15 fob
458 2945 85 22 Mana.
544 2957 27 4 —
572 2947 74 25 Agent,

64 2973 83 25 Swany.
149 2983 25 6 —
176 2974 13 19 2
200 2973 61 20 casks
270 2973 81 24 arrack,
370 2974 10 19 1
391 2973 40 26 bag
442 2980 68 19 augar,
521 2975 13 19 5
544 2974 35 20 do.
597 2975 50 24 rice,

63 3001 10 20 1
85 3001 35 20 do.
130 3001 69 23 shoes,
212 3001 11 21 1
234 3006 47 15 case
289 3001 64 26 slops,
367 3002 10 19 1
389 3007 47 14 case
445 3001 70 26 prints
525 3002 41 20 and
573 3003 73 22 calico,

62 3028 11 20 7
90 3034 57 14 eases
156 3028 68 27 paint,
236 3028 10 20 1
264 3034 47 14 case
333 3029 122 26 stationery,
468 3029 9 20 1
496 3029 50 20 hhd.
558 3029 61 27 pork,
633 3031 14 18 5

60 3055 87 21 bandies
166 3057 48 19 irou
233 3055 100 27 hooping,
351 3057 13 19 5
384 3055 79 21 barrels
482 3056 62 24 flour,
563 3057 13 20 5
596 3057 51 20 coils

61 3082 88 21 Manilla
159 3082 67 27 Rope.
257 3083 124 25 Passengers
383 3094 24 4 —
409 3083 36 20 Mr
452 3084 41 19 and
501 3084 53 20 Mrs.
565 3084 81 25 Swear,

62 3109 66 27 Barry
137 3110 42 20 and
189 3110 84 21 Brows.

276 3176 162 18 POSTAGE.

90 3211 33 20 To
138 3211 165 24 Subscribers,
320 3215 76 17 othk'r
412 3211 146 21 Newspaper
577 3211 72 23 ESTA-

66 3242 150 19 BLISHMENTS,
229 3243 46 14 AND
291 3236 159 22 COMMANDERS
469 3244 27 14 OF
512 3237 109 23 VESSELS.
623 3250 27 5 —

66 3262 26 22 In
103 3269 39 14 our
153 3269 68 20 paper
231 3262 24 21 of
268 3263 129 25 September
412 3265 35 24 30,
460 3271 32 15 we
501 3264 99 22 inserted
612 3266 35 22 the

66 3289 63 21 latest
138 3288 138 27 regulations
286 3290 68 20 about
364 3290 102 27 Postage.
496 3290 43 23 For
549 3291 38 23 the
598 3299 52 16 con-

66 3316 105 22 venience
189 3316 26 21 of
233 3323 41 14 our
290 3317 130 22 mercantile
438 3317 91 28 friends,
544 3325 33 15 we
593 3319 57 23 have

66 3341 85 29 printed
163 3341 61 23 them
240 3349 60 20 upon
317 3351 12 13 a
407 3344 64 22 sheet
484 3345 27 21 of
522 3352 74 21 paper,
597 3347 53 22 Jand

66 3370 50 26 they
123 3375 42 15 can
175 3375 49 15 now
234 3369 29 21 he
273 3370 155 28 conveniently
435 3371 78 28 posted
521 3372 23 22 in
551 3379 28 15 an
588 3373 62 23 office

66 3396 33 22 for
108 3395 91 27 general
209 3395 123 23 reference.
513 3407 4 5 -
602 3401 15 20 <:

94 3423 40 21 We
145 3425 85 19 cannot
240 3422 113 22 ourselves
362 3422 78 28 gather
450 3425 57 22 from
511 3426 44 22 -the
565 3427 87 26 regula-,

66 3451 58 23 tiona
133 3450 38 21 the
180 3453 93 24 postage
283 3449 133 26 chargeable
427 3458 59 19 upon
505 3452 97 24 colonial
609 3455 42 28 'pa-

66 3484 48 25 perß
125 3476 77 28 posted
218 3479 24 18 at
259 3475 145 27 Wellington,
415 3477 41 21 but
473 3486 31 15 w,e
520 3478 60 24 have
595 3481 56 22 bten

66 3503 111 23 informed
188 3502 48 22 that
246 3502 37 22 the
294 3510 49 14 sum
355 3502 131 28 chargeable
497 3505 19 21 is
525 3513 52 16 one.
576 3514 75 21 penny

66 3538 38 21 per
113 3538 75 22 paper.
217 3529 54 23 This
282 3530 19 21 is
311 3537 13 14 a
334 3529 71 27 heavy
416 3534 45 22 tax,
473 3531 44 22 and
528 3533 81 23 indeed
619 3542 32 14 we

66 3563 87 23 suspect
162 3557 38 22 the
210 3556 137 27 regulations
358 3556 44 22 will
416 3556 28 22 be
461 3557 67 23 found
538 3561 113 28 generally

66 3589 23 17 to
97 3585 55 22 bear
162 3584 101 27 severely
274 3591 60 20 upon
345 3583 38 21 the
393 3583 112 23 col.mists.

94 3611 47 23 One
151 3618 76 21 penny
243 3610 55 22 each
315 3610 45 22 will
375 3616 93 16 amount
482 3615 24 17 to
522 3611 62 28 eight
600 3614 51 22 shil-

66 3639 58 26 lings
131 3639 46 21 and
187 3638 62 27 eight
257 3644 70 21 pence
344 3644 40 20 per
399 3644 85 16 annum
494 3644 59 21 upon
565 3646 40 16 our
614 3648 38 20 pa-

66 3672 46 22 per.
139 3665 56 22 This
205 3672 49 16 sum
270 3672 33 14 we
318 3664 57 22 shall
391 3664 27 22 be
433 3664 89 28 obliged
538 3669 23 18 to
572 3666 80 28 charge

66 3692 112 29 quarterly
188 3692 24 22 in
230 3691 99 23 advance
346 3691 34 22 for
389 3698 79 21 papers
485 3692 94 22 ordered
592 3697 23 18 to
624 3695 27 21 be

66 3722 49 19 Bent
124 3722 38 18 out
171 3719 26 21 of
205 3719 37 21 the
252 3718 87 27 colony,
348 3718 29 27 by
384 3725 91 20 persons
484 3719 99 23 resident
591 3720 60 24 here.

66 3747 63 21 More
141 3745 54 23 than
212 3752 42 16 one
270 3752 53 21 year
337 3745 61 22 since
410 3752 33 15 we
458 3746 133 22 announced
605 3748 48 22 that

66 3780 32 15 we
108 3773 75 21 would
193 3777 40 17 not
242 3773 79 28 supply
332 3780 78 21 papers
428 3777 22 17 to
465 3773 81 27 parties
555 3774 97 28 residing

66 3805 41 17 out
123 3799 26 23 of
160 3800 37 22 the
212 3799 88 28 colony,
311 3799 76 23 unless
403 3799 55 23 such
473 3799 136 24 subscribers
619 3808 34 16 ar-

66 3826 84 27 ranged
161 3827 34 22 for
210 3825 39 23 the
264 3831 106 22 payment
386 3826 33 23 for
432 3826 62 23 them
510 3826 97 29 through
623 3836 29 16 an

67 3857 66 22 agent
142 3853 61 23 here.
233 3853 60 28 Only
303 3858 42 17 two
355 3853 87 28 foreign
451 3853 137 23 subscribers
597 3855 56 23 have

68 3879 105 23 attended
183 3882 22 20 to
216 3879 45 23 this
270 3880 82 27 notice,
365 3881 43 21 and
419 3880 39 23 the
472 3880 74 28 heavy
555 3888 98 21 expence

67 3905 26 22 of
104 3909 91 24 postage
206 3911 22 17 to
237 3907 73 22 which
320 3914 32 15 we
369 3907 55 23 shall
433 3908 30 22 be
473 3907 93 28 subject,
578 3909 75 23 makes

66 3933 19 21 ie
95 3932 124 27 absolutely
230 3940 117 19 necessary
358 3933 34 23 for
403 3942 25 14 un
437 3942 47 14 now
501 3940 23 16 tv
539 3942 63 19 carry
614 3944 39 14 our

49 127 52 48 A
115 125 102 26 Meeting
226 123 24 23 of
258 123 37 23 the
306 123 133 23 subscribers
446 126 22 18 to
476 122 38 22 the
522 121 106 27 Welling-
653 128 2 15 i

128 153 41 20 ton'
175 151 83 22 Rooms
270 149 44 23 will
323 149 51 23 take
388 149 64 28 place
468 148 43 22 this
527 148 101 26 evening,

49 183 22 17 at
82 180 12 21 8
101 177 92 23 o'clock.
327 177 5 5 -
555 187 13 4 -■
653 186 2 8 *

355 202 21 22 3.
393 202 101 26 Dorset,
565 205 3 5 '

410 238 3 6 >
437 228 60 22 Hon.
509 228 119 26 Secretary.

286 273 107 22 Notice.

48 304 50 45 A
113 299 148 24 MEETING
275 300 26 22 of
313 301 36 21 the
370 298 111 22 Creditors
499 297 28 22 of
543 297 44 22 Mr.
603 297 27 21 D.

127 327 146 27 Macdonald,
291 327 43 22 Kai
352 325 78 22 Warra
447 324 85 25 Warra,
544 323 43 22 will
604 323 27 21 be

48 353 50 23 held
110 358 22 17 at
143 353 36 23 the
190 353 149 23 Commercial
350 351 74 26 Hotel,
437 350 110 23 Lambton
558 350 72 26 Quay,

48 388 28 15 on
87 380 120 23 FRIDAY
219 385 63 21 next,
293 379 37 22 the
337 378 53 22 2oth
397 379 59 25 inst.,
468 381 22 18 at
494 379 33 23 .l
526 379 17 23 2
537 376 93 27 o'clock,

48 408 63 21 when
123 407 37 22 the
171 408 68 21 funds
248 406 81 23 realize
332 405 80 29 d/from
423 405 38 21 the
472 407 69 19 estate
551 403 45 22 will
606 403 25 21 be

48 433 140 23 distributed.
228 454 3 6 ,
257 448 6 4 -
336 431 8 14 r
362 447 3 3 -
451 450 12 9 -,
623 445 3 5 «

75 461 85 22 Parties
165 458 268 28 havinganydaims'are
443 457 85 28 hereby
534 456 96 26 advised,

48 487 48 22 that
105 488 74 21 unless
188 487 54 25 they
252 485 82 23 render
340 486 61 25 such,
409 484 102 29 properly
523 483 109 22 authenti-

48 515 71 23 cated,
130 518 23 17 to
169 516 36 19 the
221 513 102 22 Trustees
342 513 101 27 previous
462 516 22 16 to
500 510 37 22 the
553 509 48 33 day_
612 509 23 23 of

49 541 104 26 meeting,
165 539 53 28 they
228 540 43 21 will
282 540 27 21 be
319 538 108 23 excluded
439 538 57 22 from
507 537 29 22 all
546 536 87 29 partici-

48 568 74 27 pation
134 568 22 21 in
168 567 37 21 the
217 566 112 22 dividend.

239 593 116 21 Kenneth
374 592 137 25 Bbthukb,'1
523 605 20 18 t
581 607 8 16 t

192 631 3 3 •
240 620 95 22 Alfred
351 619 75 23 Hoax.
501 607 130 38 /Trustees.

77 653 56 22 N.B.
136 663 27 5 —
165 653 20 23 A
195 651 37 23 list
242 652 26 21 of
280 651 144 27 outstanding
433 650 64 23 debts
509 650 44 23 will
564 652 23 19 at
597 649 35 22 the

49 687 60 15 same
120 680 53 21 time
183 678 28 23 be
224 678 103 26 disposed
337 677 30 22 of.

78 706 144 26 Wellington,
233 704 99 23 October
343 706 32 23 11,
388 706 58 21 1843.
593 717 37 22 -__

310 752 67 21 Sale.

54 785 158 32 ■fa/TESSRS.
230 783 205 24 BETHUNEvand
450 781 132 24 HUNTER
592 783 41 21 will

54 805 57 29 jLVA
143 812 40 21 sell
202 812 29 25 by
248 810 74 27 puulic
337 810 95 26 auction,
445 817 29 14 on
484 809 81 28 Friday
574 812 58 23 next,

50 838 39 22 the
106 838 51 21 20th
179 841 96 22 current,
297 840 23 17 at
339 837 26 22 12
383 837 90 25 o'clock,
496 841 22 16 at
541 837 92 21 Messrs.

51 864 104 23 Boulcott
165 864 46 22 and
224 863 50 22 Co's
284 863 70 27 Jetty,

189 896 44 20 For
242 896 65 19 whom
320 896 17 19 it
347 901 46 19 may
405 901 92 14 concern.

78 922 47 23 The
144 922 119 22 mainmast
274 925 39 18 out
323 922 25 21 of
359 922 83 28 barque
453 923 70 25 Mary,
543 921 90 29 Captain

52 951 78 25 Grant,

78 976 72 22 Three
160 976 49 22 iron
228 976 57 22 safes
297 975 131 28 containing
437 975 127 27 stationery,
575 983 59 14 more

52 1011 24 15 or
86 1003 41 22 lesj
137 1002 115 28 damaged.

271 1036 75 15 terms
355 1037 64 15 cajh.

52 1056 135 28 Wellington
200 1056 50 22 15th
262 1056 107 27 October,
386 1057 59 21 1345.

254 1102 96 21 Public
365 1102 68 20 Sale.

57 1135 157 48 MESSRS.
241 1134 148 23 BETHUNE
414 1135 67 22 AND
508 1134 128 22 HUNTER

145 1162 44 21 will
205 1162 40 21 sell
263 1162 28 27 by
303 1162 103 26 Auction,
417 1169 28 14 on
457 1161 102 27 Tuesday
574 1165 60 21 next,

57 1189 36 22 the
103 1188 52 23 24th
166 1193 96 21 current,
273 1192 23 18 at
308 1188 70 23 Lamb
383 1192 34 18 tun
430 1188 65 27 Quay
496 1198 27 6 —

52 1221 20 22 A
83 1226 115 18 quantity
210 1226 26 16 of
247 1220 181 25 Merchandize,
442 1219 145 27 Ppoviuions,
597 1220 38 22 Sic.

79 1251 142 27 Wellington,
233 1251 50 22 Oct.
297 1253 32 25 la,
344 1253 58 20 IS4-3.

79 1298 122 21 EOYAL
229 1297 175 22 VIC2QRXA
433 1297 179 23 THSATRS,

182 1339 110 15 MANNERS
307 1338 91 19 STREET,
415 1339 28 14 TS
460 1338 51 15 ARO.

55 1364 91 30 npHE
157 1364 153 33 performance
322 1371 26 14 on
358 1363 109 26 Saturday
474 1364 96 26 evening
577 1367 59 23 next,

62 1386 27 27 J.
129 1392 42 21 will
189 1398 131 16 commence
339 1390 51 22 with
405 1390 84 22 Lovs's
506 1390 129 26 Frailties,

54 1425 29 15 or
97 1425 13 13 a
127 1417 132 23 Brotsjer's
275 1417 118 25 RjivEKOi,
414 1417 43 21 and
471 1417 42 21 will
529 1417 107 23 conclude

54 1444 52 23 with
116 1444 50 22 The
183 1443 147 23 Waterman,

82 1473 19 19 A
113 1472 83 26 variety
205 1471 25 21 of
237 1470 87 27 singing
336 1470 78 28 during
424 1470 38 21 th*
473 1472 100 26 evening.

84 1498 95 22 October
191 1499 33 25 18,
236 1499 62 20 1813.
