2540 4020
118 129 38 26 ing
166 124 43 23 and
222 124 35 23 the
271 125 159 24 Inconvenient
442 127 44 30 day
497 127 42 24 and
550 128 60 24 hour
623 130 70 25 which

94 176 8 7 .
116 157 42 23 had
170 157 55 22 been
238 156 97 23 selected
346 157 35 24 for
393 158 25 24 it.
448 160 47 23 .He
504 161 40 23 felt
551 167 66 25 great
626 165 66 21 satis-

116 190 80 23 faction
209 193 21 18 at
241 188 89 36 finding
349 190 48 23 that
416 191 38 25 the
472 193 123 25 resolution
614 195 78 31 placed

116 223 23 22 in
151 221 33 23 his
196 220 70 23 hands
280 228 45 16 was
337 228 39 18 not
394 226 103 23 confined
514 231 21 18 to
552 227 39 24 the
603 228 86 24 inhabi-

116 259 58 19 tants
186 253 24 23 of
225 252 140 33 Wellington
377 264 25 16 or
414 257 38 23 the
468 259 166 32 neighbouring
645 266 44 19 set-

115 285 109 28 tlements,
241 285 42 24 but
304 289 111 24 extended
434 296 22 17 to
478 291 28 23 all
523 298 63 24 parts
607 294 26 23 of
653 294 36 24 the

114 318 77 24 island.
228 317 38 24 He
278 327 47 16 was
343 322 52 29 glad
408 322 25 23 of
448 324 45 22 this
510 327 145 30 opportunity
667 329 22 22 of

114 350 127 31 disabusing
253 351 39 24 the
304 353 76 30 public
393 355 53 23 here
457 357 28 26 o£
498 357 36 23 the
554 358 133 30 impression

112 383 47 24 that
171 383 36 22 the
218 385 80 29 people
320 387 21 22 in
357 387 123 25 Auckland
499 391 114 23 coincided
635 393 51 23 with

113 416 34 24 the
162 415 68 23 Local
252 417 157 27 Government
429 422 23 22 in
473 421 54 24 their
594 425 50 29 ings
665 427 24 22 of

111 448 75 24 hatred
198 449 44 23 and
263 451 81 23 malice
365 454 96 23 towards
483 454 42 24 this
532 451 3 5 '
546 456 137 26 settlement.

111 481 37 24 He
160 481 41 23 had
214 489 27 15 no
254 483 74 23 where
339 484 70 24 heard
429 487 37 23 the
486 488 121 30 important
619 498 65 22 ques-

111 515 56 22 tions
179 514 85 31 arising
275 522 40 17 out
327 517 25 23 of
367 518 38 23 the
417 518 115 25 Massacre
551 522 26 23 of
594 522 91 26 Wairau

109 546 81 31 argued
203 548 22 21 in
237 555 14 14 a
262 555 63 17 more
339 551 56 23 calm
408 552 44 22 and
459 553 143 30 enlightened
611 557 71 29 spirit,

109 581 49 21 than
173 587 81 24 among
264 589 63 16 some
349 584 23 21 of
388 584 38 23 the
445 586 83 29 private
547 588 96 24 citizens
662 591 23 22 of

107 612 125 24 Auckland.
269 614 67 31 They
349 616 93 24 differed
459 618 57 24 from
537 628 27 14 us
586 621 22 23 in
621 630 61 16 some

107 645 149 24 fundamental
269 649 131 31 principles,
414 651 95 31 relating
520 658 22 17 to
555 653 39 23 the
605 654 76 32 dispo-

105 678 32 23 sal
149 678 24 22 of
187 683 68 18 waste
266 679 66 25 lands
344 682 43 23 and
400 684 38 22 the
450 684 63 23 mode
525 685 24 23 of
565 689 117 30 acquiring

106 711 101 29 territory
220 711 56 25 from
289 713 38 23 the
340 715 95 23 Natives
447 716 29 30 by
486 717 35 23 the
534 718 90 31 Crown,
638 722 42 23 and

105 751 27 15 on
144 743 63 23 other
219 750 92 19 matters
320 755 6 19 ;
345 747 48 29 but,
407 756 28 15 on
455 749 44 23 this
517 752 96 30 subject,
628 755 51 30 they

104 776 50 23 took
168 776 104 31 enlarged
284 779 77 29 views,
374 781 43 23 and
427 782 70 30 freely
504 785 118 24 confessed
633 787 46 24 that

105 809 49 30 they
159 816 44 16 saw
210 811 95 31 nothing
312 812 42 23 but
363 814 37 22 the
408 816 102 29 question
520 817 25 23 of
580 819 98 25 whether

104 842 35 23 the
151 842 99 24 Queen's
259 844 156 26 Government
424 856 44 14 was
477 853 20 19 to
504 849 27 24 be
541 852 135 25 established

103 876 20 21 in
147 874 60 24 these
228 877 94 29 islands,
346 879 28 22 de
387 880 70 30 facto
489 882 41 24 and
561 884 28 23 de
612 886 61 30 juri,

102 915 23 14 or
263 910 44 24 Dr.
333 910 79 26 Evans
435 915 53 23 then
510 922 59 18 went
593 919 47 22 into
664 928 12 15 a

99 939 132 31 lengthened
253 943 93 24 defence
372 946 25 23 of
419 946 37 25 the
481 948 89 32 legality
593 952 24 22 of
639 952 36 24 the

99 975 144 31 proceedings
264 978 26 22 of
311 978 64 23 those
397 980 49 22 who
465 985 156 28 accompanied
639 985 36 24 the

99 1005 75 25 Police
186 1007 137 32 Magistrate
339 1016 22 18 to
380 1012 101 30 Wairau,
495 1019 20 19 to
538 1018 69 21 assist
628 1018 45 24 him

97 1038 22 23 in
132 1039 35 23 the
180 1043 117 22 execution
311 1044 23 22 of
351 1045 37 23 the
401 1046 100 25 Queen's
513 1054 104 24 warrant,
631 1051 42 23 and

98 1073 136 24 commented
248 1075 53 23 with
321 1079 97 29 severity
432 1087 60 23 upon
509 1081 37 23 the
567 1088 106 27 attempts

95 1105 63 24 znade
170 1105 28 31 by
210 1107 38 22 the
260 1107 72 25 Local
346 1110 153 26 Government
506 1107 26 29 'to
552 1116 118 29 condemn,

94 1137 90 23 without
196 1147 43 23 any
251 1141 98 30 inquiry,
363 1143 58 24 their
433 1152 49 15 own
494 1153 101 18 servants
605 1157 7 19 ;
633 1149 39 24 but

95 1171 27 22 he
135 1172 84 23 trusted
231 1173 48 23 that
292 1174 38 23 the
351 1183 47 16 new
415 1177 117 25 Governor
553 1182 72 23 would
645 1183 25 23 be

94 1204 67 23 found
173 1204 45 24 free
229 1206 58 24 from
299 1208 135 30 prejudices,
446 1211 42 23 and
500 1212 46 23 that
558 1214 27 23 he
599 1216 70 23 would

94 1242 37 18 not
142 1239 80 29 permit
233 1239 35 23 his
281 1240 63 23 mind
356 1246 22 19 to
390 1242 27 23 be
429 1245 105 29 poisoned
546 1246 30 31 by
585 1247 37 23 the
635 1249 34 22 in-

92 1269 84 24 fluence
187 1272 25 22 of
222 1273 37 22 the
271 1273 161 25 functionaries
445 1282 21 18 at
480 1278 127 29 Auckland,
621 1281 47 24 who

93 1303 41 23 had
146 1304 87 24 neither
245 1306 37 22 the
300 1306 82 31 justice
403 1317 42 16 nor
456 1310 38 23 the
505 1315 163 30 magnanimity

92 1336 24 23 of
131 1345 12 14 a
159 1336 163 26 Government.
359 1341 64 31 They
438 1350 56 17 were
513 1347 104 23 actuated
639 1348 28 30 by

90 1376 42 16 one
143 1369 88 32 feeling,
245 1372 74 23 which
332 1381 44 16 was
394 1375 37 24 the
451 1378 106 30 principle
570 1379 25 23 of
610 1380 58 24 their

90 1402 176 26 administration
268 1418 33 4 —
309 1406 49 23 that
380 1408 26 22 of
432 1409 119 32 damaging
574 1420 14 15 a
610 1414 55 23 rival

92 1435 135 31 speculation
249 1439 23 22 in
292 1439 51 23 land
353 1448 6 19 ;
379 1442 50 28 and,
445 1442 83 29 beyond
542 1444 53 28 this,
609 1447 57 23 their

88 1469 88 22 notions
188 1471 26 22 of
229 1470 156 26 Government
397 1475 44 23 and
459 1476 127 30 legislation
599 1480 65 23 could

89 1508 38 16 not
144 1509 63 24 carry
226 1504 69 24 them.
332 1505 43 24 Dr.
389 1507 80 24 Evans
488 1510 50 23 then
560 1512 105 24 adverted

89 1540 22 17 to
124 1534 35 23 the
172 1537 95 23 crooked
281 1538 74 31 policy
368 1540 51 31 they
433 1541 43 24 had
497 1544 94 30 adopted
602 1553 60 23 upon

88 1568 37 22 the
137 1568 80 24 Native
353 1573 43 22 and
410 1574 26 23 he
444 1575 132 26 •denounced
590 1578 22 23 in
627 1586 36 16 ve-

87 1601 90 23 hement
187 1602 113 32 language
321 1604 37 24 the
375 1606 94 31 disloyal
482 1609 41 23 and
542 1616 121 19 traitorous

86 1634 93 23 conduct
191 1637 24 21 of
230 1644 43 23 any
288 1645 58 22 man,
361 1639 98 25 whether
476 1642 185 32 Acting-Gover-

86 1668 47 27 nor;
165 1668 81 31 Judge,
275 1670 233 33 Attorney-General,
539 1684 24 15 or
593 1678 69 23 under

85 1700 110 24 whatever
207 1710 64 16 name
291 1703 28 24 he
341 1706 71 30 might
433 1707 52 24 hold
504 1708 37 24 the
561 1710 101 25 Queen's

85 1735 142 24 commission
239 1736 43 24 arid
302 1743 35 18 eat
359 1738 36 24 the
414 1741 96 30 people's
522 1743 77 29 bread,
613 1745 48 23 who

84 1766 87 29 should,
189 1768 58 24 after
266 1777 26 16 so
313 1778 67 24 many
399 1773 86 24 solemn
504 1778 46 20 acts
559 1771 4 4 '
576 1777 26 23 of
624 1778 37 23 the

84 1799 80 24 Crown
183 1802 42 23 and
247 1802 130 31 legislature
393 1806 113 33 affirming
525 1809 24 27 it,
572 1811 43 22 and
635 1818 25 16 so

83 1840 66 23 many
168 1834 123 24 thousands
310 1837 25 23 of
359 1837 39 25 her
420 1839 119 33 Majesty's
559 1842 100 32 subjects

80 1867 121 30 venturing
214 1869 57 23 their
282 1869 57 24 lives
361 1872 43 23 and
422 1872 100 25 fortunes
541 1882 60 24 upon
621 1877 37 23 the

80 1905 120 18 assurance
222 1902 25 22 of
270 1903 25 28 it,
316 1903 53 24 dare
388 1910 22 18 to
430 1906 111 25 insinuate
560 1917 12 14 a
589 1909 69 24 doubt

80 1931 97 24 whether
187 1934 38 23 the
236 1935 103 24 Queen's
359 1938 114 31 authority
484 1942 107 22 extended
605 1950 52 15 over

79 1972 65 19 every
156 1966 81 21 Native
249 1968 128 22 inhabitant
388 1970 27 21 of
430 1971 62 21 these
502 1973 93 23 islands.
635 1975 20 22 It

66 1998 3 4 •
82 1996 45 20 wka
145 1996 111 24 notorious
283 1998 49 24 that
351 1999 92 33 leading
461 2002 85 25 officers
568 2006 27 23 of
618 2006 37 23 the

82 2026 148 26 Government
242 2037 62 17 were,
321 2040 105 23 amongst
443 2034 38 24 the
499 2043 68 17 most.
574 2039 80 31 deadly

80 2062 93 22 enemies
189 2063 25 22 of
229 2063 37 24 the
284 2071 150 25 prerogative,
455 2068 69 24 under
543 2071 38 24 the
602 2080 50 22 pre-

79 2098 60 18 tence
150 2095 25 22 of
189 2096 160 33 philanthropy
358 2109 6 18 ;
384 2100 40 23 but
441 2102 16 22 it
471 2109 44 16 was
528 2105 124 24 consistent

76 2127 51 23 with
140 2128 55 24 their
207 2137 48 16 own
268 2132 67 22 views
349 2140 24 16 as
385 2133 53 24 land
451 2136 145 31 speculators,
609 2140 43 22 and

76 2159 47 24 that
135 2169 42 15 was
197 2163 114 25 sufficient
323 2165 43 29 .for
384 2160 87 30 them/
491 2168 48 25 The
555 2171 96 30 speaker

75 2193 52 23 then
139 2196 97 28 entered,
249 2203 23 17 at
285 2199 154 24 considerable
448 2201 91 32 -length,
553 2204 48 23 into
614 2205 38 24 the

73 2228 88 29 general
174 2230 102 30 question
297 2232 44 23 and
361 2232 96 26 referred
470 2237 145 31 particularly
629 2243 21 19 to

73 2260 35 23 the
121 2261 62 23 affair
194 2268 23 17 at
229 2263 131 32 Tauranga,
374 2263 83 32 where,'
469 2269 53 23 after
541 2278 28 15 an
583 2279 66 16 enor-

73 2300 63 17 mous
147 2302 96 24 expence
263 2296 43 25 had
330 2299 53 23 been
405 2301 103 24 incurred
526 2304 23 22 in
570 2304 80 31 taking

71 2326 63 24 down
147 2328 36 23 the
195 2330 98 31 military
306 2336 22 18 to
341 2333 82 30 punish
445 2335 38 23 the
501 2336 95 24 Natives
615 2339 34 23 for

69 2367 28 15 an
109 2363 110 22 atrocious
231 2364 77 28 crime,
321 2364 38 24 the
371 2373 60 16 arms
444 2368 25 22 of
487 2369 33 23 the
530 2372 118 23 executive

70 2392 41 24 bad
125 2394 54 23 been
191 2396 121 29 paralized,
321 2398 44 23 and
376 2399 38 23 the
424 2404 74 28 troops
508 2404 138 29 withdrawn,

71 2427 81 23 amidst
163 2428 37 23 the
213 2429 93 24 ridicule
320 2431 43 23 and
379 2438 115 27 contempt
504 2437 25 21 of
545 2436 39 24 the
598 2437 48 24 Na-

68 2461 55 22 tives
125 2477 7 11 s
133 2460 95 25 because
235 2462 346 35 Mr.Attorney-Generalatthe
591 2474 9 22 1
607 2472 39 23 lth

66 2493 64 29 hour,
142 2493 43 24 had
195 2495 119 26 conceived
324 2505 61 16 some
395 2499 82 25 doubts
485 2510 23 16 as
516 2509 21 17 to
546 2504 99 25 whether

66 2526 45 24 this
134 2528 119 30 particular
274 2531 58 23 tribe
355 2539 57 16 were
434 2535 97 31 subjects
555 2538 26 23 of
607 2538 38 24 the

66 2560 99 25 Queen's
188 2561 163 27 Government.
397 2566 69 25 After
493 2570 107 33 insisting
622 2577 23 19 at

65 2601 60 16 some
137 2594 77 31 length
227 2603 60 24 upon
302 2597 37 24 the
352 2599 126 31 dangerous
491 2610 152 25 consequence

64 2626 24 24 of
105 2627 119 32 admitting
240 2630 57 23 such
308 2631 120 31 doctrines,
441 2636 118 31 especially
571 2639 72 23 under

63 2666 90 24 present
163 2662 184 31 circumstances,
360 2665 38 24 the
411 2668 95 30 speaker
518 2671 124 24 concluded

63 2691 28 32 by
102 2702 28 15 an
143 2702 88 17 earnest
241 2698 81 30 appeal
335 2703 21 18 to
369 2698 38 24 the
419 2700 76 30 public
504 2708 38 18 not
554 2709 22 17 to
587 2712 54 16 con-

63 2726 67 25 found
149 2728 23 24 in
193 2736 52 19 one.
254 2731 93 29 general
365 2733 168 26 condemnation
553 2737 30 24 all
603 2738 38 23 the

62 2759 131 32 aborigines.
229 2762 52 23 The
292 2765 69 22 crime
372 2765 52 31 they
433 2766 102 32 deplored
546 2777 47 16 was
603 2771 37 24 the

61 2798 35 17 act
105 2794 25 23 of
139 2799 42 19 two
192 2795 124 25 individual
328 2798 128 29 chieftains,
468 2801 125 26 celebrated
605 2804 35 24 for

61 2825 55 24 their
127 2826 101 32 ferocity,
240 2829 45 24 and
304 2838 14 15 a
330 2831 65 24 small
414 2833 59 31 body
485 2835 24 23 of
522 2835 60 25 their
602 2845 36 16 re-

60 2859 88 24 tainers.
184 2861 75 24 There
268 2870 45 16 was
327 2871 28 15 no
365 2865 66 30 proof
438 2867 25 22 of
470 2876 12 14 a
492 2869 147 32 confederacy

58 2891 34 24 for
109 2893 55 25 such
182 2902 119 24 purposes.
350 2897 50 24 The
419 2907 97 25 memory
523 2900 31 25 'of
572 2903 66 24 those

59 2926 112 25 estimable
182 2936 51 16 men
247 2929 50 23 who
315 2931 106 30 perished
438 2938 23 18 at
473 2933 92 26 Wairua
575 2942 63 18 must

57 2963 59 20 must
131 2961 25 23 be
168 2961 135 30 vindicated,
324 2964 37 23 the
382 2965 97 31 majesty
492 2968 23 23 of
535 2969 39 23 the
595 2970 41 23 law

57 2996 59 20 must
135 2993 28 24 be
175 2995 108 29 asserted,
296 2997 43 23 and
354 2998 27 22 he
400 2998 48 24 had'
456 3008 29 15 no
497 3001 68 25 doubt
577 3003 57 29 that,

55 3024 19 23 if
90 3025 38 24 the
147 3027 73 23 sword
231 3028 26 23 of
270 3028 86 30 justice
368 3031 40 23 fall
426 3032 54 31 only
491 3041 59 24 upon
571 3036 64 24 those

55 3057 48 24 who
114 3059 80 23 should
207 3060 26 23 be
246 3062 84 29 proved
340 3067 22 18 to
373 3064 58 24 have
443 3069 139 28 perpetrated
596 3070 37 23 the

54 3092 76 27 crime,
142 3091 59 31 they'
206 3093 74 23 would
301 3094 47 24 find
369 3095 37 24 the
424 3103 51 18 vast
494 3100 105 32 majority
611 3104 25 22 of

52 3123 38 24 the
101 3123 95 24 Natives
217 3125 68 31 ready
297 3131 23 18 to
332 3128 92 30 submit,
437 3131 45 23 and
501 3137 22 19 to
541 3133 92 26 become

52 3163 25 15 as
87 3157 120 30 peaceable
219 3158 43 24 and
281 3159 141 26 industirous
443 3172 25 15 as
480 3172 29 16 we
521 3165 45 25 had
578 3175 53 17 ever

51 3190 163 31 contemplated
226 3191 23 23 in
262 3199 41 16 our
315 3199 60 18 most
385 3198 111 28 sanguine
509 3205 121 20 moments.

82 3232 59 22 This
161 3232 125 25 resolution
304 3242 45 16 was
370 3236 112 25 seconded
499 3239 29 31 by
547 3241 32 23 A.
600 3241 26 25 T.

52 3262 108 33 Holroyd,
174 3265 67 32 Esq.,
254 3267 46 24 and
311 3269 87 24 carried
410 3272 166 32 unanimously.

75 3304 19 20 4.
108 3302 59 23 That
175 3304 38 22 the
222 3305 133 23 Committee
363 3307 28 23 be
402 3311 114 26 requested
524 3314 24 18 to
557 3312 69 22 invite

51 3330 34 20 the
95 3332 146 26 co-operation
253 3333 27 21 of
286 3333 37 22 the
335 3334 55 22 New
396 3335 99 23 Zealand
504 3338 117 28 Company

50 3357 42 20 and
111 3357 27 22 of
152 3365 39 15 our
208 3358 74 22 fellow
302 3360 105 24 colonists
423 3366 24 18 at
462 3364 92 28 Nelson,
572 3366 54 22 New

51 3385 120 25 Plymouth,
183 3386 44 21 and
242 3386 37 22 the
295 3387 66 23 other
375 3389 136 24 settlements
525 3392 23 22 in
566 3393 60 22 thesa

52 3412 91 25 inlands,
154 3419 23 14 m
188 3412 38 22 the
236 3413 73 27 object
320 3415 26 21 of
353 3415 36 23 the
400 3421 90 24 present
498 3420 107 26 meeting.

81 3444 38 25 On
136 3446 38 25 the
197 3447 64 24 Hon.
282 3449 34 24 H.
337 3450 37 25 W.
397 3452 70 24 Petre
479 3453 89 32 leaving
588 3455 38 24 the

51 3479 63 28 chair,
128 3480 17 24 it
156 3488 44 16 was
213 3483 79 23 moved
304 3483 30 31 by
346 3484 31 24 A.
395 3485 38 24 De
443 3486 29 24 B.
487 3486 137 32 Brandon,

51 3511 60 31 Esq.,
123 3514 110 25 seconded
244 3514 31 32 by
287 3516 44 24 Dr.
345 3518 107 30 Stokes,
471 3521 41 23 and
534 3523 90 23 carried

50 3545 184 34 unßnimously—'-

63 3585 65 30 .Th«t
142 3587 35 23 the
194 3589 84 23 cordial
293 3591 81 23 thanks
387 3594 26 21 of
431 3594 44 23 this
490 3596 96 28 meeting
595 3598 28 21 be

50 3616 57 20 given
116 3617 23 18 to
154 3616 35 21 the
208 3616 113 24 chairman
339 3617 33 24 for
386 3620 35 22 his
438 3622 94 23 conduct
544 3623 25 22 in
585 3624 37 22 the

49 3641 60 20 cliuir.

318 3671 24 12 «.

52 3691 115 27 PUBLIC
196 3695 163 26 MEETING
388 3699 47 24 ON
469 3701 42 24 TE
546 3703 73 24 ARO

278 3729 98 27 FLAT,

152 3785 116 24 MONDAY,
304 3789 116 19 OCTOBEE
457 3787 38 23 16.

73 3828 31 25 At
113 3839 15 15 a
137 3840 34 17 me
172 3841 11 16 e
186 3840 7 17 t
194 3835 39 31 h,g
250 3836 26 24 of
292 3837 36 24 the
348 3839 104 32 working
473 3841 90 31 classes,
577 3844 38 24 the

46 3866 101 29 blowing
165 3868 134 26 resolutions
318 3880 58 15 were
395 3880 87 24 moved,
495 3877 118 27 seconded,

46 3895 34 21 and
91 3899 81 23 carried
187 3903 192 32 unanimously—

66 3932 14 19 1-
96 3933 54 23 That
163 3937 35 23 the
210 3939 106 32 alarming
327 3944 113 24 condition
454 3947 24 21 of
491 3948 34 22 the
536 3948 77 23 labor-

1967 158 80 24 Totals
2054 159 35 24 for
2098 160 85 26 Nelson
2191 172 5 14 :
2216 164 87 29 Duties,
2315 165 87 25 £1356
2414 171 35 20 ss.
2459 168 47 30 Bd.;

1933 190 94 31 charges
2039 193 26 21 of
2073 193 123 31 collection,
2209 197 68 23 £652
2295 199 51 22 10s.
2361 200 38 22 Bd.

1966 223 79 24 Totals
2058 225 34 23 for
2104 226 56 23 New
2173 228 118 31 Plymouth
2302 238 6 15 :
2327 231 91 29 Duties,
2437 234 69 25 £170

1935 257 64 27 175.;
2020 258 93 29 charges
2126 259 26 23 of
2160 261 121 30 collection,
2293 264 80 23 £104.

1965 288 79 25 Grand
2054 290 79 25 totals:
2152 292 90 30 Duties,
2253 296 111 28 £23,730
2384 299 51 23 15s.
2453 298 52 29 2d.;

1930 322 95 30 charges
2037 323 25 23 of
2070 323 125 30 collection,
2206 327 85 24 £6622
2312 330 50 23 13s.

1964 362 69 24 From
2133 370 95 24 returns,
2242 367 18 22 it
2275 367 56 23 will'
2339 369 29 22 be
2385 377 54 16 aeen
2457 370 49 25 that

1929 393 36 23 the
1978 394 69 24 above
2059 397 19 22 is
2094 402 39 17 not
2152 405 13 15 a
2186 404 118 19 statement
2322 400 57 24 from
2399 402 73 24 which
2491 411 15 17 a

1928 426 42 23 fair
1991 430 140 29 comparison
2143 431 25 22 of
2184 431 36 23 the
2240 431 105 32 shipping
2357 433 26 23 of
2392 433 45 25 this

1928 466 39 16 can
1990 461 28 22 be
2037 462 65 22 made
2120 463 54 23 with
2194 463 62 24 those
2277 465 24 23 of
2319 465 122 26 Auckland
2462 469 43 23 and

1927 491 103 26 Russell.
2077 494 69 31 Upon
2176 498 92 30 enquiry
2297 503 23 17 at
2343 498 38 24 the
2411 499 94 26 Custom

1929 524 86 29 House,
2028 534 33 16 we
2076 527 46 23 find
2141 528 48 24 that
2207 529 61 24 there
2283 538 58 16 were
2359 539 29 16 no
2401 539 102 18 accurate

1926 557 108 31 shipping
2053 560 89 23 records
2161 563 104 29 previous
2281 569 21 17 to
2321 564 38 24 the
2377 565 83 24 arrival
2480 567 25 23 of

1926 588 46 25 Mr.
1988 590 78 32 Hogg,
2079 593 43 23 and
2134 601 33 16 we
2179 602 36 16 are
2228 596 78 23 unable
2319 600 22 19 to
2353 605 96 23 procure
2458 606 43 24 any

1924 623 115 24 authentic
2051 624 51 24 data
2113 625 58 24 from
2183 628 71 23 which
2266 629 142 25 conclusions
2421 639 42 16 can
2475 632 27 24 be

1924 654 83 25 drawn.
2044 656 43 24 We
2105 666 44 20 are,
2163 659 106 30 however,
2283 663 95 22 anxious
2397 670 22 16 to
2432 665 68 28 shew,

1922 687 31 31 by
1971 688 93 31 figures,
2077 689 49 24 how
2146 691 39 24 the
2204 700 93 17 revenue
2319 695 66 29 fairly
2396 697 65 23 stood
2479 698 22 22 ia

1925 721 60 23 1841
2000 722 44 23 and
2059 724 72 22 1842.

1955 753 90 30 Duties,
2073 755 177 32 Wellington,..
2272 759 111 28 £10,881
2420 765 36 20 Os.

1989 788 15 11 11
2073 788 180 26 Ne150n......
2312 794 72 27 1,856
2419 797 15 21 0

2073 821 54 24 New
2135 822 122 31 Plymouth
2335 826 47 25 170
2404 828 29 24 17

2022 886 49 24 Ten
2084 888 90 24 months
2195 906 58 8 ....
2268 891 112 28 £12,407
2401 894 31 24 17

1918 916 53 24 Add
1984 920 114 28 one-fifth,
2110 927 23 17 to
2145 916 72 29 make'
2227 922 38 24 the
2275 922 10 23 7
2310 929 5 4 •

1952 958 94 24 average
2058 953 34 23 for
2109 956 28 21 12
2150 955 112 25 months..
2275 955 10 31 $
2349 946 29 19 81
2402 946 28 20 ll

2269 1022 112 28 £14,889
2418 1026 14 21 8

1885 1048 3 41 |
1952 1049 88 31 Charge
2053 1051 26 22 of
2089 1051 117 26 collection
2209 1065 32 5 —

2019 1082 139 33 Wellington
2165 1103 89 7 ......
2293 1088 87 24 £1590
2416 1093 14 20 0

1885 1121 2 21 I
2018 1115 86 25 Nelson
2330 1122 49 23 652
2414 1126 15 21 0

1899 1145 4 36 j
2018 1148 57 24 Now
2089 1150 123 31 Plymouth
2228 1170 6 5 .
2244 1170 7 6 .
2331 1155 47 25 170
2414 1158 14 21 0

2017 1214 49 25 Ten
2079 1216 90 24 months
2195 1234 54 7 ....
2312 1221 65 22 2412
2413 1223 14 21 0

1884 1268 2 7 ,
1914 1246 52 22 Add
1979 1247 106 25 one-fifth
2103 1253 21 19 to
2136 1249 68 25 make
2223 1251 59 23 the)

1884 1277 2 37 j
1947 1286 94 24 average
2052 1280 34 24 for
2102 1284 29 21 12
2143 1284 90 23 months
2244 1301 14 6 ..
2273 1286 8 28 J
2328 1273 48 20 482
2414 1273 13 20 H

1884 1366 2 7 .
2287 1350 89 24 £2894
2413 1354 13 22 8

1946 1386 89 29 Duties;
2064 1389 121 25 Auckland
2209 1393 146 25 ..£7592
2378 1396 50 23 19s.
2442 1397 38 23 4d.

2065 1421 92 25 Russell
2291 1427 64 24 3728
2378 1430 29 21 15
2443 1430 15 23 7

2246 1491 108 29 £11,321
2378 1495 31 22 14
2428 1497 35 22 IT

1945 1519 88 32 Charge
2046 1522 26 22 of
2086 1521 117 26 collection
2206 1536 31 4 —

2009 1554 121 24 Auckland
2267 1558 87 25 £3076
2377 1561 29 22 14
2444 1563 10 21 1

2010 1585 92 26 Russell
2177 1605 5 10 ,
2291 1592 63 23 1199
2391 1594 14 24 7
2440 1596 15 21 5

2267 1656 86 26 £4276
2392 1661 8 20 1
2440 1661 16 21 6

1941 1684 75 24 These
2037 1686 83 30 figures
2141 1688 70 32 speak
2230 1688 33 24 for
2280 1689 143 30 themselves,
2442 1693 44 24 and

1906 1716 61 24 shew
1986 1718 56 29 that,
2055 1719 86 31 though
2161 1721 37 23 the
2218 1722 111 24 Customs'
2343 1724 110 24 Revenue
2465 1731 22 19 at

1997 1751 90 25 'Straits
2107 1754 42 22 and
2169 1754 55 23 Ne7/
2376 1766 67 16 excee
2453 1758 34 25 led

1905 1790 29 16 on
1945 1783 40 23 the
1997 1791 94 25 average
2099 1786 63 23 those
2174 1787 25 23 of
2206 1787 121 25 Auckland
2340 1790 43 23 and
2390 1790 94 26 Russell

1905 1815 30 31 by
2018 1825 51 17 sum
2091 1819 26 22 of
2136 1820 87 26 £3567
2244 1823 47 22 13s.
2316 1823 44 28 Id.,
2385 1829 38 25 yet
2447 1824 36 25 the

1904 1856 112 23 expenses
2028 1851 24 23 of
2068 1851 117 25 coli^'.ion
2197 1853 24 24 of
2237 1854 36 23 the
2287 1855 66 24 latter
2373 1857 109 25 exceeded

1904 1882 63 23 those
1986 1884 26 23 of
2028 1884 38 23 th£
2085 1885 84 24 former
2188 1887 28 30 by
2228 1887 38 24 th-e
2286 1895 51 17 sum
2352 1889 26 23 of
2396 1891 84 24 £1381

1905 1916 77 24 135.6
1982 1916 32 24 d.
2051 1918 24 23 A
2086 1923 59 19 want
2163 1920 25 22 of
2206 1928 156 24 management
2374 1923 44 23 and
2430 1931 52 23 pro-

1901 1947 105 25 fuseh'ess
2024 1951 24 23 of
2066 1952 153 30 expenditure,
2239 1954 25 22 of
2279 1954 70 24 which
2372 1963 32 17 we
2423 1956 57 24 have

1901 1987 64 24 great
1977 1989 79 17 reason
2071 1989 21 18 to
2105 1985 118 27 complain.

1955 2040 178 37 SPOTTING
2150 2044 271 28 INTELLIGENCE.

1974 2116 11 5 
2008 2098 19 18 ,-'
2077 2096 120 23 Chester
2216 2096 92 24 Races.

1984 2124 145 31 ..Tuesday,
2148 2128 81 24 April
2249 2130 38 28 25,
2303 2131 73 24 1543.

1933 2157 41 23 We
1988 2159 89 30 subjoin
2091 2160 36 23 the
2140 2162 71 23 result
2230 2163 24 22 of
2269 2163 36 23 the
2323 2165 105 31 struggle
2445 2166 35 24 for

1898 2189 37 24 the
1948 2189 160 27 Tradesman's
2117 2194 59 31 Cup.

1929 2223 52 23 •The
2004 2224 184 27 Tradesmen's
2209 2227 84 25 Plate
2316 2229 25 24 of
2355 2232 51 23 200
2421 2234 58 22 'soys

1896 2256 23 23 in
1933 2258 83 30 specie,
2030 2258 71 25 added
2113 2265 21 18 to
2147 2269 13 14 a
2182 2260 119 33 Handicap
2318 2263 160 32 Sweepstakes

1896 2289 26 23 of
1932 2291 30 23 25
1974 2298 53 16 soys
2039 2292 62 29 each,
2117 2295 29 22 15
2158 2293 27 29 ft,
2199 2295 42 23 and
2254 2298 13 21 5
2280 2296 53 31 only
2345 2297 20 22 if
2374 2298 104 25 declared

1895 2330 29 15 on
1936 2331 24 15 or
1972 2323 76 28 b.efore
2062 2325 37 24 the
2115 2328 35 22 Ist
2162 2327 25 23 of
2201 2327 114 32 February
2325 2338 7 19 ;
2346 2331 84 23 second
2451 2336 23 19 to

1896 2357 85 23 receive
1995 2359 30 22 25
2039 2366 51 16 soys
2099 2364 38 18 out
2148 2360 26 23 of
2190 2360 35 23 the
2237 2361 76 24 stakes
2323 2371 6 19 ;
2343 2363 38 23 the
2392 2364 85 25 winner

1894 2389 26 22 of
1936 2390 44 23 this
1992 2390 60 31 plate
2066 2397 21 18 to
2101 2392 115 25 subscribe
2229 2399 22 18 to
2271 2396 17 22 it
2306 2396 38 22 the
2362 2396 115 33 following

1893 2430 60 22 year,
1976 2423 45 24 and
2040 2429 22 19 to
2084 2433 42 24 pay
2139 2428 32 22 25
2183 2434 51 16 soys
2245 2434 20 17 to
2278 2428 37 23 the
2328 2437 112 23 expences
2453 2432 26 23 of

1894 2455 36 24 the
1943 2463 78 17 course
2034 2463 39 18 out
2085 2459 23 23 of
2125 2459 37 24 the
2175 2460 77 24 stakes
2261 2470 5 19 ;
2286 2466 22 18 to
2326 2468 59 17 start
2402 2472 72 23 oppo-

1892 2489 44 23 site
1955 2489 37 24 the
2014 2491 42 23 end
2078 2492 26 23 of
2126 2493 37 23 the
2184 2493 48 24 Dee
2250 2494 91 30 Stands,
2355 2504 44 15 ruu
2411 2498 64 24 twice

1893 2522 78 28 round,
1984 2524 44 23 and
2040 2524 44 24 end
2102 2530 24 19 at
2145 2526 37 23 the
2201 2528 202 30 coming-in-chair
2414 2538 5 21 ;
2440 2532 33 23 68

1892 2556 61 28 subs,
1966 2557 32 23 38
2012 2557 25 23 of
2046 2558 73 24 whom
2132 2559 112 25 declared.

1893 2593 42 22 Mr.
1948 2592 132 25 Wonnald's
2091 2596 27 22 eh
2129 2596 15 22 h
2162 2597 125 28 Millepede,
2306 2599 31 27 by
2355 2599 90 24 Veloci-

1945 2621 55 25 pede
2019 2622 13 21 5
2042 2629 44 20 yrs,
2098 2623 33 21 7st
2141 2624 36 21 31b
2461 2630 10 20 I

1891 2649 59 20 Lord
1961 2649 137 26 Islington's
2108 2650 25 21 br
2149 2650 15 21 h
2180 2650 73 23 Jamie
2268 2651 82 23 Forest.
2371 2655 14 20 6
2401 2662 43 16 yrs,

1944 2674 74 23 7st2lb
2345 2669 99 38 !...Lye
2459 2684 13 20 2

1891 2700 33 22 Ssr
1943 2700 24 22 C.
1989 2702 88 22 Monk's
2096 2703 14 21 b
2129 2711 12 14 c
2162 2704 127 27 Galanthus,
2310 2708 14 20 4
2341 2714 45 19 yrs,
2409 2708 33 22 7st

1892 2753 7 5 .
1941 2728 15 35 J
1957 2728 21 21 lb
1980 2744 30 15 -r
2021 2744 44 17 •••;
2312 2733 134 28 Cartwright
2459 2737 13 20 3

1891 2757 57 18 Lore
1970 2757 154 22 Westminster
2133 2765 10 14 s
2162 2758 14 21 b
2190 2765 15 20 g
2224 2759 91 27 Martyr,
2336 2761 14 21 4
2363 2762 81 25 yr&sst

1890 2807 8 8 ,
1904 2808 9 3 _
1948 2796 16 6 ••
1972 2797 6 5 •
1986 2796 6 7 •
2348 2786 98 25 Maiden-
2455 2791 13 19 0

1890 2808 42 21 Mr.
1943 2808 129 23 Cuthbert'a
2080 2811 15 21 b
2105 2810 11 22 f
2128 2811 78 24 Queen
2218 2812 26 21 of
2255 2811 35 23 the
2301 2813 70 25 Tyne,
2383 2816 14 20 4
2407 2822 35 16 yrs

1889 2860 24 11 
1942 2835 102 22 7st6lb.;
2323 2841 147 23 ....OatM-0

1889 2864 42 19 Mr.
1949 2864 133 21 Piummer's
2091 2864 26 21 br
2127 2871 23 15 m
2160 2865 64 21 Alice
2237 2865 128 28 Hawthorn,
2375 2869 67 26 styrs

1888 2914 24 9 „
1940 2889 33 20 Bst
1983 2889 36 21 81b
2294 2893 147 27 Templeman
2456 2897 14 20 0

1887 2916 45 20 Mr.
1944 2916 79 20 Moore
2033 2924 9 13 s
2053 2916 28 22 eh
2091 2924 14 18 g
2115 2917 95 27 Bangor,
2221 2920 13 20 6
2244 2925 42 20 yrs,
2298 2921 40 20 Bst.
2457 2924 13 20 0

1885 2941 92 27 Captain
1999 2942 128 28 Berkeley's
2146 2951 27 19 gr
2188 2944 14 21 h
2221 2945 100 27 Portrait,
2338 2947 12 20 5
2360 2954 38 20 yrs
2407 2947 34 23 7st

1938 2968 36 21 9Jb
2254 2971 27 21 G.
2293 2972 145 24 Whitehouse
2453 2977 14 19 0

1886 2996 42 19 Mr.
1950 2994 131 26 Ferguson's
2101 2996 26 22 eh
2148 3004 12 13 c
2181 2998 119 27 Fireaway,
2317 3000 15 20 4
2348 3006 44 19 yrs,
2403 3001 34 21 7st
2451 3009 3 3 •

1937 3020 37 21 91b
2388 3027 51 27 Lily
2453 3031 14 19 0

1885 3046 43 22 Mr.
1939 3046 127 29 Kitching's
2077 3049 25 22 br
2110 3050 12 21 f
2136 3050 99 22 Priscilla
2251 3051 108 28 Tomboy,
2370 3055 15 19 4
2393 3061 44 18 yrs,
2449 3049 3 3 '

1936 3074 78 21 7st9lb
2314 3078 34 23 W.
2365 3079 72 25 Noble
2451 3083 29 21 0#

1883 3100 44 23 Mr.
1939 3100 14 22 J
1965 3100 35 23 W.
2012 3101 117 29 Lovesay's
2139 3104 30 21 bk
2185 3104 14 21 h
2218 3104 36 22 the
2270 3105 91 27 Corsair,
2380 3107 57 26 aged

1885 3154 16 3 _
1936 3127 80 23 fttSlb
2315 3133 123 24 Wakefield
2451 3137 15 20 0

1883 3156 97 20 General
1997 3156 103 28 Sharpe's
2115 3157 28 22 eh
2160 3164 15 20 g
2190 3158 57 24 Lar.a
2261 3159 12 21 5
2289 3166 44 21 yrs,
2343 3162 35 20 6st
2388 3161 49 22 101b

2087 3198 6 7 •
2353 3188 88 22 Arthur-
2451 3191 15 20 0

1883 3208 43 21 Mr.
1946 3208 109 28 Stanley's
2076 3210 27 22 eh
2117 3218 12 14 c
2145 3210 91 29 Vakeel,
2252 3213 14 21 4
2279 3220 45 20 yrs,
2335 3215 34 20 6st
2378 3215 58 22 101b.
2453 3213 3 2 '

1938 3248 5 7 •
1950 3249 6 6 •
1964 3249 5 6 •
1976 3250 6 5 •
2218 3244 7 15 '•
2321 3241 113 27 Copeland
2448 3245 14 19 0

1881 3264 88 19 Colonel
1990 3264 101 21 Cradock
2101 3271 9 14 a
2127 3264 14 21 b
2157 3272 12 14 c
2186 3265 35 21 the
2240 3266 65 26 Prior,
2326 3269 15 19 4
2355 3274 38 19 yra
2402 3270 35 20 6st

1880 3314 24 9 
1937 3302 44 6 ••••
1992 3304 18 5 ••
2019 3304 5 5 •
2348 3294 85 24 Ebdale
2447 3298 15 19 0

1880 3314 42 22 Mr.
1935 3314 24 22 F.
1970 3315 85 22 Clark's
2066 3317 13 21 b
2089 3317 12 22 f
2113 3318 126 28 Re-action,
2252 3321 13 20 4
2273 3328 42 19 yrs,
2334 3321 35 21 sst
2387 3322 48 22 131b

1936 3355 75 8 •■••••
2319 3348 119 27 Langstaff
2448 3351 14 19 0

1880 3370 42 19 Mr.
1939 3370 103 26 Craydon
2051 3378 10 13 s
2076 3371 29 22 eh
2120 3379 12 14 c
2148 3372 160 29 Recompense,
2324 3376 15 20 4
2353 3382 37 18 yrs
2399 3374 35 22 sst

1932 3395 61 32 131b/
1999 3396 94 26 (carried
2110 3399 35 21 6st
2162 3399 45 27 51b)
2345 3401 88 26 Maylor
2446 3404 14 19 0

1878 3420 58 23 Lord
1948 3421 121 24 Miltown's
2079 3424 13 21 b
2103 3424 13 22 h
2128 3426 114 27 Fidhawn,
2251 3427 15 21 6
2283 3434 43 19 yrs,
2343 3427 35 22 sst
2395 3427 36 23 71b
2444 3431 16 12 »•'

1932 3448 96 26 (carried
2037 3452 35 20 6st
2079 3451 47 27 51b)
2268 3453 100 27 Darling,
2377 3454 51 27 jun.
2438 3456 20 20 .0

1877 3474 43 22 Mr.
1941 3475 24 22 B.
1984 3476 119 23 Eddison's
2117 3479 35 22 ch-
2160 3479 13 21 f
2182 3479 105 27 Slipshod,
2303 3481 16 20 4
2336 3486 44 21 yrs,
2396 3481 36 22 sst

1930 3502 96 25 (carriad
2035 3505 35 21 sst
2079 3504 47 27 41b)
2363 3506 66 29 Kiley
2444 3511 14 18 0

1875 3529 44 20 Mr.
1944 3529 131 25 Bateman's
2099 3532 27 22 eh
2150 3532 12 21 f
2173 3537 5 3 •
2187 3533 81 21 Haitoe
2289 3534 14 20 4
2327 3540 39 20 yrs
2395 3535 34 21 sst

1929 3556 97 24 (carried
2035 3559 35 20 sst
2078 3558 46 27 81b)
2341 3559 25 23 T.
2378 3560 52 29 Day
2444 3564 14 19 0

1905 3582 97 35 Betting
2013 3591 24 19 at
2047 3587 98 32 starting
2155 3596 5 14 :
2179 3590 15 22 2
2206 3593 22 17 to
2243 3590 11 22 1
2264 3593 49 25 agst
2323 3588 133 32 Millepede;

1875 3618 12 22 5
1901 3622 22 18 to
1938 3620 11 21 1
1964 3623 52 26 agst
2026 3620 39 23 the
2078 3620 99 28 Corsair,
2190 3622 29 21 10
2235 3623 9 22 1
2260 3627 48 25 agst
2319 3621 36 24 the
2373 3622 88 25 Queen*

1875 3650 21 23 of
1912 3650 38 24 the
1962 3651 73 30 Tyne,
2051 3655 48 21 100
2110 3658 21 18 to
2147 3655 13 21 8
2173 3658 55 26 agst.
2237 3653 90 30 Haitoe,
2344 3657 29 22 15
2393 3660 24 19 to
2440 3659 12 21 1

1875 3687 49 26 agst
1935 3683 124 33 Fireaway,
2076 3688 30 22 18
2118 3691 22 18 to
2155 3688 11 22 1
2180 3691 50 25 agst
2242 3686 96 30 Vakeel,
2360 3690 31 22 18
2404 3693 22 18 to
2442 3692 25 21 1.

1875 3721 46 25 agst
1933 3716 99 32 Martyr,
2044 3719 50 28 and,
2100 3721 32 22 20
2141 3723 26 21 .to
2181 3721 132 29 l.agstany
2325 3721 75 24 other.

1903 3749 96 26 Death
2012 3759 31 18 oi:
2066 3759 49 16 the
2136 3752 94 25 Queen
2252 3761 28 16 of
2303 3753 117 26 Thumps.
2423 3768 34 5 —

1875 3782 53 24 This
1947 3784 126 26 celebrated
2094 3792 68 21 mare,
2185 3786 36 22 the
2243 3792 115 25 property,
2371 3789 26 23 of
2407 3800 3 4 -
2412 3800 4 13 ;
2418 3789 38 24 th«

1875 3815 59 24 Hon.
1948 3816 31 24 E.
1994 3817 36 24 M.
2044 3817 38 24 LI.
2098 3817 102 31 Mostyn,
2215 3819 52 24 and-
2276 3821 179 27 winuec.o&the

1875 3848 60 25 Oaks
1940 3850 58 28 .and.
2004 3850 72 24 Great
2096 3850 35 24 St.
2148 3850 145 33 Leger,-died
2306 3859 23 17 at
2345 3854 109 26 York'ion

1875 3881 30 24 Lhe
1925 3883 59 23 28th
2002 3883 26 23 of
2044 3883 89 29 March,
2154 3885 78 31 giving
2251 3886 60 24 birth
2331 3890 71 24 tova'r
2407 3888 49 31 filly

1875 3913 44 26 foal.
1958 3915 23 24 It
1993 3923 46 16 was
2050 3917 60 23 what
2131 3919 20 23 is
2174 3918 71 26 called
2264 3928 12 14 a
2298 3921 139 25 croas^birib
2447 3930 6 19 ;

1875 3948 33 23 md
1935 3956 28 16 no
1988 3949 84 24 human
2092 3951 35 22 aid
2149 3951 64 24 could
2235 3953 55 23 have
2312 3954 143 29 saved^'her.

878 1362 107 22 October
999 1365 20 23 3,
1036 1366 60 21 1813.

697 1385 78 22 Before
792 1387 34 22 his
846 1388 79 22 Honor
944 1389 65 22 Will
1013 1397 6 14 i
1023 1397 35 16 a?,*
1075 1392 105 27 Martin,
1202 1394 74 22 Chief-

663 1414 2 23 I
944 1415 91 23 Justice.

871 1474 115 27 M'Grcgor
995 1483 20 15 v.
1027 1477 72 21 Keith.

662 1514 2 6 ,
721 1498 49 22 Ma.
782 1499 97 23 HtN3O!f
889 1500 33 22 for
934 1501 36 22 the
983 1503 102 23 Plaintiff.

720 1525 49 22 Mr.
780 1526 58 22 Ross
850 1528 33 20 for
893 1529 37 19 the
943 1529 134 24 Defendant.

720 1551 90 22 Verdict
825 1554 34 21 for
875 1554 36 21 the
929 1555 102 23 Plaintiff
1043 1557 28 26 by
1082 1564 91 17 consent
1184 1558 89 25 for'^6o

661 1594 2 3 .
692 1585 43 16 ana
748 1582 63 18 costs.

661 1620 2 15 I
884 1608 87 21 Burrell
981 1616 18 16 v,
1014 1611 65 21 Tom*.

718 1637 49 22 Mr.
780 1637 96 24 Hanson
887 1640 33 21 for
932 1641 36 22 the
980 1641 103 24 Plaintiff,

718 1663 49 23 Mr.
779 1664 57 23 Ross
847 1666 33 21 for
891 1666 37 23 the
939 1668 129 23 defendant.

716 1695 54 22 This
777 1703 43 14 was
828 1703 27 14 an
864 1698 72 22 action
943 1702 22 19 to
976 1707 90 15 recover
1076 1701 37 22 the
1121 1709 48 16 mm
1178 1703 25 22 of
1210 1704 60 24 £100

659 1729 3 4 •
690 1721 38 22 the
744 1722 63 22 value
824 1724 26 20 of
862 1731 14 14 a
891 1725 71 22 whale
979 1727 56 26 boat,
1054 1728 45 22 and
1117 1729 37 21 the
1172 1729 42 23 loss
1231 1730 38 23 the

659 1756 2 8 '
690 1749 99 22 Plaintiff
802 1750 43 21 had
855 1752 113 23 sustained
983 1753 29 27 by
1021 1754 28 21 its
1063 1754 69 28 being
1143 1756 20 22 in
1176 1756 36 23 the
1223 1757 45 22 De-

659 1789 2 10 :
689 1776 93 21 fendant
791 1784 9 13 s
811 1778 129 25 possession.

715 1802 97 22 William
824 1804 68 26 Gully
907 1806 147 26 examined,—
1054 1808 20 22 'l
1091 1816 36 14 am
1147 1816 13 15 a
1176 1810 81 22 whaler

687 1828 45 22 and
748 1830 70 21 re-sido
835 1834 22 17 at
878 1831 82 23 Nelson
970 1841 6 19 ;
993 1833 11 22 I
1024 1834 62 22 know
1103 1835 54 23 both
1174 1837 97 25 plaintiff

688 1857 44 20 and
743 1857 134 26 defendant;
895 1858 9 21 I
923 1866 45 15 was
979 1863 22 18 at
1011 1860 90 23 Porirua
1111 1870 13 14 a
1139 1863 56 21 little
1212 1864 55 22 after

686 1883 120 21 Christmas
816 1884 21 20 in
849 1885 52 21 IS3B
911 1893 7 18 ;
931 1885 11 22 I
953 1893 44 14 saw
1009 1887 42 22 Mr.
1061 1888 68 22 Toms
1139 1890 51 25 give
1199 1898 11 14 a
1221 1891 42 21 Mr.

686 1909 64 20 Duka
762 1909 25 20 of
798 1909 91 27 Sydney
899 1919 28 14 an
938 1913 64 21 order
1011 1913 34 22 for
1054 1915 59 25 £40;
1131 1915 10 21 I
1163 1917 102 23 recollect

684 1936 98 25 plaintiff
787 1937 76 26 giving
872 1944 13 14 a
896 1945 81 21 money
985 1939 65 22 order
1059 1945 23 17 to
1093 1948 13 14 a
1123 1950 51 16 man
1191 1944 26 21 of
1228 1943 35 23 the

684 1968 65 14 name
760 1962 26 21 of
797 1962 75 26 Allen,
884 1964 48 21 who
943 1965 19 20 is
972 1966 59 21 since
1043 1968 63 25 dead,
1120 1973 21 16 to
1157 1970 106 24 purchase

685 1988 44 20 him
742 1994 12 14 a
764 1988 52 20 boat
826 1992 22 17 at
858 1989 107 27 Sydney;,
976 1991 10 22 I
1004 1992 88 23 yrhated.
1100 1996 11 19 f
1110 2002 12 13 o
1123 1997 11 18 f
1143 1996 47 22 Mr,
1198 1997 65 22 Toms

683 2013 81 27 during
774 2013 36 22 the
821 2022 78 15 season
909 2017 28 20 of
951 2018 57 26 1839,
1021 2017 10 22 I
1049 2026 43 15 was
1185 2022 77 22 heads-

682 2046 64 18 man;
764 2040 9 21 I
791 2042 123 21 remember
936 2043 66 22 Allen
1023 2046 90 26 coming-
1136 2051 22 18 to
1182 2049 77 24 Queen

682 2065 130 23 Charlotte's
822 2068 82 27 Sound,
915 2069 29 21 he
954 2070 95 27 brought
1066 2073 52 21 with
1134 2073 47 23 him
1197 2083 12 13 a
1226 2077 33 22 »ix

683 2093 67 21 oared
760 2093 43 23 and
813 2102 14 13 a
836 2094 44 22 five
890 2096 66 21 oared
967 2096 52 22 boat
1027 2105 5 19 ;
1044 2098 36 22 the
1088 2100 122 24 defendant
1219 2104 48 21 was'

681 2120 63 22 there
762 2124 23 18 at
803 2121 36 21 the
859 2122 65 27 time;
940 2121 76 24 IWa
1035 2125 47 22 aaid
1194 2128 17 22 is
1225 2129 35 23 old

680 2148 42 19 Joe
732 2154 10 13 s
751 2148 52 20 boat
813 2155 63 14 come
884 2156 5 19 ;
899 2149 4 8 '
927 2149 26 21 he
963 2150 115 23 askedW
1089 2156 21 18 to
1120 2153 50 23 look
1181 2159 22 17 at
1214 2155 38 23 her

680 2173 45 21 and
734 2180 36 14 see
780 2173 57 23 what
848 2174 11 22 I
871 2175 94 28 thought
976 2177 24 20 of
1011 2177 50 28 her;
1078 2180 43 21 this
1132 2188 43 14 was
1186 2187 21 16 at
1221 2183 36 22 tho

681 2200 65 21 latter
762 2201 43 21 end
826 2201 26 21 of
872 2203 77 26 April;
967 2203 35 22 the
1027 2212 61 15 same
1113 2214 77 15 season
1216 2206 45 26 Mr.'

683 2227 15 20 f
700 2234 46 14 oms
756 2234 55 19 pave
822 2228 17 21 it
850 2228 45 22 into
906 2236 38 20 my
957 2230 87 27 charge,
1061 2232 44 22 and
1124 2234 45 22 told
1188 2242 33 15 me
1235 2239 23 19 to

678 2253 51 21 take
741 2260 48 14 care
799 2255 27 21 of
836 2255 38 21 the
885 2255 36 22 old
933 2258 72 20 man's
1024 2258 56 27 boat,
1101 2261 105 27 meaning
1221 2263 35 22 the

678 2280 42 21 five
741 2281 65 21 oared
829 2281 64 28 boat;
909 2283 48 21 that
974 2284 50 22 boat
1038 2292 44 15 v/as
1099 2288 116 27 employed
1235 2290 20 22 in

679 2307 36 21 the
727 2312 62 23 party
800 2307 48 23 that
857 2316 77 15 season
941 2317 7 19 ;
963 2310 40 22 her
1018 2313 102 27 earnings
1133 2321 62 15 came
1212 2316 48 23 that

676 2340 77 14 season
765 2338 23 18 to
798 2335 47 23 £17
854 2336 42 21 10s.
906 2345 5 18 ;
928 2336 37 23 the
977 2342 82 19 custom
1067 2340 22 21 is
1104 2342 113 28 generally
1233 2346 22 19 to

676 2366 51 19 give
741 2361 36 21 the
786 2361 53 22 boat
854 2370 43 14 one
915 2363 77 28 share;
1015 2365 46 22 that
1076 2366 64 23 share
1156 2376 61 15 came
1234 2374 21 18 to

676 2388 122 26 something
809 2396 59 14 more
880 2390 52 21 than
946 2392 56 26 £17;
1016 2392 36 22 the
1063 2393 53 22 boat
1131 2394 19 21 is
1167 2399 24 18 at
1207 2404 47 14 nre-

675 2417 49 18 sent
734 2418 22 18 at
767 2415 96 26 Porinia,
878 2416 9 21 I
897 2425 45 14 saw
953 2418 38 21 her
1002 2417 31 24 on'
1040 2420 109 28 Saturday
1166 2419 48 29 last',
1233 2428 21 18 at

676 2441 42 21 Mr.
730 2441 65 22 loma
807 2442 96 28 whaling
912 2444 80 22 station
1004 2450 23 17 at
1038 2446 103 28 Porirua;
1153 2449 37 21 the
1200 2455 50 17 next

674 2474 84 20 season,
776 2475 22 15 m
817 2471 59 25 1840,
895 2470 37 22 the
947 2470 71 23 boat's
1032 2472 62 23 share
1110 2475 73 22 would
1199 2476 53 22 have

674 2500 62 16 come
748 2499 21 17 to
777 2495 54 27 £40,
843 2497 44 20 and
895 2498 67 21 about
971 2499 47 22 j£3o
1027 2499 37 22 the
1075 2507 77 16 season
1165 2502 59 22 after.

701 2521 193 24 Cross-examined
905 2524 29 27 by
946 2525 43 22 Mr.
1002 2526 65 26 Ross,
1070 2528 94 22 —Some
1174 2531 77 26 parties

673 2554 36 15 are
720 2556 28 14 on
759 2556 14 14 a
782 2549 43 27 lay,
836 2550 45 21 and
892 2554 74 19 others
977 2560 28 13 on
1015 2553 74 23 shares
1098 2562 5 14 :
1115 2555 43 22 this
1169 2556 17 21 is
1197 2556 55 23 what

673 2575 36 21 the
720 2575 61 22 boats
792 2577 80 20 earned
883 2581 23 18 at
915 2578 38 21 the
965 2579 80 28 fishery
1055 2580 10 22 I
1078 2589 43 14 was
1130 2585 35 18 at-
1183 2583 9 21 I
1210 2591 40 15 was

671 2605 38 17 not
728 2606 22 17 at
766 2601 44 23 Mr.
828 2604 67 21 Toms
915 2605 81 27 fishery
1012 2607 23 21 in
1052 2609 59 25 1840,
1134 2609 10 22 I
1167 2610 28 22 do
1213 2615 37 17 not

671 2628 67 21 know
749 2629 47 22 how
806 2629 34 22 hi
838 2629 19 22 3
850 2631 63 22 boats
927 2639 56 14 were
993 2633 116 29 employed
1117 2643 5 19 ;
1141 2636 43 22 Mr.
1197 2637 51 22 Bur-
1260 2634 1 24 I

671 2655 94 22 rellwas
781 2657 45 21 Mr.
842 2657 66 22 Toms
927 2658 65 27 clerk,
1010 2660 63 22 while
1090 2662 11 21 I
1118 2669 44 15 was
1177 2664 70 26 there;
1260 2654 1 29 i

673 2683 5 19 I
693 2682 136 23 understood
839 2684 50 21 that
899 2684 37 23 the
947 2693 86 20 money
1038 2688 115 23 advanced
1164 2698 43 15 was
1217 2692 32 21 for

671 2715 85 20 wages;
773 2709 37 22 the
821 2711 64 21 other
895 2711 53 22 boat
958 2720 43 15 was
1013 2714 43 21 Mr.
1067 2715 89 22 Allen's
1166 2724 54 18 own,

697 2736 80 22 Daniel
789 2738 78 26 Henry
878 2738 106 23 Sheridan
1002 2742 155 27 examined,—
1158 2744 11 22 l
1186 2752 33 14 am
1235 2753 12 13 a

669 2768 103 20 manner,
784 2763 11 22 I
806 2771 63 14 come
880 2765 54 22 from
948 2766 75 28 Kapiti
1032 2775 5 18 ;
1058 2769 22 21 in
1099 2771 53 21 1838
1169 2771 45 22 and
1224 2772 22 22 in

668 2789 37 20 the
716 2789 120 28 beginning
847 2791 26 21 of
885 2794 53 20 1839
979 2801 43 14 was
1038 2796 22 21 in
1076 2795 37 23 the
1128 2798 87 27 employ
1226 2799 24 21 ot

668 2817 44 19 Mr.
732 2816 80 28 Toms;
829 2818 11 21 I
861 2825 43 14 was
920 2820 117 27 employed
1053 2822 99 24 aft\clerk
1169 2821 76 26 in=*the

668 2843 120 27 beginning
798 2845 26 20 of
835 2845 38 21 the
890 2853 53 19 year
960 2848 58 25 1839,
1035 2851 28 22 a.t,
1073 2849 75 22 Toms'
1166 2852 77 22 station

667 2872 22 17 tn
710 2872 76 21 Queen
807 2872 111 22 Charlotte
940 2873 87 27 Sound;
1040 2874 10 23 I
1076 2883 43 15 was
1139 2877 52 23 then
1211 2886 34 14 ac-

666 2896 104 25 quainted
779 2898 53 21 with
844 2898 37 22 the
892 2899 108 28 plaintiff;
1017 2902 11 21 I
1040 2904 123 22 remember
1179 2905 63 22 Allen

666 2924 102 26 bringing
777 2931 12 14 a
800 2925 42 20 five
853 2926 67 21 oared
931 2927 51 21 boat
997 2931 23 17 to
1037 2928 79 24 Queen
1133 2931 110 22 Charlotte

665 2949 88 27 Sound;
764 2951 45 22 and
819 2952 66 21 Toms
896 2953 47 22 said
979 2954 57 27 Dan,
1048 2956 16 21 it
1075 2956 43 22 will
1127 2957 29 22 be
1166 2966 13 14 a
1189 2959 55 26 good

665 2976 59 23 thin«
724 2978 46 21 -for
781 2978 36 21 the
829 2979 37 21 old
876 2987 60 19 man,
953 2980 12 22 I
982 2982 43 22 will
1042 2986 38 24 put
1097 2984 33 21 his
1146 2984 63 22 boat,
1216 2993 25 14 on

665 3004 71 21 which
754 3006 79 21 station
854 3006 28 22 he
903 3007 85 27 wishes,
1008 3008 8 21 I
1038 3010 43 21 will
1100 3012 55 21 send
1179 3012 63 22 Allen

662 3030 71 22 round
744 3034 22 18 to
776 3032 86 28 Croudy
873 3034 47 27 Bay
932 3038 21 17 to
970 3034 65 23 know
1050 3043 56 15 were
1124 3038 28 22 he
1173 3039 68 22 would

662 3057 44 21 like
732 3058 17 20 it
769 3062 50 24 put;
899 3065 68 18 wrote
985 3062 76 23 letters
1077 3064 35 22 for
1129 3065 68 23 Toms
1215 3067 25 26 hy

662 3085 114 26 dictation,
790 3088 6 19 I
810 3086 82 28 always
903 3088 78 27 signed
995 3089 35 22 his
1047 3090 74 23 letters
1127 3099 5 19 ;
1150 3092 11 22 I
1179 3097 61 17 wrote

662 3112 37 18 the
708 3112 66 20 letter
779 3112 115 34 produced
904 3114 29 28 by
944 3114 37 23 the
991 3116 107 23 direction
1115 3118 26 22 of
1153 3119 85 27 Toms';

662 3139 11 17 I
683 3139 106 24 prepared
801 3139 36 21 the
847 3140 75 28 things
932 3142 52 22 with
994 3143 48 22 him
1051 3144 102 28 required
1163 3146 35 22 for
1205 3146 33 22 the

661 3165 95 25 whaling
771 3172 89 20 season;
878 3167 12 22 I
905 3175 44 14 was
963 3174 89 22 present
1068 3175 24 17 at
1108 3172 37 22 the
1159 3173 43 22 end
1219 3174 23 21 of

661 3191 37 19 the
708 3191 95 27 whaling
812 3199 80 16 season
903 3194 26 21 of
941 3194 38 22 the
988 3203 54 19 year
1052 3198 59 27 1839,
1122 3199 65 23 when
1203 3200 34 22 the

660 3217 98 35 plaintiff
763 3217 127 24 demanded
899 3220 38 23 the
945 3221 51 22 boat
1003 3224 55 21 from
1066 3224 38 22 the
1111 3226 125 26 defendant;

626 3259 3 7 ,
660 3244 26 19 he
698 3244 86 22 refused
796 3248 21 18 to
828 3246 83 22 deliver
922 3248 37 21 the
970 3248 64 28 boat;
1051 3250 27 22 he
1089 3252 47 22 said
1151 3253 48 23 that
1211 3253 26 23 he

659 3272 43 18 had
711 3272 103 27 formerly
826 3274 83 21 trusted
921 3274 46 23 him
978 3276 52 22 with
1045 3278 72 27 spirits
1133 3281 65 21 when
1210 3281 25 21 he

659 3300 57 18 went
732 3300 21 18 to
769 3299 96 27 Sydney,
883 3301 45 22 and
947 3302 65 23 when
1028 3304 35 21 the
1078 3311 96 18 account
1195 3314 40 15 was

657 3326 79 19 settled
747 3326 27 20 he
784 3326 72 22 would
866 3327 49 26 give
926 3328 38 22 the
1037 3337 36 21 up.

620 3356 9 31 ;
657 3350 221 28 -Cross-examined
896 3355 30 28 by
943 3356 43 22 Mr.
1008 3357 93 29 Ross,—
1104 3359 10 22 l
1134 3359 42 23 left
1193 3360 41 23 Mr.

659 3379 61 19 loms
746 3386 83 15 service
843 3387 25 15 in
884 3381 37 23 the
938 3382 83 23 middle
1035 3385 24 21 of
1078 3386 105 24 October,
1201 3387 34 23 the

655 3410 76 16 season
751 3406 56 21 ends
828 3406 36 23 the
882 3410 32 21 Ist
930 3410 25 21 of
968 3410 108 29 October;
1095 3413 37 22 the
1147 3413 43 23 last
1203 3414 32 22 six

656 3433 86 20 months
753 3433 10 20 I
774 3433 57 22 have
840 3434 61 23 lived
911 3440 24 17 at
951 3444 25 14 or
984 3444 56 16 near
1049 3438 43 23 this
1110 3440 63 25 place
1180 3449 6 13 :
1203 3448 30 15 we

621 3464 5 15 )
655 3458 76 25 parted
741 3458 36 22 the
788 3460 48 22 best
845 3462 28 21 of
883 3462 85 23 friends
976 3472 5 18 ;
997 3472 33 15 we
1042 3466 59 23 Tiave
1111 3467 45 21 had
1166 3474 14 15 a
1190 3474 42 16 row

654 3490 66 22 since,
732 3485 28 22 he
771 3488 88 21 wanted
869 3495 35 16 me
915 3493 23 18 to
953 3492 40 21 rob
1010 3499 14 14 a
1039 3492 57 23 dead
1113 3501 51 15 man
1172 3502 6 14 :
1200 3494 33 22 the

654 3517 71 21 wages
736 3520 54 15 were
806 3516 114 28 generally
937 3517 40 22 but
992 3522 39 18 not
1047 3520 81 27 always
1144 3521 53 26 paid
1210 3521 23 21 in

654 3545 85 21 ayaney
748 3547 5 13 :
770 3541 27 21 he
814 3541 83 28 always
913 3543 78 27 signed
1009 3546 34 22 his
1058 3553 48 15 own
1118 3547 75 22 orders
1201 3555 6 19 ;
1221 3547 12 22 I

654 3566 76 26 taught
738 3566 48 22 him
795 3572 22 16 to
828 3569 61 22 write
900 3571 46 21 and
956 3572 46 21 also
1010 3572 35 22 his
1054 3573 50 22 wife
1113 3582 6 18 ;
1135 3574 28 22 he
1179 3574 52 22 used

653 3594 20 18 to
683 3593 40 20 ask
733 3600 37 15 me
780 3597 22 18 to
812 3595 48 27 sign
871 3596 33 22 hia
914 3605 74 19 name,
1000 3600 108 27 anything
1115 3601 118 28 particular

636 3620 3 28 |
650 3620 28 20 he
689 3620 55 21 used
753 3623 23 19 to
784 3621 49 27 sign
844 3622 102 29 himself;
963 3625 34 22 his
1008 3626 49 22 wife
1069 3627 55 22 used
1141 3631 22 18 to
1181 3627 51 23 read

650 3652 37 20 my
697 3647 76 22 letters
782 3648 46 22 and
836 3648 54 23 then
901 3650 28 22 he
940 3652 55 21 used
1010 3656 22 19 to
1049 3653 47 28 sign
1114 3653 60 23 them
1183 3653 14 27 ;'
1204 3654 27 23 he

650 3673 39 21 has
699 3674 94 22 accused
803 3682 35 15 me
850 3676 26 22 of
887 3678 96 28 sending
992 3679 75 23 orders
1078 3685 22 17 to
1111 3681 90 25 Sydney
1210 3681 20 22 in

650 3700 32 20 his
692 3706 75 16 name.

675 3726 78 23 James
771 3727 99 29 Field,—
873 3730 11 23 l
901 3730 45 24 live
956 3735 23 19 at
995 3733 38 23 the
1043 3733 79 27 Urubi,
1139 3734 63 22 lam
1217 3741 12 15 a

647 3756 95 24 whaler;
753 3756 191 34 Iwa&«mp]oyed
955 3759 29 27 by
990 3760 45 22 Mr.
1046 3760 67 22 Toms
1122 3760 23 22 in
1152 3761 76 25 Queen

647 3781 111 21 Charlotte
769 3789 10 14 s
794 3782 78 26 Sound
880 3784 23 22 in
919 3787 67 25 1839;
1003 3786 11 21 I
1024 3793 43 15 saw
1078 3786 47 22 the.
1130 3787 53 21 boat
1196 3794 32 15 re-

645 3808 62 20 fitted
716 3808 63 23 there
789 3813 23 18 at
826 3810 37 22 the
870 3811 46 25 ,end
929 3812 26 21 of
966 3812 38 21 the
1015 3819 77 15 season
1099 3820 7 20 ;
1125 3813 11 23 I
1148 3814 81 22 offered

645 3836 22 18 to
680 3834 51 27 give
748 3835 36 22 the
800 3836 101 27 plaintiff
903 3838 56 27 j£33
975 3838 34 22 for
1024 3838 37 22 the
1077 3840 64 26 boat;
1160 3840 10 22 I
1186 3848 43 14 was

644 3860 95 27 whaling
755 3862 53 22 both
824 3862 65 23 those
901 3872 97 19 seasons,
1009 3871 14 16 a
1033 3865 76 27 whale,
1115 3866 54 24 boat
1182 3865 29 24 in*
1216 3874 13 15 a

643 3887 63 22 share
716 3891 64 25 party
786 3890 99 22 receives
891 3890 38 23 the
939 3898 61 15 same
1010 3898 25 15 as
1042 3899 12 14 a
1061 3892 86 26 pulling
1153 3890 61 26 hand
1221 3902 5 18 ;

642 3914 22 21 in
674 3915 53 21 1840
735 3922 36 20 my
781 3916 63 21 share
856 3924 44 15 was
909 3917 49 22 £40
967 3918 31 22 7e.
1014 3917 36 27 6d,
1059 3919 23 21 in
1090 3920 54 21 1841
1157 3920 12 21 I
1186 3928 42 15 was

642 3944 38 19 not
696 3941 21 22 in
736 3949 13 14 a
759 3942 63 21 share
838 3947 71 22 party,
929 3944 48 22 thut
993 3951 77 17 season
1085 3945 18 22 it
1113 3946 73 22 would
1202 3947 25 22 be

615 36 240 57 ■fffc--ytto
880 47 210 50 &w»nt>
1090 47 217 54 ';&atm
1329 54 92 47 atib
1444 64 562 37 imeuuiatan&uettxtAr

732 139 28 19 ng
769 132 80 23 classes
862 143 23 14 m
899 136 43 22 this
953 138 131 28 settlement,
1097 141 152 28 imperatively
1270 150 19 14 re

721 165 72 19 quires
800 167 28 14 0.1
840 162 56 21 their
905 168 50 22 part
960 165 36 21 the
1006 171 55 16 most
1069 171 115 19 strenuous
1193 169 96 21 exertion;

720 188 23 17 to
752 188 75 20 obtain
836 188 37 22 the
887 196 76 15 means
974 191 24 21 of
1009 193 141 26 subsistence,
1167 194 78 27 during;
1264 195 25 22 th<

719 214 117 24 depressed
848 215 44 22 and
902 216 108 23 cheerless
1021 224 55 17 state
1088 221 25 20 of
1128 220 36 22 the
1176 222 91 25 Colony,
1278 225 11 17 tt

718 243 91 20 prevent
819 240 37 23 the
866 242 161 28 weU'dispo3ed
1035 245 44 22 and
1088 247 133 23 industrious
1231 247 58 22 work-

718 271 52 14 man
780 267 56 21 from
853 267 120 29 becoming
988 277 14 14 a
1016 278 83 21 pauper
1109 280 23 14 or
1143 274 60 22 felon
1219 275 22 21 in
1257 273 32 23 this

718 294 81 19 distant
816 294 60 25 land,
892 298 22 18 to
930 302 91 20 procure
1035 298 52 22 food
1105 300 33 21 for
1153 300 89 22 himself
1255 301 34 21 and

716 320 82 25 tamily,
807 326 23 15 as
840 320 38 22 the
888 328 39 20 cry
935 322 26 21 of
968 323 67 22 bread
1045 324 55 23 from
1110 333 13 14 a
1129 327 87 28 hungry
1222 327 67 26 family

716 350 19 15 is
746 351 26 14 an
779 347 132 22 irrertstable
918 349 77 26 appeal
1002 350 48 21 that
1056 358 28 14 no
1091 359 53 15 man
1150 353 26 21 of
1183 354 106 26 humanity

716 374 101 18 however
828 374 46 20 well
886 374 100 27 disposed
996 383 40 15 can
1049 379 81 26 tamely
1141 381 70 21 resist.

742 398 20 22 2.
777 398 58 22 That
852 400 37 21 the
905 402 103 26 majority
1023 404 26 21 of
1061 404 37 21 the
1115 406 99 27 working
1228 413 57 20 popu

715 426 66 21 lation
802 426 26 20 of
847 426 43 22 this
911 428 127 23 settlement
1057 430 84 27 having
1162 432 111 23 received,
1282 440 7 15 a

715 452 218 25 positiveussurance
944 454 56 22 from
1012 455 36 22 the
1059 457 54 21 New
1124 458 97 23 Zealand
1231 459 58 21 Com-

714 484 65 21 pany,
791 478 26 21 of
831 478 37 21 the
885 480 110 22 excellent
1010 489 165 21 arrangements
1192 485 63 23 made
1264 486 25 26 by

713 506 59 20 them
784 508 21 17 to
816 509 90 22 prevent
916 506 89 23 distress
1016 515 25 14 or
1056 513 125 25 pauperism
1192 512 97 27 occuring

713 538 22 14 in
748 532 57 21 their
818 532 145 27 settlements,
976 534 27 25 by
1014 536 116 29 providing
1144 539 145 26 employment

713 558 35 20 for
765 565 42 20 any
829 565 78 20 person
927 560 23 21 in
966 565 58 18 want
1049 564 25 20 of
1089 564 36 22 the
1145 573 61 14 name
1216 574 5 19 ;
1249 565 40 22 this

713 585 98 27 meeting
819 586 104 21 conceive
931 586 56 23 from
995 588 37 22 the
1039 590 133 29 Company's
1179 592 110 27 published

711 614 127 19 statements
855 612 135 27 throughout
1007 616 69 22 Great
1095 618 85 23 Britain
1198 619 25 21 of
1234 619 55 21 their

710 637 105 22 intended
831 646 108 19 generous
954 642 107 26 provision
1082 643 22 23 in
1120 644 77 23 favour
1210 645 24 21 of
1250 645 39 21 the

711 663 102 23 destitute
823 666 128 26 emigrants,
962 667 48 22 that
1023 669 74 22 unless
1112 671 56 21 their
1179 672 108 26 Principal

710 691 75 26 Agent
800 692 81 21 carries
898 697 39 17 out
958 692 37 23 the
1010 694 85 28 alleged
1110 698 130 22 benevolent
1255 699 32 20 in-

709 718 96 21 tentions
819 718 26 21 of
858 718 38 23 th«
911 720 122 28 Company,
1051 722 47 22 that
1115 724 37 22 the
1167 732 53 20 poor
1235 726 52 20 emi-

708 748 76 19 grants
797 745 103 22 however
909 746 118 28 deserving
1036 749 25 20 of
1074 751 157 22 consideration
1244 751 43 21 and

708 770 105 22 kindness
823 771 57 22 have
890 772 56 22 been
958 774 65 22 made
1033 775 36 22 the
1083 776 68 28 dupes
1166 778 26 21 of
1199 786 13 14 a
1228 777 58 22 trad-

706 796 39 27 ing
754 797 121 30 Company.

732 825 20 19 •*•
767 834 28 5 —
814 824 58 22 That
896 833 12 14 a
933 826 126 27 deputation
1084 828 27 23 be
1143 831 87 22 foimed
1264 835 21 18 to

708 854 49 17 wait
776 858 59 19 upon
853 852 88 22 Colonel
959 854 123 23 Walcefield
1099 859 22 19 to
1141 859 108 21 ascertain
1268 858 21 21 if

706 880 7 16 XvX
714 901 14 14 v
763 884 14 31 g
776 904 8 11 T
780 884 25 14 en
809 881 8 17 *
818 877 73 22 leman
903 879 43 22 will
958 887 35 14 car
995 888 25 20 ry
1030 885 37 18 out
1078 882 36 22 the
1131 884 120 22 intentions
1262 885 25 21 of

706 905 37 19 the
763 905 29 20 N.
800 905 25 21 Z.
842 905 114 28 Company
973 907 28 27 by
1016 908 107 28 relieving
1143 910 36 22 the
1199 914 86 24 present

705 931 126 21 necessities
840 931 27 21 of
875 932 36 21 the
921 940 55 20 poor
984 934 112 23 labourers
1106 937 22 20 in
1141 937 43 22 this
1194 938 85 27 colony,

704 957 29 25 by
747 958 149 27 employment
915 967 29 14 on
960 960 37 21 the
1011 962 71 25 roads,
1104 971 25 13 or
1146 971 12 14 a
1174 965 75 26 supply
1260 964 25 22 of

702 983 84 22 rations
795 985 57 21 until
863 986 150 27 employment
1022 995 39 14 can
1074 989 26 21 be
1114 990 104 22 obtained
1228 990 56 23 else-

703 1010 72 21 where
786 1010 28 27 by
824 1011 62 22 those
897 1013 58 26 truly
964 1014 28 21 in-
997 1015 54 20 need
1062 1016 25 20 of
1099 1016 37 21 the
1145 1024 69 15 same.

738 1038 19 20 4.
779 1048 28 4 —
827 1037 58 23 That
912 1047 13 13 a
955 1042 124 21 committee
1103 1042 29 21 be
1157 1042 84 23 formed
1259 1043 25 22 of

703 1063 97 26 working
819 1072 50 14 men
890 1069 21 17 to
931 1067 95 25 conduct
1044 1068 36 21 the
1097 1070 142 26 proceedings
1259 1072 23 19 of

702 1089 55 21 their
776 1090 202 29 fellow-workmen,
998 1093 44 22 and
1066 1094 47 22 that
1137 1096 53 28 they
1213 1096 67 28 adopt

701 1122 66 20 every
783 1124 75 14 means
873 1117 23 22 in
913 1118 138 27 theirpowcr
1061 1126 22 16 to
1100 1122 74 22 obtain
1193 1123 84 22 redress

700 1142 29 25 by
740 1143 116 24 peaceable
864 1145 44 20 and
918 1145 86 27 orderly
1014 1154 82 15 means.
1217 1161 2 5 .
1288 1147 2 18 I

727 1169 20 20 5.
758 1169 59 21 That
828 1170 41 21 this
880 1172 97 26 meeting
986 1172 46 21 also
1043 1173 92 27 adjourn
1148 1179 21 17 to
1181 1176 98 27 Monday

699 1198 61 23 next,
771 1199 21 17 at
803 1195 35 22 the
849 1204 59 14 same
920 1198 53 21 time
983 1200 44 20 and
1038 1200 67 26 place,
1117 1204 20 18 to
1150 1207 70 22 report
1227 1209 50 21 pro-

697 1228 61 19 gress
789 1222 42 22 and
861 1224 95 26 proceed
984 1232 24 14 as
1032 1227 168 23 circumstances
1224 1237 50 14 may

697 1254 95 21 require.

1331 146 67 22 worth
1410 148 66 24 about
1484 150 12 27 i
1496 150 48 27 622;
1559 151 38 22 the
1606 151 51 22 boat
1665 153 19 20 is
1693 160 48 15 now
1751 158 22 18 at
1783 155 91 21 Porirua
1884 160 22 17 at

1330 173 43 21 Mr.
1384 174 86 23 Toms's
1478 177 89 21 station.

788 1300 214 26 SUPREME
1028 1305 160 25 COURT.

1294 204 7 13 i
1330 223 24 12 .,
1356 200 63 22 Cro3s
1421 203 126 21 -examined
1554 203 30 27 by
1595 202 42 23 Mr.
1651 204 91 23 Ross.—
1745 206 25 22 ln
1779 208 51 21 1839
1842 207 10 21 I
1861 215 42 14 was

1294 230 5 12 '
1329 238 14 23 yl!.-/0111y
1343 226 11 20 1
1352 233 50 28 !.-/
1402 234 36 15 0111
1441 229 4 6 '
1447 236 10 13 3
1474 228 99 28 employ;
1593 229 11 22 I
1616 237 41 14 was
1670 236 23 16 at
1709 233 73 27 Kapiti
1797 234 21 21 in
1840 235 63 21 1841:

1295 261 4 4 ■
1329 253 10 20 I
1351 253 37 20 did
1398 259 39 16 not
1447 259 74 18 return
1533 259 22 17 to
1566 256 44 22 Mr.
1621 256 72 24 Toms,

1295 282 3 14 i
1355 278 47 23 Mr.
1415 280 96 23 Hanson
1521 283 141 22 commented
1672 291 28 15 on
1712 285 35 21 the
1758 286 110 22 evidence.

1354 304 48 23 Mr.
1414 305 59 24 Ross
1482 307 92 27 replied.

1355 332 90 22 Verdict
1457 332 34 23 for
1502 335 38 20 the
1557 334 101 28 Plaintiff,
1670 336 103 28 damages
1783 338 60 23 £100
1858 341 43 21 and

1325 360 65 19 costs.

1508 387 98 21 Boulcolt
1616 394 20 15 v.
1647 390 73 25 Lloyd.

1351 409 49 24 Mr.
1416 412 57 23 Ross
1482 412 34 22 for
1527 413 38 22 the
1578 414 100 23 Plaintiff:

1350 435 40 34 No.
1397 445 41 15 one
1449 440 106 26 appeared
1568 441 32 21 for
1610 441 36 22 the
1657 441 133 25 Defendant.

1349 463 53 22 This
1412 472 44 14 was
1465 472 27 14 an
1502 466 74 22 action
1594 471 22 18 to
1625 475 90 16 recover
1727 470 37 22 the
1774 477 92 17 amount
1877 475 24 19 of

1322 494 13 15 a
1346 488 39 23 Bill
1398 491 26 21 of
1431 491 117 27 Exchange
1559 494 35 20 for
1604 494 45 22 £83
1661 496 50 21 155..

1348 515 91 24 Verdict
1449 518 33 21 for
1496 518 36 22 the
1550 519 101 24 Plaintiff
1656 521 34 23 for
1705 522 35 22 the
1750 523 40 23 full
1809 530 89 17 amount

1312 543 60 22 .with
1381 543 90 23 interest
1484 545 43 22 and
1539 552 65 16 costs.

1503 578 83 21 Bowler
1595 586 21 14 v.
1626 580 89 22 Martin.

1348 600 49 23 Mr.
1413 602 59 23 Ross
1481 603 34 22 for
1525 604 38 22 the
1576 605 101 23 Plaintiff.

1347 626 48 23 Mr.
1411 628 96 23 Hanson
1517 630 35 22 for
1562 632 36 21 the
1609 632 135 24 Defendent.
1762 642 4 5 •

1344 653 54 22 This
1407 661 44 15 was
1462 662 26 15 an
1498 658 72 21 action
1578 662 21 18 to
1609 666 89 16 recover
1708 660 35 22 the
1750 661 62 22 vnlue
1821 664 26 20 of
1852 666 42 19 two

1320 682 51 19 Bills
1381 682 26 20 of
1421 682 123 27 Exchange,
1557 686 130 27 amounting
1696 691 22 17 to
1732 688 60 22 jCI92
1802 691 30 19 9s.
1847 690 46 22 lOd.

1346 708 90 21 Verdict
1452 709 32 20 for
1500 709 36 21 the
1557 710 101 23 Plaintiff
1670 713 28 27 by
1709 719 91 17 consent
1813 716 34 21 for
1858 717 35 21 the

1316 736 40 17 lull
1365 739 92 17 amount
1468 736 50 20 with
1527 741 94 18 interest
1631 739 42 20 and
1685 745 63 17 costs.

1337 760 84 21 Bowie?'
1431 762 41 19 and
1478 763 97 20 Another
1585 771 19 14 v.
1613 766 82 20 Martin
1705 767 41 20 and
1757 768 101 25 Company
1864 785 4 5 .

1344 786 44 21 Mr.
1400 788 58 22 Ross
1469 795 42 14 was
1520 789 37 22 for
1569 789 36 23 the
1617 791 101 24 Plaintiff.

1342 812 44 22 Mr.
1398 813 98 23 Hanson
1505 815 35 22 for
1550 816 36 23 the
1597 817 134 24 Defendant.

1346 850 9 9 i.
1362 839 32 22 his
1413 847 44 16 was
1473 848 26 15 an
1517 843 74 22 action
1607 844 94 28 brought
1717 850 21 17 to
1756 854 89 16 recover
1856 848 35 22 tha

1314 866 63 21 value
1387 866 26 21 of
1426 875 11 14 a
1448 867 35 22 bill
1496 868 25 21 of
1533 870 116 27 exchange
1658 873 34 20 for
1701 873 59 22 £129
1771 875 41 21 15s.

1341 892 94 22 Verdict
1444 893 34 22 for
1489 894 105 30 Plaintiff,
1607 898 28 25 by
1645 904 98 22 consent,
1753 900 35 22 for
1804 901 36 22 the
1851 901 39 23 full

1315 923 99 23 amount,
1423 920 50 22 with
1482 921 94 23 interest
1586 923 43 22 and
1640 929 63 18 costs.

1484 953 97 27 Moreing
1596 962 21 14 v.
1634 957 82 21 Garrod

1340 976 43 22 Mr.
1395 978 59 22 Ross
1465 987 43 14 was
1517 981 34 21 for
1562 981 36 22 the
1612 983 101 24 Plaintiff.

1339 1004 35 20 No
1385 1011 44 14 one
1438 1007 107 26 appeared
1556 1009 34 20 for
1600 1009 36 21 the
1647 1010 134 25 Defendant.

1337 1030 54 21 This
1411 1039 44 14 was
1473 1040 27 14 an
1511 1035 73 21 action
1602 1035 94 28 brought
1712 1042 20 18 to
1751 1047 90 14 recover
1852 1040 36 22 tha

1310 1062 48 14 sum
1369 1060 24 18 of
1403 1060 53 24 £18,
1468 1060 36 21 the
1514 1066 94 18 amount
1613 1064 25 20 of
1646 1067 41 18 two
1698 1070 97 20 quarters
1804 1068 84 22 ground

1310 1086 55 17 rent.

1337 1108 92 24 Verdict
1438 1111 33 22 for
1480 1112 105 23 Plaintiff
1595 1115 34 22 for
1638 1115 35 22 tho
1684 1117 40 22 full
1739 1124 90 17 amount
1846 1121 41 21 and

1309 1139 63 17 costs.

1461 1191 273 30 AUCKLAND.

1341 1246 49 24 The
1415 1248 112 32 following
1550 1256 89 19 returns
1662 1256 109 29 appeared
1795 1258 21 22 in
1847 1259 23 23 th

1309 1277 145 27 Goeernment
1468 1282 101 30 Gazette,
1581 1285 25 23 of
1621 1286 53 30 July
1687 1287 65 29 26th,
1765 1289 110 31 publishei

1307 1310 28 31 by
1348 1312 36 23 the
1397 1313 107 24 direction
1515 1316 27 22 of
1551 1316 36 24 his
1597 1317 137 34 Excellency
1748 1322 36 23 the
1798 1322 73 25 Office

1304 1343 183 34 Administering
1498 1348 38 23 the
1557 1349 162 31 Government,
1731 1354 101 32 shewing
1847 1357 28 23 th<

1304 1383 93 18 amount
1421 1380 24 22 of
1466 1380 108 33 shipping
1595 1384 85 23 arrived
1702 1390 23 19 at
1742 1387 37 24 the
1797 1396 77 17 severa

1304 1416 61 23 ports
1378 1412 26 23 of
1414 1412 56 23 New
1482 1413 107 31 Zealand,
1603 1417 42 24 and
1658 1416 48 25 also
1719 1419 36 24 the
1767 1420 108 26 Customs

1303 1442 83 25 Duties
1407 1446 111 29 collected,
1533 1448 53 24 with
1600 1449 37 24 the
1656 1456 47 18 cost
1715 1453 23 22 of
1757 1454 116 25 collection

1303 1475 82 33 during
1397 1478 38 23 the
1447 1487 64 22 years
1525 1482 63 23 1841
1592 1494 31 5 —
1626 1485 22 22 2.

1328 1518 23 23 A
1367 1523 87 24 return,
1472 1520 102 32 shewing
1595 1522 35 24 the
1649 1526 92 23 number
1759 1527 25 23 of
1802 1528 70 31 Ships

1334 1551 53 23 with
1408 1552 58 24 their
1483 1558 98 27 tonnage
1600 1556 42 24 and
1663 1566 59 21 men,
1734 1559 71 25 which
1824 1561 51 24 have

1334 1586 99 27 entered.
1440 1586 105 30 inwards,
1555 1592 24 19 at
1589 1590 55 23 each
1655 1596 50 24 port
1718 1592 21 23 in
1753 1592 54 24 New
1821 1594 54 23 Zea-

1308 1627 3 3 •
1334 1616 58 30 land,
1404 1618 58 24 from
1469 1620 37 22 the
1516 1621 171 26 establishment
1695 1625 26 23 of
1727 1625 37 23 the
1771 1627 104 24 Custom?

1332 1655 23 17 to
1366 1650 39 24 the
1416 1653 55 22 31st
1481 1651 137 32 December,
1633 1657 72 24 1842.

1547 1696 54 23 184
1601 1696 36 23 L*

1332 1724 121 25 Auckland
1461 1734 5 14 :
1482 1725 105 26 Inwards
1589 1740 32 5 —
1623 1730 31 23 23
1663 1729 70 30 ships,
1743 1734 64 24 3237
1818 1738 50 19 toas

1297 1757 49 23 223
1360 1765 60 16 men.

1329 1787 151 35 Wellington':
1495 1794 30 22 39
1536 1794 71 31 ships,
1615 1795 63 26 9745
1690 1802 57 24 tons,
1758 1801 47 24 557
1814 1807 59 17 men.

1329 1821 95 26 Russell
1435 1834 5 15 :
1460 1827 31 22 34
1503 1826 73 32 ships,
1588 1829 65 24 8173
1666 1834 58 24 tow,
1737 1832 45 23 611
1798 1840 59 17 men.

1329 1855 92 26 Totals:
1440 1859 32 22 96
1484 1859 71 31 ships,
1567 1862 89 27 21,155
1669 1867 59 24 tons,
1745 1866 58 23 1381
1813 1873 60 17 men.

1553 1902 72 22 1842.

1327 1929 121 25 Auckland
1459 1940 5 15 :
1482 1933 31 22 49
1525 1933 72 31 ships,
1611 1936 64 23 9125
1687 1942 56 24 tons,
1755 1940 49 22 586
1812 1947 61 16 men.

1326 1961 153 33 Wellington:
1499 1967 32 22 SO
1544 1966 71 32 ships,
1635 1969 87 28 16,123
1734 1976 59 23 tons,
1809 1974 63 23 1079

1291 2001 62 16 men.

1282 2036 3 4 •
1324 2026 109 26 Russell:
1445 2031 35 22 69
1485 2030 72 31 ships,
1571 2034 87 26 18,033
1671 2039 57 24 ton*,
1739 2037 63 24 1383
1810 2046 60 16 men.

1324 2059 87 25 Nelson
1421 2069 5 16 :
1445 2065 32 22 30
1487 2064 72 30 ships,
1572 2066 66 23 9548
1649 2072 59 24 tons,
1718 2070 47 22 520
1776 2078 59 16 men.

1324 2094 55 22 New
1400 2095 120 31 Plymouth
1531 2106 6 14 :
1563 2100 15 21 2
1597 2099 69 30 ships,
1691 2103 46 22 r>22
1760 2109 58 22 tons,
1839 2106 32 22 29

1289 2133 60 17 men.

1322 2159 80 24 Totals
1409 2170 5 14 -.
1428 2164 48 22 230
1485 2163 72 31 ships,
1567 2167 70 26 53,41
1645 2168 9 21 1
1666 2172 57 23 tons,
1734 2170 66 24 3597
1807 2178 61 18 men.

1464 2210 230 20 RECAPITULATION.

1321 2232 80 25 Totals
1421 2234 33 24 for
1473 2237 120 25 Auckland
1605 2247 6 15 :
1634 2242 30 23 72
1685 2240 71 32 ships,
1779 2246 89 26 12,362

1287 2272 58 22 tons,
1359 2269 50 23 809
1423 2277 57 16 men.

1319 2300 79 24 Totals
1411 2302 34 24 for
1460 2303 138 32 Wellington
1608 2314 6 15 :
1635 2308 45 22 119
1691 2307 70 33 ships,
1776 2311 90 27 25,928

1285 2336 59 25 tons,
1360 2336 64 23 1636
1438 2343 60 17 men.

1318 2366 79 25 Totals
1415 2369 36 23 for
1473 2370 95 25 Russell
1579 2380 5 14 :
1618 2375 45 22 103
1681 2373 71 33 ships,
1773 2378 92 26 26,206

1284 2403 58 26 tons,
1356 2403 67 22 2094
1438 2411 59 16 men.

1316 2432 79 26 Totals
1418 2436 34 22 for
1474 2436 86 25 Nelson
1573 2447 5 14 :
1597 2441 31 21 30
1641 2441 70 29 ships,
1725 2443 64 23 9548
1805 2449 49 17 tons

1282 2467 48 22 520
1344 2474 60 17 men.

1315 2499 79 25 Totals
1407 2504 33 22 lor
1460 2502 54 24 New
1536 2504 124 31 Plymouth
1669 2516 6 14 :
1694 2510 16 21 2
1729 2509 70 28 shins,
1813 2512 50 22 522

1281 2537 58 22 tons,
1353 2536 32 21 29
1399 2543 64 23 men,,

1313 2566 80 25 Grarfd
1411 2568 95 25 Totals:
1531 2572 50 22 326
1604 2573 69 30 ships,
1694 2575 90 28 74,566
1803 2582 58 21 tons,

1280 2600 64 24 5088
1530 2622 2 3 .

1306 2665 23 24 A
1353 2672 76 19 return
1454 2669 24 24 of
1504 2669 39 24 the
1572 2677 93 19 amount
1694 2674 26 23 of
1746 2676 107 24 Cusrtoms
1856 2677 4 9 1

1311 2698 82 26 Duties
1407 2703 100 23 received
1519 2709 26 18 at
1556 2705 55 23 each
1625 2705 54 24 Port
1692 2707 21 23 ia
1732 2707 55 24 New
1801 2709 59 24 Zea-

1311 2733 50 23 land
1374 2735 23 23 in
1412 2734 36 24 the
1469 2744 64 22 years
1548 2739 61 23 1841
1630 2741 42 21 and
1698 2742 68 25 1842,
1780 2744 43 21 and
1838 2744 25 21 of

1309 2766 38 23 the
1355 2767 99 32 .charges
1468 2769 23 23 of
1500 2770 126 25 collection.

1280 2834 2 5 ,
1318 2820 4 5 '
1525 2812 92 23 1841.*

1308 2839 123 26 Auckland
1442 2850 6 15 :
1494 2842 92 30 Duties,
1615 2846 86 24 £2305
1731 2849 36 22 9s.
1795 2850 39 22 6d.
1851 2859 6 19 ;

1275 2872 93 31 charges
1381 2875 26 23 of
1416 2875 126 29 collection,
1555 2878 85 24 £1321
1660 2882 14 20 5
1692 2897 5 5 .
1720 2882 52 22 101.

1292 2905 176 33 .Wellington:
1496 2909 92 28 Duties,
1612 2912 87 23 £2914
1728 2916 46 21 !4s.
1797 2916 37 22 sd.
1849 2925 5 19 ;

1264 2938 103 32 .charges
1380 2942 26 21 of
1415 2940 126 30 collection,
1553 2944 72 24 £400
1642 2947 35 21 Os.
1699 2945 36 24 2d.

1306 2972 110 26 Russell:
1435 2973 90 30 Duties,
1534 2976 91 25 £1194
1642 2983 35 18 4s.
1691 2978 37 24 3d.
1740 2988 5 17 ;
1760 2980 96 30 cLarges
1868 2992 1 20 j

1271 3006 26 23 of
1306 3007 128 28 collection,
1447 3007 70 25 £420
1538 3010 51 22 10s,
1613 3011 36 23 Id.
1867 3003 2 25 i

1305 3039 96 24 Totals:
1421 3039 90 30 Duties,
1524 3042 90 25 £5414
1631 3046 34 22 Bs.
1687 3046 52 25 2d.;
1760 3047 94 31 charges

1271 3072 23 23 of
1304 3072 126 28 collection,
1444 3075 85 25 £2147
1550 3077 53 23 16s.
1625 3078 34 22 Id.

1523 3118 74 22 1842.

1302 3146 140 26 Auckland:
1473 3147 92 31 Duties,
1593 3151 86 26 £5207
1709 3154 35 23 9s.
1779 3156 52 23 lOd.
1845 3165 6 19 ;

1268 3180 94 30 charges
1374 3181 26 23 of
1409 3181 127 30 collection,
1547 3184 87 26 £1755
1654 3187 35 22 Bs.
1710 3187 40 23 3d.

1301 3213 141 32 Wellington
1456 3224 5 15 :
1488 3215 92 30 Duties,
1604 3219 87 25 £7967
1722 3221 35 22 3s.
1788 3222 38 23 2d.
1844 3231 6 19 ;

1267 3246 93 31 charges
1372 3248 27 22 of
1408 3248 126 30 collection,
1547 3251 88 23 £1184
1654 3254 35 22 Os.
1711 3253 53 24 10d.

1299 3279 109 26 Russell:
1421 3281 90 30 Duties,
1522 3284 90 23 £2534
1626 3286 49 22 11s.
1690 3285 37 24 4d.
1738 3295 6 18 ;
1755 3286 96 32 charges

1265 3312 25 23 of
1299 3313 129 30 collection,
1440 3316 71 25 £778
1533 3318 52 24 17s.
1605 3316 39 24 4d.

1298 3346 105 25 Nelson:
1423 3347 90 30 Duties,
1524 3350 21 23 £
1550 3351 64 22 1356
1631 3353 35 21 ss.
1687 3351 37 24 Bd.
1733 3361 6 18 ;
1754 3353 95 31 charges

1263 3379 25 23 of
1297 3380 127 29 collection,
1437 3382 71 24 4652
1528 3384 51 22 10s.
1599 3383 38 23 Bd.

1297 3412 58 24 New
1378 3413 123 32 Plymouth
1514 3423 6 15 :
1527 3411 4 10 ;
1550 3415 92 29 Duties,
1670 3417 71 26 £170
1774 3420 51 24 17s.
1840 3429 6 19 ;

1263 3445 94 31 charges
1369 3448 26 23 of
1404 3448 127 28 collection,
1544 3449 80 24 £104.

1296 3479 95 25 Totals:
1411 3480 90 29 Duties,
1513 3481 115 30 £17,316
1647 3483 51 28 75.;
1717 3484 94 32 charges
1823 3486 27 23 of

1260 3511 128 30 collection,
1401 3514 89 25 £4474
1510 3514 50 26 17s.
1583 3515 36 24 Id.

1438 3562 230 18 RECAPITULATION.

1295 3586 79 24 Totals
1385 3587 34 23 for
1428 3587 123 25 Auckland
1560 3597 7 15 :
1585 3589 91 29 Duties,
1685 3591 86 24 £7592
1792 3594 50 23 19s.

1259 3619 39 24 4d.
1310 3628 6 20 ;
1336 3620 95 32 charges
1445 3621 26 23 of
1482 3621 127 30 collection,
1621 3624 88 24 £3076
1729 3626 49 22 Hs.
1806 3626 35 24 Id.

1292 3652 81 25 Totals
1393 3654 35 24 for
1447 3653 141 34 Wellington
1600 3664 5 15 :
1625 3655 90 31 Duties,
1730 3659 110 28 £10,881

1261 3686 51 23 17s.
1326 3687 38 24 7d.
1376 3695 6 20 ;
1403 3687 93 31 charges
1509 3688 25 23 of
1544 3688 126 30 collection,
1683 3691 87 24 £1590
1790 3693 33 23 Is.

1292 3718 80 24 Totals
1393 3720 37 23 for
1448 3720 94 25 Russell
1553 3730 5 15 :
1578 3721 91 30 Duties,
1682 3724 86 25 £3728
1789 3727 51 22 15s.

1258 3751 39 24 7d.
1308 3760 6 19 ;
1335 3752 95 32 charges
1443 3754 24 24 of
1476 3754 127 29 collection,
1612 3756 88 24 £1199
1718 3758 35 24 7s.
1767 3758 39 24 sd.

1290 3809 14 16 *
1318 3810 49 24 The
1384 3816 91 21 returns
1486 3814 49 29 for
1554 3814 120 25 Auckland
1690 3815 45 23 and
1748 3815 95 25 Russell

1256 3850 123 18 commence
1398 3852 30 17 on
1439 3846 37 23 the
1489 3848 36 22 Ist
1543 3847 63 30 July,
1619 3847 97 31 and/or
1730 3848 108 32 Welling-

1255 3878 39 21 ton
1305 3883 29 16 on
1346 3877 38 24 the
1396 3878 59 24 25th
1463 3879 97 30 August,
1569 3879 24 23 in
1600 3879 47 24 this
1656 3888 64 23 year,
1731 3888 27 16 on
1767 3881 73 25 which

1255 3909 71 24 dates'
1337 3910 46 24 the.
1394 3910 104 25 Customs
1512 3919 60 16 vere
1586 3913 59 29 first
1663 3913 136 24 established
1814 3918 25 20 at

1254 3941 64 25 those
1330 3942 72 25 Ports
1412 3944 155 32 respectively.
