2540 4020
1935 3542 40 17 The
1986 3542 48 15 New
2044 3540 99 17 Zealand
2153 3540 92 17 Gazette
2252 3540 36 16 and
2299 3539 130 18 Wxlukotoh

1868 3570 20 15 es
1916 3567 64 13 tator
1985 3563 16 15 is
2007 3561 95 22 published
2109 3565 54 17 every
2293 3560 36 17 and
2340 3559 89 19 Saturday.
2448 3556 40 15 Sod-

1868 3597 7 7 „
1914 3584 61 20 Joined
1982 3587 31 12 are
2018 3583 32 16 the
2056 3583 57 16 terms
2117 3587 4 10 :
2123 3589 22 5 —

1868 3599 9 13 a
1935 3604 65 17 Pmce
2006 3608 24 12 of
2036 3607 42 13 the
2084 3603 97 16 Paper.—
2182 3602 54 23 Forty
2241 3601 85 21 jhfflings
2331 3604 32 17 per
2372 3603 72 14 annum,
2453 3599 37 18 P»r

1916 3625 40 18 able
1961 3625 21 16 in
1988 3625 89 18 advance;
2088 3628 21 12 or
2112 3621 89 23 iixpenoe
2208 3623 28 16 for
2239 3622 61 21 single
2311 3622 90 16 numbers.

1867 3657 2 10 i
1936 3645 156 18 Advertiieraents
2099 3644 39 16 will
2143 3646 32 15 not
2182 3648 66 17 appear
2257 3643 20 17 in
2288 3643 31 16 the
2328 3645 77 16 ensuing

1917 3667 16 17 if
1942 3665 81 18 received
2029 3665 48 16 later
2083 3665 45 16 than
2140 3666 23 15 Ifr
2165 3664 74 19 o'clock,
2247 3669 49 14 a.m.,
2302 3668 23 12 on
2332 3663 31 16 the
2370 3664 88 15 mornings
2464 3660 26 14 w

1917 3688 37 18 fore
1968 3686 118 22 publication.
2108 3686 157 17 Advertisements
2278 3684 38 17 will
2326 3684 22 16 be
2357 3681 94 18 continued
2457 3681 32 15 ana

1917 3708 79 20 charged
2006 3707 49 16 until
2062 3707 168 19 counter-ordered;
2240 3705 46 17 «uch
2293 3705 52 16 order
2350 3704 48 16 must
2404 3703 21 16 be
2431 3702 38 15 sent
2475 3702 17 12 w

1919 3730 30 16 the
1958 3729 55 16 Office
2025 3730 35 14 two
2079 3728 45 20 days
2142 3728 61 17 before
2213 3726 117 23 publication,
2341 3724 36 16 and
2385 3723 49 17 must
2443 3723 20 14 be
2472 3723 19 11 »

1918 3750 78 20 writing.
2018 3748 159 18 Advertisements
2187 3747 83 18 laceiv-ed
2287 3745 54 23 after
2357 3745 21 16 10
2392 3748 10 11 o
2408 3743 49 16 clock
2469 3743 22 12 on

1919 3770 83 20 Tuesday
2013 3770 37 15 and
2060 3769 67 22 Friday
2136 3768 94 22 mornings
2241 3766 38 18 will
2288 3767 22 17 be
2320 3764 77 23 charged
2407 3766 50 14 twice
2464 3763 28 13 tae

1868 3797 23 27 ir's
1919 3796 124 33 "'juiorder'g,
2053 3810 159 18 advertiaementi,
2222 3808 36 17 and
2267 3805 160 19 communications
2438 3805 19 13 to
2465 3801 28 15 th»

1920 3833 69 18 Editor,
1995 3836 29 12 are
2030 3831 98 20 requested
2134 3832 18 15 to
2159 3832 22 16 be
2187 3828 122 19 addrassedto
2315 3827 38 16 this
2359 3827 61 16 Office^
2441 3829 3 3 -

1868 3886 24 4 —
1921 3879 73 17 Printed
2008 3878 36 16 and
2057 3877 97 21 published
2170 3879 55 17 every
2241 3873 112 20 Wednesday
2368 3872 35 16 and
2457 3865 36 34 l^

1868 3909 24 14 RS
1941 3899 88 20 morning,
2044 3898 23 20 by
2086 3898 84 16 Samuel
2183 3897 88 17 Reva-vi,
2287 3897 20 14 at
2321 3894 32 16 the
2368 3891 53 18 Office
2436 3890 19 15 ot
2465 3890 28 12 w

1868 3909 24 14 KS
1942 3921 48 16 Nsw
2004 3919 97 16 Zealaud
2113 3919 91 16 OAiiiiTTß
2215 3920 41 13 ahd
2269 3914 132 18 Weluhotoit
2417 3910 24 18 S*
2441 3909 46 33 b^*

1941 3945 44 13 to*.
1996 3940 156 19 Mam»ei»,itTo«t,
2160 3938 114 20 WelUngton,
2288 3935 41 17 Port
2338 3931 105 24 .JO«holion,
2456 3930 37 14 J>»»

1942 3963 84 15 ZMl»«d.

555 54 96 45 W&
675 49 118 44 Nrtu
820 51 199 40 ZtMmh
1046 48 190 45 i&wut
1260 47 90 38 *tt*
1376 43 298 45 Wltltiwum
1700 39 163 47 £p<*ta
1867 41 84 37 tot\

42 146 52 25 She
106 154 46 16 was
170 146 39 24 the
227 145 52 23 dam
297 143 26 24 of
338 143 84 25 Prince
434 142 102 25 Caradoc
546 141 31 31 by
587 141 39 24 the

46 179 96 24 Colonel
152 188 7 19 ;
177 179 39 22 the
226 177 64 24 Earl,
302 177 26 24 of
343 175 131 25 Richmond
490 175 31 29 by
533 174 92 24 Touch-

43 217 76 24 atone,
132 214 15 22 3
163 219 47 23 yrs.
229 210 53 28 old;
301 210 43 23 and
363 209 49 31 filly
424 208 31 32 by
467 207 130 31 Liverpool,
610 208 15 21 2

45 253 48 23 yrs.
108 244 44 24 old.
154 255 33 6 —
189 242 93 24 Chester
294 241 126 25 Chronicle.

78 277 59 25 The
155 276 95 28 Queen
269 283 31 16 of
320 275 115 25 Teomps.
437 285 33 6 —
470 274 45 23 We
533 280 38 17 ar«
590 272 34 23 in-

45 310 86 24 formed
153 309 49 25 that
222 309 39 24 the
280 315 89 19 carcase
388 308 25 22 of
435 306 45 25 this
499 304 126 26 celebrated

45 351 64 16 mare
120 350 46 16 was
179 342 113 33 conveyed
309 346 23 20 to
350 348 14 16 a
381 344 39 20 tan
440 339 56 31 yard
516 345 25 18 at
550 337 75 29 York,

45 376 45 24 and
102 374 98 27 skinned
209 384 7 20 ;
229 375 37 27 the
276 374 55 24 liide
343 381 45 15 was
397 372 56 31 kept
463 377 22 19 to
493 372 30 24 be
536 370 90 28 tanned,

45 410 42 26 bpt
99 409 38 24 the
148 416 62 19 mere
221 414 90 19 carcase
331 413 46 16 was
396 406 69 32 given
485 410 24 19 to
525 404 102 23 whoever

46 443 69 25 chose
126 447 23 19 to
161 440 60 26 fetch
233 442 19 23 it
269 447 62 22 away
339 448 7 20 ;
366 438 53 26 thus
439 446 44 16 one
496 436 107 26 obtained
614 443 14 16 a

47 475 56 25 relic
113 476 25 24 in
150 483 13 16 a
174 474 61 28 hoof,
247 472 94 27 another
360 472 24 23 in
402 471 38 24 the
459 471 39 31 leg
517 477 27 17 or
563 468 63 32 thigh

45 508 73 24 bones
129 507 34 24 for
175 506 63 24 knife
251 505 100 28 handles,
364 504 39 24 the
422 504 56 32 dogs
496 502 92 31 coming
603 502 24 23 in

46 540 36 25 for
100 540 38 25 the
160 539 134 24 remainder.
330 538 53 24 One
400 537 75 25 would
491 536 60 24 have
570 536 56 23 ima-

45 574 70 31 gined
126 572 49 25 that
186 581 25 15 so
230 576 65 27 great
315 579 14 16 a
346 570 111 26 favourite
476 569 75 25 would
570 568 57 24 have

45 606 59 25 been
115 605 97 31 thought
232 605 86 30 worthy
331 602 25 26 of
396 603 80 26 decent
595 612 34 7 —

47 639 73 25 BelPs
130 638 56 31 Life
196 638 24 23 in
235 637 99 24 London.

81 673 63 23 Man
169 678 95 18 versus
288 671 99 23 Horse.
396 682 33 5 —
432 667 51 28 The
505 668 77 24 match
604 668 24 23 in

46 705 75 24 which.
139 704 60 25 John
218 704 84 28 Smith,
323 704 38 23 the
381 702 175 33 Regent-street
576 701 52 28 Pet,

48 746 46 16 was
107 737 88 25 backed
212 737 36 24 for
268 738 54 23 £20
341 744 14 16 a
376 736 55 30 side,
443 741 24 17 to
485 742 43 18 run
541 734 89 31 against

46 771 102 25 Burkes
159 779 67 23 pony,
240 770 38 24 the
294 770 94 27 Doctor,
402 769 95 30 trotting
513 776 14 15 a
538 771 92 28 quarter

47 805 25 23 of
87 812 14 16 a
120 804 61 28 mile,
199 803 39 24 the
260 803 43 24 Pet
320 802 85 30 having
425 803 31 23 10
476 801 68 31 yards
565 805 65 23 start,

47 845 63 16 came
131 833 34 27 off
179 844 29 15 on
229 835 110 31 Monday,
351 835 69 30 April
438 836 24 27 3,
475 842 29 15 on
523 833 39 24 the
580 833 51 23 Ea-

47 869 123 32 ling-road,
184 876 54 17 near
250 868 37 24 the
300 868 46 24 Old
364 868 50 23 Hat
426 868 54 28 Inn,
492 868 24 22 in
529 866 38 24 the
579 873 52 24 pre-

48 911 68 17 sence
137 903 25 23 of
184 910 13 15 a
214 902 44 23 fair
275 906 86 20 muster
383 902 25 22 of
423 904 126 28 spectators
560 909 6 19 ;
591 899 42 23 but

48 938 75 29 owing
135 941 24 19 to
170 936 38 23 the
220 939 58 19 start
291 935 69 30 being
379 933 94 32 delayed
492 933 60 23 until
564 932 69 24 about

48 970 44 23 five
105 969 95 28 o'clock,
214 969 63 23 three
297 968 69 23 hours
383 967 57 24 after
459 967 38 23 the
518 966 55 24 time
591 973 41 23 ap-

47 1003 102 31 pointed,
162 1010 67 22 many
242 1002 41 24 left
294 1001 38 23 the
344 1008 67 16 scene
424 1000 24 23 of
462 1000 83 23 action.
561 996 71 30 .'The

47 1043 62 24 pony
120 1035 82 24 looked
214 1042 26 16 as
252 1034 71 31 rough
332 1041 24 18 as
369 1042 14 15 a
393 1033 97 31 donkey,
502 1032 46 24 and
558 1031 75 25 Smith

48 1070 23 22 in
83 1068 113 25 excellent
207 1067 122 23 condition.
366 1066 51 24 The
425 1071 58 19 start
489 1073 48 16 was
550 1073 13 15 a
575 1063 59 33 good

50 1110 51 20 one,
115 1101 76 24 Smith
209 1101 100 31 running
327 1101 24 22 in
372 1108 54 22 very
444 1100 46 23 fine
504 1099 73 28 -style,
590 1097 45 24 and

49 1135 104 30 winning
163 1134 37 24 the
211 1133 78 24 match
300 1134 29 30 by
337 1133 69 24 about
421 1135 28 22 15
463 1131 76 32 yards,
547 1130 87 32 greatly

48 1174 22 17 to
83 1169 39 22 the
134 1167 166 24 astonishment
313 1167 26 23 of
348 1165 89 30 Burke,
449 1165 52 24 who
514 1165 63 28 rode,
590 1164 45 24 and

49 1202 37 23 his
99 1200 92 29 friends,
205 1200 38 24 the
263 1200 67 24 latter
349 1199 96 31 making
466 1206 25 16 so
513 1198 87 24 certain
612 1197 25 23 of

50 1235 39 24 the
101 1233 73 26 result
185 1233 49 24 that
254 1233 52 31 they
318 1232 88 24 backed
424 1233 39 23 the
474 1239 60 24 pony
548 1236 23 18 at
583 1232 15 23 6
610 1235 24 19 to

50 1270 25 22 4.

84 1301 109 24 Butler
202 1308 54 16 and
266 1299 166 25 Mountjoy's
443 1298 105 25 Match.
551 1310 32 4 —
584 1297 51 24 The

52 1340 38 18 ten
102 1334 66 24 miles
181 1334 100 31 walking
298 1332 74 25 match
392 1333 100 23 between
513 1331 123 31 Benjamin

52 1367 89 28 Butler,
162 1367 24 23 of
200 1365 96 32 Ealjng,
315 1365 45 25 *nd
378 1365 60 26 John
460 1364 130 32 Mountjoy,
602 1364 35 23 for

50 1401 56 23 £25
118 1408 14 15 a
144 1399 55 29 side,
212 1407 64 16 came
289 1399 33 24 off
330 1400 23 23 in
365 1398 76 32 April,
454 1406 53 15 over
521 1397 38 24 the
571 1396 66 25 usual

51 1433 55 25 mile
118 1432 23 24 of
158 1432 108 31 turnpike
278 1431 55 25 road
344 1440 54 16 near
410 1431 48 24 Mr.
468 1430 167 28 Emmerson's,

52 1467 39 24 the
104 1466 47 24 Old
162 1466 51 24 Hat
224 1466 54 29 Inn,
292 1465 92 31 Ealing,
397 1464 73 24 which
487 1464 69 31 being
569 1463 67 24 head-

55 1504 111 27 quarters,
180 1507 45 16 was
246 1499 100 24 crowded
367 1498 56 24 with
442 1498 99 27 visitors,
555 1504 83 23 among

54 1533 75 24 whom
141 1541 58 15 were
218 1540 69 23 many
299 1532 146 23 well-known
466 1531 105 31 sporting
583 1530 53 23 cha-

52 1571 94 24 racters,
159 1566 49 24 who
221 1565 88 25 seemed
322 1565 114 30 delighted
448 1564 54 22 with
514 1564 39 24 the
563 1569 73 17 atten-

53 1600 48 23 tion
114 1599 44 24 and
170 1599 191 24 accommodation
372 1597 99 24 afforded
484 1597 60 24 them
558 1597 29 30 by
600 1597 37 23 the

54 1633 99 23 hostess.
177 1632 101 25 Butler's
291 1632 52 31 only
355 1631 163 32 performance,
532 1630 105 31 previous

54 1671 24 19 to
91 1666 38 24 the
141 1674 43 15 one
195 1673 29 16 on
247 1665 115 32 Tuesday,
374 1673 47 14 was
440 1664 53 23 with
512 1663 125 24 Blackwell

54 1701 24 22 in
99 1708 14 15 a
131 1699 116 24 six-miles
267 1699 82 28 match,
374 1698 73 22 vhoni
471 1697 30 23 he
525 1696 110 24 defeated.

55 1732 124 32 Mountjoy
190 1732 41 24 has
242 1732 57 24 been
311 1740 26 15 so
348 1731 55 31 long
414 1730 76 24 before
502 1729 39 25 the
553 1730 84 31 public,

54 1765 51 25 that
115 1767 19 23 it
144 1767 21 23 is
177 1773 151 24 unnecessary
341 1771 22 18 to
376 1772 40 23 say
428 1763 111 32 anything
550 1763 53 23 here
616 1763 23 23 of

54 1798 37 25 his
102 1799 101 31 walking
214 1799 148 32 capabilities.
400 1797 86 30 Nearly
492 1797 65 23 three
569 1796 68 23 hours

54 1837 61 20 Were
151 1838 38 18 cut
199 1837 23 19 to
234 1836 68 20 waste
331 1831 78 25 before
418 1830 38 24 the
466 1830 98 24 referees
574 1829 64 24 could

54 1866 29 24 be
95 1865 106 31 selected,
213 1866 46 24 and
268 1866 19 23 it
298 1873 45 16 was
361 1865 46 23 fast
425 1863 154 32 approaching
588 1863 51 24 four

55 1899 89 24 o'clock
156 1899 65 25 when
233 1899 38 24 the
291 1906 53 17 men
363 1905 64 17 came
448 1902 22 18 to
490 1897 40 23 the
541 1896 97 24 scratch.

54 1932 92 30 Butler,
158 1933 50 24 who
221 1932 78 25 stands
317 1932 37 24 six
372 1932 54 28 feet,
438 1930 114 32 appeared
562 1931 24 22 in
598 1936 41 17 ex-

55 1966 84 24 cellent
150 1966 123 28 condition,
283 1966 41 24 but
336 1964 131 31 Mountjoy,
476 1971 33 17 we
516 1962 122 33 imagined,

55 2007 48 16 was
115 1999 76 23 rather
203 2004 37 18 too
252 1999 72 29 fleshy
333 2008 6 18 ;
351 1998 39 28 he,
403 1998 111 28 however,
527 1995 112 29 declared,

55 2032 30 24 he
106 2039 46 17 was
171 2032 25 24 in
218 2031 112 26 excellent
351 2030 87 24 health.
483 2030 40 23 On
544 2030 96 29 starting

55 2065 84 24 Butler
150 2064 55 25 took
217 2073 14 15 a
247 2064 70 32 slight
327 2063 60 30 lead,
399 2063 46 24 and
454 2068 26 19 at
490 2062 60 24 such
561 2070 14 16 a
584 2069 56 24 pace

56 2106 26 16 as
94 2103 23 19 to
129 2098 90 32 require
229 2098 39 24 the
286 2101 86 21 utmost
390 2098 102 22 exertion
510 2095 26 25 of
550 2095 36 24 his
599 2103 39 24 op-

55 2137 87 27 ponent
154 2137 22 18 to
188 2131 59 31 keep
268 2131 78 24 within
364 2129 50 25 half
431 2138 14 15 a
464 2129 57 31 yard
541 2129 24 24 of
581 2129 56 23 him.

57 2166 40 24 On
115 2166 94 31 passing
221 2165 38 23 the
277 2164 46 24 Old
337 2164 52 24 Hat
405 2162 124 33 Mountjoy
545 2161 65 25 made
628 2170 13 16 a

54 2199 121 31 desperate
198 2197 66 25 effort
286 2197 44 24 and
358 2202 60 19 went
440 2197 72 23 ahead
536 2204 13 16 a
574 2195 66 30 trifle,

54 2232 85 24 •Butler
149 2231 97 32 looking
256 2237 24 19 at
290 2232 55 28 him,
358 2230 45 24 and
415 2230 93 31 smiling
516 2238 6 20 ;
551 2228 42 25 but
605 2228 36 25 the

55 2265 90 31 Ealing
153 2273 54 16 man
220 2265 38 24 did
266 2270 40 19 not
316 2265 56 30 long
383 2264 65 23 allow
459 2263 37 24 his
513 2263 128 31 antagonist

56 2305 25 18 to
92 2300 87 23 remain
198 2300 24 22 in
233 2298 107 29 advance,
357 2298 37 23 for
405 2298 24 23 in
448 2296 39 24 the
497 2301 58 19 next
573 2296 68 30 thirty

57 2332 68 32 yards
144 2332 122 32 Mountjoy
285 2340 45 15 was
348 2331 66 31 again
433 2329 42 25 left
491 2331 25 23 in
529 2329 39 24 the
584 2336 57 22 rear,

58 2366 46 24 and
122 2370 23 20 at
155 2366 39 24 the
212 2366 45 24 end
268 2366 26 23 of
307 2365 38 23 the
360 2365 51 23 first
428 2364 54 24 mile
499 2362 83 25 Butler
598 2369 43 17 was

59 2399 79 31 nearly
155 2407 15 15 a
181 2406 63 17 score
262 2398 67 32 yards
348 2397 80 24 ahead.
464 2397 40 24 He
523 2395 118 25 continued

59 2438 23 18 to
100 2433 102 23 increase
220 2432 37 24 his
274 2432 133 29 advantage,
426 2430 139 31 completing
582 2429 59 24 three

58 2466 68 24 miles
137 2467 26 22 in
174 2467 33 23 24
218 2466 107 28 minutes,
344 2463 124 33 Mountjoy
479 2463 70 31 being
561 2467 23 19 at
600 2463 41 23 this

60 2500 56 23 time
128 2507 42 16 one
182 2500 86 23 minute
281 2498 44 24 and
337 2500 29 22 13
378 2505 47 16 sec.
438 2496 93 24 behind.
567 2496 33 24 At
609 2496 32 24 the

61 2533 45 24 end
116 2533 27 24 of
158 2540 69 16 seven
239 2533 74 27 miles,
325 2531 75 24 which
419 2530 80 24 Butler
520 2529 90 25 walked
622 2530 19 23 in

61 2573 41 16 one
113 2566 65 29 hour,
189 2573 40 16 one
240 2565 90 29 minute,
341 2564 46 24 and
396 2564 32 23 55
437 2563 102 29 seconds,
550 2562 91 25 Mount-

56 2599 43 32 joy
111 2607 46 16 wai
168 2607 14 16 a
200 2599 55 32 long
269 2606 50 24 way
339 2602 85 25 astern,
435 2597 46 24 and
501 2596 40 24 the
562 2596 79 32 Ealing

61 2633 71 32 youth
145 2631 42 33 (he
205 2634 21 22 is
245 2633 54 31 only
310 2635 30 22 21
361 2639 68 24 years
449 2630 25 24 of
489 2628 55 33 age)
556 2630 54 24 took
630 2630 11 23 it

62 2666 176 33 comparatively
259 2674 54 24 easy
330 2666 40 24 the
389 2665 128 29 remaining
537 2664 104 28 distance,

62 2700 46 24 and
118 2697 99 27 finished
235 2700 39 24 the
293 2701 31 23 10
342 2698 67 25 miles
428 2698 26 26 in,
473 2704 43 17 one
537 2696 66 29 hour,
616 2698 25 23 31

63 2734 109 28 minutes,
185 2735 32 22 50
229 2733 104 28 seconds,
346 2731 123 31 Mountjoy
480 2731 81 31 giving
579 2738 29 23 up
620 2737 21 16 on

64 2767 80 30 seeing
155 2766 50 24 that
215 2766 29 23 he
256 2766 65 23 stood
332 2772 30 16 no
383 2764 92 24 chance.
512 2762 81 25 Butler
605 2763 19 24 is
637 2771 4 16 a

64 2799 111 32 perfectly
187 2799 43 23 fair
242 2797 92 30 walker,
347 2797 130 31 something
497 2797 25 23 in
541 2796 39 24 the
591 2795 50 32 style

66 2832 24 24 of
106 2832 88 28 Fuller,
205 2832 50 27 but.
260 2836 38 22 not
316 2839 26 16 so
353 2830 98 32 elegant.
489 2829 51 26 The
553 2830 88 23 referees

65 2873 59 16 were
134 2870 41 19 not
187 2865 107 32 appealed
306 2870 23 18 to
347 2872 56 16 once
422 2863 83 31 during
516 2863 40 24 the
567 2862 74 29 match,

65 2900 39 22 the
115 2898 73 24 result
198 2899 26 23 of
238 2898 73 23 which
322 2905 57 24 gave
396 2901 65 27 great
473 2896 141 24 satisfaction
626 2900 15 20 to

66 2932 40 24 the
116 2932 86 23 friends
214 2931 25 24 of
249 2931 38 24 the
299 2932 92 27 winner,
404 2930 59 29 who,
475 2929 166 25 notwithstand-

66 2966 42 31 ing
118 2965 39 25 the
168 2964 108 33 celebrity
288 2964 24 24 of
327 2964 130 32 Mountjoy,
470 2962 90 28 backed
571 2963 46 24 him
629 2968 12 19 at

68 3001 50 22 sto
132 3001 17 22 4
167 3006 31 17 on
219 2999 38 24 the
278 2998 97 31 ground.
411 2997 23 25 A
454 2996 78 25 match
550 2997 91 23 between

68 3032 81 25 Butler
161 3032 44 24 and
217 3032 49 24 Mr.
280 3032 57 23 Hall
356 3030 73 25 would
450 3031 75 24 excite
537 3035 65 27 great
614 3030 27 23 in-

68 3071 77 24 terest,
159 3065 43 24 and
214 3065 64 24 there
289 3073 45 15 was
355 3072 64 16 some
436 3063 51 25 talk
504 3064 26 24 of
546 3072 14 16 a
578 3063 63 24 taatct

55 3093 82 38 *being
146 3098 75 25 made.
256 3098 52 24 The
329 3097 78 25 stakes
428 3105 59 16 were
506 3098 70 30 given
586 3104 30 24 up
628 3101 13 19 tc

69 3133 82 26 Butler
163 3138 23 18 at
196 3132 39 23 the
246 3131 128 24 Yorkshire
394 3130 71 31 Grey,
474 3129 138 32 .Piccadilly,
625 3137 16 16 or

69 3165 124 31 Thursday
203 3164 75 32 night,
299 3165 48 24 who
360 3171 57 25 gave
432 3164 38 23 his
479 3168 118 26 opponent
607 3162 34 25 hal

69 3208 14 15 a
95 3199 127 30 sovereign,
235 3198 44 24 and
296 3206 15 16 *
330 3197 89 25 further
435 3196 155 32 subscription
610 3204 31 16 wai

70 3232 65 24 made
147 3231 35 24 for
193 3232 56 23 him.
286 3230 121 32 Mountjoy
417 3230 86 24 started
556 3227 85 29 XejceS'

71 3271 36 18 ter
127 3272 28 17 on
175 3264 37 24 the
235 3264 114 31 following
368 3265 106 30 morning
494 3267 24 20 to
541 3263 57 24 seek
613 3262 28 24 :fo

71 3299 75 24 better
156 3298 62 23 luck.

352 3327 27 16 ♦

108 3356 154 24 Extension
283 3362 30 16 of
334 3354 132 24 Regent's
478 3354 87 24 Park.
567 3366 33 5 —
601 3354 24 24 It
638 3355 3 22 i

73 3390 56 23 with
139 3393 65 27 great
216 3387 140 24 satisfaction
365 3394 32 16 we
409 3395 38 16 are
458 3387 97 24 enabled
567 3391 22 21 to
600 3391 41 20 etat

73 3423 51 24 that
135 3422 39 24 the
186 3418 165 34 contemplated
372 3421 119 23 extension
509 3420 28 24 of
550 3420 39 24 the
605 3420 36 24 :Re

75 3456 76 32 gent's
172 3455 72 28 Park,
264 3453 117 30 including
397 3453 51 24 that
468 3453 122 31 delightful
600 3458 41 27 spol

75 3491 119 24 Primrose
210 3488 61 29 Hill,
283 3488 21 22 is
324 3487 70 23 about
414 3490 22 19 to
456 3486 30 23 be
506 3487 88 23 carried
612 3488 29 22 int

75 3523 130 27 immediate
217 3522 75 28 effect,
304 3519 117 27 workmen
440 3519 85 31 having
543 3519 57 24 been
613 3528 28 16 em

76 3557 84 32 plqyed
171 3556 62 24 since
245 3553 145 30 Wednesday
402 3552 52 29 last,
466 3553 24 25 in
510 3553 102 30 erecting
623 3553 18 23 th

78 3590 113 31 touadary
216 3590 78 24 fences
316 3596 30 17 on
365 3585 38 25 the
424 3590 89 20 eastern
537 3586 48 23 side
607 3594 34 16 nea

78 3623 77 27 Chalk
168 3623 69 25 Farm
250 3622 99 25 Tavern.

112 3663 58 23 The
193 3662 88 24 Chain
305 3661 74 27 Pier,
407 3658 148 26 Brighton,
567 3657 74 25 —Th

78 3696 117 24 workmen
207 3694 118 32 employed
337 3698 24 19 at
373 3692 37 24 the
431 3691 110 25 Artesian
560 3691 68 29 Well,
640 3700 1 15 i

80 3730 38 24 the
130 3729 59 24 head
201 3729 25 23 of
241 3729 38 23 the
292 3728 74 24 Chain
387 3726 62 28 Pier,
461 3724 58 24 have
541 3725 100 24 succeede

79 3764 24 23 in
115 3763 119 30 obtaining
245 3760 129 33 aplentiful
384 3758 85 32 supply
478 3757 25 24 of
513 3757 64 25 fresh
589 3763 52 19 wate:

80 3801 26 18 at
117 3804 13 16 a
142 3796 70 31 depth
224 3796 26 23 of
260 3801 42 17 two
313 3792 106 26 hundred
430 3792 45 23 feet
487 3791 59 24 from
558 3791 38 24 the
607 3791 34 24 lev<

80 3829 26 23 of
122 3829 38 23 the
172 3827 195 32 Marine-parade.
404 3825 51 25 The
468 3825 109 23 directors
588 3825 53 24 inten

81 3863 103 29 erecting
195 3869 29 16 an
235 3859 142 26 ornamental
388 3858 104 25 fountain
504 3859 24 23 in
540 3859 39 22 the
590 3864 51 19 centi

81 3895 28 22 of
135 3895 38 23 the
200 3895 145 31 promenade,
369 3893 113 30 affording
510 3900 13 15 a
552 3893 89 23 eontinu:

82 3934 87 18 stream
188 3928 24 23 of
240 3928 80 31 spring
340 3931 69 20 water
431 3926 59 24 from
510 3925 99 24 beneath
630 3926 11 23 tl

81 3968 79 19 pevan.

2388 91 49 15 g-!sg

1876 122 219 27 WHOLESALE
2125 121 125 27 PRICES
2284 117 71 27 CUft

1976 161 132 17 CORRECTED
2123 161 28 15 DP
2166 161 29 15 TO
2209 159 55 16 LAST
2282 158 80 15 NIGHT.

2216 185 16 19 4
2255 190 16 12 I.
2295 185 18 18 d.
2367 185 16 17 &
2444 189 10 16 d

1878 216 176 30 A«:p«rhhd
2220 216 13 20 6
2261 215 15 21 0
2303 215 14 20 0
2335 227 18 7 ..
2371 213 14 21 0
2411 216 13 20 0
2451 218 12 20 0

2052 249 40 21 per
2097 242 101 23 barrel..
2216 243 15 20 4
2245 241 28 21 10
2301 241 14 21 0
2333 253 18 7 ..
2370 241 13 20 fl
2411 243 13 19 0
2451 245 11 20 o

2053 277 40 21 per
2102 270 42 21 do*
2221 268 52 22 011
2305 268 14 20 0
2336 280 19 7 ..
2372 268 53 22 013
2451 271 12 20 0

1879 298 99 23 Arrack
1986 305 5 14 :
2007 296 43 23 Per
2059 296 44 29 gal.
2113 296 24 22 in
2146 295 61 23 bond
2221 296 14 20 0
2264 295 11 19 1
2304 295 14 19 6
2336 307 6 7 .
2348 306 6 6 .
2371 294 14 20 0
2411 295 12 20 2
2451 300 11 20 o

1878 325 94 22 Bread:
1988 323 43 22 Per
2038 323 46 23 2lb.
2094 323 52 22 loaf
2158 335 47 8 ....
2223 323 14 19 0
2264 323 14 19 0
2305 321 14 20 4
2337 333 18 7 ..
2372 320 14 20 0
2411 321 14 19 0
2451 323 10 20 i

1879 351 74 22 Beef:
1967 350 79 23 Fresh,
2065 356 90 15 carcase
2170 354 42 22 per

1997 376 31 22 lb.
2046 390 6 7 .
2220 376 14 20 0
2261 375 14 19 0
2303 373 14 21 8
2336 386 19 7 ..
2372 373 15 20 0
2412 374 13 20 0
2439 375 20 21 U

1988 403 54 26 Salt,
2051 410 41 20 per
2104 403 69 21 tierce
2186 415 19 7 ..
2223 401 14 21 3
2251 401 26 21 10
2305 401 14 20 0
2335 412 19 7 ..
2373 399 14 21 6
2412 401 14 19 0
2449 403 12 19 0

1880 431 109 22 Butter:
2007 429 64 28 Irish,
2080 436 41 21 per
2129 429 31 23 lb.
2184 441 20 7 ..
2223 429 14 19 0
2264 428 14 20 0
2305 427 14 21 9
2337 439 18 7 ..
2373 427 13 19 0
2414 427 11 20 1
2451 428 11 21 fi

2002 457 69 22 Fresh
2225 455 13 21 0
2265 455 15 21 2
2306 454 14 21 0
2340 465 18 8 ..
2376 453 14 21 0
2416 453 13 20 2
2453 456 11 20 6

1882 484 110 23 Brandy:
2008 482 58 23 First
2072 482 93 28 quality,
2172 487 42 22 per

2030 509 75 28 gallon
2114 509 24 21 in
2149 507 61 23 bond
2223 509 14 19 0
2264 507 14 21 4
2306 507 14 20 0
2338 519 18 7 ..
2374 506 14 20 0
2414 505 13 21 7
2452 509 11 19 6

1882 538 86 22 Brown
1988 538 86 21 Stout:
2097 542 41 21 per
2150 534 55 22 hhd.
2220 533 13 21 5
2261 535 15 19 0
2303 534 14 20 0
2334 546 18 6 ..
2372 531 14 23 7
2412 532 12 20 5
2450 535 11 21 »

1882 565 101 22 Cigars:
1995 563 102 27 Manilla,
2104 569 41 20 per
2150 563 62 24 1000,

2030 590 24 21 in
2063 589 61 22 bond
2224 588 13 20 2
2265 588 14 19 0
2306 587 14 19 0
2338 599 18 6 ..
2374 586 14 20 2
2403 585 25 21 10
2453 588 10 20 0

1994 615 126 24 Chinsurah
2124 622 39 20 per
2170 614 70 22 10001
2270 614 14 20 0
2311 613 49 20 0..
2378 613 13 19 0
2417 613 13 19 0
2454 615 11 19 0

1883 646 101 21 Coffee:
1995 644 64 26 Java,
2070 650 39 20 per
2116 642 24 22 lb
2226 642 12 20 0
2266 640 15 20 0
2308 639 12 21 3
2339 652 18 6 ..
2376 639 13 20 0
2416 639 13 20 0
2454 639 11 22 7

1883 672 103 22 Cheese:
2002 670 106 22 Cheshire
2225 669 14 19 0
2267 667 11 19 1
2307 667 14 19 6
2339 678 18 7 ..
2376 666 13 20 0
2416 666 13 19 0
2454 667 11 20 0

2002 698 54 21 Pine
2066 695 74 28 Apple
2161 708 46 8 ....
2225 695 13 19 0
2268 694 12 20 1
2308 693 12 20 2
2340 705 17 7 ..
2376 693 14 19 0
2416 692 14 20 0
2454 694 11 20 0

2002 723 75 23 Dutch
2227 722 13 20 0
2268 722 14 19 0
2310 720 13 20 8
2341 732 17 7 ..
2378 719 13 20 0
2417 719 13 19 0
2444 719 22 21 10

1885 752 106 21 Cakdi.es
2000 758 4 14 :
2011 749 94 28 English
2113 756 56 19 wax,
2176 754 41 22 per

2027 777 32 22 lb.
2226 775 13 20 0
2266 774 15 20 2
2308 773 13 21 3
2340 785 18 7 ..
2376 773 14 20 0
2417 772 14 20 3
2456 775 10 19 0

1996 804 77 25 Sperm
2228 803 14 19 0
2270 801 11 20 1
2299 801 26 19 10
2342 812 18 7 ..
2379 799 14 20 0
2418 799 15 20 0
2457 801 11 19 0

1994 829 79 23 Mould
2226 829 14 19 0
2268 829 14 19 0
2309 827 14 20 6
2341 839 18 7 ..
2377 826 14 20 0
2419 825 13 21 0
2457 827 11 20 S

1996 857 55 27 Dips
2228 855 13 19 0
2268 855 15 19 0
2310 853 12 20 5
2341 865 19 7 ..
2378 853 13 20 0
2419 853 14 19 0
2457 854 11 19 0

1884 885 97 23 Flour:
1990 886 34 19 Ist
2028 883 94 28 quality,
2132 884 84 26 perton

2009 910 25 22 of
2044 911 55 20 2000
2108 909 33 22 lbs
2213 908 25 20 16
2266 907 14 20 0
2308 907 14 19 0
2340 905 50 21 ..20
2417 906 13 20 0
2458 909 10 18 0

1985 937 110 22 2ndditto
2216 935 26 20 12
2269 935 14 19 0
2310 933 14 20 0
2342 933 51 19 ..16
2418 933 14 20 0
2457 935 11 19 0

1885 965 77 22 Flax:
1979 965 28 21 N.
2017 964 27 21 Z.
2055 970 38 21 per
2103 967 38 17 ton
2165 961 76 21 ....15
2270 961 14 19 0
2311 961 14 19 0
2343 973 19 6 ..
2379 960 12 20 0
2418 959 14 20 0
2456 962 12 19 0

1913 992 74 22 Do.—
1988 990 132 22 onboard—
2121 987 117 24 uressedl7
2266 988 14 20 0
2308 987 13 20 0
2341 999 17 7 ..
2376 987 14 19 0
2416 986 14 20 0
2455 988 11 19 0

1887 1018 60 23 Gin:
1969 1018 52 22 Pale
2038 1018 24 21 in
2073 1015 60 23 bond
2229 1015 13 20 0
2269 1014 14 20 3
2311 1014 13 20 6
2343 1026 17 7 ..
2378 1014 13 19 0
2418 1012 12 20 5
2456 1014 11 20 6

1936 1045 64 26 Case,
2007 1046 14 19 4
2028 1044 36 28 gal
2073 1045 37 20 4-5
2118 1043 25 21 in
2152 1041 62 23 bond
2229 1041 11 20 1
2268 1041 14 19 4
2310 1041 14 20 0
2342 1053 18 6 ..
2379 1039 10 20 1
2418 1040 14 20 8
2456 1042 11 18 0

1887 1071 82 22 Hams:
1986 1070 129 27 Yorkshire,
2129 1076 39 21 per
2177 1068 23 22 lb
2209 1083 5 6 .
2230 1069 13 19 0
2270 1068 15 19 O
2310 1066 13 22 7
2343 1080 18 6 ..
2379 1068 14 19 0
2419 1067 49 21 010

1887 1098 128 23 Mustard:
2031 1097 122 22 Perdozen
2167 1109 45 7 ....
2230 1097 14 19 0
2259 1094 26 20 16
2313 1095 14 19 0
2345 1107 17 6 ..
2381 1095 12 19 0
2409 1092 24 21 18
2458 1095 12 19 0

1888 1126 115 22 Mutton:
2023 1125 94 20 Carcase
2127 1130 40 21 per
2176 1122 23 22 lb
2210 1137 6 6 .
2231 1123 13 19 0
2271 1122 14 19 0
2313 1121 13 21 7
2344 1133 18 7 ..
2380 1121 13 19 0
2420 1121 13 19 0
2458 1121 12 20 9

1888 1152 123 22 Muskets:
2027 1151 93 21 Walnut
2126 1148 92 23 stocked
2231 1149 14 21 0
2260 1147 25 22 15
2313 1148 14 20 0
2344 1161 18 6 ..
2382 1147 10 20 1
2421 1148 13 19 0
2459 1149 12 19 0

1889 1180 78 21 Milk;
1983 1179 43 22 Per
2032 1178 49 27 pint
2230 1177 14 19 0
2271 1175 14 21 0
2312 1175 14 19 2
2345 1187 17 7 ..
2381 1175 12 19 0
2420 1175 13 19 0
2458 1175 11 20 3

1889 1206 93 22 Maizs:
1998 1212 39 20 per
2047 1203 78 23 bushel
2230 1203 14 20 0
2270 1202 15 20 4
2313 1201 14 20 0
2345 1214 19 7 ..
2381 1201 13 20 0
2419 1199 13 21 5
2458 1202 12 19 0

1889 1233 57 22 Oil:
1964 1231 102 26 Linseed,
2076 1238 40 21 per
2124 1230 76 27 gallon
2210 1244 6 6 .
2231 1230 14 19 0
2271 1229 14 19 6
2313 1228 14 20 6
2345 1241 18 7 ..
2381 1229 14 19 0
2421 1227 13 21 8
2458 1229 13 19 0

1965 1256 282 29 Black,incask,pertonlB
2274 1255 14 20 0
2315 1255 14 20 0
2346 1255 49 20 ..20
2421 1255 14 19 0
2459 1256 11 18 0

1999 1286 86 25 5perm.
2093 1298 75 6 ......
2176 1283 65 21 ...50
2269 1282 13 19 0
2310 1281 12 19 0
2342 1281 49 21 ..75
2419 1281 12 18 0
2458 1282 10 17 c

1890 1312 77 23 Pork:
1983 1311 76 28 Fresh,
2077 1318 88 15 carcase
2181 1316 40 21 per

2007 1339 30 21 lb.
2231 1337 14 19 0
2272 1336 14 20 0
2313 1336 14 20 S
2346 1349 17 5 ..
2381 1337 13 18 0
2421 1336 12 19 0
2458 1335 12 20 5

1890 1366 77 22 Pork:
1984 1365 65 27 Irish,
2060 1372 39 20 per
2108 1363 75 23 barrel
2195 1377 19 7 ..
2231 1363 14 20 3
2261 1363 26 21 10
2315 1363 14 20 0
2346 1375 18 7 ..
2382 1362 14 20 4
2411 1362 24 20 10
2459 1363 13 20 0

1890 1394 131 21 Potatoes:
2042 1392 55 21 New
2112 1389 107 28 Zealand,

2068 1426 38 19 per
2115 1421 37 18 ton
2167 1432 5 6 .
2180 1432 5 6 .
2195 1432 4 4 ■
2207 1431 5 6 .
2231 1417 14 21 4
2273 1418 14 19 0
2314 1417 14 20 0
2345 1429 5 7 .
2358 1429 6 7 .
2382 1417 13 19 6
2421 1417 13 19 0
2459 1418 11 18 0

1891 1447 95 22 Porter
1995 1454 6 14 :
2030 1445 102 27 Dunbar,
2142 1445 24 21 in
2173 1445 46 21 bot.

2059 1479 38 21 per
2108 1473 41 20 doz
2231 1471 14 20 0
2261 1471 26 20 12
2313 1471 14 20 0
2345 1483 5 7 .
2357 1484 5 6 .
2381 1471 13 19 0
2409 1470 25 20 13
2461 1471 11 19 0

2000 1500 85 26 Bryant
2094 1499 45 22 and
2148 1498 70 21 Davis
2231 1498 14 20 0
2261 1497 26 21 12
2314 1499 13 19 0
2346 1509 4 7 .
2357 1510 6 6 .
2383 1498 12 19 0
2411 1497 24 20 13
2459 1498 13 18 0

1892 1527 99 22 Pickles
2002 1535 5 13 :
2038 1525 115 28 Assoi?<ed,
2183 1532 40 20 per

2064 1553 57 26 doz,,
2145 1555 76 25 quarts
2235 1553 13 19 0
2263 1552 26 19 15
2317 1552 13 19 0
2348 1564 18 6 ..
2386 1551 12 20 0
2414 1550 23 21 17
2462 1551 11 18 0

1893 1581 73 22 Pitch
1980 1588 5 14 :
2017 1579 138 27 Stockholm,
2184 1586 40 20 per

2041 1606 72 23 barrel
2237 1605 10 20 1
2277 1606 12 20 0
2318 1606 13 19 0
2348 1618 18 6 ..
2385 1605 12 19 0
2423 1605 13 19 0
2461 1605 11 19 0

1894 1635 94 22 Plank:
2016 1634 54 22 Port
2092 1633 132 26 Nicholson,

2042 1668 40 20 per
2091 1662 40 20 100
2140 1660 46 21 feet
2199 1674 5 6 .
2211 1673 7 6 .
2235 1660 14 20 0
2276 1658 15 22 16
2318 1660 14 19 0
2350 1672 5 6 .
2362 1672 5 6 .
2385 1659 12 20 0
2412 1657 24 21 10
2460 1659 12 19 0

1894 1688 70 22 Rice:
1976 1688 109 21 Common
2095 1695 40 19 per
2140 1691 50 17 cwt.
2200 1700 19 6 ..
2238 1688 13 19 0
2267 1686 24 20 15
2320 1686 13 20 0
2351 1698 17 6 ..
2386 1686 13 19 0
2425 1687 12 18 0
2461 1687 11 19 0

1977 1714 66 23 Good
2237 1714 14 20 0
2265 1713 26 20 17
2320 1713 14 19 0
2350 1725 18 7 ..
2386 1711 11 21 I
2424 1713 13 19 0
2461 1714 11 18 0

1894 1742 55 22 Rum
1957 1749 5 15 :
1980 1742 24 22 P.
2014 1742 26 21 B.
2052 1742 33 25 P.,
2100 1748 40 21 per
2149 1739 76 28 gallon

2014 1768 25 22 in
2053 1768 61 21 bond
2236 1768 14 19 0
2277 1767 14 20 2
2318 1767 14 20 9
2349 1779 17 6 ..
2385 1767 12 19 0
2423 1765 11 20 5
2459 1768 13 18 0

1894 1797 90 21 Suoar:
2002 1794 118 23 Mauritius
2130 1801 40 21 per
2176 1797 50 20 cwt.
2240 1795 14 20 0
2281 1795 13 19 0
2322 1794 47 20 0..
2402 1798 52 15 none

2005 1822 80 23 Brown
2098 1821 56 22 ditto
2235 1822 14 19 0
2263 1820 26 21 15
2317 1821 14 19 0
2349 1833 17 7 ..
2384 1819 11 20 1
2423 1820 13 20 0
2460 1820 12 20 0

2005 1848 96 23 Refined
2117 1848 54 27 loaf,
2189 1855 39 21 per

2030 1876 24 22 lb
2239 1876 14 21 0
2280 1876 14 20 0
2320 1874 49 25 6J..
2386 1875 13 19 0
2424 1874 13 20 0
2461 1875 11 19 5

2007 1902 95 23 Manilla
2121 1909 39 21 per
2174 1905 48 19 cwt.
2238 1904 14 19 0
2266 1902 26 21 13
2319 1902 14 19 0
2350 1914 17 7 ..
2385 1901 12 20 2
2423 1902 13 18 0
2460 1902 12 19 0

1897 1931 72 22 Salt:
1986 1930 126 28 Liverpool,
2122 1937 40 19 per
2171 1933 40 18 ton
2218 1945 6 6 .
2239 1930 13 20 5
2280 1929 13 21 5
2320 1929 14 20 0
2351 1928 46 20 ..11
2424 1928 13 20 0
2461 1928 12 19 0

1897 1958 59 21 SoAr
1965 1965 5 13 :
1999 1956 101 22 Hawes's
2122 1956 105 25 London,

2069 1986 39 16 ton
2225 1982 27 18 30
2279 1982 13 18 0
2320 1981 15 17 O
2350 1979 6 7 J
2351 1991 6 5 .
2364 1981 34 17 .Vt
2420 1980 14 17 O
2460 1981 13 15 0

2035 2007 99 27 iverpool
2226 2007 26 20 22
2280 2007 14 19 0
2321 2005 14 20 0
2351 2005 47 19 ..28
2424 2005 13 18 0
2463 2004 10 19 0

1897 2036 105 21 Starch:
2018 2034 74 23 Perlb
2242 2034 13 20 0
2282 2034 14 18 0
2323 2032 13 20 7
2353 2044 18 7 ..
2388 2031 12 20 0
2426 2030 9 20 1
2462 2031 11 19 9

1898 2063 144 21 Scantling:
2057 2061 43 22 Per
2108 2062 40 20 100
2156 2061 68 21 feet..
2242 2061 14 19 0
2284 2061 13 19 6
2324 2060 13 19 0
2354 2071 17 7 ..
2390 2059 12 19 0
2428 2058 12 20 8
2465 2058 10 18 0

1867 2104 2 12 ,
1899 2090 115 21 Shingles
2021 2096 5 14 :
2043 2088 42 22 Per
2093 2089 61 25 1000,
2163 2087 30 22 N.
2201 2087 26 21 Z.
2242 2088 13 20 0
2283 2087 13 20 6
2324 2087 13 19 0
2354 2099 5 5 .
2366 2098 5 6 .
2389 2086 12 18 0
2416 2084 24 20 10
2465 2085 10 19 0

1867 2104 2 12 '
2030 2115 69 26 Ditto,
2122 2114 28 22 V.
2160 2114 31 22 D.
2202 2113 26 22 L.
2242 2115 13 19 0
2284 2114 13 20 0
2324 2113 14 19 0
2354 2125 18 7 ..
2389 2113 13 18 0
2416 2111 24 21 12
2463 2112 13 19 0

1868 2141 1 24 !
1898 2144 63 21 Tar:
1977 2142 54 23 Coal
2244 2141 9 20 1
2283 2142 13 19 0
2324 2141 13 19 C
2354 2153 18 5 ..
2391 2139 10 19 1
2427 2137 13 21 5
2466 2139 10 19 0

1868 2166 2 32 i
1981 2169 129 23 Stockholm
2245 2168 10 20 I
2271 2168 27 20 10
2324 2167 14 19 0
2355 2179 17 7 ..
2390 2167 12 19 0
2428 2166 12 19 0
2466 2167 11 17 I)

1899 2198 63 22 Tea:
1972 2197 80 25 Hyson
2057 2195 56 27 skin,
2119 2203 40 19 per
2168 2195 63 22 chest
2244 2196 14 20 4
2285 2196 14 19 0
2325 2195 14 18 0
2356 2206 17 6 ..
2391 2193 13 20 6
2429 2192 13 20 C
2466 2193 11 19 0

1975 2224 93 27 Congou
2244 2223 13 20 8
2285 2223 14 19 0
2325 2221 14 20 0
2356 2219 48 21 ..16
2429 2221 13 19 0
2466 2219 11 19 0

1868 2247 4 31 \
1899 2252 120 21 Tobacco:
2033 2249 142 28 Negrohead,
2193 2256 40 22 per

1868 2269 4 19 1
2059 2277 30 22 lb.
2103 2277 24 22 in
2143 2275 59 22 bond
2244 2277 14 20 0
2285 2276 14 19 0
2325 2275 48 20 9..
2391 2275 13 19 0
2432 2273 9 20 1
2466 2273 12 19 4

1868 2311 3 9 '
1900 2304 164 23 Turpentine:
2080 2302 146 28 Pergallon..
2245 2304 14 20 0
2286 2302 13 21 7
2325 2302 15 20 6
2357 2315 17 5 ..
2393 2301 12 20 0
2430 2300 13 20 9
2466 2300 12 20 0

1868 2328 5 14 *
1901 2332 162 22 Whalebone:
2080 2330 43 22 Per
2131 2334 95 18 t0n....
2233 2330 40 22 100
2287 2330 13 20 0
2327 2330 14 19 0
2358 2328 61 20 ..120
2432 2327 12 20 0
2468 2327 11 19 0

1901 2358 83 23 Wine:
2000 2358 89 28 Sherry,
2099 2365 40 20 per
2147 2357 80 27 pipe..
2232 2358 27 20 20
2287 2358 13 19 0
2327 2356 14 21 0
2358 2355 48 20 ..40
2432 2355 12 19 0
2467 2354 12 19 0

2012 2386 70 26 Ditto,
2097 2391 42 21 per
2151 2384 80 22 dozen.
2247 2385 13 20 0
2274 2384 27 20 16
2328 2384 14 19 0
2358 2395 18 7 ..
2393 2382 12 20 2
2432 2381 12 20 0
2468 2381 12 19 0

2012 2413 60 27 Port,
2082 2419 40 21 per
2132 2411 49 29 pipe
2207 2411 50 21 ..25
2285 2412 14 19 0
2325 2410 14 21 0
2356 2409 48 20 ..40
2430 2408 12 20 0
2466 2408 12 20 0

1868 2449 5 14 ,
2079 2438 99 28 perdoi.
2208 2452 18 6 ..
2245 2439 11 20 1
2285 2439 14 20 0
2326 2437 14 20 0
2357 2449 17 6 ..
2391 2436 13 20 2
2430 2436 12 18 0
2466 2434 12 20 0

1868 2476 4 18 ;
2012 2466 150 28 Champagne,
2177 2464 55 23 ditto
2246 2466 14 20 0
2287 2466 14 19 0
2327 2464 14 20 0
2357 2476 19 7 ..
2393 2463 13 20 0
2432 2462 12 20 C
2468 2461 12 20 0

2013 2492 74 24 Claret
2247 2493 14 20 0
2277 2492 26 21 10
2329 2492 14 19 0
2358 2503 19 7 ..
2395 2490 12 20 0
2433 2489 12 19 0
2470 2489 11 19 0

1904 2521 120 22 Poultry:
2042 2520 78 27 Fowls,
2127 2526 40 21 per
2173 2519 49 27 pair
2228 2534 5 7 .
2248 2520 14 20 0
2289 2519 14 20 3
2330 2518 14 20 6
2359 2530 19 7 ..
2395 2517 14 20 0
2433 2515 12 20 5
2470 2515 12 19 0

2040 2547 85 27 Ducks,
2134 2546 57 22 ditto
2211 2560 18 6 ..
2247 2547 14 20 0
2288 2544 13 21 5
2329 2545 14 20 0
2359 2557 19 6 ..
2395 2544 12 19 0
2433 2542 12 20 8
2470 2542 12 20 0

2040 2574 80 27 Geese,
2132 2573 55 22 each
2210 2586 18 7 ..
2247 2574 14 19 0
2275 2572 26 21 10
2328 2572 15 20 0
2358 2584 19 7 ..
2394 2571 13 20 0
2421 2569 24 20 12
2471 2569 11 19 0

1868 2597 8 15 c
2040 2600 109 28 Turkeys,
2158 2599 56 22 each
2250 2600 9 20 1
2290 2600 14 20 0
2331 2599 48 20 0..
2398 2598 11 19 1
2435 2596 13 20 5
2472 2596 12 20 0

2042 2628 103 26 Pigeons,
2155 2626 79 28 (wild,)

2067 2662 41 20 per
2116 2654 49 28 pair
2185 2668 46 6 ....
2249 2654 14 20 0
2289 2654 16 19 0
2331 2653 14 20 0
2361 2664 18 7 ..
2397 2653 14 19 0
2435 2651 14 19 0
2472 2649 12 20 0

1868 2683 10 20 S
2042 2682 84 26 Ducks,
2134 2681 36 22 do.
2180 2680 51 23 do..
2250 2681 14 20 0
2291 2680 89 20 50..
2397 2680 14 19 0
2436 2678 13 19 0
2473 2676 11 20 0

1907 2710 74 22 Eqgb:
1998 2709 124 23 Perdozen
2251 2708 13 19 0
2292 2708 14 19 2
2332 2706 15 21 0
2362 2718 19 7 ..
2398 2706 13 19 0
2437 2704 13 20 3
2474 2703 11 19 0

1907 2738 78 22 Cows:
2000 2736 71 22 Milch
2239 2734 26 21 12
2292 2735 14 20 0
2332 2734 15 19 0
2363 2732 49 21 ..30
2437 2733 14 18 0
2474 2731 11 18 0

1868 2772 7 5 -
1908 2764 97 22 Mares:
2019 2762 76 23 Brood
2236 2762 28 19 20
2292 2762 13 19 0
2332 2761 14 19 0
2362 2758 50 22 ..70
2437 2758 14 19 0
2473 2757 12 19 0

1908 2791 116 22 Working
2041 2790 133 22 Bullocks:
2197 2788 42 22 Per

1933 2817 51 28 pair
2238 2815 28 21 30
2293 2815 14 20 0
2333 2814 15 20 6
2364 2812 49 21 ..40
2439 2812 13 20 0
2475 2810 12 20 0

1868 2856 13 14 c
1909 2844 63 23 Hire
1983 2851 27 14 of
2019 2850 68 16 ditto
2094 2850 5 14 :
2116 2842 43 23 Per
2165 2842 52 27 day,
2226 2848 13 15 a

1935 2870 197 23 teamanddriver
2254 2868 9 20 1
2293 2868 15 19 0
2334 2868 14 19 0
2364 2879 19 8 ..
2398 2866 16 21 0
2440 2866 13 19 0
2475 2865 12 19 9

1868 2907 13 21 d
1909 2899 88 23 Shbep:
2012 2896 61 22 Each
2251 2896 13 20 0
2279 2894 26 19 15
2332 2894 14 20 0
2362 2906 19 7 ..
2401 2893 9 20 1
2438 2892 13 19 5
2476 2890 11 21 0

1868 2934 12 12 ,i
1910 2925 62 21 Boat
1984 2924 73 27 IJire:
2072 2923 43 21 Per
2120 2922 50 29 day,
2176 2921 62 22 with-

1868 2941 4 14 l
1868 2968 13 14 g
2099 2952 40 18 out
2148 2948 87 22 hands.
2251 2949 13 20 0
2280 2948 26 20 10
2332 2948 15 19 0
2363 2959 19 8 ..
2402 2946 9 21 1
2440 2946 14 20 0
2477 2944 11 23 0

1910 2977 98 23 Wages:
2036 2976 139 26 Mechanics,
2200 2981 40 21 per

2063 3002 62 22 week
2254 3002 10 20 1
2292 3002 15 19 0
2334 3002 14 19 0
2364 3013 19 7 ..
2402 3000 10 21 1
2430 3000 25 20 10
2477 2998 12 21 0

1868 3037 12 11 •i
2044 3030 127 22 Labourers
2188 3042 45 7 ....
2252 3030 14 19 0
2281 3028 27 21 18
2334 3028 49 21 0..
2403 3028 52 19 110
2477 3024 12 21 0

1868 3055 14 15 *
2146 3055 120 23 DUTIES.

1868 3077 17 20 rf
1911 3086 100 22 British
2021 3085 91 22 Spirits
2324 3082 34 21 4s.
2366 3087 39 22 per
2412 3078 77 28 gallon.

1868 3109 15 15 16
1911 3113 106 22 Foreign
2028 3111 56 23 ditto
2325 3108 33 22 ss.
2367 3114 37 22 per
2411 3106 78 29 gallon.

1911 3139 105 23 Tobacco
2025 3136 177 28 manufactured,
2329 3136 29 21 Is.
2367 3141 38 21 per
2412 3134 30 21 lb.

1868 3162 16 23 id
2025 3163 206 25 Unmanufactured
2325 3161 36 22 sJd.
2371 3167 40 21 per
2417 3161 28 20 lb.

1868 3197 17 25 f-
1913 3194 75 22 Snuff
2326 3186 116 30 2s.perlb.

1868 3224 17 15 a
1913 3219 87 24 Cigars
2327 3217 33 21 2s.
2369 3214 74 29 perlb.

1913 3247 84 22 Wines
2319 3243 26 21 15
2358 3242 99 28 percent

1868 3278 21 21 of
1913 3274 56 27 Tea,
1984 3275 85 25 Sugar,
2085 3273 86 26 Flour,
2189 3271 116 26 Wheat,!

1868 3306 16 25 L,
1932 3301 47 22 and
1987 3301 64 21 other
2061 3300 87 26 Grain,
2157 3300 14 20 5
2179 3304 42 22 per
2229 3301 58 18 cent.
2299 3296 6 22 I
2345 3310 15 22 d
2369 3308 91 23 valoreXß
2462 3322 4 6 ,

1915 3327 38 23 All
1962 3327 64 22 other
2035 3324 253 29 FoßEiGNproductions
2299 3322 12 24 f

1868 3370 19 11 ,~
1929 3354 43 23 and
1976 3353 168 23 manufactures
2151 3353 26 21 ID
2181 3358 42 23 per
2229 3354 57 19 cent.
2292 3349 14 28 J

1868 3370 22 40 5
2115 3377 186 25 EXCHANGE.

1868 3417 17 21 in
1915 3422 68 22 Bank
1991 3421 51 22 bills
2051 3428 28 14 on
2089 3419 95 23 London
2216 3401 273 59 {^^^

1868 3452 10 19 S
1916 3462 34 22 On
1960 3461 89 28 Sydney
2334 3458 70 22 Ditto.

1917 3489 35 22 P*i
1953 3493 52 17 vate
2015 3489 28 21 pi|
2045 3487 18 22 k
2311 3484 110 23 Nominal.
2469 3511 20 2 _

788 137 82 20 Town
886 136 31 21 of
929 136 167 20 Manewatu.

653 170 94 50 THE
768 169 208 23 PROPRIETORS
1000 168 25 21 of
1049 167 40 22 the
1109 166 61 22 three
1184 166 51 22 first

741 196 89 22 choices
844 199 19 18 at
871 196 38 21 the
926 195 45 22 last
985 194 106 22 selection
1102 194 25 20 of
1140 196 94 24 country

653 224 71 26 lands,
736 222 85 27 having
839 221 132 23 determined
985 228 61 19 upon
1062 220 38 22 the
1116 220 41 21 site
1171 219 35 22 for
1220 225 16 16 a

667 256 94 23 TOWN
777 256 43 22 ON
833 255 60 22 THE
908 253 188 24 MANEWATU
1110 252 107 26 RIVER,

653 284 58 21 after
714 284 80 21 several
801 283 55 20 visitt
865 286 21 17 to
895 282 38 21 the
941 279 187 29 neighbourhood,
1140 279 46 22 and
1196 279 39 22 the

653 313 59 19 most
729 308 85 24 careful
832 308 40 23 and
889 308 84 23 minute
993 307 150 22 examination
1158 306 25 22 of
1197 305 39 23 the

654 341 72 18 entire
741 336 93 27 district,
848 335 61 22 aided
924 335 31 27 by
964 334 37 22 the
1017 332 145 30 professional
1175 331 59 29 skill,

654 363 27 24 '^
687 362 106 28 uwledge,
812 361 41 24 and
865 361 130 28 experience
1009 360 26 22 of
1046 359 38 22 the
1102 362 59 18 most
1174 365 63 15 com-

654 393 77 25 petent
738 388 88 29 judges,
842 395 88 21 propose
946 391 22 18 to
984 387 54 22 offer
1048 386 34 22 for
1098 385 104 28 disposal,
1213 388 24 19 at

804 415 37 22 the
853 418 86 25 present
948 414 60 27 time,
1019 413 69 22 about

654 443 215 27 TWENTY-FIVE
903 445 106 25 ACRES,
1048 444 36 22 IN
1121 442 117 25 ALLOT-

656 473 113 27 MENTS,
785 472 80 23 EACH
885 471 40 22 OF
950 470 63 23 ONE
1033 470 149 25 QUARTER
1197 468 40 23 OF

867 498 43 22 AN
926 496 90 24 ACRE.

681 534 48 22 The
738 535 50 27 spot
795 532 51 22 thus
853 531 95 23 selected
957 538 113 21 possesses
1078 529 37 23 the
1125 532 58 20 most
1198 536 40 15 ex-

654 561 87 22 tensive
754 559 99 28 frontage
865 561 22 19 to
904 557 56 28 deep
972 561 68 19 water
1055 557 26 22 of
1093 563 43 25 any
1152 563 26 15 on
1199 555 38 23 the

654 588 66 21 river.
750 587 22 21 It
788 586 20 21 is
826 584 91 23 situated
931 585 48 32 just
992 587 23 19 at
1029 583 50 23 that
1098 583 63 27 point
1178 583 60 21 from

718 611 72 24 which
800 619 14 15 a
823 611 48 23 road
882 611 72 21 would
964 610 84 22 branch
1059 609 34 23 off
1098 613 23 18 to
1131 609 38 22 the

657 647 94 16 WOODED
776 646 45 15 AND
842 645 93 15 FERTILE
954 644 118 15 DISTRICTS
1093 643 75 15 ALONG
1191 643 47 15 THJt

826 672 49 14 BASE
890 672 27 14 OF
933 671 45 15 THE
994 671 74 19 HILLS,

656 698 45 23 and
713 698 71 22 above
795 696 67 22 which
871 696 36 22 the
924 696 127 26 navigation
1065 695 35 22 for
1109 693 81 23 vessels
1199 694 41 21 be-

658 732 75 16 comes
743 725 85 24 ttdiout,
839 724 19 25 if
863 725 35 19 not
907 723 88 27 difficult
1032 722 23 21 It
1062 722 17 21 is
1086 721 108 22 therefore
1200 720 40 22 the

854 750 60 28 point
923 750 72 22 whorp
1006 749 36 21 the

659 785 88 23 LAND
762 784 67 22 AND
844 783 109 23 WATER
967 781 162 24 CARRIAGE
1144 780 86 23 MEET

659 813 46 21 and
714 812 73 22 where
797 818 13 14 a
819 811 63 21 Town
900 818 60 14 must
976 817 27 15 be
1018 816 91 14 formed
1127 807 63 22 when
1202 807 39 22 the

660 838 86 22 district
760 838 20 21 is
789 836 81 23 settled.
900 837 22 22 It
931 844 44 14 was
985 836 96 23 selected
1097 835 31 27 by
1138 834 36 22 the
1188 834 53 22 Sur-

660 865 81 28 veying
750 864 59 22 Staff
821 871 23 14 as
853 864 33 21 the
895 863 137 22 rendezvous
1041 862 37 22 for
1093 860 57 23 their
1163 860 62 26 body
1234 869 7 18 ;

660 892 42 22 and
714 891 40 22 has
763 891 57 21 been
830 898 44 14 now
888 889 77 28 found,
975 890 57 21 after
1042 888 87 22 several
1146 888 96 21 months'

659 918 104 26 location,
776 921 21 17 to
811 917 28 21 be
847 916 32 22 the
889 919 59 19 most
961 916 167 26 advantageous
1137 914 104 28 position,

660 945 56 22 from
733 945 28 21 its
777 943 91 28 peculiar
887 943 86 28 facility
990 943 26 21 of
1025 940 114 30 approach
1149 940 53 23 both
1213 941 29 27 by

660 971 53 23 land
722 971 46 21 and
778 975 72 19 water.

689 1004 27 21 In
728 1002 147 23 confirmation
885 1002 27 22 of
917 1002 37 21 the
964 1000 132 29 superiority
1107 999 25 22 of
1140 999 43 22 this
1193 1002 51 24 spot

660 1037 54 16 over
722 1037 46 20 any
778 1029 61 23 other
847 1034 34 23 yet
889 1029 89 26 known,
991 1028 36 22 the
1039 1028 91 21 Messrs.
1138 1025 104 27 Kebbell,

660 1058 58 21 after
735 1056 39 22 the
793 1055 145 24 examination
954 1055 26 22 of
996 1055 36 21 the
1052 1054 59 22 river
1126 1053 58 21 from
1204 1052 38 22 the

663 1083 89 23 Paneiri
763 1083 46 22 Pah
819 1087 22 18 to
849 1083 25 22 its
883 1082 86 27 mouth,
980 1079 139 24 determined
1133 1086 29 16 on
1172 1084 72 17 erect-

895 1109 39 27 ing
947 1109 57 22 their

665 1143 64 24 SAW
745 1143 80 23 MILL
845 1140 225 25 IMMEDIATELY
1085 1138 159 24 OPPOSITE.

666 1177 44 22 Ihe
729 1175 71 22 works
816 1175 26 22 of
855 1175 46 21 that
919 1173 170 23 establishment
1106 1179 37 15 are
1162 1176 23 18 at
1201 1171 45 23 this

665 1206 99 20 moment
781 1202 23 22 in
820 1201 57 28 rapid
891 1208 108 20 progress,
1017 1199 44 23 and
1081 1199 36 22 the
1136 1199 110 28 proposed

665 1231 67 22 Town
743 1229 44 22 will
796 1227 128 28 necessarily
929 1227 92 28 partake
1027 1227 26 21 of
1058 1227 45 21 this
1112 1225 133 27 advantage.

690 1263 49 24 The
758 1261 91 22 nucleus
861 1261 24 21 of
901 1268 13 14 a
933 1258 68 25 Town
1016 1260 26 26 is,
1052 1259 24 23 in
1091 1259 51 27 fact,
1154 1258 92 28 already

665 1288 96 26 created,
769 1289 30 27 by
809 1288 37 22 the
855 1286 162 23 concentration
1032 1286 26 22 of
1074 1286 36 22 the
1121 1285 126 27 Surveying

665 1316 94 23 StaiFon
769 1315 47 22 that
827 1318 48 24 spat,
887 1321 24 14 as
919 1314 38 21 the
969 1317 73 18 centre
1058 1313 26 22 of
1095 1312 151 22 communica-

665 1344 46 22 tion
722 1347 23 17 to
755 1342 37 22 the
802 1340 143 28 surrounding
954 1340 97 27 district;
1068 1340 37 21 the
1115 1339 98 22 erection
1223 1340 27 21 of

667 1371 89 21 Messrs.
768 1368 109 23 Kebbell's
893 1368 49 21 Saw
959 1367 62 22 Mills
1037 1366 98 29 opposite
1143 1374 6 18 ;
1165 1366 29 27 by
1208 1365 38 23 the

665 1399 164 25 arrangements
842 1395 30 22 for
933 1394 113 22 extensive
1058 1391 97 24 General
1168 1393 62 21 Store
1240 1401 5 17 ;

665 1424 45 22 and
719 1424 31 26 by
757 1423 37 21 the
804 1422 43 21 late
853 1421 131 32 application
992 1421 32 21 for
1033 1427 14 14 a
1055 1419 107 24 Licensed
1169 1419 77 22 House

665 1458 28 14 on
703 1450 37 22 the
749 1453 50 24 part
809 1448 25 22 of
845 1455 24 14 an
878 1447 123 22 individual
1015 1447 50 21 who
1080 1447 48 25 has,
1138 1446 61 21 since
1209 1446 39 21 the

666 1478 117 21 formation
801 1476 26 21 of
841 1474 32 22 the
889 1474 91 27 Colony,
996 1473 97 28 pursued
1109 1480 14 14 a
1142 1472 106 23 lucrative

666 1504 63 22 trade
740 1502 52 22 with
802 1502 37 21 the
849 1501 88 26 natives,
949 1500 45 22 and
1005 1500 72 22 whose
1088 1499 130 27 knowledge
1226 1500 25 21 of

665 1531 38 21 the
713 1530 136 26 advantages
856 1528 23 21 of
884 1527 40 22 the
934 1528 100 26 position,
1042 1526 117 28 prompted
1169 1526 46 22 him
1226 1530 23 18 at

666 1564 56 16 once
733 1561 22 17 to
765 1557 72 27 prefer
846 1554 43 23 that
901 1554 142 28 application.

693 1589 47 22 The
751 1587 93 23 Natives
856 1587 27 27 by
892 1586 73 22 whom
981 1585 43 22 this
1034 1585 55 23 land
1100 1592 44 14 was
1154 1585 95 22 claimed

665 1624 38 14 are
714 1615 61 28 quite
785 1613 102 29 prepared
896 1617 23 17 to
928 1613 50 27 give
985 1620 29 20 up
1021 1612 132 29 possession,
1160 1611 44 22 and
1211 1620 38 14 are

665 1641 146 28 exceedingly
821 1641 88 21 anxious
922 1644 24 17 to
960 1639 57 22 have
1027 1647 14 14 a
1051 1639 118 28 European
1178 1646 71 20 popu-

665 1670 68 21 lation
745 1675 81 20 among
836 1667 62 26 them,
909 1666 85 27 having
1011 1666 55 22 been
1075 1673 60 20 upon
1146 1665 36 21 the
1192 1670 58 17 most

665 1695 97 28 friendly
769 1695 84 26 footing
861 1693 51 22 with
921 1692 38 23 the
971 1693 126 28 Surveying
1107 1692 57 22 Staft'
1169 1691 82 28 during

665 1724 38 22 the
714 1722 49 22 four
772 1729 24 14 or
806 1721 42 22 five
855 1720 87 22 months
951 1719 52 28 they
1023 1719 58 23 have
1096 1719 57 21 been
1162 1718 89 22 located

665 1751 71 22 there.

693 1785 34 21 As
736 1783 38 22 the
783 1781 131 29 Proprietors
924 1787 92 21 purpose
1025 1784 23 18 to
1057 1780 89 27 dispose
1156 1780 25 21 of
1187 1780 42 21 hut
1239 1787 12 14 a

665 1810 87 23 limited
766 1809 87 28 portion
867 1808 24 22 of
902 1808 39 22 the
955 1810 69 19 Town
1040 1811 24 18 at
1081 1810 96 26 present,
1197 1806 53 26 they

665 1837 80 29 pledge
755 1835 127 23 themselves
891 1834 55 27 that,
956 1838 24 17 at
988 1841 30 16 no
1035 1834 75 22 future
1119 1833 63 27 sales,
1194 1834 57 21 shall

667 1865 38 22 the
715 1864 128 22 allotments
851 1862 23 22 be
884 1864 40 25 put
930 1869 29 20 up
970 1865 23 18 at
1002 1869 13 14 a
1025 1859 46 24 /ess
1081 1869 49 15 sum
1138 1860 54 22 than
1201 1867 50 16 now

667 1891 92 23 offered.

694 1926 23 22 A
735 1923 131 28 Prospectus
880 1920 46 23 and
946 1921 55 22 Flan
1022 1921 25 22 of
1062 1920 38 22 the
1117 1920 69 22 Town
1206 1919 45 22 will

666 1951 87 27 shortly
761 1950 29 22 be
799 1949 64 28 ready
872 1948 33 22 for
914 1948 123 27 inspection
1053 1951 23 19 at
1089 1947 37 21 the
1137 1946 82 22 Oih'ces
1229 1947 26 21 of

668 1979 91 22 Messrs.
771 1976 69 22 Waitt
848 1975 40 22 and
898 1975 75 26 Tyser,
984 1975 31 22 Te
1025 1975 56 21 Aro.

696 2008 145 26 Wellington.
851 2006 60 23 Aoril
921 2008 34 21 22.
966 2007 60 20 1842.

669 2058 73 51 ON
758 2057 84 23 SALE.
850 2060 20 19 at
888 2056 38 22 the
947 2056 70 22 Office
1037 2056 23 22 of
1079 2055 44 22 this
1142 2062 111 20 paper:—

748 2085 63 26 Keys
821 2085 25 21 of
853 2083 33 23 the
896 2083 69 22 Town
976 2083 25 22 of
1008 2083 56 21 New
1075 2081 126 28 Plymouth,

696 2112 68 23 Plans
774 2111 25 22 of
808 2111 93 28 Country
912 2111 66 22 Land
988 2109 72 23 round
1073 2109 143 26 Wellington,
1227 2108 24 22 in

668 2147 59 18 case,

696 2166 70 23 Plans
776 2165 25 22 of
809 2165 86 26 Nelson,
907 2165 23 22 in
941 2172 58 17 case,

697 2193 80 27 Copies
794 2192 25 21 of
832 2193 33 21 the
881 2192 56 22 New
957 2191 99 22 Zealand
1070 2189 103 26 Journa),
1190 2190 61 25 1842,

670 2220 118 26 complete,
799 2219 77 27 bound,

698 2246 135 28 Chapman's
843 2245 111 28 Portfolio,
964 2245 84 26 bound,

700 2274 74 22 Prints
781 2274 21 21 of
811 2273 87 27 Nelson,

700 2300 74 23 Prints
785 2300 26 22 of
814 2300 139 26 Wellington,

699 2327 69 23 Plans
778 2328 25 21 of
810 2326 79 23 Nelson
900 2327 23 21 in
934 2326 85 27 Sheets,

700 2355 68 22 Plans
779 2354 25 22 of
811 2354 94 27 Country
915 2353 65 22 Land
991 2356 23 19 at
1026 2351 145 28 Wellington,

700 2381 68 23 Plans
778 2381 23 22 of
810 2381 36 22 the
854 2380 66 22 Town
931 2380 26 22 of
963 2376 57 25 New
1030 2379 127 28 Plymouth.

700 2415 130 28 September
839 2416 29 25 19,
879 2415 62 21 1843.

907 2465 54 20 For
976 2464 70 25 Sale,

673 2497 157 50 WHEAT
851 2497 61 21 A.ND
935 2495 111 28 FLOUR,
1060 2495 39 23 the
1117 2495 97 28 produce
1234 2494 24 22 of

769 2524 39 22 the
818 2523 60 28 Hutt,
888 2523 24 23 in
928 2523 55 27 bags
995 2523 103 28 (200fts,)
1111 2528 24 16 at
1151 2523 33 23 £2
1200 2523 55 26 10a.,

673 2552 51 23 half
739 2552 55 26 bags
812 2551 32 21 £1
861 2552 30 20 ss.
931 2550 58 26 Bags
1008 2554 22 17 to
1051 2551 28 21 be
1098 2549 113 27 returned,
1232 2557 25 14 or

675 2578 98 28 charged
786 2579 31 21 2s.
832 2577 34 23 6d.
893 2577 55 23 Also
958 2585 13 14 a
980 2577 65 22 small
1060 2576 103 33 quantity
1173 2577 26 21 of
1204 2577 53 21 seed

675 2606 77 28 spring
761 2605 46 22 and
816 2605 74 22 winter
898 2604 74 22 wheat
981 2604 44 22 and
1034 2603 96 23 skinlesß
1140 2603 83 28 barley.

705 2639 75 28 Apply
789 2641 23 20 to
828 2639 86 22 Messrs.
921 2638 101 23 -Rhodes
1038 2638 47 22 and
1097 2638 47 26 Co.,
1155 2637 32 22 Te
1204 2638 53 27 Aro,

677 2674 25 16 or
712 2670 21 18 to
743 2666 47 22 Mr.
803 2666 124 26 Swainson,
944 2664 150 28 Hawkshead^
1105 2664 70 23 River
1191 2664 67 23 Hutt.

704 2700 55 27 July
768 2701 21 25 4,
801 2700 58 21 1843.
1098 2706 5 17 \

827 2745 134 21 Situation
982 2744 127 21 Wanted.

679 2779 99 50 TWO
792 2784 71 22 young
875 2784 60 20 men,
948 2777 47 28 just
1011 2777 89 23 arrived
1110 2777 28 27 by
1149 2776 37 22 the
1195 2777 67 26 Mary

778 2806 56 22 from
853 2803 102 28 London,
975 2812 36 14 are
1030 2804 94 22 anxious
1143 2807 24 19 to
1185 2804 77 22 obtain

678 2833 122 26 situations,
811 2831 45 23 and
870 2831 43 22 will
931 2831 27 22 be
974 2831 70 23 found
1060 2830 85 28 willing
1160 2834 22 18 to
1195 2831 67 22 make

679 2859 134 23 themselves
832 2858 111 29 generally
961 2858 80 22 useful.
1077 2857 42 23 For
1139 2857 123 28 reference,

679 2887 68 28 apply
757 2890 23 18 to
789 2885 38 23 the
837 2885 157 28 undersigned.

665 2915 1 27 |
1020 2912 96 22 Samuel
1133 2911 102 23 Revans.

682 2959 92 50 THE
797 2959 74 20 Nehon
893 2959 117 20 Examiner
1032 2959 45 21 and
1098 2960 52 19 New
1173 2960 94 20 Zealand

756 2986 106 22 Chronich
876 2985 127 27 (published
1013 2989 22 18 at
1044 2985 104 27 Nelson,)
1164 2986 18 22 is
1199 2993 68 21 regu-

679 3014 58 27 larly
757 3014 134 21 transmitted
907 3016 24 19 to
947 3012 145 28 Wellington,
1112 3012 44 23 and
1171 3020 53 21 may
1239 3014 27 21 be

680 3040 44 23 had
735 3043 24 19 at
767 3040 39 22 the
816 3040 58 22 office
883 3040 26 21 of
920 3040 44 22 this
973 3047 75 21 paper.

708 3072 49 23 The
767 3073 78 21 Nelson
853 3073 112 20 Examiner
980 3073 45 21 will
1034 3073 28 21 be
1073 3072 70 22 found
1152 3079 28 15 an
1192 3073 75 22 excel-

681 3101 49 22 lent
738 3099 99 23 medium
847 3099 30 22 for
886 3099 140 22 advertisers.

709 3132 79 22 Terms
797 3131 35 22 for
841 3130 33 23 the
882 3138 75 21 paper,
968 3134 37 19 ten
1015 3130 100 28 shillings
1130 3137 39 21 per
1177 3134 90 24 quarter

681 3158 97 30 payable
786 3158 24 22 in
819 3157 104 23 advance.

712 3189 82 23 Orders
816 3189 34 23 for
865 3189 37 22 the
922 3196 72 21 paper
1015 3189 46 22 and
1082 3189 185 23 advertisement*

683 3216 105 24 received
797 3219 23 19 at
829 3216 34 22 the
873 3216 71 22 Office
955 3216 25 22 of
992 3216 43 22 this
1044 3223 77 20 paper.

855 3266 62 22 Just
937 3266 160 26 Published,

687 3301 93 51 THE
803 3300 208 23 WELLINGTON
1034 3300 183 24 ALMANACK
1236 3301 31 22 foi

762 3329 68 22 1843:

913 3361 125 15 CONTENTS.

715 3381 107 23 Weather
844 3381 73 27 Table,
938 3381 78 26 Cycles
1036 3380 46 22 and
1105 3381 162 22 Astronomical

688 3409 120 27 Numbers,
821 3407 113 28 Calendar,
951 3407 137 23 Gardener's
1103 3407 45 22 and
1162 3407 105 24 Farmer's

689 3436 115 27 Calendar,
816 3434 178 29 Meteorological
1006 3434 71 22 Table
1086 3433 34 23 for
1137 3435 60 27 1840,
1209 3436 58 27 1841,

689 3463 45 23 2nd
741 3465 7 20 1
757 3464 47 26 842,
816 3462 93 28 Eclipses
919 3463 26 20 of
954 3461 36 22 the
1000 3462 47 21 Sun
1058 3461 46 22 and
1120 3461 79 27 Moon,
1215 3460 52 25 New

689 3489 100 24 Zealand
805 3490 116 26 Company,
933 3489 54 22 Post
1002 3488 71 22 Office
1084 3487 146 28 Regulations
1239 3489 28 22 foi

692 3518 55 21 New
757 3516 104 27 Zealand,
871 3515 57 22 Civil
943 3515 187 27 Establishment:,
1142 3515 57 22 Fees
1208 3515 59 23 Lane

691 3544 90 22 Claims'
806 3543 72 26 Office,
903 3543 55 21 Post
981 3542 100 22 Office—
1082 3541 99 23 Colonial
1210 3542 57 23 Law,

693 3570 73 23 Police
792 3570 67 21 Office
860 3580 25 5 —
886 3569 68 28 Petty
976 3570 108 26 Sessions,
1115 3568 112 29 Holidays
1251 3567 16 25 ai

698 3598 73 22 ?übiic
781 3597 84 27 Offices,
875 3597 112 22 Discount
996 3597 69 26 Dajs.

892 3630 73 22 Price
980 3631 31 21 le.
1025 3630 38 22 6d.

860 3680 76 21 Meat
951 3680 151 27 Company,

694 3715 72 49 AN
797 3713 194 24 APPRENTICE
1019 3717 23 15 »°
1070 3714 38 22 the
1131 3713 104 23 business
1257 3715 8 22 i

757 3768 6 4 _
773 3740 91 23 wanted.
891 3740 46 22 For
955 3741 138 27 particulars,
1110 3741 66 28 apply
1193 3748 29 15 on
1238 3741 29 23 thi

692 3767 116 31 premises.

961 3793 36 23 W.
1012 3794 103 27 Flyger,
1131 3795 118 27 Manager.

721 3821 130 29 September
858 3822 31 27 29,
900 3823 62 21 1848.

876 3875 65 21 Just
955 3875 133 21 received.

696 3906 127 52 PLANS
846 3906 22 22 of
887 3906 39 23 the
948 3906 70 23 Town
1036 3906 28 23 of
1082 3906 168 29 Wzif.waaas.

769 3934 56 22 Plan
846 3934 22 21 of
874 3933 37 22 the
922 3932 107 24 Harbour
1039 3933 29 24 of
1079 3933 62 27 Port.
1151 3932 116 26 Nieh»lsw

724 3962 103 25 Message
838 3959 64 27 cards,

1444 130 116 20 Gazette
1575 128 90 21 Office.

1262 162 200 27 STATIONERY
1476 161 196 23 WHOLESALE
1687 161 20 21 &
1723 159 125 23 RETAIL.

1260 198 89 49 WE
1371 197 44 27 beg
1437 199 23 19 to
1483 202 116 16 announce
1618 195 39 21 the
1678 194 88 26 arrival,
1790 192 60 23 from

1356 222 112 29 England,
1479 222 26 22 of
1513 222 37 22 the
1565 221 49 22 first
1623 225 50 24 part
1681 221 26 21 of
1715 227 42 24 pur
1771 223 80 18 exten-

1261 251 48 23 sive
1317 250 76 23 orders
1401 250 24 22 in
1435 249 44 23 this
1488 249 143 28 department
1640 248 27 22 of
1673 246 107 23 business.
1804 246 47 21 Our

1262 277 63 23 stock
1335 277 90 27 already
1434 276 94 22 consists
1542 275 26 23 of
1580 281 67 18 every
1657 274 76 22 article
1747 271 104 29 required

1263 305 33 21 for
1311 303 97 27 Schools,
1425 302 82 27 Banks,
1524 302 86 26 Courts,
1629 298 54 24 Law
1698 299 89 24 Offices,
1806 298 45 23 and

1263 330 89 27 Artists,
1363 331 40 21 &c.
1412 337 6 20 ;
1434 328 74 23 whilst
1517 328 36 22 the
1570 327 139 23 ornamental
1720 326 44 22 and
1780 325 71 22 draw-

1264 358 38 26 ing
1314 364 62 14 room
1392 356 123 26 stationery
1530 354 40 22 has
1583 358 42 19 not
1636 355 59 21 been
1710 351 141 23 overlooked.

1264 383 48 23 The
1322 383 126 23 difficulties
1458 381 115 27 attending
1582 380 40 22 the
1630 380 49 22 first
1686 378 167 24 establishment

1264 410 81 27 having
1354 411 59 21 been
1427 415 123 20 overcome,
1562 406 46 24 and
1618 414 67 20 every
1700 405 81 23 arrival
1796 405 57 21 firom

1265 437 104 27 England
1387 435 85 27 adding
1486 435 60 21 fresh
1563 433 111 23 additions
1688 435 23 20 to
1726 439 40 15 our
1780 430 71 28 stock,

1265 463 45 23 will
1327 463 77 23 enable
1419 470 26 14 us
1455 465 23 19 to
1494 462 81 21 reduce
1592 467 41 15 our
1648 460 93 27 charges
1749 466 31 15 on
1796 461 57 19 most

1265 490 88 24 articles
1361 495 25 17 at
1394 489 57 22 least
1460 490 28 20 50
1496 496 40 20 per
1544 492 60 17 cent.

1293 522 155 28 Storekeepers
1466 520 43 22 and
1529 519 117 23 wholesale
1665 517 85 23 dealers
1770 524 42 14 can
1825 515 28 22 be

1266 549 100 27 supplied
1382 552 22 18 to
1419 555 44 20 any
1474 549 83 24 extent,
1575 545 45 23 and
1636 552 29 15 on
1682 549 67 18 terms
1766 542 88 29 equally

1262 576 168 26 advantageous
1439 578 24 18 to
1474 580 43 21 any
1525 572 106 23 obtained
1639 572 24 22 in
1674 571 97 28 Sydney,

1293 602 97 27 Writing
1399 608 75 21 paper,

1295 628 113 28 Imperial,

1279 673 4 4 .
1294 655 79 27 Royal,

1295 682 113 26 Foolscap,
1420 681 92 22 various
1521 679 112 28 qualities.

1295 709 72 26 Large
1378 708 61 21 thick
1446 710 59 25 post,
1515 714 62 15 wove
1587 708 45 20 and
1642 705 54 27 laid,

1295 736 59 21 Note
1364 742 87 20 papers,

1296 762 93 27 Playing
1399 761 71 27 cards,
1481 759 105 23 coloured
1596 759 45 22 and
1650 758 54 28 gold
1714 757 77 26 backs,

1296 789 61 27 Copy
1369 788 77 27 books,

1296 815 70 22 Black
1375 815 52 22 lead
1435 813 95 30 pencils,

1256 841 2 21 !
1297 842 67 22 India
1373 842 88 23 rubber,
1472 841 69 21 bottle
1552 840 45 22 and
1606 842 87 26 patent,

1298 869 66 26 Ivory
1375 868 81 22 folders
1466 868 44 21 and
1523 867 88 26 knives,

1298 896 46 21 Fen
1354 895 85 26 knives,

1298 923 87 26 Rulers,
1396 929 55 20 copy
1460 919 78 27 books,

1298 949 74 22 Blank
1382 948 50 22 bills
1443 947 27 23 of
1476 947 121 27 exchange,

1298 976 77 23 Letter
1384 975 46 22 and
1440 974 40 22 bill
1488 973 56 27 flies,

1300 1002 42 23 Ink
1352 1002 45 21 and
1406 1001 40 22 ink
1458 1001 106 26 powders,

1287 1050 4 3 .
1299 1029 75 24 Billies
1384 1028 46 22 and
1439 1030 137 23 testaments,

1298 1055 98 28 Spelling
1405 1055 76 25 books,
1493 1054 97 27 various,

1300 1083 103 25 Primers,

1300 1108 125 23 Children's
1434 1107 71 23 books
1514 1107 22 23 in
1545 1109 65 25 great
1618 1105 94 28 variety,

1300 1136 73 22 Blank
1389 1134 171 23 Custom-house
1577 1134 76 23 forms,
1664 1133 35 21 for
1713 1131 145 26 auctioneers,

1274 1163 45 22 and
1328 1162 29 23 all
1366 1162 38 22 the
1415 1162 64 21 other
1488 1160 174 23 Custom-house
1677 1163 70 18 torms
1756 1159 34 21 for
1803 1164 57 16 mer-

1274 1190 84 26 chants,

1302 1215 114 24 Seamen's
1425 1215 100 22 advance
1535 1217 71 22 notes,

1302 1243 114 22 Seamen's
1425 1241 89 23 articles
1524 1241 25 22 of
1556 1243 137 24 agreement,

1303 1269 135 28 Log-books,

1302 1297 74 21 Blank
1387 1295 65 27 writs,

1302 1323 134 22 Parchment
1444 1321 34 23 for
1483 1321 77 27 deeds,

1303 1349 80 28 Quills,

1302 1377 57 22 Thin
1369 1379 57 25 post,
1438 1375 64 29 dittq^

1303 1403 54 22 Fine
1366 1403 54 22 bath
1432 1400 61 30 post,'
1500 1401 46 27 gilt,

1303 1431 87 21 Double
1406 1429 112 28 elephant,
1529 1427 148 29 antiquarian,
1693 1425 109 29 imperial,
1818 1425 44 23 and

1276 1457 60 27 royal
1348 1457 100 26 drawing
1457 1462 75 21 paper,

1305 1484 89 26 Oblong
1404 1481 90 29 clasped
1503 1480 171 23 memorandum
1683 1480 78 26 books,

1304 1511 86 22 French
1401 1511 87 24 tracing
1497 1516 74 20 paper,

1304 1537 87 22 Ladies'
1402 1536 45 22 and
1457 1535 146 28 gentlemen's
1616 1534 53 22 card
1679 1541 69 19 cases,

1305 1564 61 22 Ditto
1432 1563 37 22 do.
1528 1561 72 23 tinted
1610 1561 45 22 and
1665 1560 116 23 embossed
1791 1559 71 26 cards,

1305 1592 95 26 Sponge,
1412 1590 77 21 wafers
1500 1589 23 21 in
1533 1591 12 19 2
1556 1596 33 14 oz.
1601 1588 76 27 boxes,

1306 1617 68 22 Black
1394 1617 55 27 edge
1469 1615 45 23 and
1533 1615 111 22 bordered
1665 1618 52 19 note
1735 1613 45 23 and
1799 1613 65 23 letter

1278 1652 74 20 paper,

1307 1671 90 22 Invoice
1406 1670 78 27 books,
1495 1669 52 22 with
1557 1669 101 26 indexes,
1670 1667 87 23 various
1767 1667 63 26 sizes,

1307 1698 55 22 Cash
1372 1698 78 26 books,
1462 1697 64 22 ruled
1536 1696 90 27 double,
1636 1695 89 23 various
1735 1695 55 21 sizes

1306 1725 132 27 Envelopes,

1307 1752 86 21 Pewter
1403 1751 123 26 inkstands,

1307 1779 79 26 Ebony
1395 1778 124 26 inkstands,
1529 1776 52 22 with
1591 1775 104 27 drawers,

1307 1805 73 22 Broad
1390 1805 45 22 and
1443 1812 85 14 narrow
1538 1810 68 21 green
1617 1803 42 22 silk
1671 1802 86 27 ribbon,

1309 1832 62 22 Brief
1378 1832 45 21 and
1434 1831 57 22 deed
1499 1837 75 22 paper,

1309 1859 72 22 Ruled
1390 1865 68 21 paper
1467 1858 35 21 for
1511 1857 39 22 bill
1559 1857 77 25 heads,

1309 1886 70 28 Royal
1396 1885 67 27 hand,
1476 1884 80 22 double
1574 1883 62 22 hand
1651 1884 85 26 brown,
1753 1882 46 23 and
1807 1880 60 29 royal

1278 1913 77 22 brown
1365 1912 116 28 wrapping
1488 1918 75 22 paper,

1309 1939 97 27 Ledgers
1416 1939 46 22 and
1470 1942 96 18 account
1575 1937 78 27 books,
1663 1937 90 22 various
1763 1943 64 18 niseu,

1309 1966 81 23 Pocket
1399 1965 87 27 ledgers
1496 1965 44 21 and
1549 1963 170 23 memorandum
1730 1963 77 26 books,

1309 1992 118 27 Engraved
1437 1998 56 20 copy
1501 1991 52 26 slips
1562 1990 47 21 and
1618 1990 79 25 books,

1309 2020 51 21 Best
1369 2018 80 21 Welch
1459 2020 67 19 slate*
1542 2017 61 26 large
1612 2016 44 22 and
1665 2015 73 27 small,

1309 2045 107 23 Coloured
1425 2051 89 21 papers,

1281 2103 40 21 To
1336 2102 164 21 Gentlemen
1514 2099 149 27 intending
1676 2100 29 19 to
1720 2100 77 19 enter
1810 2098 59 21 into

1308 2130 44 21 the
1380 2127 144 29 profitable
1552 2126 111 27 pursuit
1693 2125 30 22 of
1749 2124 122 27 Grazing

1309 2156 54 22 and
1383 2154 138 26 Breeding
1540 2153 92 24 Stock,
1655 2153 43 20 for
1717 2153 89 20 which
1827 2151 42 21 the

1310 2183 87 22 fertile
1416 2182 112 21 Islands
1549 2181 31 21 of
1597 2180 69 21 New
1684 2179 124 21 Zealand
1826 2184 44 15 are

1309 2216 31 16 so
1354 2208 153 29 peculiarly
1523 2208 126 26 adapted.

1284 2244 90 51 THE
1386 2241 153 28 undersigned
1547 2243 44 26 beg
1601 2245 23 18 to
1632 2241 83 23 inform
1725 2240 57 22 their
1787 2239 85 23 friends

1353 2271 45 22 and
1414 2271 39 21 the
1467 2269 76 33 public
1558 2269 124 27 generally,
1699 2267 49 23 that
1764 2267 54 28 they
1829 2266 43 22 will

1282 2302 101 19 contract
1406 2298 35 22 for
1460 2297 38 21 the
1524 2295 99 29 delivery
1649 2295 26 22 of
1697 2295 37 22 the
1758 2293 115 27 following

1283 2325 133 28 description
1430 2323 26 23 of
1463 2323 75 27 Stock,
1545 2323 24 22 in
1577 2330 47 21 any
1633 2323 55 22 Port
1697 2322 26 22 of
1736 2321 38 22 the
1784 2321 89 22 Islands

1284 2353 26 21 of
1316 2352 55 22 New
1382 2350 114 24 Zealand:
1498 2361 29 5 —

1311 2386 94 22 Horned
1421 2384 67 24 cattle
1507 2384 126 28 (improved
1646 2383 90 27 breeds)
1752 2382 26 23 of
1789 2382 31 22 all
1836 2381 38 22 de-

1284 2413 124 28 scriptions,

1311 2448 91 25 Horses,
1423 2447 60 21 from
1503 2446 39 21 the
1564 2445 52 22 best
1635 2443 95 28 English
1750 2442 46 23 and
1813 2441 61 23 Arab

1284 2474 69 27 studs,
1369 2473 96 22 suitable
1481 2473 35 21 for
1535 2472 85 27 racing,
1634 2471 85 28 saddle,
1731 2477 25 15 or
1767 2469 93 23 harness
1866 2476 6 20 ;

1284 2502 46 22 and
1338 2500 108 28 breeding
1455 2507 81 19 mares,

1314 2535 55 23 Pure
1380 2535 75 21 Saxon
1465 2532 46 22 and
1519 2532 88 22 merino
1618 2539 65 20 ewes,

1314 2567 120 23 Half-bred
1449 2565 114 23 Leicester
1576 2565 48 22 and
1639 2564 87 23 merino
1745 2571 65 18 ewes,
1827 2570 49 21 par-

1287 2594 102 27 ticularly
1398 2592 97 29 adapted
1509 2593 34 21 for
1552 2592 45 22 this
1606 2595 103 24 country,
1719 2598 25 15 as
1753 2591 54 28 they
1815 2590 61 23 unite

1287 2621 80 27 weight
1377 2620 27 22 of
1409 2627 87 15 carcass
1508 2619 52 22 with
1568 2619 100 22 fineness
1679 2619 25 21 of
1711 2617 64 23 wool.

1314 2653 46 23 The
1385 2650 152 28 undersigned
1559 2658 43 15 can
1630 2650 167 23 accommodate
1825 2656 52 21 pur-

1289 2680 87 23 chasers
1391 2680 26 21 of
1430 2678 58 23 their
1498 2678 68 22 Stock
1583 2677 54 22 with
1655 2677 116 23 extensive
1785 2676 94 28 grazing

1288 2715 61 15 runs,
1359 2706 77 22 within
1448 2707 40 20 100
1498 2705 64 22 miles
1571 2705 28 22 of
1604 2704 45 22 this
1659 2704 60 23 Port.

1550 2738 35 22 W.
1602 2738 27 22 B.
1643 2738 98 22 Rhodes
1755 2737 44 22 and
1814 2737 38 22 Co.

1256 2784 6 15 '
1291 2777 12 4 ~
1303 2778 14 12 T
1520 2790 41 20 On
1575 2789 73 25 Sale,

1256 2812 6 41 \
1293 2824 90 23 mHE
1413 2822 72 23 NEW
1510 2822 153 23 ZEALAND
1692 2821 187 26 PORTFOLIO,

1299 2844 29 30 X
1363 2848 129 25 conducted
1510 2849 30 28 by
1558 2849 32 22 H.
1606 2850 23 21 S.
1648 2850 124 26 Chapman,
1793 2848 37 27 (of
1843 2848 38 22 the

1256 2874 6 10 '
1293 2877 85 24 Middle
1385 2876 111 28 Tejnple,)
1507 2876 217 23 Barrister-at-Law.

1319 2910 43 23 No.
1375 2909 49 23 I.—
1425 2909 22 22 A
1463 2908 77 22 Letter
1554 2911 23 19 to
1596 2908 38 22 the
1652 2908 70 27 Right
1739 2908 63 22 Hon.
1821 2907 60 23 Lord

1256 2942 9 6 *
1295 2937 96 27 Stanley,
1409 2937 120 26 Secretary
1547 2935 26 22 of
1589 2936 62 22 State
1670 2935 35 21 for
1723 2934 38 22 the
1782 2934 101 22 Colonial

1256 2960 11 20 *
1295 2965 153 26 Department,
1526 2962 37 22 the
1568 2962 191 22 Administration
1764 2961 26 22 of
1794 2960 87 23 Justice

1256 2998 11 5 —
1296 2993 22 21 in
1328 2991 54 22 New

1256 3021 10 14 B
1322 3024 42 23 No.
1378 3023 63 23 ll.—
1442 3024 78 21 Letter
1534 3026 23 18 to
1571 3021 63 23 John
1649 3021 60 22 Abel
1724 3021 79 27 Smith,
1820 3021 61 28 Esq.,

1298 3052 66 26 M.P.,
1443 3050 38 21 the
1487 3050 146 25 Advantages
1640 3048 72 22 which
1719 3048 74 22 would
1803 3055 80 15 accrue

1256 3083 12 7 ~
1296 3083 23 18 to
1328 3077 92 28 English
1432 3076 125 27 Capitalists
1566 3076 59 21 from
1635 3075 38 22 the
1683 3075 170 22 establishment
1860 3075 26 22 of

1297 3114 14 15 a
1318 3107 58 20 Loan
1388 3105 102 25 Company
1499 3103 35 22 for
1540 3103 55 20 New
1604 3102 101 28 Zealand,
1717 3102 85 23 similar
1813 3106 24 18 to
1846 3101 37 23 the

1257 3138 12 15 r
1297 3131 126 25 Australian
1432 3131 68 22 Trust

1324 3167 42 22 No.
1478 3165 38 22 An
1528 3164 98 22 Address
1636 3167 23 19 to
1669 3163 38 23 the
1717 3163 58 23 New
1783 3162 101 24 Zealand

1256 3197 13 14 *
1298 3194 63 24 Land
1371 3193 139 27 Proprietors
1519 3191 99 23 resident
1632 3191 25 23 in
1665 3191 38 23 the
1712 3190 86 23 United
1813 3189 72 33 King-

1298 3222 58 26 dom,
1366 3228 31 14 on
1411 3219 87 23 several
1512 3222 92 19 matters
1615 3219 26 22 of
1647 3218 138 29 importance
1794 3221 25 19 to
1829 3217 57 22 their

1256 3252 14 5 ~

1325 3283 43 22 No.
1385 3281 42 22 IV.
1427 3292 29 5 —
1483 3280 38 22 On
1540 3280 38 22 the
1598 3279 116 23 Financial
1733 3278 115 23 condition
1862 3278 27 21 of

1256 3309 16 14 ir
1300 3311 59 22 New^
1497 3308 31 27 by
1538 3306 93 23 Charles
1638 3306 77 28 Terry,
1728 3306 59 27 Esq.,
1796 3305 88 25 F.R.S.,

1301 3336 77 24 F.S.A.

1263 3381 7 17 I
1290 3374 4 12 <
1326 3369 43 23 No.
1385 3367 28 22 V.
1415 3378 28 5 —
1444 3369 21 20 1.
1701 3371 29 15 on
1753 3363 134 26 facilitating

1256 3409 4 9 i
1301 3393 138 30 Emigration
1463 3396 23 18 to
1510 3393 55 21 New
1589 3391 110 26 Zealand,
1717 3391 31 26 by
1767 3397 79 15 means
1864 3389 26 23 of

1256 3437 4 14 ,8,
1262 3417 11 14 8
1301 3423 114 23 Moderate
1436 3419 99 27 Charges
1548 3419 35 21 for
1603 3418 68 22 Chief
1688 3417 43 22 and
1747 3416 139 23 Fore-Cabin

1265 3451 12 17 »-
1460 3447 27 21 In
1498 3453 14 15 a
1522 3446 77 22 Letter
1608 3449 23 17 to
1641 3444 85 28 Joseph
1737 3445 85 26 Somes,
1834 3443 52 28 Esq.

1256 3470 17 15 w
1301 3478 39 22 &c.
1351 3476 40 22 &c.
1420 3475 35 26 By
1466 3473 31 22 H.
1509 3473 22 22 S.
1542 3472 124 27 Chapman.

1259 3516 13 20 d
1328 3510 20 20 2.
1389 3507 20 22 A
1422 3506 75 21 Letter
1506 3511 29 15 on
1545 3504 106 27 Banking
1662 3504 23 23 in
1695 3503 57 23 New

1256 3551 7 14 r
1303 3536 32 27 By
1346 3534 86 22 Arthur
1440 3532 27 23 T.
1480 3531 107 29 Holroyd,
1599 3531 54 27 Esq.

1256 3574 19 18 it
1328 3567 44 23 No.
1483 3565 158 22 Observations
1656 3571 30 15 on
1696 3563 37 23 the
1742 3563 146 27 Advantages

1303 3596 25 22 of
1340 3602 14 15 a
1369 3593 185 29 Representative
1569 3591 122 27 Assembly
1705 3590 37 23 for
1757 3591 60 21 New
1832 3590 56 22 Zea-

1256 3666 20 4 —
1330 3652 99 25 General
1439 3650 48 23 title
1496 3650 47 23 and
1551 3649 154 23 introduction
1714 3652 24 19 to
1742 3649 42 22 'the
1795 3649 81 22 Series.

1493 3690 68 15 PRICE
1570 3689 130 15 -SIXPENCE.

1257 3715 19 22 is
1334 3718 85 21 Gazette
1430 3715 79 26 Office,
1522 3715 67 26 Sept.,
1603 3715 61 20 1843.

1494 3764 85 22 Fresh
1594 3764 107 25 Butter,

1307 3800 161 52 ALWAYS
1484 3806 29 17 on
1529 3798 49 23 Sale
1593 3801 25 20 at
1634 3798 38 21 the
1682 3798 65 22 Meat
1758 3797 134 29 Company's

1385 3827 116 29 premises.

1256 3861 22 5 —
1577 3851 37 23 W.
1630 3851 103 27 Flyoer,
1749 3851 115 28 Manager.

1310 3906 68 50 ON
1394 3904 87 25 SALE,
1496 3908 24 17 at
1530 3903 43 22 this
1584 3902 73 25 office,
1668 3901 70 23 blank
1749 3902 57 23 Bill
1818 3902 75 22 Boors

1385 3932 16 11 •<
1408 3932 94 21 Gazette
1538 3929 71 25 office,
1619 3929 58 22 Dec.
1686 3931 21 20 4.

1293 3956 3 34 |
1335 3960 69 26 Sugar
1413 3964 86 22 paper*,
