2460 3910
130 172 21 24 A
175 172 131 24 SKETCH
318 171 92 25 FROM
424 171 86 24 LIFE.

82 292 5 5 ~
92 290 44 24 lns
139 290 54 24 tead
204 290 26 25 of
238 291 54 23 thin
296 290 58 30 king
364 289 65 25 -what
441 289 43 24 she
487 315 2 2 .
494 287 87 26 should

59 326 64 25 have
139 326 115 25 attended
271 328 25 23 to
311 326 82 24 hefore
404 325 73 32 going
497 326 27 24 to
534 324 47 25 bed

63 366 51 26 Mrs
131 367 72 24 Dixie
230 366 84 25 thinks
337 366 25 25 of
386 365 21 25 it
434 362 147 36 aft^ward.s.

62 406 81 25 While
155 406 43 25 she
209 406 21 24 is
244 405 125 31 revolving
391 405 68 24 these
480 403 103 36 matters

61 445 28 23 m
97 444 44 24 her
153 444 77 29 mind,
243 443 49 24 and
304 443 71 26 while
387 443 88 31 snugly
483 462 4 5 .
496 441 88 35 tucked

62 488 33 24 up
106 482 27 22 m
144 481 54 27 bed,
211 482 43 22 the
263 481 40 23 old
313 488 58 17 man
382 481 22 22 is
546 479 37 23 bis

61 518 53 31 legs
125 518 26 24 m
163 518 66 24 front
240 518 26 24 of
275 517 43 24 the
323 516 51 24 'fire
385 517 48 23 and
445 516 138 29 wondering

62 556 55 24 how
129 556 30 24 he
171 556 51 25 will
235 563 47 24 pay
304 555 41 24 the
364 557 60 23 next
442 554 141 31 half-year's

64 599 63 22 rent.
322 620 3 4 .
372 598 2 5 '
393 599 5 8 '
454 620 3 3 .

99 636 122 32 Suddenly
233 636 43 24 she
293 643 62 23 says,
367 634 103 30 'James,
482 632 41 25 did
534 639 48 26 you

64 674 55 25 lock
130 674 41 25 the
184 674 58 25 door
250 675 19 23 ?'

99 732 6 9 ,
114 712 88 25 Which
212 712 81 25 door?'
303 719 54 23 says
369 710 94 24 James.'

99 760 66 24 'The
177 759 72 25 cellar
261 759 73 27 door,'
348 766 53 23 says
417 757 60 25 she,'

100 798 65 26 'No,'
177 805 55 22 says
244 797 92 23 James.
404 814 3 5 .
424 820 6 10 i

99 839 5 9 '
113 835 70 28 Well,
201 842 47 23 you
259 833 49 24 had
318 832 78 24 better
407 826 117 36 gotlown
536 829 48 24 and

64 875 54 25 lock
130 874 28 29 it;
170 874 37 25 for
218 874 13 23 I
242 873 75 24 heard
329 880 66 16 some
405 878 89 24 person
504 869 28 24 m
543 869 41 24 the

64 913 62 24 back
137 912 89 31 garden
237 911 48 24 last
296 910 88 30 night.'

97 951 164 31 Accordingly
265 959 15 16 v
283 951 84 23 James
390 949 102 31 paddles
513 947 71 25 down

55 990 51 24 .the
118 989 72 24 stairs
202 989 47 23 and
260 988 67 24 locks
342 987 41 23 the
395 987 65 23 door.
520 1004 3 3 .
542 995 8 4 -

61 1048 2 2 .
92 1027 87 25 iAboufc
190 1027 41 23 the
243 1026 58 24 time
321 1025 84 23 James
423 1026 103 29 returns^
536 1022 48 25 and

64 1064 22 28 is
97 1067 73 32 going
181 1068 25 23 to
215 1067 40 30 get
265 1066 53 23 into
339 1064 47 24 bed
402 1064 43 24 she
466 1062 117 28 remarks,

66 1111 5 10 1
78 1106 49 24 Did
137 1113 49 22 you
194 1123 2 3 .
205 1104 57 24 shut
274 1103 42 24 the
336 1102 58 25 stair
405 1101 59 25 door
471 1102 20 23 '?'

97 1145 66 27 'No,'
176 1151 55 23 says
249 1143 92 23 James.
426 1160 47 7 ...
520 1165 4 2 .

99 1177 84 32 'Well,
195 1182 21 23 if
224 1182 41 23 it's
284 1181 45 22 not
348 1177 57 26 shut
419 1177 42 26 the
473 1179 38 23 cat
533 1176 51 27 will

63 1222 41 30 get
115 1220 53 24 into
180 1219 42 24 the
235 1217 141 26 bed-room.'
438 1218 25 29 '',
500 1243 3 2 .

98 1260 58 24 'Let
167 1259 45 24 her
223 1260 40 30 g&t
273 1257 27 24 m
318 1257 77 29 then,'
416 1263 55 25 says
491 1254 92 28 James,

63 1299 177 31 ill-naturedly.

98 1336 55 32 'My
160 1335 126 30 goodness,
297 1336 50 27 no,'
358 1335 98 23 returns
466 1332 40 24 his
517 1332 66 28 wife;

64 1381 6 12 '
77 1377 70 25 she'd
155 1376 59 26 suck
225 1375 42 25 the
278 1374 59 31 baby
341 1377 23 21 'a
374 1372 101 25 breath.'

97 1417 69 24 Then
199 1416 83 24 James
314 1413 99 32 paddles
441 1411 143 25 downstairs

63 1457 73 31 again
147 1456 48 25 and
207 1457 65 30 steps
284 1462 31 16 on
333 1462 14 16 a
360 1452 63 30 tack,
437 1452 48 24 and
508 1451 75 25 closes

61 1495 43 23 the
116 1490 60 28 stair
188 1494 58 23 door
257 1492 49 24 and
317 1499 81 15 curses
417 1490 43 24 the
475 1492 47 26 cat,
535 1489 49 24 and

61 1533 134 24 returns-to
214 1531 42 23 the
270 1530 122 24 bedroom.
426 1528 57 25 Just
505 1535 27 16 as
544 1527 39 28 .he

62 1570 84 31 begins
169 1570 26 23 to
211 1567 74 26 climb
304 1568 53 23 into
383 1567 40 24 his
445 1565 76 25 couch
543 1565 40 24 his

62 1608 55 25 wife
139 1607 119 29 observes,
273 1605 24 24 'I
313 1605 80 31 forgot
414 1605 25 23 to
458 1603 70 31 bring
550 1610 33 24 up

63 1655 67 16 some
141 1647 83 24 water.
260 1643 109 32 Suppose
388 1650 46 24 you
456 1641 73 32 bring
550 1649 33 23 up

62 1693 67 18 some
140 1685 27 24 m
178 1684 42 24 the
235 1683 42 31 big
287 1684 54 23 tin.'

95 1727 32 24 So
150 1725 91 29 James,
254 1723 60 25 with
332 1732 15 15 a
365 1721 121 26 muttered
503 1728 78 22 curse,

62 1772 58 24 goes
131 1763 70 25 down
212 1763 53 24 into
277 1762 41 24 the
336 1760 59 25 dark
416 1760 99 24 kitchen
535 1759 48 25 and

63 1803 55 24 falls
135 1809 56 17 over
205 1810 14 15 a
231 1800 75 28 chair,
326 1799 49 24 and
396 1806 68 23 rasps
487 1798 33 24 all
542 1798 42 24 the

62 1840 101 24 tinware
175 1846 32 16 on
218 1838 42 24 the
351 1836 25 24 m
397 1835 84 25 search
496 1835 26 25 of
541 1835 43 26 the

63 1879 41 31 big
115 1879 45 29 tin,
174 1878 48 24 and
235 1878 60 24 then
312 1876 66 31 jerks
393 1876 42 24 the
456 1875 58 25 stair
525 1875 59 24 door

64 1924 60 24 open
136 1916 49 25 and
196 1916 84 28 howls,
294 1918 5 9 '
305 1913 88 25 Where
405 1913 41 24 the
457 1913 74 24 deuce
543 1921 41 16 are

63 1956 43 23 the
118 1955 110 24 matches
235 1956 18 21 ?'

99 1996 49 25 She
169 1996 67 31 gives
268 1995 52 22 him
339 1994 95 23 minute
454 1994 130 24 directions

64 2033 78 24 where
152 2035 30 22 to
193 2033 53 26 find
257 2032 42 24 the
311 2031 119 28 matche?,
454 2032 48 24 and
524 2032 60 24 adds

64 2073 55 26 that
123 2074 51 24 'she
193 2071 81 26 would
296 2080 85 16 sooner
404 2080 29 22 go
453 2071 48 25 and
517 2071 66 25 fetch

64 2112 42 24 the
118 2115 73 20 water
200 2110 91 24 herself
300 2110 59 24 than
372 2110 61 24 have
445 2111 42 23 the
497 2110 87 30 neigh-

64 2148 124 26 bourhood
197 2147 78 25 raised
285 2147 73 24 about
369 2148 28 24 it.
424 2147 69 24 After
504 2147 80 25 which

65 2188 84 24 James
160 2187 63 23 finds
233 2186 43 24 the
286 2186 118 28 matches,
416 2193 113 24 procures
541 2186 42 24 the

65 2227 81 27 water;
158 2224 84 25 Monies
254 2224 104 30 upstairs
370 2224 47 23 and
428 2224 103 31 plunges
546 2224 37 23 in-

65 2264 26 23 to
115 2262 54 25 bed!
202 2263 128 29 Presently
362 2261 38 24 his
433 2262 54 24 wife
520 2270 62 23 says,

65 2299 104 26 'James,
181 2299 35 25 let
228 2306 28 17 us
270 2297 60 26 hive
341 2306 33 17 an
393 2299 191 31 understanding

64 2337 75 26 about
172 2344 88 24 money
282 2338 109 23 matters.
425 2336 67 29 Now,
525 2339 60 23 next

66 2377 65 25 week
143 2377 50 25 I've
207 2379 41 29 got
259 2377 25 23 to
297 2384 46 23 pay
409 2377 5 9 '

99 2417 26 25 'I
136 2418 68 24 don't
218 2417 71 24 know
308 2416 65 24 what
384 2416 75 32 you'll
478 2417 62 26 have
559 2419 25 24 to

64 2463 55 23 pay,
138 2455 48 25 and
202 2456 68 22 don't
290 2457 71 25 care,'
384 2455 85 23 shouts
491 2456 92 30 James,

66 2501 27 17 as
104 2493 32 24 he
147 2492 95 26 lurches
253 2490 77 25 round
344 2491 47 25 and
400 2492 65 31 jams
483 2492 39 26 his
533 2492 51 26 face

66 2531 97 32 against
174 2531 42 24 the
224 2530 68 29 wall;
306 2530 45 24 'all
362 2530 13 23 I
387 2532 65 23 want
470 2530 21 26 is
501 2532 82 31 sleep.'

101 2571 97 24 'That's
209 2570 32 25 all
252 2577 56 23 very
320 2570 52 24 well
384 2570 36 24 for
435 2574 64 28 you,'
512 2579 72 23 snaps

66 2607 39 25 his
132 2607 61 28 wife,
223 2614 26 17 as
278 2607 42 24 she
342 2607 64 30 pulls
434 2608 41 24 the
503 2616 81 17 covers

66 2645 130 30 viciously;
214 2649 57 26 'you
296 2653 73 16 never
393 2645 72 25 think
492 2645 26 26 of
543 2647 41 25 the

66 2691 78 23 worry
155 2683 47 24 and
215 2682 93 25 trouble
327 2683 14 23 I
352 2683 69 29 have,
435 2684 47 24 and
495 2684 90 26 there's

66 2722 138 27 Araminta,
216 2721 55 24 Avho
283 2720 13 24 I
308 2720 122 26 believe'is
447 2722 84 32 taking
542 2723 41 25 the

66 2760 120 24 measles.'

100 2804 6 11 l
111 2800 47 24 Le.t
169 2800 43 24 her
221 2800 54 24 take
289 2801 61 27 'em,'
363 2809 54 23 says
437 2802 92 24 James.

99 2838 130 32 Hereupon
243 2838 44 25 she
304 2838 77 32 began
395 2842 24 22 to
442 2848 40 23 cry
504 2841 80 32 softly,

68 2878 42 23 but
125 2878 72 23 about
213 2877 41 24 the
272 2877 58 24 time
353 2878 83 25 James
457 2878 25 27 is.
500 2879 87 32 falling

65 2915 63 26 into.
136 2922 13 15 a
161 2915 80 30 gentle
252 2915 57 23 dose
321 2916 43 22 she
374 2917 110 29 punches
494 2917 53 22 him
558 2917 27 22 m

65 2952 43 26 the
117 2953 50 25 ribs
178 2953 59 25 with
247 2953 43 25 her
302 2953 75 26 elbow
388 2955 49 24 and
448 2962 62 24 says,
524 2956 61 24 'Did

65 3000 47 24 you
120 2993 59 24 hear
186 2993 53 24 that
247 2993 97 25 scandal
353 2993 73 25 about
433 2995 51 24 Mrs
489 2995 95 25 Jones?'

99 3035 5 10 '
112 3030 72 24 What
193 3031 75 23 Jones
275 3032 19 22 ?'
307 3039 56 22 says
374 3032 91 28 James,
475 3033 108 31 sleepily.

99 3069 84 31 'Why,
196 3069 52 25 Mrs
259 3068 92 26 Jones.'
412 3068 2 10 :

97 3113 7 10 '
112 3108 112 25 Where?'
237 3108 111 32 inquired
357 3109 90 25 James.

98 3150 25 24 'I
135 3150 109 29 declare,'
265 3157 55 23 says
343 3149 38 25 his
395 3150 60 29 wile,
470 3155 55 28 'you
544 3152 45 27 are!

63 3188 103 31 getting.
169 3195 67 17 more
255 3187 81 31 stupid
356 3196 70 23 every
442 3188 54 33 day.
517 3190 67 26 .-.-You

63 3227 71 23 know
152 3227 51 23 Mrs
224 3227 75 24 Jones
321 3228 25 22 at
368 3227 46 24 No.
438 3229 49 23 21?
512 3228 71 28 Well,

64 3264 42 25 the
117 3264 47 32 day
175 3264 81 24 before
266 3265 128 31 yesterday
407 3265 85 26 Susan.
501 3266 82 25 Smith

64 3305 51 24 told
127 3305 51 23 Mrs
190 3304 142 30 Thompson
349 3305 55 24 that
428 3305 66 25 Sani'
506 3306 80 25 Baker

63 3342 50 25 had
125 3342 51 24 said
188 3342 54 24 that
254 3341 52 25 Mrs
318 3341 75 25 Jones
405 3342 48 24 had
520 3346 5 9 '

96 3381 66 24 Hert;
174 3381 43 24 she
228 3389 87 22 pauses
330 3381 49 24 and
389 3382 95 25 listens.
501 3383 85 25 James

60 3423 23 23 is
92 3421 101 31 snoring
203 3420 27 25 m
241 3420 119 31 profound
372 3421 113 28 slumber.
517 3423 67 24 With

62 3468 14 16 a
89 3461 69 23 snort
169 3459 26 23 of
203 3466 57 23 ra<,e
271 3459 44 23 she
326 3459 64 30 pulls
402 3459 33 24 all
450 3460 41 24 the
503 3469 82 17 covers

63 3498 34 24 off
104 3497 60 29 him,
178 3503 79 24 wraps
270 3495 91 25 herself
370 3504 32 23 up
413 3496 26 24 m
449 3498 75 30 them,
537 3500 48 24 and

61 3536 45 29 Jies
124 3534 82 23 awake
230 3534 61 22 until
311 3536 47 20 two
381 3542 66 19 a.m.,
471 3536 116 31 thinking

61 3573 56 22 hbvv
129 3571 73 31 badly
213 3569 60 26 used
285 3569 44 25 she
337 3570 30 24 is.

739 166 384 39 CORRESPONDENCE.

674 298 64 20 While
747 304 36 14 our
792 300 86 19 columns
888 305 34 14 are
929 304 49 20 open
988 299 19 19 to
1018 298 30 20 all
1061 304 33 15 .we
1113 298 25 20 do
1157 300 33 17 not

697 329 87 26 identify
789 331 196 25 oursclvesioithany
990 330 92 25 opinions
1087 328 103 27 expressed

698 361 83 20 therein.

810 457 234 26 WOTHINGTON.

722 571 31 23 To
766 572 35 22 the
818 572 85 23 Editor
914 573 29 28 of
950 572 35 23 the
999 575 5 10 '
1016 571 125 24 Observer.'

673 619 49 29 Sir,
757 620 13 24 I
780 620 62 25 have
854 621 58 24 read
934 620 48 25 and
993 620 61 25 tried
1066 621 25 23 to
1102 619 85 24 under-

672 659 71 22 stand
755 659 193 30 Worthington's
959 658 130 30 Phamplet
1101 659 59 22 Talk
1168 662 21 19 to

671 706 49 15 men
729 698 47 24 and
787 698 62 25 have
858 706 67 17 come
938 700 24 22 to
985 697 41 25 the
1049 696 140 25 conclusion

671 736 54 23 that
736 736 31 23 he
779 735 40 24 did
830 737 43 22 not
884 735 86 24 intend
987 735 55 24 that
1052 735 14 23 I
1088 742 27 17 or
1131 742 58 23 any-

671 775 63 31 body
743 775 49 24 else
804 775 85 24 should
905 774 149 24 understand
1065 773 61 29 him,
1148 773 41 25 be-

671 821 72 17 cause
754 822 58 16 once
824 815 42 22 the
891 815 48 22 veil
962 813 26 23 of
1004 814 107 29 mystery
1129 813 61 23 with

672 853 79 25 which
762 852 32 25 he
804 853 22 24 is
837 852 78 25 clever
927 852 96 31 enough
1034 853 25 23 to
1069 852 119 24 surround

672 891 101 25 himself
781 891 22 24 is
813 890 142 32 penetrated
974 890 48 24 and
1039 890 59 24 with
1110 890 80 24 which

673 938 15 16 a
708 930 96 31 portion
827 929 48 24 and
894 928 181 31 unfortunately
1097 935 14 17 a
1132 936 56 23 very

672 967 66 32 large
753 966 96 32 portion
860 966 24 25 of
897 966 42 25 the
966 966 82 31 public
1070 973 41 17 are
1133 973 55 17 ever

671 1005 73 31 ready
774 1006 23 24 lo
812 1004 29 25 be
860 1003 156 31 humbugged
1033 1003 42 24 the
1103 1003 85 31 profits

671 1042 114 32 accuring
795 1041 62 25 fro'ni
868 1041 62 25 from
941 1041 40 25 his
992 1040 92 25 mental
1094 1040 92 33 ledger-

672 1081 94 25 demain
783 1080 76 25 would
875 1079 130 32 inevitably
1017 1087 75 16 cease.

704 1119 77 24 There
791 1119 22 23 is
835 1126 45 16 one
892 1118 71 30 thing
978 1118 56 23 that
1045 1116 87 25 strikes
1148 1125 40 16 me

670 1163 57 24 very
748 1155 89 31 clearly
858 1155 26 23 m
899 1155 101 30 reading
1015 1154 49 23 this
1074 1153 114 31 Painplet

671 1193 27 26 of
706 1196 82 21 arrant
804 1199 120 18 nonsense
935 1192 53 23 and-
1005 1192 54 23 that
1081 1192 29 28 is,
1134 1191 54 24 that

671 1231 173 31 Worthington
854 1231 23 24 is
885 1229 182 31 advancing.his
1075 1229 114 25 interests

671 1271 32 24 oh
714 1269 43 25 the
769 1276 66 18 same
845 1268 63 24 lines
920 1267 54 25 that
985 1267 45 25 Joe
1044 1266 82 26 Smith
1147 1266 41 24 did

671 1307 37 27 viz
731 1309 37 30 By
776 1307 133 32 pandering
921 1309 24 22 to
956 1307 42 23 the
1009 1306 95 24 morbid
1113 1309 75 21 tastes

671 1347 49 25 and
746 1347 129 25 lascivious
903 1346 89 24 desires
997 1350 3 12 1
1023 1345 26 25 of
1068 1346 119 24 converts.

673 1386 192 31 Worthington's
903 1384 49 24 and
993 1384 46 24 Joe
1085 1382 103 26 Smith's

671 1426 111 32 spiritual
792 1425 131 30 marriages
934 1431 41 17 are
989 1424 52 31 just
1057 1431 31 17 on
1099 1431 16 16 a
1135 1431 52 23 par,

671 1465 57 30 only
745 1463 173 31 Wcrthington
939 1464 57 29 puts
1016 1462 41 25 the
1074 1462 89 24 matter
1174 1469 15 16 a

671 1504 63 24 little
746 1505 108 29 stronger
865 1502 32 32 by
907 1502 86 30 telling
1009 1509 30 16 us
1050 1501 55 23 that
1116 1501 72 24 when

671 1550 34 17 we
724 1541 61 25 have
797 1547 67 18 come
885 1541 26 22 to
933 1539 149 24 understand
1091 1539 28 29 it,
1152 1545 36 18 we

671 1579 61 25 have
743 1578 102 25 reached
867 1577 41 25 the
919 1576 142 25 realization
1072 1576 26 25 of
1107 1584 15 17 a
1132 1575 56 25 sub-

671 1620 58 24 lime
735 1619 54 28 .and
804 1617 95 32 mighty
920 1617 77 24 truth.
1116 1624 4 3 '

673 1660 73 23 Faith
757 1659 14 24 I
783 1657 86 26 should
880 1657 71 25 think
971 1665 34 20 so,
1028 1657 21 24 if
1062 1664 36 18 we
1119 1655 70 26 could

672 1699 90 26 believe
781 1697 55 26 that
852 1697 42 24 the
912 1696 98 29 Creatpr
1032 1695 79 26 would
1132 1703 56 17 con-

673 1737 103 26 descend
786 1739 25 23 to
823 1737 94 30 change
929 1744 14 16 a
953 1735 99 25 natural
1063 1735 47 25 law
1131 1737 26 23 to
1175 1743 15 16 a

673 1777 112 31 spiritual
804 1782 46 18 one
882 1774 101 25 because
1016 1774 173 31 Worthington

673 1821 54 23 says
741 1812 104 25 '"When
861 1812 51 24 this
924 1812 68 24 truth
1004 1812 22 24 is
1037 1812 150 27 announced,

672 1852 71 26 when
759 1851 20 25 it
789 1851 22 24 is
822 1851 96 27 known,
931 1850 71 25 when
1019 1850 21 23 it
1051 1850 21 24 is
1084 1850 77 28 lived,,
1168 1850 20 24 it

673 1892 49 24 will
732 1890 48 25 win
788 1889 43 25 the
838 1889 82 24 world.
953 1889 51 24 But
1014 1889 33 24 he
1057 1888 49 25 lost
1123 1889 65 31 sight

673 1930 25 25 of
708 1930 42 25 the
759 1929 50 25 fact
819 1929 55 25 that
885 1928 70 25 when
974 1929 40 24 his
1041 1928 107 25 doctrine
1166 1929 22 24 is

673 1967 91 26 carried
765 1975 2 5 1
774 1969 42 22 out
828 1969 24 21 to
865 1967 41 22 the
917 1965 51 29 full,
981 1966 67 23 there
1060 1966 48 23 will
1119 1965 28 24 be
1155 1974 33 15 no

672 2007 74 26 world
757 2008 25 23 to
804 2007 45 25 win
854 2024 5 11 ,
874 2007 82 24 unless
978 2006 42 24 the
1047 2013 96 24 process
1165 2005 26 24 of

672 2045 165 31 recuperation
859 2052 57 24 goes
938 2052 39 22 on,
999 2052 36 21 on,
1057 2044 42 24 the
1127 2043 60 25 Dar-

672 2086 90 25 winian
772 2092 94 24 process
883 2085 29 31 by
918 2083 202 33 .manufacturing
1131 2091 57 17 men

673 2125 42 23 out
732 2123 26 23 of
776 2122 123 31 monkeys.
908 2136 97 8 .

927 2170 78 25 Yours
1018 2171 41 24 &c.

901 2235 11 3 ..
1017 2214 107 24 Eeadee.
1145 2237 5 2 .

673 2340 179 27 WATCHING
875 2340 113 26 THREE
1010 2340 112 27 YEARS
1144 2340 45 25 BY

752 2382 24 23 A
789 2380 169 27 MOTHER'S
982 2381 125 25 GRAVE.

704 2462 24 25 A
755 2463 185 30 correspondent
967 2463 26 23 of
1026 2470 14 16 a
1063 2464 125 30 Shanghai

670 2500 103 33 journal,
801 2501 97 32 writing
919 2501 62 25 from
1003 2500 129 34 Kiukiang,
1156 2511 32 16 on

672 2540 42 25 the
731 2540 115 32 Yangtse,
865 2540 122 25 mentions
1009 2540 55 25 that
1085 2540 32 25 he
1138 2540 49 25 had

673 2587 56 17 seen
741 2588 14 15 a
767 2580 65 30 sight
844 2580 79 24 whwh
934 2580 21 23 is
977 2582 43 22 not
1042 2580 66 24 often
1131 2588 57 17 seen

673 2626 59 17 even
742 2619 27 24 m
781 2618 85 25 China.
901 2618 59 25 This
976 2619 21 24 is
1019 2626 15 17 a
1053 2626 58 17 man
1133 2619 54 26 who

672 2657 45 24 has
733 2657 73 24 taken
818 2665 14 16 a
842 2664 51 17 vow
905 2659 25 22 to
941 2657 78 24 watch
1031 2656 68 25 three
1118 2666 69 22 years

672 2697 31 31 by
715 2697 39 24 his
765 2697 117 24 mother's
894 2704 79 23 grave.
1007 2697 51 24 The
1070 2697 55 31 lady
1134 2697 54 24 died

672 2737 25 23 at
706 2735 42 25 the
759 2735 46 25 end
816 2735 26 25 of
851 2735 48 25 last
909 2743 63 22 year,
985 2735 47 25 and
1044 2743 49 17 was
1104 2735 83 25 buried

672 2775 26 16 a^
711 2767 75 32 usual,
798 2775 31 16 on
840 2767 42 24 the
894 2767 50 24 side
960 2767 25 24 of
1005 2775 14 16 a
1040 2768 145 30 neighbour-

672 2807 42 31 ing
724 2807 46 24 hill
779 2807 25 23 m
820 2807 41 24 the
884 2807 83 31 family
986 2807 104 31 burying
1108 2808 77 30 place.

675 2847 76 24 When
763 2847 42 24 the
815 2847 105 24 remains
937 2846 49 25 had
997 2846 60 25 been
1076 2847 110 31 consign-

672 2884 29 25 ed
713 2887 24 22 to
746 2884 41 24 the
799 2885 68 23 earth
887 2884 41 24 the
947 2892 45 16 son
1014 2885 108 24 declared
1134 2885 53 25 that

672 2923 31 23 he
714 2922 79 24 would
804 2924 43 21 not
858 2923 66 22 leave
936 2923 42 22 the
988 2930 71 22 grave
1071 2923 37 23 for
1119 2923 67 24 three

672 2967 75 24 years,
760 2959 48 25 and
826 2967 26 17 so
863 2959 36 25 far
919 2959 45 25 has
975 2959 61 25 been
1047 2961 53 23 true
1112 2962 24 23 to
1147 2960 39 26 his

671 2999 73 25 word.
765 2994 2 7 '
789 2998 114 24 Families
923 2998 55 24 take
999 3000 71 23 turns
1087 3000 26 23 m
1134 3008 52 23 pre-

670 3037 86 30 paring
767 3037 38 22 his
814 3036 53 24 food
875 3036 49 24 and
935 3036 112 30 bringing
1056 3037 21 24 it
1088 3039 25 23 to
1124 3038 61 24 him.

672 3076 87 25 Others
770 3076 104 30 brought
886 3077 72 23 straw
979 3075 48 25 and
1049 3076 66 31 poles
1137 3077 48 25 and

672 3115 69 24 made
753 3122 14 16 a
778 3114 58 24 rude
847 3113 45 24 hut
903 3114 37 23 for
951 3113 52 24 him
1014 3114 66 32 large
1091 3116 95 30 enough

672 3156 24 24 to
708 3153 97 26 contain
822 3153 100 26 himself
940 3153 48 24 and
1010 3154 41 24 the
1073 3162 72 24 grave
1164 3156 26 25 of

671 3193 39 24 his
731 3191 104 25 mother.
880 3191 51 24 The
964 3191 80 24 writer
1061 3201 49 16 saw
1133 3194 53 23 him

670 3230 69 23 when
750 3229 31 23 he
792 3229 49 23 had
863 3229 59 23 been
945 3236 72 16 seven
1039 3231 98 23 months
1160 3233 26 22 at

670 3269 38 24 his
720 3269 61 28 task,
795 3268 48 24 and
864 3274 56 25 says
941 3267 32 25 he
1000 3268 50 25 will
1061 3271 44 23 not
1126 3277 59 18 soon

669 3308 76 29 forget
757 3307 42 23 the
819 3306 65 29 sight
906 3306 49 23 and
974 3307 79 24 smell;
1065 3308 120 25 -Around

668 3344 43 24 the
729 3344 46 23 hut
789 3343 76 26 .there
886 3351 62 15 were
976 3344 68 23 three
1063 3345 121 32 well-kept

671 3389 90 23 graves,
771 3381 43 24 tho
821 3389 20 16 ie
852 3381 27 24 of
887 3380 38 25 his
936 3381 87 28 father,
1033 3381 97 26 brother
1138 3384 48 24 and

670 3420 61 30 wife,
745 3419 45 25 and
802 3419 85 24 inside,
912 3419 53 25 that
986 3420 27 24 of
1032 3420 39 25 his
1082 3422 102 25 mother.

672 3461 95 31 During
774 3461 42 24 the
824 3460 67 24 three
901 3468 70 24 years
983 3461 25 23 of
1016 3461 38 24 his
1077 3462 57 31 vigil
1155 3463 31 24 he

671 3504 56 25 does
738 3505 43 24 not
792 3502 73 26 wash.
870 3502 105 30 himself,
988 3503 42 26 the
1039 3506 71 25 straw
1121 3513 64 26 upou

672 3542 80 23 which
762 3542 31 22 he
804 3542 43 23 lies
855 3542 22 22 is
887 3543 44 22 not
948 3543 118 27 removed,
1087 3544 32 23 he
1130 3544 56 24 does

672 3582 43 23 not
726 3581 92 31 change
829 3581 39 23 his
879 3579 91 26 clothes
997 3581 39 24 till
1063 3581 42 26 the
1127 3584 58 24 time

671 3621 45 24 has
727 3620 96 31 expired
835 3621 30 22 he
876 3619 56 25 does
943 3622 43 23 not
1008 3629 67 17 come
1095 3625 42 22 out
1160 3624 26 24 of

675 3664 42 23 the
727 3663 45 24 hut
794 3663 37 24 for
842 3683 4 2 .
852 3671 48 23 any
919 3671 69 17 cause
1011 3660 127 34 whate.ve'r,
1156 3667 31 24 he

673 3701 86 30 speaks
778 3702 25 21 to
825 3708 31 15 no
879 3708 52 16 one.
966 3701 51 24 The
1039 3702 45 23 hut
1105 3703 22 23 is
1143 3706 44 22 not

671 3741 60 31 high
743 3741 95 30 enough
846 3742 26 22 to
883 3740 69 24 allow
963 3741 52 24 him
1026 3743 25 22 to
1060 3742 72 24 stand
1143 3750 42 24 up-

670 3780 74 34 right,
756 3779 49 25 and
814 3780 22 25 is
840 3779 64 35 'only
919 3788 15 17 a
960 3781 46 25 few
1032 3781 48 26 feet
1101 3782 84 33 longer

1273 182 60 24 than
1360 180 106 25 himself.
1623 189 45 17 can
1701 184 87 31 faintly

1271 220 105 31 imagine
1388 220 42 24 the
1441 219 107 26 foulness
1567 220 27 24 of
1614 222 59 24 such
1696 230 14 16 a
1733 223 55 28 den,

1272 258 47 24 and
1329 258 40 25 the
1378 258 122 23 condition
1513 258 26 23 of
1554 266 32 16 an
1612 260 108 24 unshorn
1746 260 44 25 hu-

1272 304 57 16 man
1348 297 73 29 being
1442 295 60 24 after
1524 297 60 24 such
1611 305 30 16 an
1661 298 128 30 existence;
1820 298 2 25 i

1272 335 65 24 what
1347 335 31 24 he
1390 333 50 26 will
1451 333 29 25 be
1496 334 47 25 like
1555 337 25 23 at
1600 335 41 25 the
1653 337 48 24 end
1712 337 26 25 of
1747 338 42 25 the
1820 337 2 26 !'

1273 373 111 24 Summer
1393 373 14 23 I
1416 373 89 24 cannot
1516 372 119 25 conceive.

1303 475 63 30 Why
1376 476 42 23 the
1430 474 90 30 weekly
1528 475 55 24 half
1591 476 97 31 holiday
1699 478 21 24 is
1733 478 53 31 only

1270 511 101 32 granted
1382 512 24 23 to
1418 511 128 25 assistants
1564 512 26 24 m
1609 512 73 32 shops
1710 514 79 25 where

1270 549 74 31 goods
1355 557 40 16 are
1405 549 51 24 sold
1463 549 31 31 by
1501 550 70 24 retail
1580 551 48 24 and
1637 553 43 23 not
1686 551 26 25 m
1720 559 70 24 every

1270 595 54 17 case
1341 587 80 24 where
1432 587 128 25 assistants
1583 596 40 17 are
1646 590 107 30 engaged
1767 591 21 23 is

1270 627 82 25 rather
1373 626 120 32 puzzling.
1530 627 72 25 Some
1623 631 99 29 paronts
1748 638 41 16 are

1268 666 52 30 just
1329 674 26 15 as
1367 673 79 16 severe
1463 673 66 22 upon
1541 665 63 25 their
1615 674 53 16 own
1679 667 110 25 children

1270 712 27 16 as
1308 711 41 17 are
1360 703 70 25 other
1442 704 135 31 employers
1588 712 65 23 upon
1666 705 122 32 strangers

1270 742 26 23 m
1308 741 64 25 their
1384 741 98 25 service.
1516 742 22 23 I.
1541 741 61 25 have
1614 743 42 24 the
1675 745 114 23 warmest

1272 780 127 32 sympathy
1421 781 37 25 for
1480 780 42 25 the
1543 782 136 31 struggling
1701 782 87 30 trader,

1271 819 74 22 but.it
1355 819 21 22 is
1385 819 82 25 unfair
1489 819 25 22 of
1540 827 75 23 many
1637 820 26 23 of
1672 820 83 28 them,
1763 822 25 22 to

1272 859 61 22 treat
1344 857 62 24 their
1414 858 115 32 offspring
1538 866 26 17 as
1571 859 58 30 tbey
1638 859 38 24 do.
1710 860 79 25 There

1270 896 21 24 is
1300 904 15 16 a
1326 895 71 25 wider
1406 895 48 25 and
1462 904 66 17 more
1535 898 99 30 general
1642 897 147 32 application

1271 935 26 25 of
1306 935 42 25 the
1359 935 122 25 Factories
1493 935 43 25 Act
1549 936 48 25 and
1617 937 66 31 Shop
1700 938 89 26 Assist-

1272 974 55 23 ants
1338 972 46 25 Act
1394 973 27 24 m
1433 975 70 26 stole,
1515 973 21 25 if
1545 974 67 24 these
1634 974 59 26 Acts
1703 983 42 17 are
1764 979 26 22 to

1271 1012 114 25 continue
1395 1012 27 25 m
1433 1013 124 30 operation
1565 1014 95 30 against
1668 1022 58 18 men
1734 1015 55 26 who

1270 1052 64 24 have'
1354 1052 107 25 hitherto
1480 1050 94 27 treated
1595 1053 63 25 their
1680 1057 109 23 servants

1271 1093 62 25 well;
1352 1090 4 16 ;
1367 1092 52 25 The
1435 1094 82 23 recent
1528 1093 138 32 legislation
1685 1103 50 17 was
1745 1097 43 23 not

1270 1138 128 23 necessary
1409 1130 26 24 m
1447 1130 63 24 their
1522 1139 73 21 cases,
1604 1132 49 24 and
1661 1132 49 26 will
1716 1141 74 24 prove

1253 1184 6 3 -
1271 1169 128 31 harassing
1410 1171 25 23 to
1444 1170 68 24 them
1524 1177 60 18 now.
1745 1177 6 19 :

1253 1276 3 3 .
1304 1250 73 26 Some
1387 1259 82 23 young
1484 1250 76 26 ladies
1582 1252 27 25 m
1620 1260 15 17 a
1654 1252 91 26 suburb
1766 1254 27 26 of

1253 1315 5 3 .
1270 1290 104 24 London
1385 1290 59 31 keep
1467 1299 32 23 up
1519 1294 113 23 constant
1651 1301 139 24 correspon-

1271 1328 74 23 dence
1366 1328 32 30 by
1420 1336 85 17 means
1527 1329 26 24 of
1573 1330 88 24 carrier
1680 1331 110 31 pigeons.

1270 1368 68 31 They
1359 1367 53 25 find
1444 1368 64 25 their
1534 1376 54 18 new
1610 1369 59 25 kind
1691 1370 26 26 of
1736 1372 55 31 post

1270 1414 105 17 answers
1387 1406 140 32 admirably,
1541 1407 48 25 and
1606 1408 57 32 they
1685 1417 41 17 are
1747 1411 44 25 not

1270 1447 125 24 restricted
1406 1447 31 30 by
1448 1447 60 26 time
1520 1455 27 17 as
1563 1448 58 32 they
1631 1448 81 26 would
1722 1448 28 27 be
1772 1450 21 24 if

1270 1485 59 31 they
1350 1484 59 25 used
1431 1485 42 24 the
1496 1485 59 26 Post
1585 1487 49 24 and
1654 1487 136 34 Telegraph

1272 1523 87 25 offices.

1251 1561 11 21 >'
1304 1561 103 25 Women
1429 1561 104 26 dentists
1570 1563 63 26 have
1654 1565 89 31 proved
1764 1573 27 18 so

1251 1622 3 4 .
1270 1601 103 32 popular
1383 1601 27 25 m
1419 1601 105 26 London
1541 1603 54 25 that
1607 1612 14 16 a
1640 1605 151 33 scholarship

1270 1639 46 25 has
1325 1639 63 27 been
1399 1640 106 25 founded
1515 1641 37 25 for
1564 1642 114 33 assistiug
1696 1651 96 18 women

1271 1678 102 23 without
1392 1686 85 16 means
1496 1678 26 24 m
1534 1679 42 23 the
1585 1701 3 3 ,
1599 1681 71 30 study
1691 1681 28 24 of
1738 1682 54 24 that

1270 1715 143 32 profession.

1452 1812 155 31 INQUEST.

1362 1915 2 5 ,
1409 1920 3 3 .
1453 1895 108 32 London,
1574 1897 134 30 November
1720 1899 44 26 19..

1305 1937 52 26 The
1373 1937 57 33 jury
1446 1941 114 23 returned
1576 1948 15 16 a
1607 1942 91 25 verdict
1715 1942 26 25 of
1754 1943 34 24 in-

1273 1978 80 31 sanity
1364 1978 26 23 m
1402 1978 42 24 the
1448 1996 3 14 ;
1455 1986 54 17 case
1520 1979 27 24 of
1564 1980 52 26 Mxs
1628 1981 96 31 Maude,
1736 1982 52 26 who

1273 2014 140 26 committed
1441 2016 90 25 suicide
1555 2017 51 25 this
1633 2017 73 27 week.
1741 2020 47 27 She

1273 2061 48 16 was
1322 2054 3 12 :
1337 2052 42 26 the
1395 2054 213 31 daughter-in-law
1635 2057 26 24 of
1688 2057 100 26 General

1273 2090 95 30 Maude,
1378 2091 113 33 formerly
1499 2092 110 33 Equerry
1621 2094 26 24 of
1654 2094 42 26 the
1706 2096 82 26 Prince

1273 2129 26 24 of
1310 2129 90 24 Wales.
1414 2135 4 11 ;

1273 2176 68 25 THE
1374 2176 125 27 THIRSK
1522 2178 156 27 RAILWAY
1705 2179 83 28 ACCI-

1480 2221 100 23 DENT.

1305 2304 32 25 At
1351 2306 39 24 the
1406 2306 97 33 inquest
1520 2315 31 17 on
1569 2308 68 25 those
1665 2310 73 25 killed
1764 2311 28 25 m
1805 2323 4 14 ,

1273 2344 41 25 the
1327 2344 19 25 T
1350 2346 3 23 I
1359 2344 55 26 drsk
1425 2346 99 32 railway
1546 2348 109 26 accident
1679 2350 40 25 the
1737 2340 96 43 jnry-f^i

1272 2385 182 25 recommended
1477 2386 55 25 that
1550 2388 71 29 night
1634 2388 59 33 duty
1704 2390 87 26 should
1806 2384 2 13 ;
1818 2383 9 20 ''

1272 2423 28 26 be
1312 2424 94 25 limited
1416 2426 26 24 to
1453 2425 66 31 eight
1530 2426 83 27 hours.

520 57 165 33 OXFORD
724 58 86 31 AND
852 58 103 32 GUST
997 58 222 34 OBSERVER
1241 58 227 38 SATURDAY,
1508 60 232 31 NOVEMBER
1762 62 47 42 26,
1832 62 88 32 1892.

64 3650 100 24 Printed
174 3676 1 1 .
187 3650 54 24 and-
274 3648 174 34 PubKsl.ed.l.y
474 3652 113 26 Tlichakd

98 3683 104 23 Uoi-man
223 3682 98 28 Parish,
345 3683 26 23 at
388 3683 39 24 his
446 3683 138 31 ilegisterecl

93 3714 117 29 .Printip?
221 3714 82 26 (^gp,,
326 3714 66 30 Hi>b
417 3716 86 25 Btreet.
517 3718 70 26 ,'East

98 3745 97 27 Oxford.
206 3747 14 24 (.
218 3746 5 12 l
225 3746 128 26 apterburv
461 3746 3 10 '

173 3790 133 30 Saturday,
327 3791 183 28 Novbmbeb26.

1880 836 49 30 All
1944 838 95 32 Work
2052 840 79 31 done
2140 852 39 20 on
2188 842 53 31 the
2251 843 148 32 Premises

2001 887 60 30 and
2082 890 195 37 guaranteed.
2413 894 24 27 A

2045 953 130 26 NOTICE.
2325 964 13 8 -

1878 991 14 25 I
1900 993 56 24 wish
1968 996 24 22 to
2003 995 85 26 inform
2100 1005 39 23 my
2150 998 90 25 Oxford
2250 998 86 26 friends
2351 1002 48 22 and

1879 1025 50 38 the_
1936 1027 91 30 general
2047 1028 83 25 Public
2147 1030 52 24 that
2217 1038 39 23 my
2279 1031 119 33 Rangiqra

1881 1058 102 26 business
1995 1060 40 25 has
2046 1061 117 26 increased
2175 1066 24 22 to
2211 1064 56 25 such
2279 1073 30 16 an
2319 1059 80 31 extent
2436 1072 1 17 i

1879 1090 52 25 that
1941 1092 14 24 I
1962 1092 58 25 shall
2031 1094 27 24 be
2070 1096 84 24 unable
2162 1098 25 22 to
2195 1096 54 25 visit
2258 1097 88 26 Oxford
2355 1102 82 31 un-Aj

1879 1124 38 24 till
1926 1124 92 26 further
2025 1127 82 26 notice.
2114 1143 11 3 -
2173 1129 40 29 AH;
2232 1131 65 29 w^qrk
2307 1132 91 30 sefit-by
2394 1123 7 11 /
2415 1120 22 37 I

1881 1156 108 25 Griffiths
2000 1159 65 29 Bro.,
2078 1160 107 28 Carriers,
2196 1161 48 24 will
2251 1164 84 22 receive
2345 1172 52 22 pro-
2416 1153 21 35 1

1879 1191 54 30 mpt
1938 1191 123 26 attention.
2073 1191 22 26 A
2103 1192 63 32 large
2176 1191 77 28 Stock'
2256 1194 25 25 of
2289 1194 108 27 Watches
2415 1184 22 37 1

1880 1223 46 24 and
1943 1223 162 33 Jewelleryoh
2115 1226 72 25 hand.
2268 1229 18 16 '
2302 1230 76 21 ::>:>::;.
2413 1226 24 23 M

2024 1268 66 27 GUS
2107 1269 113 32 JONESj
2239 1271 125 32 Rangiora.
2396 1250 41 52 -/'

2016 1357 8 6 -
2051 1349 97 34 ISTE
2152 1350 7 16 :
2159 1350 52 33 W
2211 1347 28 20 r:
2279 1348 53 22 '

1884 1397 516 84 SPRINfi^SUMMER

2040 1484 224 48 DEA.PERY.'

1942 1565 2 2 .
1957 1567 2 1 .
2121 1555 38 16 mm?

1929 1593 57 44 R.
2016 1593 63 46 H.
2109 1594 248 46 PARISH

1882 1648 85 57 HAS
1999 1649 76 26 NOW
2109 1651 137 25 OPENED
2279 1651 45 26 UP
2351 1651 50 26 and

1957 1683 75 30 ready
2047 1684 37 22 for
2100 1684 144 30 inspection,
2270 1684 40 24 his
2333 1685 67 25 First

2054 1715 129 33 Shipment
2199 1716 27 25 of

1882 1756 305 29 FASHIONABLE
2205 1760 194 26 DRAPERY

2043 1802 109 27 GOODS
2180 1804 66 24 FOR

1936 1844 80 26 THE.
2032 1845 154 36 PRESENT
2215 1846 138 29 SEASON-
2409 1851 28 22 s

1898 1886 123 26 Imported
2055 1886 102 31 Direct.,
2179 1884 203 42 Fro^4^Lqni)ON

1976 1938 33 17 ex
2024 1939 33 18 s.s
2075 1916 239 46 "RIMUTAKA^'

1904 1987 15 6 ..
1945 1988 2 3 .
2015 1990 3 2 .
2042 1992 1 4 ;
2135 1968 45 25 if-.
2219 1965 46 30 '.T"
2278 1963 53 18 '''

1914 2007 52 27 The
1983 2007 146 28 assortment
2144 2008 22 29 is
2182 2018 58 26 very
2261 2007 72 35 large,
2350 2011 48 27 and

1881 2042 130 31 comprises
2028 2042 34 26 all
2062 2037 3 17 5
2077 2040 43 28 the
2142 2043 98 27 Newest
2270 2044 75 27 ibods
2361 2046 38 25 for

1881 2085 43 27 the
1941 2087 99 26 Season.
2072 2086 3 6 '
2206 2089 3 7 '
2227 2086 46 19 -''-

1926 2160 73 29 Cases
2014 2160 54 26 and;
2080 2162 76 25 Bales,
2169 2162 180 33 containing;--

1881 2203 125 27 Domestic
2022 2204 99 27 Printed
2138 2206 129 32 Cottons:;:
2276 2207 121 34 Shirtings

1914 2248 69 32 Ndvy
1994 2249 53 24 Red
2051 2249 51 26 and
2107 2247 92 35 'Indigo
2211 2251 88 29 Prints;
2312 2252 89 34 Greyss

1912 2290 106 26 Printed^
2023 2291 176 26 Flannellettes
2206 2301 6 21 ;
2225 2293 91 26 Woven
2327 2294 69 25 Dim-

1841 2330 3 6 I
1841 2319 227 59 0$00^j^.-
2096 2334 101 39 Panted
2218 2336 68 30 ditto,
2307 2334 88 28 Chintss

1841 2360 311 54 'Tf-^SM^mM^^^
2162 2373 75 32 Cr^pe
2249 2373 130 27 Cretonnes
2389 2383 30 28 ',^

1870 2418 4 11 :
1914 2407 222 39 TwiiiiOretonnes,
2157 2416 116 31 S^tgeaSj:
2273 2431 31 16 i::
2330 2444 9 3 ..

1945 2458 72 25 Cases
2028 2459 54 25 and;
2088 2456 238 35 BaleSjCpiitslining':

1850 2501 121 26 -Cotton
1987 2503 88 30 Honey
2091 2494 204 46 Con^bJJJ|Qwels,
2321 2501 109 29 Table^

1915 2544 117 33 Napkins,
2050 2533 199 58 Roug^^P^n'
2255 2548 123 28 -Hollands
2387 2557 7 21 ;

1915 2589 87 24 Cream
2013 2580 215 39 Hollandsj^iiiek
2236 2592 48 24 and
2294 2592 101 26 Colored

1913 2631 96 25 French
2025 2632 127 29 Merinoes,
2186 2633 74 25 Dress
2282 2634 111 29 Muslins,

1913 2670 95 25 Ladies'
2021 2670 47 25 and
2075 2670 94 25 Gents.'
2182 2671 78 25 Linen
2269 2672 124 25 Handker-

1914 2713 81 29 chiefs,
2004 2739 2 3 ,
2022 2714 135 31 jNainsook;
2179 2714 106 26 Muplins
2289 2722 6 21 ;
2331 2715 63 25 Mull

1913 2750 112 30 Muslins,
2055 2751 83 32 Fancy
2150 2752 119 31 Skirtings
2277 2763 6 19 ;
2308 2776 2 7 T
2312 2752 82 27 Teibet

1915 2787 128 33 Skirtings,
2049 2808 3 2 .
2062 2788 87 25 Nunns
2166 2788 116 33 VeihiigK-
2403 2787 19 22 <

1933 2827 72 26 Cases
2022 2827 48 26 and
2087 2828 74 25 Bales
2178 2828 151 34 Containing:

1880 2868 99 26 Printed
1995 2869 128 30 Moleskin,
2142 2869 66 26 Drab
2225 2870 86 25 Cotton
2323 2870 71 30 Cord,

1912 2907 76 24 Black
2018 2907 108 29 Saleens,
2148 2904 4 14 :
2155 2907 103 31 Silesias,
2287 2909 107 32 Finlay's

1913 2949 70 25 Twill
2004 2949 135 31 Sheetings,
2163 2950 106 25 Circular
2295 2948 101 29 Twilled

1912 2992 84 24 Pillow
2012 2992 95 30 Cotton,
2211 2992 112 33 Zephers,
2336 2984 83 35 Gal-^

1912 3032 56 23 atea
1980 3029 99 30 Checks;
2094 3030 101 25 Galatea
2205 3030 100 32 Stripes;
2312 3032 84 32 Fancy

1913 3068 99 25 Cunard
2040 3068 99 32 Stripes,
2175 3069 100 25 Colored
2302 3069 94 26 Canvas

1874 3112 3 4 '
1913 3107 81 30 Gloth,
2004 3107 96 33 Turkey
2110 3107 70 29 Twill
2187 3107 95 32 Cotton,
2284 3095 148 47 Women'/

1912 3145 88 28 Cotton
2016 3145 80 30 Hose,-
2115 3145 80 28 Men's
2208 3147 117 28 Shetland
2336 3148 58 26 Cot-

1912 3186 42 25 ton
1967 3184 81 25 Shirts
2060 3184 48 25 and
2118 3185 84 25 Pants.
2215 3206 3 9 ;
2232 3213 6 7 v
2263 3199 3 12 :
2297 3213 3 3 .
2356 3205 3 3 .

1940 3224 72 25 Cases
2025 3224 48 25 and
2084 3225 73 25 Bales
2173 3226 146 32 containing:

1881 3263 132 25 Unionand
2023 3263 79 26 Linen
2114 3263 77 31 Ticks,
2212 3264 82 32 Apron
2305 3265 89 32 Check,

1912 3307 62 26 Fine
1993 3307 70 26 Twill
2084 3307 68 33 Grey.
2167 3308 80 26 Calico
2259 3309 137 34 Sheetings,

1912 3345 128 25 Imitation
2062 3345 83 26 Welsh
2161 3368 3 14 ,
2175 3341 121 32 Flannel/
2314 3349 83 25 White

1913 3382 87 31 Quilts,
2018 3383 108 26 Harness
2133 3382 13 33 '
2146 3382 91 33 Covers,
2239 3386 5 9 1
2248 3385 56 25 Rail
2316 3386 80 34 Stripe

1913 3422 99 29 Cotton;
2027 3423 81 31 Hemp
2126 3420 125 36 Mattings,
2266 3422 37 38 ;/'
2346 3423 12 18 J

1936 3463 74 25 Cases
2019 3463 48 25 and
2075 3462 73 28 Bales
2156 3465 150 33 containing:

1880 3502 77 26 Black
1968 3503 48 25 and
2028 3503 102 28 Colored
2142 3501 52 30 Silk
2209 3505 96 32 Gloves,
2322 3506 75 27 Swiss

1912 3542 122 32 Edgings;
2045 3544 142 29 Insertions,
2187 3545 5 15 o
2199 3545 63 25 Lace
2274 3546 122 32 Curtains,

1913 3579 146 31 Umbrellas,
2067 3579 104 32 Corset's,
2182 3581 77 29 Mehs!
2269 3584 55 25 Felt
2332 3584 66 27 Hats

1911 3620 161 33 Floorcloths,
2084 3622 111 26 Harvard
2204 3623 118 34 Shirting,
2335 3624 61 27 Stri-

1911 3659 48 31 ped
1987 3660 136 26 Grandrille
2150 3661 115 32 Shirting,
2286 3659 128 37 JStripedV

1912 3698 105 32 Regatta
2027 3700 118 33 Shirting,
2155 3701 114 30 Flowers,
2274 3696 13 34 '
2287 3696 110 34 Feathers

1881 3735 156 26 ::Trininied
2062 3738 57 24 and.
2133 3738 156 27 Unfcrimmed
2324 3741 73 29 Hats,
2415 3729 14 20 *

1911 3775 97 27 Newest
2018 3778 93 32 Shapes
2119 3786 9 23 ;
2137 3797 3 6 ;
2143 3779 42 25 the
2206 3780 90 32 largest
2324 3782 75 26 Stock

1910 3814 28 27 of
1947 3815 54 28 Silk
2009 3815 109 29 Ribbons
2125 3818 26 26 m
2159 3817 80 30 North
2248 3816 151 39 Canterbury

1353 2502 53 45 F.
1428 2504 54 43 B.
1513 2504 191 49 LANE.

1315 2601 3 2 .
1375 2571 88 39 (Late
1477 2573 35 30 E.
1529 2572 157 42 Butclier.)
1706 2605 2 3 .

1280 2617 439 43 Watchmaker^Jeweller,
1736 2624 43 30 &c

1270 2664 119 32 Importer
1416 2666 26 24 of
1478 2667 102 25 Musical
1618 2669 170 31 Instruments,

1271 2704 106 24 Victoria
1395 2706 37 28 St,
1449 2705 130 33 Eangiora.

1272 2763 130 31 fcpeciality
1410 2773 5 16 :
1449 2766 27 22 m
1484 2767 104 30 superior
1599 2768 106 32 English
1712 2770 78 24 Lever

1270 2800 113 26 Watches
1393 2802 27 25 m
1432 2804 67 24 extra
1510 2805 83 31 strong
1604 2813 65 18 cases
1681 2807 70 26 made
1762 2808 26 25 to

1270 2846 41 25 my
1322 2838 70 26 order
1403 2841 24 23 to
1439 2840 48 26 suit
1506 2841 41 25 the
1568 2843 176 31 requirements
1766 2847 27 24 of

1270 2876 51 25 this
1338 2877 100 25 district.

1303 2924 28 22 F.
1345 2925 28 22 B.
1386 2925 68 23 Lane
1466 2926 67 23 visits
1557 2927 89 24 Oxford
1668 2930 120 31 monthly,

1272 2963 93 31 staying
1372 2965 25 23 at
1409 2964 132 26 Mitchell's
1556 2966 121 34 Boarding
1696 2968 94 27 House.

1271 3001 41 25 All
1322 3003 90 31 repairs
1423 3012 38 15 are
1473 3005 62 24 done
1543 3005 75 26 under
1628 3015 42 24 my
1679 3009 110 31 personal

1270 3043 156 28 supervision,
1451 3045 45 22 and
1519 3045 13 23 I
1555 3051 130 25 guarantee
1719 3048 70 24 satis-

1268 3080 99 26 faction.
1400 3082 45 25 All
1456 3082 97 34 jobbing
1561 3085 44 25 left
1621 3090 25 21 at
1668 3085 122 28 Weeber's

1271 3118 82 33 Fancy
1364 3120 149 33 Eepository,
1536 3123 61 24 East
1620 3123 98 31 Oxford,
1740 3127 49 24 will

1270 3160 90 25 receive
1372 3168 41 25 my
1424 3160 53 26 best
1488 3163 120 26 attention
1626 3164 48 25 and
1693 3173 96 18 reason-

1270 3199 54 25 able
1334 3202 71 23 rates.

1282 3250 3 12 :
1303 3246 115 25 Caution.
1452 3248 38 24 No
1501 3250 141 24 connection
1661 3252 59 23 with
1743 3260 47 25 any

1270 3285 70 26 other
1352 3286 59 33 shop
1423 3287 28 25 of
1466 3287 93 27 similar
1569 3290 106 26 address.

1366 3386 38 12 ,-.,-.
1436 3369 21 24 A
1475 3369 131 34 Speciality
1625 3393 2 3 .

1270 3404 102 25 MEN'S
1386 3406 94 25 SUITS
1496 3409 71 23 made
1585 3412 25 21 to
1628 3410 161 26 MEASUEE

1303 3443 62 25 Over
1372 3444 47 27 10Q
1431 3444 113 28 Patterns
1555 3447 26 25 of
1590 3447 103 33 Kaiapoi
1703 3448 87 28 Tweed

1303 3484 24 22 to
1345 3483 93 26 Choose
1454 3485 71 24 from.
1639 3506 1 2 .
1690 3485 3 28 [

1271 3558 65 25 ALL
1355 3560 110 27 GOODS
1493 3563 86 25 SOLD
1605 3567 26 24 at
1653 3566 139 27 Wholesale

1487 3602 90 26 Prices.

1278 3679 170 57 R.H.

1296 3752 108 22 DIRECT
1414 3755 152 22 IMPORTER
1575 3758 36 21 OF
1619 3758 141 23 DRAPERY

1371 3799 104 33 EAST
1518 3802 177 34 OXFOED.
