2550 4010
1455 2249 120 21 LATEST
1589 2250 107 20 DATES.

1286 2279 96 24 London
1648 2279 63 31 Aug.
1725 2280 41 26 24,
1791 2281 9 21 1
1808 2282 58 21 840.

1283 2313 92 30 Sydney
1647 2311 60 25 Nov.
1727 2314 42 26 25,
1794 2315 9 21 1
1810 2315 58 21 8-10.

1283 2346 47 31 Bay
1343 2345 26 24 of
1385 2344 91 25 Islands
1647 2345 59 24 Dec.
1744 2346 23 28 9,
1794 2348 73 21 IS4O.

1283 2379 50 23 Van
1345 2378 121 25 Dieraan's
1479 2378 67 24 Laud
1570 2395 55 7 ....
1649 2378 59 24 Nov.
1730 2380 40 27 12,
1796 2381 73 22 1840.

1284 2412 54 26 Port
1352 2411 87 31 Phillip
1648 2412 54 23 Oct.
1729 2414 40 26 21,
1795 2414 11 21 1
1812 2414 57 22 840.

1283 2444 108 24 Adelaide
1648 2445 54 23 Oct.
1730 2447 40 23 17.
1798 2447 71 22 1840.

1282 2503 92 38 New
1405 2503 215 38 Zealand
1651 2503 216 38 Gazette

1282 2541 71 10 AND
1376 2541 234 10 WELLINGTON
1633 2541 234 10 SPECTATOR.

1327 2564 69 22 AND
1411 2564 214 22 WELLINGTON
1639 2565 184 21 SPECTATOR.

1420 2618 130 26 Saturday,
1568 2618 53 22 Jan.
1635 2620 21 24 2,
1672 2620 60 21 1840.

1892 127 46 24 will
1956 127 29 23 be
2003 134 55 16 seen
2074 126 49 24 Mr.
2137 126 84 23 Brown
2232 133 91 24 proves,
2339 125 50 24 like
2401 133 33 16 an.
2441 132 45 17 un-

1894 160 79 24 skilful
1986 160 116 28 advocate,
2118 166 64 16 more
2194 159 54 23 than
2261 158 179 31 should-appear
2450 159 38 23 for

1895 193 36 24 the
1939 194 95 21 interest
2041 192 26 23 of
2074 192 36 23 his
2118 192 78 24 client.
2231 192 49 23 Not
2288 199 42 15 one
2338 191 62 23 word
2408 191 20 23 is
2438 191 49 24 said

1895 226 24 23 of
1935 226 38 22 the
1991 226 63 30 large
2072 225 96 23 number
2185 225 77 23 whose
2279 229 58 19 term
2349 225 26 22 of
2389 225 98 30 punish-

1895 264 63 18 ment
1969 259 20 22 is
2001 258 108 30 annually
2121 259 113 30 expiring,
2250 257 45 24 and
2302 258 77 23 whose
2390 257 98 24 number

1896 292 45 22 will
1954 291 168 23 henceforward
2132 291 27 23 be
2170 292 108 30 annually
2288 291 84 30 larger.
2405 291 84 30 Surely

1897 325 52 30 they
1958 332 36 15 are
2003 324 92 23 allowed
2105 328 23 18 to
2137 324 44 22 live
2189 325 23 22 in
2221 325 38 22 the
2267 330 68 22 town,
2345 324 44 23 and
2401 324 88 31 though

1897 359 47 23 free
1952 358 43 22 will
2008 365 65 15 cease
2085 361 41 18 not
2133 361 23 18 to
2164 357 28 22 be
2200 365 27 14 an
2237 358 74 30 object
2318 358 26 22 of
2352 357 75 31 police
2436 365 54 15 sus-

1897 392 83 30 picion.
2005 390 50 23 The
2065 391 47 22 free
2120 397 53 15 man
2186 391 20 21 is
2217 394 22 19 to
2248 391 28 22 be
2287 391 74 22 better
2372 391 116 30 protected

1898 426 56 21 from
1966 423 175 24 contamination
2149 423 56 23 than
2213 431 59 19 ever,
2285 424 61 22 since
2359 424 18 22 it
2382 423 42 23 has
2432 424 58 23 been

1899 457 138 23 determined
2050 465 27 15 no
2090 457 78 29 longer
2180 461 24 18 to
2215 457 78 29 assign
2302 457 101 22 convicts
2411 466 5 19 ;
2437 457 54 30 they

1899 498 37 15 are
1947 497 50 16 now
2010 495 22 18 to
2044 490 28 23 be
2085 489 118 31 employed
2215 497 28 16 on
2256 489 77 31 public
2343 489 77 23 works
2428 490 61 30 only.
2497 513 2 4 .

1900 523 46 23 Mr.
1955 523 81 23 Brown
2054 523 80 23 knows
2154 523 49 23 that
2222 523 45 23 this
2286 527 160 25 arrangement
2469 523 21 23 is

1899 561 38 18 not
1956 556 28 28 by
2004 555 47 24 Act
2063 555 25 23 of
2104 555 148 28 Parliament,
2272 555 39 24 the
2335 555 111 31 difficulty
2467 555 28 24 of

1898 589 116 31 repealing
2025 588 73 24 which
2111 589 73 22 would
2198 589 21 22 in
2227 588 65 24 itself
2307 589 71 23 afford
2386 597 15 15 a
2409 588 82 31 degree

1899 623 24 22 of
1938 622 108 30 security,
2065 620 46 24 and
2129 621 50 23 that
2198 621 63 24 there
2279 621 46 24 will
2344 622 28 23 be
2384 626 108 19 constant

1899 660 106 26 attempts
2028 654 66 24 made
2112 659 23 18 to
2152 659 41 25 get
2211 655 38 23 the
2269 654 35 24 old
2317 659 88 26 system
2424 655 68 31 again

1900 688 96 31 brought
2008 688 47 23 into
2068 687 60 31 play,
2142 687 73 24 which
2229 695 50 23 may
2292 693 22 17 at
2326 695 44 23 any
2389 692 104 20 moment

1899 721 29 30 by
1951 729 44 23 any
2027 720 102 24 Colonial
2154 720 121 31 Secretary
2297 721 28 22 be
2349 721 141 25 sanctioned.

1899 754 93 28 Where,
2011 754 63 28 then,
2094 754 19 23 is
2132 753 38 24 the
2189 760 122 24 guarantee
2332 754 91 30 against
2434 762 56 15 con-

1900 788 132 23 tamination
2043 787 61 23 from
2114 786 46 24 this
2171 794 88 21 source,
2276 795 27 15 on
2318 787 38 23 the
2366 795 44 15 one
2420 787 70 30 hand,

1900 821 44 23 and
1956 829 28 14 on
1996 820 38 23 the
2046 820 65 23 other
2123 828 14 15 a
2148 820 103 23 material
2264 820 86 23 decline
2363 820 24 23 in
2407 828 84 24 wages,

1900 855 28 30 by
1940 854 94 31 playing
2050 854 34 23 off
2098 853 39 23 the
2152 853 87 32 largely
2259 854 118 23 increased
2394 855 99 23 number

1900 888 24 22 of
1944 888 100 22 convicts
2062 887 90 30 against
2170 887 39 23 the
2227 887 47 23 free
2290 887 106 30 working
2415 888 77 23 class?

1900 920 47 24 Mr.
1961 921 84 22 Brown
2058 919 68 24 much
2142 920 125 24 resembles
2286 920 37 23 tb.3
2345 920 66 24 West
2423 920 69 24 India

1899 953 158 29 slave-owner,
2076 954 24 21 in
2118 953 85 31 merely
2215 953 113 23 ruodestlv*
2340 954 153 31 maintaining

1900 986 48 23 that
1971 994 13 14 a
2006 985 109 32 powerful
2134 993 68 15 cause
2220 994 52 23 may
2292 986 26 23 be
2338 987 24 22 in
2374 988 119 22 existence

1900 1019 94 22 without
2002 1019 128 31 producing
2140 1026 44 23 any
2198 1019 65 23 effect
2271 1028 6 19 ;
2295 1019 42 23 but
2354 1027 33 15 we
2399 1024 95 28 suspect

1900 1052 26 22 he
1947 1051 45 23 will
2011 1052 48 23 fiiid
2077 1053 19 21 it
2114 1052 97 22 difficult
2230 1057 22 17 to
2270 1053 108 22 convince
2391 1061 41 15 our
2446 1054 47 22 free

1899 1085 132 31 population
2054 1084 50 24 that
2120 1090 81 18 nature
2219 1085 42 23 has
2280 1086 78 23 varied
2376 1085 41 24 her
2436 1087 56 22 laws

1900 1123 21 18 to
1945 1118 47 23 suit
2013 1118 40 23 the
2076 1118 151 23 convenience
2246 1119 26 23 of
2292 1118 53 24 Van
2370 1119 123 24 F/ieman's

1900 1151 73 23 Land.
2011 1151 23 23 It
2057 1158 59 16 wew
2137 1151 132 31 impossible
2288 1157 22 18 to
2323 1152 118 31 dispobcss
2453 1153 39 24 the

1898 1184 63 23 mind
1974 1184 24 24 of
2014 1184 38 23 the
2065 1185 127 22 conviction
2205 1184 49 24 that
2266 1185 38 23 the
2318 1185 73 24 Peijal
2403 1186 91 31 Colony

1899 1218 53 22 does
1971 1224 40 16 not
2030 1218 79 23 labour
2127 1217 72 24 under
2210 1226 62 16 some
2285 1219 125 30 important
2422 1219 70 24 social

1899 1251 168 31 disadvantage,
2086 1251 59 23 from
2165 1251 73 24 which
2259 1252 36 23 the
2316 1252 104 31 wotkiag
2432 1252 61 24 class

1899 1285 19 22 is
1940 1292 63 16 more
2022 1284 72 32 likely
2114 1287 25 21 to'
2154 1285 71 23 su&er
2245 1285 54 23 than
2318 1285 39 24 the
2376 1286 117 32 capitalist

1898 1317 67 24 class.

1932 1350 52 23 The
2003 1350 57 24 offer
2081 1350 67 24 made
2166 1350 32 32 by
2217 1352 49 23 Mr.
2286 1351 93 30 Brown,
2405 1351 32 31 (if
2452 1352 41 24 ths

1899 1383 105 31 slightest
2016 1384 130 23 confidence
2158 1384 66 23 could
2237 1385 27 22 be
2273 1384 74 31 justly
2359 1386 96 30 reposed
2467 1386 26 23 in

1899 1417 36 23 the
1959 1421 133 19 statements
2112 1417 26 22 of
2157 1425 13 15 a
2193 1425 53 15 man
2269 1417 49 23 who
2339 1417 41 25 has
2392 1419 61 23 (leak
2466 1426 26 16 so

1898 1450 150 31 shamelessly
2067 1449 52 24 with
2140 1450 85 31 truth,)
2243 1459 33 15 we
2293 1452 110 23 maintain
2417 1452 76 24 would

1900 1485 24 21 be
1937 1490 29 16 no
1978 1483 177 31 compensation,
2171 1483 35 23 fur
2219 1492 32 15 we
2264 1492 36 15 are
2313 1485 126 23 convinced
2452 1485 40 24 the

1899 1516 102 31 working
2020 1524 52 15 maa
2093 1516 40 23 has
2152 1525 13 14 a
2185 1517 103 31 brighter
2305 1525 79 16 career
2396 1527 57 22 cpeu
2467 1523 24 19 to

1899 1549 45 23 him
1959 1550 22 22 hi
1994 1549 56 23 New
2063 1549 108 28 Zealand,
2185 1550 55 23 than
2252 1551 48 23 that
2312 1550 105 25 declared
2429 1556 21 18 to
2463 1552 30 23 be

1898 1582 36 23 his
1942 1582 32 23 lot
1982 1582 23 23 iv
2012 1582 52 23 Van
2074 1582 121 25 Dieman's
2203 1583 75 24 Laiul.
2298 1584 51 23 The
2358 1585 73 23 sound
2439 1593 53 23 sys-

1900 1621 42 17 tem
1956 1623 61 23 upon
2029 1616 73 22 which
2118 1616 154 31 immigration
2285 1621 21 19 to
2319 1618 65 23 these
2399 1618 93 24 Islands

1901 1649 55 22 from
1965 1649 37 22 the
2016 1649 51 23 first
2074 1654 101 18 moment
2185 1649 27 22 of
2220 1650 114 30 asserting
2347 1650 89 24 British
2448 1659 43 16 au-

1899 1681 82 31 thority
1994 1681 41 23 has
2047 1682 58 22 been
2122 1682 133 29 conducted,
2275 1683 43 23 and
2327 1684 18 21 is
2359 1689 23 18 to
2394 1685 28 23 be
2436 1692 56 16 con-

1899 1715 86 28 tinue*',
1997 1722 91 15 secures
2097 1714 33 23 fur
2138 1716 132 30 acert.timy
2283 1723 12 15 a
2306 1716 76 31 larger
2393 1718 99 30 popula-

1901 1748 44 22 tion
1953 1747 52 23 than
2014 1747 47 23 that
2067 1748 120 30 possessed
2194 1749 28 30 by
2230 1749 50 23 Van
2288 1749 67 23 Diem
2360 1750 49 23 atis
2415 1751 77 28 Land,

1900 1781 45 23 free
1954 1781 92 22 fiomall
2054 1781 40 23 her
2100 1781 68 23 social
2177 1782 182 31 disadvantages,
2369 1783 45 24 and
2423 1789 67 18 unat-

1901 1813 79 23 tended
1991 1814 50 22 with
2053 1823 12 14 a
2074 1814 71 31 costly
2154 1814 164 29 Government,
2333 1816 37 24 the
2377 1817 78 31 outlay
2469 1817 26 24 of

1901 1847 72 23 which
1978 1847 19 23 is
2003 1847 139 30 necessarily
2147 1856 28 15 an
2182 1853 93 19 amount
2282 1849 73 24 which
2363 1850 74 24 would
2446 1859 46 23 pay

1900 1880 37 23 the
1945 1880 93 23 interest
2046 1881 26 22 of
2086 1887 30 16 an
2128 1881 110 24 immense
2245 1882 90 31 capital.
2372 1883 60 23 This
2441 1884 52 31 ju>t

1900 1913 125 23 conviction
2036 1913 42 24 has
2097 1914 81 30 spread
2196 1914 35 24 far
2246 1915 46 24 aud
2303 1915 65 29 wide,
2389 1917 45 23 and
2445 1917 48 24 will

1900 1953 78 16 secure
1991 1951 22 18 to
2024 1954 28 15 us
2064 1947 55 22 with
2131 1947 45 23 this
2187 1948 64 30 large
2264 1950 139 31 community
2422 1958 14 14 a
2448 1950 45 23 due

1900 1981 130 29 proportion
2050 1980 25 23 of
2096 1987 95 23 persons
2211 1983 119 28 possessed
2351 1983 26 22 of

1902 2012 83 30 though
2005 2012 48 25 Mr.
2067 2012 83 24 Brown
2169 2013 83 25 should
2271 2016 106 22 continue
2396 2021 23 17 to
2431 2017 61 30 deny

1900 2051 37 18 tae
1960 2046 131 31 productive
2110 2054 88 23 powers
2217 2048 26 23 of
2265 2048 54 23 New
2332 2049 110 29 Zealar.il,
2466 2057 27 16 or

1899 2079 27 22 be
1940 2085 18 16 it
1968 2078 52 32 only
2039 2080 26 22 of
2081 2080 86 22 Cook's
2187 2080 92 25 Straits.
2315 2082 59 22 This
2394 2090 52 24 iruty
2462 2084 31 22 be

1900 2112 49 23 said
1961 2117 21 18 to
1996 2112 80 31 regard
2088 2112 39 24 the
2138 2113 76 23 future
2227 2114 75 23 rather
2315 2115 54 24 thnn
2382 2115 38 24 tle
2438 2124 54 19 pre-

1900 2150 63 23 sent;
1982 2145 42 23 but
2042 2153 34 16 we
2093 2153 53 23 may
2165 2147 71 30 safely
2255 2156 49 22 say,
2328 2156 63 24 upsa
2404 2149 37 24 the
2454 2150 38 22 in-

1901 2179 119 23 formation
2038 2186 34 16 we
2090 2179 57 23 have
2166 2179 56 25 been
2243 2182 96 22 enabled
2363 2187 22 18 to
2404 2183 87 28 obtain,

1900 2219 55 16 even
1968 2219 50 16 now
2029 2213 35 23 for
2076 2213 141 30 foriy-seven
2230 2214 70 23 hours
2321 2215 24 23 cf
2360 2216 73 28 work,
2453 2216 40 24 the

1900 2245 87 31 weekly
2004 2245 80 24 labour
2104 2246 25 22 of
2144 2254 13 15 a
2173 2247 105 31 working
2295 2256 51 15 man
2359 2247 63 30 here,
2447 2249 46 24 and

1900 2278 37 23 the
1945 2286 61 15 same
2016 2278 136 32 description
2161 2279 26 23 of
2203 2280 69 26 work,
2286 2289 27 14 an
2323 2282 66 29 equal
2398 2287 95 19 amount

1900 2311 25 23 of
1938 2318 76 24 wages
2037 2313 20 22 is
2080 2317 40 18 not
2142 2313 103 23 received
2269 2315 24 22 in
2305 2314 52 23 Van
2370 2315 123 24 Dieman's

1902 2344 64 24 Land
1990 2350 22 17 to
2036 2345 49 24 that
2103 2346 53 31 paid
2176 2345 38 24 the
2231 2346 105 25 labourer
2347 2347 64 25 here.
2447 2348 46 24 We

1900 2385 38 17 are
1962 2379 84 23 certain
2066 2379 25 23 of
2107 2379 115 31 receiving
2244 2388 25 15 as
2293 2381 75 31 ample
2388 2378 104 35 supplies

1900 2411 71 24 direct
1982 2411 57 24 from
2053 2411 98 31 Foreign
2165 2419 62 24 parts
2239 2421 26 15 as
2278 2413 37 24 the
2335 2414 65 23 other
2420 2416 71 22 Colo-

1899 2445 50 22 nies
1970 2445 22 23 hi
2016 2445 46 23 this
2081 2450 92 27 quarter
2192 2446 25 22 of
2233 2446 38 24 the
2290 2447 75 30 globe,
2389 2448 46 23 and
2453 2456 40 15 are

1900 2477 111 24 therefore
2023 2478 48 23 safe
2083 2479 23 22 in
2119 2479 83 30 saying
2214 2479 38 24 the
2264 2480 104 32 working
2379 2489 54 16 man
2446 2482 47 23 will

1899 2511 45 29 buy
1958 2518 24 15 as
1992 2511 94 31 cheaply
2093 2511 55 23 here
2155 2520 26 15 as
2189 2513 23 22 in
2224 2513 53 23 Van
2285 2513 121 25 Dieman's
2415 2515 77 24 Land.

1901 2543 46 24 His
1958 2543 68 24 bread
2039 2552 52 24 may
2104 2545 28 22 be
2144 2545 85 29 dearer,
2243 2546 41 23 but
2296 2552 39 17 not
2347 2548 82 28 much;
2456 2548 37 24 for

1899 2576 38 24 the
1950 2578 60 29 price
2022 2578 26 22 of
2062 2578 65 29 grain
2140 2578 24 22 in
2183 2578 55 24 Van
2250 2579 121 25 Dieman's
2385 2581 67 24 Land
2471 2582 22 23 is

1898 2610 112 30 governed
2022 2610 30 30 by
2065 2611 37 22 the
2121 2611 94 31 Sydney
2233 2612 106 25 demand.
2375 2614 52 24 The
2447 2614 45 23 dif-

1898 2643 91 23 ference
2006 2644 102 23 between
2126 2644 66 23 those
2211 2646 101 22 markets
2330 2649 23 20 in
2371 2648 63 30 price
2446 2648 48 24 will

1898 2677 29 21 be
1946 2676 39 23 the
2005 2681 48 18 cost
2072 2678 26 22 of
2112 2684 143 24 conveyance
2267 2679 44 22 and
2323 2679 106 33 ordinary
2443 2687 50 18 rate

1900 2709 25 23 of
1937 2710 68 30 profit
2011 2719 6 18 ;
2038 2718 12 14 a
2058 2710 120 23 difference
2187 2712 23 22 in
2218 2712 130 30 proportion
2357 2720 34 16 we
2399 2719 95 27 suspect

1899 2747 39 18 not
1951 2742 125 31 exceeding
2086 2750 44 16 one
2142 2743 50 24 fifth
2206 2744 25 23 of
2246 2745 38 23 the
2296 2750 49 18 cost
2354 2747 76 30 price;
2446 2747 46 24 and

1899 2774 46 24 this
1958 2775 74 24 would
2045 2776 26 24 be
2087 2776 39 23 the
2145 2776 122 24 diiference
2279 2778 25 23 of
2319 2786 50 16 cost
2380 2780 26 23 of
2422 2780 71 24 bread

1898 2807 63 29 here,
1984 2809 21 23 if
2019 2816 33 17 we
2074 2809 29 24 be
2125 2815 41 17 not
2188 2818 27 15 so
2237 2811 51 24 well
2311 2812 106 32 supplied
2432 2814 61 23 from

1902 2842 91 30 Kurope
2012 2850 26 15 as
2055 2842 136 30 heretofore,
2215 2845 59 22 until
2293 2853 40 15 our
2355 2846 138 31 production

1898 2873 60 25 shall
1970 2875 28 23 be
2008 2875 63 31 large
2083 2876 90 30 enough
2187 2881 21 19 to
2220 2877 81 24 enable
2319 2886 28 16 us
2368 2884 21 18 to
2401 2885 91 27 export,

1898 2907 66 23 when
1987 2916 33 15 we
2039 2908 59 23 shall
2117 2908 27 23 be
2164 2910 23 23 in
2208 2910 37 23 the
2264 2919 61 15 same
2348 2913 101 30 position
2467 2914 25 24 in,

1899 2946 88 26 respect
2005 2946 23 18 to
2048 2941 45 24 this
2111 2942 78 23 article
2209 2951 25 15 as
2252 2943 38 24 the
2302 2946 80 29 people
2396 2946 26 23 cf
2438 2946 54 24 Van

1901 2974 117 24 Dieman's
2031 2974 75 25 Land.
2143 2974 47 24 But
2203 2976 23 23 in
2238 2981 76 19 return
2327 2978 37 23 for
2371 2978 71 31 being
2449 2988 42 14 cx-

1886 3009 2 40 |
1897 3007 72 32 posed
1980 3012 22 19 to
2015 3007 46 24 this
2072 3007 73 31 single
2158 3008 168 32 disadvantage,
2341 3011 38 24 the
2387 3012 106 32 working

1886 3051 2 13 i
1899 3040 59 24 class
1980 3049 38 14 are
2041 3041 47 24 free
2107 3041 59 24 from
2187 3042 38 23 the
2245 3051 64 15 curse
2327 3044 25 23 of
2369 3045 37 23 the
2423 3046 70 31 peual

1886 3066 2 16 '
1898 3079 94 25 system,
2004 3073 44 24 and
2058 3073 56 24 have
2123 3074 36 24 the
2172 3074 126 33 advantage
2310 3077 25 23 of
2350 3077 70 31 being
2427 3079 64 31 early

1897 3107 25 22 in
1935 3106 36 23 the
1983 3107 54 23 field
2049 3112 23 19 to
2084 3107 75 24 derive
2172 3116 13 15 a
2198 3110 66 30 ptcfit
2276 3110 57 23 from
2347 3110 38 24 tlie
2402 3112 88 23 iuvest-

1886 3150 2 16 i
1897 3145 62 17 meat
1979 3140 25 23 of
2020 3140 59 24 their
2097 3141 94 31 savings
2212 3142 21 22 in
2253 3142 59 28 land,
2337 3143 59 24 from
2416 3144 75 25 wliicii

1886 3181 2 18 :
1898 3180 79 16 source
1995 3181 69 23 many
2083 3173 26 24 of
2124 3173 50 24 that
2192 3174 60 25 class
2271 3176 49 23 v.-iio
2331 3176 53 24 first
2395 3183 60 18 went
2467 3182 25 18 to

1897 3205 111 25 Adelaide
2016 3206 57 24 have
2080 3207 56 30 long
2147 3208 63 24 since
2222 3209 92 23 boccm?
2326 3209 163 30 independent,

1897 3239 45 23 and
1954 3247 38 15 are
2003 3246 50 17 now
2065 3240 73 32 living
2149 3248 62 24 upon
2224 3242 37 24 the
2272 3242 109 33 proceeds
2389 3251 25 16 oi
2431 3244 61 24 their

1898 3272 91 31 capital.

1932 3305 48 24 Mr.
1994 3305 103 25 Brown's
2108 3305 68 26 letter
2187 3308 20 23 is
2219 3308 114 24 crammed
2347 3309 53 24 vurh
2413 3318 76 16 asser-

1897 3339 68 27 tions,
1989 3345 60 18 most
2072 3340 26 23 of
2114 3339 61 25 them
2199 3350 25 14 so
2247 3341 109 24 frivolous,
2377 3343 45 23 and
2435 3352 55 15 con-

1898 3373 124 30 temptible,
2049 3381 25 15 as
2096 3376 22 20 to
2131 3374 27 23 be
2172 3374 119 31 unworthy
2304 3374 23 23 of
2344 3377 111 23 attention

1897 3406 44 22 and
1952 3406 128 24 uncutitled
2096 3411 23 18 to
2131 3407 72 31 reply,
2216 3407 96 23 because
2330 3409 160 32 unsupported

1896 3438 30 30 by
1938 3446 14 15 a
1963 3439 95 31 particle
2071 3439 24 23 of
2110 3440 73 30 proof.
2221 3440 102 31 Charges
2347 3442 44 23 and
2414 3451 76 15 asser-

1897 3472 59 22 tions
1969 3472 25 23 of
2008 3472 38 23 the
2059 3472 57 23 kind
2128 3480 52 23 may
2192 3472 27 24 be
2237 3473 82 31 simply
2339 3474 88 31 denied,
2448 3476 41 24 be-

1897 3512 67 16 cause
1988 3512 41 16 one
2053 3506 112 22 assertion
2184 3505 21 23 is
2223 3514 26 15 as
2267 3507 59 30 good
2345 3515 26 16 as
2382 3509 106 24 another.

1897 3537 59 24 This
1968 3545 54 23 very
2032 3538 118 23 veracious
2169 3538 139 30 gentleman,
2327 3540 36 24 for
2375 3541 113 30 instance,

1897 3576 84 18 asserts
1993 3570 50 23 that
2054 3578 32 16 we
2098 3578 57 16 were
2169 3571 112 30 deceived,
2302 3580 38 17 are
2352 3581 51 16 now
2417 3576 72 23 unde-

1897 3603 84 28 ceived,
1994 3603 44 23 and
2046 3611 38 16 are
2091 3603 96 32 wilfully
2196 3604 118 32 deceiving
2321 3608 87 24 others.
2445 3608 43 23 We

1897 3635 55 24 need
1965 3636 52 31 only
2030 3635 58 31 deny
2101 3636 64 24 these
2175 3637 104 31 charges,
2292 3647 24 15 as
2325 3648 41 15 our
2373 3641 63 23 word
2444 3641 46 26 will

1897 3674 38 17 not
1943 3668 27 24 be
1979 3668 93 24 deemed
2079 3670 94 23 inferior
2181 3675 24 19 to
2212 3671 49 24 that
2274 3672 25 23 of
2314 3672 49 25 Mr.
2373 3674 114 24 Brown's.

1895 3701 44 23 We
1959 3701 56 23 haves
2035 3702 70 24 found
2125 3703 36 23 the
2181 3710 97 26 country
2296 3713 55 23 very
2371 3707 79 31 nearly
2462 3715 26 15 as

1897 3735 116 22 described
2036 3736 24 21 in
2085 3735 38 24 the
2145 3743 124 18 numerous
2287 3739 76 23 works
2383 3748 30 15 on
2431 3740 58 24 New-

1896 3767 108 28 Zealand,
2017 3768 54 23 with
2084 3768 39 24 the
2135 3769 75 31 single
2222 3771 120 31 exception
2356 3772 49 24 that
2425 3773 63 24 there

1895 3801 20 22 is
1928 3808 62 15 more
2001 3801 61 23 wind
2073 3801 45 24 and
2128 3801 46 24 less
2186 3803 51 24 rain
2250 3804 54 23 than
2316 3812 33 16 we
2362 3813 59 16 were
2436 3813 52 25 pre-

1895 3834 70 31 pared
1978 3838 21 18 to
2011 3839 91 26 expect.

1930 3866 102 24 Because
2051 3875 64 16 some
2132 3867 76 25 wheat
2224 3877 61 17 sown
2299 3878 28 16 oa
2339 3870 51 25 fern
2401 3872 56 24 laud
2469 3872 20 23 is

1895 3904 40 19 not
1952 3900 97 31 looking
2067 3909 25 15 so
2111 3902 51 22 well
2180 3910 28 15 as
2215 3903 75 23 'could
2305 3903 28 24 be
2346 3905 98 29 wished,
2455 3912 33 16 we

1896 3940 38 17 are
1945 3933 98 25 assured
2053 3933 50 25 that
2114 3941 33 17 we
2159 3942 47 22 are,
2221 3936 46 25 and
2278 3936 85 32 always
2374 3943 66 19 must
2452 3938 34 28 be,

1314 2674 45 24 We
1366 2677 79 20 return
1453 2677 22 19 to
1484 2673 38 23 the
1529 2673 66 24 letter
1604 2674 28 31 by
1787 2675 84 24 insert-

1283 2706 26 24 ed
1326 2708 22 22 in
1361 2706 44 23 last
1416 2706 85 24 week's
1513 2714 78 24 paper.
1627 2707 52 23 The
1690 2707 46 24 real
1749 2708 87 30 ground
1849 2710 24 21 of

1284 2740 59 24 issue
1356 2741 27 26 is,
1397 2739 100 23 whether
1509 2747 12 15 a
1533 2739 68 31 penal
1613 2740 128 24 settlement
1760 2748 40 16 can
1818 2749 53 23 pre-

1283 2779 50 18 sent
1352 2772 38 24 the
1407 2772 138 30 advantages
1565 2773 26 22 of
1606 2781 13 14 a
1637 2773 46 23 free
1701 2773 131 24 settlement
1847 2776 23 22 in

1283 2806 62 24 other
1354 2810 101 25 respects
1462 2806 29 22 its
1500 2806 66 30 equal
1574 2806 9 22 ?
1609 2806 42 23 We
1660 2806 65 24 know
1757 2806 93 24 Vcritas

1284 2839 39 23 has
1343 2843 39 20 not
1394 2838 56 23 been
1463 2839 54 22 slow
1531 2844 21 17 to
1564 2844 73 18 assert
1650 2839 47 23 that
1710 2840 45 23 this
1774 2846 97 26 country

1284 2873 26 26 is,
1331 2873 25 22 in
1367 2872 29 22 its
1409 2871 104 23 cliamare
1533 2872 45 22 and
1596 2879 74 23 power
1688 2873 25 22 of
1728 2873 141 31 production,

1283 2906 93 23 inferior
1387 2908 22 18 to
1420 2904 54 23 Van
1483 2904 120 23 Dieman's
1613 2905 72 27 Land,
1697 2905 42 24 but
1747 2905 37 24 the
1792 2908 79 22 merits

1283 2938 25 22 of
1329 2938 57 23 New
1398 2937 102 23 Zealand
1521 2945 22 15 in
1556 2937 64 23 these
1632 2944 99 26 respects
1744 2938 56 24 have
1813 2939 57 24 been

1283 2979 24 15 so
1319 2970 51 24 well
1382 2970 137 24 established
1531 2971 30 30 by
1573 2978 120 17 numeious
1707 2973 93 28 writers,
1821 2973 50 23 that

1283 3004 17 23 it
1319 3002 74 25 would
1410 3003 29 23 be
1458 3011 29 15 an
1505 3004 105 23 uncalled
1628 3004 34 24 for
1681 3005 147 31 expenditure
1848 3007 25 23 of

1283 3045 65 23 space
1368 3044 28 15 on
1416 3044 40 15 our
1474 3042 52 25 part
1545 3042 21 18 to
1585 3042 62 18 enter
1659 3046 59 22 upon
1731 3038 38 23 the
1781 3039 90 29 subject

1282 3077 61 16 more
1356 3069 153 32 particularly,
1523 3070 121 23 convinced
1658 3079 25 15 as
1695 3079 32 15 we
1738 3079 51 23 may
1798 3072 72 31 safely

1281 3103 28 23 be
1328 3103 50 23 that
1396 3101 49 24 Mr.
1459 3103 104 23 Brown's
1582 3103 112 31 authority
1714 3104 44 23 will
1778 3108 42 19 not
1841 3105 26 24 be

1282 3134 91 25 deeine'Jl
1386 3135 114 24 sufficient
1512 3141 23 18 at
1547 3143 43 16 one
1603 3136 36 23 fell
1652 3145 74 23 swoop
1744 3142 22 18 to
1778 3138 92 31 destroy

1281 3169 36 23 the
1329 3169 129 30 reputation
1470 3176 49 16 now
1533 3168 95 31 enjoyed
1639 3169 29 30 by
1688 3170 56 23 New
1757 3170 109 25 Zealand.

1314 3202 44 23 We
1365 3208 38 16 are
1412 3200 47 24 told
1467 3209 32 16 we
1505 3202 63 23 write
1574 3202 23 23 in
1604 3203 120 29 ignorance
1732 3203 25 23 of
1765 3203 37 24 the
1811 3209 58 19 state

1281 3235 24 23 of
1316 3235 36 23 the
1360 3234 67 32 penal
1435 3234 136 29 settlement,
1585 3235 44 23 and
1637 3242 45 22 are,
1690 3244 32 16 we
1731 3244 106 23 suppose,
1847 3242 22 18 to

1281 3268 79 29 gather
1367 3267 56 22 from
1432 3267 44 23 this
1484 3268 74 26 letter,
1567 3268 50 23 that
1625 3276 12 15 a
1643 3269 129 24 settlement
1777 3270 92 24 labours

1280 3301 71 23 under
1363 3307 29 15 tiu
1404 3300 69 23 social
1486 3300 169 31 disadvantage,
1674 3303 63 23 when
1749 3304 118 30 compared

1281 3334 51 23 with
1345 3343 13 14 a
1370 3334 139 30 community
1522 3334 73 23 which
1608 3334 40 23 has
1660 3343 68 16 never
1740 3335 56 25 been
1811 3337 56 23 sub-

1276 3367 47 31 ject
1336 3371 23 19 to
1371 3366 56 22 such
1439 3374 14 15 a
1463 3366 91 24 baneful
1566 3367 121 24 influence.
1723 3367 24 25 It
1759 3369 18 23 is
1786 3369 81 24 admit-

1280 3400 36 23 ted
1328 3400 50 24 that
1389 3399 64 23 there
1465 3407 37 16 are
1516 3404 100 19 convicts
1651 3401 48 24 that
1717 3402 53 30 they
1782 3402 55 24 bear
1855 3412 14 15 a

1280 3441 53 22 very
1346 3433 60 29 large
1419 3433 130 30 proportion
1563 3437 22 19 to
1598 3433 37 23 the
1653 3434 46 23 free
1712 3442 59 21 men,
1792 3436 20 22 if
1827 3441 41 19 not

1280 3466 65 23 much
1364 3472 63 16 more
1446 3473 136 20 numerous;
1603 3474 40 15 nor
1662 3468 19 22 is
1697 3469 18 21 it
1727 3467 79 24 denied
1820 3468 49 25 that

1279 3498 37 24 the
1328 3499 62 29 large
1403 3498 96 23 number
1510 3498 45 24 will
1567 3498 167 26 henceforward
1744 3501 26 23 be
1777 3503 88 31 greatly

1278 3530 144 32 augmented,
1436 3531 43 23 and
1491 3531 56 28 that,
1561 3534 169 31 consequently,
1750 3534 20 23 if
1785 3543 12 15 a
1813 3543 56 23 pro-

1280 3569 124 26 portionate
1416 3564 102 23 increase
1531 3564 25 23 of
1570 3566 48 22 free
1626 3573 51 16 men
1686 3566 26 24 do
1720 3573 41 17 not
1773 3569 94 29 proceed

1279 3602 22 18 to
1313 3597 53 24 Van
1380 3596 120 24 Dieman's
1512 3597 75 28 Land,
1611 3599 22 22 in
1653 3608 13 13 a
1683 3600 50 23 few
1745 3608 65 23 years
1831 3601 37 24 the

1278 3631 55 22 evils
1354 3630 26 24 of
1394 3637 13 16 a
1430 3629 63 31 large
1512 3631 89 23 convict
1620 3632 131 31 population
1773 3634 45 23 will
1839 3635 28 23 be

1277 3661 113 32 infinitely
1411 3667 91 25 greater
1521 3663 55 23 than
1593 3663 133 27 heretofore.
1768 3667 37 22 No
1824 3668 43 22 evil

1277 3696 80 29 arises,
1381 3695 110 29 forsooth,
1514 3696 97 24 because
1633 3698 38 24 the
1694 3700 100 22 convicts
1818 3700 49 23 who

1278 3729 77 23 obtain
1377 3728 135 31 indulgence
1535 3736 38 16 are
1597 3736 52 17 sent
1670 3739 62 23 away
1752 3732 58 23 from
1830 3733 38 23 the

1277 3769 72 16 towns
1359 3771 5 19 ;
1384 3760 60 24 from
1462 3761 73 24 which
1554 3769 35 16 we
1608 3771 36 16 are
1664 3768 23 19 to
1698 3765 59 23 infer
1770 3764 48 24 that
1830 3766 38 23 the

1277 3800 96 26 country
1396 3794 20 22 is
1439 3794 97 24 devoted
1559 3799 22 19 to
1600 3796 183 25 ticket-of-leave
1805 3806 61 21 men,

1277 3828 44 23 and
1343 3828 50 23 that
1415 3827 31 23 all
1469 3827 39 24 the
1531 3828 47 23 free
1597 3836 51 16 men
1657 3830 36 23 -of
1708 3830 38 23 the
1764 3830 105 33 working

1277 3860 84 24 classes
1374 3867 37 16 are
1424 3860 147 29 condemned,
1584 3861 31 31 by
1626 3862 38 24 the
1677 3863 87 23 convict
1773 3869 94 25 system,

1276 3898 23 19 to
1311 3893 38 24 the
1363 3896 80 21 towns.
1484 3893 59 24 This
1566 3902 56 23 very
1644 3900 122 20 statement
1787 3896 81 25 makes

1276 3926 39 24 the
1325 3927 49 23 free
1385 3925 118 25 mechanic
1515 3935 14 15 a
1540 3926 71 31 slave,
1630 3928 45 24 and
1693 3929 140 30 throughout
1850 3931 19 23 it

507 65 101 30 THE
623 62 111 33 NEW
757 58 229 35 ZEALAND
1003 55 227 34 GAZETTE
1250 53 101 32 AND
1370 47 331 35 WELLINGTON
1723 45 293 33 SPECTATOR.

1342 638 171 25 SHIPPING
1534 635 272 25 INTELLIGENCE.

1499 685 152 21 ARRIVED.

1313 717 59 23 Dec.
1389 715 41 29 27,
1448 714 86 31 barque
1742 713 49 25 374
1810 716 58 25 tons,

1282 751 68 30 Capt.
1371 748 72 31 Gray,
1462 748 59 23 from
1540 747 122 23 Greenock
1681 748 24 22 in
1726 748 46 22 125
1797 746 55 31 days
1862 755 6 20 ;

1282 784 151 30 immigrants.

1356 816 40 22 28.
1404 814 111 23 schooner
1697 812 104 31 Murray,
1810 811 58 24 from

1283 848 88 29 Cloudy
1383 847 60 30 Bay.

1516 895 121 20 SAILED.

1314 925 59 24 Dec.
1382 925 40 26 28,
1432 923 52 31 ship
1763 922 106 29 Bisssetr,

1281 959 33 23 for
1328 956 113 29 Bombay.

1359 990 40 27 29,
1413 989 51 30 brig
1640 989 90 27 Brown,
1742 988 34 23 for
1785 988 34 23 Bs
1827 1004 6 9 ,
1848 988 23 23 of

1284 1022 98 25 Islands.
1429 1021 141 31 Passengers
1608 1022 94 23 Messrs.
1729 1021 82 28 Paton,
1836 1021 33 23 K.

1282 1057 85 23 Clarke
1380 1054 43 23 and
1435 1054 59 31 lady,
1516 1055 59 23 Rev.
1597 1055 20 23 J.
1639 1055 28 23 F.
1688 1054 111 27 Churton,
1821 1054 48 23 Mr.

1281 1090 42 23 and
1337 1088 27 25 I\l
1378 1095 19 16 s.
1411 1088 79 27 Stone,
1503 1088 44 22 and
1560 1087 48 23 Mr.
1621 1087 44 23 and
1676 1087 57 24 Mrs.
1743 1086 126 30 Langford.

1510 1137 30 18 IN
1560 1137 82 18 POUT.

1315 1167 82 23 Cutter

1315 1200 91 29 Barque
1630 1197 137 25 Kettlewell.

1315 1233 91 29 Barque
1554 1231 145 24 Newcombe.

1315 1266 56 29 Ship
1556 1264 170 24 Shuttlewoitli.

1315 1298 122 25 A'lieiican
1449 1297 52 30 brig
1708 1296 84 25 Smith.

1315 1332 115 23 Scliooner
1579 1330 118 30 Dunning,

1315 1365 116 23 Schooner
1449 1363 15 12 '*
1610 1363 89 25 Moore.

1315 1398 89 29 Barque
1589 1396 83 25 Bruce.

1315 1431 56 23 New
1384 1429 100 23 Zealand
1497 1430 128 29 bri^antine
1669 1430 34 24 St.

1315 1464 92 29 Barque
1615 1462 71 31 Grey.

1315 1497 117 23 Schooner
1622 1496 104 29 Muimy.

1452 1553 245 16 THERMOMETER.

1327 1587 25 14 cc

1379 1585 27 14 en

1426 1585 38 20 ng

1503 1581 52 18 iursd

1557 1585 40 19 iay.

1632 1583 63 17 'oconi

1700 1581 38 19 ber
1746 1586 8 13 .:

1282 1665 29 15 Frl

1281 1685 30 17 Sat

1281 1706 43 16 Sun.
1343 1717 19 6 ...

1282 1727 49 16 Mon.
1343 1738 19 6 ...

1281 1748 54 16 Tubs.
1344 1758 18 6 ...

1282 1768 48 17 Wed.
1344 1779 18 7 ...

1281 1789 80 17 Thurf..,

1382 1622 60 17 Mjui.

1402 1651 34 29 H~

1402 1684 19 16 71

1402 1705 21 15 70

1401 1726 22 15 68

1402 1747 21 15 65

1402 1767 21 16 65

1402 1788 20 16 67

1493 1623 56 16 Kvcn.

1510 1664 21 16 73

1510 1684 18 16 71

1508 1706 21 15 CS

1508 1727 23 14 69

1510 1746 20 16 73

1508 1767 21 16 67

1509 1788 19 16 71

1587 1663 17 16 S.

1587 1684 23 16 N.

1585 1705 18 15 S.

1588 1724 49 17 S.W.

1586 1746 18 16 s.

1571 1765 37 21 l.v.

1585 1786 51 17 N.W.

1677 1633 4 6 ,

1652 1633 4 6 .
1677 1633 4 6 ,
1731 1622 90 17 VedthtT.

1674 1664 3 15 I
1689 1664 92 16 Moderate
1789 1664 69 16 brreze.

1674 1679 3 17 I
1689 1685 66 18 Stront?
1763 1685 69 15 hreeza.

1689 1705 49 16 Mod.
1743 1700 15 20 '*
1764 1705 68 20 cloudy.

1690 1725 159 20 StrfnK&riculy.

1689 1746 93 16 M:leratc
1790 1747 68 15 brueze.

1689 1767 20 16 JI
1715 1767 67 16 idorate
1790 1767 70 16 breeze.

1689 1788 56 16 Fit'bh
1752 1792 12 11 y
1770 1787 78 22 squally.

1731 1622 90 17 W'edtlitr.

1302 1830 61 17 Mean.

1401 1829 54 17 68.57.

1508 1830 55 15 f.9.85.

1507 1868 141 24 NOTICE.

1314 1901 149 26 Subscribers
1486 1906 24 19 at
1534 1902 82 23 Petoni
1639 1910 42 15 can
1706 1902 76 23 obtain
1811 1901 60 24 their

1281 1944 80 24 papers
1375 1943 27 15 on
1415 1935 137 31 application
1566 1939 23 19 to
1602 1934 46 24 Mr.
1662 1935 22 23 J.
1698 1934 100 29 Telfbrd,
1820 1935 51 23 who

1281 1971 19 22 is
1312 1970 47 23 also
1373 1968 131 24 authorised
1516 1973 22 18 to
1547 1969 88 22 receive
1646 1973 120 26 payments
1777 1968 36 23 for
1825 1968 46 23 this

1281 2010 78 24 paper.

1314 2036 51 23 The
1376 2042 70 23 paper
1456 2035 21 22 is
1488 2042 51 15 now
1552 2038 52 19 sent
1610 2034 73 23 round
1693 2039 23 19 to
1728 2033 143 24 subscribers

1281 2069 22 22 in
1315 2073 68 23 town,
1396 2067 45 23 and
1452 2075 34 15 we
1505 2068 45 22 will
1568 2067 71 23 thank
1659 2075 44 23 any
1721 2067 50 23 who
1784 2068 27 23 do
1832 2075 39 16 not

1280 2106 38 26 get
1328 2101 61 24 thfcir
1399 2108 84 24 papers
1494 2100 123 31 regularly,
1629 2105 24 19 to
1664 2101 67 23 make
1752 2101 37 23 the
1808 2109 63 15 same

1281 2134 82 24 known
1377 2139 22 17 to
1411 2141 36 16 us.
1484 2134 47 23 For
1541 2133 40 24 the
1600 2135 150 22 convenience
1769 2134 25 23 of
1813 2142 57 15 non-

1281 2167 149 28 subscribers,
1443 2174 31 16 we
1486 2167 63 23 leave
1557 2174 82 24 papers
1648 2176 27 14 on
1684 2167 46 23 sale
1739 2172 23 18 at
1770 2167 99 23 Messrs.

1282 2201 86 23 Cooks'
1380 2200 43 23 and
1434 2200 74 23 Durie
1519 2200 44 23 and
1577 2200 53 23 Co's
1643 2205 80 19 stores.

665 142 174 50 RICHARD
854 140 121 28 BROWN,
987 142 44 21 late
1039 139 26 21 of
1072 139 37 21 the

742 170 59 22 from
812 168 100 24 London,
929 167 53 27 begs
997 170 22 19 to
1035 165 82 22 inform
1127 164 37 22 the
1173 163 75 28 public

664 198 26 21 of
702 198 53 21 Port
764 195 123 23 Nicholson
898 194 47 22 that
955 194 29 21 he
1000 193 19 21 is
1035 196 40 17 not
1091 191 23 22 in
1131 198 43 24 any
1192 197 54 19 way,

665 224 69 21 either
743 222 93 27 directly
846 229 25 14 or
880 220 125 28 indirectly,
1012 218 123 22 connected
1143 217 52 22 with
1205 223 43 20 any

665 250 62 22 other
735 257 82 19 person
827 249 25 20 of
862 248 38 21 the
909 254 61 15 same
981 252 67 16 uame
1060 245 24 21 in
1095 244 43 22 this
1149 243 85 26 Colony
1242 250 5 19 ;

665 276 88 22 neither
774 276 18 21 is
813 274 29 22 he
864 273 151 27 disreputably
1038 270 118 36 employed
1178 276 25 15 as
1220 276 28 14 an

664 303 77 27 Agent
751 302 23 21 in
783 301 108 26 seducing
904 300 38 21 the
959 298 130 27 Labouring
1099 295 84 24 Classes
1191 295 58 22 from

665 329 42 22 this
717 328 87 27 Colony
815 330 22 19 to
848 326 81 23 others.

691 363 111 22 Lambton
814 361 72 26 Quay,
898 359 146 28 Wellington,

656 399 2 18 I
746 389 101 26 January
856 389 20 24 1,
893 388 59 20 1841.

828 426 2 4 .

733 441 283 24 POSTPONEMENT
1031 440 43 21 OF
1089 439 94 21 SALE.

668 477 159 48 MESSRS.
843 474 88 23 Wades'
942 474 46 22 sale
997 473 26 22 of
1029 473 73 22 Cat.le
1112 472 44 21 and
1168 471 83 22 Horses

743 508 23 17 at
778 504 42 21 Mr.
829 502 78 21 Watt's
915 500 154 23 Stock-yards.
1082 499 79 21 Evans'
1171 499 54 26 Bay,
1233 498 18 21 is

656 539 2 17 I
668 530 151 26 unavoidably
827 527 123 29 postponed
957 527 33 22 till
998 526 110 27 Tuesday,
1116 525 38 22 sth
1159 525 91 26 instant,

665 560 24 19 at
698 559 24 19 12
733 557 87 22 o'clock
828 554 116 28 precisely.
978 575 5 2 .

695 583 142 27 Wellington,
854 581 100 27 January
964 582 19 24 1,
995 580 60 21 1841.

769 636 82 21 NEW
865 635 43 21 ZE
913 635 44 20 Ala
959 634 75 21 AND
1046 633 106 21 FLAX.

668 671 90 49 THF.
772 667 226 25 UNDERSIGNED
1013 667 43 26 beg
1074 670 21 18 to
1110 666 40 22 call
1161 674 12 14 a
1182 669 71 19 meet-

739 698 41 26 ing
788 697 27 21 of
825 695 56 23 their
895 695 73 22 fellow
983 693 111 23 Colonists
1109 697 24 18 at
1147 693 106 21 Barrett's

667 724 65 26 hotel,
745 728 23 18 at
778 725 22 21 11
813 721 91 27 o'clock,
915 728 62 21 p.m.,
989 728 27 14 on
1029 720 107 26 Monday,
1152 720 101 27 January

665 750 44 26 4th,
722 752 59 22 1841,
794 754 22 17 to
825 749 56 21 f<rm
893 756 27 14 an
929 747 143 23 Association
1079 751 23 17 to
1110 747 100 21 discover
1215 747 38 20 the

665 777 48 22 best
728 776 92 23 method
833 775 27 21 of
876 774 119 28 preparing
1011 774 57 21 New
1084 774 97 20 Zealand
1197 772 55 22 Flax

667 804 33 21 for
708 803 148 28 exportation,
870 801 63 21 when
950 801 31 21 all
998 801 83 26 parties
1093 800 122 21 interested
1230 800 22 20 in

666 830 36 22 the
712 831 74 21 future
795 833 113 24 prospects
915 827 27 23 of
953 827 37 23 the
999 827 85 28 Colony
1092 834 37 14 are
1137 826 116 28 requested

666 861 22 19 to
698 857 85 22 attend.

656 882 2 14 I
978 881 18 16 3.
1008 881 17 16 C.
1037 880 141 19 CRAWPOIID,

656 907 2 10 ;
800 901 9 3 '
980 901 28 17 W.
1020 901 20 17 B.
1055 901 102 19 RHODES,

979 921 107 18 EDWARD
1100 920 109 18 DANIELL.

979 942 43 16 WM
1039 942 105 19 GUJTTON.

978 963 22 17 D.
1011 962 78 19 SCOTT,

978 984 17 16 J.
1008 982 74 18 WATT.

693 1012 144 26 Wellington,
850 1012 54 21 Dec.
914 1012 34 25 24,
961 1011 61 21 1840.

687 1068 42 19 TO
745 1066 162 21 PARENTS
921 1065 76 21 AND
1011 1064 217 21 GUARDIANS.

664 1099 184 48 WANTED,
857 1106 23 13 as
891 1105 27 14 an
927 1097 136 27 Apprentice
1072 1101 22 17 to
1103 1097 36 22 the
1148 1097 103 21 PRINT-

762 1126 58 22 ING
841 1125 149 25 BUSINESS,
1015 1131 14 14 a
1051 1124 136 27 respectable
1207 1123 44 22 and

663 1152 127 27 intelligent
799 1151 82 26 Youth,
897 1151 69 22 about
976 1153 26 19 14
1011 1157 64 21 years
1085 1151 26 21 of
1122 1158 47 19 age.

692 1186 75 27 Apply
778 1188 23 19 at
809 1184 38 23 the
858 1184 71 23 O.'h'ce
938 1185 27 21 of
976 1184 43 22 this
1029 1191 76 21 paper.

767 1238 193 22 SITUATION
982 1238 165 24 WANTED,

666 1272 63 48 AS
745 1271 224 23 STOREKEEPER
982 1272 24 21 in
1023 1278 12 14 a
1055 1270 117 22 wholesale
1182 1278 26 13 or
1216 1278 35 14 re-

735 1299 39 21 tail
785 1299 70 25 Store,
865 1298 31 27 by
905 1306 14 13 a
929 1302 79 23 person
1018 1298 71 27 newly
1101 1297 84 23 wived
1194 1297 55 22 from

665 1325 127 22 Inverness.
823 1325 90 26 Having
929 1332 14 14 a
959 1324 110 27 thorough
1085 1324 131 27 knowledge
1230 1325 25 20 of

665 1356 106 18 accounts
781 1351 44 23 and
834 1351 174 27 book-keeping,
1015 1351 101 26 together
1123 1351 52 22 with
1183 1358 68 19 mar-y

665 1379 70 26 years'
748 1378 138 27 experience,
902 1377 27 23 he
938 1377 70 28 hopes
1018 1381 23 18 to
1058 1378 66 21 merit
1133 1377 37 22 the
1179 1381 72 18 atten-

665 1405 45 21 tion
722 1405 26 21 of
759 1405 81 27 parties
849 1404 115 28 requiring
970 1412 12 13 a
988 1408 128 23 competent
1122 1404 44 22 and
1173 1404 78 27 steady

665 1438 88 18 person.
777 1431 48 22 The
834 1435 58 18 most
902 1431 137 26 satisfactory
1053 1431 144 21 testimonials
1208 1438 41 14 can

665 1458 27 21 be
702 1459 75 25 given.

685 1483 204 23 Communications
900 1483 118 23 ado'ressed
1027 1487 24 17 to
1061 1483 102 28 M.M.E.,
1174 1487 23 19 at
1207 1483 42 23 Mr.

666 1511 88 21 Allen's
759 1511 146 22 Commercial
912 1510 113 28 Boarding
1030 1509 77 28 house,
1114 1511 41 21 will
1163 1511 88 22 receive

664 1542 90 23 prompt
762 1537 117 23 attention.

693 1564 144 27 Wellington,
848 1563 100 28 January
959 1565 20 24 1,
990 1565 61 21 1841.

867 1619 69 20 FOR
950 1618 98 25 SALE,

682 1652 18 21 A
721 1650 137 23 WOODEN
871 1650 102 23 HOUSE
980 1658 28 15 on
1016 1650 122 23 Thorndon
1145 1652 44 26 flat,
1199 1652 50 21 with

666 1673 49 26 ii
729 1682 45 17 two
781 1678 65 21 small
854 1678 161 27 outbuildings
1022 1686 5 18 ;
1042 1678 38 21 the
1089 1685 42 15 one
1139 1686 13 13 a
1157 1679 92 21 wooden

665 1704 44 22 and
720 1704 37 22 the
768 1705 63 21 other
841 1712 13 13 a
863 1705 71 21 vnauri
945 1705 68 21 house
1022 1713 5 18 ;
1044 1705 52 21 with
1107 1704 36 23 the
1150 1704 60 23 leae
1219 1705 32 22 for

666 1730 60 23 three
736 1739 65 19 years
811 1731 26 21 of
849 1731 36 22 the
901 1737 42 15 two
959 1731 68 22 Town
1046 1732 71 21 Acres
1134 1739 28 15 on
1179 1731 72 23 which

666 1757 52 28 they
727 1765 38 14 are
776 1758 95 22 erected.
900 1758 43 22 For
952 1761 75 22 terms,
1039 1758 67 27 apply
1117 1762 23 17 to

999 1784 96 23 Dudley
1107 1785 118 22 Sinclair.

692 1810 127 23 December
827 1812 33 26 31,
871 1812 61 21 1840.

870 1865 68 21 FOR
952 1866 96 25 SALE,

668 1897 117 48 GOOD
795 1896 84 29 sherry,
889 1897 24 21 in
924 1903 91 22 quarter
1023 1898 73 22 casks.

748 1925 110 26 Crockery
868 1924 45 21 and
924 1926 123 20 iron-stone
1058 1932 64 16 ware.

693 1950 122 28 Eight-day
825 1950 43 22 and
879 1951 75 21 Dutch
965 1951 83 22 clocks.

656 1976 2 34 [
693 1977 101 27 Fowling
803 1977 79 28 pieces,
893 1978 105 26 muskets,
1010 1977 44 22 and
1063 1978 127 23 umbrellas.

693 2005 104 30 Cooper's
808 2010 63 20 ware,
883 2004 54 22 such
948 2012 24 14 as
982 2004 100 28 buckets,
1093 2005 88 28 churns,
1192 2005 58 28 tubs,

665 2030 115 27 kneading
788 2030 97 27 troughs,
898 2031 39 21 &c.
947 2031 42 23 &c.
999 2031 41 23 &c.

692 2057 97 22 Brushes
799 2057 28 22 of
835 2057 30 21 all
874 2056 73 23 kinds.

903 2091 27 22 T.
941 2091 35 23 M.
985 2092 136 23 Partridge
1131 2093 44 23 and
1185 2093 40 22 Co.

691 2117 126 22 December
827 2118 33 26 24,
871 2118 61 21 1840.

759 2172 50 19 EX
851 2172 190 21 SUSANNAH

667 2205 70 47 ON
753 2205 84 26 SALE,
849 2209 22 17 at
881 2205 36 21 the
929 2205 74 21 Stores
1010 2205 26 21 of
1042 2205 38 23 the
1088 2206 162 28 Undersigned,

743 2231 75 22 Men's
827 2236 76 22 strong
912 2232 75 22 nailed
997 2231 71 28 boots,

692 2258 115 22 Women's
819 2258 46 22 and
877 2258 120 22 children's
1009 2259 66 22 boots
1089 2259 47 23 aud
1150 2259 66 24 shoes
1230 2261 25 21 of

665 2284 29 22 all
705 2285 63 26 sizes,

691 2311 81 22 Ladies
783 2312 52 26 jean
846 2311 71 27 boots,

692 2338 69 21 Small
770 2338 70 22 scales
850 2338 45 21 and
905 2338 99 28 weights,

691 2364 74 22 Horse
776 2365 53 21 shoe
839 2365 63 26 nails,

691 2391 57 21 Boat
757 2391 57 22 nails
824 2391 44 23 and
877 2398 85 16 reeves.

691 2418 110 27 Muskets,

691 2445 84 26 Cigars,

692 2473 68 25 Hoop
769 2478 58 19 iron,

692 2498 49 26 Bar,
754 2498 47 26 rod,
812 2497 46 22 and
866 2498 63 22 sheet
938 2498 16 22 h
959 2506 37 19 on,

691 2524 82 27 Spices,
785 2525 83 27 ginger,
881 2525 48 27 &c,
940 2533 29 15 an
979 2527 135 21 assortment
1121 2526 34 22 for
1161 2525 92 30 making

664 2550 77 27 ginger
752 2551 53 21 beer
812 2559 5 18 ;

691 2577 107 28 Allspice,
809 2585 89 20 pepper,
912 2579 41 21 &c.

894 2611 35 23 W.
945 2612 26 22 B.
986 2612 128 23 RHODES
1123 2613 44 22 and
1178 2612 46 23 CO.

894 2664 19 20 A
934 2664 94 21 CARD.

774 2689 32 22 I<l
816 2690 35 21 R.
879 2690 60 21 MO
950 2692 22 19 14
1018 2691 78 21 BIT
1107 2691 38 26 H,

884 2723 61 21 (From
953 2724 80 19 Petcni,)

837 2750 245 27 SURGEON,

780 2785 106 14 LAMBTON
898 2785 67 17 QUAY,
978 2786 158 15 WELLINGTOV.

896 2832 21 21 A
934 2832 91 22 CARD.

768 2857 76 21 XfZR.
869 2857 37 20 H.
931 2858 33 20 B.
989 2859 161 26 RELPH,

821 2890 103 16 SUUOF.ON
940 2892 159 21 ACCOUCHEUR,

901 2917 122 22 PETONI.

889 2972 107 21 LAND.

666 3003 176 49 WANTED
854 3007 21 18 to
885 3004 109 26 purchase
1006 3011 11 15 a
1027 3005 69 22 Town
1109 3006 59 23 Acre
1178 3007 26 22 of
1216 3007 37 23 the

763 3030 71 23 beach
844 3035 23 18 at
876 3031 37 22 the
921 3031 58 22 head
990 3032 25 21 of
1026 3032 38 22 the
1074 3033 51 27 bay.

934 3065 34 21 W.
986 3066 25 21 B.
1029 3065 92 23 Rhodes
1132 3067 43 22 and
1186 3068 39 21 Co.

666 3119 66 21 'I"*O
747 3119 66 26 LET,
830 3119 63 22 small
908 3119 102 28 building
1027 3120 64 27 plots,
1110 3121 92 22 suitable
1219 3122 34 22 for

672 3141 29 25 J-
739 3145 93 27 Cottage
841 3145 133 22 residences.
1004 3147 76 27 Apply
1090 3150 23 18 to

946 3172 36 21 \V.
998 3173 26 21 B.
1041 3174 94 22 Ruode*
1144 3174 45 23 and
1197 3175 41 23 Co.

667 3225 158 47 GEORGE
840 3225 124 26 SLATER,
976 3226 45 21 late
1038 3227 27 20 of
1076 3227 97 27 Syduoy,
1193 3229 58 21 Aus-

747 3251 71 26 tralia,
830 3251 43 21 and
884 3252 129 22 afterwards
1029 3253 26 21 of
1068 3253 87 22 Hobart
1173 3255 76 26 Town,

665 3277 49 21 Van
722 3277 117 28 Dieman|s
848 3278 70 22 Land.
951 3279 105 22 Whereas
1065 3280 37 21 the
1110 3280 47 21 said
1163 3281 88 27 George

665 3303 76 27 Slater,
754 3304 37 22 the
802 3312 40 14 son
853 3305 26 21 of
889 3305 60 21 John
961 3305 79 27 Slater,
1051 3306 27 21 of
1089 3307 160 28 Birmingham,

663 3329 23 22 in
707 3330 36 22 the
762 3331 89 27 County
867 3331 26 21 of
911 3331 117 28 Warwick,
1053 3333 110 28 England,
1180 3335 69 22 coach

663 3357 75 27 spring
747 3358 86 24 maker,
843 3357 41 22 left
902 3358 66 22 home
985 3359 70 21 about
1071 3361 24 20 11
1114 3367 64 20 years
1197 3369 51 19 ago,

664 3383 43 22 and
718 3387 60 19 went
788 3388 22 18 to
821 3384 97 27 Sydney,
930 3384 44 23 and
985 3385 129 22 afterwards
1124 3391 23 17 to
1163 3387 87 22 Hobart

663 3409 75 27 Town,
751 3411 41 21 but
801 3411 39 21 has
850 3414 40 18 not
900 3411 56 23 been
967 3411 28 22 ha
1002 3411 33 22 lrd
1045 3413 25 21 of
1081 3413 35 21 for
1124 3421 61 15 more
1196 3414 53 23 than

663 3435 44 23 five
722 3444 72 19 years.
832 3437 52 21 This
903 3437 18 22 is
940 3442 22 17 to
980 3439 50 26 give
1050 3440 74 21 notice
1145 3441 45 21 that
1205 3449 44 19 auy

663 3469 87 21 person,
761 3463 48 22 who
820 3470 42 15 can
870 3464 45 21 and
926 3465 42 21 will
980 3465 50 26 give
1039 3465 60 23 valid
1106 3467 143 22 information

663 3489 26 21 of
707 3489 36 23 the
760 3493 91 24 present
865 3491 116 21 residence
999 3491 25 21 of
1042 3491 39 22 the
1098 3493 47 22 said
1162 3493 87 28 George

663 3515 76 27 Slater,
751 3517 22 21 if
783 3516 65 27 alive,
860 3524 24 14 or
893 3517 20 21 if
924 3518 58 22 dead
991 3518 141 32 satisfactory
1147 3521 69 26 proof
1227 3521 26 22 of

663 3541 37 22 the
710 3543 54 21 tinfe
774 3543 46 21 and
828 3545 63 24 place
902 3543 24 22 of
939 3544 34 21 his
983 3544 74 27 death,
1069 3545 64 27 shall,
1145 3554 27 14 on
1180 3547 70 26 appli-

663 3568 72 22 cation
747 3573 23 17 to
788 3570 44 22 Mr.
850 3569 163 28 Breidenbach,
1030 3571 117 23 merchant
1164 3573 26 22 of
1202 3574 47 21 Bir-

663 3595 122 26 mingham,
795 3596 117 27 aforesaid,
923 3599 88 20 receive
1022 3604 19 23 fi
1055 3599 87 22 reward
1157 3600 25 21 of
1193 3600 55 27 10,

662 3621 44 21 and
716 3622 20 22 if
748 3621 43 23 this
801 3622 173 24 advertisement
984 3624 79 22 should
1074 3629 60 18 meet
1150 3626 38 22 the
1206 3634 41 18 eye

663 3648 26 21 of
700 3648 36 21 the
745 3648 50 22 said
805 3649 88 26 George
903 3649 72 23 Slater
982 3650 29 22 he
1021 3651 43 21 will
1074 3652 28 21 be
1112 3652 83 28 hereby
1213 3649 36 26 inf-

663 3674 85 22 ormed
758 3675 48 21 that
812 3675 29 27 by
847 3675 106 28 applying
959 3681 23 17 to
990 3676 37 22 the
1035 3678 48 22 said
1092 3679 43 21 Mr.
1144 3679 105 22 Breiden-

662 3700 62 26 bach,
735 3701 30 21 he
776 3702 44 21 will
830 3701 53 23 hear
893 3703 26 21 of
929 3703 128 28 something
1071 3706 88 27 greatly
1175 3710 22 18 to
1215 3706 34 22 his

663 3726 132 29 advantage.

689 3760 22 22 It
726 3761 21 21 is
763 3761 108 27 supposed
888 3762 37 21 the
942 3762 48 23 said
1007 3763 88 27 George
1112 3764 71 23 Slater
1202 3773 47 15 em-

661 3785 84 23 barked
754 3794 62 15 some
827 3795 64 20 years
901 3789 60 22 since
968 3790 24 21 in
1004 3789 37 22 the
1052 3790 108 23 southern
1177 3792 71 23 whale

662 3812 88 29 fishery.

688 3846 77 29 Apply
775 3850 22 19 to
808 3847 96 23 Messrs..
908 3848 74 22 Willis
991 3849 46 22 and
1044 3850 32 22 Co
1086 3867 6 10 ,
1101 3850 145 29 Wellngton,

662 3872 53 22 Port
733 3870 125 26 Nicholson
868 3882 6 14 :
902 3875 43 22 Mr.
966 3876 133 22 Alexander
1117 3878 129 28 M'Gregor,

661 3898 48 28 Bay
719 3900 26 21 of
757 3900 89 22 Islands
854 3908 5 14 :
874 3908 26 14 or
917 3905 22 18 to
956 3902 93 23 Messrs.
1066 3903 80 28 Willis,
1163 3905 86 23 Saude-

662 3932 59 21 man,
732 3926 46 23 and
788 3928 47 26 Co.,
851 3928 97 27 Sydney.

1274 132 185 52 WANTED,
1484 135 44 17 two
1550 129 60 27 good
1633 121 125 35 Sawyers/-
1776 126 91 22 Liberal

1343 175 4 3 .
1371 165 80 20 wages,
1463 158 45 21 will
1517 157 28 22 be
1554 156 75 27 given.
1660 154 74 28 Apply
1745 156 22 19 to

1590 182 99 22 Wateiss
1699 180 46 23 and
1755 180 82 21 Smith.

1420 238 70 20 FOR
1509 234 212 24 WAN&ANX7I,

1345 274 45 16 THE
1406 263 127 22 COVPANY's
1547 268 85 15 SECOND
1648 267 154 15 SETTLEMENT.

1310 299 126 29 *525-nr
1442 296 41 22 HE
1509 295 109 22 scllooner
1637 294 123 25 JEWESS,
1782 293 85 23 Moore,

1304 316 82 38 ySs|}>
1399 316 29 29 JL
1465 326 91 18 master.
1583 321 33 21 To
1626 321 41 21 sail
1677 328 24 14 as
1710 327 54 15 soon
1776 327 24 14 as
1808 319 61 21 suffi-

1279 342 110 35 ,^a
1401 351 59 21 cient
1469 349 96 22 number
1575 348 27 21 of
1611 354 131 21 passengers
1752 346 75 29 offer.^
1858 369 5 5 ,

1306 386 44 21 She
1361 384 43 21 will
1414 383 85 22 remain
1511 382 62 22 there
1583 382 68 20 about
1661 389 13 13 a
1683 380 69 25 week,
1768 384 23 17 to
1804 380 65 21 allow

1279 413 40 21 hrr
1333 417 130 22 passengers
1481 410 52 21 time
1550 413 23 16 to
1590 408 102 21 examine
1709 408 39 21 the
1765 411 102 23 country,

1280 439 43 22 and
1334 441 76 19 return
1421 440 22 18 to
1455 437 53 21 Port
1517 435 123 22 Nicholson
1651 434 75 21 direct.

1308 466 95 24 Passage
1413 470 89 20 money,
1518 463 40 21 5.
1590 461 133 26 Passengers
1738 464 23 17 to
1777 459 93 28 provide

1280 492 58 22 their
1348 497 49 17 own
1411 493 78 18 stores.
1517 487 77 29 Apply
1605 491 22 18 to

1528 522 87 21 Willis
1625 520 45 22 and
1681 521 47 25 Co.,
1737 526 26 15 or

1524 549 26 22 T.
1567 548 34 22 M.
1617 548 133 21 Partridge
1760 546 45 21 and
1815 546 40 22 Co.

1308 579 56 21 Dec.
1373 578 35 24 26,
1418 577 63 21 1840.

102 175 3 7 ,
143 151 244 32 GOVERNMENT
404 148 141 26 NOTICE.

328 189 56 22 New
394 185 107 25 Zealand,

198 216 99 24 Colonial
308 214 133 26 Secretary's
452 212 76 26 OHice,
540 210 95 28 Russell,

296 242 37 22 Bth
341 240 132 24 December,
482 240 60 20 1840.

86 278 87 22 SA2L3
187 278 43 21 OF
244 274 104 23 TOWN
362 271 242 24 ALLOTMENTS.

52 311 70 49 AT
138 310 78 22 eleven
234 307 85 24 o'clock
334 314 30 14 on
382 304 145 26 MONDAY,
546 303 37 22 the
598 303 38 22 Bth

140 337 43 27 day
205 336 27 21 of
256 333 113 24 MARCH
392 335 61 23 next,
475 331 39 21 the
538 330 97 21 Colonial

51 364 122 22 Treasurer
182 363 43 21 will
235 365 39 26 put
283 368 30 19 up
320 363 24 18 to
356 359 104 25 Auction,
475 360 23 19 at
510 356 125 26 Auckland,

53 390 38 22 the
101 387 198 24 undermentioned
304 387 69 21 Town
381 385 143 25 Allotments,
530 382 107 28 upon-the

53 415 125 23 conditions
187 413 127 23 authorised
322 413 29 26 by
363 412 161 21 Government.

80 441 96 23 Further
188 439 143 23 information
346 438 127 27 respecting
488 436 62 21 these
564 436 73 21 Allot-

51 473 74 17 ments
143 474 50 21 may
211 468 26 20 be
256 464 106 24 obtained
377 460 57 26 from
451 464 37 21 the
506 464 131 20 Survkyor-

51 496 120 24 General,
181 493 45 22 and
234 492 125 28 respecting
369 491 36 21 the
415 489 126 24 conditions
548 489 26 21 of
583 489 52 26 sale,

50 521 56 23 from
119 520 35 22 the
166 521 116 21 Colonial
293 518 145 21 TnE.\suREK.

79 552 209 24 AUCKLAND.
292 551 136 21 Allotments
435 549 46 23 laid
487 548 64 22 down
561 548 22 22 in
591 555 46 15 sec-

295 579 58 20 tions
364 577 52 21 Nos.
427 579 20 24 3,
458 577 21 24 4,
489 577 21 24 7,
521 577 19 24 8,
554 577 30 24 16,
593 575 44 21 and

294 605 33 25 17,
336 603 138 26 containing,
481 602 63 26 each,
552 601 51 21 half
608 608 29 14 an

294 638 58 18 acre,
363 637 60 15 more
434 636 24 15 or
471 629 50 21 leas.
550 629 21 20 A
585 628 52 27 plan

294 664 24 14 or
331 655 72 23 which
411 657 20 21 is
439 662 52 16 now
500 655 24 21 in
531 662 78 14 course
616 654 26 22 of

294 683 144 28 publication.

79 711 50 24 Full
140 710 128 29 particulars
284 711 25 20 of
324 710 61 21 these
400 709 138 22 Allotments
551 707 45 23 will
611 707 27 22 be

51 738 118 30 published
179 746 28 14 on
219 746 28 14 au
258 737 61 26 early
329 736 51 27 day.

106 772 35 26 By
150 770 118 23 command
276 770 27 21 of
316 770 34 21 his
360 768 138 28 Excellency
507 768 37 22 the
554 768 80 22 Lieut-

133 798 125 26 Governor,

213 829 212 23 WILLOUGHBY
439 828 197 26 SIIORTLAND,

348 856 102 22 Colonial
460 856 123 26 Secretary.

55 911 395 23 SURVEYOR-GENERAL'S
484 909 153 23 DEPART-

274 937 111 21 MENT.

199 970 129 23 KARORE
342 969 151 22 DISTRICT.

51 1005 250 49 LANDOWNERS
311 1003 44 22 and
372 1004 87 26 Agents
470 1010 37 14 lire
519 1002 116 26 informed,

129 1032 48 21 that
192 1038 29 14 on
237 1030 147 27 Wednesday,
395 1030 37 21 the
442 1029 38 22 Cth
491 1029 90 26 instant,
592 1029 45 21 and

51 1059 62 21 three
122 1058 112 26 following
242 1057 59 26 days,
314 1064 13 14 a
343 1063 106 20 surveyor
465 1055 43 22 will
526 1056 26 21 be
569 1056 67 27 ready

51 1088 23 18 to
84 1085 64 27 point
156 1090 38 16 out
204 1085 37 20 the
253 1083 99 27 frontage
362 1083 44 21 and
423 1083 121 21 directions
562 1083 26 21 of
601 1082 35 22 (he

52 1111 112 22 sidelines
174 1111 26 21 of
207 1111 37 20 the
254 1110 95 21 sections
359 1109 81 22 chosen
458 1109 23 20 in
498 1108 37 23 the
552 1109 85 21 district

52 1138 28 21 of
99 1137 92 21 Karore.
233 1137 47 21 The
300 1135 219 28 Surveyor-General
537 1141 99 22 requests

53 1164 38 22 the
108 1171 85 14 owners
209 1163 45 21 and
268 1168 78 21 agents
363 1166 22 18 to
407 1162 53 21 take
476 1161 124 27 advantage
614 1162 26 22 of

51 1191 46 21 this
113 1189 141 28 opportunity
272 1190 26 20 of
308 1189 77 26 seeing
400 1188 58 22 their
474 1188 102 26 sections,
587 1196 24 14 as
620 1189 17 21 it

53 1217 45 21 will
109 1217 25 21 be
146 1215 132 28 impossible,
290 1219 22 18 to
320 1215 79 22 render
406 1215 63 21 them
478 1214 86 22 further
573 1215 64 22 assis-

51 1247 66 19 tance
128 1247 23 17 at
164 1248 94 21 present.

84 1269 176 26 Hobson-strtet,
272 1268 99 27 January
379 1269 20 25 1,
409 1268 63 22 1841.

107 1323 125 21 OTICE.
233 1323 63 21 THE
311 1322 70 22 NEW
395 1322 151 22 ZEALAND
560 1322 76 22 COM-

52 1343 45 29 IX
134 1350 85 22 PANY
233 1349 115 28 require

81 1384 10 21 1
105 1386 38 18 ton
152 1383 65 21 moist
227 1389 72 20 sugar,
316 1381 69 23 either
401 1380 64 23 West
477 1380 66 23 India
559 1388 24 15 or
599 1380 38 23 the

52 1409 66 22 finest
128 1410 125 26 Mauritius,
265 1409 45 21 and

80 1436 82 21 SOOlbs.
174 1436 64 21 b!u-k
249 1440 43 17 tea.

80 1462 56 22 Both
147 1462 87 22 ar:icles
242 1469 58 15 most
311 1469 27 15 be
348 1469 66 20 good,
423 1460 46 23 and
475 1460 108 29 perfectly
591 1460 46 23 free

50 1489 58 22 from
120 1489 29 20 all
160 1489 155 21 adulteration.

79 1515 80 22 Sealed
169 1516 95 26 tender.-!,
277 1522 157 15 \ccompaniet>
448 1514 31 27 by
494 1513 102 28 samples,
614 1517 23 18 to

51 1541 30 22 Le
90 1542 101 21 received
201 1546 22 17 at
233 1549 25 14 or
270 1542 75 21 before
359 1542 12 21 1
387 1540 84 23 o'clock
486 1548 29 14 on
530 1540 107 22 Wednes-

53 1567 51 28 day,
114 1568 38 21 the
161 1569 38 21 Cth
209 1569 58 24 inst.,
279 1574 23 15 at
311 1568 37 21 the
358 1568 134 27 Company's
502 1568 81 25 Stores,
594 1571 43 17 and

54 1601 96 15 answers
160 1595 42 21 will
214 1596 25 20 be
249 1594 103 22 returned
363 1599 22 17 at
397 1595 38 21 the
451 1601 62 15 same
527 1593 57 22 hour
600 1593 37 23 the

51 1621 115 28 following
175 1621 51 28 day.

270 1647 57 22 Geo.
338 1647 108 27 Plonter,
457 1646 153 28 Storekeeper.

80 1673 143 28 Wellington,
235 1674 56 22 Deo.
301 1675 33 25 31,
346 1675 60 21 1840.

86 1728 253 22 IMMIGRATION
354 1727 252 21 DEPARTMENT.

54 1761 204 23 /CLASSIFIED
277 1760 38 22 list
329 1761 26 21 of
373 1761 153 27 Immigrants,
542 1761 95 27 brought

54 1793 42 17 V_/
124 1792 40 17 out
174 1793 21 16 at
206 1788 36 21 the
252 1795 97 19 expense
359 1788 26 21 of
404 1788 38 21 the
462 1787 56 22 New
536 1787 101 23 Zealand

53 1815 121 27 Company,
185 1815 22 21 in
220 1814 35 22 the
454 1815 41 21 374
506 1817 56 25 tons,
574 1815 62 27 Capt.

53 1841 67 27 Grey,
132 1841 57 22 from
199 1840 37 23 the
247 1840 76 28 Clyde.

345 1866 55 18 Male.
446 1867 80 18 Female.
570 1867 58 20 Total.

79 1887 89 27 Adults,
176 1887 119 23 married..
329 1889 62 21 ..21
474 1889 26 20 21
583 1890 28 20 42

94 1913 54 28 Do.,
176 1915 71 27 single
277 1927 73 8 ....
367 1916 26 21 41
477 1915 28 21 17
583 1917 28 20 58

369 1970 28 20 62
477 1969 29 21 38
573 1971 41 21 100

79 1993 78 24 Under
166 1995 26 21 14
200 2001 65 20 years
275 1993 27 23 of
312 2001 40 20 age
475 2005 28 6 ~
583 1998 28 21 52

269 2047 88 23 Total..
571 2051 40 21 152

313 2101 84 18 Married.
449 2102 68 21 Single.
569 2103 58 18 Total.

79 2121 181 27 Agriculturalist
303 2124 64 20 ..2
475 2125 14 20 6
597 2126 14 20 8

79 2148 138 23 Blacksmith
246 2162 74 8 ....
352 2150 11 21 1
474 2151 12 21 1
596 2152 15 20 2

79 2176 85 26 Cooper
351 2177 16 20 0
475 2178 10 20 1
596 2179 11 19 1

79 2202 80 21 Joiner
352 2204 15 19 0
474 2205 14 20 2
595 2205 16 20 2

80 2228 115 22 Labourer
247 2242 73 7 ....
338 2230 29 21 It
459 2231 30 21 20
582 2231 29 21 34

79 2254 76 22 Miller
353 2257 10 21 1
474 2259 14 19 0
597 2259 11 19 1

79 2281 140 27 Ploughman
248 2295 72 7 ....
352 2284 14 19 0
474 2285 14 19 3
596 2285 15 21 3

79 2308 72 21 Sailor
353 2310 11 20 1
596 2313 15 19 3

79 2334 137 23 Shoemaker
248 2348 72 7 ....
351 2338 16 19 0
475 2338 11 20 1
597 2339 11 20 1

79 2360 114 28 Shepherd
247 2375 73 6 ....
352 2363 11 21 1
474 2365 14 20 3
595 2365 16 21 4

77 2386 76 23 Tailor
352 2390 12 21 1
474 2391 15 20 0
597 2392 11 20 1

350 2417 16 20 0
474 2418 15 20 2
596 2419 15 20 2

115 2493 7 6 .
336 2470 26 21 21
458 2471 27 21 4I
583 2474 27 20 62

78 2494 131 26 Dairymaid
248 2508 73 7 ....
352 2498 15 20 0
476 2499 11 19 1
599 2501 9 20 1

79 2521 133 26 Sempstress
248 2535 73 6 ....
352 2524 14 20 0
475 2525 11 20 1
597 2527 11 20 1

78 2548 105 21 iiervants
350 2551 16 19 0
461 2551 28 20 19
583 2553 28 21 19

334 2603 25 21 21
457 2605 29 21 62
580 2607 28 21 83

294 2626 30 24 D.
338 2628 137 29 lIIODIFORD,

76 2679 126 22 Decent
211 2681 34 25 30,
256 2682 61 21 1E40.
644 2666 2 47 j

140 2734 253 23 SMrarcrSATioN
410 2738 134 21 office.

51 2766 111 49 LISTS
174 2767 25 21 of
207 2767 69 25 newly
287 2768 86 22 arrived
384 2769 145 28 Immigrants
538 2779 38 15 are
584 2772 53 28 kept

127 2796 23 18 at
169 2793 42 21 tl.is
231 2794 76 25 OHice,
329 2795 71 22 where
418 2798 82 25 parties
520 2799 117 28 requiring

51 2822 115 18 vi>r!<rr.c-ii
177 2827 23 13 >;r
216 2824 99 18 servants
326 2828 40 15 can
383 2824 86 21 receive
484 2824 151 29 information,

52 2853 28 13 an
86 2846 11 20 I
113 2846 63 20 tho.se
192 2850 39 18 c-ul
245 2847 25 21 of
281 2847 151 28 employment
446 2857 42 15 can
505 2851 56 22 have
578 2852 59 23 their

51 2878 78 16 names
139 2872 127 27 rcfjisteied,
278 2880 29 15 on
317 2875 105 27 applying
432 2880 22 18 to

228 2906 92 23 DaKIEIi
334 2907 138 27 KIDDITORD,

376 2935 156 29 Immigration
550 2938 84 28 Agent.

78 2964 121 24 T'.iornrTon
211 2967 71 26 Quay,
294 2967 143 30 Wellington,

146 2992 124 22 Dtceir.bcr
284 2995 33 25 i'O,
334 2996 59 21 1840.

45 3044 77 50 PV
130 3045 44 21 BL
184 3046 8 20 I
200 3047 16 20 C
240 3047 68 20 CA\.
315 3047 54 21 E.~
369 3048 45 22 The
425 3051 129 22 remainder
563 3053 26 21 of
601 3053 35 22 the

126 3072 80 22 Good?.
217 3080 27 13 c;c
414 3076 68 27 being
489 3084 48 14 now
546 3079 88 27 landed,

133 3101 256 28 BETiI'JHE'AMD
407 3109 148 24 HUNTER

51 3138 53 22 Will
114 3145 86 15 resume
211 3139 79 26 selling
301 3140 28 27 by
336 3142 96 27 auction,
440 3142 94 24 without
540 3152 94 19 reserve,

51 3173 28 14 en
97 3164 113 26 Tuesday,
230 3166 99 27 Jai.ua.y
343 3169 21 26 5,
383 3169 59 26 IS4I,
461 3173 23 17 at
501 3171 24 21 11
543 3172 92 24 o'clock,

51 3199 15 14 v
72 3192 43 21 her.
126 3197 84 19 !ire.it
220 3192 84 27 variety
317 3193 24 21 of
356 3195 71 21 useful
445 3195 88 24 articles
550 3199 43 21 will
609 3200 27 22 be

50 3218 128 26 submitted,
190 3219 125 26 eonsisiiug,
327 3220 58 21 inter
395 3221 49 27 alia,
458 3223 50 20 of

77 3251 43 22 Tin
136 3258 99 14 w\c.
239 3251 93 28 Kettles,
348 3261 129 21 saucepans,
493 3256 77 29 lamps,
588 3259 49 21 lan-

50 3279 85 24 l-wne,
160 3279 80 26 dishes,
265 3286 83 21 covers,
369 3280 68 24 bread
458 3283 94 23 baskels.
572 3293 64 17 camp

49 3304 89 22 kettles.

78 3330 210 22 I[ouo-.Yv,v.nE.-
292 3331 117 30 Troupots,
424 3334 88 28 keUles,
528 3340 53 19 stew
591 3339 46 22 and

51 3364 129 19 saucepans,
196 3358 41 20 &-c.
247 3359 40 20 fire.
300 3359 38 21 &c.

78 3383 178 23 iRONMoNfIKi:*.
285 3385 88 22 Dinner
388 3387 44 21 and
449 3387 85 23 dessert
552 3394 43 18 sets
614 3392 26 21 of

49 3409 79 23 3;r>ives
139 3409 44 21 and
193 3410 66 25 forks,
271 3413 140 26 carpenters',
422 3414 159 29 blacksmiths',
592 3418 43 22 and

52 3435 149 23 thoemakcrs'
221 3437 62 27 tools,
305 3437 83 28 Jiinges,
409 3440 63 27 nails,
493 3449 63 20 saws,
575 3451 59 18 axes,

50 3463 53 21 v.ive
113 3463 77 25 sieves,
202 3463 40 22 Sec.
254 3465 39 21 &c.

79 3489 81 21 Glas->.
190 3489 123 28 Tumblers,
331 3490 56 23 vine
403 3491 90 29 glasses,
511 3494 123 28 decanters,

50 3515 43 22 salt
103 3521 85 16 cei.ars.

77 3541 69 21 Earth
162 3549 14 13 n
180 3549 62 20 ware,
259 3545 69 19 assovt
331 3542 34 23 ed.

77 3567 56 27 H?u,
145 3568 72 27 black,
233 3570 45 21 aud
286 3569 66 22 wliite
361 3570 79 29 paints,
456 3571 86 24 linseed
553 3573 28 23 oil
591 3575 44 22 and

50 3595 135 25 turpentine.

78 3620 79 26 Hums,
170 3621 76 25 bncon,
258 3621 45 22 and
313 3621 86 23 cheese.

77 3646 89 22 Bottled
177 3648 44 22 and
237 3648 96 27 draught
347 3649 75 28 wines,
439 3650 87 24 bottled
540 3651 34 24 ale
590 3654 45 23 and

50 3675 67 20 stout.
390 3674 4 7 %

79 3699 104 27 Superior
192 3707 49 14 case
250 3700 46 27 gin.

79 3725 120 27 Buckskin,
211 3727 115 27 moleskin,
338 3728 57 27 drill,
412 3729 46 23 and
473 3729 75 23 velvet
562 3733 73 21 waist-

52 3752 95 26 cojiting.

79 3778 63 24 Hair,
155 3778 89 27 clothes,
256 3780 45 21 and
310 3779 52 22 shoe
372 3780 101 24 brushes.

77 3801 94 25 Powder
180 3804 74 29 horns,
264 3806 73 28 flasks,
348 3806 50 23 shot
406 3808 65 27 belts,
486 3809 45 23 and
545 3817 90 20 percus-

51 3830 47 23 sion
110 3838 58 20 caps.

78 3856 135 24 Lancashire
222 3858 45 22 and
282 3858 76 23 Welsh
374 3860 91 28 flannel,
482 3869 14 14 a
511 3862 43 23 few
569 3863 65 24 horse

50 3890 60 21 rugs,
120 3884 44 23 aud
174 3884 87 23 various
272 3884 63 23 other
343 3886 95 23 articles.

263 3925 80 20 TEEMB,
355 3926 64 17 CASH.
