2550 4010
1930 3351 57 21 First
2003 3349 77 23 obtain
2094 3349 61 22 from
2170 3355 59 17 some
2246 3347 136 28 respectable
2397 3347 51 23 firm
2464 3347 25 23 in

1905 3377 95 28 Sydney,
2019 3383 25 15 or
2060 3375 126 27 elsewhere)
2207 3374 44 27 (the
2268 3382 60 14 more
2342 3375 89 26 distant,
2449 3374 39 21 the

1905 3404 68 22 better
1988 3403 34 23 for
2039 3410 56 21 your
2112 3408 49 16 awn
2181 3401 110 32 purpose,)
2314 3408 13 14 a
2345 3401 103 27 quantity
2464 3400 27 22 of

1904 3429 163 26 merchandize,
2079 3429 34 22 for
2120 3435 101 21 carrying
2227 3435 28 15 on
2265 3427 61 23 trade
2335 3434 28 15 on
2373 3427 38 22 the-
2418 3430 66 24 coast,

1905 3457 42 21 and
1958 3456 62 22 whon
2032 3463 56 19 your
2097 3455 124 26 employers
2234 3454 56 22 send
2301 3454 54 22 thsir
2366 3455 77 26 ngciits
2453 3454 35 22 for

1905 3483 34 22 the
1955 3490 96 21 purpose
2066 3483 25 21 of
2106 3482 117 26 balancing
2238 3484 113 23 accounts,
2367 3480 65 23 make
2449 3483 40 19 out

1904 3518 58 14 some
1974 3509 54 23 such
2046 3509 36 22 bill
2099 3516 28 15 as.
2140 3508 36 22 the
2192 3508 124 27 suhjoinod,.
2333 3514 24 14 as
2373 3514 14 16 a.
2402 3510 46 19 sort
2463 3506 28 22 of

1904 3537 76 22 set-off
1989 3536 34 22 for
2035 3535 57 22 what
2102 3542 45 21 you
2156 3542 52 20 may
2218 3535 24 21 be
2256 3534 106 21 indebted
2378 3537 23 17 to
2417 3534 69 20 them.

1905 3563 39 22 \Ve
1954 3570 40 15 can
2006 3561 72 24 vouch
2088 3562 35 22 for
2133 3561 36 23 the
2180 3568 104 20 accuracy
2296 3561 25 21 of
2336 3561 24 27 it,
2376 3560 44 21 and
2430 3560 58 26 hope

1904 3591 17 20 it
1936 3589 46 23 will
1999 3593 35 19 act
2051 3597 24 13 a3
2091 3596 14 14 a
2119 3589 99 26 warning
2234 3590 22 18 to
2276 3586 126 22 merchants
2420 3590 22 17 to
2455 3586 29 21 be

1905 3617 80 21 careful
1996 3616 53 22 with
2060 3615 73 23 whom
2149 3614 53 28 they
2217 3621 50 20 may
2284 3617 86 18 entrust
2385 3612 103 23 valuable

1905 3647 109 24 property.

1924 3677 35 17 Mr.
1969 3676 19 18 F.
2001 3676 13 18 L
2100 3676 22 19 T,

2181 3696 26 16 To
2217 3695 10 17 S
2292 3695 14 16 T,
2324 3694 16 18 R
2446 3695 21 16 L.

1903 3718 64 19 Actinß
1974 3722 20 12 as
2000 3717 46 21 pilot
2052 3716 82 19 onboard
2278 3716 104 16 fioiuKifia

1924 3740 17 15 to
1948 3739 104 19 Wjn,;aioa,
2061 3737 34 17 uiid
2103 3737 77 17 services
2188 3738 18 15 at
2214 3736 82 20 Ihat^pirt
2385 3735 38 18 £20
2444 3737 11 15 0
2475 3736 11 16 0

1903 3759 23 16 To
1937 3760 76 17 making
2024 3763 11 11 a
2047 3759 56 16 coflin,
2117 3758 69 20 finding
2197 3757 66 18 boards,
2277 3756 84 21 building
2371 3762 11 10 a

1922 3781 55 15 house
1985 3783 18 13 to
2011 3780 45 18 bury
2063 3779 35 18 tylr.
2106 3779 20 17 F,
2133 3778 14 16 L
2230 3777 19 16 t's
2258 3777 33 19 Rirl
2401 3778 21 16 25
2442 3777 11 16 0
2475 3778 11 15 0

1903 3800 23 18 To
1934 3800 96 21 bupitfyiug
2037 3800 50 17 mi.k.
2095 3799 36 16 fend
2138 3798 73 21 feeding
2216 3798 35 16 and
2256 3798 86 20 rearing
2348 3798 35 16 culf

1922 3821 94 19 belonging
2025 3824 17 12 to
2051 3820 33 16 Mr.
2093 3819 19 17 F.
2121 3819 14 16 L
2218 3819 11 18 1,
2237 3818 28 17 for
2272 3818 28 16 six
2307 3819 73 16 months
2403 3819 20 15 10
2444 3818 10 16 0
2475 3818 11 15 0

1902 3842 32 17 For
1941 3846 11 11 i
1958 3841 73 18 fowling
2037 3840 50 21 piece
2095 3840 58 16 which
2161 3840 8 15 I
2181 3838 99 21 purcliast-d
2292 3843 24 12 on
2326 3839 55 16 liunrd
2401 3849 5 6 ,

1923 3864 10 9 i.
1938 3862 17 16 ii
2057 3861 34 16 and
2100 3861 85 15 returned
2192 3861 18 15 to
2215 3863 40 16 you,
2267 3859 58 17 which
2333 3861 49 14 went
2407 3864 9 7 <•

1921 3884 18 15 to
1945 3883 71 20 Sydney
2023 3882 21 16 in
2148 3880 39 21 briff
2411 3880 43 15 5-0
2474 3879 13 16 0

2384 3919 41 22 4R
2443 3920 14 17 0,
2475 3920 13 19 ft

1921 3944 56 19 lUfla,
1986 3943 47 17 Nor.
2040 3943 27 19 53,
2076 3942 48 17 1840.
2194 3952 7 10 ,

704 1887 51 25 The
798 1887 119 25 Blenheim
958 1888 99 31 brought
1065 1888 38 24 the
1110 1888 149 31 proceedings

670 1922 26 22 of
718 1921 37 24 the
778 1921 79 24 House
876 1922 25 23 of
924 1921 124 24 Commons
1072 1922 136 23 Committee
1230 1930 28 15 on

670 1954 59 24 New
739 1954 107 29 Zealand,
861 1955 127 30 consisting
1000 1956 23 22 of
1041 1963 15 15 a
1074 1954 64 31 large
1156 1963 62 15 mass
1237 1956 24 22 of

670 1988 105 23 evidence
786 1988 28 30 by
826 1989 90 22 various
929 1996 104 23 persons,
1047 1988 45 23 and
1111 1989 39 22 the
1170 1988 89 31 Report

670 2021 122 23 submitted
804 2027 23 17 to
840 2022 39 22 the
898 2022 137 23 Committee
1052 2021 31 31 by
1101 2021 63 23 Lord
1184 2022 72 24 Eliot.

670 2054 59 23 This
748 2054 95 32 Report,
863 2056 75 28 owing
956 2059 23 19 to
1000 2055 86 24 several
1104 2055 114 24 members
1236 2056 25 22 of

670 2088 38 24 the
728 2088 136 23 Committee
885 2088 76 31 acting
978 2088 54 23 with
1052 2088 63 24 Lord
1134 2088 65 24 Eliot
1219 2095 39 17 uot

671 2121 68 30 being
756 2126 100 26 present,
880 2128 45 17 was
948 2126 40 19 not
1007 2121 87 24 carried
1106 2130 6 19 ;
1138 2122 42 23 but
1198 2129 25 16 as
1242 2123 17 22 it

670 2154 130 24 underwent
818 2155 175 25 consideration,
1016 2154 71 24 forms
1105 2159 51 26 part
1176 2155 25 22 of
1221 2154 37 24 the

670 2188 147 30 proceedings
829 2187 26 23 of
870 2187 37 24 the
928 2188 144 28 Committee,
1092 2187 72 24 which
1183 2188 75 23 closed

670 2221 29 23 its
710 2220 91 24 labours
813 2220 55 24 with
880 2220 52 31 only
950 2221 117 31 reporting
1085 2220 39 24 the
1143 2221 113 23 evidence.

670 2253 44 25 We
725 2253 91 31 publish
828 2254 50 24 that
888 2255 88 30 portion
990 2255 25 23 of
1031 2254 37 23 the
1079 2259 77 25 report
1166 2254 93 24 deemed

670 2288 30 30 by
723 2295 27 15 us
772 2295 63 16 more
852 2287 147 31 particularly
1020 2288 135 30 interesting
1174 2291 21 20 to
1218 2295 40 16 our

670 2320 99 28 readers,
782 2320 29 31 by
822 2320 76 24 which
909 2321 19 22 it
939 2320 45 23 will
997 2321 27 23 be
1042 2328 54 16 seen
1115 2321 39 23 the
1171 2328 87 16 recom-

670 2353 141 24 mendations
824 2354 26 23 of
865 2361 40 16 our
917 2352 94 29 friends,
1031 2354 44 23 and
1092 2353 39 24 the
1149 2353 109 32 proceed-

671 2387 51 31 ings
734 2387 26 23 of
775 2387 38 23 Sir
826 2386 91 31 George
932 2387 82 30 Gipps,
1033 2394 39 16 are
1090 2394 55 23 very
1155 2387 101 28 similar;

670 2427 34 16 we
726 2427 60 23 may,
809 2419 120 29 therefore,
948 2420 59 30 hope
1031 2419 38 24 the
1088 2420 130 23 settlement
1237 2420 24 23 of

672 2453 56 23 New
742 2452 100 24 Zealand
862 2453 44 23 will
925 2453 96 31 proceed
1038 2453 54 23 with
1115 2454 79 29 vigour
1214 2453 44 23 and

671 2486 23 23 in
705 2486 109 30 harmony
827 2486 55 23 with
893 2486 38 23 the
945 2487 126 31 Company,
1084 2486 29 31 by
1122 2486 76 23 whose
1211 2491 47 18 acts

671 2519 62 24 these
742 2519 89 24 Islands
840 2519 56 23 have
903 2520 55 23 been
966 2519 100 32 brought
1074 2528 25 15 so
1106 2519 152 32 prominently

670 2552 76 24 before
758 2552 38 24 the
809 2554 110 22 attention
931 2553 26 23 of
971 2552 40 24 the
1021 2553 85 23 British
1119 2552 83 32 public,
1212 2558 23 18 at
1246 2561 13 15 a

670 2585 78 32 period
765 2585 66 24 when
850 2587 135 30 emigration
1003 2587 21 22 is
1043 2594 62 15 more
1129 2586 54 23 than
1207 2594 51 16 ever

670 2626 119 24 necessary
806 2623 22 19 to
844 2619 82 24 relieve
946 2619 37 24 the
1002 2618 125 25 distressed
1145 2619 113 24 condition

670 2652 25 24 of
710 2652 37 24 the
758 2652 122 31 labouring
894 2652 94 24 classes.

718 2690 63 22 Your
795 2690 134 22 Committee
946 2697 50 15 now
1011 2690 94 28 proceed
1120 2693 25 19 to
1154 2693 57 19 state
1221 2690 37 22 the

670 2718 118 26 principles
798 2717 80 27 which,
895 2718 23 21 in
929 2717 57 22 their
996 2718 98 27 opinion,
1112 2718 80 21 should
1201 2718 31 21 foi
1239 2726 19 14 m

670 2744 38 22 the
717 2744 59 22 basis
785 2744 26 21 of
821 2752 14 13 a
845 2744 42 22 law
898 2747 22 18 to
927 2744 26 22 be
965 2744 94 22 enacted
1068 2744 30 27 by
1106 2744 37 22 the
1154 2744 104 26 Imperial

671 2771 141 27 Parliament,
830 2771 36 21 for
882 2771 37 21 the
934 2770 129 22 settlement
1073 2771 26 21 of
1110 2771 36 21 the
1155 2771 71 27 rights
1237 2772 26 21 of

670 2801 104 25 property
788 2798 23 21 in
829 2797 56 22 New
895 2798 107 26 Zealand,
1023 2798 45 22 and
1084 2798 34 21 for
1132 2798 39 21 the
1185 2798 74 22 future

668 2828 148 24 government
826 2825 27 21 of
864 2825 47 21 that
925 2824 88 28 colony.

721 2852 18 21 1.
757 2851 21 22 It
787 2859 93 20 appears
896 2855 22 18 to
933 2851 43 22 this
1154 2850 49 23 that
1219 2850 39 23 the

669 2878 138 28 expediency
825 2878 27 21 of
862 2878 128 28 separating
1005 2878 37 22 the
1059 2878 111 32 proposed
1178 2878 81 28 colony

669 2905 27 21 of
706 2905 56 21 New
779 2904 101 22 Zealand
896 2904 56 22 from
970 2904 38 22 the
1023 2904 140 27 jurisdiction
1184 2905 27 21 of
1222 2904 36 22 the
1265 2925 2 4 .

670 2931 117 22 Governor
805 2932 46 21 and
869 2931 92 23 Council
981 2932 26 21 of
1019 2932 55 21 New
1094 2932 70 21 South
1174 2931 82 27 Wales,

669 2958 44 22 and
729 2959 26 21 of
765 2959 101 25 erecting
880 2959 18 21 it
914 2958 46 22 into
978 2965 14 14 a
1000 2958 91 22 distinct
1101 2958 101 22 Colonial
1214 2958 44 22 Go-

669 2991 124 19 vernment,
804 2984 81 22 should
894 2986 87 21 receive
992 2985 37 21 the
1037 2984 88 22 earliest
1133 2985 126 22 considera-

668 3012 47 22 tion
727 3012 26 22 of
765 3012 47 21 Her
825 3012 116 27 Majesty's
950 3012 162 22 Government.

752 3039 59 21 That
820 3038 39 22 the
869 3038 41 22 soil
920 3039 25 21 of
956 3038 56 22 New
1023 3038 106 28 Zealand,
1142 3045 25 14 or
1176 3038 26 22 of
1214 3045 44 21 any

668 3069 60 23 parts
738 3066 89 22 thereof
838 3073 54 14 over
901 3065 71 22 which
983 3064 38 23 the
1030 3066 142 26 sovereignty
1183 3065 26 22 of
1221 3064 37 23 the

669 3092 78 22 Crown
764 3092 56 22 shall
837 3092 57 22 have
910 3092 57 22 been
985 3092 140 22 established,
1143 3090 80 23 should
1232 3092 26 22 be

668 3119 76 21 vested
755 3119 69 27 solely
833 3119 23 21 in
868 3120 37 20 the
916 3120 79 20 Crown
1003 3127 6 19 ;
1025 3119 46 21 and
1087 3118 49 22 that
1151 3118 38 22 the
1199 3118 59 22 titles

669 3149 22 18 to
698 3145 61 28 land,
771 3146 25 22 of
803 3146 95 27 settlers,
909 3149 23 18 at
939 3146 112 21 whatever
1057 3145 78 28 period
1143 3145 113 28 acquired,

669 3172 79 22 should
765 3177 39 17 not
813 3173 28 21 be
852 3172 134 27 recognized
1002 3179 24 15 as
1042 3172 66 27 legal,
1127 3172 76 21 unless
1221 3172 37 21 the

668 3206 61 15 same
739 3200 56 21 shall
806 3200 27 21 be
844 3199 123 22 confirmed
978 3199 35 27 by,
1032 3206 26 14 or
1068 3198 91 22 derived
1168 3198 64 25 from,
1246 3206 12 13 a

668 3229 65 23 grant
743 3229 21 19 to
775 3226 27 21 be
812 3226 66 22 made
886 3226 24 21 in
923 3226 45 22 Her
980 3226 116 27 Majesty's
1104 3232 74 15 name.
1207 3225 51 22 The

668 3259 127 21 possessory
804 3253 71 27 rights
885 3253 27 21 of
923 3253 37 21 the
978 3253 87 21 natives
1082 3255 22 18 to
1121 3252 57 21 their
1193 3252 65 21 landi

668 3278 80 23 should
767 3280 28 20 be
822 3279 102 22 retained
942 3280 23 21 in
986 3278 51 24 full;
1061 3279 41 21 but
1120 3278 38 22 tha
1178 3280 79 20 Crown

668 3305 80 23 should
758 3306 56 22 have
824 3306 39 22 the
873 3306 113 22 exclusive
996 3305 60 27 right
1072 3305 26 22 of
1108 3305 148 27 pre-emption

669 3339 53 15 over
731 3333 29 21 all
772 3332 54 22 such
836 3333 64 22 lands
911 3340 23 15 as
944 3332 53 28 they
1007 3339 51 20 may
1073 3332 28 22 be
1109 3350 4 6 .
1120 3332 105 28 disposed
1234 3336 22 18 to

668 3358 104 23 alienate.

718 3387 20 20 3.
753 3386 58 21 That
821 3386 18 21 it
849 3386 17 22 is
877 3386 120 27 expedient
1007 3385 49 22 (hat
1066 3384 190 28 Commissioners,

668 3415 40 18 not
715 3412 68 27 being
791 3419 93 20 persons
893 3412 125 22 connected
1024 3412 53 21 with
1089 3411 115 28 orhpving
1214 3419 44 20 any

668 3438 120 28 pecuniary
798 3439 93 22 interest
909 3439 23 22 in
948 3439 73 22 either
1035 3438 57 23 New
1102 3438 70 23 South
1183 3438 75 23 Wales

669 3471 25 15 or
713 3464 55 23 New
779 3465 105 27 Zealand,
906 3465 80 22 should
1001 3466 27 21 be
1044 3464 121 29 appointed
1179 3466 30 26 by
1220 3464 37 23 the

669 3490 78 22 Crown
758 3496 23 17 to
790 3491 87 28 inquire
886 3492 48 21 into
949 3491 46 23 and
1011 3492 124 22 determine
1150 3499 61 19 upon
1228 3492 29 22 all

669 3516 76 23 claims
755 3521 23 18 to
793 3517 66 22 lands
873 3519 22 21 in
912 3518 56 22 New
979 3518 106 26 Zealand,
1104 3518 121 27 according
1236 3523 21 18 to

670 3544 82 21 certain
770 3544 91 22 definite
877 3544 120 29 principles
1015 3548 20 19 to
1052 3546 28 21 be
1096 3544 47 23 laid
1159 3544 64 23 down
1234 3545 23 22 in

668 3570 57 22 their
739 3570 151 23 instructions.

754 3597 59 22 That
829 3597 38 21 the
883 3598 185 22 Commissioners
1084 3596 81 23 should
1173 3597 29 22 be
1212 3605 46 14 em-

669 3624 101 25 powered
789 3626 23 19 to
829 3623 65 23 make
913 3624 159 31 confirmatory
1089 3628 76 23 grants
1174 3624 24 22 in
1212 3624 47 22 Her

669 3650 119 31 Majesty's^
801 3657 74 19 name,
896 3650 94 23 without
1011 3650 113 29 requiring
1142 3657 44 20 zny
1202 3658 55 20 pay-

669 3681 68 21 ment,
757 3676 66 28 price,
845 3683 24 14 or
880 3677 113 27 purchase-
999 3685 81 19 money
1091 3676 116 28 whatever,
1235 3681 23 18 to

668 3703 38 23 the
722 3702 73 23 actual
812 3710 124 20 possessors
951 3703 27 22 of
989 3704 64 22 lands
1068 3703 73 22 which
1152 3703 63 27 snail,
1235 3708 23 17 at

668 3730 37 22 the
715 3730 54 22 lime
779 3729 25 22 of
816 3730 99 26 opening
928 3730 36 21 the
976 3730 109 28 proposed
1101 3730 155 28 Commission,

668 3757 56 22 have
735 3757 55 22 been
801 3756 61 22 buna
872 3756 43 21 fide
924 3756 58 23 built
995 3763 68 21 upon,
1084 3756 128 26 cultivated,
1233 3765 25 14 or

668 3784 88 22 cleared
765 3782 45 23 and
818 3782 103 23 enclosed
929 3783 33 22 for
971 3788 124 22 pasturage.
1124 3782 73 23 These
1205 3790 52 15 con-

667 3810 82 23 ditions
757 3815 22 18 to
786 3810 28 22 be
822 3808 49 23 well
878 3809 96 27 defined,
986 3810 45 21 and
1038 3809 58 22 their
1104 3810 153 26 performance

668 3837 85 27 strictly
763 3836 91 28 proved,
865 3836 23 21 in
899 3836 65 22 order
973 3839 21 18 to
1002 3836 70 26 guard
1082 3836 88 26 against
1179 3836 78 22 claims

667 3864 35 22 for
710 3867 76 23 grants
795 3863 70 26 being
875 3862 64 23 made
950 3862 71 23 under
1030 3862 56 22 false
1096 3866 124 23 pretences.

752 3890 59 21 That
821 3889 38 22 the
868 3889 89 22 holders
967 3889 26 21 of
1004 3889 65 22 lands
1080 3892 39 18 not
1129 3889 23 22 in
1163 3889 94 22 cultiva-

669 3916 53 27 tion,
734 3916 73 23 whose
818 3916 59 21 titles
887 3913 56 25 shall
953 3916 58 21 have
1026 3915 58 22 been
1101 3915 110 22 admitted
1226 3915 32 27 by

668 3943 37 23 ths
715 3942 190 27 Commissioners,
916 3941 58 24 shall
983 3942 123 27 thereupon
1117 3941 57 22 have
1184 3949 16 15 a
1207 3948 51 21 pre-

89 1618 43 23 We
143 1618 56 23 have
210 1622 23 19 to
245 1616 73 25 thank
330 1626 13 14 a
358 1617 176 31 correspondent
550 1617 35 24 for
601 1616 39 26 the

57 1651 118 32 subjoined
191 1651 103 23 valuable
307 1651 81 30 jarticle
407 1658 30 16 on
457 1651 37 23 the
511 1651 89 31 subject
617 1651 26 23 of

56 1684 53 28 flax,
123 1684 42 23 and
177 1684 44 32 beg
233 1689 23 18 to
268 1688 57 19 state
337 1691 33 16 we
383 1684 58 24 shall
452 1684 30 23 he
492 1684 76 31 happy
576 1689 22 18 at
611 1684 29 23 all

55 1718 67 22 times
132 1723 21 17 to
165 1718 51 31 give
235 1717 109 23 insertion
362 1722 23 18 to
399 1718 202 23 communications
618 1718 25 22 of

56 1750 39 24 the
101 1750 64 25 kin-1.
195 1750 44 23 We
249 1750 67 23 think
324 1758 40 15 our
372 1750 175 32 correspondent
554 1750 86 31 greatly

54 1783 122 24 underates
187 1783 39 24 tha
237 1787 77 19 extent
326 1789 22 17 to
360 1783 73 24 which
445 1784 137 30 agriculture
590 1792 51 23 may

54 1816 153 32 immediately
217 1817 30 23 be
260 1816 85 24 carried
360 1823 36 22 on,
416 1817 45 24 and
479 1817 38 23 the
535 1816 65 24 value
618 1819 22 21 oi

54 1857 43 17 our
115 1851 89 22 various
227 1850 68 23 kinds
316 1850 27 23 of
365 1850 82 24 timber
466 1858 26 15 as
510 1850 90 23 articles
618 1851 25 22 of

55 1887 80 27 export
143 1891 6 20 ;
170 1883 40 24 but
221 1883 29 23 lie
257 1884 20 22 is
285 1883 113 31 evidently
408 1891 30 15 an
445 1883 129 24 enthusiast
581 1891 59 23 upon

54 1915 39 25 the
104 1916 88 31 subject
204 1916 25 24 of
243 1916 54 28 flax,
310 1916 45 24 and
370 1924 61 23 may,
450 1917 122 28 therefore,
590 1916 50 24 well

54 1948 29 25 be
106 1949 104 24 excused.
259 1949 47 24 His
326 1950 154 30 experiments
498 1957 39 15 are
555 1949 27 24 of
603 1949 38 24 the

54 1987 84 19 utmost
152 1984 138 29 importance
299 1991 7 20 ;
329 1982 42 24 but
388 1983 83 23 should
489 1983 153 31 experiments

55 2015 67 24 made
139 2024 29 15 on
186 2024 14 15 a
217 2016 67 23 much
303 2016 76 30 larger
395 2016 62 23 scale
474 2016 51 23 lead
546 2021 23 18 to
588 2024 53 24 very

54 2049 68 23 much
134 2048 90 24 smaller
235 2049 91 29 results,
345 2049 37 23 the
402 2049 66 24 value
487 2050 24 22 of
533 2049 36 23 his
588 2050 53 30 plan

56 2082 47 23 still
115 2082 63 23 could
193 2081 80 32 hardly
285 2083 27 22 be
324 2082 78 32 placed
414 2087 37 18 too
463 2082 54 31 high
527 2091 6 15 :
551 2083 46 23 and
609 2091 32 16 we

56 2123 38 15 are
106 2116 111 23 confidant
229 2123 42 16 our
281 2116 76 23 fellow
375 2116 117 24 Colonists
510 2116 73 23 would
601 2121 41 19 not

54 2147 29 24 be
95 2148 53 23 slow
160 2149 22 22 in
196 2149 114 30 awarding
321 2149 47 23 him
387 2157 14 15 a
419 2149 123 23 handsome
561 2154 79 19 return

56 2180 36 24 for
110 2181 36 24 the
165 2187 64 25 great
247 2182 59 31 good
323 2182 75 23 which
416 2182 74 24 would
508 2183 77 23 attend
604 2183 38 23 the

57 2214 134 30 settlement,
204 2216 59 23 from
281 2222 30 17 an
329 2216 116 23 extensive
464 2215 136 32 application
619 2217 24 22 of

57 2248 39 23 the
109 2253 90 24 system.

146 2286 19 22 is
183 2289 74 25 pretty
274 2286 115 28 generally
409 2286 113 27 admitted,
545 2286 49 23 that
611 2294 31 15 no

57 2312 83 28 Colony
151 2321 41 14 can
201 2314 28 21 be
244 2321 130 19 prosperous
390 2314 46 21 and
452 2313 189 27 self-supporting,

56 2338 20 23 if
88 2339 101 23 destitute
199 2340 26 22 of
236 2347 60 15 some
307 2340 76 22 article
398 2348 26 13 or
439 2340 88 22 articles
544 2341 26 20 of
584 2340 56 23 local

56 2366 95 26 produce
162 2367 33 21 for
204 2367 141 27 exportation
353 2375 5 18 ;
377 2367 47 22 and
435 2367 61 22 there
505 2367 19 22 is
534 2374 30 14 ro
575 2366 68 23 doubt

56 2392 48 23 thnt
118 2392 35 23 the
168 2401 81 14 soonpr
265 2401 13 14 a
295 2400 49 15 new
360 2393 87 27 Colony
464 2401 41 14 can
520 2398 79 23 export
614 2394 28 23 its

52 2420 148 28 production*,
210 2420 39 22 the
259 2420 72 22 better
339 2420 35 21 for
383 2420 27 22 its
421 2420 129 28 prosperity.

106 2447 33 23 By
148 2447 66 22 much
226 2447 37 22 the
271 2450 87 23 greater
368 2447 86 27 portion
466 2446 24 21 of
500 2446 36 23 the
545 2447 53 22 land
607 2447 35 22 in-

56 2472 80 24 cluded
144 2474 23 21 in
182 2473 38 22 the
237 2474 110 27 township
362 2474 26 21 of
407 2473 143 27 Wellington,
568 2474 17 22 is
602 2479 40 17 not

56 2500 107 23 available
173 2500 33 23 for
216 2500 141 27 agriculture,
375 2501 33 25 (at
417 2500 63 28 least,
492 2500 34 22 for
541 2500 36 23 the
592 2509 50 19 pre-

54 2531 52 18 sent
116 2534 105 21 purposes
238 2528 25 21 of
278 2526 38 22 the
333 2526 127 28 Colonists.)
489 2527 47 22 The
553 2528 88 26 portion

54 2553 72 23 which
135 2554 18 21 is
163 2561 50 15 now
224 2554 108 22 available
343 2554 33 21 for
390 2554 37 22 the
443 2554 101 23 farmer's
560 2561 45 21 use,
622 2555 20 22 is

54 2584 37 17 too
103 2580 62 22 small
175 2584 23 18 to
207 2580 66 23 make
283 2580 137 27 Wellington
431 2588 14 14 a
453 2581 63 28 place
527 2581 26 22 »f
564 2585 77 24 export

54 2606 35 23 for
97 2608 129 26 provisions.
257 2608 21 21 It
287 2615 52 20 may
349 2608 27 21 be
391 2607 65 23 made
470 2608 37 22 the
524 2608 67 27 depot
606 2608 36 23 for

55 2633 36 22 t'.is
103 2634 94 27 produce
207 2634 27 21 of
249 2634 64 22 other
328 2634 96 23 districts
439 2635 28 22 of
484 2635 37 22 the
537 2638 101 24 country,

55 2659 72 23 better
140 2661 96 27 adapted
254 2665 21 18 to
294 2661 98 27 farming
409 2669 113 23 purposes,
543 2662 40 22 but
597 2662 44 23 less

56 2688 116 22 accessible
183 2692 21 17 to
215 2688 116 28 shipping;
348 2688 39 22 but
397 2688 43 22 this
456 2689 19 21 is
491 2689 54 27 only
562 2697 13 13 a
591 2697 51 19 pro-

55 2714 94 26 spective
159 2715 64 27 good,
235 2715 73 22 whilst
322 2715 37 22 the
369 2719 71 18 wants
457 2716 27 21 of
500 2716 37 21 the
555 2716 85 28 Colony

54 2740 25 22 in
90 2748 13 14 a
113 2741 138 22 commercial
262 2742 63 27 point
334 2742 26 21 of
371 2742 62 26 view,
450 2749 38 15 are
504 2742 136 23 immediate.

54 2766 49 23 The
111 2768 79 22 timber
198 2769 68 22 about
276 2768 44 23 this
329 2769 62 27 place
400 2769 20 21 is
434 2773 40 18 not
487 2769 115 27 generally
616 2777 24 14 so

54 2794 59 25 pood
122 2802 22 14 as
154 2796 17 20 it
181 2795 17 22 is
212 2794 48 23 said
274 2798 23 19 to
314 2796 28 21 be
357 2796 23 22 in
398 2795 66 22 other
478 2800 60 23 parts
555 2796 26 22 of
597 2796 44 22 this

55 2820 81 28 Island,
148 2821 43 22 and
201 2822 73 28 owing
283 2826 23 17 to
321 2822 36 22 the
371 2826 114 24 steepness
496 2823 26 21 of
532 2822 37 23 the
578 2822 60 28 land,

54 2846 19 23 it
81 2847 18 22 is
109 2855 58 14 more
174 2848 92 23 difficult
271 2849 45 22 and
323 2849 119 27 expensive
449 2853 22 18 to
478 2853 37 22 get
520 2850 18 21 it
544 2850 97 27 brought

56 2876 22 19 to
89 2874 34 21 the
133 2874 76 23 beach.
238 2875 96 27 Timber,
346 2875 118 28 therefore,
481 2876 18 21 is
516 2880 41 17 not
571 2876 69 28 likely

55 2902 24 19 to
87 2900 89 23 becom-j
188 2909 28 16 an
226 2902 76 23 article
313 2904 26 21 of
355 2902 116 23 extensive
487 2907 80 24 export
581 2904 59 22 from

54 2926 45 23 this
111 2928 67 22 place.

106 2954 45 23 The
159 2956 73 21 native
238 2955 75 28 hemp,
320 2963 26 15 or
381 2956 125 28 phortnium
622 2956 18 23 is

55 2979 39 22 ths
104 2982 73 21 article
188 2982 25 22 of
223 2982 57 23 local
290 2983 103 27 produce,
403 2982 73 23 which
484 2984 25 21 of
520 2983 28 22 all
558 2984 80 26 others,

56 3013 41 15 can
108 3008 50 22 with
167 3008 56 23 least
233 3010 71 26 delay,
316 3010 44 21 and
369 3010 57 22 least
439 3010 88 28 capita],
546 3010 26 22 be
589 3017 51 16 ren-

57 3032 66 23 dered
132 3034 25 23 fit
165 3035 33 22 for
209 3040 78 23 export
296 3037 23 21 in
329 3037 61 27 large
405 3036 127 28 quantities.
563 3037 20 22 It
597 3044 42 15 can

55 3059 29 22 be
93 3062 104 24 procured
207 3063 23 20 in
243 3070 14 14 a
272 3066 57 19 state
344 3063 26 22 fit
386 3064 35 21 for
437 3064 92 27 making
545 3064 95 26 cordage

56 3085 73 24 within
140 3088 33 22 six
183 3088 89 23 months
282 3090 57 21 from
348 3090 38 23 the
396 3093 91 25 present
497 3091 60 25 time,
574 3090 21 22 if
610 3098 29 15 an

56 3113 107 28 adequate
179 3116 81 25 capital
281 3116 28 21 be
329 3117 153 27 immediately
497 3117 80 24 raised,
595 3118 45 22 and

54 3146 80 21 proper
143 3142 128 27 machinery
280 3142 28 22 be
320 3144 87 21 erected
417 3144 45 22 and
471 3146 33 20 set
513 3147 24 18 to
545 3144 67 22 work.

108 3167 19 21 It
136 3175 41 24 paii
188 3168 28 21 be
225 3170 107 25 prepared
341 3170 22 21 in
373 3177 45 19 any
428 3170 102 28 required
537 3171 103 27 quantity

54 3196 24 18 at
87 3200 12 15 a
109 3194 59 26 price
179 3194 71 21 which
259 3195 73 22 would
344 3197 120 22 command
480 3204 28 15 an
525 3198 115 22 extensive

55 3220 46 23 and
109 3220 68 28 ready
187 3220 53 27 sale,
252 3221 44 22 and
311 3226 23 17 at
348 3222 38 22 the
402 3230 61 15 same
479 3224 51 21 time
546 3224 64 22 leave
627 3232 13 14 a

54 3245 62 29 large
129 3247 66 27 profit
212 3251 22 18 to
252 3248 62 21 those
331 3250 100 26 engaged
446 3250 23 21 in
487 3250 37 21 the
539 3251 61 21 trade
617 3252 26 21 of

54 3280 118 21 preparing
181 3274 24 22 it.
235 3274 33 21 As
278 3281 14 14 a
298 3274 71 27 rough
376 3276 101 22 estimate
484 3276 26 22 of
516 3276 37 22 the
561 3281 79 18 nature

56 3301 22 19 of
92 3300 43 23 this
144 3302 121 26 important
277 3301 83 26 article,
379 3302 11 21 I
407 3302 42 27 beg
465 3306 22 18 to
504 3303 82 22 submit
602 3303 38 23 the

54 3326 113 33 following
176 3327 145 22 calculations
332 3328 33 21 for
374 3328 170 23 consideration.

107 3354 42 23 Let
157 3355 18 22 it
183 3354 29 23 be
226 3354 111 28 supposed
350 3354 48 22 that
415 3354 22 22 in
456 3363 12 14 a
483 3354 45 23 flax
545 3355 55 22 farm
618 3358 25 20 of

56 3380 40 21 100
109 3388 60 15 acrer
184 3386 84 22 extent,
287 3382 56 21 each
356 3381 63 27 plant
432 3381 79 22 should
525 3389 86 21 occupy
628 3391 11 14 a

54 3413 64 20 space
128 3408 27 21 of
164 3412 44 17 two
218 3415 79 21 square
307 3407 72 28 yards,
391 3415 25 14 or
423 3415 13 14 a
443 3415 79 21 square
530 3408 26 21 of
563 3408 77 28 nearly

54 3433 103 27 fifty-one
165 3434 78 23 inches
254 3436 21 21 in
287 3434 38 23 tha
332 3434 54 27 side,
403 3434 37 23 the
449 3434 53 22 total
517 3435 94 22 number
618 3437 25 21 of

54 3461 54 21 Buch
118 3461 72 27 plants
199 3466 24 17 to
234 3469 27 15 an
272 3469 51 15 acre
333 3462 74 22 would
416 3462 27 21 be
453 3462 62 26 2,420
523 3469 6 19 ;
548 3462 51 21 take
617 3469 23 15 as

54 3493 28 15 an
98 3495 91 20 average
204 3488 55 23 each
276 3488 64 28 plant
355 3492 22 18 to
397 3488 61 28 yield
475 3488 67 23 121bs.
560 3488 26 21 of
602 3488 38 22 the

54 3513 59 22 fresh
122 3518 37 19 cut
167 3522 68 19 green
244 3514 75 23 leaves
328 3523 39 19 per
377 3522 60 21 year,
454 3515 42 22 this
508 3514 71 23 would
589 3515 51 27 give

54 3540 74 22 rather
137 3548 60 15 more
209 3542 52 22 than
272 3542 161 27 2,90^,()001b5.,
453 3549 25 14 or
493 3542 69 21 about
577 3543 63 25 1,295

54 3568 50 21 tons
114 3568 105 28 annually
230 3569 25 21 of
265 3568 60 23 fresh
336 3573 38 18 cut
383 3569 75 22 leaves
468 3568 34 23 off
516 3576 13 15 a
543 3568 57 23 farm
617 3569 26 22 of

54 3593 41 21 10J
103 3601 60 15 acres
176 3598 83 18 extent.

131 3621 57 22 have
203 3622 109 28 prepared
327 3629 14 15 a
357 3622 64 22 small
438 3622 104 28 quantity
559 3622 26 22 of
602 3621 38 23 the

54 3645 59 23 fresh
122 3652 36 18 cut
167 3648 82 27 leaves,
260 3649 30 27 by
299 3656 48 20 way
358 3650 26 21 of
396 3650 145 26 exjeriment,
550 3648 44 23 and
603 3648 36 23 the

54 3673 67 23 result
130 3675 90 22 enables
229 3683 35 14 me
276 3681 22 16 to
308 3680 55 17 state
372 3676 50 21 that
431 3677 68 21 about
513 3684 45 14 one
572 3683 66 15 fifth

54 3705 27 15 OF
96 3708 42 15 THE
154 3709 67 15 OROSS
236 3709 91 15 WEIGHT
342 3710 26 14 OF
384 3710 75 15 GREEN
478 3710 92 20 LEAVES,
589 3710 51 20 pre-

54 3727 66 25 pared
139 3728 119 28 according
277 3732 22 19 to
316 3737 38 19 my
369 3729 61 28 plan,
449 3737 41 14 can
507 3737 27 15 be
550 3737 46 14 had
612 3737 27 14 of

54 3758 69 21 hemp,
134 3754 23 22 iii
167 3762 14 14 a
189 3755 26 22 fit
228 3759 55 18 state
300 3755 35 23 for
351 3756 92 27 making
459 3756 58 27 good
532 3763 65 21 ropes
614 3763 26 15 or

54 3779 106 28 cordage:
174 3781 87 22 besides
274 3782 79 26 which,
371 3790 13 14 a
402 3786 101 24 quantity
520 3782 25 22 of
564 3789 74 16 coarse

54 3807 49 24 tow,
115 3807 62 28 equal
188 3812 22 18 to
220 3808 69 23 about
297 3808 51 23 half
358 3808 37 23 the
406 3809 81 27 weight
496 3809 27 22 of
535 3809 36 22 the
579 3809 60 23 fresh

55 3836 38 17 cut
97 3830 79 31 leaves,
184 3834 18 22 is
210 3835 104 22 obtained
322 3836 24 21 iv
353 3836 38 21 the
399 3836 114 28 operation
520 3836 26 22 of
553 3836 86 23 cleans-

54 3862 40 22 ing
104 3859 34 23 the
148 3860 66 29 hemp
225 3862 26 21 of
261 3862 62 22 short
336 3862 67 22 fibres
419 3863 45 22 and
477 3863 61 27 pulp.
567 3862 73 23 There

55 3885 78 26 would,
152 3887 121 28 therefore,-
285 3889 29 22 be
333 3889 131 26 procurable
480 3890 58 21 from
555 3889 54 22 such
626 3897 14 14 a

56 3911 61 24 tarm,
129 3913 66 23 about
203 3916 41 20 250
254 3919 50 18 tons
313 3916 26 21 of
348 3915 69 27 hemp
426 3916 24 21 in
460 3923 14 14 a
488 3923 81 19 proper
583 3918 57 20 stata

54 3937 35 21 for
98 3937 35 23 tha
142 3946 51 21 rope
204 3941 95 24 maker's
313 3949 47 19 U3e,
374 3941 47 24 and
430 3942 68 23 about
506 3944 42 21 600
557 3946 50 19 tons
617 3942 25 23 of

518 40 101 33 THE
640 40 113 32 NEW
770 42 229 32 ZEALAND
1021 42 227 32 GAZETTE
1270 43 101 31 AND
1390 42 329 33 WELLINGTON
1740 42 288 34 SPECTATOR.

1903 124 84 23 vanced
2004 133 25 15 as
2044 129 24 19 to
2087 126 65 22 mike
2168 127 125 22 immediate
2309 127 125 28 legislation
2443 136 42 14 im-

1902 152 100 27 possible,
2014 152 44 24 and
2068 152 53 27 they
2131 157 57 18 trust
2198 153 48 22 that
2254 162 12 13 a
2276 154 51 27 Bill,
2347 154 99 23 founded
2455 162 29 14 on

1903 178 36 22 tha
1954 179 215 22 recommendations
2187 180 52 27 they
2256 179 56 23 have
2335 181 108 22 ventured
2462 186 23 17 to

1902 205 70 27 make,
1984 206 43 20 will
2037 206 28 21 be
2080 206 131 22 introduced
2220 207 45 21 into
2276 207 136 23 Parliament
2420 212 24 18 at
2455 215 29 15 an

1903 232 59 25 early
1970 232 78 25 period
2057 232 30 22 of
2095 232 36 22 the
2142 237 55 17 next

669 130 13 14 a
697 130 75 15 coarse
787 127 50 23 tow,
854 123 27 22 fit
894 124 34 21 for
943 123 93 27 making
1049 131 64 21 ropes
1125 124 26 21 of
1168 124 92 22 inferior

669 149 92 28 quality,
776 150 44 22 and
830 157 76 15 coarse
916 150 96 27 packing
1023 157 101 15 canvass.

719 176 53 22 This
781 184 76 14 coarse
867 180 44 18 tow
921 176 79 26 would,
1011 177 21 22 if
1042 176 49 22 sold
1100 184 24 14 so
1134 177 44 21 low
1186 184 25 15 as
1225 177 34 22 £3

668 209 40 20 per
718 206 46 23 ton,
775 203 81 22 almost
865 210 43 20 pay
918 202 38 23 the
966 202 72 23 whole
1053 203 48 22 first
1114 207 48 18 cost
1178 204 27 21 of
1221 203 37 22 the

670 230 106 26 prepared
786 229 73 27 hemp,
871 229 117 27 including
997 233 55 23 rent,
1068 236 97 21 expense
1176 230 26 21 of
1212 229 47 23 cul-

669 255 94 27 tivating
772 256 45 21 and
826 256 121 27 procuring
957 255 36 22 the
1004 263 45 15 raw
1059 256 83 27 leaves,
1160 256 44 22 and
1220 256 38 22 the

671 289 71 20 \vages
752 282 26 21 of
789 281 37 22 the
837 283 124 26 operatives
971 282 100 28 engaged
1078 284 23 20 in
1110 282 37 23 the
1155 289 104 21 prepara-

669 308 46 22 tion
726 308 25 22 of
762 309 25 22 it.
814 308 49 23 The
873 308 75 28 hemp,
958 309 20 22 if
993 309 50 22 sold
1058 317 57 14 even
1133 317 26 14 so
1175 309 42 22 low
1234 316 24 15 as

668 334 48 23 £15
726 342 40 20 per
775 339 46 23 ton,
833 336 74 21 would
915 336 28 21 be
953 336 79 27 nearly
1046 336 29 21 all
1092 336 73 27 profit,
1180 343 24 14 as
1221 335 38 22 the

669 365 47 18 cost
726 361 26 22 of
762 362 120 28 procuring
892 362 18 21 it
923 362 73 22 would
1012 364 26 21 be
1055 362 88 27 almost,
1162 370 24 14 or
1202 362 56 22 alto-

669 388 83 26 gether,
773 388 95 22 covered
884 389 29 27 by
930 388 39 23 the
981 390 67 21 value
1059 389 28 22 of
1092 388 48 22 'the
1156 393 51 18 tow.
1237 389 21 22 A

668 415 80 27 capital
758 416 28 21 of
796 422 29 14 no
835 423 63 14 more
908 414 54 24 than
971 415 84 27 £5,000
1065 415 73 22 would
1153 416 29 21 be

668 441 61 23 cient
738 446 22 17 to
770 447 34 16 set
813 449 28 15 on
852 442 48 22 foot
909 449 29 14 an
953 442 169 22 establishment
1134 442 92 26 capable
1237 442 25 21 of

670 468 90 28 turning
770 472 39 18 out
818 469 57 22 from
885 470 40 21 603
936 472 23 19 to
969 470 40 21 700
1019 473 51 18 tons
1084 468 114 28 annually,
1213 468 46 22 and

668 495 23 22 in
703 503 43 20 any
757 503 50 14 case
817 496 74 21 would
901 503 42 20 pay
954 495 41 23 full
1005 498 27 20 80
1042 503 39 20 per
1090 500 58 18 cent,
1156 495 67 29 profit
1228 503 29 14 on

669 522 38 21 the
717 522 64 22 value
792 522 26 21 of
828 522 38 21 the
876 522 67 31 hemp
957 522 55 22 sold.

721 548 10 22 I
741 556 35 15 am
785 549 26 21 of
819 548 92 28 opinion
920 548 48 23 that
974 556 29 14 an
1012 548 169 23 establishment
1188 548 26 21 of
1220 548 38 22 the

668 574 63 28 kind,
741 574 82 26 having
833 576 115 21 extensive
959 582 53 20 rope
1023 574 68 23 walks
1099 575 23 22 in
1131 575 126 22 connexion

669 602 53 22 with
731 602 22 26 it,
766 602 71 22 would
848 602 29 21 be
887 609 43 15 one
939 602 28 21 of
977 602 38 22 the
1024 602 48 21 be.it
1082 602 84 27 paying
1174 601 84 22 invest-

670 632 72 19 ments
751 629 27 22 of
788 628 82 32 capital
880 628 72 22 which
962 636 42 15 can
1015 628 97 28 possibly
1122 628 28 22 be
1159 628 64 21 made
1235 628 21 21 in

670 655 43 22 this
720 656 70 27 place.
812 657 10 20 I
831 655 58 22 shall
896 656 55 21 send
959 663 13 14 a
979 655 84 28 sample
1073 655 26 22 of
1106 654 36 23 the
1150 654 108 30 prepared

669 682 66 26 hemp
744 682 34 22 for
787 689 56 19 your
852 682 86 22 further

57 128 125 33 dependent
193 134 30 16 on
233 126 54 25 Van
294 125 121 25 Dieman's
423 124 68 24 Land
508 124 35 24 for
560 124 78 24 bread.

56 163 48 25 Mr.
116 161 84 24 Brown
217 160 80 23 knows
315 159 50 23 that
382 157 82 25 should
482 157 50 24 that
550 157 56 24 kind
618 158 25 23 of

56 199 93 26 country
160 200 40 16 not
210 200 70 24 prove
292 192 59 30 good
369 191 53 24 land
440 191 35 23 for
494 190 145 31 agricultural

55 235 116 26 purposes,
184 227 18 22 it
214 225 47 24 will
271 229 40 20 not
322 225 68 23 affect
400 225 47 23 this
457 223 139 29 settlement,
615 232 25 15 as

55 261 31 25 all
108 268 41 16 our
169 258 66 24 lands
268 266 38 16 are
336 257 113 24 sheltered
474 256 45 24 and
548 257 91 23 wooded

54 294 87 28 vallies,
151 291 45 25 and
207 291 49 24 that
267 291 38 23 the
317 291 153 30 experiments
482 289 65 24 made
558 297 31 24 up
602 289 37 24 the

56 327 62 25 Hutt
134 333 37 16 are
184 325 25 23 of
224 324 39 23 the
280 329 61 18 most
358 324 143 30 satisfactory
514 323 124 24 character.

55 360 47 25 But
119 366 58 17 were
194 357 30 24 all
243 364 42 16 our
300 364 67 24 crops
379 362 22 18 to
413 357 40 23 fail
466 357 38 22 the
515 357 51 22 first
577 364 60 23 year,

54 393 66 24 while
130 393 18 23 it
158 393 19 22 is
189 390 124 28 notorious,
325 390 50 24 that
386 389 87 32 though
492 388 74 29 small,
586 389 52 31 they

55 434 37 17 are
110 425 78 30 nearly
207 423 31 23 all
255 423 128 31 promising
400 422 161 31 uncommonly
579 423 59 28 well,

54 460 38 24 the
110 466 53 16 man
181 456 48 24 who
246 456 74 23 would
332 456 68 24 make
412 464 25 15 so
449 454 57 25 wide
518 463 29 15 an
558 455 89 29 indue-,

54 494 48 23 tion
113 500 25 15 as
149 496 22 19 to
184 491 87 23 declare
282 489 34 23 for
329 496 52 16 ever
392 489 92 31 against
494 487 37 25 the
541 488 97 31 produc-

54 526 99 24 tiveness
164 524 25 24 of
203 524 39 22 the
253 522 50 28 soil,
323 522 90 23 instead
431 522 25 23 of
471 522 70 30 being
557 522 82 30 agreed

55 559 62 24 with,
150 556 73 25 would
251 555 30 24 be
310 555 98 30 charged
438 555 55 23 with
522 553 115 26 rashness.

54 591 99 33 Equally
165 590 27 24 ab
199 588 48 25 surd
259 589 20 23 is
291 588 49 24 Mr.
349 588 104 24 Brown's
460 588 83 31 charge
551 588 89 30 against

54 626 38 23 tlie
111 624 127 23 settlement
255 621 35 25 for
308 621 93 32 lacking
412 629 14 15 a
444 621 74 31 single
529 621 109 24 available

54 658 78 24 article
139 657 24 23 of
172 659 88 28 export.
296 654 57 24 New
366 654 102 25 Zealand
479 654 42 24 has
527 655 112 31 managed

55 696 22 19 to
99 691 55 23 send
176 690 24 23 in
217 697 14 15 a
255 696 55 23 year
332 693 23 18 to
377 688 40 23 the
441 687 63 24 older
532 687 106 24 Colonies

54 733 40 24 pro
99 724 52 23 luce
163 722 26 24 of
203 729 63 16 some
280 721 64 29 kind,
358 722 134 30 amounting
503 721 22 23 in
538 720 66 24 value
617 726 21 19 to

54 757 128 30 something
203 762 55 16 near
282 755 143 28 £200,000;
450 754 45 24 and
518 762 49 15 now
591 754 49 24 that

53 790 63 24 there
134 789 44 24 will
195 788 27 24 be
242 788 126 23 thousands
381 788 26 23 of
428 787 87 24 British
537 787 101 32 subjects

54 823 62 28 liere,
136 823 62 23 there
216 822 20 23 is
255 821 58 24 little
325 821 70 23 doubt
407 822 18 22 it
437 821 47 23 will
494 825 40 19 not
546 821 28 23 be
585 821 55 30 long

52 857 77 24 before
141 865 12 15 a
165 855 96 24 suitable
271 854 66 25 mode
348 854 26 23 of
395 855 123 31 preparing
535 854 47 23 flax
594 854 44 23 will

53 890 28 23 be
94 889 95 32 applied,
209 888 69 23 when
296 887 57 25 New
366 887 100 25 Zealand
485 888 45 23 flax
541 887 48 24 will
599 893 41 17 not

53 923 28 24 be
93 922 83 24 second
186 922 24 23 in
223 922 139 32 importance
380 926 23 19 to
419 921 135 24 Australian
572 921 64 24 wool.

53 955 43 24 We
116 955 80 24 should
214 955 47 23 like
285 959 23 19 to
330 955 68 23 know
420 955 62 23 what
504 954 90 24 articles
617 954 25 23 of

53 994 80 26 export
144 989 118 24 Australia
273 988 120 32 possessed
409 988 34 23 for
454 995 66 23 years
531 987 59 24 after
601 987 38 24 the

54 1023 129 23 settlement
194 1029 46 16 was
254 1021 85 24 formed
346 1022 10 23 ?
379 1021 44 23 and
442 1021 47 23 will
506 1021 28 23 he.
551 1021 87 30 greatly

54 1055 116 31 surprised
181 1055 24 29 if,
223 1056 25 22 in
259 1056 44 22 five
315 1062 66 23 years
398 1054 59 24 from
469 1054 38 23 the
518 1054 121 24 formation

54 1089 26 23 of
94 1089 46 23 this
162 1088 137 28 settlement,
324 1096 34 15 we
381 1088 28 23 do
429 1093 39 17 not
485 1091 82 28 export
578 1095 62 15 more

54 1122 87 32 pounds
148 1122 24 22 of
181 1121 55 23 wool
246 1128 55 16 even
310 1121 55 23 than
372 1121 58 23 New
437 1121 73 23 South
518 1121 75 23 Wales
602 1121 38 22 did

55 1155 57 24 after
123 1155 18 23 it
151 1154 44 24 had
208 1155 55 23 been
277 1154 116 23 colonized
404 1154 36 23 for
457 1159 85 26 twenty
558 1161 65 23 years
631 1164 6 18 ;

55 1188 44 24 and
116 1189 34 22 for
169 1187 71 23 which
259 1187 79 24 article
357 1187 18 22 it
391 1187 42 24 has
448 1194 51 16 now
510 1187 92 23 become
614 1194 25 16 so

54 1221 125 24 celebrated
191 1220 139 31 throughout
341 1220 101 31 Europe.
480 1220 42 24 We
534 1228 42 14 can
590 1220 49 23 well

55 1255 85 23 believe
151 1262 14 15 a
182 1255 88 29 Colony
282 1253 25 23 of
323 1253 95 23 Browns
443 1253 69 30 being
529 1262 15 14 a
555 1253 85 31 perfect

56 1288 87 28 failure,
162 1295 55 15 even
236 1286 87 31 though
342 1287 120 30 possessed
475 1286 25 23 of
515 1286 90 23 articles
617 1287 26 23 of

58 1326 78 26 export
157 1321 58 22 from
245 1320 37 23 the
305 1324 101 19 moment
429 1319 25 23 of
484 1320 156 31 commencing

56 1354 57 24 their
132 1354 96 23 arduous
243 1352 54 24 task
308 1354 26 22 of
349 1352 138 24 settlement.

90 1388 97 28 Reader,
200 1388 22 22 in
234 1387 131 31 proportion
377 1390 23 19 to
412 1385 38 24 the
462 1393 75 23 power
545 1385 25 24 of
583 1394 57 23 your

56 1421 144 30 imagination
219 1420 47 22 will
288 1427 56 23 your
363 1427 67 15 sense
450 1420 25 22 of
497 1420 38 22 the
554 1420 85 22 ridicu-

56 1454 50 24 lous
118 1455 26 22 be
156 1453 94 28 excited,
265 1453 27 30 by
304 1453 108 30 bringing
424 1453 76 23 before
508 1460 58 24 your
578 1453 62 23 mind

56 1487 38 23 t'.ie
105 1488 84 30 picture
209 1487 24 23 of
249 1495 13 14 a
278 1486 61 30 body
358 1486 25 23 of
397 1486 120 29 Browns,
536 1486 24 23 in
578 1486 60 30 early

56 1521 73 28 times,
142 1519 62 24 filled
214 1519 54 24 with
281 1519 128 23 difficulties
421 1519 44 23 and
484 1520 154 30 superstition,

56 1554 69 31 going
132 1553 59 24 forth
198 1559 21 17 to
230 1553 99 23 colonize
341 1553 108 23 America
456 1552 44 24 and
508 1552 117 24 Australia
633 1554 5 23 !

703 734 50 25 The
960 736 67 30 Capt.
1042 735 71 29 Gray,
1127 734 88 24 arrived
1228 743 29 15 on

670 768 92 31 Sunday
773 768 53 29 last,
838 768 60 24 from
910 768 38 24 the
958 768 80 31 Clyde,
1050 768 84 31 having
1146 767 71 24 sailed
1229 776 28 15 on

668 801 38 24 the
722 802 57 23 24th
791 801 101 31 August.
929 801 47 24 She
994 801 81 31 brings
1093 808 43 16 one
1155 800 103 24 hundred

668 835 45 23 and
724 835 50 30 fifty
785 842 136 23 passengers
927 835 24 23 in
961 834 36 24 the
1006 839 111 26 steerage,
1127 834 45 24 and
1179 834 78 23 eleven

669 868 23 23 in
704 868 38 23 the
755 868 73 24 cabin.
865 868 51 23 The
929 868 89 31 Colony
1036 867 42 24 has
1097 872 39 19 not
1154 868 104 23 received

669 909 13 15 a
693 901 57 23 finer
760 901 60 30 body
833 901 25 23 of
875 901 115 23 Colonists
1000 909 6 15 :
1025 901 55 31 they
1095 908 57 16 were
1171 900 31 24 all
1220 908 38 15 se-

668 934 72 24 lected
748 934 31 32 by
789 934 37 24 the
835 934 71 24 Laird
915 934 136 29 M'Donald,
1063 934 49 23 who
1119 934 43 23 has
1170 934 88 23 arrived

669 968 51 23 with
734 968 70 28 them,
816 968 44 22 and
873 975 33 16 we
921 968 59 31 hope
1000 968 45 23 will
1062 968 48 23 find
1128 976 15 15 a
1161 967 97 23 suitable

669 1001 97 24 location
784 1001 34 23 for
838 1001 36 23 his
900 1001 71 31 hardy
990 1001 113 24 followers
1120 1000 78 24 within
1219 1000 39 23 the

669 1034 97 24 District
778 1034 26 24 of
818 1034 58 23 Port
887 1034 134 24 Nicholson.
1057 1035 23 23 A
1099 1034 43 23 few
1160 1034 53 22 hills
1233 1041 25 15 or

668 1068 64 29 gales
743 1068 25 23 of
783 1067 60 24 wind
855 1068 46 23 will
917 1072 42 19 not
975 1067 102 31 frighten
1095 1067 64 24 these
1178 1067 80 29 sturdy

668 1108 51 16 men
732 1105 39 19 out
783 1101 24 23 of
822 1100 60 24 their
893 1102 115 31 propriety
1018 1110 5 19 ;
1044 1100 54 31 they
1109 1108 37 16 are
1162 1100 49 31 just
1219 1099 37 24 the

670 1141 51 16 men
732 1138 23 19 to
767 1142 45 15 war
823 1134 55 23 with
891 1143 13 15 a
917 1134 55 23 New
981 1133 102 24 Zealand
1092 1133 79 28 forest,
1180 1133 45 23 and
1234 1133 22 22 in

668 1175 14 15 a
694 1167 41 23 few
746 1175 65 22 years
823 1172 24 18 to
859 1167 66 31 bring
938 1172 22 18 to
972 1167 91 23 market
1080 1167 25 22 in
1122 1166 134 24 abundance

669 1199 46 24 fine
725 1201 65 29 grain
802 1200 57 23 such
870 1208 26 15 as
915 1208 50 22 may
985 1207 50 16 now
1051 1199 30 23 he
1100 1207 54 15 seen
1173 1207 29 15 on
1218 1199 40 23 the

669 1232 70 24 Hutt.
781 1233 52 23 The
856 1233 74 23 vessel
952 1233 38 23 did
1013 1237 39 19 not
1075 1232 68 24 touch
1167 1240 28 15 on
1219 1232 38 23 the

668 1274 96 22 passage
776 1270 23 19 at
810 1273 44 23 any
866 1270 58 27 port,
943 1265 44 24 and
1000 1266 38 23 the
1049 1273 137 23 passengers
1199 1273 58 16 were

668 1299 93 31 healthy
779 1299 146 31 throughout.
962 1299 56 23 Two
1038 1298 101 24 children
1157 1298 52 25 died
1228 1307 30 15 on

669 1332 38 23 the
719 1340 102 23 passage,
835 1340 35 15 an.
873 1333 6 22 l
891 1333 37 22 six
940 1340 58 15 were
1011 1333 64 23 horn.

703 1366 52 23 The
956 1373 46 16 was
1011 1365 87 32 spoken
1106 1365 34 24 off
1149 1364 37 24 the
1195 1366 63 29 Cape

668 1398 31 31 by
717 1399 39 23 the
958 1402 72 20 steam
1047 1398 61 24 East
1126 1398 130 29 InJiaman,

669 1432 72 23 which
753 1432 45 23 had
809 1432 73 23 sailed
894 1432 56 23 from
963 1432 96 23 London
1072 1432 69 23 about
1153 1431 37 24 the
1201 1430 56 25 16th

668 1465 150 29 September;
849 1465 45 23 and
918 1465 98 31 Captain
1040 1465 63 30 Grey
1125 1470 72 18 states
1219 1465 39 23 the

692 1498 93 24 Vernon
819 1500 106 29 reported
932 1498 48 24 that
988 1498 110 31 England
1103 1498 44 23 had
1155 1498 103 23 declared

668 1539 47 16 war
723 1533 88 29 against
824 1531 96 29 France,
936 1532 23 23 in
977 1539 155 23 consequence
1152 1531 26 23 of
1201 1531 56 23 mis-

668 1565 193 31 understandings
878 1566 70 23 about
965 1564 89 32 Egypt.
1094 1564 99 31 Though
1213 1564 45 23 dif-

668 1598 101 24 ferences
782 1606 28 15 on
828 1598 49 24 that
896 1598 88 32 subject
1003 1597 42 25 had
1064 1597 122 24 interfered
1205 1597 52 24 with

670 1630 38 25 the
720 1631 97 31 friendly
831 1631 107 24 relations
958 1632 101 23 between
1077 1630 38 24 the
1135 1632 121 28 countries,

669 1672 33 16 we
721 1672 37 16 are
777 1664 47 24 loth
844 1670 23 18 to
892 1665 86 23 believe
997 1664 48 24 that
1068 1664 63 24 these
1151 1663 107 32 powerful

670 1698 114 23 countries
796 1705 37 16 are
845 1698 69 23 about
927 1703 22 18 to
960 1703 70 19 waste
1047 1698 59 23 their
1119 1697 104 31 strength
1236 1698 21 22 in

670 1731 64 23 strife
742 1740 7 19 ;
768 1731 44 23 and
831 1738 34 16 we
884 1731 26 23 do
930 1736 60 18 most
1009 1730 109 31 fervently
1136 1731 59 30 hope
1214 1731 44 23 and

670 1768 59 19 trust
744 1764 58 28 that,
821 1764 87 31 though
928 1764 55 23 such
1004 1772 12 15 a
1035 1764 136 23 declaration
1190 1771 68 25 prove

670 1802 59 23 true,
748 1797 38 24 the
802 1797 129 25 difficulties
950 1797 46 25 will
1014 1797 28 25 be
1061 1796 134 31 reconciled,
1214 1797 44 24 and

668 1838 70 22 peace
751 1830 147 25 maintained.

1936 283 51 24 The
2298 287 26 22 of
2344 286 39 24 the
2402 287 41 23 sth
2462 285 29 25 of

1903 316 91 32 August
2004 317 64 31 gives
2081 325 13 15 a
2110 318 91 23 curious
2217 324 92 18 account
2327 319 26 23 of
2374 319 38 23 the
2430 327 55 24 pro-

1903 350 104 29 ceedings
2026 350 24 23 in
2069 350 140 24 Parliament
2232 352 121 23 connected
2375 352 54 24 with
2447 352 39 24 the

1902 382 150 24 introduction
2065 383 28 23 of
2105 383 39 23 the
2157 384 83 23 annual
2256 384 48 23 Bill
2321 385 36 22 for
2374 384 38 23 the
2430 393 56 15 con-

1904 416 102 23 tinuance
2018 416 25 23 of
2058 416 39 23 the
2115 416 58 24 New
2192 417 71 23 South
2282 417 78 23 Wales
2380 418 105 24 Govern-

1904 453 67 19 ment.
2006 449 24 23 A
2042 448 48 24 Bill
2105 456 44 16 was
2168 449 50 23 first
2236 450 129 23 iatroduced
2383 451 54 23 with
2456 459 30 16 an

1905 481 93 24 unusual
2021 482 77 23 clause
2114 483 133 30 containing
2262 491 120 15 enormous
2401 491 83 23 power,

1905 515 68 23 under
1993 513 74 25 which
2086 515 57 23 New
2167 515 73 24 South
2259 516 79 24 Wales
2361 510 134 36 might^be-
2495 520 5 9 1

1904 547 86 24 divided
2002 548 47 22 into
2061 555 46 23 any
2114 548 98 30 possible
2225 549 92 24 number
2329 550 26 22 of
2369 543 114 31 Colouie^

1905 580 36 23 No
1953 588 81 23 person
2046 581 64 23 could
2124 581 91 31 explain
2234 581 47 24 how
2293 582 17 24 it
2322 590 63 16 came
2398 587 22 18 to
2432 591 53 23 pass

1905 613 47 24 that
1962 614 63 23 these
2037 615 118 22 extensive
2167 622 83 23 powers
2265 622 58 16 were
2341 616 67 30 given
2418 624 6 20 ;
2449 616 34 23 for

1905 648 62 22 when
1978 647 38 23 the
2035 647 106 30 question
2159 654 46 16 was
2224 648 80 29 raised,
2324 648 38 23 the
2382 649 104 23 Colonial

1905 679 116 31 Secretary
2033 680 104 23 declared
2150 680 37 23 the
2202 680 72 32 object
2292 681 24 23 in
2334 682 56 23 view
2402 689 46 16 was
2460 687 22 18 to

1905 717 100 26 separate
2014 713 59 23 New
2080 713 100 23 Zealand
2186 714 59 23 from
2250 714 57 23 New
2316 715 73 23 South
2396 714 86 25 Wales.

1905 745 118 31 Suspicion
2046 745 85 32 having
2152 746 59 24 been
2233 747 95 29 excited,
2351 748 18 23 it
2390 748 93 23 became

1904 786 119 24 necessary
2034 783 25 19 to-
2070 783 38 19 cut
2119 780 38 22 the
2169 780 76 23 clause
2255 780 64 24 down
2332 785 22 18 to
2361 781 79 30 giving
2447 781 38 23 the

1904 820 72 22 power
1988 818 22 17 to
2024 817 102 26 separate
2141 813 101 28 Islands,
2249 813 30 30 by
2290 813 71 23 which
2370 814 25 23 of
2405 821 79 16 course

1905 844 54 24 New
1972 845 100 23 Zealand
2084 846 22 22 is
2121 851 78 18 meant
2208 855 6 19 ;
2234 847 40 23 and
2294 846 38 24 the
2355 847 16 12 '*
2380 847 104 23 Colonial
2493 862 2 5 •

1905 878 94 23 Gazette
2039 886 55 23 very
2105 879 107 31 properly
2220 879 52 24 asks
2307 879 52 31 why
2371 880 38 23 the
2419 880 66 31 thing

1904 916 74 19 meant
1987 911 83 24 should
2081 916 39 19 not
2128 913 27 22 be
2164 912 129 31 designated
2300 914 30 29 by
2342 914 29 22 its
2378 921 66 15 name
2452 914 10 23 ?

1904 945 50 23 The
1964 945 161 24 watchfulness
2136 945 26 23 of
2176 945 39 24 the
2256 946 103 23 Colonial
2371 946 98 24 Gazette
2470 947 5 9 1
2478 947 7 10 *

1904 977 40 24 has
1954 978 36 23 led
2002 979 18 22 it
2031 983 23 18 to
2066 983 94 26 suggest
2172 978 49 24 that
2232 978 61 24 there
2300 987 45 15 was
2355 987 63 16 some
2429 987 55 24 pur-

1903 1018 52 24 pose
1966 1012 24 22 in
2002 1011 38 24 the
2052 1016 79 19 extent
2142 1012 25 23 of
2181 1012 40 23 the
2233 1013 47 22 first
2298 1012 83 24 clause.

1938 1044 40 23 We
1992 1045 55 23 have
2063 1045 51 31 just
2131 1044 103 24 received
2244 1046 37 23 the
2294 1046 14 11 '*
2319 1046 92 30 Sydney
2431 1046 50 24 He-

1991 1078 25 23 of
2030 1077 40 24 the
2082 1077 59 24 24th
2153 1078 134 29 November,
2299 1079 59 23 from
2366 1079 73 24 which
2446 1104 5 4 ,
2452 1087 32 16 we

1903 1111 66 23 make
1981 1111 37 24 the
2029 1110 116 32 following
2154 1116 87 19 extract
2248 1121 5 15 :
2256 1124 33 5 —

1954 1149 128 22 Rumoured
2098 1150 115 22 Changes.
2215 1162 26 4 —
2242 1150 20 21 It
2270 1151 19 20 is
2302 1150 120 23 rumoured
2436 1150 50 23 thai

1903 1183 14 13 a
1926 1176 104 26 despatch
2040 1176 40 21 has
2090 1177 56 21 been
2155 1177 100 22 received
2268 1178 25 21 in
2311 1182 65 20 tow»i,
2394 1178 89 27 stating,

1904 1202 46 21 that
1959 1202 17 22 it
1983 1203 18 22 is
2010 1203 22 22 in
2042 1203 174 27 contemplation
2229 1208 19 17 lo
2263 1204 73 21 divide
2348 1204 37 22 the
2395 1209 91 23 present

1903 1229 84 27 Colony
1997 1230 26 21 of
2035 1230 56 21 New
2108 1230 70 22 South
2197 1230 71 23 Wales
2284 1231 47 21 into
2348 1230 61 23 three
2420 1232 64 21 Colo-

1903 1256 47 23 nies
1950 1267 26 5 —
1978 1256 52 22 Port
2040 1256 72 27 Philip
2120 1261 23 17 to
2148 1256 37 23 the
2190 1257 130 25 southward,
2328 1258 44 21 and
2382 1258 103 23 Moreton

1904 1283 46 28 Bay
1959 1287 23 18 to
1991 1283 37 22 the
2039 1283 132 26 northward,
2183 1284 66 22 bein<r
2263 1284 84 23 formed
2364 1286 48 21 into
2422 1292 65 20 sepa-

1903 1315 45 17 rate
1967 1310 44 22 and
2029 1310 152 26 independent
2199 1311 107 22 Colonies.
2342 1311 41 22 We
2402 1317 84 18 cannot

1903 1336 66 27 speak
1979 1336 117 28 positively
2105 1341 23 17 to
2139 1337 37 22 the
2187 1344 133 15 correctness
2327 1338 25 21 of
2358 1338 38 22 the
2402 1342 81 24 report,

1903 1364 40 21 but
1954 1364 84 27 private
2048 1364 77 21 letters
2141 1364 75 22 allud?
2233 1369 18 17 to
2268 1365 127 25 som*>thinj?
2409 1366 26 21 of
2446 1366 38 21 the

1903 1397 59 15 same
1972 1394 52 20 sort,
2035 1390 45 22 and
2091 1390 21 21 in
2124 1391 37 21 the
2168 1391 40 22 Bill
2215 1391 43 22 laid
2265 1392 75 21 before

1903 1416 29 25 by
1941 1417 56 22 Lord
2008 1417 60 22 John
2085 1417 86 23 Russell
2188 1418 60 22 there
2263 1418 19 21 is
2299 1426 13 14 a
2326 1419 73 22 clause
2414 1420 72 22 under

1903 1444 70 22 which
1983 1444 37 22 the
2030 1444 94 22 division
2136 1444 66 23 could
2219 1445 24 22 be
2258 1445 86 22 carried
2354 1445 47 22 into
2413 1446 69 23 effect.

1903 1470 51 23 This
1964 1471 118 22 formation
2091 1471 25 21 of
2122 1471 62 22 three
2192 1471 100 22 Colonies
2300 1472 42 21 will
2348 1472 28 22 be
2385 1479 12 14 a
2404 1473 81 27 capital

1903 1497 65 28 Whig
1988 1498 40 27 job
2038 1505 4 14 :
2068 1498 62 21 three
2145 1498 132 26 Governors,
2296 1498 63 23 three
2378 1500 106 26 Supreme

1904 1524 83 24 Courts,
1999 1524 62 22 three
2071 1524 99 23 Colonial
2181 1525 138 24 SecvKaiies.
2330 1526 45 21 and
2393 1526 60 22 hosts
2462 1526 26 23 cf

1903 1551 139 22 subordinate
2054 1551 94 26 officers,
2158 1551 44 22 will
2212 1552 55 21 have
2282 1556 21 17 to
2314 1553 28 21 be
2357 1552 126 28 appointed,

1903 1578 44 22 and
1964 1578 49 21 that
2028 1578 46 21 will
2093 1578 27 22 be
2140 1585 14 14 a
2171 1578 110 23 sufficient
2295 1586 80 15 reason
2394 1579 35 22 for
2447 1580 37 23 the

1903 1605 103 28 adoption
2018 1605 26 21 of
2055 1605 38 22 the

1937 1641 56 24 This
2004 1645 77 27 report
2096 1641 116 32 following
2225 1650 21 15 so
2258 1642 153 31 immediately
2422 1650 62 24 upon

1903 1674 38 24 the
1950 1674 151 24 introduction
2115 1676 26 22 of
2155 1675 38 23 the
2205 1676 48 22 first
2270 1676 76 23 clause
2359 1681 22 18 to
2394 1676 89 24 Parlia-

1903 1712 68 21 ment,
1990 1708 114 31 evidently
2122 1708 78 24 before
2218 1709 18 23 it
2251 1716 45 15 was
2317 1709 82 23 known
2411 1710 50 23 that
2472 1717 14 16 a

1903 1742 103 23 modifieJ
2018 1741 76 24 clause
2104 1740 46 24 had
2161 1742 59 23 been
2236 1742 133 28 subsitufed,
2383 1743 63 30 gives
2457 1750 28 16 113

1903 1783 77 15 reason
1994 1780 22 18 to
2023 1779 92 27 suspect
2122 1775 49 22 that
2178 1775 40 23 the
2252 1775 103 24 Colonial
2364 1776 97 23 Gazette

1903 1815 44 16 was
1957 1813 40 19 not
2008 1816 79 21 wrong
2096 1808 25 22 in
2133 1808 38 23 the
2187 1809 112 30 suspicion
2311 1809 140 23 entertained
2462 1808 26 25 of

1904 1841 37 24 the
1952 1841 103 24 Colonial
2068 1841 82 24 Office.
2186 1841 44 24 We
2239 1842 56 23 wish
2309 1842 38 23 the
2390 1842 94 31 Sydney

2037 1874 67 23 could
2122 1879 62 19 trace
2202 1874 36 24 the
2255 1879 85 26 report,
2357 1875 50 23 that
2423 1883 62 16 some

1903 1909 102 22 estimate
2022 1908 27 23 of
2063 1907 132 24 foundation
2213 1916 58 23 upon
2289 1908 73 23 winch
2385 1909 18 22 it
2424 1912 60 20 rests

1903 1941 72 30 might
1992 1942 29 22 be
2039 1941 100 28 formed;
2158 1941 36 23 for
2212 1941 78 23 should
2308 1942 17 22 it
2342 1942 28 22 be
2387 1941 99 31 brought

1904 1974 63 23 home
1980 1980 22 17 to
2015 1974 205 29 Downing-street,
2237 1975 18 23 it
2271 1975 75 22 wnulJ
2357 1975 28 22 he
2397 1982 14 15 a
2422 1980 64 26 great

1903 2008 60 23 lever
1974 2008 53 22 with
2040 2006 73 24 which
2126 2012 22 18 to
2161 2007 67 23 make
2239 2007 139 24 Parliament
2386 2008 42 22 feel
2437 2008 49 23 that

1903 2041 38 23 the
1959 2041 133 29 underlings
2111 2041 24 23 in
2154 2041 38 23 the
2211 2041 101 24 Colonial
2331 2041 75 23 Office
2427 2040 58 26 have

1904 2082 13 15 a
1929 2074 125 31 dangerous
2067 2078 92 20 amount
2171 2074 26 23 of
2211 2074 127 24 confidence
2355 2074 96 32 reposed
2462 2074 24 24 in

1905 2107 68 24 them.

1937 2158 22 24 A
1978 2157 61 32 large
2058 2159 96 23 number
2166 2159 24 23 of
2206 2164 92 25 country
2317 2159 99 23 sections
2427 2158 57 24 have

1903 2191 56 24 been
1971 2192 97 23 selected
2081 2191 83 30 during
2175 2192 38 23 the
2225 2191 68 24 vcek;
2330 2191 51 24 The
2397 2192 88 24 follow-

1905 2225 38 30 ing
1961 2225 19 22 is
1999 2232 13 16 a
2030 2229 122 19 statement
2164 2225 25 23 of
2203 2224 36 24 the
2251 2225 98 23 sections
2368 2225 66 30 given
2447 2230 39 20 out

1905 2263 22 18 to
1945 2257 45 24 this
2008 2258 66 28 dats;
2079 2271 28 3 —
2109 2258 126 30 fifty-three
2258 2266 30 15 on
2311 2258 37 23 the
2369 2258 113 29 harbour;

1905 2291 76 23 twelve
1994 2298 29 16 on
2034 2291 84 23 Watt's
2132 2291 121 23 Peninsula
2263 2300 4 19 ;
2293 2291 51 23 four
2355 2292 23 22 in
2397 2291 88 24 Evans'

1906 2324 47 31 Ray
1962 2333 6 20 ;
1987 2324 50 30 fifty
2050 2325 24 22 in
2084 2324 37 23 the
2133 2329 62 18 town
2208 2324 85 23 district
2302 2334 5 18 ;
2321 2324 45 24 and
2377 2324 108 32 fifty-five

1905 2358 22 22 in
1940 2358 37 22 the
1989 2358 74 31 valley
2079 2358 24 22 of
2122 2358 40 24 the
2179 2358 67 23 Hutt.
2282 2358 75 27 Total,
2372 2365 42 15 one
2425 2358 59 23 hun-

1905 2390 52 24 dred
1980 2391 43 24 and
2047 2396 94 26 seventy
2161 2391 51 23 four
2228 2392 105 28 sections,
2353 2399 26 16 or
2396 2391 90 24 sixteen

1905 2424 110 22 thousand
2027 2424 50 22 four
2088 2424 104 22 hundred
2202 2432 69 14 acres.

1937 2474 50 24 The
2006 2482 48 16 new
2072 2482 54 23 year
2144 2482 45 16 was
2201 2474 116 24 welcomed
2330 2474 24 24 in
2365 2474 121 32 yesterday

1904 2509 104 29 morning
2018 2508 55 23 with
2086 2507 29 24 all
2127 2507 37 24 the
2182 2507 136 24 entlmsiasm
2338 2508 73 23 which
2430 2508 54 23 cha-

1904 2542 116 23 racterises
2040 2541 45 24 this
2102 2545 66 19 event
2187 2542 23 22 in
2228 2541 35 23 the
2281 2540 89 24 mother
2382 2546 102 26 country.

1905 2574 49 24 The
1976 2574 72 24 whole
2060 2575 25 22 of
2099 2574 39 23 the
2155 2573 83 24 vessels
2261 2575 23 22 in
2308 2573 99 24 liarbour
2429 2574 57 24 fired

1905 2608 90 28 salutes,
2014 2607 59 24 their
2088 2607 58 24 bells
2157 2615 59 16 were
2227 2612 33 18 set
2278 2608 98 30 ringing,
2400 2607 45 24 and
2462 2612 23 19 to

1904 2641 41 23 add
1964 2646 23 18 to
2006 2641 38 23 the
2062 2641 65 23 effect
2139 2640 25 24 of
2180 2640 37 24 the
2233 2648 74 21 scene,
2327 2648 13 16 a
2352 2640 96 26 number
2460 2641 25 23 of

1904 2674 51 23 blue
1966 2674 70 31 lights
2048 2681 57 16 were
2118 2673 77 26 shewn
2206 2674 55 24 from
2279 2674 38 25 the

1904 2707 72 23 which
1990 2715 58 15 were
2060 2707 99 31 speedily
2171 2707 113 25 answered
2291 2707 58 24 from
2359 2707 36 23 the
2403 2707 66 23 shorft
2478 2716 6 20 ;

1905 2740 41 25 and
1959 2740 38 24 the
2008 2740 105 29 harbour,
2133 2740 35 23 for
2181 2748 59 16 some
2253 2741 62 27 time,
2336 2740 84 24 echoed
2432 2740 54 24 with

1905 2773 35 24 the
1953 2782 50 16 roar
2014 2773 27 23 of
2056 2780 86 16 cannon
2155 2773 44 25 and
2212 2773 34 23 the
2258 2773 101 31 mingled
2371 2773 78 23 cheers
2462 2773 26 23 of

1905 2806 62 24 those
1979 2806 49 24 who
2040 2814 57 17 were
2110 2806 136 25 determined
2258 2811 23 18 to
2291 2814 45 23 pay
2348 2815 13 14 a
2380 2806 66 23 mark
2464 2806 25 24 of

1905 2845 85 26 respect
2008 2845 23 18 to
2051 2839 37 24 the
2107 2840 38 23 old
2157 2848 61 23 year,
2237 2839 30 32 by
2279 2839 68 31 being
2358 2843 93 28 present
2462 2845 24 19 at

1905 2874 28 22 its
1947 2873 142 23 dissolution.

1936 2925 44 22 We
1990 2924 140 23 understand
2141 2924 39 23 the
2191 2923 90 24 bullock
2453 2923 33 31 by

1906 2958 103 23 Messrs.-
2014 2957 91 31 Knight
2117 2956 44 24 and
2175 2957 64 27 Hair,
2256 2957 35 23 for
2307 2956 39 24 the
2358 2957 128 23 Christmas

1905 2991 124 28 festivities,
2042 2998 46 15 was
2100 2990 38 23 the
2150 2990 82 31 largest
2244 2998 52 15 ever
2315 2998 53 15 seen
2387 2990 24 23 in
2430 2989 57 24 New

1905 3024 105 29 Zealand,
2037 3023 115 30 weighing
2173 3023 102 31 upwards
2287 3023 25 23 of
2327 3023 94 23 SOOlbs.
2464 3022 23 26 It

1905 3065 44 16 was
1960 3056 80 25 indeed
2053 3065 13 15 a
2078 3056 65 31 proof
2159 3056 25 25 o,f
2199 3057 37 23 th&
2243 3056 142 28 capabilities
2399 3056 32 24 of'
2441 3055 46 25 this

1906 3090 77 24 Island
1995 3097 25 16 as
2032 3097 15 16 a
2058 3090 68 24 cattle
2140 3094 102 27 country.

1936 3147 44 24 We
2002 3151 82 28 expect
2102 3147 88 30 shortly
2209 3151 21 19 to
2248 3147 87 23 receive
2355 3145 131 25 almanacks

1905 3181 55 24 from
1973 3180 92 32 Sydney
2077 3180 34 23 fox
2121 3180 38 23 the
2169 3187 54 25 year
2235 3181 75 22 1841.
2345 3180 40 25 Qn
2402 3179 84 31 receipt

1905 3222 30 15 we
1947 3214 45 23 will
2004 3220 118 17 announce
2135 3213 59 24 their
2206 3212 92 25 anriv.aU

1905 3280 21 22 A
1938 3278 71 24 NEW
2026 3278 74 22 WAY
2114 3278 43 21 TO
2174 3277 60 22 PAY
2254 3277 63 22 OLD
2336 3276 99 23 DEBTS
2451 3275 36 23 IN

2075 3304 70 23 NEW
2161 3304 156 22 ZEALAND.

1287 125 96 27 emptive
1392 124 61 28 right
1463 125 26 21 of
1501 125 106 28 purchase
1618 125 57 22 from
1692 125 39 23 the
1747 126 87 26 Crown,
1852 130 23 17 nt

1286 159 13 13 a
1308 152 61 26 price
1379 156 42 17 not
1428 152 44 21 less
1482 152 54 21 than
1545 153 45 21 20s.
1602 159 39 20 per
1658 159 59 15 acre.
1744 152 59 22 That
1819 152 55 22 such

1286 178 60 26 right
1363 178 28 21 be
1409 178 96 22 allowed
1519 182 23 17 to
1560 178 84 22 extend
1661 186 53 14 over
1724 178 36 22 the
1771 178 70 22 whole
1852 179 27 21 of

1286 203 38 22 the
1333 204 67 22 lands
1407 207 24 18 to
1441 205 71 21 which
1522 204 39 22 the
1571 204 60 22 titles
1640 204 26 22 of
1676 204 38 22 the
1721 204 89 22 holders
1817 205 57 22 shall

1286 230 57 22 have
1352 231 57 21 been
1428 238 24 14 so
1468 231 115 27 admitted,
1603 232 52 20 with
1670 231 80 27 liberty
1760 235 23 17 to
1794 230 80 23 choose

1286 264 44 20 any
1340 261 50 23 part
1400 265 25 14 or
1437 261 61 24 parts
1513 258 93 26 thereof,
1623 258 44 21 and
1684 261 25 18 to
1724 258 106 21 continue
1840 258 35 21 for

1287 285 25 19 10
1321 291 71 19 years,
1404 287 23 18 at
1435 284 38 22 the
1484 284 122 28 expiration
1618 284 26 22 of
1654 284 72 22 which
1736 284 82 27 period,
1830 291 44 20 any

1286 310 53 21 land
1348 310 73 22 which
1430 310 57 22 shall
1498 314 38 18 not
1545 310 57 22 have
1613 311 57 22 been
1680 318 25 15 so
1715 311 51 27 paid
1775 312 33 20 for
1818 310 56 23 shall

1286 340 73 18 revert
1367 339 23 19 to
1402 337 37 22 the
1449 338 88 21 Crown.
1564 337 59 22 That
1637 337 58 22 until
1705 337 54 22 such
1769 343 106 21 payment

1286 362 57 22 shall
1360 363 28 22 be
1407 364 74 26 made,
1502 371 58 14 none
1580 364 26 21 of
1617 364 53 22 such
1689 364 185 22 lust-mentioned

1284 389 66 22 lands
1366 389 57 22 shall
1438 391 28 21 be
1484 390 94 21 allowed
1591 393 25 18 to
1631 390 29 22 be
1675 390 121 21 cultivated
1806 398 25 16 or.
1840 391 35 21 in-

1286 415 81 27 closed,
1379 424 25 13 or
1413 416 38 23 the
1460 416 89 23 natural
1559 416 97 28 produce
1666 416 89 22 thereof
1767 416 66 22 taken
1844 417 30 27 by

1286 442 37 23 the
1336 442 96 23 holders.
1450 440 69 25 'That
1533 444 24 21 in
1575 443 65 22 order
1656 447 23 18 to
1688 450 90 15 remove
1788 443 38 22 the
1836 444 39 21 ob-

1283 469 97 27 jections
1390 469 73 22 which
1473 470 72 26 might
1560 470 57 21 arise
1633 470 25 21 in
1673 470 122 26 particular
1804 477 68 20 cases,

1286 495 73 22 where
1369 503 30 14 an
1409 496 111 23 exclusive
1531 496 59 27 right
1600 496 27 22 of
1636 496 157 28 pre-emption,
1803 496 34 22 for
1847 504 24 14 so

1287 522 152 23 considerable
1450 531 13 13 a
1473 526 56 19 term
1546 523 28 22 of
1583 530 72 24 yearsj
1675 522 73 28 might
1764 522 28 22 be
1805 523 71 22 found

1287 549 124 27 materially
1428 553 21 18 to
1467 550 99 21 obstruct
1581 549 157 26 colonization,
1756 549 47 22 that
1818 550 59 26 right

1287 574 80 23 should
1383 576 28 21 be
1428 576 85 28 subject
1530 579 23 18 to
1563 576 37 21 the
1611 576 114 27 following
1734 576 127 22 conditions
1869 585 5 13 :

1287 602 42 22 viz.
1344 602 58 22 That
1418 602 20 22 if
1449 610 47 18 any
1510 602 148 28 applications
1674 602 36 22 for
1725 602 109 27 purchase
1854 604 26 21 of

1286 628 71 28 lands,
1374 629 78 22 within
1470 630 37 21 the
1522 628 89 23 bounds
1622 630 27 21 of
1658 629 55 22 such
1729 630 146 26 pre-emptive

1286 655 66 27 right,
1369 656 80 22 should
1458 656 28 22 be
1502 656 65 22 made
1583 656 61 21 bona
1654 655 43 22 fide
1707 659 22 18 to
1740 656 38 21 the
1788 656 87 26 Crown,

1287 685 22 18 at
1327 682 38 22 the
1383 682 54 22 then
1456 682 60 28 price
1536 682 26 22 of
1574 682 78 22 Crown
1671 682 60 26 land,
1754 682 38 21 the
1809 687 66 23 party

1286 708 93 28 holding
1388 709 54 22 such
1451 710 148 26 pre-emptive
1609 709 59 27 right
1677 708 80 23 should
1767 708 28 22 be
1804 709 72 22 called

1286 742 59 20 upon
1355 736 45 21 and
1411 736 124 26 compelled
1545 740 23 17 at
1578 736 34 21 his
1621 736 83 26 option,
1717 735 70 22 either
1797 739 23 18 to
1831 743 43 20 pay

1286 762 54 22 such
1350 762 61 27 price
1420 762 34 21 for
1465 762 36 22 the
1510 762 71 22 whole
1590 762 27 21 of
1627 762 54 22 such
1689 762 64 21 lands
1760 769 25 14 so
1794 763 81 22 offered

1286 788 35 23 for
1339 792 21 18 to
1378 788 38 23 the
1432 790 85 26 Crown,
1538 796 26 14 or
1580 793 21 17 to
1619 789 54 22 cede
1687 789 37 21 the
1733 796 62 14 same
1806 794 22 17 to
1839 789 37 22 the

1286 816 86 26 Crown,
1393 816 34 21 for
1446 816 37 21 the
1503 823 95 20 purpose
1617 816 26 21 of
1654 816 68 26 being
1741 815 49 22 sold
1805 820 22 17 to
1838 816 37 23 the

1287 846 63 23 party
1360 842 93 28 making
1463 842 37 22 the
1509 842 144 27 application.

1336 870 19 20 6.
1370 869 65 26 That,
1447 873 80 23 except
1536 870 24 21 in
1571 869 36 22 the
1614 876 60 15 cases
1681 868 78 22 before
1766 868 110 28 provided

1287 894 39 28 for,
1339 896 36 21 the
1385 895 65 23 lands
1461 900 22 17 to
1494 896 26 21 be
1536 895 78 22 vested
1624 896 22 21 in
1663 895 37 22 the
1721 896 79 21 Crown
1817 896 58 21 shall

1286 922 26 21 be
1324 922 104 28 disposed
1438 923 29 26 of,
1478 922 28 28 by
1517 922 47 21 sale
1574 922 61 28 only,
1647 926 22 17 at
1679 930 14 14 a
1701 922 98 21 uniform
1806 922 68 28 price,

1286 949 45 21 and
1345 954 40 17 not
1395 950 30 26 by
1435 949 97 27 auction,
1544 949 55 22 such
1615 950 60 27 price
1693 953 40 17 not
1748 949 68 26 being
1833 952 43 19 less

1287 974 51 23 than
1358 977 45 21 20s.
1423 983 40 20 per
1480 983 57 14 acre.
1577 976 26 21 In
1615 976 125 27 preferring
1754 975 37 22 the
1805 976 70 22 South

1286 1002 130 23 Australian
1426 1002 108 28 principle
1545 1006 22 18 to
1580 1010 45 19 any
1636 1002 64 22 other
1709 1002 65 21 mode
1791 1002 25 21 of
1832 1002 43 22 dis-

1286 1030 78 26 posing
1370 1030 27 21 of
1399 1029 75 27 public
1484 1030 71 26 lands,
1569 1029 60 22 Your
1635 1029 134 22 Committee
1776 1036 37 14 are
1821 1028 53 27 glad

1285 1059 21 18 to
1317 1063 90 21 express
1419 1056 57 22 their
1486 1063 149 15 concurrence
1646 1056 22 21 in
1680 1056 38 21 the
1728 1056 147 21 instructions

1285 1082 100 28 recently
1392 1083 66 27 given
1471 1091 28 13 on
1509 1083 43 21 this
1570 1083 58 22 head
1644 1083 29 26 by
1693 1083 48 21 Hi-r
1759 1082 116 28 Majesty's

1286 1109 116 27 Secretary
1420 1110 26 22 of
1457 1110 60 21 State
1535 1113 22 18 to
1575 1110 37 21 the
1632 1108 101 23 Colonial
1752 1109 63 21 Land
1831 1110 44 21 and

1287 1135 136 28 F.migration
1448 1136 191 25 Commissioners,
1663 1135 71 22 which
1759 1136 115 27 expressly

1286 1162 142 23 recommend
1437 1163 38 22 the
1484 1163 104 25 adoption
1599 1164 26 20 of
1632 1163 42 21 this
1685 1162 109 28 principle
1804 1163 22 20 in
1837 1162 38 23 the

1286 1189 73 22 future
1377 1190 81 27 colony
1474 1189 26 22 of
1510 1190 56 21 New
1584 1189 108 22 Zealand.
1729 1189 63 22 Your
1810 1190 66 21 Com-

1286 1216 75 21 mittee
1371 1224 39 14 are
1419 1216 47 23 also
1477 1217 24 21 of
1513 1216 92 28 opinion
1616 1216 54 26 that,
1681 1216 120 26 according
1810 1219 22 18 to
1839 1216 37 22 the

1275 1245 2 20 !
1286 1242 154 23 fundamental
1449 1243 109 27 principle
1575 1244 25 21 of
1613 1243 36 22 the
1659 1242 69 22 South
1746 1243 128 22 Australian

1286 1270 50 25 Act,
1348 1270 38 21 the
1404 1270 70 21 w*\ole
1492 1270 25 21 of
1528 1270 38 21 the
1583 1270 68 22 funds
1670 1269 103 22 received
1791 1276 23 15 as
1834 1270 37 22 the

1286 1296 107 27 purchase
1399 1297 87 21 monies
1492 1297 24 21 of
1524 1297 77 21 Crown
1610 1296 63 22 lauds
1681 1296 86 25 should,
1780 1296 94 22 without

1286 1330 44 20 any
1340 1323 128 27 deduction,
1480 1328 80 22 except
1569 1324 35 21 for
1613 1324 37 21 the
1660 1326 127 24 temporary
1797 1323 77 27 object

1287 1349 136 22 hereinafter
1446 1350 137 25 mentioned,
1611 1350 28 21 be
1665 1349 118 28 employed
1802 1357 24 14 as
1845 1357 29 15 an

1286 1376 137 27 Emigration
1433 1376 65 23 Fund
1505 1376 36 22 f.»r
1551 1376 37 22 the
1599 1383 141 20 conveyance
1752 1376 25 21 of
1784 1376 90 22 labour-

1287 1403 40 27 ing
1336 1404 123 26 emigrants
1468 1407 23 18 to
1500 1403 38 22 the
1548 1403 88 28 colony,
1654 1403 45 22 and
1715 1403 34 21 for
1766 1409 29 16 no
1812 1403 63 22 other

1285 1437 95 20 purpose
1392 1430 117 22 whatever.

1369 1457 60 22 That
1439 1457 37 22 the
1484 1456 80 28 parties
1572 1456 48 22 who
1626 1456 56 23 shall
1689 1456 57 23 have
1755 1456 117 28 expended

1286 1484 86 21 monies
1381 1484 24 21 in
1417 1483 37 23 the
1465 1484 118 21 formation
1594 1484 26 20 of
1632 1484 137 22 settlements
1780 1484 22 21 in
1817 1484 56 21 New

1287 1510 106 28 Zealand,
1418 1511 46 22 and
1485 1510 36 23 the
1545 1512 125 25 promotion
1696 1510 25 22 of
1742 1510 133 27 emigration

1287 1536 85 23 thereto
1392 1538 55 21 from
1466 1537 36 22 the
1524 1537 81 22 United
1632 1537 120 27 Kingdom,
1773 1537 55 22 shall
1848 1537 27 22 be

1286 1564 76 26 repaid
1373 1564 38 22 the
1427 1568 92 18 amount
1530 1564 27 21 of
1567 1564 58 22 their
1639 1566 72 20 actual
1727 1564 147 27 expenditure

1286 1595 40 17 out
1334 1591 27 22 of
1372 1592 37 21 the
1416 1592 90 26 general
1517 1591 57 22 fund
1590 1596 23 17 to
1628 1591 26 21 be
1670 1590 104 23 obtained
1792 1590 28 28 by
1838 1590 37 23 the

1286 1617 45 22 sale
1341 1617 26 21 of
1378 1619 80 21 Crown
1469 1618 71 26 lands,
1559 1625 30 16 or.
1607 1622 23 18 at
1646 1618 37 21 the
1700 1618 76 26 option
1792 1617 27 22 of
1837 1617 37 22 the

1287 1645 87 24 parties,
1387 1645 54 22 shall
1452 1645 28 21 bp
1498 1644 93 23 entitled
1611 1649 21 17 to
1649 1652 24 13 as
1687 1651 69 21 many
1773 1651 62 14 acres
1854 1644 26 23 of

1286 1670 59 27 land,
1367 1672 92 21 without
1479 1676 113 23 payment,
1613 1679 24 14 as
1655 1671 38 22 the
1712 1678 49 15 sum
1781 1672 27 21 of
1818 1671 58 22 their

1287 1698 146 27 expenditure
1444 1699 101 21 contains
1557 1699 21 21 in
1597 1698 87 26 pounds
1701 1698 98 26 sterling,
1820 1698 54 21 with
1884 1693 2 29 I

1286 1724 76 23 choice
1373 1726 27 21 of
1410 1725 41 22 site
1459 1734 6 13 :
1476 1726 39 21 but
1524 1726 23 21 in
1560 1724 54 23 such
1625 1732 61 14 oases
1696 1732 29 15 no
1737 1724 52 22 lund
1806 1724 69 23 what-

1287 1759 58 19 ever,
1366 1752 23 21 in
1408 1756 86 23 respect
1520 1752 26 22 of
1566 1752 72 22 which
1663 1751 55 23 such
1743 1756 132 24 repayment

1286 1778 56 22 shall
1353 1778 28 23 be
1394 1779 102 27 claimed,
1509 1778 99 23 whether
1620 1779 56 22 built
1691 1786 36 19 on,
1746 1778 128 28 cultivated,

1287 1806 99 23 inclosed
1393 1814 25 14 or
1427 1806 124 27 otherwise,
1569 1806 57 21 shall
1643 1806 27 21 be
1685 1805 102 22 retained
1797 1806 29 26 by
1837 1806 38 21 the

1286 1832 89 23 holders
1386 1833 93 22 without
1489 1840 106 20 payment
1614 1837 21 17 to
1651 1832 38 23 the
1705 1832 78 22 Crown
1800 1832 27 22 of
1839 1832 36 22 the

1287 1860 98 21 uniform
1395 1860 61 27 price
1466 1860 25 21 of
1500 1863 41 19 not
1550 1860 44 22 less
1604 1859 53 22 than
1673 1862 45 19 '-'os.
1735 1867 40 19 per
1783 1866 59 20 ace,
1853 1862 22 19 to

1286 1886 28 22 be
1326 1886 133 23 established
1475 1894 22 14 as
1513 1886 118 22 aforesaid.
1665 1886 63 22 Your
1743 1886 133 21 Committee

1287 1912 55 22 have
1353 1914 111 26 maturely
1473 1913 104 22 reflected
1587 1920 60 20 upon
1659 1912 38 23 the
1707 1912 78 22 claims
1802 1912 73 22 which

1286 1940 73 26 might
1381 1940 109 28 probably
1513 1940 28 21 be
1565 1940 66 21 made
1654 1940 34 21 for
1707 1939 168 27 compensation

1286 1967 73 21 under
1368 1967 55 22 such
1437 1966 123 31 provision,
1578 1967 45 21 and
1639 1966 52 27 they
1708 1966 104 21 consider
1829 1966 47 22 that

1286 1994 81 26 parties
1379 1994 48 21 who
1439 2001 55 14 nave
1504 1994 60 21 bona
1574 1993 43 22 fide
1633 1992 105 23 incurred
1755 2000 27 14 an
1800 1993 76 27 outlay

1286 2021 22 20 iv
1320 2020 84 27 adding
1414 2020 70 24 value,
1495 2021 30 27 by
1542 2027 78 15 means
1637 2020 26 21 of
1680 2020 63 21 colon
1747 2020 5 13 :
1755 2020 80 26 zatiou,
1854 2024 22 17 to
1884 2021 2 23 j

1286 2046 64 23 lands
1360 2046 72 23 wh'ch
1442 2055 39 14 are
1490 2054 22 14 to
1524 2048 92 21 become
1627 2046 36 21 the
1681 2050 104 24 property
1802 2047 26 21 of
1839 2046 36 22 the

1287 2073 79 22 Crown
1376 2074 35 21 for
1429 2081 105 26 purposes
1554 2074 26 21 of
1591 2073 77 25 resale,
1688 2081 38 13 are
1745 2073 131 27 reasonably

1287 2100 94 23 entitled
1389 2104 23 18 to
1422 2104 37 18 the
1470 2105 132 23 repayment
1612 2100 26 21 of
1647 2100 55 22 such
1713 2100 75 26 outlay
1800 2107 27 14 on
1837 2100 38 21 the

1286 2128 88 25 ground
1384 2128 48 21 that
1442 2128 51 26 they
1510 2127 56 22 have
1583 2126 133 28 performed,
1735 2131 23 17 to
1769 2133 12 14 a
1791 2126 86 22 limited

1287 2157 84 23 extent,
1393 2154 35 27 by'
1441 2154 152 26 anticipation,
1614 2154 37 21 the
1669 2161 60 14 same
1750 2152 127 28 colonizing

1287 2185 126 23 operations
1423 2188 24 15 as
1458 2180 42 22 will
1511 2180 130 22 henceforth
1651 2180 28 21 be
1689 2180 139 22 undertaken
1843 2181 31 27 by

1287 2206 37 23 the
1334 2207 160 27 Government,
1516 2208 45 21 and
1578 2207 161 27 consequently
1757 2206 48 21 that
1822 2207 53 27 they

1286 2234 57 21 have
1355 2235 56 21 been
1426 2234 101 27 engaged
1543 2238 23 17 at
1582 2234 58 21 their
1656 2241 50 14 own
1723 2238 48 17 cost
1785 2233 24 22 hi
1827 2241 50 19 pro-

1287 2261 87 27 moting
1383 2261 38 21 the
1432 2269 53 14 very
1491 2260 45 23 end
1544 2260 72 22 which
1625 2261 36 21 the
1670 2261 137 26 Legislature
1815 2264 59 18 must

1286 2288 28 21 bo
1325 2288 104 21 assumed
1439 2293 23 16 to
1471 2284 58 25 Lave
1540 2288 22 21 in
1573 2288 64 21 view.
1884 2285 2 27 |

1338 2316 19 20 8.
1374 2314 59 23 That
1442 2322 29 14 on
1482 2314 28 23 all
1522 2314 56 23 sales
1595 2314 26 21 of
1631 2314 53 22 land
1698 2317 21 18 to
1729 2314 28 21 be
1766 2314 65 21 mr.de
1847 2313 30 28 by

1287 2340 37 23 the
1334 2342 87 26 Crown,
1440 2342 45 21 and
1492 2341 47 22 also
1549 2342 23 21 in
1582 2340 30 22 all
1623 2348 60 15 cases
1694 2341 26 20 of
1729 2346 77 21 grants
1816 2344 23 17 to
1849 2341 27 21 be

1286 2368 65 21 made
1362 2369 71 21 under
1442 2368 38 22 the
1490 2368 82 28 special
1583 2368 172 21 circumstances
1766 2367 24 22 of
1803 2367 74 22 which

1286 2394 111 26 provision
1409 2395 40 22 has
1459 2396 56 21 been
1527 2394 89 27 already
1633 2394 124 28 suggested,
1776 2401 100 15 reserves

1287 2422 27 21 be
1324 2422 66 21 made
1400 2422 33 21 for
1443 2422 39 21 the
1498 2423 86 20 natives
1600 2422 27 20 of
1637 2429 13 13 a
1665 2421 102 27 quantity
1779 2421 64 27 equal
1856 2425 21 18 to

1287 2448 119 22 one-tenth
1416 2449 26 20 of
1453 2448 36 21 the
1499 2448 65 22 lands
1574 2455 25 14 so
1609 2448 49 21 sold
1667 2455 25 14 or
1705 2447 116 22 otherwise
1833 2448 44 21 dis-

1286 2475 69 27 posed
1365 2476 30 21 of.
1423 2475 63 22 Your
1494 2475 133 22 Committee
1638 2482 37 14 are
1685 2474 26 21 of
1721 2474 90 28 opinion
1825 2474 48 21 th:it

1287 2509 12 13 a
1317 2502 51 26 plan
1380 2502 26 22 of
1415 2509 105 19 reserves,
1538 2501 85 22 similar
1638 2505 23 18 to
1678 2501 48 21 that
1740 2501 97 27 adopted
1847 2501 30 27 by

1287 2528 37 22 th*
1334 2529 55 22 New
1400 2529 99 22 Zealand
1510 2530 122 26 Company,
1651 2528 72 21 would
1733 2528 26 21 be
1771 2528 106 22 attended
1884 2529 2 28 j

1287 2555 52 22 with
1358 2556 38 21 the
1412 2559 59 19 most
1486 2556 116 21 beneficial
1622 2555 76 22 effects
1713 2558 23 17 to
1754 2555 35 21 the
1801 2554 74 23 native

1286 2589 50 15 race
1346 2582 22 21 in
1381 2583 55 21 New
1447 2582 106 26 Zealand,
1565 2582 44 21 and
1620 2582 81 21 affords
1712 2581 36 22 the
1759 2582 48 21 best
1815 2589 61 15 uros-

1287 2612 50 23 pect
1346 2609 27 22 of
1383 2610 104 26 securing
1496 2613 23 18 to
1531 2609 61 22 them
1603 2608 36 22 the
1655 2608 95 22 benefits
1764 2608 26 21 of
1807 2608 70 22 civili-

1287 2636 82 21 zation.
1400 2636 21 22 It
1438 2643 93 20 appears
1551 2635 77 28 highly
1641 2634 110 23 desirable
1767 2639 23 17 to
1801 2639 74 18 create

1286 2662 83 22 amidst
1384 2662 37 22 the
1437 2670 50 15 new
1504 2662 96 22 colonial
1621 2662 91 27 society,
1740 2669 14 14 a
1774 2661 56 22 class
1854 2662 27 21 of
1884 2665 2 25 |

1287 2690 88 21 natives
1393 2689 49 22 who
1461 2689 73 22 would
1552 2696 85 21 possess
1653 2688 38 22 the
1708 2695 61 15 same
1784 2688 93 22 relative

1287 2716 132 28 superiority
1429 2717 27 20 of
1466 2716 95 28 position
1573 2715 71 22 which
1660 2715 52 27 they
1726 2715 44 22 had
1780 2716 96 27 enjoyed

1287 2742 23 22 in
1319 2750 81 19 savage
1410 2743 45 25 life,
1473 2743 44 22 and
1534 2743 49 21 who
1595 2742 72 22 would
1677 2746 40 17 not
1726 2742 54 27 only
1789 2742 28 21 be
1828 2749 49 20 pre-

1287 2770 78 21 served
1374 2770 56 22 from
1440 2769 144 27 degradation
1597 2769 139 25 themselves,
1746 2769 39 21 but
1794 2769 45 21 also
1850 2770 25 20 be
1884 2771 2 32 j

1287 2796 49 21 able
1346 2799 24 18 to
1379 2796 72 23 shield
1461 2796 37 23 the
1508 2796 93 22 inferior
1610 2796 65 21 order
1684 2795 26 22 of
1721 2796 86 21 natives
1818 2795 58 22 from
1884 2804 2 23 j

1288 2829 76 21 wrong
1374 2823 45 22 and
1428 2823 135 28 oppression.
1593 2822 47 23 The
1650 2822 140 27 experiment
1807 2822 26 21 of
1842 2829 35 14 re-

1287 2850 90 27 serving
1385 2850 65 22 lands
1460 2850 33 22 for
1503 2850 38 21 the
1552 2850 75 22 native
1635 2849 70 22 chiefs
1713 2848 72 23 tinder
1797 2856 80 20 proper

1287 2876 143 28 regulations,
1449 2884 51 20 may
1513 2877 72 27 justly
1601 2876 29 23 be
1644 2875 109 28 regarded
1771 2883 23 13 as
1802 2883 42 14 one
1855 2876 26 21 of

1286 2902 54 28 high
1350 2904 138 28 importance
1506 2907 23 18 to
1547 2904 37 21 the
1600 2903 104 22 interests
1713 2902 26 21 of
1750 2902 125 27 humanity,

1287 2930 45 21 and
1344 2937 42 16 one
1399 2930 48 23 well
1457 2930 118 28 deserving
1585 2930 26 21 of
1622 2930 38 21 the
1674 2928 102 23 sanction
1785 2928 27 23 of
1823 2929 54 22 Par-

1286 2956 100 23 liament.

1340 2984 21 21 It
1371 2991 93 20 appears
1471 2984 29 28 by
1510 2983 38 22 the
1556 2982 115 23 Evidence
1688 2982 48 22 that
1752 2989 53 21 very
1815 2982 62 27 large

1286 3010 99 26 portions
1396 3011 25 21 of
1432 3006 61 27 both'
1497 3010 37 22 the
1543 3010 83 22 islands
1633 3010 27 21 of
1667 3009 55 22 New
1732 3008 100 23 Zealand
1839 3016 38 15 are

1286 3036 94 23 claimed
1386 3038 31 26 by
1423 3038 36 21 the
1465 3045 91 19 persons
1560 3036 124 22 associated
1691 3036 72 21 under
1769 3035 36 22 the
1811 3043 66 14 name

1287 3064 26 21 of
1327 3064 37 21 the
1379 3064 56 21 New
1447 3064 99 21 Zealand
1556 3064 123 26 Company.
1707 3062 48 21 The
1773 3062 105 28 acquies-

1286 3098 68 15 cence
1365 3091 27 22 of
1402 3090 49 23 that
1461 3090 58 28 body
1525 3091 23 20 in
1558 3089 55 23 such
1621 3097 13 14 a
1642 3096 101 15 measure
1752 3096 23 14 as
1783 3088 38 22 the
1831 3096 44 15 one

1286 3117 111 28 proposed
1406 3117 22 22 in
1437 3118 43 21 this
1487 3118 92 26 Report,
1587 3116 74 22 would
1670 3115 125 27 materially
1805 3115 72 22 facili-

1286 3147 45 19 tate
1338 3144 29 21 its
1375 3144 125 22 execution.
1531 3143 62 23 Ydiir
1600 3143 133 22 Committee
1740 3142 57 21 have
1804 3142 73 21 there-

1286 3170 46 23 fore
1348 3171 73 22 learnt
1439 3170 52 22 with
1507 3170 136 22 satisfaction
1660 3169 47 22 that
1722 3169 53 27 they
1785 3175 37 16 are
1832 3169 45 21 dis-

1286 3197 69 27 posed
1371 3201 22 18 to
1409 3204 84 15 concur
1508 3197 24 22 in
1550 3197 37 22 the
1598 3195 166 28 contemplated
1773 3202 104 20 arrange-

1286 3228 69 18 ment.

1313 3250 63 23 Your
1395 3250 132 23 Committee
1545 3249 58 23 have
1623 3248 131 23 considered
1773 3248 36 21 the
1828 3248 49 22 best

1285 3284 78 15 means
1373 3278 26 21 of
1408 3276 119 28 providing
1535 3276 34 22 for
1576 3276 38 22 the
1622 3283 107 19 expenses
1738 3275 26 21 of
1774 3275 103 22 Govern-

1284 3307 64 19 ment
1366 3304 24 22 in
1411 3304 55 22 New
1484 3303 107 27 Zealand,
1619 3302 92 22 without
1729 3305 47 18 cost
1795 3307 23 16 to
1838 3301 39 22 the

1284 3330 89 22 mother
1392 3334 100 22 country,
1520 3330 57 22 un:il
1602 3336 29 15 an
1650 3328 109 28 adequate
1778 3328 98 21 colonial

1286 3364 97 16 revenue
1393 3356 58 23 shall
1460 3363 86 16 accrue.
1574 3356 49 21 The
1633 3362 101 15 measure
1743 3354 25 21 of
1780 3355 97 21 borrow-

1284 3384 40 26 ing
1333 3384 57 21 from
1402 3383 37 23 the
1449 3390 97 15 revenue
1562 3382 28 22 of
1600 3382 56 22 New
1667 3381 70 22 South
1749 3381 73 22 Wales
1838 3388 41 20 ap-

1284 3418 65 19 pears
1358 3414 23 19 to
1392 3410 57 23 have
1466 3410 56 21 been
1540 3408 99 23 resorted
1655 3412 21 17 to
1694 3415 24 14 as
1727 3415 14 14 a
1750 3412 127 23 temporary

1285 3437 126 28 expedient,
1423 3436 46 22 and
1477 3436 19 21 is
1506 3435 111 27 naturally
1629 3439 37 18 too
1682 3434 160 22 burtliensome
1854 3440 21 16 to

1285 3463 37 22 the
1341 3464 107 22 colonists
1458 3463 25 22 of
1494 3463 57 22 New
1571 3462 70 23 South
1660 3461 75 22 Wales
1751 3464 24 19 to
1785 3461 29 22 be-
1823 3468 52 13 con-

1286 3490 79 23 tinued
1374 3497 29 15 on
1423 3498 15 14 a
1456 3493 134 24 permanent
1607 3488 94 26 footing.
1729 3487 63 22 Your
1811 3488 65 21 Com-

1285 3517 77 22 mittee
1372 3516 65 23 thiuk
1447 3516 18 21 it
1473 3515 113 22 advisable
1595 3514 47 23 that
1650 3514 37 21 the
1695 3514 104 27 requisite
1809 3514 67 21 funds

1286 3543 87 26 should,
1390 3544 23 21 in
1424 3544 39 21 the
1473 3543 47 22 first
1528 3542 109 25 instance,
1654 3541 29 21 be
1693 3540 115 23 borrowed
1818 3540 58 22 from

1286 3570 121 28 capitalists
1423 3569 50 22 who
1489 3576 54 20 may
1556 3568 28 21 be
1601 3567 85 27 willing
1695 3570 24 18 to
1727 3567 100 23 advance
1839 3567 37 22 ihe

1285 3604 61 15 same
1357 3604 30 15 on
1397 3596 215 21 reasonableterms.
1640 3593 60 22 Thut
1708 3593 46 22 this,
1762 3593 18 21 i-?
1796 3594 82 27 practi-

1286 3624 63 21 cable
1356 3629 94 21 appears
1459 3622 58 21 from
1527 3621 44 22 »the
1589 3620 107 22 evidence
1712 3620 26 22 of
1750 3619 43 22 Mr.
1810 3620 64 25 Hutt,

1286 3650 49 22 who
1346 3654 68 17 states
1423 3649 49 22 that
1480 3648 39 21 the
1529 3648 113 21 Directors
1660 3646 26 22 «f
1698 3646 38 22 the
1752 3645 55 23 Ne-w
1818 3646 57 22 Zea-

1285 3676 55 22 land
1357 3677 116 25 Company
1489 3681 38 14 are
1538 3673 84 28 willing
1637 3676 24 19 to
1670 3672 87 22 furnish
1767 3672 49 22 Her
1828 3673 47 21 Ma-

1280 3703 82 28 jesty's
1371 3703 163 24 Government,
1544 3700 30 27 by
1583 3707 47 20 way
1640 3699 27 21 of
1677 3699 59 26 loan,
1747 3699 53 21 with
1809 3699 66 23 funds

1285 3730 113 22 sufficient
1407 3732 24 18 to
1440 3728 78 27 defray
1576 3733 98 22 expense
1690 3726 26 22 of
1726 3730 150 23 government

1285 3757 23 21 in
1319 3756 55 22 New
1384 3754 106 23 Zealand.

1336 3782 63 22 Your
1408 3781 133 22 Committee
1550 3780 45 26 beg
1610 3779 70 26 leave,
1696 3779 23 21 in
1738 3778 136 28 conclusion,

1285 3812 23 19 to
1327 3809 92 22 observe
1439 3807 48 22 that
1506 3807 37 21 the
1560 3805 56 24 evils
1630 3805 35 22 for
1674 3804 71 22 which
1755 3804 54 28 they
1818 3805 57 23 have

1284 3835 158 22 endeavoured
1462 3838 19 16 to
1501 3838 91 22 suggest
1609 3840 14 14 a
1640 3831 93 28 remedy
1751 3838 83 20 appear
1853 3837 22 16 to

1285 3862 61 23 them
1365 3865 21 18 to
1402 3861 59 22 have
1475 3860 59 22 been
1550 3859 85 28 greatly
1652 3857 135 28 aggravated
1797 3858 29 27 by
1837 3858 37 22 the

1284 3888 66 27 delay
1360 3887 73 22 which
1442 3887 40 22 ha
1477 3887 25 22 3
1490 3886 67 22 taken
1567 3885 63 28 plaoe
1644 3884 23 22 in
1684 3883 143 28 establishing
1837 3885 37 21 the

1284 3915 113 27 authority
1407 3915 28 20 of
1446 3913 81 22 British
1536 3912 42 22 law
1588 3912 24 22 in
1623 3911 56 21 New
1688 3911 100 21 Zealand
1795 3919 5 17 ;
1821 3911 53 28 they

1284 3944 81 25 regret,
1383 3940 117 27 therefore,
1519 3939 48 23 that
1583 3938 38 23 the
1630 3937 89 23 Session
1728 3937 19 23 is
1757 3944 24 15 so
1790 3937 36 23 far
1835 3938 39 22 ad-
