2550 4010
1897 799 219 23 WHOLESALE
2147 798 125 24 PRICES
2305 798 178 24 CURRENT.

1966 838 134 15 CORKECTED
2114 838 30 15 UP
2158 838 28 14 TO
2201 837 85 15 FRIDAY
2301 837 109 15 EVENING.

2236 857 17 18 £
2276 862 14 11 s.
2315 857 17 16 d.
2389 857 16 17 £
2427 861 16 12 «.
2469 857 18 16 d.

1897 880 62 21 Ale:
1977 878 27 21 In
2013 878 78 27 boUle,
2105 878 116 31 perdoz..
2239 880 14 21 0
2268 880 25 20 16
2321 880 13 20 0
2352 892 19 6 ..
2390 880 13 19 0
2426 880 20 23 ,0
2472 880 15 19 0

1978 904 86 22 Hewitt
2071 906 45 21 and
2128 905 80 22 Field's
2218 906 36 22 .7
2280 908 15 18 0
2321 906 14 20 0
2352 919 6 6 .
2365 918 6 7 .
2391 905 55 22 710
2473 906 15 20 0

1897 932 112 21 Arrack:
2025 931 44 22 Per
2076 932 76 25 gallon
2176 934 79 20 ....0
2281 933 14 20 3
2323 934 82 19 6..0
2431 932 15 21 0
2473 936 14 19 0

1899 958 91 22 Bkead:
2007 958 42 21 Per
2057 958 44 22 21b.
2114 958 51 21 loaf
2177 973 47 6 ....
2241 960 14 20 0
2282 960 15 21 0
2323 960 13 20 8
2352 972 20 7 ..
2391 960 14 20 0
2431 960 16 20 0
2474 959 14 21 0

1897 985 73 22 Beef:
1986 984 78 27 Freoh,
2083 991 89 16 carcase
2187 992 41 20 per

2015 1011 23 21 lb
2239 1014 15 19 0
2281 1014 14 19 0
2311 1012 61 25 101..
2391 1014 13 19 0
2431 1013 15 20 0
2474 1012 14 21 0

1898 1037 105 22 Butter:
2021 1036 64 27 Irish,
2095 1045 40 19 per
2144 1037 29 22 !b.
2205 1040 52 19 ..0
2285 1040 8 19 1
2323 1040 14 19 4
2354 1052 20 7 ..
2392 1041 14 19 0
2434 1039 56 20 1.10

2021 1063 68 22 Fresh
2244 1066 13 20 0
2283 1066 14 20 3
2324 1066 13 20 6
2355 1079 19 6 ..
2392 1067 14 20 0
2433 1066 16 20 0
2475 1066 16 20 0

1899 1090 97 22 Brandy
2002 1097 6 16 :
2024 1089 55 23 First
2088 1090 92 28 quality,
2191 1097 39 21 per

2047 1116 76 28 gallon
2241 1120 14 19 0
2271 1118 23 22 11
2324 1120 13 20 0
2354 1132 21 7 ..
2392 1120 14 21 0
2421 1118 28 23 14
2475 1120 15 19 0

1898 1143 86 22 Bkowk
2003 1144 88 21 Stout:
2115 1144 113 22 Trueman

2135 1171 43 22 and
2188 1171 38 22 Co.
2243 1172 12 21 7
2283 1174 13 19 0
2323 1174 13 19 0
2353 1186 20 7 ..
2392 1172 12 21 7
2419 1172 29 21 10
2475 1172 14 20 0

1897 1198 88 22 Cigars
1994 1205 5 14 :
2010 1196 151 28 Manilla,-per
2168 1199 59 26 1000,
2242 1200 13 19 3
2271 1200 26 19 10
2323 1200 14 20 0
2354 1214 5 5 .
2367 1213 6 6 .
2392 1200 14 20 1
2432 1200 16 19 O
2475 1200 15 19 0

2007 1224 97 21 Inferior
2241 1226 14 21 2
2283 1227 13 20 0
2323 1228 13 19 0
2353 1240 6 6 .
2366 1239 7 6 .
2391 1227 15 20 0
2432 1221 29 26 0:
2475 1226 15 20 0

2008 1250 20 21 H
2032 1257 56 15 avan
2092 1251 52 27 nah,
2150 1259 40 20 per
2196 1251 30 22 lb.
2241 1254 14 19 0
2269 1253 26 20 14
2323 1254 13 19 0
2353 1266 20 7 ..
2391 1255 14 19 0
2431 1254 17 19 O
2474 1253 14 20 0

2006 1277 127 22 Chinsurah
2243 1280 12 19 2
2271 1280 26 20 10
2323 1282 14 18 0
2354 1293 19 6 ..
2392 1281 14 20 0
2432 1281 16 19 0
2475 1280 14 20 0

2006 1304 156 22 Alexandrian
2175 1319 47 7 ....
2243 1306 7 21 1
2269 1306 26 23 10
2322 1307 13 20 0
2353 1320 5 6 .
2366 1319 6 7 .
2390 1308 15 19 0
2431 1307 57 20 00

1898 1331 88 22 Covec
1994 1338 4 13 :
2010 1330 64 25 Java,
2085 1339 40 19 per
2133 1331 23 23 lb
2242 1334 13 20 0
2285 1334 8 19 J
2323 1334 14 20 3
2354 1347 5 6 .
2367 1346 6 7 .
2392 1335 14 19 0
2433 1334 12 19 1
2476 1334 14 19 6

1898 1360 103 20 Ciiekbb:
2017 1357 106 23 Cheshire
2242 1361 13 20 0
2284 1361 9 21 1
2323 1361 50 20 3..
2392 1361 14 20 0
2434 1361 56 20 110

2017 1384 55 22 Pine
2084 1384 73 28 Apple
2177 1388 79 19 ....0
2285 1388 10 20 1
2323 1388 85 21 4..0
2432 1388 16 21 2
2476 1388 14 21 0

1898 1412 107 21 Candles
2012 1419 5 13 :
2025 1411 93 25 English
2126 1419 56 19 wax,
2191 1419 40 20 per

2042 1438 24 21 lb
2243 1441 13 20 0
2284 1441 54 20 210
2355 1454 6 7 .
2368 1454 6 8 .
2393 1443 14 20 0
2433 1440 15 21 3
2476 1441 15 21 0

2029 1464 81 23 Mould
2243 1468 13 19 0
2285 1468 8 20 1
2324 1469 83 21 0..0
2434 1468 12 21 J
2474 1468 16 21 4

1900 1491 92 22 Flour:
2001 1492 33 20 Ist
2039 1491 93 27 quality,
2143 1499 40 21 per
2188 1496 37 18 ton

2022 1518 28 21 of
2059 1519 55 22 2000
2124 1518 34 22 lbs
2228 1520 29 21 30
2284 1522 14 19 0
2325 1522 14 20 0
2355 1535 19 6 ..
2393 1523 15 20 0
2434 1523 16 20 0
2476 1522 15 20 0

1999 1545 46 22 2nd
2055 1544 56 23 ditto
2230 1548 27 19 26
2285 1549 13 20 0
2324 1549 13 20 0
2355 1562 19 7 ..
2393 1550 15 20 0
2434 1550 15 19 0
2476 1549 16 20 0

1900 1571 60 22 Gin:
1982 1571 53 22 Pale
2244 1576 13 19 0
2283 1575 14 20 5
2324 1576 14 19 6
2354 1589 21 7 ..
2393 1577 14 20 0
2434 1576 16 20 9
2476 1576 15 19 0

1982 1598 62 26 Case,
2058 1600 14 20 3
2086 1599 87 26 gallons
2182 1601 46 20 4-5.
2244 1602 13 19 0
2272 1602 26 20 18
2325 1603 14 20 0
2356 1616 19 7 ..
2393 1604 15 20 0
2433 1604 17 19 O
2476 1603 15 20 Q

1900 1624 83 21 Hams:
1999 1624 129 26 Yorkshire,
2143 1626 86 28 perlb.
2244 1629 14 19 0
2287 1630 8 19 1
2326 1630 11 19 1
2356 1643 19 6 ..
2394 1631 15 20 0
2437 1630 11 20 1
2477 1630 15 19 6

1900 1651 127 22 Mustard:
2045 1652 41 21 Per
2096 1652 70 23 dozen
2180 1656 75 19 ....1
2285 1657 14 20 8
2325 1658 83 20 0..0
2436 1658 14 19 0
2478 1657 15 20 0

1900 1678 101 21 Mutton
2010 1686 6 13 :
2036 1678 95 23 Carcase
2140 1687 40 20 per
2189 1680 24 22 lb
2223 1697 6 6 .
2245 1682 13 20 0
2285 1684 14 19 0
2325 1684 14 19 9
2356 1697 19 6 ..
2394 1685 14 19 0
2437 1684 11 20 1
2477 1684 15 19 0

1901 1704 122 22 Muskets:
2040 1705 93 22 Walnut
2246 1708 10 21 1
2286 1710 13 20 0
2326 1711 14 20 0
2356 1724 20 7 ..
2396 1711 10 20 I
2437 1711 13 20 8
2477 1711 15 20 0

1892 1731 87 31 jMilk.
1998 1731 40 21 Per
2045 1732 49 26 pint
2245 1736 13 19 0
2285 1738 14 18 0
2325 1737 14 20 4
2357 1750 18 8 
2394 1739 15 19 0
2436 1738 15 20 0
2478 1738 15 19 0

1900 1758 58 21 Oil:
1975 1758 103 27 Linseed,
2088 1766 40 20 per
2137 1760 76 27 gallon
2224 1777 5 6 .
2244 1764 14 18 0
2285 1764 14 19 6
2325 1765 14 19 0
2356 1771 19 13 7.
2394 1765 14 20 0
2436 1765 13 20 8
2477 1764 15 20 6

1975 1785 284 29 Black,incask,pertonlfi
2286 1791 14 20 0
2326 1791 14 20 0
2358 1804 18 7 ..
2394 1792 15 20 0
2436 1792 14 20 0
2477 1791 15 20 0

1900 1811 77 22 Pork:
1992 1812 77 26 Fresh,
2087 1820 89 15 carcase
2192 1821 40 20 per

1891 1849 2 21 I
2019 1838 22 22 lb
2244 1843 14 20 0
2285 1844 14 19 0
2324 1844 51 26 4J..
2393 1845 15 21 0
2435 1845 15 20 0
2476 1845 13 21 5

1903 1865 62 20 Pork
1972 1872 5 13 :
1996 1865 64 27 Irish,
2072 1873 38 20 per
2120 1866 73 23 barrel
2206 1883 6 5 .
2219 1883 5 5 .
2243 1870 13 19 5
2283 1871 16 20 0
2325 1872 14 20 0
2355 1885 6 6 .
2368 1885 7 7 .
2393 1872 15 20 0
2434 1873 15 19 0
2476 1874 14 20 0

1903 1891 129 22 Potatoes.
2053 1892 56 23 New
2123 1893 108 29 Zealand,

2077 1927 40 19 per
2126 1924 37 18 ton
2178 1923 78 20 ....5
2284 1925 15 20 0
2325 1925 83 21 0..0
2435 1926 15 21 0
2476 1928 14 20 0

1891 1947 2 20 I
1903 1946 92 21 Porter
2005 1953 5 13 :
2039 1946 103 27 Dunbar,
2153 1948 23 22 in
2184 1948 47 22 but.

2068 1973 92 27 perdoz
2243 1978 15 19 0
2273 1978 27 20 14
2325 1978 14 20 0
2356 1992 20 6 ..
2393 1979 15 21 0
2422 1979 28 21 16
2477 1981 15 19 0

1903 1999 96 21 Picki.es
2011 2006 5 15 :
2048 2000 115 28 Assorted,
2194 2009 40 20 per

2073 2026 58 25 doz.,
2156 2032 76 23 quarts
2247 2030 10 21 1
2286 2032 14 20 8
2326 2032 14 20 0
2359 2045 19 7 ..
2398 2033 10 20 1
2424 2033 29 21 16
2478 2035 15 19 0

1904 2052 70 21 Pitch
1988 2059 5 14 :
2025 2052 138 30 Stockholm,
2194 2063 40 19 per

2051 2080 70 22 barrel
2248 2084 54 21 110
2327 2086 38 20 0.
2371 2099 7 7 .
2409 2086 14 20 2
2438 2087 15 21 0
2478 2088 16 20 0

1904 2105 92 22 Plank:
2024 2106 53 22 Port
2100 2108 132 28 Nicholson,

2051 2141 39 19 per
2099 2136 41 19 100
2149 2135 45 22 feet
2208 2151 18 6 ..
2245 2138 14 20 0
2274 2138 25 21 18
2326 2139 15 20 0
2358 2152 19 7 ..
2396 2139 9 20 1
2424 2140 28 20 10
2478 2141 15 20 0

2022 2159 122 29 ITokiar.ga
2246 2166 13 19 'J
2286 2166 13 19 5
2326 2166 14 20 0
2358 2179 19 7 ..
2394 2167 14 20 2
2424 2167 28 20 10
2478 2169 15 19 0

1902 2185 69 22 Rice:
1984 2186 108 23 Common
2102 2195 40 20 per
2149 2192 48 19 ovt.
2209 2205 18 6 ..
2247 2192 9 20 1
2288 2193 9 19 ]
2327 2193 14 20 0
2359 2207 19 6 ..
2399 2194 7 20 1
2425 2195 27 19 10
2479 2196 14 20 0

1983 2213 67 22 Good
2246 2218 54 23 110
2326 2221 50 19 0..
2394 2221 14 20 2
2436 2222 15 19 0
2478 2223 15 19 0

1903 2239 65 22 Rum:
1985 2240 25 21 P.
2021 2240 25 21 B.
2060 2240 31 27 P.,
2107 2241 55 29 duty
2175 2243 56 27 free,

2009 2274 39 19 per
2057 2268 75 26 gallon
2245 2273 14 19 0
2285 2272 14 21 5
2326 2273 14 20 6
2358 2286 6 7 .
2371 2287 6 7 .
2395 2275 14 20 0
2424 2275 27 20 13
2478 2276 15 21 0

1902 2293 87 22 Sugar:
2006 2293 119 24 Mauritius
2135 2303 39 20 per
2182 2301 49 18 cwt.
2246 2299 10 21 1
2274 2300 25 20 15
2326 2301 14 19 0
2358 2313 19 7 ..
2395 2301 13 21 2
2436 2301 14 21 5
2479 2303 14 20 0

2010 2320 78 23 Brown
2243 2327 16 19 0
2285 2328 14 19 0
2325 2329 14 19 0
2357 2341 20 7 ..
2396 2329 9 20 1
2436 2330 56 20 SO

2010 2348 97 22 Reined
2123 2349 52 27 loaf,
2192 2358 41 20 per

2036 2374 22 22 lb
2245 2380 14 20 0
2286 2380 14 20 0
2326 2381 14 19 8
2358 2394 19 7 ..
2396 2382 12 20 0
2438 2383 13 19 0
2478 2383 15 20 9

1902 2401 58 21 Sat-t
1968 2407 6 14 :
1990 2401 126 28 Liverpool,
2127 2410 40 20 per
2177 2407 38 19 ton
2224 2407 35 20 .6
2285 2407 15 20 0
2326 2408 14 20 0
2359 2421 5 6 .
2372 2422 5 5 .
2396 2409 12 20 S
2437 2411 14 19 0
2478 2411 15 20 0

1902 2428 54 21 Soai
1956 2436 4 6 1
1969 2435 6 14 :
2003 2428 101 23 liuwes's
2128 2430 103 29 London,

2027 2462 40 19 per
2074 2460 39 18 ton
2231 2460 27 20 42
2285 2461 14 20 0
2326 2461 82 21 0..G0
2437 2463 14 19 0
2478 2464 15 20 0

1902 2481 104 22 Starch:
2022 2481 74 24 Perlb
2246 2488 14 19 0
2291 2488 7 20 I
2327 2490 83 20 9..0
2438 2489 13 21 2
2479 2491 14 19 0

1902 2508 143 23 Scantlino:
2062 2509 42 23 Per
2111 2512 41 21 100
2160 2511 68 23 feet..
2246 2514 14 20 0
2276 2514 25 21 18
2328 2516 13 20 0
2359 2529 19 5 ..
2398 2517 8 19 1
2438 2517 13 19 5
2479 2519 14 18 0

1902 2534 127 23 Shingi.es:
2046 2536 105 24 PerlOOO
2248 2541 8 20 1
2276 2541 26 21 10
2327 2543 14 19 0
2359 2556 18 6 ..
2396 2544 14 20 2
2438 2543 12 19 5
2479 2545 14 19 0

1902 2560 48 23 Tar
1958 2577 5 6 .
1980 2562 52 21 Coal
2247 2568 53 20 115
2327 2570 14 19 0
2359 2583 5 4 .
2372 2583 6 6 .
2398 2571 13 20 0
2438 2572 15 19 0
2480 2573 14 19 0

1983 2589 128 23 Stockholm
2248 2594 10 22 1
2276 2596 26 20 10
2327 2596 15 20 0
2359 2609 19 7 ..
2396 2597 14 20 2
2438 2597 15 21 0
2479 2599 15 19 0

1905 2616 58 20 Te\:
1982 2616 87 26 Hyson,
2081 2624 39 20 per
2130 2618 63 22 chest
2210 2622 50 20 ..8
2287 2623 14 20 0
2328 2624 13 19 0
2359 2624 49 20 ..11
2426 2624 25 21 11
2479 2625 16 20 0

1891 2645 2 19 !
1901 2641 117 22 Tobacco:
2034 2642 143 29 Negrohead,
2194 2653 41 20 per

2060 2670 23 21 lb
2247 2676 15 20 0
2290 2675 9 20 1
2328 2676 14 20 3
2360 2689 5 6 .
2373 2690 6 6 .
2397 2678 15 20 0
2439 2677 12 21 1
2481 2679 14 20 9

1906 2694 160 24 Turpentine:
2083 2696 146 29 Pergallon..
2248 2703 14 19 0
2288 2703 14 19 8
2328 2703 15 20 6
2361 2715 18 8 ..
2398 2705 14 19 0
2439 2705 15 20 0
2480 2706 15 20 0

1905 2726 159 19 Whalebone:
2081 2724 42 21 Per
2133 2729 37 18 ton
2234 2727 26 21 85
2287 2729 15 20 0
2328 2731 14 19 0
2359 2731 66 20 ..100
2439 2732 14 20 0
2479 2733 15 20 0

1904 2748 80 23 Wine:
2000 2749 88 28 Sherry,
2100 2758 41 20 per
2149 2752 52 28 pipe
2210 2755 51 22 ..28
2288 2757 15 19 0
2329 2758 14 19 0
2361 2758 51 20 ..40
2439 2760 15 18 0
2481 2760 14 20 0

2010 2775 71 29 Ditto,
2097 2785 41 20 per
2152 2779 80 23 dozen.
2248 2782 9 21 1
2287 2783 15 20 4
2328 2784 14 20 0
2360 2797 19 7 ..
2397 2785 14 20 2
2439 2786 15 20 0
2481 2787 14 20 0

1904 2828 120 25 Poultry:
2040 2830 79 28 Fowls,
2126 2838 40 21 per
2172 2833 62 27 pair.
2248 2837 14 19 0
2276 2836 28 20 10
2330 2837 14 20 0
2361 2850 18 6 ..
2398 2839 14 19 0
2439 2839 15 20 0
2481 2840 15 20 0

2038 2858 85 27 Ducks,
2135 2860 56 21 ditto
2210 2875 7 6 .
2223 2875 7 7 .
2248 2863 54 20 015
2330 2864 13 20 0
2360 2877 6 6 .
2373 2877 6 6 .
2398 2866 14 19 0
2439 2866 16 20 0
2481 2867 14 19 0

2039 2884 80 28 Geese,
2130 2885 57 23 ditto
2210 2901 6 7 .
2223 2902 6 6 .
2246 2890 15 20 0
2276 2889 26 21 15
2328 2891 14 20 0
2359 2904 7 5 .
2374 2904 5 6 .
2397 2893 14 19 0
2438 2892 15 20 0
2479 2893 16 21 0

2037 2910 103 30 Turkeys
2248 2922 59 16 »*>ne
2315 2915 24 23 in
2351 2916 38 23 the
2399 2917 97 24 market.

2038 2938 105 28 Piprcons,
2152 2940 80 28 (wild,)

2064 2972 40 20 per
2113 2967 49 26 pair
2248 2969 14 20 0
2288 2969 14 20 3
2330 2971 82 21 0..0
2439 2973 16 20 0
2481 2973 15 21 0

2037 2990 85 29 Ducks,
2131 2992 35 23 do.
2177 2994 52 21 do..
2247 2997 15 19 0
2288 2995 14 21 5
2329 2998 14 18 0
2360 3011 19 6 ..
2398 2999 14 20 0
2439 3000 15 20 0
2479 3001 16 19 0

1902 3016 61 22 Eggs
1971 3024 6 15 :
1992 3017 44 22 Per
2045 3017 73 24 dozen
2248 3023 14 20 0
2289 3023 14 20 6
2329 3025 50 19 0..
2398 3026 14 20 0
2439 3027 15 19 0
2480 3027 15 21 0

1902 3069 75 22 Cowsi
1995 3070 69 22 Milch
2233 3075 28 21 20
2288 3076 14 20 0
2328 3077 15 19 0
2359 3078 52 21 ..30
2438 3080 15 19 0
2479 3081 16 19 0

1902 3096 95 22 Mabes:
2013 3097 74 22 3rood
2231 3102 28 20 50
2286 3104 14 20 0
2327 3105 14 20 0
2358 3105 52 21 ..90
2438 3107 15 20 0
2478 3107 17 21 0

1902 3122 114 23 Working
2034 3124 133 23 Bullocks:
2191 3126 42 22 Per

1904 3175 7 8 rr
1926 3157 14 18 PP
1942 3156 12 14 a
1956 3157 20 14 »r
2232 3155 28 21 40
2287 3157 15 19 0
2328 3158 14 20 0
2359 3159 51 20 ..GO
2438 3161 15 19 0
2479 3161 15 20 0

1902 3177 62 21 Hike
1976 3184 26 13 o?
2012 3183 68 16 ditto
2088 3186 5 13 :
2110 3178 42 23 Per
2159 3180 53 28 day,
2220 3188 14 14 a

1927 3207 60 18 team
1997 3204 46 21 and
2050 3203 73 24 driver
2247 3209 10 21 1
2274 3209 27 21 10
2327 3211 15 21 0
2358 3225 19 7 ..
2396 3212 14 21 2
2438 3213 15 21 0
2479 3214 15 20 0

1902 3229 61 22 Boat
1975 3230 73 22 Hike:
2064 3230 43 23 Per
2112 3232 51 28 day,
2168 3234 64 22 with-

2090 3263 41 18 out
2140 3260 73 22 hands
2223 3264 36 20 .0
2272 3263 28 21 10
2325 3265 15 21 0
2357 3278 6 7 .
2370 3278 7 8 .
2396 3265 10 21 I
2436 3267 16 20 0
2478 3268 15 20 0

1901 3309 98 24 Wages:
2027 3310 141 31 Mechanics,
2194 3322 41 21 per

2054 3339 62 22 week
2245 3343 14 21 2
2274 3343 27 21 14
2326 3345 16 20 0
2358 3357 19 8 ..
2395 3345 14 21 3
2437 3347 15 21 6
2478 3349 15 20 0

2036 3365 126 25 Labourers
2179 3371 120 20 ....110
2325 3372 83 21 0..2
2436 3374 15 21 2
2478 3376 15 20 0

1921 3421 38 16 Tne
1971 3422 48 17 New
2030 3423 98 18 Zealawd
2140 3425 91 17 Gazbttjs
2243 3425 42 19 wHI,
2295 3426 29 17 for
2335 3427 31 17 the
2377 3432 74 16 present
2469 3431 23 17 b»

1899 3442 59 20 publif
1959 3443 35 16 neel
2002 3444 73 21 weekly,
2083 3449 9 11 c
2097 3448 41 17 very
2144 3446 87 20 Saturday
2239 3446 90 22 morning.
2351 3449 22 16 So
2378 3454 45 12 soon
2431 3455 20 12 as
2457 3451 12 16 it
2475 3451 16 17 is

1899 3463 109 21 eufficiently
2015 3465 103 20 supported,
2128 3465 15 16 it
2150 3465 37 17 will
2198 3467 22 16 be
2225 3466 63 18 issued
2295 3470 124 18 semi-weekly
2446 3472 46 16 Sub.

1900 3483 59 19 joined
1966 3488 31 12 are
2004 3484 30 18 the
2043 3486 54 16 terms
2102 3490 29 12 :—
2419 3483 6 5 '

1921 3510 63 18 Prick
1991 3515 24 13 of
2022 3516 40 12 tiie
2071 3512 95 19 Paper,—
2167 3512 55 22 Forty
2227 3514 84 22 shillings
2317 3521 33 15 per
2360 3522 78 14 annum,
2448 3524 45 15 pay.

1899 3531 39 17 able
1945 3536 19 11 in
1971 3533 89 19 advance;
2072 3536 20 13 or
2098 3537 35 12 one
2141 3533 76 21 shilling
2224 3535 26 16 for
2257 3536 57 21 single
2322 3540 93 16 numbers.

1919 3559 211 20 Advertisements,—
2130 3561 33 17 Six
2173 3561 47 19 lines>
2231 3564 37 17 and
2279 3565 62 19 undor,
2352 3567 27 16 3s.
2387 3567 23 16 6d
2423 3568 29 17 for
2457 3568 32 17 fia

1899 3580 38 16 first
1950 3580 93 19 insertion,
2055 3582 35 15 and
2102 3585 35 12 one
2229 3583 27 17 for
2263 3585 42 17 each
2313 3587 113 19 subsequent
2432 3589 58 17 inser-

1899 3603 37 13 tion
1942 3605 5 14 ;
1958 3601 47 24 fropi
2011 3605 30 12 six
2048 3603 19 14 to
2073 3603 32 15 ten
2112 3602 53 20 lines,
2173 3603 35 17 five
2215 3604 84 22 shillings
2311 3607 28 16 for
2350 3609 32 16 tue
2393 3609 46 16 tat.
2451 3610 36 17 and

1898 3625 34 12 one
1943 3620 76 28 shilling
2029 3622 35 15 and
2076 3622 86 21 sixpence
2173 3623 28 18 for
2212 3625 43 17 each
2267 3627 111 21 subsequent
2389 3629 88 18 insertion
2483 3636 5 4 •

1899 3642 55 16 above
1965 3643 31 15 ten
2006 3640 54 21 lines,
2072 3643 35 16 five
2118 3643 85 22 shillings
2213 3646 28 16 for
2252 3647 31 16 ths
2294 3648 37 17 first
2344 3651 29 14 ten
2385 3650 55 20 line*,
2451 3652 37 17 and

1898 3662 96 20 fourpent-e
2001 3666 31 16 per
2039 3662 37 17 lme
2083 3664 28 16 for
2118 3664 31 18 the
2156 3669 64 14 excess
2227 3667 21 16 of
2255 3668 40 16 that
2302 3670 87 18 number;
2401 3672 37 16 an*
2445 3673 43 15 two.

1898 3686 56 16 pence
1960 3686 33 17 per
1998 3682 38 18 line
2043 3683 28 17 for
2078 3684 45 18 each
2130 3686 113 22 subsequent
2248 3688 94 18 insertion.

1919 3709 155 19 Advertisements
2082 3712 36 17 will
2126 3716 32 14 not
2165 3718 66 18 appear
2241 3715 19 17 in
2272 3717 30 16 the
2312 3717 81 22 ensuing
2403 3720 85 20 number,

1899 3730 15 16 if
1923 3730 80 17 received
2011 3731 47 17 later
2064 3732 45 18 than
2120 3733 71 22 Friday,
2205 3736 19 16 10
2234 3736 73 21 o'clo-.-k,
2319 3742 44 14 a.m.
2384 3731 106 26 AdvertUel

1898 3754 60 14 merits
1967 3752 34 16 will
2009 3752 22 16 be
2038 3754 99 17 continued
2144 3756 36 15 and
2187 3756 77 21 charged
2269 3759 46 16 until
2320 3761 168 20 counter-ordered;

1898 3772 45 16 such
1950 3772 51 17 older
2008 3775 51 15 must
2065 3774 22 16 be
2095 3777 42 14 sent
2142 3777 19 15 to
2168 3776 32 17 the
2205 3777 55 18 Office
2265 3778 52 18 three
2324 3780 44 21 days
2375 3781 62 18 bsfore
2445 3774 45 25 uubl

1900 3796 78 15 ucation,
1986 3794 36 16 and
2029 3796 50 15 must
2085 3796 23 16 be
2116 3796 19 16 in
2142 3797 80 21 writing.
2377 3789 60 10 ■»-»««
2445 3789 34 14 imu

1920 3819 29 17 All
1956 3820 67 19 orders,
2034 3822 158 21 advertisements,
2204 3826 37 16 and
2252 3828 164 18 communications
2427 3831 19 17 to
2457 3830 31 18 tht

1899 3839 69 20 Editor,
1975 3845 30 13 are
2011 3844 98 18 requested
2114 3845 19 15 to
2140 3845 22 16 be
2168 3845 98 19 addressed
2274 3849 18 15 to
2298 3848 37 17 this
2342 3849 62 18 Office.

1899 3891 74 17 Printed
1984 3893 38 16 and
2030 3893 96 21 published
2137 3897 19 15 at
2166 3897 32 17 the
2205 3898 55 16 Office
2266 3899 22 16 of
2295 3900 32 16 the
2334 3900 50 17 New
2390 3901 97 18 Zealand

510 57 102 32 THE
629 55 114 33 NEW
757 53 228 35 ZEALAND
1003 50 225 35 GAZETTE
1245 48 103 33 AND
1364 43 332 36 WELLINGTON
1717 40 294 34 SPECTATOR.

861 137 71 21 FOR
948 135 96 25 SALE,

667 171 45 48 A
736 170 144 22 COUNTRY
912 167 139 25 SECTION,
1081 167 58 26 (first
1161 165 84 26 series,)

726 197 95 22 number
830 203 52 20 very
891 196 51 21 low.
971 195 63 26 Also,
1043 194 34 21 for
1086 192 59 27 Sale,
1152 199 26 15 or
1187 194 22 19 to
1219 192 27 20 be

665 223 45 26 Let,
722 227 66 17 water
798 223 100 26 frontage
908 229 56 15 near
973 222 36 21 the
1022 219 58 22 head
1096 219 27 22 of
1136 219 40 21 the
1192 218 54 26 Bay,

668 250 37 21 md
715 249 105 27 Bailding
830 249 67 26 Plots,
914 247 144 26 overlooking
1074 245 40 22 the
1130 245 55 27 Bay,
1202 244 46 22 and

662 275 90 22 secured
762 276 58 21 from
829 275 38 21 the
877 279 44 17 two
931 273 115 22 nrevalent
1055 272 78 22 winds.

689 302 98 22 Address
799 302 27 21 G.
837 301 34 27 T.,
1038 299 81 21 Office.

666 354 180 49 BUILDING
860 354 136 21 Allotments
1010 356 24 18 to
1046 353 49 26 Let,
1105 352 24 21 in
1138 351 50 22 that
1197 351 51 22 Sec-

725 382 46 21 tion
781 381 105 22 bounded
896 381 28 26 by
932 379 187 27 Taranaki-place
1126 377 45 22 and
1176 377 71 22 Cuba-

663 412 73 19 street.
765 408 75 26 Aprly
856 411 23 18 to
896 407 63 22 John
977 407 72 24 Yule,
1067 405 96 26 Petoni;
1183 410 25 16 or
1224 407 23 17 to

665 435 135 22 Archibald
809 434 52 22 And
868 440 76 21 -:rson,
954 432 146 28 Wellington.

689 461 126 22 December
824 462 32 25 17,
867 461 61 20 1840.

667 515 112 49 LAND
791 515 59 20 FOR
859 514 115 22 SALE.—
976 513 49 22 One
1034 516 58 18 town
1099 512 45 22 and
1153 516 95 23 country

739 541 84 22 section
834 541 36 22 No
879 541 47 22 838.
955 539 76 28 Apply
1042 542 21 18 to

1041 566 29 21 A.
1086 565 134 23 Anderson.

691 593 144 28 Wellington,
845 593 56 22 Dec.
912 595 33 25 10,
957 594 60 20 1840.

667 648 66 48 I^O
747 647 38 22 BE
801 647 63 26 LET,
881 653 28 15 on
921 645 106 27 Building
1037 645 87 26 Leases,
1143 645 23 21 in
1184 644 63 22 allot-

726 678 78 22 ments,
816 674 66 21 Town
895 673 78 25 Acres,
980 672 54 22 Nos.
1041 673 48 24 480,
1100 673 47 24 373,
1159 673 33 24 78,
1199 671 46 24 676,

665 701 43 22 and
718 702 47 20 677.
804 700 42 22 For
855 699 137 26 particulars,
1004 698 66 27 apply
1081 702 22 18 to
1115 697 36 23 the
1161 697 83 22 Under-

665 727 83 27 signed,
768 734 26 14 or
806 730 22 18 to
839 726 92 22 Messrs.
945 725 60 21 John
1017 724 44 22 and
1072 724 88 27 George
1171 723 75 27 Wade,

665 758 23 17 at
696 753 73 22 whose
780 753 70 21 Office
860 752 38 22 the
909 752 67 22 Plans
985 752 31 22 lie
1026 751 34 22 for
1070 751 129 26 inspection.

1008 777 23 22 J.
1046 778 24 22 C.
1087 778 134 22 Crawford.

768 833 104 21 TOWN
886 833 112 21 ACRES
1013 832 43 21 TO
1070 832 76 22 LET.

665 866 176 50 NUMBERS
856 873 29 14 on
897 865 38 22 the
945 864 239 28 Surveyor-General's
1194 864 52 24 Plan

744 894 24 22 vt
781 892 39 23 the
830 896 66 24 town,
935 893 40 21 179

947 920 26 20 75

946 947 27 19 62

931 974 43 19 330

919 1000 54 21 1097

690 1026 38 22 On
737 1025 133 29 application
884 1028 23 19 to
922 1025 44 22 Mr.
982 1024 24 22 F.
1022 1024 86 26 Logan,
1124 1023 125 28 Clyde-ter-

664 1060 57 19 race,
733 1052 85 26 Petoni,
828 1056 68 17 terms
905 1051 45 22 will
960 1052 27 21 be
997 1051 64 22 made
1070 1050 92 23 known.

690 1078 170 28 Clyde-tetrace,
871 1078 60 21 Nov.
940 1079 33 24 23,
985 1079 61 20 1840.

663 1132 171 21 BUILDING
852 1131 237 22 ALLOTMENTS
1112 1131 44 20 TO
1173 1130 75 22 LET.

665 1165 90 49 THE
773 1165 199 22 ADVERTISER
987 1164 65 22 offers
1068 1171 60 20 upon
1145 1163 105 27 Building

738 1192 88 25 Leases,
837 1199 11 13 a
860 1191 95 22 number
966 1191 24 22 of
1001 1191 69 21 Town
1080 1191 136 22 Allotments
1225 1191 23 21 in

665 1218 36 22 the
712 1221 57 19 most
778 1218 108 22 desirable
895 1221 61 24 parts
965 1218 26 22 of
1002 1217 43 22 this
1055 1217 139 22 Settlement.

691 1245 47 22 The
756 1245 109 22 attention
883 1245 25 21 of
925 1244 38 22 the
980 1244 74 27 public
1072 1244 19 21 is
1108 1243 141 28 particularly

665 1271 71 23 called
754 1275 22 18 to
796 1271 37 21 the
851 1271 124 27 advantage
994 1271 27 21 of
1038 1271 106 26 Building
1161 1270 87 27 Leases,

665 1298 71 22 which
745 1298 38 22 the
792 1297 151 28 undersigned
952 1305 17 14 is
981 1297 96 23 enabled
1086 1302 23 17 to
1118 1302 72 22 grant,
1197 1298 52 25 viz.,
1258 1298 2 31 j

665 1325 57 22 from
732 1331 67 15 seven
810 1329 22 17 to
848 1327 139 24 twenty-one
1003 1331 72 20 years,
1093 1324 120 27 according
1229 1328 21 18 to

665 1351 36 22 the
721 1351 64 23 value
804 1351 26 22 of
848 1351 39 22 the
910 1350 114 27 buildings
1044 1351 112 28 proposed
1178 1357 21 15 to
1223 1351 27 21 be

666 1378 96 22 erected.

908 1404 25 22 F.
948 1404 29 22 A.
994 1403 227 23 MOLESWORTH.

666 1459 116 49 LAND
804 1460 39 21 TO
867 1459 39 22 BE
933 1459 58 22 LET
1020 1459 42 21 OR
1089 1458 79 22 SOLD
1176 1459 75 21 —The

740 1485 156 28 Undersigned
907 1485 57 23 have
977 1493 29 14 on
1015 1485 63 23 hand
1088 1486 84 22 several
1182 1486 67 22 Town

665 1513 70 22 Acres
745 1513 43 21 and
800 1513 98 26 Country
908 1513 107 26 Sections,
1028 1517 21 17 to
1059 1512 32 22 let
1101 1520 24 14 or
1135 1512 40 22 sell
1181 1513 70 22 either

665 1539 23 23 in
698 1539 70 22 whole
778 1539 70 23 Acres
858 1539 45 23 and
912 1539 109 26 Sections,
1032 1546 25 14 or
1066 1538 97 23 divided.

917 1572 65 23 John
990 1572 46 22 and
1046 1573 59 22 Geo.
1117 1572 78 25 Wade,

843 1598 66 23 Land
918 1600 45 21 and
973 1600 146 21 Commission
1133 1600 90 27 Agents.

691 1632 129 24 November
827 1634 35 25 20,
874 1634 62 22 1840.

665 1686 144 48 LAND
832 1687 193 21 AGENCIE
1035 1688 54 21 S.~
1089 1687 41 21 TO
1154 1687 94 22 LAND-

740 1713 182 22 HOLDERS.—
922 1713 47 22 The
989 1713 156 28 Undersigned
1162 1714 44 27 beg
1227 1718 23 17 to

664 1740 57 22 offer
729 1739 132 23 themselves
870 1744 23 17 to
903 1740 58 22 their
968 1740 86 22 friends
1064 1740 46 22 and
1123 1740 38 22 the
1177 1741 74 26 public

665 1773 24 14 as
699 1766 86 27 Agents
795 1767 33 21 for
837 1766 38 22 the
884 1767 95 28 disposal
988 1767 27 21 of
1020 1767 69 21 Town
1100 1767 43 22 and
1152 1767 97 28 Country

665 1793 82 26 Lands,
758 1793 44 21 and
813 1797 55 17 trust
879 1793 57 22 their
945 1793 94 22 colonial
1051 1794 134 26 experience
1199 1801 50 20 may

665 1818 77 23 entitle
752 1819 61 22 them
823 1823 21 18 to
856 1827 12 14 a
880 1819 65 23 share
955 1820 26 21 of
990 1820 38 21 the
1038 1820 75 27 public
1121 1825 129 22 patronage.

691 1845 63 27 They
764 1846 44 22 will
818 1846 26 21 be
854 1846 75 27 happy
938 1850 23 18 to
969 1854 94 19 arrange
1078 1847 35 21 for
1121 1847 43 21 and
1176 1854 75 20 super-
1258 1852 2 27 j

665 1872 78 22 intend
752 1872 38 22 the
799 1880 91 20 surveys
898 1872 45 22 and
950 1873 158 22 sub-divisions
1116 1873 25 21 of
1148 1873 35 21 the
1189 1873 60 22 land.
1258 1887 2 12 :

667 1898 87 22 Liberal
764 1899 110 22 advances
884 1899 45 22 will
942 1899 27 22 be
985 1900 64 22 made
1060 1907 28 14 on
1100 1900 64 22 lands
1173 1899 77 27 placed

665 1925 22 22 in
699 1925 56 22 their
764 1925 70 22 hands
841 1926 35 22 for
883 1925 54 23 sale.
964 1926 65 27 They
1036 1926 43 22 will
1088 1927 46 21 also
1142 1927 27 21 be
1178 1927 71 28 happy

666 1957 22 17 to
698 1952 64 22 assist
771 1952 135 27 proprietors
915 1953 22 21 in
948 1952 87 27 leasing
1044 1953 59 21 their
1111 1953 71 22 lands.
1258 1954 2 19 i

917 1979 84 22 JOHN
1011 1979 46 23 and
1067 1979 71 23 GEO.
1149 1980 100 22 WADE.
1258 1972 2 28 !

692 2005 143 27 Wellington,
848 2005 50 22 Oct.
909 2007 21 26 7,
942 2008 59 20 IS4O.
1258 2000 2 30 !

890 2059 45 22 TO
950 2060 77 24 LET,

666 2091 119 50 TOWN
801 2093 104 26 ACRES,
919 2095 42 20 3.94
975 2094 44 23 and
1034 2094 49 23 395.
1110 2094 46 23 For
1164 2095 83 22 furthei

738 2120 140 27 particulars,
889 2120 93 28 enquire
994 2120 26 22 of

837 2153 26 23 T.
880 2153 34 23 M.
931 2154 181 23 PARTRIDGE
1122 2155 45 22 and
1178 2156 44 21 CO.
1258 2160 2 16 ;

889 2209 46 21 TO
950 2210 77 24 LET,
1258 2201 2 25 i

665 2241 121 34 qpOWN
801 2241 103 28 ACRES,
920 2244 39 20 245
974 2243 45 21 and
1032 2244 49 22 392.
1111 2244 44 21 For
1166 2244 85 22 farther
1258 2230 2 45 j

672 2264 29 26 X
742 2268 137 28 particulars,
900 2270 92 28 enquire
1011 2274 23 18 at
1052 2270 39 23 the

666 2294 77 23 O/Hce.

667 2349 89 36 npHE
780 2349 155 26 Undersigned
953 2350 58 22 have
1029 2351 69 22 Town
1118 2352 71 22 Acres
1206 2352 43 22 and

672 2372 29 25 -L
739 2376 98 28 portions
857 2377 25 21 of
900 2384 61 15 acres
978 2381 23 18 to
1016 2377 32 22 let
1062 2378 22 22 in
1105 2378 29 21 all
1150 2385 60 21 parts
1229 2381 25 20 of

667 2401 143 29 Wellington.
822 2402 49 23 The
881 2406 69 20 terms
955 2404 44 22 will
1006 2404 26 22 be
1037 2405 70 27 given
1114 2413 60 20 upon
1182 2406 69 28 appli-

665 2430 82 21 cation.

874 2456 130 23 HANSON
1015 2458 47 22 and
1070 2458 154 23 ALZDORF.

692 2482 86 28 Petoni,
790 2482 59 29 Sept.
859 2485 35 25 29,
905 2485 61 21 1840.

666 2535 91 49 THE
777 2536 228 24 UNDERSIGNED
1020 2538 66 23 offers
1103 2540 33 21 for
1155 2540 52 26 sale,
1227 2548 24 14 or

740 2562 66 26 lease,
817 2564 54 21 land
880 2564 24 21 in
922 2564 36 21 the
970 2569 58 18 tnost
1037 2565 110 23 desirable
1156 2571 62 23 parts
1229 2568 26 20 of

666 2588 37 23 the
712 2588 76 28 Town,
800 2590 71 22 either
879 2590 24 23 in
914 2591 102 27 building
1023 2592 43 21 lots
1076 2600 25 14 or
1117 2600 68 19 acres,
1205 2594 46 22 also

666 2619 44 18 two
719 2616 98 28 Country
828 2617 102 23 Sections
941 2618 25 21 of
978 2618 61 29 early
1053 2618 78 23 choice
1140 2628 5 19 ;
1167 2620 84 22 further

667 2642 130 27 particulars
806 2643 26 22 of

1006 2672 28 22 A.
1050 2672 95 26 HORT,

735 2695 137 23 Auctioneer
881 2697 45 22 and
936 2698 150 23 Commission
1098 2700 125 22 Merchant.

693 2721 144 29 Wellington,
850 2723 60 22 Nov.
920 2725 34 25 28,
966 2726 61 21 1840.

771 2777 103 22 TOWN
888 2778 114 22 ACRES
1016 2780 46 22 TO
1075 2781 75 21 LET.

858 2818 31 15 on
898 2811 39 23 the
947 2812 239 27 Surveyor-General's
1194 2823 52 15 man

667 2829 44 30 IN
935 2839 41 21 433
1232 2829 14 15 v

936 2866 42 21 5,33

936 2893 42 21 627

936 2919 40 21 775

924 2946 54 22 1007

924 2973 54 22 1057

693 2995 44 22 For
748 2996 132 29 particulars
894 2999 93 28 enquire
1003 3002 24 19 at
1039 2999 38 23 the
1095 3000 64 23 office
1173 3002 28 23 of
1215 3002 38 23 the

693 3049 58 23 Nov.
761 3051 34 26 26,
808 3051 59 23 1840.

769 3104 105 22 TOWN
888 3105 114 23 ACRES
1017 3107 44 22 TO
1075 3108 76 25 LET,

857 3145 31 15 on
896 3138 40 23 the
944 3139 239 28 Surveyor-General's
1193 3150 58 17 map.

664 3157 46 28 •IN
799 3165 41 20 199
934 3167 41 20 470
1071 3169 42 20 288

801 3192 40 20 168
935 3192 43 22 559
1071 3195 43 21 314

801 3218 40 21 156
937 3220 40 21 193
1071 3222 43 20 310

798 3245 43 20 423
935 3246 41 21 308
1071 3248 43 21 424

799 3289 4 4 .
811 3270 30 22 47
935 3272 40 21 305
1072 3273 40 22 723

798 3298 39 19 501
936 3298 40 22 167
1070 3302 42 20 343

691 3321 54 22 And
754 3328 68 22 mnny
832 3323 76 22 orhers
917 3324 23 22 in
950 3324 38 22 the
998 3328 59 21 most
1070 3326 108 24 desirable
1192 3331 60 25 parts

664 3347 27 22 of
703 3348 35 22 the
748 3352 67 19 town.
844 3349 45 23 For
896 3351 134 26 particulars
1044 3354 67 26 apply
1121 3360 22 16 to

693 3401 85 27 Petoni,
789 3401 58 24 Nov.
857 3404 35 26 30,
904 3405 60 22 1340.
1079 3396 6 6 '
1124 3396 8 8 *
1161 3397 6 6 '
1168 3389 47 15 ULD
1216 3398 7 6 *

865 3457 71 22 FOR
949 3458 100 26 SALS,

666 3488 162 48 SEVERAL
846 3489 71 24 Ti.wn
933 3492 46 22 and
995 3493 101 29 Country
1114 3495 99 24 Sections
1229 3498 24 21 of

729 3516 72 22 Land.
829 3517 78 28 Apply
917 3521 23 19 to

981 3545 94 23 Robert
1086 3547 27 22 R.
1124 3549 99 22 Strano.

710 3585 103 22 TOWN
837 3588 55 20 and
908 3589 169 22 COUNTRY
1091 3592 103 23 LAND.

663 3612 51 47 A
733 3611 106 23 LARGE
859 3615 95 22 number
975 3616 26 21 of
1019 3617 70 23 Town
1113 3618 70 23 Acres
1206 3622 45 21 and

742 3639 99 27 Country
851 3641 100 22 Sections
965 3646 22 17 to
997 3643 27 22 be
1034 3644 39 21 let.
1101 3645 68 23 Town
1180 3647 71 23 Acres

664 3667 44 18 wiU
719 3667 27 18 be
757 3667 141 22 sub-divided
909 3672 22 17 to
944 3669 45 22 suit
1006 3674 96 19 tenants.

691 3690 44 22 For
743 3691 86 23 further
836 3693 138 30 particulars,
990 3697 67 27 apply
1067 3701 23 18 to

691 3742 57 23 Nov.
760 3745 34 25 28,
806 3746 59 22 1840.
1107 3726 116 24 Sinclair.

665 3811 27 49 II
692 3786 20 20 C
714 3787 82 24 ©WS,
809 3789 189 28 BULLOCKS,
1014 3795 55 20 and
1083 3796 140 23 HORSES.

766 3815 84 27 SALE,
861 3818 86 21 several
955 3818 71 24 Milch
1034 3821 71 27 Cows,
1113 3823 52 23 with
1171 3823 79 24 Calves

664 3865 41 16 w
712 3871 14 10 rt
727 3847 51 34 /w
802 3848 25 33 £
835 3842 33 22 8ld
867 3850 62 31 £V
929 3844 32 22 nd
968 3853 26 14 »a
1003 3846 57 23 Calf.
1089 3848 63 29 Also,
1163 3857 13 15 a
1185 3858 66 16 num-

664 3865 41 21 ber
712 3865 27 21 of
749 3866 109 30 Working
866 3869 112 28 Bullocks,
989 3873 46 22 and
1043 3881 14 14 a
1065 3874 44 23 few
1118 3876 91 24 Horses.

692 3891 76 28 Apply
777 3896 23 20 to
809 3894 46 23 Mr.
864 3895 75 29 Bligh,
949 3897 147 31 Wellington.
1143 3887 58 13 wrses
1203 3893 6 7 '

70 144 171 23 WORKING
253 143 106 22 MEN'S
372 140 241 23 ASSOCIATION.

52 178 53 49 IN
119 184 123 21 pursuance
254 177 28 23 of
293 176 36 22 the
339 175 72 21 notice
421 174 22 22 in
453 173 43 21 last
505 172 109 28 Saturday
617 172 13 21 V

262 211 15 14 a
286 202 77 23 Public
374 200 101 26 Meeting
484 207 43 14 was
542 199 53 22 held
610 203 22 17 at

51 231 40 21 the
101 231 98 24 Queen's
208 230 71 25 H«ad,
289 229 63 21 when
369 227 38 22 the
423 225 113 28 following
548 225 86 23 resolu-

49 259 13 20 t
72 264 39 15 jns
120 264 56 15 were
185 257 79 26 agreed
273 259 23 19 It
305 254 156 26 unanimously
469 260 36 14 :—

80 291 20 21 1.
124 290 57 21 That
198 297 14 14 a
228 288 88 28 Society
333 287 135 27 embodying
488 286 38 21 the
548 285 85 28 oljrcts

52 315 74 22 stated
134 316 22 21 in
167 316 36 21 the
214 315 135 27 Prospectus,
360 314 46 21 and
414 313 93 26 bearing
515 311 37 23 the
561 313 62 21 aibre
628 324 5 3 •

52 342 49 22 said
111 342 53 26 title,
176 342 26 22 be
211 340 120 23 instituted.

79 377 21 20 2.
115 374 58 23 That
187 381 97 21 person^,
301 373 99 23 whether
418 372 127 23 mechanics
561 379 26 14 or
601 372 34 22 la-

50 401 99 27 bourers,
160 401 26 21 of
194 400 58 28 good
262 400 121 28 character,
398 400 28 21 be
442 399 107 22 admitted
563 406 71 14 men'-

50 428 53 20 bers
112 434 29 15 on
151 429 105 25 payment
265 426 26 22 of
299 428 32 20 2s.
340 426 36 22 6d.
387 431 113 21 entrance,
507 425 45 22 and
557 426 33 21 2s.
597 425 37 22 6d.

51 461 41 20 per
101 454 77 22 month
185 452 151 28 subscription.

80 488 21 21 3.
115 487 58 22 That
181 487 63 22 other
256 493 91 21 persons
361 487 27 21 be
402 485 109 23 admitted
523 485 111 27 honorary

52 514 117 25 members,
180 521 29 14 on
218 519 79 22 payme
306 516 17 18 it
333 513 27 21 of
369 513 31 21 j£l
419 515 29 19 Is.
457 520 25 14 as
497 520 12 14 a
524 512 72 22 bonus
613 516 22 17 (o

53 535 136 32 tki&Spciety
197 548 5 18 ;
217 539 40 22 but
266 546 36 14 are
313 542 39 18 not
361 542 22 18 to
392 539 28 22 be
428 539 93 22 allowed
529 542 23 18 to
562 543 59 17 vote.

80 574 21 21 4.
116 572 58 22 That
191 580 14 15 a
223 572 137 27 Committee,
376 572 124 27 consisting
515 572 25 21 of
556 572 78 21 eleven

54 599 117 27 members,
178 598 28 22 be
212 598 146 28 appointedto
365 606 64 21 carry
435 599 62 22 these
505 598 131 22 resolution?

52 625 49 23 into
112 626 69 24 effect,
193 625 70 22 which
273 625 132 22 Committee
416 625 26 22 be
458 625 137 27 empowered
613 628 23 18 to

54 652 70 21 select
137 659 28 14 an
182 651 87 27 eligible
281 651 41 22 site
338 652 35 22 for
386 651 37 22 the
441 652 97 21 erection
555 651 26 22 of
598 651 39 22 the

54 678 106 26 Society's
171 677 82 27 House,
264 677 44 23 and
317 682 23 17 to
348 678 68 22 make
425 681 167 25 arrangements
602 678 36 21 for

54 704 38 23 the
101 704 126 23 immediate
237 704 97 23 erection
343 704 95 23 thereof.

268 738 23 21 S.
301 737 146 27 Woodward,
458 738 123 27 Secretary.

79 770 50 23 Ths
138 778 76 15 names
223 770 26 22 of
260 778 90 20 persons
359 771 45 22 and
414 771 57 22 their
482 775 106 19 entrance
601 771 36 22 fee

54 804 42 15 can
106 797 28 22 be
144 798 66 22 taken
220 801 23 18 at
252 805 44 19 any
305 798 54 21 time
374 798 30 27 by
420 798 37 21 the
475 800 121 25 Secretary,
613 802 22 17 at

54 823 38 22 the
102 824 114 21 Britannia
226 823 160 28 Coffee-house,
398 824 143 28 Wellington.

80 856 49 22 The
146 856 79 22 Petoni
241 857 84 22 friends
342 864 38 15 are
399 857 117 28 requested
532 861 23 18 to
574 860 63 20 enter

54 882 59 23 their
126 890 76 14 names
218 884 45 21 and
278 890 42 25 pay
337 883 57 23 their
409 888 105 18 entrance
521 891 84 20 money
614 888 23 18 at

54 909 46 22 Mr.
112 909 107 27 Hurvie's,
230 909 37 23 the
277 909 135 23 Caledonian
421 911 95 22 Tavern.

55 963 187 49 COALS.—
243 964 22 21 A
280 963 41 22 few
338 967 50 18 tons
403 963 35 22 for
446 965 53 21 sale.
527 965 77 28 Apply
613 969 23 17 to

233 990 26 22 T.
269 990 33 22 M.
313 990 133 24 Partridge
456 991 46 22 and
512 991 45 28 Co.,

414 1017 194 23 Manners-street.

81 1042 101 28 January
192 1043 19 26 1,
225 1043 60 22 1840.

150 1097 80 21 NEW
244 1097 169 23 ZEALAND
429 1099 111 21 BIRDS.

55 1129 88 49 FOR
157 1131 83 27 SALE,
256 1136 23 17 at
288 1132 37 21 the
336 1132 61 22 Store
409 1133 26 21 of
444 1132 30 23 D.
485 1134 22 21 S.
515 1134 68 21 Dune
590 1133 45 22 and

129 1158 43 22 Co.,
182 1164 14 15 a
204 1165 54 20 very
267 1158 43 21 fine
319 1158 119 24 collection
447 1160 27 20 of
485 1167 40 14 one
533 1160 104 23 hundred

54 1182 57 22 New
129 1184 98 21 Zealand
245 1184 48 22 bird
308 1185 66 26 skins,
387 1186 130 26 containing
534 1193 70 21 many
614 1186 27 22 of

54 1209 38 22 the
102 1214 58 17 mcKt
169 1210 113 28 beautiful,
292 1210 45 23 and
347 1215 68 18 rarest
424 1212 67 23 kinds
500 1217 21 16 to
530 1212 28 22 be
566 1213 70 22 found

53 1235 24 22 in
91 1236 35 21 the
139 1237 80 26 Island,
231 1238 44 22 and
284 1237 29 23 all
322 1238 25 21 in
362 1238 38 22 the
416 1245 54 21 very
483 1238 88 28 highest
580 1244 54 18 scute

54 1262 28 21 of
92 1264 157 21 preservation.

83 1288 142 27 Wellington,
237 1290 123 22 December
367 1292 34 25 31,
414 1292 59 21 l^O.
644 1288 2 33 j

66 1342 227 23 DISSOLUTION
308 1345 43 20 OF
364 1345 258 22 PARTST-.&SHU?.

53 1374 146 50 NOTICE
212 1376 18 21 is
246 1376 81 28 hereby
339 1377 75 27 given,
428 1377 49 22 that
490 1378 36 22 the
536 1383 101 23 partner-

148 1402 49 28 ship
214 1402 95 22 hitherto
327 1404 138 22 maintained
485 1405 100 23 between
605 1406 30 22 H.

54 1428 106 27 Moreing
168 1428 44 22 and
222 1428 31 22 H.
263 1429 82 28 Taylor
353 1431 18 21 is
381 1430 44 22 this
435 1431 42 27 day
488 1431 110 25 dissolved
607 1433 30 28 by

54 1455 86 23 mutual
150 1460 100 19 consent.
644 1468 2 17 I

376 1483 33 22 H.
423 1484 120 29 MOREINO,

376 1510 32 22 H.
425 1510 101 24 Tavloh.
644 1525 2 14 ,

239 1536 49 21 313t
296 1536 126 22 December
433 1539 60 21 1810.

136 1561 97 22 Witness
234 1572 27 5 —
261 1562 59 22 John
330 1562 97 24 Tinline.
644 1567 2 30 j

66 1614 227 23 DISSOLUTION
307 1617 45 21 OF
364 1617 260 24 PARTNERSHIP.

54 1647 145 50 NOTICE
212 1649 20 21 is
245 1649 84 28 hereby
342 1650 74 27 given,
433 1650 49 23 that
491 1651 36 23 the
536 1658 101 22 partner-

134 1675 50 27 ship
192 1675 68 28 lately
269 1677 85 22 carried
362 1684 30 15 on
407 1677 72 23 under
494 1678 38 23 the
547 1680 52 22 firm
614 1681 28 22 of

59 1700 103 29 Reading
171 1702 43 22 and
224 1701 91 29 Newell,
326 1703 20 22 is
360 1703 46 22 this
421 1704 44 28 day
481 1704 111 24 dissolved
607 1706 30 28 by

54 1728 86 22 mutual
150 1731 99 20 consent.

80 1753 47 23 The
137 1754 98 22 business
244 1755 24 22 in
277 1755 75 23 future
360 1755 46 23 will
418 1757 28 22 be
460 1757 86 24 carried
561 1766 29 16 on
606 1759 31 23 by

54 1779 23 23 J.
87 1780 93 27 Newell,
190 1785 22 17 to
225 1781 73 23 whom
314 1782 31 22 all
361 1783 64 22 debts
439 1783 43 23 due
498 1789 23 17 to
536 1785 38 22 the
589 1786 48 23 said

54 1807 50 21 firm
113 1813 37 15 are
160 1811 23 17 to
192 1807 27 22 be
227 1808 57 27 paid,
295 1809 46 21 and
350 1809 30 26 by
396 1810 73 22 whom
485 1811 29 22 all
530 1817 107 18 accounts
644 1805 2 18 '

53 1833 88 27 against
148 1833 38 23 the
195 1833 48 25 said
252 1834 49 23 firm
310 1835 46 23 will
364 1836 28 22 be
402 1837 58 26 paid.
644 1832 2 28 j

374 1863 24 21 J.
413 1863 25 22 B.
456 1863 153 25 READING.

374 1889 25 22 J.
413 1889 140 24 NEWELL.

54 1911 143 29 Wellington,
216 1913 129 24 November
357 1917 36 26 26,
413 1917 61 22 1840.
644 1917 2 29 j

79 1939 125 23 Witness—
204 1940 71 24 Jabez
285 1942 89 22 Allen.
644 1953 2 12 :

79 1992 23 23 J.
117 1991 29 23 N.
160 1997 88 18 returns
260 1993 82 23 thanks
355 1998 23 18 to
392 1994 38 23 the
442 1996 75 27 ptiblic
531 1997 35 22 for
580 1997 58 22 their

52 2017 56 23 kind
122 2022 120 24 patronage
256 2020 56 22 from
327 2021 37 23 the
380 2022 54 22 time
448 2022 29 22 he
493 2025 144 22 commenced

52 2044 102 23 business
169 2045 24 23 in
211 2046 43 22 tnis
273 2047 92 28 Colony,
386 2048 45 22 and
449 2048 80 29 during
548 2050 33 22 his
599 2058 37 15 co-

53 2070 139 35 partnership
206 2072 52 22 with
274 2073 43 22 Mr.
331 2073 23 23 J.
369 2074 26 22 B.
413 2075 106 28 Rending.
548 2077 34 21 As
599 2077 38 22 the

51 2098 114 27 buildings
174 2099 56 21 from
240 2099 43 22 this
297 2100 54 22 time
366 2100 167 26 henceforward
548 2104 46 22 will
609 2105 28 21 bi«
644 2105 2 22 I

53 2124 172 26 superintended
233 2126 53 27 only
296 2126 30 28 by
336 2126 21 22 J.
369 2127 37 28 N.,
425 2128 28 22 he
468 2129 64 23 holds
548 2130 94 22 himself
644 2131 2 26 ]

51 2150 68 22 liable
133 2151 34 21 for
180 2159 43 20 any
240 2152 91 23 mistake
347 2153 48 23 that
409 2162 53 20 may
478 2156 63 22 arise.
569 2157 23 22 J.
608 2157 28 22 N.

53 2179 68 20 trusts
134 2178 48 21 that
195 2178 111 23 moderate
321 2179 93 28 charges
427 2181 44 23 and
487 2190 110 21 economy
613 2184 23 22 in

53 2204 99 27 erecting
162 2211 66 21 every
243 2206 55 22 kind
313 2206 26 21 of
357 2206 111 29 buildings
485 2210 114 22 entrusted
615 2214 22 19 to

51 2230 56 26 him,
125 2230 43 23 will
185 2231 76 23 entitle
276 2232 47 23 him
338 2236 22 18 to
373 2234 66 22 merit
452 2241 14 16 a
480 2235 63 23 share
557 2237 28 22 of
599 2236 38 23 the

51 2257 76 27 public
137 2261 126 24 patronage.

92 2311 45 22 TO
150 2311 70 22 THS
234 2312 116 22 HEADS
364 2315 43 21 OF
421 2315 180 24 FAMILIES.

53 2345 52 47 A
120 2344 147 23 MARRIED
291 2346 92 27 LADY,
404 2348 48 27 just
469 2349 87 23 arrived
579 2350 57 23 from

132 2371 110 28 England,
252 2372 44 22 and
305 2373 54 27 long
369 2375 139 23 accustomed
517 2381 23 17 to
548 2378 89 22 tuition,

53 2397 74 21 would
145 2398 29 21 be
191 2397 73 33 happy
280 2404 25 17 to
321 2400 78 23 attend
417 2401 93 23 families
526 2411 25 14 as
569 2404 68 26 Daily
644 2407 2 23 j

54 2423 133 24 Governess.
214 2425 44 22 She
272 2425 83 23 flatters
369 2426 85 23 herself
469 2428 38 23 she
516 2429 20 22 is
545 2431 93 27 capable
644 2423 2 28 !

53 2450 27 20 of
90 2450 132 27 instructing
230 2452 24 22 in
263 2452 37 23 the
310 2453 64 24 usual
391 2453 109 24 branches
515 2456 26 21 of
557 2458 81 21 female

53 2476 125 27 education,
195 2478 52 22 with
263 2478 87 24 French
365 2480 46 22 and
427 2482 85 26 music,
530 2483 51 27 viz.,
599 2484 38 22 the

52 2503 63 26 harp,
126 2504 139 27 piano-forte,
278 2505 81 28 guitar,
376 2507 47 22 and
436 2508 96 27 singing.
560 2510 78 23 Terms

51 2530 122 22 woierate.
200 2531 68 24 Carda
277 2532 45 23 will
331 2533 27 22 be
367 2533 42 23 left
416 2538 22 19 at
445 2534 107 23 Barrett's
560 2536 77 28 Hotel,

54 2555 143 28 Wellington.

53 2609 191 24 BARRETT'S
257 2613 124 26 HOTEL,
393 2615 244 24 WELLINGTON.

55 2643 36 48 S
126 2644 172 25 MARSHALL
314 2647 53 28 begs
382 2649 65 22 leave
465 2654 21 18 to
501 2651 84 23 inform
605 2652 34 23 his

96 2679 11 12 •
135 2672 90 27 mends,
235 2673 47 21 that
292 2681 13 15 a
315 2674 113 24 SELECT
442 2676 81 23 BALL
533 2678 45 22 will
588 2679 51 22 take

52 2700 64 22 pl-ico
130 2703 23 15 xa
168 2700 38 19 the
226 2699 70 23 above
312 2701 88 27 elegant
423 2703 46 22 and
486 2705 153 23 commodious

52 2727 71 22 room,
135 2730 27 15 on
173 2724 121 29 Thursday,
304 2727 101 28 January
416 2729 18 26 7,
448 2731 58 21 1841.

83 2750 20 20 A
115 2750 105 28 qyadrille
231 2752 58 22 band
298 2753 19 21 is
326 2755 108 27 engaged.
463 2757 75 26 Single
552 2758 86 28 tickets,

54 2775 59 26 10s.;
136 2776 79 23 double
229 2778 86 28 tickets,
333 2781 57 26 165.;
413 2785 22 19 to
454 2782 27 22 be
491 2783 6 7 J
500 2783 43 23 had
559 2788 24 18 at
601 2785 38 22 the

52 2806 72 21 aqove
142 2804 67 26 hotel,
228 2804 44 23 and
289 2810 24 17 at
332 2806 44 23 Mr.
395 2808 123 28 Bennett's,
536 2811 103 24 Durham

53 2830 103 21 Arm3.—
158 2830 103 28 Dancing
269 2835 23 18 to
301 2840 129 18 commence
440 2840 23 18 at
472 2839 14 19 9
495 2837 93 23 o'clock.

54 2907 54 50 R
182 2884 192 24 BARRETT'S
388 2888 122 24 HOTEL.

132 2908 143 25 BARRETT
287 2912 54 28 begs
354 2917 23 19 to
388 2914 81 24 inform
481 2916 35 23 the
527 2917 112 24 Colonists

110 2945 10 11 •
152 2937 26 20 of
188 2937 52 22 Port
249 2938 130 30 Nicholson,
389 2940 48 23 that
445 2941 37 23 the
490 2943 71 23 above
569 2945 70 24 Hotel

52 2966 21 17 is
81 2968 49 15 now
140 2969 64 20 open,
214 2964 44 22 and
268 2969 67 19 trusts
348 2966 30 28 by
394 2968 109 28 affording
518 2978 69 19 every
601 2979 38 15 ac-

53 2989 164 22 commodation
227 2994 22 18 to
258 2990 36 23 his
301 2997 85 23 guests,
396 2997 23 19 to
427 2997 67 21 merit
505 3003 14 15 a
534 2998 104 22 continu-

53 3020 57 15 ance
119 3017 26 19 of
155 3018 37 19 tne
206 3021 121 24 patronage
341 3020 93 29 already
448 3021 113 25 bestowed
577 3032 60 21 upon

81 3066 83 29 Wines,
180 3068 80 29 spirits,
274 3070 43 28 ale,
334 3072 45 23 and
394 3077 81 25 porter,
493 3075 26 22 of
534 3075 39 24 the
588 3077 51 23 best

58 3113 10 7 *
82 3119 37 21 An
128 3120 103 28 ordinary
240 3122 59 28 daily
309 3127 24 19 at
341 3127 44 20 two
398 3126 93 24 o'clock.
519 3129 56 23 Cold
592 3138 13 15 c
612 3130 27 23 >I-

52 3147 82 20 latiar.3
144 3147 80 28 always
233 3150 76 27 ready.
338 3151 66 23 Good
413 3153 62 23 beds.

53 3198 37 40 _T
167 3199 35 24 LE
198 3227 7 7 ,
204 3201 21 22 N
234 3207 87 19 returns
333 3204 80 25 thanks
423 3210 23 19 to
463 3208 33 23 his
512 3216 123 18 numerous

53 3227 28 19 U
94 3235 11 11 •
135 3227 83 22 friends
226 3229 44 22 and
280 3230 36 22 the
327 3232 80 27 public,
414 3233 35 22 for
454 3234 37 22 the
497 3242 55 21 very
559 3236 78 24 liberal

51 3256 93 32 support
153 3255 28 19 he
190 3255 40 20 has
244 3255 96 23 hitherto
355 3259 110 29 received,
482 3262 45 22 and
543 3263 54 22 be<»9
614 3269 23 17 to

51 3279 83 21 inform
153 3279 60 23 them
233 3281 47 22 that
296 3282 85 29 having
399 3286 66 23 made
484 3289 153 24 considerable

52 3307 112 19 additions
174 3309 21 19 to
204 3307 35 22 his
247 3308 82 23 former
338 3310 70 28 stock,
419 3312 28 22 he
464 3312 38 23 has
518 3320 65 21 great
598 3317 39 23 ad-

51 3335 108 24 vantages
169 3335 22 19 to
201 3333 53 24 offer
263 3342 23 15 in
295 3337 118 27 groceries,
431 3342 117 24 preserved
563 3343 66 23 fruits

52 3360 91 24 pickles,
164 3364 97 23 vinegar,
281 3362 45 21 and
340 3364 124 26 provisions
480 3367 25 21 of
515 3368 31 22 all
562 3369 66 23 kinds

82 3387 62 24 Also,
164 3392 28 14 an
211 3388 114 21 extensive
343 3395 132 20 assortment
491 3394 27 21 of
532 3396 95 22 muslins

51 3413 79 24 pnnts,
138 3411 168 29 shawls,eloaks,
311 3416 76 26 scarfs,
394 3418 99 28 calicoes,
498 3420 55 28 long
557 3422 71 23 cloths

53 3435 100 28 shirting,
166 3437 93 29 hosiery,
269 3441 45 21 and
321 3441 164 31 haberdashery
491 3453 5 20 ;
514 3447 70 23 ladies
592 3450 46 22 and

53 3464 99 20 children
164 3471 9 13 s
181 3464 101 27 bonnets,
290 3466 65 23 shoes
360 3469 46 22 and
412 3470 69 28 boots,
488 3474 149 24 gentlemen's

51 3488 52 21 hats
127 3496 51 15 cans
204 3490 143 30 Wellington,
359 3495 115 29 Clarence,
485 3500 44 21 and
539 3500 99 24 Blucher

52 3515 72 27 boots,
136 3516 99 28 clothing
244 3525 22 15 m
275 3524 63 21 great
348 3521 92 28 variety.

81 3542 107 27 Shipping
197 3544 100 27 supplied
307 3546 53 22 with
369 3547 112 25 butcher's
490 3556 62 18 meat
567 3552 61 26 daily

53 3573 30 16 on
93 3569 38 21 the
140 3573 58 17 most
206 3571 116 23 resonable
332 3576 75 20 terms.

253 3632 69 22 FOR
337 3634 97 27 SALE,

70 3661 57 23 AN
141 3662 183 26 EXCELLENT
338 3667 160 29 CANTEEN;
519 3674 74 22 would
609 3676 28 22 be

52 3693 22 16 U.
80 3693 25 16 a.
131 3693 71 18 usetul
211 3693 24 18 to
242 3698 46 20 any
298 3700 42 14 one
351 3698 176 27 accompanying
538 3700 37 23 the
585 3702 51 22 Sur-

52 3719 86 21 veyoro.
167 3715 96 27 Enquire
273 3722 23 18 at
306 3719 37 21 the
382 3721 93 24 Gazette
512 3726 78 23 Office.

273 3765 140 25 NOTICE.

51 3792 97 48 ANY
165 3801 79 21 person
260 3796 100 25 desirous
377 3801 27 21 of
419 3802 103 30 building
536 3813 30 15 on
583 3807 54 24 land

130 3820 115 30 adjoining
253 3823 38 22 the
301 3827 67 26 town,
385 3834 42 16 can
437 3836 93 21 procure
539 3833 55 23 land
604 3835 34 22 for

52 3852 127 50 WX22
179 3891 5 6 •
342 3868 8 11 '
411 3862 14 15 a
424 3837 214 49 »WtoJ«S

1274 130 71 22 THE
1367 129 95 22 HOPS
1487 127 134 22 COFFEE
1644 125 56 22 and
1724 123 140 23 EATING-

1508 153 123 22 HOUSE.

1276 184 34 48 S
1342 180 175 25 MARSHALL
1532 180 54 26 bega
1604 179 63 21 leave
1685 180 24 19 to
1728 176 82 23 inform
1829 175 36 22 his

1316 221 12 10 •
1357 208 85 23 friends
1451 208 46 21 and
1507 206 37 22 the
1554 205 76 28 public
1639 205 23 21 in
1672 203 99 28 general,
1780 203 49 21 that
1836 203 29 21 he

1275 236 39 21 has
1323 235 88 28 opened
1420 234 37 22 the
1468 234 70 21 above
1547 233 78 25 home,
1632 231 45 23 and
1684 231 70 26 hopes
1763 230 31 26 by
1803 229 62 21 strict

1275 262 108 22 attention
1395 266 23 16 to
1428 267 109 19 economy
1546 259 45 22 and
1601 258 94 28 quality,
1711 257 50 22 that
1776 257 29 21 he
1820 255 44 23 will

1274 290 87 21 receive
1371 295 13 15 a
1394 287 66 22 share
1470 287 26 21 of
1507 286 57 22 their
1573 288 99 25 support.

1302 321 49 22 Hot
1360 321 72 27 joints
1443 320 69 27 ready
1524 319 61 22 from
1599 320 26 20 12
1635 318 34 22 till
1677 319 22 20 2.
1727 316 57 22 Cold
1794 316 71 26 joints

1275 348 82 27 always
1366 347 76 27 ready.

1416 402 170 22 GENERAL
1602 401 117 21 STORE.

1277 436 92 49 MR.
1382 434 146 24 TELFORD
1542 434 85 27 having
1640 433 100 28 recently
1751 432 66 23 made
1826 440 39 15 ex-

1367 463 86 21 tensive
1470 461 127 27 purchases,
1617 462 52 25 begs
1679 464 23 17 to
1711 467 120 15 announce
1842 463 22 17 to

1275 490 35 21 his
1321 489 84 22 friends
1415 488 48 22 that
1472 488 28 21 he
1510 487 41 22 has
1561 494 28 15 on
1601 487 53 27 sale,

1303 515 187 22 HARDWARE
1504 514 26 21 of
1541 514 38 22 the
1587 514 50 21 first
1646 513 91 28 quality,
1749 513 117 26 including

1276 550 13 14 a
1298 548 63 21 great
1368 542 85 26 variety
1464 541 26 21 of
1501 540 64 23 nails.

1303 568 103 22 FLOUR
1416 568 27 22 of
1455 567 46 22 first
1509 567 47 22 and
1565 566 83 23 second
1658 566 94 27 quality.

1303 594 215 23 GROCERIES.—
1517 593 54 28 Tea,
1585 600 85 20 sugars,
1688 593 77 25 coffee,
1782 592 82 26 butter,

1275 629 61 20 soap,
1349 621 97 26 caudles,
1457 621 52 26 rice,
1524 628 66 19 curry
1608 620 96 27 powder,
1721 619 85 28 pickles
1820 615 45 25 and

1276 655 83 18 sauces,
1370 648 112 26 spiceries,
1493 648 40 21 &c.

1304 674 100 22 WINES
1418 674 68 21 AND
1495 672 250 23 SPlßlTS.—Besides
1755 672 38 22 the
1803 671 62 23 usual

1276 701 80 30 supply
1366 701 26 21 of
1404 701 68 21 wines
1480 700 45 22 and
1535 700 82 27 spirits,
1630 699 63 22 there
1703 699 19 21 is
1730 706 13 14 a
1753 699 113 22 consider-

1276 727 51 22 able
1332 727 103 28 quantity
1439 727 26 21 of
1473 727 88 22 Scotch
1570 726 112 22 Whiskey
1691 734 6 18 ;
1709 725 45 23 and
1760 734 13 14 a
1780 725 86 22 limited

1276 754 102 27 quantity
1389 754 26 21 of
1426 755 116 20 Colonial
1555 752 120 22 Whiskey.

1303 780 98 22 BOOTS
1416 780 67 22 AND
1499 779 138 23 SHOES.—
1637 779 73 21 There
1719 778 41 22 has
1766 779 58 21 been
1832 785 35 15 re-

1276 807 78 21 ceived
1372 815 13 13 a
1404 807 102 27 quantity
1529 807 27 21 of
1578 805 137 28 Wellington
1738 805 65 22 boots
1821 805 45 21 and

1279 833 113 22 Warren's
1398 828 113 32 blacking.
1876 828 2 34 j

1303 859 172 23 BLANKETS.
1476 871 31 5 —
1508 858 70 23 Fresh
1595 859 92 22 arrivals
1702 858 58 22 hay*»
1770 866 63 14 come
1844 862 23 17 to

1276 886 62 22 hand
1347 886 23 23 in
1380 887 39 21 8-4
1428 886 46 23 and
1484 887 56 26 11-4,
1559 885 26 22 of
1599 885 88 23 various
1703 885 103 28 qualities
1822 885 44 21 and

1277 912 79 27 prices.

1306 938 371 23 HABERDASHERY.—There
1693 937 19 23 is
1726 945 14 14 a
1750 938 69 21 select
1828 938 40 21 but

1276 965 87 22 limited
1387 965 104 28 quantity
1514 972 31 15 on
1571 965 68 25 hand,
1662 964 117 27 including
1796 968 70 23 tapes,

1278 991 95 27 threads,
1383 992 68 21 black
1463 992 44 22 and
1521 991 108 23 coloured
1643 998 85 15 sewing
1745 998 63 14 silks
1822 991 46 21 and

1277 1019 64 26 twist,
1363 1018 97 27 darning
1479 1022 84 22 cotton,
1580 1017 99 26 needles,
1697 1017 83 25 combs,
1804 1017 64 21 India

1277 1044 42 22 silk
1328 1044 44 22 and
1378 1049 78 17 cotton
1463 1044 181 25 handkerchiefs,
1652 1045 85 24 braces,
1745 1043 41 22 &c.

1304 1071 157 21 DRAPERY.
1462 1082 30 5 —
1494 1071 76 21 White
1590 1075 75 17 cotton
1688 1070 102 27 shirting,
1810 1073 67 22 atout.

1277 1097 141 23 unbleached
1432 1101 83 22 cotton,
1530 1097 61 22 40in.
1607 1096 62 27 wide,
1687 1102 76 16 cotton
1778 1096 90 27 checks,

1278 1124 54 22 dark
1343 1125 79 25 prints,
1432 1125 42 21 &c.
1485 1124 39 22 &c.

1305 1151 53 21 OIL
1380 1151 68 21 AND
1472 1150 145 22 LAMPS.—
1618 1148 54 23 This
1690 1149 67 22 latter
1775 1148 40 23 has
1834 1156 33 14 re-

1277 1177 77 22 ceived
1364 1184 30 15 an
1403 1177 100 22 increase
1514 1177 27 21 of
1550 1176 39 22 the
1599 1177 49 21 best
1662 1176 85 27 quality
1766 1176 48 22 that
1830 1176 40 22 has

1277 1209 39 22 yet
1325 1204 57 22 been
1393 1203 83 23 offered
1486 1205 23 20 in
1520 1203 39 22 the
1570 1203 94 27 Colony.

1305 1230 71 22 There
1387 1231 41 21 has
1438 1230 46 22 also
1496 1238 63 14 come
1570 1235 22 16 to
1611 1229 61 23 hand
1689 1237 13 13 a
1718 1229 66 22 small
1797 1228 33 22 lot
1847 1229 27 21 of

1278 1261 65 17 straw
1361 1257 61 25 hats,
1445 1258 48 22 sou'
1518 1261 99 23 westers,
1639 1257 82 21 Scotch
1740 1264 60 20 caps,
1820 1264 50 14 um-

1279 1284 87 24 brellas.
1377 1285 41 21 &c.

1305 1310 171 27 CLOTHING,
1487 1310 124 27 consisting
1616 1310 26 21 of
1648 1309 93 23 Jackets
1747 1310 24 22 in
1777 1310 94 22 beaver-

1280 1340 58 24 teen,
1348 1337 118 27 corduroy,
1476 1337 45 21 and
1532 1337 58 23 duck
1599 1345 5 17 ;
1622 1337 132 25 waistcoats,
1765 1337 24 22 in
1798 1344 67 14 swan-

1280 1364 64 21 down
1354 1364 45 22 and
1409 1364 134 21 beaverteen
1551 1372 6 18 ;
1576 1363 60 21 duck
1645 1367 109 23 browsers,
1765 1364 40 21 &c.
1814 1371 6 19 ;
1835 1371 35 14 re-

1279 1394 68 23 gatta,
1355 1390 141 22 unbleached
1504 1395 85 21 cotton,
1599 1391 19 21 &
1626 1394 60 17 ploui
1695 1390 84 27 striped
1789 1390 66 22 shirts
1863 1398 6 18 ;

1281 1417 116 28 Guernsey
1417 1417 81 27 frocks,
1519 1417 73 27 shirts,
1613 1416 51 22 blue
1683 1416 46 22 and
1747 1417 41 22 red
1806 1424 64 20 serge

1279 1444 64 26 ditto,
1354 1447 78 18 cotton
1443 1444 45 22 and
1498 1444 96 21 worsted
1603 1443 62 21 hose.

1342 1500 3 8 '
1382 1503 41 22 TO
1438 1504 64 21 THE
1517 1503 119 22 RETAIL
1649 1503 116 23 TRADE.

1308 1537 44 22 Mr.
1361 1537 94 21 Telford
1466 1537 39 21 has
1514 1536 125 28 peculiarly
1648 1537 132 22 favourable
1789 1541 82 19 attrac-

1281 1564 58 22 tions
1349 1564 34 21 for
1393 1564 37 22 the
1441 1564 71 22 Trade
1522 1564 23 21 in

1307 1591 36 21 An
1355 1590 115 22 extensive
1481 1590 81 28 supply
1573 1591 27 21 of
1609 1590 53 28 rice,

1309 1618 53 20 Raw
1375 1624 86 18 sugars.

1307 1643 204 27 STATIONERY,
1537 1643 122 27 consisting
1682 1643 27 21 of
1727 1643 45 28 day
1792 1644 79 29 books,

1269 1670 2 28 I
1280 1670 81 28 pocket
1374 1670 96 27 ledgers,
1488 1674 59 23 note,
1564 1670 179 27 memorandum,
1761 1671 44 21 and
1820 1678 52 21 pass

1279 1697 77 27 books,
1366 1698 89 26 writing
1463 1703 76 21 paper,
1556 1696 47 28 ink,
1619 1696 74 26 slates,
1708 1697 56 22 slate
1778 1698 93 27 pencils,

1269 1727 2 26 \
1280 1724 40 22 &c.

1305 1749 104 27 Ticking.

1309 1778 19 20 A
1343 1776 42 22 few
1399 1780 46 18 sets
1459 1776 27 22 of
1500 1783 82 15 scales
1597 1774 44 24 and
1656 1783 105 15 weights
1780 1777 45 23 still
1843 1785 29 14 on

1280 1803 68 22 hand.

1307 1829 105 23 SNUFF.
1413 1841 32 5 —
1446 1830 45 22 Mr.
1500 1830 93 22 Telford
1603 1837 132 15 announces
1744 1838 13 14 a
1768 1830 57 22 fresh
1838 1838 34 15 ar-

1279 1856 54 22 rival
1341 1857 28 20 of
1376 1856 45 22 this
1427 1857 84 26 article,
1521 1856 22 22 in
1553 1857 88 21 various
1648 1857 101 27 superior
1756 1858 115 27 qualities;

1279 1883 45 22 and
1334 1882 63 23 snutf
1407 1883 71 22 boxes
1487 1887 22 18 at
1520 1883 116 22 moderate
1646 1884 78 27 prices.

1428 1943 161 22 FENCING
1605 1944 115 21 FOLX2S.

1396 1975 145 23 TELFORD
1561 1976 18 22 is
1597 1977 128 22 authorised
1745 1981 23 18 to
1784 1979 87 21 receive

1285 1999 56 26 iYJL
1371 2003 77 22 orders
1458 2003 34 22 for
1501 2004 45 21 this
1556 2004 83 26 article,
1653 2009 22 16 to
1686 2005 27 21 be
1724 2005 115 21 delivered
1850 2011 19 16 at

1283 2029 75 28 Lowry
1364 2030 56 27 Bay,
1427 2030 36 21 the
1471 2030 74 21 Beach
1550 2034 23 17 at
1580 2030 85 26 Petoni,
1673 2038 24 14 or
1701 2035 23 18 at
1727 2031 144 28 Wellington.

1437 2063 104 22 HOUSE
1557 2063 62 22 FOR
1634 2063 85 23 SALE.

1305 2089 59 23 That
1378 2089 51 23 well
1443 2090 96 22 finished
1553 2091 46 21 and
1614 2096 67 16 water
1697 2091 57 26 tight
1770 2091 101 23 Woodei;

1282 2116 82 25 House,
1376 2116 108 34 occupied
1493 2117 30 27 by
1537 2117 43 21 Mr.
1592 2118 72 21 Grace
1671 2126 5 18 ;
1693 2119 24 20 14
1729 2118 45 21 feet
1784 2126 86 19 square,

1280 2143 43 21 and
1334 2144 25 20 7*
1373 2143 46 21 feet
1433 2138 53 32 high
1502 2144 23 20 in
1544 2143 38 22 the
1600 2144 67 22 walls,
1697 2145 22 21 it
1735 2146 18 20 is
1770 2145 36 21 the
1824 2146 47 21 besi

1281 2169 71 22 model
1363 2170 27 21 of
1401 2177 12 13 a
1423 2170 147 22 comfortable
1580 2170 65 22 small
1654 2171 70 22 house
1733 2175 40 24 yet
1782 2172 58 22 built
1848 2173 23 22 in

1280 2195 38 23 the
1328 2196 95 27 Colony.

1308 2230 86 26 Petoni,
1411 2230 61 27 Sept.
1483 2231 33 26 13,
1527 2232 63 21 1840.

1410 2277 155 21 WEEKLY
1580 2278 164 20 MARKET.

1281 2310 92 47 MR.
1387 2309 23 21 J.
1424 2309 145 23 TELFORD
1584 2310 41 22 has
1638 2311 110 27 arranged
1759 2315 22 19 to
1791 2312 58 23 have
1860 2322 10 13 a

1371 2344 94 15 weekly
1489 2345 94 13 market
1611 2344 28 15 on
1665 2338 138 23 MONDAY
1827 2341 44 21 and

1280 2362 170 23 SATURDAY
1463 2363 169 27 EVENINGS,
1648 2370 24 16 at
1681 2366 33 20 his
1727 2366 143 24 Warehouse,

1280 2388 57 23 from
1347 2391 14 20 4
1371 2393 23 18 to
1406 2390 11 22 7
1428 2390 93 26 o'clock,
1533 2391 70 26 being
1617 2392 107 21 intended
1741 2393 81 28 chiefly
1839 2394 33 22 for

1280 2415 37 22 the
1338 2416 193 23 accommodation
1552 2417 28 21 of
1598 2417 142 23 Workmen's
1760 2420 111 24 Families.

1279 2442 47 22 The
1345 2443 116 27 following
1480 2444 88 21 articles
1586 2444 44 22 will
1650 2445 27 21 be
1695 2446 50 21 sold
1763 2447 24 21 in
1806 2447 66 23 small

1279 2470 129 26 quantities,
1417 2474 24 17 at
1451 2470 131 22 reasonable
1592 2472 115 26 prices:--?

1308 2503 74 26 Flour,
1393 2510 74 20 sugar,
1479 2507 43 23 tea,
1533 2505 78 26 coffee,
1629 2505 80 28 butter,
1719 2505 89 29 cheese,
1818 2514 54 15 can-

1281 2529 53 28 dles,
1345 2537 62 20 soap,
1423 2531 40 21 &c.
1475 2532 40 20 &c.

1310 2557 50 21 Port
1370 2557 130 24 Nicholson,
1512 2557 62 22 June
1583 2558 34 25 15,
1629 2559 61 21 1840.

1303 2611 169 26 LEDGERS,
1486 2613 167 21 ACCOUNT
1669 2614 120 26 BOOKS,
1803 2616 45 21 &c.

1284 2647 70 47 ON
1370 2647 86 27 SALE,
1472 2651 23 18 at
1505 2647 38 23 the
1554 2649 71 22 OJKce
1634 2650 28 22 of
1672 2649 38 23 the
1815 2652 54 23 Zea-

1360 2674 54 21 land
1427 2675 125 26 Gazette,"'.

1310 2700 105 27 Ledgers,
1427 2701 66 28 demy
1503 2702 46 22 and
1560 2701 107 30 foolscap.

1309 2726 106 23 Journals
1426 2727 44 23 and
1481 2728 53 22 cash
1546 2729 77 22 books.

1310 2754 50 26 Day
1371 2754 78 26 books,
1459 2755 78 21 bound
1546 2756 24 20 in
1580 2755 92 24 vellum.

1310 2780 106 27 Foolscap
1427 2781 45 23 and
1482 2785 80 24 quarto
1572 2782 53 22 cash
1632 2783 46 23 and
1687 2787 98 20 account
1793 2785 78 28 books,

1283 2806 50 22 half
1342 2807 85 21 bound.

1309 2834 105 26 Superior
1423 2834 173 23 memorandum
1608 2835 78 28 books,
1705 2837 89 23 various
1808 2840 64 22 sizes.

1310 2860 84 22 Pocket
1406 2860 74 27 books,

1310 2886 135 23 Parchment
1453 2888 78 22 bound
1545 2888 46 22 and
1600 2889 91 28 clasped
1701 2892 170 24 memorandum

1283 2912 75 23 books.

1310 2940 126 22 Portfolios.

1309 2966 71 28 Large
1390 2968 46 20 and
1445 2967 64 22 small
1521 2968 69 23 wafer
1598 2969 66 23 seals.

1311 2993 81 22 Patent
1401 2993 85 23 wafers.

1310 3020 105 26 Superior
1425 3020 73 28 quills.

1309 3046 71 22 Oftice
1390 3054 44 20 pen
1446 3047 85 23 knives.

1309 3073 92 27 Sealing
1410 3081 55 19 wax,
1477 3079 44 17 two
1531 3075 112 28 qualities.

1310 3100 65 21 India
1383 3100 90 22 rubber.

1309 3126 48 22 Rod
1368 3126 44 22 and
1421 3126 67 22 black
1496 3128 48 27 ink,
1555 3128 24 22 in
1589 3129 91 28 powder
1689 3131 46 22 and
1743 3131 92 24 bottles.

1309 3152 88 26 Rulers,
1406 3154 89 21 various
1505 3154 65 22 sizes.

1309 3179 53 22 Bast
1371 3180 54 22 ateel
1436 3178 111 29 peniTand
1557 3183 115 21 tosawood
1680 3183 99 24 holders.

1309 3205 71 28 Large
1390 3206 46 23 and
1446 3207 63 22 small
1520 3207 68 23 slates
1601 3209 46 22 and
1656 3210 56 22 slate
1722 3212 94 26 pencils.

1308 3232 48 23 Red
1368 3237 58 23 tape,
1438 3234 40 22 &c.
1489 3234 42 22 &c.

1284 3265 26 23 In
1332 3265 39 23 the
1394 3266 119 23 wholesale
1531 3274 71 21 paper
1619 3267 143 29 department
1780 3272 45 23 will
1843 3273 28 24 be

1403 3293 19 21 ft
1429 3293 45 22 und
1484 3301 29 14 an
1524 3295 117 22 extensive
1651 3296 63 24 stock
1725 3298 27 22 of

1310 3324 56 23 Fine
1375 3324 47 23 laid
1431 3329 56 24 pott,

1309 3352 55 23 Fine
1373 3352 63 23 thick
1446 3360 61 15 wove
1517 3359 80 23 quarto
1607 3359 57 24 post,

1310 3378 61 23 Ditto
1426 3379 57 22 ditto
1516 3384 80 19 oittuvo
1606 3382 44 27 do,,

1307 3406 118 26 Superfine
1435 3413 62 15 wove
1506 3411 80 23 quarto
1596 3409 57 22 satin
1662 3414 59 24 post,

1307 3432 64 22 Ditto
1426 3432 57 23 ditto
1510 3437 79 19 octavo
1599 3435 64 28 ditto,

1307 3458 64 22 Ditto
1380 3458 49 23 thin
1440 3459 45 24 laid
1494 3466 81 21 quarto
1585 3462 63 26 ditto,

1308 3486 63 21 Ditto
1427 3486 56 22 ditto
1492 3491 81 18 octavo
1583 3488 63 28 ditto,

1307 3512 117 27 Superfine
1436 3512 61 29 large
1510 3514 50 22 thin
1573 3514 52 23 blue
1642 3523 62 17 wove
1718 3523 81 22 quarto
1811 3528 51 17 post

1279 3538 111 28 stamped,
1864 3539 6 9 *

1269 3564 2 21 I
1307 3565 116 27 Superfine
1432 3565 46 24 laid
1488 3566 108 30 foolscap,

1269 3587 2 18 !
1309 3592 70 27 Large
1390 3592 49 23 thin
1448 3597 80 23 quarto
1538 3598 58 24 post,

1308 3618 58 22 Note
1376 3626 76 20 paper,

1305 3645 83 22 Brown
1397 3653 75 21 paper,
1480 3646 103 29 imperial
1593 3655 58 22 cap.,

1307 3672 48 26 Bag
1364 3672 65 27 ditto,

1308 3698 62 22 Kent
1380 3698 63 26 ditto,

1307 3724 70 28 Royal
1389 3724 69 28 hand,

1269 3747 2 23 I
1307 3751 99 22 Lumber
1415 3752 64 28 ditto,

1307 3778 56 22 Blue
1373 3778 74 28 demy,

1306 3804 75 28 Demy
1388 3804 97 29 blotting
1492 3813 78 23 paper,

1306 3831 90 22 Double
1403 3839 83 21 crown,

1307 3858 69 22 Small
1385 3858 70 28 hand,

1307 3885 87 26 Crown,

1307 3911 75 26 Blank
1390 3912 73 28 cards,
1472 3913 43 22 See.
1526 3914 42 23 &c.
1578 3915 40 23 it*.

1892 122 88 48 FOR
1998 121 87 22 SALE,
2105 128 13 14 a
2137 119 65 23 small
2217 119 105 28 quantity
2337 118 27 22 of
2380 118 103 30 auperior
2495 138 7 6 ,

1964 148 78 22 SEED
2057 147 125 22 WHEAT.
2210 145 76 28 Apply
2302 149 24 18 to
2340 144 49 23 Mr.
2401 147 81 20 James

1894 175 67 26 Watt,
1970 174 145 27 Wellington.

2009 227 168 21 WILLIAM
2194 226 168 24 MURRAY,

1891 254 98 27 Tailor,
2000 261 45 15 and
2056 254 112 21 General
2183 253 136 21 Furnisher
2332 259 28 15 of
2376 252 109 22 Gentlb-

2029 280 68 21 men's
2106 280 114 21 Wearing
2228 280 117 25 Apparel,

1893 314 52 49 IN
1954 313 118 26 returning
2080 313 82 22 thanks
2172 316 22 18 to
2210 313 62 22 those
2287 313 128 26 gentlemen
2432 311 53 23 who

1949 341 59 20 have
2024 347 24 14 so
2064 339 78 28 kindly
2161 339 108 22 favoured
2287 339 46 22 him
2352 339 54 22 with
2424 339 61 22 their

1893 367 75 22 orders
1987 367 61 22 since
2068 366 28 21 he
2115 366 147 22 commenced
2279 367 102 21 business
2398 366 24 21 in
2444 365 41 23 tho

1893 393 94 27 Colony,
1996 393 56 26 begs
2060 393 64 21 leave
2133 396 23 18 to
2166 393 102 21 intimate
2287 393 48 21 that
2349 392 30 22 lie
2392 393 42 21 has
2451 399 34 15 re*

1893 420 81 22 moved
1984 424 23 17 to
2015 420 41 21 his.
2060 426 49 15 new
2123 419 77 26 house,
2215 419 101 21 between
2333 419 45 21 Mr.
2396 418 69 22 Allen
2469 419 17 21 '9

1893 447 46 22 and
1947 447 38 21 Dr.
1994 445 138 27 Monteith's,
2139 445 73 22 where
2222 445 29 22 he
2261 445 43 21 still
2316 445 82 22 carries
2406 452 30 14 on
2446 445 40 21 the

1893 474 71 21 above
1973 473 104 22 business
2091 473 24 21 in
2131 472 30 22 all
2178 472 28 21 its
2222 471 115 26 branches,
2354 472 46 21 and
2413 471 73 26 hopes

1893 500 50 21 that
1952 500 37 21 the
2000 499 137 22 satisfaction
2147 498 28 22 he
2184 498 41 22 has
2241 497 90 28 already
2340 498 67 26 given
2419 502 26 17 to'
2453 498 34 22 nit

1893 534 122 15 numerous
2024 525 85 23 friends
2118 525 20 22 &
2146 525 37 22 the
2192 524 130 27 gentlemen
2332 524 26 21 of
2371 524 117 22 Britannia

1895 553 43 22 will
1948 560 77 15 secure
2035 556 23 18 to
2065 552 46 22 him
2121 559 14 14 a
2144 552 150 22 continuance
2303 551 26 21 of
2339 551 59 21 their
2404 551 76 21 favors

1923 579 34 22 W.
1973 580 41 25 M.,
2032 579 65 22 while
2105 579 36 21 'on
2156 578 38 22 the
2210 579 118 21 continent
2344 577 28 21 of
2388 577 91 28 Europe

1893 605 88 23 studied
1992 605 37 23 the
2038 605 67 22 latest
2114 605 88 22 French
2212 604 45 22 and
2267 604 80 22 Italian
2358 603 109 23 fashions.

1922 632 93 28 Repairs
2029 632 45 22 and
2088 631 130 23 alterations
2232 631 108 22 executed
2354 631 59 24 with,
2422 633 64 20 neat*

1895 666 52 15 ness
1957 659 44 21 and
2015 659 114 28 despatch.

1923 685 104 28 Wanted,
2039 693 15 14 a
2069 685 59 27 good
2142 688 51 18 coat
2205 683 86 23 maker.
2320 683 63 27 Also,
2400 691 29 15 an
2446 690 40 21 ap-

1894 713 112 26 prentice;
2022 719 43 14 one
2076 711 48 22 who
2133 710 42 22 has
2184 711 58 22 been
2259 718 62 15 some
2336 711 55 22 time
2407 715 24 18 at
2446 710 40 23 th«

1895 739 62 21 trade
1966 738 73 22 would
2053 739 28 21 be
2090 737 121 28 preferred.
