2529 3980
622 517 132 33 PORT
775 519 285 41 NICHOLSON,
1082 523 261 32 SATURDAY
1363 525 238 42 MORNING,
1624 531 189 33 AUGUST
1838 538 29 31 7,
1891 538 95 29 1841.

101 516 62 32 No.
184 515 67 40 69.]

2300 539 98 40 [Vol.
2420 541 46 31 11.

1256 41 101 33 THE

84 83 465 137 NEW
653 75 874 155 ZEALAND
1631 91 858 154 GAZETTE

1238 260 101 33 AND

81 293 1148 168 WELLINGTON
1344 293 1149 168 SPECTATOR.

1299 616 137 48 HOUSE
1446 618 62 22 FOR
1515 619 112 22 SALE.—
1627 620 40 21 An
1673 620 110 22 excellent
1789 621 96 23 weather

1385 644 96 23 boarded
1491 645 76 28 house,
1577 647 99 25 recently
1687 647 61 26 built,
1758 647 52 22 with
1817 649 68 21 about

1299 670 128 22 one-fourth
1436 672 26 20 of
1473 679 29 14 an
1512 679 50 15 acre
1573 672 25 22 of
1607 673 85 26 garden
1701 673 87 26 ground
1804 675 80 22 fenced

1298 695 46 22 and
1353 696 71 28 partly
1433 698 127 22 cultivated.

1326 722 44 21 For
1378 724 129 24 particulars
1517 725 65 27 apply
1591 728 23 18 to
1623 725 25 21 T.
1665 725 142 28 Honeyman,
1825 727 58 22 Fife-

1298 748 69 27 place,
1379 748 131 30 Hill-street,
1526 759 25 14 or
1560 755 22 18 at
1591 751 35 22 W.
1638 752 83 27 Lyon's
1737 753 70 27 Store,
1824 753 59 23 Wel-

1297 773 94 28 lington.

1299 818 137 48 HOUSE
1460 821 62 21 FOR
1543 821 113 22 SALE.—
1656 823 32 21 To
1706 823 28 21 be
1754 823 60 27 Sold,
1835 825 48 21 that

1385 846 141 23 well-known
1538 848 159 27 English-built
1704 849 76 27 house,
1786 851 95 22 situated

1299 877 28 16 on
1356 872 77 22 Petoni
1462 873 82 26 Beach,
1568 875 66 26 lately
1659 876 107 27 occupied
1796 884 25 15 as
1843 877 38 22 the

1299 896 192 31 Britannia-hotel,
1499 901 128 26 containing
1634 903 50 21 four
1693 909 74 15 rooms
1777 903 44 22 and
1831 904 49 22 fire-

1298 923 69 29 place,
1378 926 51 21 with
1438 929 44 19 two
1492 926 65 22 sheds
1567 927 120 28 adjoining.
1716 929 99 28 Enquire
1826 931 26 21 of

1487 953 95 23 George
1597 954 89 27 Young,

1523 980 173 28 Britannia-inn,
1706 981 145 27 Wellington.

1323 1004 61 22 June
1393 1006 104 26 22,1841.

1445 1051 39 19 To
1499 1051 33 21 be
1548 1052 65 20 Sold
1627 1058 30 15 or
1671 1053 57 25 Let,

1298 1081 131 36 rpHREE
1448 1082 101 23 Wooden
1567 1084 94 28 Houses,
1682 1086 96 22 situated
1797 1094 29 15 on
1841 1088 37 22 the

1305 1107 27 22 A
1384 1109 181 28 Tinakore-road,
1586 1111 36 21 the
1642 1112 83 22 second
1748 1120 50 15 acre
1821 1114 57 22 from

1297 1134 92 28 Captain
1406 1136 96 27 Smith's,
1514 1138 129 27 containing
1657 1138 50 22 four
1720 1146 72 15 rooms
1807 1141 44 21 and
1865 1149 14 13 a

1295 1168 98 20 passage,
1414 1162 54 22 each
1485 1163 53 22 with
1555 1164 48 22 zinc
1619 1166 67 25 roofs,
1706 1166 45 22 and
1769 1167 22 21 in
1812 1174 66 20 every

1295 1192 87 23 respect
1399 1189 47 21 well
1466 1189 102 23 finished.
1596 1191 105 22 Terms—
1702 1192 25 21 lf
1742 1193 54 27 sold,
1817 1193 61 23 £150

1295 1213 34 23 for
1345 1215 55 22 each
1413 1215 69 23 house
1490 1225 5 17 ;
1511 1216 21 22 if
1544 1216 37 28 let,
1598 1217 31 22 £1
1647 1225 40 21 per
1697 1219 61 21 week
1775 1220 33 21 for
1823 1221 55 21 each

1295 1240 77 23 house.
1401 1242 75 28 Apply
1487 1247 23 18 to

1321 1293 29 3 __
1363 1294 23 7 „.
1680 1272 74 22 James
1769 1272 79 23 Watt.

1321 1293 143 29 Wellington,
1476 1296 56 27 May
1542 1298 33 25 13,
1586 1298 60 21 1841.

1295 1338 119 27 Country
1428 1340 124 21 Sections
1572 1341 41 21 for
1631 1342 61 20 Sale
1713 1348 36 16 on
1768 1343 108 23 Liberal

1536 1368 99 20 Terms.

1295 1398 162 48 SEVERAL
1492 1401 99 22 Sections
1619 1402 26 21 of
1676 1402 99 28 Country
1803 1404 72 28 Land,

1358 1425 89 28 already
1457 1426 82 23 chosen
1549 1427 24 22 in
1582 1427 37 22 the
1632 1428 93 23 Porirua
1740 1430 91 28 district,
1842 1431 34 22 for

1293 1450 57 29 Sale,
1361 1459 73 15 terms
1444 1460 105 15 liberal.
1578 1454 74 28 Apply
1662 1458 24 19 to

1386 1479 24 21 F.
1426 1479 28 22 A.
1470 1480 168 26 Molesworth,
1655 1482 185 29 Murphy-street,
1851 1492 24 15 or

1386 1505 34 22 W.
1436 1506 27 21 V.
1478 1507 106 27 Brewer,
1596 1508 192 23 Manners-street.

1431 1552 87 21 Town
1532 1554 83 20 Acres
1629 1555 29 19 to
1674 1555 56 20 Let.

1292 1583 177 48 NUMBERS
1478 1592 29 15 on
1518 1585 36 22 the
1565 1587 238 27 Surveyor-General's
1814 1597 57 17 map.

1405 1613 40 19 438
1527 1613 41 21 553
1647 1615 41 21 627
1770 1616 39 21 7/5

1317 1636 44 22 For
1369 1637 137 28 particulars,
1518 1639 64 28 apply
1593 1642 22 19 to

1443 1671 36 22 W.
1490 1672 26 21 B.
1527 1673 34 21 Br
1567 1680 64 18 swer,
1642 1674 202 24 barrister-at-law.

1364 1714 131 29 Building
1508 1717 168 22 Allotments
1692 1720 28 19 to
1735 1720 59 22 Let.

1289 1747 91 48 THE
1398 1748 198 23 ADVERTISER
1610 1750 65 22 offers
1690 1759 60 19 upon
1767 1752 106 28 Building

1364 1774 86 27 Leases,
1462 1782 14 14 a
1485 1776 94 21 number
1589 1776 25 21 of
1624 1776 70 22 Town
1702 1778 137 23 Allotments
1848 1780 23 21 in

1288 1799 37 23 the
1335 1804 58 18 most
1403 1801 106 22 desirable
1519 1806 60 23 parts
1588 1803 26 21 of
1624 1803 44 22 this
1678 1804 139 23 Settlement.

1314 1827 48 21 The
1381 1828 109 21 attention
1507 1829 27 21 of
1549 1828 37 23 the
1603 1830 75 26 public
1695 1831 17 21 is
1729 1832 143 28 particularly

1288 1853 72 22 called
1379 1857 21 18 to
1419 1854 37 21 the
1475 1855 123 27 advantage
1617 1856 25 21 of
1659 1857 107 27 Building
1781 1858 89 28 Leases,

1288 1880 72 22 which
1370 1881 36 21 the
1415 1881 151 28 undersigned
1575 1883 17 20 is
1603 1883 95 22 enabled
1707 1888 23 17 to
1739 1889 72 22 grant,
1821 1886 49 27 viz.,

1288 1907 56 21 from
1354 1914 66 14 seven
1431 1911 22 18 to
1471 1912 136 23 twenty-one
1624 1917 72 19 years,
1713 1912 121 27 according
1850 1917 21 18 to

1288 1932 37 22 the
1343 1933 65 22 value
1426 1934 26 21 of
1472 1935 48 21 the-
1532 1936 112 26 buildings
1666 1938 110 26 proposed
1798 1942 23 18 to
1845 1939 26 22 be

1288 1960 96 21 stfected.
1412 1960 75 27 Apply
1497 1964 24 18 to

1448 1988 22 20 J.
1486 1987 25 21 T.
1527 1987 145 28 Wicksteed,
1683 1996 25 14 or

1447 2013 36 22 W.
1499 2013 28 23 V.
1542 2014 105 27 Brewer,
1665 2015 185 24 Manners-street

1336 2056 66 22 AND
1417 2058 61 21 IOR
1494 2059 113 22 SALE.—
1607 2060 47 21 The
1669 2060 68 22 Town
1748 2061 66 28 Acre,
1831 2065 40 20 884

1362 2091 29 14 on
1402 2084 35 22 the
1448 2085 237 27 Surveyor-General's
1695 2087 52 27 plan
1755 2096 6 18 ;
1777 2089 45 21 and
1833 2089 36 23 the

1287 2109 99 28 Country
1396 2110 73 23 Lands
1484 2112 23 21 in
1523 2108 37 25 the
1576 2113 58 26 right
1650 2114 26 21 of
1689 2114 76 22 choice
1779 2116 26 20 of
1815 2116 54 22 land

1286 2136 75 21 orders
1380 2137 51 22 Nos.
1448 2139 47 26 687,
1514 2138 46 28 726,
1581 2141 59 25 1084,
1660 2140 27 21 of
1701 2141 38 22 the
1758 2142 47 22 first
1824 2144 45 21 and

1285 2163 107 27 principal
1402 2164 133 23 settlement.
1564 2166 43 22 For
1617 2169 68 19 terms
1697 2168 66 28 apply
1774 2172 22 18 to

1310 2222 29 7 _,
1353 2222 6 7 ,
1534 2199 27 21 R.
1577 2199 27 21 R.
1621 2200 90 22 Strang
1732 2201 109 24 Solicitor.

1310 2222 144 29 Wellington,
1466 2225 61 21 June
1537 2227 33 26 24,
1583 2227 59 21 1841.

1431 2269 39 21 To
1485 2270 33 20 be
1534 2270 62 21 Sold
1613 2276 30 15 or
1657 2272 58 24 Let,

1285 2300 162 49 SEVERAL
1465 2302 70 22 Town
1551 2303 43 23 and
1611 2304 100 29 Country
1729 2306 101 24 Sections
1845 2309 27 21 of

1348 2327 70 23 Land.
1447 2329 77 28 Apply
1534 2333 22 19 to

1596 2357 94 22 Robert
1701 2357 27 23 R.
1739 2359 100 23 Strang.

1531 2402 84 20 Land.

1285 2431 27 22 T
1330 2431 68 22 AND
1408 2432 33 22 for
1450 2433 45 22 sale
1506 2441 25 15 or
1539 2437 21 18 to
1570 2434 31 23 let
1609 2434 23 23 in
1643 2436 38 22 the
1690 2436 51 22 best
1748 2437 116 23 situations

1283 2457 45 22 -Li
1356 2458 24 22 in
1397 2458 36 23 the
1452 2460 76 27 Town,
1547 2465 23 18 at
1587 2469 53 20 very
1655 2462 44 22 low
1718 2464 76 27 prices,
1814 2466 50 22 sub-

1283 2484 94 28 divided,
1395 2486 44 22 and
1455 2494 61 17 upon
1525 2491 67 19 terms
1608 2491 21 19 to
1641 2489 44 21 suit
1701 2490 36 21 the
1748 2490 116 28 labouring

1283 2510 86 23 classes.

1309 2537 44 23 For
1360 2537 63 29 plans
1433 2539 45 22 and
1487 2540 135 28 particulars,
1633 2542 68 28 apply
1709 2545 23 19 to

1308 2590 60 8 __.„.
1685 2570 28 21 A.
1730 2570 105 23 Ludlam.

1308 2592 156 26 Wilhs-street,
1474 2593 61 22 June
1546 2595 33 25 18,
1591 2595 59 22 1841.

1284 2635 114 47 IAND
1417 2637 40 21 TO
1481 2637 94 23 LET.—
1575 2639 68 22 Town
1669 2647 60 15 acres
1752 2641 44 22 No.
1817 2644 45 24 168,

1314 2663 14 20 J
1358 2664 45 26 156,
1413 2665 48 26 423,
1478 2665 35 26 47,
1523 2667 49 25 561,
1584 2666 46 25 559,
1649 2666 46 22 and
1706 2674 69 21 many
1789 2669 75 22 others

1282 2695 22 14 in
1314 2688 37 22 the
1361 2693 58 18 most
1427 2690 108 23 desirable
1550 2693 121 21 situations.
1701 2693 55 23 Also
1769 2699 94 24 country

1290 2715 43 22 and
1341 2723 29 14 on
1380 2716 36 22 the
1426 2717 71 22 banks
1507 2718 27 21 of
1540 2718 37 22 the
1587 2719 68 22 River
1664 2719 59 23 Hutt
1732 2721 45 22 and
1786 2729 30 15 on
1826 2723 36 21 the

1282 2742 91 22 Porirua
1382 2743 59 22 road.
1471 2745 76 27 Apply
1557 2748 23 19 to

1665 2773 22 22 J.
1702 2773 35 23 W.
1753 2774 81 24 Child.

1490 2816 38 20 To
1544 2816 33 22 be
1591 2817 57 25 Let,

1283 2846 27 23 C
1317 2846 124 23 EVERAL
1456 2848 93 23 TOWN
1560 2850 102 28 ACRES,
1672 2852 24 21 in
1705 2859 88 17 various
1801 2858 61 25 parts

1281 2879 32 16 kj
1344 2874 26 21 of
1381 2874 143 28 Wellington.
1553 2876 43 22 For
1604 2878 138 28 particulars,
1757 2880 64 28 apply
1838 2885 23 18 to

1452 2902 26 22 E.
1494 2903 141 27 Catchpool,
1647 2905 101 23 Dickson
1760 2911 73 19 street.

1486 2948 40 21 To
1542 2949 32 20 be
1588 2949 58 25 Let,

1280 2977 88 47 T^HE
1382 2981 58 20 town
1458 2987 50 15 acre
1525 2981 44 22 No.
1585 2983 41 20 680
1638 2989 31 15 on
1683 2982 38 23 the
1739 2984 122 28 Surveyor-

1351 3005 116 23 General's
1476 3006 60 28 plan,
1547 3008 120 28 belonging
1676 3012 23 19 to
1715 3010 38 22 the
1770 3011 88 23 Church

1278 3031 24 20 of
1313 3031 111 22 Scotland.
1452 3033 45 22 For
1506 3036 74 25 terms,
1591 3036 66 26 apply
1667 3039 23 18 to

1464 3067 93 23 Robert
1569 3068 27 22 R.
1607 3069 99 27 Strang,
1721 3070 109 23 Solicitor.

1295 3109 85 22 Town
1394 3112 54 20 and
1464 3112 121 27 Country
1598 3114 77 21 Land
1689 3116 29 19 to
1733 3115 34 21 be
1783 3116 58 21 Let.

1279 3142 163 24 SECTIONS
1457 3145 46 22 and
1519 3147 98 26 portions
1633 3147 26 22 of
1673 3147 100 23 Sections
1788 3149 24 22 in
1828 3150 28 22 all

1284 3168 25 22 J
1344 3173 60 23 parts
1420 3172 27 20 of
1461 3172 38 22 the
1518 3173 68 22 Town
1604 3173 25 21 of
1645 3173 144 28 Wellington,
1810 3177 45 21 also

1275 3195 98 32 Country
1383 3197 100 23 Sections
1496 3199 25 21 in
1532 3199 37 22 the
1584 3199 96 23 districts
1697 3201 25 21 of
1734 3201 38 22 the
1788 3202 66 28 Hutt,

1275 3222 35 21 the
1324 3222 84 28 Kaiori,
1419 3224 37 22 the
1467 3225 77 27 Ohiro,
1556 3226 44 22 and
1612 3226 37 22 the
1664 3227 98 23 Porirua.
1791 3229 64 28 Long

1259 3263 1 11 i
1274 3248 68 22 leases
1353 3249 26 21 of
1384 3250 36 22 the
1438 3255 95 23 country
1542 3252 52 22 land
1610 3253 45 21 will
1671 3254 28 22 be
1713 3255 94 26 granted
1826 3263 28 15 on

1273 3276 128 22 reasonable
1412 3280 73 19 terms.
1515 3278 43 22 For
1567 3279 130 28 particulars
1706 3281 66 27 apply
1782 3284 23 19 to

1462 3304 98 23 Hanson
1572 3306 44 22 and
1629 3307 117 27 Alzdorf,

1495 3332 121 22 Thorndon
1626 3333 73 28 Quay,
1708 3333 145 28 Wellington.

1410 3382 87 23 Town
1511 3384 85 21 Acres
1610 3386 29 20 to
1654 3386 57 20 Let.

1270 3406 178 48 NUMBERS
1459 3416 29 15 on
1499 3410 38 23 the
1546 3411 237 27 Surveyor-General's
1793 3420 59 19 map,

1443 3437 61 30 ,510
1664 3439 40 21 263

1258 3464 8 28 ;'
1280 3475 3 8 '
1295 3465 45 22 For
1348 3467 129 26 particulars
1487 3470 67 27 apply
1563 3473 22 19 to
1594 3470 106 29 Wallace,
1711 3471 82 28 White,
1808 3473 45 21 and

1257 3492 118 30 fWallace.

1257 3532 101 36 £t?OR
1371 3537 83 24 SALE.
1455 3550 28 5 —
1483 3540 126 26 Wanganui
1625 3541 103 27 sections,
1742 3541 110 24 Numbers

1260 3563 38 28 %JL
1343 3563 26 22 of
1380 3564 75 23 choice
1467 3567 40 21 199
1516 3566 45 22 and
1570 3568 47 25 200,
1627 3568 68 26 apply
1704 3571 23 18 to

1257 3591 10 24 I'
1295 3615 19 4 _
1584 3594 80 22 Waitt
1680 3594 43 23 and
1738 3594 84 23 Tyser.

1295 3615 144 30 Wellington,
1451 3619 54 28 July
1516 3621 33 26 16,
1560 3621 60 20 1841.

1393 3662 52 22 For
1459 3664 70 25 Sale,
1541 3664 59 27 just
1613 3665 114 25 arrived,

1276 3707 93 12 waa
1388 3695 106 23 REAMS
1514 3697 27 21 of
1561 3697 107 26 PAPER,
1688 3698 122 28 consisting
1829 3700 26 21 of

1268 3720 104 36 OUlr
1387 3721 99 28 printing
1496 3723 74 27 demy,
1580 3723 64 23 letter
1657 3724 45 22 and
1715 3729 54 18 note
1782 3733 69 20 paper

1388 3748 25 21 of
1424 3749 89 22 various
1523 3750 54 22 sizes
1584 3750 43 22 and
1635 3750 109 27 qualities,
1754 3751 96 29 blotting

1266 3779 74 21 paper,
1352 3774 65 22 white
1427 3775 46 21 and
1482 3775 110 28 coloured,
1607 3776 50 22 blue
1668 3779 120 27 wrapping,
1798 3779 50 28 bag,

1267 3798 68 28 Kent,
1347 3800 66 26 hand,
1424 3800 45 22 and
1478 3802 101 27 imperial
1589 3803 75 22 brown
1674 3811 75 20 paper.

1316 3832 93 22 Gazette
1445 3834 78 27 Office,
1535 3835 53 27 July
1597 3836 46 21 3rd.

1267 3873 116 38 TfHLLS
1398 3878 38 22 OF
1453 3878 122 23 LADTNG
1589 3887 30 15 on
1634 3881 46 22 fule
1698 3882 150 24 Bttl>*Ofir.t

1266 3902 47 33 J|*
1344 3904 24 20 «f
1380 3904 41 22 thh
1432 3913 72 19 paper.

1877 630 8 14 r
1916 623 52 38 f±
2008 625 114 29 BYRON,
2148 628 85 22 DYER
2257 630 66 22 AND
2351 632 146 27 SCOURER,

1877 660 8 31 |
1973 661 9 11 >
2048 659 37 14 KAI
2101 660 80 15 WARRA
2196 663 80 14 WARRA
2293 664 65 15 ROAD.

1915 693 187 46 JFRASER,
2115 697 181 29 Hair-dresser,
2306 701 109 22 Lambton
2424 703 71 25 Quay,

1877 740 6 5 -
1954 730 11 11 *
1996 726 54 17 next
2058 722 69 22 house
2137 727 22 18 to
2170 724 38 22 the
2219 725 122 23 Wakefield
2351 727 135 24 Club-room.

1915 762 167 49 RSEED,
2093 766 56 22 Boot
2156 768 44 21 and
2211 769 57 21 Shoe
2282 770 84 27 Maker,
2377 772 23 21 in
2409 776 87 18 return-

1877 811 6 4 -
1967 801 12 25 £
1996 817 4 4 •
2009 798 40 20 mg
2062 792 80 22 thanks
2153 797 21 18 to
2186 794 37 22 the
2235 797 127 25 gentlemen
2370 799 44 20 and
2423 799 73 27 public

1877 828 6 18 t
1913 818 35 19 tor
1957 818 56 19 their
2023 821 119 25 patronage
2153 821 45 21 and
2213 826 97 23 support,
2320 823 52 27 begs
2383 828 21 18 to
2414 825 82 22 inform

1877 844 5 29 j
1913 844 61 19 them
1984 844 48 21 that
2040 844 35 21 for
2084 845 36 21 the
2130 848 191 23 accommodation
2337 851 26 20 of
2372 851 34 21 his
2423 856 73 17 custo-

1877 885 4 8 »
1913 875 57 15 mers
1987 870 44 21 and
2047 870 36 23 the
2100 872 80 28 public,
2198 873 28 22 he
2243 875 44 21 will
2301 876 82 27 always
2399 877 55 22 have
2466 886 28 14 on

1877 917 3 4 .
1911 897 61 19 hand
1981 903 28 14 an
2021 901 132 19 assortment
2162 900 26 20 of
2200 900 67 27 ready
2278 899 63 25 made
2352 903 70 22 shoes.

1939 922 56 21 N.B.
2016 923 29 22 R.
2061 924 21 21 S.
2098 925 44 21 will
2158 926 46 22 also
2219 927 85 22 furnish
2319 929 37 21 the
2372 930 62 22 trade
2450 931 46 22 and

1911 949 75 24 public
2003 949 52 22 with
2070 950 29 22 all
2115 955 55 18 sorts
2188 953 26 21 of
2225 957 37 19 cut
2271 954 85 23 leather
2370 957 45 21 and
2430 957 64 23 shoe-

1911 976 87 19 makers
2014 976 142 29 furnishings,
2168 980 40 21 &c.
2220 980 39 22 &c.

1911 1018 46 48 E
1988 1020 165 29 STAFFORD,
2174 1023 95 28 Tailor,
2287 1025 83 28 having
2388 1028 106 22 removed

1964 1050 11 11 •
2005 1049 22 18 to
2037 1047 34 22 his
2081 1055 48 15 new
2140 1049 75 28 house,
2224 1058 54 14 near
2287 1052 88 22 Messrs.
2383 1053 26 21 T.
2418 1054 44 21 and
2469 1055 22 21 S.

1877 1096 1 7 t
1911 1073 60 20 Look
1980 1079 9 14 s
2004 1073 80 27 Stores,
2102 1075 52 27 begs
2169 1076 64 22 leave
2247 1080 23 19 to
2285 1082 76 18 return
2376 1079 80 23 thanks
2470 1084 22 18 to
2499 1081 2 3 '

1877 1105 1 5 '
1909 1100 63 19 those
1990 1100 126 25 gentlemen
2135 1102 49 22 who
2202 1103 55 22 have
2272 1104 91 23 favored
2378 1106 46 22 him
2439 1107 53 22 with

1910 1126 57 19 their
1975 1129 97 24 support,
2083 1127 44 22 and
2135 1128 69 27 hopes
2220 1131 29 26 by
2266 1131 62 22 strict
2344 1133 108 22 attention
2469 1137 21 18 to

1877 1176 1 9 r
1909 1152 100 21 business
2019 1156 22 18 to
2052 1154 64 22 merit
2125 1162 14 14 a
2148 1156 148 23 continuance
2307 1158 25 21 of
2343 1159 37 21 the
2389 1166 68 15 same.

1877 1197 1 18 I
1912 1193 3 4 '
1935 1183 57 23 N.B.
1993 1196 29 5 —
2022 1186 22 21 A
2054 1187 104 22 first-rate
2169 1192 39 19 cut
2216 1190 45 22 and
2271 1191 169 29 workmanship.

1911 1228 147 47 CLOCKS,
2075 1230 110 30 Watches,
2202 1234 45 21 and
2263 1234 118 28 Jewellery
2399 1236 91 23 cleaned

1980 1256 44 21 and
2034 1258 100 26 repaired
2147 1259 30 27 by
2190 1260 85 22 Robert
2290 1261 115 28 Sturgeon,
2422 1270 68 21 many

1907 1287 65 20 years
1981 1289 23 15 in
2015 1290 13 14 a
2037 1283 93 23 London
2143 1286 114 28 jewellery
2268 1287 106 23 business.

1876 1330 2 3 .
1935 1314 123 24 Residence
2069 1320 22 18 at
2100 1322 117 26 present—
2218 1322 22 19 at
2250 1320 38 22 the
2297 1321 56 22 back
2362 1322 24 21 of
2398 1323 90 23 Messrs.

1876 1345 2 20 1
1909 1341 87 21 Waters
2005 1343 45 21 and
2060 1343 89 23 Smith's
2160 1346 81 21 Stores.

1907 1383 230 48 JM'GREGOR
2149 1388 54 28 begs
2219 1392 142 26 respectfully
2374 1395 22 19 to
2408 1393 81 23 inform

1946 1421 11 11 •
1975 1413 37 20 the
2021 1418 79 23 gentry
2109 1414 45 22 and
2162 1415 137 24 inhabitants
2306 1418 24 21 of
2339 1419 51 22 Port
2398 1420 91 22 Nichol-

1906 1444 39 14 son
1957 1439 83 21 thathe
2052 1439 39 22 has
2101 1448 28 15 on
2141 1442 51 26 sale,
2208 1447 23 17 at
2246 1443 35 22 his
2297 1448 125 26 temporary
2436 1447 53 22 resi-

1906 1466 76 25 dence,
2002 1472 23 14 m
2045 1466 37 22 the
2099 1474 49 15 rear
2165 1469 27 21 of
2210 1470 39 21 Dr.
2267 1470 93 28 Knox's,
2380 1479 55 16 near
2452 1474 37 22 the

1906 1493 71 24 Uank,
2001 1498 28 15 an
2049 1498 132 19 assortment
2201 1496 25 21 of
2245 1496 49 23 best
2317 1498 172 24 London-made

1906 1518 102 26 watches,
2020 1519 75 22 Dutch
2105 1521 80 27 clocks,
2198 1522 38 22 &c.

1932 1550 175 30 Chronometers,
2119 1554 80 27 clocks,
2216 1557 102 27 watches,
2334 1559 45 22 and
2395 1561 92 21 musical

1905 1578 68 20 boxes
1982 1579 107 27 carefully
2100 1580 93 23 cleaned
2202 1583 44 21 and
2256 1585 107 26 repaired.

1912 1621 27 38 T
1976 1621 17 21 C
1988 1649 7 4 .
1995 1622 62 22 ANJS
2054 1623 5 8 '
2066 1623 31 21 IN
2099 1625 27 26 G,
2151 1626 100 27 Cabinet,
2276 1628 73 27 Chair,
2373 1630 44 21 and
2436 1631 51 22 Sofa

1904 1650 26 17 «/
1943 1658 10 10 •
1986 1650 171 29 Manufacturer,
2174 1653 188 29 Lambton-quay.
2373 1656 116 26 adjoining:

1903 1673 69 23 Dune
1982 1675 44 21 and
2036 1676 39 21 Co.
2079 1677 16 21 's
2108 1678 81 22 Stores.

2059 1710 129 17 FURNITURE
2209 1714 119 15 REPAIRED.

1991 1747 186 29 BRADFIELD,
2203 1751 93 23 Saddler
2318 1754 45 21 and
2386 1754 102 22 Harness.

1958 1783 11 10 •
2000 1775 86 21 Maker.
2115 1775 92 27 Repairs
2221 1778 75 28 neatly
2310 1779 64 23 done.
2403 1781 86 23 Orders-

1902 1799 102 21 received
2014 1803 22 18 at
2047 1801 126 23 Marshall's
2184 1804 162 23 Coffee-house.

1951 1843 121 24 HARLES
2090 1846 136 29 HARVEY,
2236 1849 89 23 Tailor
2336 1851 19 21 &
2368 1851 130 23 Breeches,

1977 1872 94 26 Maker,
2083 1880 54 15 near
2146 1875 88 21 Messrs.
2245 1875 87 23 Waters
2342 1877 44 22 and
2396 1879 93 22 Smith's

1904 1898 70 23 btore,
1995 1898 139 28 Wellington,
2150 1901 54 27 begs
2220 1905 21 18 to
2258 1903 80 21 inform
2355 1903 36 23 the
2405 1910 80 22 gentry

1902 1924 44 19 and
1958 1924 136 23 inhabitants
2104 1926 25 22 of
2143 1927 136 28 Wellington
2290 1930 44 22 and
2348 1930 28 22 its
2385 1931 98 28 vicinity,

1903 1950 47 19 that
1960 1950 29 21 he
2000 1950 40 22 has
2050 1954 143 22 commenced
2202 1955 100 23 business
2312 1964 24 14 as
2349 1957 76 27 above,
2442 1959 44 21 and
2494 1964 2 3 '

1903 1978 67 18 trusts
1981 1976 47 21 that
2037 1978 79 23 twelve
2131 1981 72 25 years'
2214 1983 131 25 experience
2355 1983 23 21 in
2389 1985 94 21 London
2493 1986 6 3 '

1902 2007 23 14 as
1949 2008 13 15 a
1982 2004 105 25 practical
2112 2009 77 24 cutter,
2214 2008 116 22 combined
2349 2009 53 22 with
2424 2011 59 26 good

1901 2029 110 21 materials
2034 2030 45 22 and
2102 2032 170 29 workmanship,
2297 2036 44 20 and
2369 2036 114 24 moderate

1901 2056 97 25 charges,
2009 2056 44 21 will
2063 2058 78 22 enable
2151 2059 45 22 him
2207 2063 22 18 to
2245 2062 51 26 give
2306 2062 136 23 satisfaction
2456 2068 23 18 to

1900 2083 30 19 all
1939 2083 49 20 who
1998 2089 51 20 may
2058 2084 77 23 favour
2145 2084 46 23 him
2200 2086 52 23 with
2262 2087 56 23 their
2328 2092 128 25 patronage.

1903 2143 13 2 ....
2080 2117 82 28 Ttirms,
2175 2119 53 22 cash
2237 2121 62 27 only.

1960 2160 181 23 Fashionable
2155 2164 105 22 Winter
2275 2166 135 28 Clothing.

1898 2192 184 47 WILLIAM
2123 2196 140 29 MURRAY,
2307 2199 87 23 Tailor
2436 2201 45 22 and

1995 2220 123 29 Clothier,
2129 2223 53 27 begs
2193 2229 22 17 to
2226 2225 42 22 call
2283 2225 36 22 the
2333 2227 109 22 attention
2458 2229 27 21 of

1897 2247 127 23 gentlemen
2035 2248 45 22 and
2089 2249 36 22 the
2138 2250 75 27 public
2229 2255 23 18 to
2267 2251 34 23 his
2311 2253 61 21 stock
2388 2254 27 21 of
2428 2262 54 18 very

1897 2278 26 14 su
1925 2272 71 26 Perior
2014 2276 80 20 beaver
2109 2277 44 21 and
2169 2277 55 27 pilot
2242 2278 67 27 cloth,
2327 2279 72 23 which
2416 2280 28 22 he
2463 2289 19 14 is

1897 2300 96 21 enabled
2009 2305 22 16 to
2047 2302 63 21 make
2122 2310 29 20 up
2161 2303 49 21 into
2219 2304 126 27 Taglionas.
2355 2314 43 19 pea
2413 2311 66 24 coats,

1897 2328 107 25 trowsers,
2015 2327 47 27 &c,
2075 2331 22 18 at
2106 2330 121 27 unusually
2235 2331 44 23 low
2288 2333 77 27 prices,
2375 2333 36 23 for
2421 2334 59 23 cash-

1924 2358 33 22 As
1970 2359 29 22 all
2017 2360 37 22 the
2074 2363 59 21 work
2148 2363 19 22 is
2184 2368 38 17 cut
2236 2368 39 19 out
2290 2365 30 27 by
2329 2365 94 29 himself,
2435 2368 45 22 and

1896 2387 65 19 made
1970 2393 30 20 up
2010 2387 71 22 under
2096 2388 33 22 his
2145 2397 48 14 own
2207 2392 207 28 superintendance,
2424 2401 54 20 gen-

1896 2413 83 21 tJemen
1998 2420 52 20 may
2068 2415 86 27 depend
2178 2424 29 14 on
2232 2418 58 22 their
2313 2418 75 23 orders
2412 2420 67 26 being

1895 2439 112 27 elegantly
2017 2441 44 21 and
2071 2443 114 26 tastefully
2195 2448 38 22 got
2242 2451 38 21 up.

1895 2470 120 30 Repairing
2025 2476 106 22 executed
2140 2476 50 21 with
2202 2481 102 19 neatness
2312 2479 44 22 and
2363 2479 114 28 despatch.

1894 2515 142 48 JOSHUA
2048 2519 140 28 SCHOLES,
2198 2521 61 23 Boot
2266 2523 44 21 and
2315 2523 60 22 Shoe
2382 2524 94 28 Maker,

1959 2544 186 29 Lambton-quay,
2158 2547 54 27 begs
2227 2551 23 19 to
2265 2549 82 22 inform
2362 2550 36 22 the
2414 2551 63 22 inha-

1895 2571 81 20 bitants
1996 2571 25 21 of
2042 2571 135 29 Wellington
2202 2574 44 22 and
2264 2575 30 22 its
2315 2577 163 28 neighbouring

1894 2596 102 26 districts,
2008 2597 47 21 that
2067 2598 26 22 he
2102 2599 19 22 is
2130 2607 51 14 now
2190 2601 69 28 ready
2268 2606 24 18 to
2299 2603 86 21 receive
2394 2604 82 28 orders,

1893 2623 72 21 which
1975 2623 44 22 will
2029 2629 58 17 meet
2099 2626 54 22 with
2167 2629 108 25 punctual
2292 2629 103 28 despatch
2405 2638 5 19 ;
2433 2631 45 22 and

1894 2650 66 21 trusts
1969 2650 56 22 from
2036 2651 34 21 his
2080 2653 131 26 experience
2226 2655 24 21 in
2266 2655 62 22 trade
2344 2660 23 18 to
2383 2657 66 22 merit
2464 2665 13 15 a

1893 2676 63 21 share
1968 2676 26 21 of
2003 2677 74 27 public
2087 2683 127 24 patronage.

1894 2719 157 25 rnHOMAS
2075 2722 92 28 YORK,
2190 2724 152 29 BUTCHER,
2365 2727 54 27 begs
2442 2735 34 15 re-

1901 2746 29 21 *-
1967 2748 117 28 spectfully
2100 2752 23 19 to
2140 2751 82 22 inform
2241 2752 37 22 the
2297 2752 136 24 inhabitants
2452 2755 27 22 of

1892 2774 54 20 Port
1972 2774 130 28 Nicholson,
2132 2777 48 22 that
2207 2777 28 23 he
2264 2779 39 22 has
2331 2782 144 22 commeueed

1892 2801 101 21 business
2007 2801 23 21 in
2040 2801 38 23 the
2088 2803 68 22 above
2165 2804 54 27 line,
2230 2805 45 22 and
2287 2806 76 28 hopes,
2374 2807 30 27 by
2414 2808 62 23 strict

1892 2829 108 19 attention
2014 2831 23 18 to
2048 2828 34 22 his
2091 2833 128 25 customers,
2229 2835 23 18 to
2269 2834 66 21 merit
2344 2841 13 14 a
2372 2838 103 19 continu-

1891 2858 55 16 ance
1957 2854 26 21 of
1989 2853 58 23 iheir
2054 2855 95 23 favours.

2062 2890 70 15 FRESH
2148 2891 62 14 MEAT
2225 2892 76 16 DAILY.

1918 2906 187 29 Lambton-quay,
2116 2909 61 22 June
2186 2912 34 25 22,
2233 2912 61 21 1841.

1890 2950 51 47 A
1968 2950 131 28 HEWITT,
2110 2952 159 28 Fishmonger,
2282 2956 108 23 Lambton
2400 2958 71 27 Quay,

1944 2987 11 10 •
1974 2978 141 28 Wellington,
2122 2983 88 19 returns
2221 2981 33 22 his
2263 2982 86 23 sincere
2360 2984 80 22 thanks
2450 2989 22 17 to

1890 3004 37 19 the
1945 3004 137 21 inhabitants
2100 3006 26 21 of
2146 3006 42 22 this
2209 3008 85 28 Colony
2309 3009 35 22 for
2363 3010 37 22 the
2419 3018 54 19 very

1888 3029 78 21 liberal
1984 3034 92 23 support
2091 3031 27 22 he
2132 3032 41 22 has
2188 3032 99 23 hithert*
2300 3036 109 27 received,
2427 3038 45 22 and

1888 3055 54 26 begs
1951 3058 24 19 to
1982 3056 83 23 inform
2075 3058 60 22 them
2145 3059 48 22 that
2208 3059 25 22 he
2243 3060 42 23 has
2294 3062 64 22 made
2368 3070 103 20 arrange-

1888 3085 73 19 ments
1977 3082 34 22 for
2029 3090 14 14 a
2057 3088 102 19 constant
2174 3086 81 28 supply
2273 3088 26 21 of
2318 3088 37 22 the
2374 3089 98 23 choicest

1888 3109 101 21 varieties
1999 3109 25 21 of
2035 3110 48 27 fish,
2101 3111 71 22 which
2189 3114 28 19 he
2233 3114 138 29 confidently
2385 3123 86 16 recom-

1888 3135 79 21 mends
1975 3139 23 18 to
2007 3135 38 23 the
2054 3137 74 27 public
2137 3145 23 15 as
2167 3139 68 27 being
2242 3140 27 22 of
2278 3140 38 23 the
2323 3141 49 23 best
2377 3143 93 28 quality.

1915 3168 81 22 Orders
2005 3169 34 22 for
2048 3170 104 29 shipping
2159 3173 109 28 received,
2285 3174 44 22 and
2339 3177 131 26 punctually

1887 3194 107 22 attended
2003 3198 29 19 to.
2454 3193 12 12 *

2040 3230 97 16 OYSTERS
2152 3232 71 15 FRESH
2238 3233 77 17 DAILY.

1913 3253 62 28 Also,
1987 3262 13 14 a
2009 3257 79 27 supply
2097 3257 27 22 of
2137 3259 127 26 vegetables
2281 3260 60 23 fresh
2355 3262 58 23 from
2430 3263 38 23 the

1885 3282 83 24 garden
1979 3282 67 27 daily.

2127 3336 15 14 A
2156 3336 67 15 CARD.

2049 3353 52 22 Mr.
2116 3354 33 21 K.
2163 3356 30 20 B.
2209 3357 97 27 Relph,

1984 3386 104 15 BURGEON
2102 3388 157 22 ACCOUCHEUR,
2275 3391 91 16 PETONI.

1984 3424 82 21 Chart
2080 3424 31 22 of
2127 3426 66 21 Port
2207 3427 159 23 Nicholson.

1884 3455 93 47 JUST
1999 3455 182 30 PUBLISHED,
2206 3460 45 23 and
2275 3469 27 14 on
2325 3462 45 22 sale
2388 3466 23 19 at
2429 3462 37 23 the

1897 3507 40 10 *t,
1948 3483 62 34 °%c%
2007 3490 10 14 c
2024 3509 6 8 ,
2028 3483 26 21 of
2066 3484 42 22 this
2117 3492 13 20 P
2132 3492 13 14 a
2147 3493 13 19 P
2162 3493 23 14 er
2186 3502 5 11 »
2207 3494 14 14 a
2236 3486 147 30 lithographic
2400 3490 68 22 Chart

1883 3508 26 20 of
1921 3508 53 22 Port
1981 3509 129 28 Nicholson,
2125 3512 57 22 from
2198 3513 37 22 the
2252 3521 80 21 survey
2349 3516 25 21 of
2389 3516 27 21 E.
2433 3516 31 22 M.

1884 3535 104 25 Chaffers,
2006 3536 59 27 Esq.,
2083 3537 66 28 R.N.,
2167 3540 144 22 commander
2325 3541 25 21 of
2364 3541 36 22 the
2410 3542 57 22 New

1885 3563 99 20 Zealand
1996 3563 132 27 Company's
2139 3565 47 27 ship
2199 3568 60 24 Tory.
2261 3579 28 3 —
2291 3568 62 21 Price
2362 3570 29 19 2s.
2403 3568 35 22 6d.

2076 3599 56 25 £20
2148 3605 123 22 Reward.
2427 3596 42 5 ~~

1884 3632 90 22 HPHE
1984 3634 148 28 undersigned
2143 3637 43 22 will
2196 3638 50 27 give
2256 3638 38 22 the
2305 3639 69 22 above
2382 3641 84 21 reward

1921 3684 13 11 t
1946 3685 5 5 .
1957 3662 76 19 toanv
2047 3668 78 25 person
2142 3671 25 14 or
2182 3671 92 19 persons
2290 3665 49 22 who
2356 3666 44 22 will
2415 3667 50 26 give

1882 3686 54 20 such
1945 3686 143 23 information
2099 3696 24 14 as
2132 3690 45 21 will
2185 3690 50 22 lead
2250 3694 22 18 to
2288 3692 36 21 the
2339 3693 125 22 conviction

1882 3718 12 14 o
1896 3712 36 31 L?
1932 3718 31 15 nv
1972 3720 80 20 person
2062 3722 26 14 or
2095 3722 92 20 persons
2196 3717 133 29 feloniously
2337 3719 77 27 taking
2420 3720 44 22 and

1881 3738 80 27 killing
1970 3746 44 21 any
2024 3740 38 27 pig
2072 3748 24 15 or
2105 3742 49 26 pigs
2164 3742 99 23 branded
2273 3744 22 21 G
2304 3745 29 21 D.

2242 3770 95 22 George
2349 3771 88 23 Duppa.

2104 3812 52 21 For
2171 3812 69 25 Sale,

1882 3834 41 23 ~D
1932 3834 206 25 ACKGAMMON
2160 3838 85 22 Boards
2263 3840 45 21 and
2332 3840 62 28 Men,
2415 3848 49 17 wax

1881 3861 46 20 XJ
1958 3866 78 22 tapers,
2048 3862 44 23 and
2102 3863 77 23 lucifer
2188 3865 106 23 matches.

1909 3887 96 26 Enquire
2016 3893 20 16 aJ
2052 3890 35 21 the
2121 3890 92 23 Gazette
2253 3892 76 27 Office,
2344 3894 120 23 Tstranaki-

1883 3913 68 28 plsree.

307 609 108 21 Notice.

67 643 50 48 A
131 640 150 24 GENERAL
295 642 146 22 MEETING
451 642 27 22 of
488 642 38 23 the
543 643 112 22 members

131 668 26 21 of
166 668 38 22 the
215 668 52 22 Port
276 668 124 23 Nicholson
411 669 122 27 Exchange
543 670 46 22 and
596 670 59 22 Pub-

67 696 30 21 lic
114 695 100 27 Library,
229 695 45 22 will
283 695 28 22 be
327 695 54 22 held
396 699 24 18 at
434 696 38 22 the
482 696 134 27 institution,
625 705 29 14 on

66 729 29 14 on
103 721 103 26 Tuesday
221 725 61 24 next,
300 721 53 24 10th
364 722 60 28 inst.,
441 726 24 19 at
478 722 78 23 eleven
569 723 86 22 o'clock

66 755 57 20 a.m.,
134 748 35 21 for
178 750 39 20 the
225 755 94 24 purpose
330 748 26 22 of
371 748 131 29 appointing
516 757 14 14 a
544 757 50 14 new
610 750 45 22 and

65 774 74 27 acting
156 774 135 23 committee.
328 775 48 22 The
394 776 159 28 unpopularity
571 778 27 21 of
617 776 38 23 the

65 803 89 25 present
162 800 56 28 title,
229 801 44 22 and
290 802 64 21 other
368 806 92 19 matters
469 803 94 22 relative
577 806 23 19 to
617 803 37 22 the

63 830 52 20 laws
124 827 46 23 and
178 828 146 23 constitution
333 829 26 21 of
369 829 38 22 the
422 829 134 28 institution,
572 830 46 21 will
627 830 28 21 be

63 854 95 26 brought
180 854 77 23 before
274 854 38 23 the
330 856 106 27 meeting,
460 856 30 27 by
508 856 39 22 the
565 860 91 24 present

63 881 133 22 committee.

91 907 49 22 Wai
150 907 82 22 Peraro
242 907 103 26 Reserve,
356 908 45 22 2nd
411 909 95 27 August,
518 910 62 21 1841.

305 952 108 21 Notice.

66 983 160 51 PERSONS
236 984 106 23 indebted
352 988 23 18 to
386 985 37 22 the
431 986 152 27 undersigned
592 987 61 27 prior

136 1014 22 19 to
169 1011 37 22 the
224 1013 33 20 Ist
265 1011 26 21 of
298 1014 90 25 August
397 1020 37 13 are
444 1013 120 27 requested
575 1018 23 17 to
609 1021 42 20 pay

64 1039 38 21 the
117 1041 93 19 amount
224 1038 160 27 immediately,
404 1039 45 21 and
465 1040 84 26 parties
566 1040 85 26 having

63 1065 76 22 claims
155 1065 88 26 against
257 1064 62 22 them
335 1072 38 15 are
387 1066 118 27 requested
519 1070 23 17 to
562 1067 88 22 furnish

63 1091 56 22 their
128 1094 115 19 accounts.

319 1117 36 23 W.
370 1118 26 22 B.
411 1119 94 22 Rhodes
521 1119 46 22 and
581 1120 41 22 Co.

90 1144 46 22 The
145 1143 37 23 old
192 1144 63 22 stock
265 1147 23 19 to
297 1144 29 22 be
338 1145 50 21 sold
403 1152 54 21 very
467 1145 78 31 cheap,
557 1147 93 21 consist-

62 1171 40 27 ing
116 1171 25 21 of
154 1171 80 27 spirits,
251 1171 100 26 tobacco,
368 1172 64 26 nails,
448 1180 61 20 soap,
526 1173 122 28 hardware,

64 1198 107 26 tin-ware,
190 1201 58 24 pots,
267 1198 85 27 striped
374 1198 72 27 shirts,
467 1199 76 22 Dutch
568 1200 80 27 clocks,

63 1224 65 22 white
142 1223 57 28 lead,
215 1225 69 26 paint,
300 1225 36 26 oil,
355 1225 99 27 clothing
470 1226 25 21 of
509 1226 89 22 various
613 1227 37 21 de-

63 1251 121 27 scriptions,
203 1246 68 26 claret
286 1251 24 21 in
328 1258 43 16 one
387 1251 73 23 dozen
475 1260 70 19 cases,
557 1253 93 23 double-

63 1277 108 22 barrelled
182 1277 50 22 flint
241 1285 64 19 guns.

90 1305 87 26 August
185 1305 21 26 5,
218 1305 60 21 1841.

60 1348 280 48 WANTED,—PIans
354 1350 45 21 and
414 1350 166 26 Specifications
592 1351 35 22 for
636 1359 13 14 a

156 1374 95 28 Church,
263 1375 92 27 capable
364 1376 27 21 of
400 1376 91 27 holding
500 1378 43 21 400
552 1377 94 29 sittings,

60 1401 44 22 and
112 1401 118 27 admitting
240 1402 25 21 of
275 1402 68 26 being
356 1403 111 27 enlarged,
485 1404 20 20 if
521 1410 125 22 necessary.

58 1428 75 27 Apply
147 1431 23 18 to
185 1428 91 23 Messrs.
293 1429 86 22 Robert
394 1430 70 21 Waitt
478 1429 45 22 and
540 1430 107 23 Kenneth

58 1454 107 28 Bethune,
176 1462 25 14 or
210 1458 23 18 to
244 1455 26 22 R.
281 1454 28 23 R.
321 1456 88 27 Strang,
420 1456 61 28 Esq.,
492 1456 106 25 solicitor.

87 1481 142 27 Wellington,
241 1482 89 26 August
338 1484 19 24 6,
370 1484 60 20 1841.
465 1500 4 4 .

56 1525 148 48 WANTS
221 1526 20 21 A
257 1526 175 27 SITUATION,
453 1534 14 14 a
483 1534 52 16 man
551 1529 45 21 and
611 1529 34 21 his

138 1552 50 21 wife
197 1552 24 21 in
231 1559 13 15 a
253 1553 149 27 gentleman's
410 1554 85 27 family,
507 1555 103 26 together
620 1564 25 14 or

55 1581 105 25 separate.
188 1579 48 22 Can
243 1579 57 22 have
306 1580 60 26 good
373 1581 204 23 recommendation
585 1583 59 22 from

55 1605 38 22 the
103 1607 60 25 place
175 1605 52 27 they
237 1613 37 14 are
284 1606 69 22 about
361 1607 96 27 leaving.
458 1618 28 5 —
487 1608 45 22 For
547 1609 96 27 particu-

55 1631 45 22 lars
109 1632 91 27 enquire
210 1635 24 18 at
242 1632 37 22 the
290 1633 63 22 office
363 1634 26 21 of
399 1634 44 21 this
451 1642 77 19 paper.

56 1676 181 47 NOTICE.—
237 1676 46 22 The
293 1677 57 23 Rev.
358 1678 38 22 Mr
413 1678 146 28 Macfarlane,
572 1680 26 20 of
605 1680 38 21 the

137 1703 80 22 Scotch
241 1703 95 27 Church,
361 1705 46 21 will
432 1705 99 26 perform
558 1707 84 21 Divine

57 1729 108 28 Worship,
183 1729 24 22 in
231 1729 81 26 future,
333 1731 23 21 in
377 1732 38 21 the
430 1733 114 26 Morning,
564 1736 24 18 at
605 1734 37 21 the

56 1756 81 21 Native
154 1755 90 29 Chapel,
259 1757 32 21 Te
302 1758 47 21 Aro
358 1758 57 27 Flat,
424 1762 23 18 at
456 1761 25 19 11
492 1759 94 27 o'clock,
598 1761 43 21 and

55 1783 26 21 in
93 1782 37 22 the
140 1783 125 22 Afternoon
279 1787 23 18 at
317 1783 37 23 the
370 1785 69 22 Court
453 1786 86 27 House,
554 1787 89 22 Thorn-

56 1809 43 22 don
110 1809 54 28 Flat,
176 1813 23 18 at
209 1817 14 14 a
231 1814 90 21 quarter
330 1815 50 22 past
389 1819 43 15 one
443 1813 94 22 o'clock.

83 1835 142 28 Wellington,
237 1837 54 27 May
302 1839 33 25 12,
347 1840 61 20 1841.

56 1881 161 48 PERSONS
241 1881 97 22 desirous
363 1883 25 21 of
418 1884 117 26 obtaining
557 1885 82 28 Bibles,

119 1907 146 28 Testaments,
284 1916 25 14 or
326 1909 109 22 Common
457 1910 85 28 Prayer
557 1912 82 27 Books,

54 1941 38 14 are
101 1935 116 26 requested
227 1938 23 18 to
260 1935 66 27 apply
336 1939 22 18 to
369 1936 37 21 the

267 1961 56 22 Rev.
334 1962 29 22 R.
373 1962 74 27 Davy,
458 1962 80 23 Kumu

80 1985 54 28 July
142 1988 20 25 3,
175 1988 60 20 1841.

55 2030 97 49 SEED
167 2030 122 29 WHEAT,
300 2040 76 19 grown
387 2041 29 14 on
427 2034 44 22 Mr.
482 2034 81 22 Watt's
572 2036 66 27 farm,

118 2065 28 14 on
157 2058 45 21 sale
211 2058 31 28 by
251 2058 37 22 the
297 2060 158 28 undersigned,

413 2087 35 22 W.
464 2088 26 21 B.
506 2088 103 23 Rhodes.

81 2110 87 27 August
175 2112 21 26 5,
206 2113 61 20 1841.

215 2157 66 20 Port
296 2157 31 21 of
342 2158 127 21 London.

104 2188 85 23 Notice
209 2197 28 14 to
257 2197 45 15 the
324 2190 93 23 Public.
418 2202 28 4 —
446 2192 125 23 Travellers
591 2194 47 22 and

52 2214 70 22 others
133 2215 48 22 who
190 2216 56 21 send
255 2217 106 27 baggage,
373 2218 71 21 works
453 2218 28 21 of
490 2223 41 23 art,
540 2227 24 14 or
572 2221 65 22 other

53 2241 63 22 value
124 2246 105 24 property
238 2246 22 19 to
270 2244 112 26 England,
399 2244 82 23 should
494 2246 94 27 consign
598 2248 38 21 the

51 2268 107 27 packages
168 2272 22 18 to
200 2269 38 22 the
248 2277 50 15 care
304 2270 27 22 of
337 2279 14 13 a
357 2270 98 23 licensed
463 2272 173 24 Custom-house

52 2298 70 24 agent,
138 2303 24 14 as
178 2296 87 22 articles
280 2304 38 15 are
334 2298 128 27 frequently
475 2299 96 28 injured,
590 2302 46 21 and

51 2321 98 22 needless
159 2330 96 20 expense
269 2324 112 27 incurred,
398 2325 35 21 for
448 2325 37 22 the
501 2330 61 19 want
578 2328 27 21 of
622 2336 14 14 a

51 2354 77 21 proper
137 2356 79 20 person
227 2353 23 18 to
260 2350 51 22 take
322 2350 80 28 charge
413 2352 25 21 of
453 2352 63 22 them
531 2361 30 14 on
577 2354 59 23 their

52 2374 83 26 arrival,
145 2376 44 21 and
199 2383 37 15 see
250 2377 62 22 them
330 2378 97 27 entered,
445 2380 126 28 examined,
589 2382 46 21 and

51 2401 104 28 carefully
168 2403 116 27 repacked.
320 2404 48 22 The
387 2404 81 28 charge
484 2406 18 22 is
518 2407 38 22 the
572 2415 62 15 same

51 2427 94 23 whether
154 2436 24 14 so
189 2430 121 27 consigned
321 2438 24 14 or

98 2461 168 24 Custom-house
276 2464 117 27 Chamber,
405 2465 102 27 London,

53 2520 132 48 IVEVOY
195 2523 45 22 and
250 2524 52 27 CO.,
318 2526 45 19 who
377 2533 37 14 are
430 2528 35 19 the
479 2528 155 22 LICENSED

88 2547 14 19 9
127 2550 21 20 A
152 2550 99 21 GENTS
259 2551 27 26 of
294 2553 48 20 Her
348 2554 112 26 Majesty's
467 2556 167 21 Commissioners

51 2576 26 21 of
88 2576 94 25 Customs,
193 2578 43 19 and
248 2579 66 20 under
324 2581 63 25 heavy
395 2582 63 21 bonds
465 2583 42 24 for
517 2584 36 20 the
562 2585 70 25 safety

51 2601 27 24 of
82 2606 98 23 property
196 2606 109 25 consigned
319 2609 21 18 to
356 2609 62 25 them,
438 2609 45 27 beg
500 2610 64 22 those
582 2611 50 22 who

50 2629 53 21 send
111 2631 109 27 packages
229 2635 23 18 to
262 2632 57 23 their
329 2641 57 21 care,
401 2639 23 18 to
434 2643 37 14 see
481 2636 49 22 that
539 2637 55 22 each
603 2638 29 22 be

50 2657 108 27 distinctly
176 2658 93 23 marked
315 2660 81 23 Devoy
415 2662 45 22 and
479 2663 47 27 Co.,
547 2664 85 22 Lower

53 2684 190 28 Ihames-street,
383 2689 44 22 and
432 2689 37 22 the
476 2690 40 21 bill
523 2690 27 22 of
554 2690 78 29 lading

50 2714 24 14 or
86 2713 80 24 receipt
180 2711 124 24 forwarded
322 2717 22 19 to
363 2714 61 23 them
443 2716 69 22 direct
528 2718 30 26 by
572 2722 57 23 post,

50 2737 50 19 with
107 2738 141 22 instructions
257 2738 50 23 how
318 2741 55 22 such
382 2742 69 26 goods
462 2750 36 14 are
508 2746 23 18 to
544 2744 27 21 be
587 2744 44 22 dis-

50 2763 63 21 posed
121 2764 26 20 of
157 2771 29 14 on
196 2765 79 22 arrival
284 2773 6 19 ;
305 2767 46 21 and
357 2775 25 14 as
390 2776 66 20 every
464 2770 99 26 package
571 2775 60 17 must

50 2791 25 17 be
91 2791 82 24 opened
193 2794 24 18 at
234 2791 38 22 the
289 2793 179 28 Custom-house,
487 2796 21 21 if
528 2803 45 19 any
592 2805 38 14 are

49 2815 79 28 locked,
140 2816 37 22 the
185 2817 57 27 keys
251 2818 80 23 should
339 2820 29 22 be
378 2821 131 22 forwarded.

75 2841 72 24 Goods
156 2843 45 21 and
210 2845 110 26 packages
330 2853 37 15 are
377 2847 122 23 forwarded
508 2849 32 27 by
549 2850 81 27 Devoy

48 2869 42 19 and
99 2869 36 21 Co.
145 2872 23 19 to
178 2869 31 22 all
223 2874 59 23 parts
295 2872 28 21 of
334 2873 38 22 the
389 2874 127 28 Continent,
528 2875 38 22 the
575 2876 56 22 East

48 2896 42 18 and
100 2896 59 22 West
166 2897 83 26 Indies,
258 2898 110 28 Colonies,
380 2900 40 22 &c.
431 2901 40 22 &c.
481 2909 5 18 ;
498 2902 53 26 and,
561 2902 22 22 if
594 2911 36 14 re-

48 2921 78 28 quired,
138 2926 50 19 sent
201 2926 24 19 to
234 2921 37 25 the
283 2932 52 15 care
349 2926 28 21 of
387 2928 137 26 responsible
540 2928 88 28 houses,

48 2948 46 20 who
108 2949 42 21 will
165 2957 38 15 see
219 2950 38 23 the
272 2952 145 23 instructions
432 2958 52 19 sent
497 2954 54 23 with
567 2956 62 22 them

48 2975 124 28 punctually
181 2977 106 22 attended
297 2982 29 18 to.

73 2999 37 23 All
117 3003 68 26 goods
194 3004 46 21 and
249 3005 109 27 packages
368 3006 35 22 for
411 3006 113 29 shipment
531 3012 61 19 must
600 3010 29 21 be

48 3029 151 26 accompanied
209 3031 30 27 by
247 3032 94 24 .written
357 3034 150 28 instructions,
519 3036 54 21 with
590 3036 39 22 the

48 3057 60 18 name
116 3056 44 21 and
169 3056 91 24 address
268 3058 27 22 of
306 3058 131 29 the'parties
444 3061 32 27 by
486 3062 72 22 whom
574 3063 55 27 they

46 3084 35 15 are
95 3085 52 24 sent,
163 3083 45 22 and
224 3084 38 22 the
275 3090 103 18 contents
391 3087 46 22 and
451 3088 66 22 value
535 3089 26 22 of
573 3092 54 20 each

47 3110 20 32 B.
62 3111 11 14 a
69 3133 6 9 i
75 3112 10 14 CAC
80 3133 24 9 A«
102 3114 36 20 age
143 3135 7 7 ,
148 3110 72 22 stated
222 3126 5 6 -
255 3112 47 22 The
318 3112 40 23 dut
358 3121 15 20 y
383 3115 110 22 outwards
506 3116 20 21 is
537 3118 42 20 10*.
588 3124 41 18 per

48 3135 56 19 *100
117 3135 70 23 value.
225 3137 47 23 The
288 3142 48 19 rate
352 3140 27 21 of
391 3140 118 23 insurance
528 3142 101 28 depends

48 3165 55 19 upon
113 3166 177 21 circumstances.
319 3166 44 22 For
380 3167 86 23 further
481 3168 144 24 information

46 3189 13 15 a
47 3185 93 58 pgy
134 3222 11 14 c
141 3189 52 49 °hois
190 3190 12 21 II
195 3224 12 14 o
203 3198 11 14 mr
209 3224 21 15 n.
240 3191 88 24 SAMUEI
328 3207 5 7 '
359 3194 92 22 REVANS
452 3211 7 11 '
480 3195 81 23 Wellin
563 3203 14 21 g
578 3201 23 18 t0
603 3205 22 20 »>

47 3253 72 36 T.A
129 3259 21 20 N
160 3260 21 21 D
204 3262 22 21 A.
237 3262 22 21 G
268 3263 18 22 E
297 3264 50 22 NC
357 3264 12 22 I
380 3265 18 21 E
408 3266 94 22 S.-TO
525 3267 101 23 LAND-

45 3281 45 22 JLi
116 3284 178 27 HOLDERS.—
293 3290 48 22 The
360 3292 157 28 Undersigned
535 3294 44 28 beg
602 3299 23 18 to

45 3312 51 17 oner
104 3312 130 25 themselves
243 3318 22 19 to
274 3316 59 23 their
340 3318 86 22 friends
436 3319 46 23 and
495 3320 39 22 the
550 3321 75 26 public

45 3339 22 15 as
77 3338 80 24 Agents
166 3340 35 21 for
210 3341 37 22 the
257 3342 95 28 disposal
360 3345 27 21 of
392 3345 70 23 Town
471 3347 46 21 and
524 3347 101 28 Country

115 3372 31 29 'l
145 3366 30 21 ni
183 3370 58 19 trust
250 3368 57 23 their
317 3378 11 14 c
330 3372 82 22 °lo»ial
424 3374 133 27 experience
572 3382 53 19 may

44 3391 72 19 entitle
125 3391 59 23 them
194 3396 23 19 to
227 3401 14 15 a
252 3395 64 23 share
326 3398 27 21 of
361 3398 38 22 the
409 3399 75 27 public
491 3404 132 24 patronage,

43 3436 31 20 inf
76 3418 87 38 Ar
164 3419 16 21 11
188 3420 28 22 be
225 3420 30 23 ha
255 3429 29 21 PP
284 3430 16 15 v
308 3426 24 19 to
340 3431 94 21 arrange
448 3426 35 22 for
491 3427 46 22 and
547 3436 77 20 super-

43 3445 62 38 £?«
105 3476 2 5 .
119 3469 6 14 i
150 3471 11 12 a
170 3453 65 16 BUrve
236 3455 15 19 y
252 3456 10 14 s
268 3456 13 14 a
281 3456 16 27 U
298 3449 15 22 d
320 3451 159 23 sub-divisions
486 3454 25 21 of
518 3454 38 22 the
561 3455 62 23 land,

43 3489 22 23 in
72 3469 55 43 H
135 3478 14 26 ?
150 3471 42 22 dva
186 3499 7 13 ,
192 3480 29 15 nc
215 3481 18 30 /
235 3481 10 14 s
254 3482 27 15 WI
277 3502 7 10 ,
282 3475 17 22 U
311 3476 28 22 be
335 3503 19 9 m
355 3478 64 34 piade
429 3486 31 14 on
468 3480 66 22 lands
543 3481 81 27 placed

44 3519 21 18 to
74 3494 39 43 ii-
117 3503 10 13 rr
124 3525 9 12 f
135 3496 70 25 hands
209 3526 6 5 .
212 3500 35 22 for
254 3502 32 21 sal
284 3528 6 5 .
287 3509 12 14 c
300 3518 7 6 -
317 3528 7 9 ,
335 3503 63 23 They
405 3505 27 21 wi
433 3505 16 22 «
456 3506 47 22 also
510 3494 113 43 beLppy

44 3523 21 15 w>
74 3525 60 19 assist
142 3530 133 23 proprietors
283 3535 24 14 in
317 3528 87 29 leasing
413 3531 58 23 their
479 3533 73 23 lands.

44 3577 17 3 -
314 3562 63 22 John
387 3564 45 21 and
442 3565 58 23 Geo.
511 3567 81 23 Wade.

38 3601 252 76 TWanganui
304 3607 78 20 Land
395 3608 123 28 Agency.

91 3630 21 23 R
105 3632 30 41 J
157 3636 150 28 undersigned
335 3638 83 29 having
443 3643 90 23 resided
558 3652 62 15 some

44 3681 21 16 to
74 3688 19 9 m
105 3665 20 32 f
126 3667 38 30 °?-
205 3666 29 31 *&
243 3664 134 28 Wanganui,
396 3666 40 22 has
450 3667 57 23 been
525 3672 95 22 enabled

44 3688 64 36 fo,^?
108 3684 26 23 ke
142 3686 15 38 *?
158 3694 29 15 lm
190 3695 9 25 ?
201 3689 33 22 elf
244 3697 33 15 ac<
277 3692 102 26 l«ainted
389 3693 52 22 with
455 3694 36 22 the
509 3696 50 22 best
568 3698 52 22 sites

44 3713 47 38 wiri!
125 3719 23 15 se
147 3713 26 33 K
171 3718 58 19 ctlon
239 3716 26 22 of
270 3721 96 24 country
374 3718 70 29 lands,
456 3721 44 21 and
509 3722 111 24 therefore

44 3738 47 18 with
105 3739 125 25 confidence
240 3744 88 22 tenders
338 3744 35 23 his
382 3746 95 22 services
488 3751 23 18 to
521 3751 100 24 proprie-

43 3765 47 21 tors,
107 3770 21 15 as
143 3772 28 15 an
186 3768 77 26 Agent
276 3770 34 22 for
326 3770 38 23 the
380 3772 112 22 selection,
504 3775 53 26 sale,
569 3783 51 18 pur-

44 3787 59 22 chase
120 3791 43 23 and
172 3792 85 30 leasing
265 3801 105 24 property
379 3798 24 24 in
413 3798 49 22 that
471 3800 92 23 district.

69 3819 79 20 setters
157 3819 33 22 for
200 3820 37 23 the
247 3822 124 24 subscriber
384 3827 23 19 to
420 3825 28 22 be
462 3826 120 24 addressed
596 3833 23 18 to

42 3838 36 22 the
87 3847 11 14 c
100 3848 33 16 are
143 3851 13 15 O
156 3845 12 21 f
178 3846 90 25 Messrs>
279 3849 78 27 Wadfij
368 3850 42 23 We
410 3851 7 22 i
419 3851 69 28 lingto
518 3836 64 14 esseQ
596 3836 23 15 t0

276 3881 31 24 H.
326 3883 118 29 Churton,
457 3885 132 29 Wanganui.

780 611 91 22 Union
884 613 80 21 Bank
978 614 31 21 of
1024 615 149 22 Australia.

686 644 95 22 London
798 645 90 27 Office,
905 645 44 23 No.
963 648 37 25 3S,
1018 647 49 22 Old
1084 648 183 23 Broad-street.

739 678 93 28 Capital,
843 678 120 28 £800,000;
984 680 51 28 paid
1043 688 38 21 up,
1095 682 119 27 £500,000.

917 717 109 14 DIRECTORS
1031 719 5 12 ;

791 739 67 21 George
864 739 38 17 Fife
909 740 67 21 Angas,
986 741 46 21 Esq.,

791 759 66 17 Robert
863 760 74 20 Brooks,
947 762 49 19 Esq.,

790 781 61 16 James
858 781 46 16 John
912 781 100 21 Cummins,
1020 783 48 20 Esq.,

791 800 66 18 Robert
864 802 95 20 Gardener,
972 803 47 20 Esq.,
1031 803 122 22 Manchester,

791 822 45 16 John
846 822 44 16 Gore
906 823 48 19 Esq.,

790 842 46 16 John
845 842 77 17 William
930 843 75 19 Buckle,
1011 843 47 22 Esq.,

790 862 93 20 Benjamin
890 863 21 16 E.
918 863 33 17 Lin
954 864 27 18 do,
990 865 47 19 Esq.,

791 883 70 16 Charles
871 884 74 16 Edward
951 884 87 21 Mangles,
1048 885 47 21 Esq.,

790 903 112 21 Christopher
910 905 83 19 Rawson,
1002 905 46 21 Esq.,
1061 906 81 20 Halifax,

789 924 76 16 Thomas
873 925 63 19 Sands,
945 926 48 19 Esq.,
1001 926 99 20 Liverpool,

789 945 61 15 James
856 945 55 20 Bogle
918 945 65 19 Smith,
989 946 47 20 Esq.,

789 965 60 16 James
857 965 78 16 Ituddell
941 966 56 19 Todd,
1006 967 41 20 Esq.

683 990 85 17 Trustees
773 997 5 11 :
794 992 79 16 George
885 992 55 17 Carr
952 993 61 19 Glyn,
1025 994 47 20 Esq.,
1084 995 53 16 John
1148 995 61 21 Gore,
1219 996 48 21 Esq.,

829 1013 35 15 and
871 1013 66 16 James
944 1014 17 16 J.
968 1014 100 20 Cummins,
1078 1015 42 21 Esq.

710 1038 81 17 Bankers
796 1044 4 12 :
812 1039 73 17 Messrs.
893 1040 59 20 Glyn,
965 1040 114 21 Hallifax,
1087 1042 71 20 Mills,
1166 1044 36 16 and
1209 1044 32 16 Co.

801 1067 99 20 Secretary:
912 1068 84 17 Samuel
1003 1069 92 20 Jackson,
1104 1071 43 20 Esq.

773 1094 78 17 Colonial
858 1094 93 21 Inspector
955 1101 5 11 :
972 1096 18 16 J.
997 1096 19 17 C.
1022 1096 103 21 M'Laren,
1133 1098 44 21 Esq.

802 1142 69 20 New
888 1143 124 21 Zealand
1028 1144 116 22 Branch.

681 1173 53 17 Local
742 1174 89 18 Directors
837 1180 5 12 :
857 1176 46 16 Geo.
915 1176 18 16 S.
944 1176 73 19 Evaks,
1029 1178 48 21 Esq.,
1089 1178 70 21 D.C.L.,
1172 1180 36 17 and
1219 1180 47 17 Geo.

900 1197 92 20 Hunter,
1004 1199 42 20 Esq.

681 1221 96 22 Manager:
789 1223 47 16 John
844 1223 70 20 Smith,
923 1224 47 20 Esq.,
980 1225 36 16 late
1022 1225 21 16 of
1050 1226 32 16 the
1089 1227 117 17 Commercial
1213 1227 53 17 Bank

848 1244 19 16 of
876 1244 88 21 England,
977 1246 120 17 Manchester.

791 1271 111 23 Branches
911 1275 25 19 at
950 1273 97 28 Sydney,

950 1294 89 28 lfobart
1046 1301 77 28 Town,

951 1326 148 29 launceston,
1111 1328 46 22 and

950 1352 11 22 I
970 1356 35 18 ort
1015 1354 78 27 Philip.

679 1376 54 23 Port
742 1377 129 29 Nicholson,
881 1378 80 23 March
971 1381 35 26 24,
1017 1381 61 21 1840.

679 1430 91 49 THE
787 1431 112 22 Directors
915 1432 27 21 of
956 1432 40 22 the
1013 1433 55 22 New
1085 1434 99 23 Zealand
1198 1436 66 22 Land

753 1458 114 27 Company
881 1458 83 28 hereby
982 1460 49 26 give
1048 1461 80 27 notice,
1147 1462 48 22 that
1210 1463 52 28 they

677 1482 57 23 have
741 1491 112 16 EFFECTED
862 1493 30 13 AN
902 1493 171 15 ARRANGEMENT
1082 1488 52 21 with
1142 1488 37 22 the
1187 1489 73 22 Union

676 1509 65 22 Bank
756 1511 26 21 of
797 1511 118 27 Australia,
933 1512 44 22 No.
994 1515 33 25 38,
1042 1514 44 21 Old
1102 1515 158 27 Broad-street,

676 1536 102 28 London,
789 1538 34 21 for
831 1538 38 21 the
881 1539 168 23 establishment
1063 1541 25 21 of
1101 1548 13 14 a
1131 1541 130 24 BRANCH

676 1562 89 23 BANK
779 1564 34 21 IN
827 1564 71 22 NEW
912 1565 158 29 ZEALAND,
1083 1568 96 27 through
1190 1569 71 22 which

675 1589 37 22 the
721 1590 102 23 business
835 1591 26 22 of
873 1591 38 22 the
928 1592 58 23 New
1001 1593 99 23 Zealand
1113 1594 66 23 Land
1196 1596 65 22 Com-

674 1623 61 20 pany
744 1617 45 22 will
797 1618 28 21 be
834 1619 132 22 transacted.
996 1620 47 21 The
1057 1621 115 22 Directors
1188 1622 72 22 there-

674 1643 47 21 fore
731 1644 143 22 recommend
882 1649 23 18 to
922 1646 110 22 Colonists
1048 1647 38 21 the
1103 1648 76 22 Union
1196 1649 64 22 Bank

674 1670 28 20 of
718 1670 113 22 Australia
850 1679 22 14 as
890 1679 28 14 an
945 1673 168 22 establishment
1135 1676 125 27 possessing

674 1696 58 21 their
748 1697 69 22 entire
839 1698 136 28 confidence,
996 1700 44 22 and
1059 1701 49 21 able
1128 1705 22 17 to
1168 1702 92 29 provide

673 1722 126 29 effectually
813 1724 36 22 for
863 1724 37 23 the
914 1725 106 23 financial
1034 1730 71 18 wants
1121 1728 27 21 of
1159 1729 37 21 the
1212 1729 48 21 first

673 1749 133 24 settlement.

839 1777 35 28 By
883 1778 66 21 order
958 1779 28 21 of
994 1779 37 22 the
1041 1780 80 28 Board,

672 1832 23 12 Vt
740 1837 18 7 „
915 1812 86 22 JOHN
1016 1813 102 28 WARD,
1135 1815 122 29 Secretary.

672 1838 57 20 New
738 1838 99 22 Zealand
848 1838 63 22 Land
920 1839 134 28 Company's
1065 1841 78 28 Office,

700 1865 19 22 1.
730 1863 157 28 Adam-street,
899 1865 106 28 Adclphi,
1015 1866 52 23 2*lll
1076 1868 69 26 Aug.,
1156 1870 61 20 1839.

671 1907 162 27 Prospectus
841 1909 29 20 of
877 1910 44 19 the
954 1911 68 19 New
1027 1912 122 21 Zealand
1156 1913 102 22 Herald

779 1935 54 20 and
843 1936 146 21 Auckland

672 1965 30 22 To
712 1966 23 21 be
739 1968 111 24 published
859 1974 58 19 every
928 1969 115 26 Saturday,
1056 1973 25 17 at
1093 1971 118 26 Auckland,
1223 1973 36 21 the

737 1995 82 25 Capital
828 1995 27 25 of
864 1995 35 20 the
910 1996 76 26 Colony
995 1997 27 25 of
1031 1998 53 20 New
1093 1999 99 22 Zealand.

670 2028 50 48 A
735 2028 151 22 COMPANY
902 2029 41 22 has
958 2030 58 22 been
1030 2031 86 22 formed
1132 2034 71 21 under
1219 2034 37 22 the

749 2055 54 27 style
821 2056 22 20 of
860 2055 37 22 the
913 2063 121 16 Auckland
1050 2065 143 22 newspaper,
1210 2069 45 14 and

669 2087 111 16 printing
796 2089 106 14 company
909 2090 5 19 ;
937 2083 28 21 its
982 2084 47 21 first
1045 2085 73 27 object
1133 2086 73 28 being,
1219 2087 36 23 the

669 2108 165 21 establishment
852 2109 26 21 of
894 2116 13 14 a
924 2109 143 29 Newspaper,
1084 2112 44 21 and
1147 2113 110 29 affording

669 2140 68 21 every
751 2142 116 20 necessary
881 2135 45 22 and
941 2137 74 22 useful
1026 2138 151 28 information,
1195 2148 60 19 upon

669 2159 29 23 all
713 2161 71 27 topics
798 2163 123 21 connected
937 2163 54 22 with
1007 2164 36 22 the
1062 2165 85 28 Colony
1164 2166 25 22 of
1199 2168 55 22 New

668 2187 108 22 Zealand.

694 2220 48 22 The
752 2221 134 29 Newspaper
895 2222 44 22 will
954 2223 30 21 be
994 2224 118 27 published
1127 2227 94 28 weekly,
1233 2230 22 20 at

668 2246 127 28 Auckland,
805 2249 45 21 and
860 2249 42 21 will
913 2250 27 21 be
954 2250 125 23 conducted
1089 2253 95 28 entirely
1194 2262 59 19 upon

666 2273 153 28 independent
834 2276 129 27 principles;
965 2288 28 5 —
994 2281 23 18 to
1025 2278 27 22 be
1068 2278 96 23 devoted
1180 2283 22 19 to
1217 2281 36 22 the

667 2300 170 28 disseminating
846 2302 26 21 of
882 2302 29 22 all
921 2310 62 15 news
991 2305 104 27 affecting
1104 2306 38 22 the
1151 2307 102 23 interests

667 2327 26 21 of
704 2327 37 22 the
752 2328 91 28 Colony,
854 2329 43 21 and
907 2330 110 22 residents
1026 2331 23 21 in
1060 2332 56 22 New
1126 2333 100 23 Zealand
1226 2346 28 4 —

667 2356 22 18 to
706 2354 84 31 uphold
804 2355 37 22 the
855 2356 41 21 law
897 2367 28 4 —
926 2361 91 23 support
1032 2359 47 21 and
1094 2359 100 23 advance
1215 2361 38 22 the

665 2380 106 27 religions
780 2382 44 21 and
833 2383 70 21 moral
913 2383 114 23 character
1037 2385 27 21 of
1073 2386 92 27 society,
1176 2388 44 21 and
1229 2389 24 21 in

666 2413 66 26 every
743 2411 85 24 respect
843 2408 62 28 have,
918 2417 24 15 as
951 2418 43 15 one
1010 2411 26 22 of
1045 2412 28 21 its
1088 2412 63 22 chief
1162 2414 90 29 objects,

666 2434 38 21 the
718 2439 163 23 improvement
894 2437 45 21 and
956 2437 134 24 civilization
1106 2440 27 21 of
1148 2440 38 22 the
1201 2441 52 22 abo-

665 2460 80 26 riginal
760 2462 135 27 population.
934 2463 22 22 It
972 2463 57 23 shall
1049 2467 91 21 contain
1155 2474 30 15 no
1201 2469 52 21 mis-

665 2488 181 28 representation,
871 2491 163 27 exaggeration,
1055 2500 26 14 or
1099 2493 83 28 abuse;
1207 2496 46 21 and

666 2521 50 14 care
726 2514 57 23 shall
792 2516 26 21 be
828 2516 65 21 taken
905 2520 23 18 to
939 2517 66 22 avoid
1013 2526 44 20 any
1067 2520 111 27 approach
1188 2524 22 19 to
1220 2523 33 21 of-

665 2540 86 23 fensive
761 2542 157 26 personalities.
947 2544 23 21 It
980 2544 42 22 will
1032 2545 28 21 be
1071 2553 14 14 a
1094 2554 69 19 paper
1171 2547 34 23 for
1215 2549 36 22 the

664 2567 136 27 publication
810 2569 26 22 of
846 2569 29 22 all
885 2570 184 24 advertisements
1084 2573 35 21 for
1135 2574 75 27 public
1219 2575 34 22 in-

664 2594 127 28 formation,
792 2606 28 5 —
820 2596 24 22 in
857 2596 46 22 fact
919 2604 14 14 a
954 2597 160 29 Commercial,
1130 2601 118 28 Shipping,

664 2620 189 30 Agricultural,
864 2623 43 21 and
918 2624 111 22 General
1041 2625 150 24 Newspaper.

691 2648 65 22 Price
766 2650 26 20 of
803 2649 36 22 the
855 2657 75 20 paper,
942 2653 37 19 ten
996 2651 100 28 shillings
1114 2660 40 21 per
1164 2658 88 23 quarter

663 2674 95 27 payable
768 2676 23 21 in
806 2676 106 28 advance,
925 2684 25 15 or
966 2685 43 15 one
1025 2678 91 29 shilling
1130 2681 36 21 for
1181 2681 70 27 single

664 2701 113 23 numbers.

690 2728 197 28 Advertisements,
898 2729 39 23 the
944 2738 62 16 same
1017 2739 22 15 as
1049 2732 23 23 in
1088 2733 38 22 the
1135 2735 53 21 New
1198 2737 52 20 Zea-

662 2755 50 20 land
723 2756 92 21 Gazette.

689 2808 86 21 Parties
791 2808 97 27 desiring
904 2812 22 19 to
944 2810 91 23 become
1051 2813 143 29 subscribers,
1212 2824 37 15 are

661 2835 117 26 requested
789 2838 22 19 to
827 2836 54 21 send
891 2836 23 22 in
930 2836 60 23 their
998 2845 76 16 names
1088 2840 153 29 immediately

662 2862 23 19 to
695 2860 37 22 the
743 2861 62 22 office
815 2862 27 21 of
852 2862 42 22 this
904 2869 76 21 paper.

688 2886 144 28 Wellington,
844 2888 52 28 July
905 2891 34 25 28,
952 2891 61 21 1841.

661 2931 147 28 Township
824 2932 30 22 of
870 2933 151 28 Aglionby,
1042 2942 37 16 on
1098 2938 46 22 the
1158 2939 89 22 banks

815 2959 31 21 of
860 2960 46 21 the
922 2961 83 22 River
1019 2963 77 22 Hutt.

660 2991 118 47 LAND
801 2992 40 21 TO
864 2993 39 22 BE
932 2994 59 22 LET
1019 2996 43 21 ON
1090 2997 156 25 BUILDING

737 3020 114 21 LEASES
865 3027 23 14 in
904 3020 38 22 the
957 3022 123 28 secondary
1096 3025 110 28 township
1222 3034 25 14 or

660 3046 81 25 village
752 3046 26 21 of
789 3046 118 27 Aglionby,
920 3054 27 15 on
959 3047 39 22 the
1008 3048 90 24 borders
1106 3051 26 21 of
1143 3052 37 22 the
1188 3053 59 21 river

660 3071 66 26 Hutt,
738 3078 30 15 on
778 3071 48 22 that
834 3073 84 22 section
933 3074 27 21 of
972 3074 60 28 land,
1050 3076 36 22 the
1102 3082 106 23 property
1223 3080 26 22 of

660 3098 29 20 D.
707 3098 122 26 Riddiford,
848 3099 58 27 Esq.,
921 3100 95 23 marked
1030 3102 23 22 in
1071 3103 37 22 the
1124 3105 122 27 Surveyor-

660 3123 117 23 General's
787 3133 50 19 map
847 3126 43 21 No.
902 3126 32 26 17,
949 3128 45 21 and
1010 3128 83 24 chosen
1109 3131 72 23 under
1196 3140 49 18 pre-

658 3150 107 29 liminary
773 3151 127 23 land-order
911 3153 43 22 No.
964 3155 22 21 5.

686 3183 23 22 A
718 3184 86 26 portion
816 3185 26 21 of
853 3185 42 22 this
910 3190 58 18 most
985 3187 102 24 valuable
1104 3191 85 22 section
1204 3192 41 22 has

657 3210 58 21 been
725 3210 46 22 laid
780 3215 38 18 out
828 3219 24 14 as
861 3219 13 14 a
886 3213 110 28 township
1011 3215 28 27 by
1053 3216 29 21 R.
1099 3216 66 28 Park,
1181 3219 53 24 Esq.

658 3243 114 21 surveyor,
789 3238 22 21 in
827 3238 129 24 allotments
972 3239 24 23 of
1015 3248 42 16 one
1072 3247 92 23 quarter
1177 3246 26 21 of
1213 3253 30 14 an

657 3269 52 16 acre
723 3264 61 26 each,
799 3265 53 21 with
866 3266 73 27 ample
954 3274 99 16 reserves
1068 3269 35 22 for
1114 3278 15 14 a
1146 3271 95 28 Church,

657 3291 171 27 Market-place,
848 3292 44 22 and
910 3292 64 23 other
996 3302 107 19 purposes
1121 3297 28 22 of
1168 3297 74 24 public

658 3316 82 28 utility.
1168 3315 13 11 r

684 3350 48 22 The
740 3351 87 25 portion
838 3352 26 21 of
873 3351 54 23 land
938 3360 51 16 now
998 3354 83 23 offered
1090 3359 23 19 to
1123 3358 38 22 the
1167 3359 74 27 public

655 3377 70 22 forms
734 3377 38 22 the
782 3382 74 18 centre
865 3379 27 22 of
902 3379 59 22 what
970 3387 45 16 was
1024 3382 119 30 originally
1149 3384 46 23 laid
1202 3389 39 19 out

655 3403 31 27 by
704 3404 93 27 Captain
812 3405 70 22 Smith
898 3413 24 14 as
942 3406 38 22 the
997 3408 92 29 Capital,
1106 3410 77 24 before
1202 3412 38 22 the

655 3431 99 22 removal
765 3434 22 19 to
803 3431 224 26 Lambton-harbour.
1056 3436 23 21 It
1094 3437 19 22 is
1130 3438 38 22 the
1182 3438 59 23 head

655 3457 26 21 of
691 3457 39 22 the
738 3458 53 22 boat
805 3459 128 27 navigation
947 3460 27 21 of
991 3461 36 22 the
1044 3462 69 23 River
1128 3464 70 28 Hut;
1220 3466 20 21 is

653 3483 93 26 pointed
756 3488 38 18 out
803 3485 29 26 by
838 3485 85 23 Nature
931 3493 24 16 as
965 3487 38 22 the
1012 3488 56 22 local
1079 3490 82 27 capital
1170 3492 26 21 of
1202 3492 37 22 the

653 3509 67 23 finest
738 3511 141 27 agricultural
897 3513 92 22 district,
1009 3514 21 23 in
1053 3516 38 22 the
1107 3517 94 29 vicinity
1216 3519 30 21 of'

655 3536 54 22 Port
717 3537 130 28 Nicholson,
862 3546 30 15 on
904 3539 73 23 which
987 3548 14 14 a
1010 3541 60 28 large
1079 3544 130 27 population
1219 3545 27 22 is*

651 3563 89 28 rapidly
749 3566 167 27 concentrating
931 3566 73 28 itself;
1024 3569 46 22 and
1085 3570 19 21 is
1119 3563 127 34 accessible

651 3591 60 21 from
719 3591 39 22 the
768 3594 58 19 town
836 3593 26 20 of
872 3592 144 28 Wellington,
1031 3595 71 23 either
1116 3597 31 27 by
1162 3600 84 20 wate*/

651 3624 27 14 or
686 3617 30 27 by
726 3625 77 15 means
813 3619 26 21 of
853 3619 37 22 the
903 3620 55 21 road
973 3620 72 23 which
1061 3622 20 21 is
1094 3629 52 16 now
1154 3625 5 6 J
1159 3619 81 27 near&

651 3643 127 27 completed
787 3647 23 19 at
819 3645 37 22 the
867 3652 100 21 expence
977 3648 28 21 of
1015 3648 37 22 the
1065 3648 56 23 New
1137 3649 108 25 Zealand

651 3669 124 29 Company.
1201 3687 6 11 x
1204 3674 41 28 /^

679 3702 23 21 It
710 3702 19 22 is
738 3704 101 22 needless
849 3707 22 19 to
880 3706 64 26 point
957 3709 41 19 out
1013 3707 37 22 the
1064 3698 177 38 advantages^

650 3728 39 21 the
699 3729 111 28 situation,
822 3731 70 22 either
899 3732 36 21 for
941 3732 137 23 investment
1085 3741 24 15 or
1116 3735 35 21 for
1157 3736 79 22 imme-

650 3754 61 22 diate
730 3756 137 27 occupation,
885 3765 24 14 as
925 3758 55 27 they
996 3767 36 14 are
1048 3760 49 22 well
1113 3760 82 24 known
1213 3765 23 19 to

650 3787 69 21 every
728 3782 98 21 resident
834 3786 24 19 at
867 3783 52 22 Port
928 3784 131 23 Nicholson.

678 3813 67 22 Plans
754 3821 51 20 may
814 3815 29 21 be
857 3822 61 21 seen,
936 3817 46 22 and
995 3819 131 24 particulars
1142 3819 93 24 learned

650 3845 29 15 on
690 3840 133 26 application
838 3844 22 18 to
876 3842 29 22 D.
922 3843 123 27 Riddiford,
1060 3845 53 27 Esq.
1120 3853 6 19 ;
1149 3847 86 22 Robert

650 3865 64 27 Park,
730 3866 60 28 Esq.,
806 3874 117 21 surveyor;
946 3876 25 15 or
988 3870 29 22 G.
1033 3871 21 21 S.
1071 3871 83 28 Evans,
1172 3873 61 26 Esq.,

650 3889 91 31 D.C.L.,
753 3893 193 24 barrister-at-hiw.
