2529 3980
666 119 147 31 numerously
823 119 106 24 attended
936 127 6 20 ;
953 119 40 23 but
1004 119 131 32 previously
1143 124 23 19 to
1177 124 74 19 enter-

666 153 40 30 ing
729 160 60 23 upon
808 152 36 23 the
863 152 104 23 business
990 152 23 23 of
1037 152 38 23 the
1091 153 103 29 evening,
1215 152 36 24 the

666 186 100 28 meeting
777 192 45 16 was
832 184 121 23 addressed
964 185 30 29 by
1006 185 45 23 Dr.
1060 184 87 30 Evans,
1158 185 93 23 Colonel

666 216 136 30 Wakefield,
832 217 48 23 Mr.
905 216 139 30 Wicksteed,
1069 218 48 23 Mr.
1143 218 108 29 Murphy,

666 249 44 24 and
722 249 64 24 other
797 250 138 30 gentlemen,
947 250 63 23 when
1018 251 104 22 occasion
1131 258 43 15 was
1184 251 67 22 taken

666 287 21 18 to
701 290 94 15 censure
811 283 96 29 Captain
927 282 95 23 Hobson
1039 283 35 22 for
1093 282 37 24 the
1148 283 103 23 defence-

666 315 43 23 less
722 319 58 19 state
793 316 23 22 in
829 315 72 23 which
1029 323 25 15 so
1074 315 55 31 long
1148 315 41 23 left
1208 316 43 22 this

665 347 140 24 settlement.
841 347 52 24 The
901 348 96 30 meeting
1006 348 156 30 unanimously
1171 347 80 31 agreed

665 385 22 18 to
701 380 38 23 the
752 380 115 29 following
879 380 134 23 resolutions
1024 389 5 15 :—:
1032 393 33 4 —

732 418 141 21 Resolved,—
874 418 79 24 First,—
952 418 48 17 That
1011 420 33 17 the
1052 419 96 18 executive
1155 419 97 21 authority

663 439 68 17 vested
739 439 19 17 in
768 440 32 16 the
811 439 59 17 Police
879 439 112 22 Magistrate
999 440 85 17 ret>ident
1089 440 19 17 in
1122 440 43 18 Port
1176 440 76 18 Nichol-

665 464 41 16 son,
714 459 18 18 is
740 460 112 21 inadequate
861 461 20 16 to
889 460 32 17 the
926 462 59 15 wants
994 461 21 16 of
1021 460 32 18 the
1060 461 116 18 settlement.

727 480 101 21 e'econ.i,—
828 480 49 18 That
886 481 32 17 the
931 480 88 18 mischief
1028 481 73 22 arising
1113 482 37 16 and
1163 481 57 22 likely
1233 482 19 17 to

663 505 59 13 ensue
735 501 47 18 from
793 501 39 18 this
845 503 51 16 want
910 501 21 17 of
947 501 92 18 sufficient
1054 502 96 18 executive
1161 507 62 17 power
1235 502 17 18 is

663 522 60 21 solely
731 522 123 17 attributable
869 524 20 16 to
902 523 34 17 the
948 523 72 21 negiect
1035 523 28 17 of
1072 523 33 17 the
1118 522 134 21 Government,

663 543 66 21 placed
737 543 73 17 several
814 542 89 18 hundred
913 543 54 17 milei
979 543 74 17 distant
1060 544 49 16 from
1119 544 42 17 Port
1174 543 78 18 Nichol-

663 567 42 16 son,
712 563 33 17 the
753 563 91 22 principal
852 564 110 17 settlement
968 564 19 17 in
995 564 55 17 these
1057 564 78 17 islands.

734 583 82 21 third,—
820 584 44 17 That
879 585 66 16 unless
959 585 30 17 the
1004 585 84 19 Queens
1103 585 149 21 representative

663 604 84 21 speedily
754 604 68 23 adopts
830 609 96 13 measures
934 606 18 16 to
960 607 76 20 remedy
1042 606 40 17 this
1093 607 42 20 evil,
1148 606 16 17 it
1172 606 41 17 will
1221 607 30 16 be-

663 630 53 12 come
725 630 99 14 necessary
839 625 29 17 for
880 627 33 16 her
931 625 98 22 Majesty's
1044 627 77 17 laith.'ul
1133 627 85 21 subjects
1232 628 19 16 to

663 646 89 20 organize
759 646 32 18 the
802 651 65 12 means
875 647 21 17 of
906 646 105 25 protection
1024 647 76 22 against
1112 647 108 18 disturbers
1232 647 20 18 of

663 667 33 17 the
703 666 64 21 public
779 672 57 16 peace
846 667 39 17 and
897 667 34 18 the
940 669 105 20 opponents
1058 668 21 17 of
1095 668 70 18 British
1173 668 34 17 law
1215 668 37 18 and

663 687 104 21 authority,
774 688 63 18 which
846 687 17 18 is
872 689 101 20 presumed
978 690 19 16 to
1009 689 25 18 ba
1046 688 115 19 established
1173 689 20 17 in
1206 689 46 17 New

663 708 90 16 Zealand.

697 740 67 22 After
786 740 63 22 these
872 740 135 22 resolutions
1027 748 57 15 were
1103 740 104 31 disposed
1220 740 29 27 of,

665 773 47 22 Mr.
729 772 96 23 Hanson
839 780 27 15 on
877 773 36 22 the
922 773 76 22 behalf
1007 773 27 23 of
1043 781 42 15 one
1098 774 24 23 of
1132 774 36 22 the
1181 773 68 23 Com-

663 806 98 27 mittees,
775 806 45 22 and
832 805 48 23 Mr.
894 806 72 22 Wade
974 813 28 15 on
1011 806 78 23 behalf
1099 807 23 23 of
1133 806 37 23 the
1178 806 71 28 other,

663 838 120 30 explained
808 839 36 22 the
862 839 147 30 proceedings
1027 838 73 23 which
1121 839 42 23 had
1182 838 67 23 taken

663 872 63 30 place
734 872 23 22 in
769 872 94 22 relation
874 876 21 18 to
907 872 37 22 the
952 871 148 31 Corporation
1110 872 54 23 Bill.
1200 872 49 22 The

663 903 115 31 following
793 904 126 23 resolution
940 911 43 16 was
1002 905 54 22 th«iii
1075 904 132 24 sanctioned
1224 912 25 15 as

663 937 22 22 in
698 936 137 23 accordance
846 936 54 23 with
913 945 13 14 a
937 936 121 23 resolution
1070 937 82 30 passed
1171 943 23 17 at
1213 938 36 22 the

663 969 50 23 first
726 969 76 30 public
814 969 99 30 meeting
926 968 71 24 which
1009 977 45 15 was
1072 969 71 24 called
1161 975 22 18 to
1195 978 54 15 con-

663 1002 59 23 sider
734 1002 46 22 this
791 1001 100 29 subject:
893 1014 34 5 —

727 1039 141 20 Rehoi/vbd,—
868 1039 49 17 That
926 1039 31 17 the
966 1039 34 18 Bill
1008 1040 92 21 prepared
1107 1041 25 21 by
1140 1041 31 17 the
1185 1041 64 17 united

662 1060 121 17 committees
791 1060 23 17 lie
822 1061 19 16 at
855 1060 33 17 the
905 1060 75 22 Library
995 1061 39 17 and
1046 1061 94 20 Museum,
1152 1062 29 17 for
1188 1061 61 22 public

662 1081 114 21 inspection,
785 1081 48 17 until
842 1081 90 21 Monday,
941 1081 30 17 the
980 1082 43 17 16th
1035 1082 56 20 inst.,
1104 1083 37 17 and
1155 1083 41 17 that
1211 1083 38 17 thia

663 1102 82 21 meeting
745 1107 3 3 1
753 1102 24 17 be
785 1102 104 21 adjourned
896 1102 31 17 till
934 1102 42 17 that
983 1103 81 20 evening
1070 1105 21 14 at
1098 1104 9 17 7
1115 1104 81 17 o'clock.

700 1131 52 23 The
759 1132 99 29 meeting
863 1140 47 15 was
919 1140 52 22 very
983 1134 145 29 numerously
1137 1133 112 28 attended,

663 1164 43 23 and
719 1164 122 31 proceeded
854 1164 54 24 with
919 1170 62 25 great
999 1166 134 31 unanimity.
1169 1166 24 23 It
1206 1166 43 23 will

662 1198 27 22 be
702 1205 53 15 seen
767 1197 31 31 by
811 1197 36 23 the
860 1198 121 23 resolution
995 1199 50 23 that
1056 1199 38 23 the
1114 1199 51 23 final
1178 1204 71 18 meet-

663 1231 39 30 ing
726 1230 44 23 will
793 1230 52 23 take
867 1231 63 29 place
952 1235 22 19 at
995 1232 37 22 the
1056 1240 61 15 same
1141 1232 60 23 hotel
1221 1240 28 15 on

666 1263 110 30 Monday,
790 1263 37 23 the
841 1264 56 23 16th
910 1263 26 23 of
948 1265 101 30 August,
1057 1265 71 23 which
1149 1273 32 15 we
1192 1265 57 30 hope

663 1296 44 23 will
719 1297 28 22 be
759 1304 25 15 as
797 1296 48 23 well
858 1296 105 24 attended
974 1305 25 15 as
1011 1297 38 24 the
1063 1298 64 23 other
1139 1298 110 31 meetings

663 1329 57 22 have
733 1329 24 22 of
772 1330 44 21 late
830 1329 66 22 been.

787 1383 64 22 THE
867 1384 71 21 REV.
952 1385 52 20 MR.
1021 1384 113 21 DAVEY.

692 1409 83 23 Should
786 1410 44 22 this
844 1411 128 26 gentleman
990 1412 71 21 arrive
1080 1411 21 21 in
1123 1411 89 28 Sydney
1221 1413 30 26 by

665 1437 36 21 the
711 1438 140 25 Harrington,
869 1444 33 14 we
920 1444 59 15 warn
999 1438 37 21 the
1058 1438 80 27 Bishop
1155 1439 27 21 of
1193 1439 59 21 Aus-

665 1464 65 21 tralia
748 1465 87 24 against
852 1464 112 26 receiving
981 1463 54 28 him,
1061 1472 24 14 as
1111 1472 81 19 among
1214 1465 37 22 the

665 1490 92 27 charges
767 1490 28 22 he
805 1491 88 21 labours
903 1491 70 21 under
982 1498 37 14 are
1032 1491 96 26 illegally
1140 1493 112 25 marrying;

665 1524 98 19 persons,
774 1517 44 21 and
829 1517 138 26 embezzling
976 1517 36 21 the
1030 1518 157 26 subscriptions
1201 1519 50 25 paid

665 1544 45 20 him
722 1543 33 21 for
766 1544 37 21 the
808 1551 39 14 use
856 1543 25 21 of
888 1551 41 14 our
938 1544 108 26 Hospital.
1074 1543 47 23 The
1132 1544 119 22 Wakefield

666 1570 56 22 Club
733 1570 55 22 have
799 1570 70 22 found
878 1570 17 21 it
907 1570 54 22 their
977 1570 85 27 painful
1079 1570 54 27 duty
1148 1575 23 17 to
1188 1572 63 27 expel

666 1597 42 21 this
719 1597 116 21 candidate
846 1597 34 20 for
891 1597 52 26 holy
953 1597 82 22 orders.

694 1623 40 21 We
745 1623 56 22 have
809 1624 58 21 been
878 1623 114 28 requested
1004 1628 21 17 to
1035 1623 43 27 beg
1088 1623 61 22 those
1162 1630 90 20 persons

665 1650 50 20 who
724 1649 57 22 have
792 1649 50 27 paid
854 1650 56 22 their
927 1650 157 27 subscriptions
1101 1654 21 17 to
1141 1650 36 22 the
1196 1651 56 21 Hos-

665 1676 62 27 pital,
740 1680 21 17 to
771 1676 57 22 send
837 1677 22 21 in
870 1677 58 21 their
943 1684 82 19 names,
1042 1676 52 22 with
1111 1677 37 21 the
1162 1681 90 19 amount

666 1703 59 26 paid,
738 1707 21 17 to
770 1704 43 21 Mr.
825 1703 25 21 T.
862 1703 32 21 M.
908 1703 119 26 Partridge.

706 1984 70 22 THE
793 1984 81 22 NEW
891 1984 158 22 ZEALAND
1067 1984 141 22 DINNER.

54 124 55 25 mho
118 124 73 23 know
201 122 55 25 how
267 126 26 20 to
305 120 120 32 approach
439 120 41 25 the
491 124 145 28 representa-

54 157 51 24 tive
113 157 28 23 of
150 155 62 24 their
226 153 133 30 sovereign.

87 188 52 24 The
150 188 113 30 meeting,
272 186 77 24 which
359 193 48 16 was
416 185 42 25 the
467 189 67 20 most
544 193 93 17 numer-

56 228 43 18 ous
118 220 47 24 and
185 227 27 16 as
230 219 146 31 respectable
387 226 26 16 as
425 226 55 16 ever
496 225 48 16 was
559 218 79 24 before

56 252 127 25 witnessed
193 252 26 23 in
230 253 57 22 Port
298 251 141 24 Nicholson,
453 251 60 23 after
525 251 46 23 due
582 259 55 16 con-

56 285 134 25 sideration,
200 284 106 26 decided,
313 284 33 31 by
355 291 15 15 a
378 291 57 22 very
442 284 66 29 large
520 284 117 30 majority,

55 319 25 22 in
91 318 83 23 favour
182 317 27 23 of
218 320 43 20 not
272 315 140 31 addressing
424 315 102 31 Captain
538 315 100 25 Hobson

57 359 30 15 on
98 350 38 23 his
148 349 92 24 arrival.
275 349 50 23 The
337 352 96 27 present
444 348 99 31 feelings
555 349 27 23 of
597 348 41 24 the

56 383 133 23 settlement
214 381 103 24 towards
346 381 38 23 his
413 380 162 24 Government
599 388 38 16 are

54 415 117 24 therefore
188 421 58 24 very
266 413 103 24 evident.
418 413 24 23 If
466 414 56 29 they
544 413 30 24 be
596 417 41 20 not

54 455 64 17 more
138 446 85 24 hostile
234 446 58 24 than
308 446 70 23 when
388 453 37 15 we
444 449 48 19 met
502 449 25 19 to
539 446 98 30 petition

54 481 37 24 for
102 479 102 31 Captain
225 478 120 24 Hobson's
363 479 114 25 removal,
498 478 20 23 it
535 479 20 22 is
574 479 63 30 plain

53 513 41 23 the
111 512 136 24 confidence
261 511 27 23 of
303 511 42 23 the
365 510 94 24 settlers
477 511 45 23 has
541 515 43 19 not
600 510 35 24 in-

53 545 97 22 creased
167 544 65 23 since
247 543 59 24 then
317 543 25 23 in
354 543 36 23 his
405 543 171 24 Government.

66 594 3 4 .
86 578 77 22 There
175 584 40 16 are
225 581 49 19 two
284 576 80 30 points
385 579 24 20 to
431 576 77 23 which
526 575 19 23 it
562 576 20 23 is
595 583 41 16 our

54 611 56 28 duty
122 613 26 20 to
159 608 86 24 allude.
279 608 52 23 The
341 616 54 18 one,
407 616 31 14 an
450 616 64 16 error
522 615 35 16 we
569 609 67 22 made

52 644 24 23 in
88 642 90 30 stating
190 641 51 24 that
254 640 153 24 instructions
422 640 131 31 compelled
565 640 70 31 Capt.

55 675 100 24 Hobson
165 677 26 20 to
204 673 113 25 establish
329 673 38 23 his
376 677 52 19 seat
439 674 25 22 of
475 673 161 23 Government

52 712 25 19 at
88 707 40 24 the
139 707 110 23 Thames.
284 706 51 23 The
343 705 76 27 other,
432 714 15 15 a
458 706 87 31 charge
557 707 27 22 of
593 714 43 15 our

52 740 90 31 having
158 740 58 29 kept
233 738 63 24 back
315 737 101 31 Captain
439 738 121 24 Hobson's
572 738 64 31 reply

52 778 25 18 to
94 772 42 23 the
153 772 163 30 Magistrates,
336 771 78 23 which
426 772 117 30 appeared
557 772 25 22 in
595 779 41 15 our

54 804 138 31 Saturday's
214 812 81 23 paper,
318 804 69 23 when
411 804 19 23 it
452 804 20 23 is
496 804 103 31 thought
617 804 19 23 it

52 837 78 31 might
140 837 61 23 have
212 837 61 24 have
283 837 62 23 been
362 837 103 23 inserted
485 837 24 23 in
521 836 40 24 the
580 844 55 24 sup-

51 870 105 30 plement
164 870 26 23 of
202 869 93 31 Friday.

85 902 53 24 Not
155 903 90 31 having
265 901 102 32 Captain
386 901 122 24 Hobson's
529 902 66 31 reply
609 905 26 20 to

51 935 41 24 the
102 934 63 32 loyal
176 935 99 23 address
285 935 63 22 from
362 934 57 23 Port
430 934 140 27 Nicholson,
583 942 50 23 pre-

52 968 82 24 sented
154 968 31 29 by
198 967 100 24 Colonel
309 966 133 24 Wakefield
456 970 25 19 at
496 966 41 23 the
549 966 51 31 Bay
611 967 25 22 of

54 1001 100 24 Islands,
171 1007 36 16 we
219 999 88 31 quoted
316 999 62 23 from
389 1006 116 23 memory,
517 999 46 23 and
575 1007 25 15 as
617 999 19 22 it

52 1033 77 23 would
141 1039 87 23 appear
238 1031 160 31 erroneously.
435 1031 38 24 On
486 1032 117 23 reference
611 1035 24 19 to

52 1066 40 23 the
103 1066 75 29 reply,
191 1072 37 16 we
239 1065 50 23 find
298 1064 53 24 that
365 1063 100 30 Captain
483 1063 100 24 Hobson
595 1064 40 22 did

52 1102 42 20 not
113 1098 70 30 plead
202 1098 73 30 being
298 1097 104 31 obliged,
422 1096 32 31 by
473 1096 160 26 instructions,

53 1131 41 23 but
105 1130 55 26 had,
172 1131 24 22 in
207 1130 37 23 h:s
254 1138 54 15 own
318 1129 127 31 language,
482 1129 61 23 from
553 1137 15 15 a
579 1137 54 15 con-

52 1163 87 24 viction
151 1163 26 24 of
195 1162 40 24 the
247 1162 146 31 advantages
406 1162 26 23 of
446 1161 76 31 fixing
532 1162 41 23 the
586 1166 49 19 seat

52 1197 25 23 of
88 1196 162 23 Government
261 1195 24 23 in
298 1203 14 15 a
322 1202 66 16 more
400 1194 112 24 centrical
523 1194 110 29 position,

53 1229 45 24 and
116 1236 46 16 one
181 1229 78 22 better
278 1227 102 31 adapted
397 1227 38 23 for
454 1227 102 23 internal
570 1235 63 16 com-

233 1262 61 22 been
306 1260 39 24 led
360 1264 25 20 to
406 1260 54 30 give
472 1268 15 15 a
503 1260 132 29 preference

53 1299 24 20 to
88 1295 41 22 the
149 1302 37 15 noi
192 1294 28 23 th
232 1294 25 23 of
266 1293 48 23 this
336 1293 81 23 Island
433 1293 36 22 for
485 1292 41 23 the
544 1296 51 20 seat
612 1293 24 22 of

53 1328 39 23 the
118 1327 164 23 Government
303 1326 24 23 of
351 1326 40 24 the
412 1325 68 24 three
499 1324 94 25 Islands
613 1326 23 23 of

56 1361 59 22 New
125 1360 113 23 Zealand.

85 1393 49 23 But
146 1392 68 23 while
225 1399 37 16 we
273 1391 75 23 admit
359 1399 44 15 our
414 1398 72 18 error,
492 1398 42 15 our
541 1390 94 24 readers

53 1426 46 23 will
117 1426 99 22 observe
235 1429 26 18 to
282 1424 66 23 what
365 1423 90 24 serious
475 1423 100 30 charges
593 1431 44 15 our

54 1458 120 31 quotation
195 1464 101 24 exposes
308 1456 101 31 Captain
423 1456 108 23 Hobson.
567 1456 68 30 Capt.

54 1491 99 24 Hobson
164 1489 44 24 has
220 1493 43 20 not
273 1489 60 23 been
352 1493 25 19 at
396 1489 56 23 Port
472 1488 131 24 Nicholson
604 1501 33 4 —

54 1524 45 23 and
110 1526 43 21 not
169 1522 55 31 only
235 1523 43 22 has
291 1521 119 24 remained
431 1522 23 22 in
473 1521 128 30 ignorance
613 1521 25 23 of

54 1557 39 23 the
112 1555 91 24 merits-
214 1556 27 22 of
264 1555 42 23 the
324 1554 92 23 Middle
437 1554 47 23 and
501 1554 41 23 the
562 1554 75 22 South

54 1589 88 26 Island,
161 1589 44 22 but
224 1588 44 23 has
286 1588 32 30 by
329 1587 37 23 his
386 1589 52 21 acts
455 1587 111 23 assumed
587 1587 50 23 that

54 1622 55 30 they
134 1629 39 15 are
200 1620 124 25 valueless,
346 1619 70 24 while
441 1619 98 31 enquiry
558 1619 79 24 would

54 1655 59 23 have
124 1653 86 31 taught
219 1653 51 24 him
285 1651 52 25 that
348 1652 37 24 his
404 1652 148 30 assumption
564 1660 48 15 was
624 1660 14 16 a

54 1688 102 23 baseless
179 1686 75 23 fabric
272 1684 40 31 /of
335 1686 38 23 his
396 1692 55 17 own
472 1684 164 31 imagination.

54 1720 71 30 Upon
141 1727 30 16 an
189 1719 147 30 assumption
355 1722 110 27 contrary
484 1721 26 20 to
529 1717 41 25 the
581 1717 56 27 fact,

54 1753 68 23 while
132 1752 141 30 knowledge
285 1759 48 16 was
352 1754 25 20 at
386 1750 73 27 hand,
472 1750 31 24 he
514 1750 43 23 has
576 1751 62 23 fixed

54 1785 39 24 the
113 1785 164 24 Government
296 1783 78 24 where
395 1783 20 23 it
433 1786 88 20 cannot
532 1783 88 23 remain
630 1792 6 18 ;

54 1818 45 23 and
111 1818 25 23 in
155 1817 157 30 establishing
324 1816 37 23 his
381 1816 87 30 capital
487 1816 43 23 has
545 1817 93 22 thrown

54 1858 66 24 away
132 1858 15 16 a
155 1850 68 31 large
233 1858 54 15 sum
299 1849 26 23 of
334 1857 94 22 money,
438 1849 41 23 the
486 1850 152 28 expenditure

54 1883 26 24 of
93 1883 78 24 which
183 1883 31 23 he
225 1883 48 22 will
284 1890 59 15 soon
355 1883 60 21 have
428 1884 24 20 to
465 1881 134 24 endeavour
611 1886 25 19 to

51 1916 83 31 justify
146 1921 25 18 to
183 1916 41 24 the
243 1914 147 24 satisfaction
407 1914 27 23 of
448 1914 41 23 the
509 1914 70 24 home
596 1922 41 15 au-

54 1949 115 22 thorities.

87 1982 29 22 In
120 1981 126 25 .reference
265 1984 25 19 to
310 1979 103 31 Captain
432 1978 121 25 Hobson's
574 1978 65 31 reply

55 2020 35 16 we
101 2012 79 24 would
192 2015 70 22 state,
275 2012 59 25 first,
348 2011 52 23 that
411 2019 36 16 we
458 2011 31 23 do
496 2015 43 19 not
550 2011 69 23 belie\
626 2018 13 16 c

56 2046 18 23 it
84 2053 49 16 was
145 2044 55 24 held
210 2044 68 27 back,
298 2044 48 23 and
364 2048 57 19 next
432 2044 52 23 that
504 2051 36 16 we
561 2043 46 24 had
619 2043 19 23 it

56 2083 41 19 not
107 2079 26 23 in
145 2078 57 23 time
209 2081 24 19 to
242 2077 56 31 give
306 2077 18 23 it
332 2077 113 23 insertion
454 2077 25 23 in
491 2084 43 16 our
544 2076 93 30 supple-

56 2114 73 21 ment.
164 2111 56 23 Had
231 2118 35 15 we
278 2110 107 23 received
396 2111 20 22 it
426 2110 25 23 in
462 2109 66 26 time,
541 2117 36 15 we
588 2117 49 15 cer-

56 2144 73 31 tainly
136 2143 77 23 would
225 2143 60 23 have
296 2147 43 25 put
347 2142 18 24 it
376 2142 110 26 forward,
496 2142 45 23 and
555 2142 84 23 should

57 2176 58 25 have
127 2176 73 23 based
211 2184 30 15 on
260 2176 18 23 it
299 2175 100 24 another
414 2175 96 31 charge.
543 2174 96 24 Instead

57 2209 23 23 of
94 2209 128 31 regarding
232 2208 53 24 that
297 2208 126 24 document
441 2216 25 15 as
486 2207 153 31 exculpatory

58 2241 24 24 of
96 2241 101 30 Captain
219 2241 120 24 Hobson's
358 2241 107 26 conduct,
479 2248 36 16 we
534 2240 106 23 consider

57 2276 29 22 its
97 2279 54 19 tone
163 2274 84 31 highly
258 2274 146 23 censurable.
441 2274 22 23 It
476 2280 76 17 seems
562 2277 24 20 to
593 2273 44 23 im-

56 2308 36 31 ply
105 2309 48 22 that
165 2308 38 23 the
216 2308 89 23 settlers
318 2307 56 23 have
382 2306 104 24 behaved
494 2306 32 27 ill,
537 2307 44 22 and
592 2306 47 23 that

59 2341 93 30 Captain
174 2341 96 24 Hobson
287 2340 45 23 will
349 2344 39 19 not
406 2340 164 23 communicate
586 2338 52 24 with

56 2375 59 23 them
126 2374 56 23 until
190 2373 53 32 they
252 2373 56 23 have
317 2373 175 30 acknowledged
501 2372 58 23 their
570 2380 67 19 error,

56 2407 28 31 by
95 2407 94 31 making
200 2415 62 16 some
273 2406 107 29 advance,
400 2406 72 23 which
484 2405 114 23 doubtless
611 2413 27 15 an

57 2439 89 24 address
168 2440 25 23 of
219 2441 82 22 almost
324 2447 44 23 any
386 2439 117 23 character
521 2438 72 23 would
611 2438 28 23 be

57 2473 97 24 deemed.
191 2472 23 24 It
226 2481 45 15 was
284 2473 57 22 from
353 2480 14 15 a
377 2472 49 23 fear
439 2472 48 23 that
501 2479 27 16 an
548 2471 90 24 address

56 2506 71 30 might
138 2507 26 22 be
176 2507 56 23 used
244 2511 22 18 to
285 2514 41 14 our
345 2505 160 31 disadvantage
526 2509 23 19 at
565 2504 73 28 home,

57 2539 47 23 that
115 2540 36 23 the
164 2544 125 26 opponents
301 2546 59 16 were
376 2547 25 14 so
414 2539 96 22 anxious
522 2537 49 24 that
582 2545 57 16 none

58 2572 77 24 should
147 2573 26 23 be
185 2572 128 31 presented.
351 2572 51 22 The
416 2579 61 16 mere
496 2572 45 22 fact
560 2571 25 23 of
602 2579 37 14 re-

58 2606 85 30 ceiving
153 2613 29 16 an
194 2606 92 23 address
299 2613 29 15 on
346 2605 35 22 his
401 2604 90 28 arrival,
509 2603 129 24 sanctioned

58 2637 27 31 by
106 2647 15 15 a
143 2639 61 30 large
222 2639 105 30 majority
345 2638 25 23 of
393 2638 39 23 the
449 2637 98 29 settlers,
568 2637 72 23 would

58 2671 111 24 doubtless
181 2672 56 23 have
249 2672 57 23 been
319 2671 55 23 used
385 2675 24 19 at
420 2671 66 23 home
498 2678 24 15 as
535 2670 104 23 evidence

58 2704 24 22 of
101 2704 58 24 their
176 2705 86 30 having
284 2704 111 24 retracted
418 2704 57 23 their
494 2704 101 31 opinions
618 2702 23 24 of

59 2737 92 29 Captain
166 2738 116 23 Hobson's
295 2737 105 23 conduct.

89 2780 50 24 The
150 2781 57 23 dead
218 2782 58 30 body
291 2780 24 23 of
331 2789 13 14 a
357 2781 76 22 native
444 2788 47 15 was
510 2779 130 24 discovered

58 2812 27 32 by
96 2818 43 19 two
150 2814 136 31 Europeans
297 2820 28 16 on
338 2813 34 23 Te
379 2813 50 23 Aro
440 2813 60 28 Flat,
513 2820 29 15 on
550 2813 89 23 Thurs-

59 2846 39 31 day
110 2847 52 23 last.
204 2846 56 24 Two
276 2846 96 23 medical
383 2846 137 30 gentlemen,
537 2846 56 22 after
612 2852 28 15 an

60 2880 149 23 examination
225 2880 26 22 of
266 2879 37 23 the
320 2878 66 31 body,
400 2878 122 31 expressed
539 2878 20 22 it
573 2882 22 18 to
612 2878 28 22 be

59 2911 55 24 their
124 2913 93 31 opinion
228 2912 50 23 that
294 2911 67 24 death
373 2911 45 23 had
434 2911 57 23 been
510 2910 130 23 occasioned

58 2944 27 31 by
94 2946 120 31 apoplexy.
249 2945 51 23 The
312 2944 60 31 body
385 2951 47 16 was
445 2943 105 24 removed
563 2944 28 29 by
603 2943 37 23 the

59 2979 83 22 natives
150 2984 23 18 to
187 2978 32 24 Xi
232 2979 82 22 Warra
322 2977 91 28 Warra,
426 2977 44 23 and
482 2976 38 24 the
531 2976 80 31 people
619 2975 23 24 of

61 3010 34 24 the
106 3012 44 30 pah
160 3012 63 24 there
234 3011 46 24 had
292 3010 131 24 authorized
436 3010 47 24 Mr.
498 3009 101 32 Murphy
618 3013 22 19 to

61 3041 52 26 have
125 3045 37 22 the
172 3045 61 31 body
247 3045 87 31 opened
353 3049 21 18 to
394 3043 79 23 enable
492 3043 38 23 the
546 3041 94 25 medical

62 3078 124 28 gentlemen
209 3083 21 19 to
253 3079 52 30 give
329 3077 57 23 their
411 3077 90 30 opinion
529 3076 77 23 before
628 3083 14 14 a

63 3111 108 23 coroner's
179 3111 99 31 inquest.
303 3110 59 24 This
370 3117 46 16 was
426 3110 68 23 about
504 3114 22 18 to
536 3109 30 23 be
576 3108 63 27 done,

61 3142 61 24 when
138 3143 118 32 Warepori
273 3143 112 32 appeared
404 3143 43 23 and
466 3141 121 25 addressed
606 3142 34 22 his

61 3174 69 25 fellow
145 3182 154 26 countrymen,
313 3177 168 29 endeavouring
497 3180 22 18 to
531 3175 109 31 persuade

62 3207 58 25 them
131 3209 48 24 that
190 3210 36 23 the
239 3210 57 23 dead
311 3217 54 16 man
380 3208 46 24 had
445 3209 60 23 been
522 3207 119 24 murdered

61 3238 28 32 by
99 3241 38 24 the
147 3242 67 24 white
228 3243 89 31 people.
353 3243 59 23 This
428 3241 37 24 led
484 3245 23 19 to
524 3245 64 26 great
600 3248 41 16 ex-

62 3273 107 31 citement,
182 3276 43 24 and
237 3276 144 31 expressions
393 3280 23 19 to
429 3275 37 23 the
479 3274 73 28 effect,
565 3281 27 16 on
603 3273 37 24 the

61 3311 48 25 part
131 3308 24 23 of
169 3308 39 24 the
230 3310 95 27 natives,
343 3309 49 23 that
415 3307 53 32 they
492 3307 74 23 would
585 3307 56 23 have

63 3337 62 26 blood
138 3341 32 23 for
182 3341 74 29 blood,
276 3342 44 23 and
332 3342 86 23 certain
436 3344 108 28 payment
562 3344 22 19 to
602 3339 39 24 the

63 3371 54 24 tribe
136 3374 22 22 in
174 3375 140 23 satisfaction
333 3375 25 23 of
373 3375 38 23 the
430 3381 78 23 wrong
525 3373 54 31 they
597 3372 43 24 had

63 3404 92 25 suffered
171 3407 30 31 by
219 3408 39 23 the
276 3408 66 24 death
361 3408 25 23 of
400 3407 59 24 their
483 3412 156 25 countryman.

63 3434 27 25 In
101 3445 151 26 consequence
265 3441 24 23 of
303 3440 64 24 these
383 3440 146 31 expressions
547 3439 44 23 and
603 3439 37 23 the

62 3471 138 30 excitement,
213 3473 48 24 Mr.
275 3473 100 31 Murphy
386 3479 49 17 sent
444 3472 73 24 round
524 3477 22 18 to
555 3481 13 15 a
579 3473 61 29 large

63 3504 90 24 number
164 3505 24 23 of
204 3506 36 23 the
259 3506 117 24 Colonists
395 3511 22 18 to
433 3506 55 24 hold
506 3505 136 24 themselves

63 3536 64 31 ready
138 3541 22 19 to
171 3546 104 23 preserve
287 3539 38 22 the
337 3539 77 30 public
424 3546 68 23 peace
505 3538 81 24 should
597 3546 45 23 any

63 3567 95 26 violence
176 3571 28 23 be
223 3572 132 31 attempted.
392 3572 47 23 His
461 3572 43 22 call
527 3579 47 16 was
592 3579 49 15 res-

63 3602 83 27 ponded
158 3608 22 18 to
191 3604 30 31 by
233 3613 28 15 an
275 3604 129 23 immediate
416 3608 87 19 muster
514 3603 25 23 of
554 3612 13 15 a
579 3603 61 31 large

64 3631 56 33 body
131 3636 24 23 of
171 3636 38 23 the
220 3637 98 27 settlers,
343 3636 50 23 who
412 3636 57 23 after
488 3636 102 30 showing
604 3636 37 23 the

65 3666 89 30 natives,
159 3669 30 30 by
202 3669 57 25 their
270 3670 69 31 being
351 3677 25 15 so
388 3668 92 31 quickly
492 3676 28 16 on
533 3668 39 24 the
583 3673 57 26 spot,

66 3696 33 25 the
111 3700 52 31 folly
176 3702 24 22 of
215 3703 135 30 attempting
370 3706 23 19 to
414 3708 85 23 avenge
517 3701 59 24 their
586 3709 55 23 sup-

66 3733 64 27 posed
142 3741 83 24 wrong,
237 3735 106 23 returned
355 3739 22 19 to
390 3734 57 22 their
458 3734 94 22 houses.

95 3764 23 24 A
139 3767 98 31 meeting
265 3767 45 24 had
339 3774 62 16 some
425 3766 63 30 day's
514 3765 128 31 previously

52 3809 4 6 <
65 3793 52 28 been
128 3799 77 29 called,
218 3805 22 19 to
254 3800 26 24 be
298 3800 54 24 held
369 3799 38 24 the
426 3806 63 16 same
506 3799 96 30 evening
620 3803 22 18 at

52 3824 119 32 /Barrett's
184 3832 79 30 Hotel,
276 3840 28 17 on
324 3833 39 23 the
381 3831 89 31 subject
491 3831 24 23 of
536 3831 106 30 adopting

66 3858 34 25 the
122 3862 148 34 Corporation
292 3865 56 29 Bill,
370 3872 26 16 as
416 3863 83 32 agreed
516 3868 23 18 to
557 3863 30 31 by
606 3863 36 23 the

62 3890 58 31 joint
126 3898 147 27 committed.
315 3897 59 25 This
392 3897 55 24 took
458 3896 73 31 place,
543 3896 44 24 and
598 3903 44 16 was

694 2032 45 21 The
759 2033 74 20 dinner
853 2033 61 25 given
935 2039 26 14 on
981 2034 104 26 Saturday
1103 2034 28 25 by
1149 2034 36 19 the
1205 2033 51 20 New

667 2060 93 20 Zealand
780 2060 108 26 Company
908 2064 23 16 to
950 2061 54 20 Lord
1025 2061 58 20 John
1103 2061 89 23 Russell,
1213 2062 43 19 will

668 2094 59 14 serve
745 2090 21 17 to
784 2094 83 17 iem^ve
876 2088 29 20 all
915 2088 171 26 apprehensions,
1096 2088 20 21 if
1126 2094 41 20 any
1178 2094 33 13 are
1222 2092 34 22 yet

666 2115 138 23 entertained,
816 2115 50 19 with
877 2116 72 25 regard
959 2118 21 17 to
997 2116 35 20 the
1048 2116 99 19 relations
1164 2116 92 19 between

667 2143 46 19 that
724 2142 82 26 Colony
820 2142 41 19 and
879 2143 35 20 the
934 2142 140 21 Government
1091 2143 24 20 of
1183 2146 73 22 parent

666 2172 61 17 state.
758 2169 46 20 Our
813 2170 95 19 columns
919 2170 41 19 this
976 2170 41 26 day
1032 2171 47 25 give
1092 2176 26 14 an
1135 2170 69 26 ample
1220 2177 35 13 ac-

667 2198 66 19 count
740 2196 24 20 of
772 2197 42 20 this
825 2197 96 25 splendid
931 2198 97 24 banquet.
1058 2197 63 21 Many
1133 2198 24 19 of
1169 2198 36 19 the
1212 2198 44 20 first

667 2231 71 13 names
748 2224 21 19 in
781 2225 35 19 the
826 2227 90 23 country
926 2225 93 19 honored
1028 2225 17 20 it
1054 2225 28 25 by
1089 2225 54 20 their
1148 2231 107 19 presence;

666 2251 41 20 and
718 2257 47 14 men
776 2251 24 20 of
810 2251 27 20 all
849 2252 85 25 parties,
944 2251 31 20 To
983 2252 41 23 ies,
1037 2251 80 26 Whigs,
1135 2252 41 19 and
1193 2251 63 20 Radi-

667 2279 50 23 cals,
728 2279 102 25 appeared
839 2281 23 17 to
873 2279 25 19 be
907 2279 96 19 actuated
1013 2279 50 26 only
1074 2279 27 26 by
1111 2285 39 14 one
1159 2285 97 14 common

666 2305 84 25 feeling.

694 2333 45 19 The
749 2333 71 26 public
830 2339 35 13 are
874 2339 48 14 now
933 2333 101 26 tolerably
1050 2333 90 21 familiar
1155 2333 51 20 with
1222 2334 35 19 the

666 2360 83 20 natural
759 2361 124 24 advantages
894 2361 24 19 of
930 2361 50 19 New
989 2361 99 23 Zealand,
1098 2361 66 20 which
1171 2367 86 19 appears

666 2388 95 19 destined
771 2391 23 17 to
804 2387 25 20 be
838 2388 22 19 in
872 2388 34 20 the
925 2387 103 21 Southern
1042 2389 72 19 Ocean
1130 2389 55 19 what
1195 2388 62 20 Great

667 2415 83 20 Britain
760 2415 18 19 is
788 2415 21 19 in
821 2415 34 19 the
873 2415 112 20 Northern.
1020 2415 57 21 Lord
1101 2416 155 23 Abhbuuton,

666 2443 51 19 with
727 2443 63 19 much
800 2442 74 26 felicit;
882 2457 5 8 ,
900 2443 97 20 observed
1031 2443 46 20 that
1087 2443 35 20 the
1132 2443 93 26 position
1234 2443 23 19 of

666 2470 36 20 the
713 2469 52 20 New
772 2469 92 20 Zealand
872 2469 81 21 Islands
961 2476 27 14 on
995 2471 36 19 the
1040 2476 54 19 map,
1103 2471 54 19 their
1164 2470 93 23 climate,

666 2497 96 26 fertility,
779 2497 108 19 abundant
902 2497 99 20 harbours
1020 2497 129 21 surrounded
1160 2497 50 20 with
1221 2498 36 19 the

667 2530 45 14 seas
723 2526 55 18 most
788 2524 66 20 suited
866 2526 22 18 to
899 2525 35 19 the
947 2525 66 20 whale
1022 2525 100 23 fisheries,
1134 2525 48 22 and,
1193 2525 64 19 above

667 2552 34 23 all,
715 2552 35 19 the
760 2552 108 19 character
877 2552 24 20 of
913 2552 34 20 the
954 2552 69 20 native
1029 2552 131 26 population,
1171 2552 34 20 led
1213 2552 43 20 him

667 2582 22 17 to
699 2579 114 26 anticipate
823 2579 46 19 that
879 2580 59 19 these
954 2579 83 20 Islands
1047 2586 52 13 were
1109 2579 64 26 likely
1188 2582 21 16 to
1221 2580 34 19 be-

667 2612 59 14 come
737 2606 35 20 the
781 2608 58 23 great
849 2608 45 18 seat
903 2606 25 20 of
945 2606 73 20 wealth
1032 2607 42 19 and
1089 2606 58 21 naval

668 2634 57 19 Lord
734 2633 66 20 John
811 2634 106 19 Russell
926 2640 40 13 was
973 2633 67 27 justly
1050 2633 169 27 complimented,
1230 2640 27 13 on

668 2661 28 20 all
705 2661 74 22 hands,
790 2661 34 20 for
832 2660 78 26 adding
920 2661 56 20 these
983 2661 115 26 important
1105 2662 76 19 islands
1192 2663 22 18 to
1223 2661 34 20 the

666 2692 60 21 great
736 2688 96 20 Colonial
841 2689 79 24 empire
931 2688 22 20 of
966 2688 41 20 this
1018 2691 97 22 country.

694 2716 47 19 The
749 2716 76 25 speech
834 2716 25 19 of
872 2715 57 20 Lord
938 2716 62 20 John
1017 2716 106 20 Russell
1138 2722 42 14 was
1196 2716 60 20 much

666 2747 42 16 and
719 2742 118 25 deservedly
847 2743 122 24 applauded.

705 2777 10 16 I
823 2776 38 16 said
869 2776 29 16 his
911 2775 84 21 lordship,
1027 2776 41 17 that
1080 2776 32 17 the
1122 2776 106 17 foundation
1241 2777 18 16 of

668 2796 36 17 this
720 2796 62 21 colony
797 2796 19 16 of
828 2796 44 16 New
884 2796 80 17 Zealand
976 2797 37 16 will
1024 2797 44 16 tend
1075 2799 19 14 to
1106 2797 30 16 the
1143 2798 12 15 h
1167 2801 46 12 nour
1220 2798 36 15 and

668 2817 70 20 dignity
745 2817 19 16 of
775 2817 29 16 the
812 2817 68 18 Crown,
893 2817 35 16 and
940 2817 36 16 vill
983 2817 44 16 tend
1039 2819 18 15 to
1070 2818 30 15 the
1112 2818 99 20 prosperity
1222 2818 36 16 and

668 2838 61 16 future
739 2840 93 17 greatness
840 2838 20 15 of
873 2837 30 16 the
915 2838 61 15 nation
991 2838 84 20 (cheers).
1100 2838 17 17 It
1131 2843 36 12 was
1181 2843 23 12 on
1220 2838 36 16 thi<i

668 2858 75 20 ground,
753 2858 37 16 and
797 2859 28 15 for
830 2858 51 16 these
889 2862 77 14 reasons,
975 2858 39 16 that
1021 2859 9 16 I
1037 2858 38 16 lent
1083 2862 30 17 my
1117 2859 73 17 humble
1199 2859 59 17 efforts

668 2883 19 11 in
695 2881 75 17 support
777 2878 20 16 of
805 2878 51 16 those
865 2879 90 16 exertions
963 2878 39 17 that
1007 2879 35 16 had
1047 2880 46 15 been
1098 2880 57 19 made,
1163 2880 38 16 and
1213 2884 45 12 were

668 2899 54 16 about
731 2900 17 14 to
757 2899 20 16 be
782 2899 58 19 madu,
849 2900 23 19 by
879 2899 31 16 the
918 2899 42 16 New
968 2899 79 17 Zealand
1060 2900 95 21 Company.
1187 2900 72 16 Gantla-

668 2923 49 16 men,
725 2919 18 16 in
752 2923 20 12 so
779 2920 58 20 doing,
847 2920 8 15 I
865 2919 66 16 should
938 2920 21 15 be
967 2920 94 20 unworthy
1066 2920 20 17 of
1090 2925 44 15 your
1142 2921 116 20 approbation

668 2940 16 16 if
689 2940 19 16 in
717 2944 19 12 so
742 2939 55 21 doing
803 2940 9 16 I
825 2940 42 16 took
873 2944 36 20 any
918 2940 132 21 extraordinary
1058 2942 54 16 merit
1118 2943 18 15 to
1143 2941 76 20 myself;
1231 2942 27 16 for

668 2960 19 16 in
694 2960 32 16 the
733 2960 38 16 first
778 2961 95 19 place,\the
880 2961 86 20 principle
973 2961 20 16 of
1001 2961 123 20 colonization,
1138 2962 31 17 the
1181 2961 53 17 value
1242 2962 17 16 of

668 2981 78 16 colonies
753 2982 19 15 to
780 2981 37 16 this
826 2983 80 18 country,
914 2982 31 16 the
953 2986 62 12 means
1022 2982 43 20 they
1072 2982 55 17 afford
1134 2983 20 16 of
1166 2984 93 19 augment-

668 3001 31 20 ing
708 3002 33 16 her
747 3002 86 20 strength,
844 3001 20 16 of
869 3002 67 20 adding
942 3004 18 14 to
967 3002 32 16 her
1007 3007 64 15 power,
1084 3003 19 16 of
1117 3003 101 21 promoting
1225 3003 33 16 her

669 3022 71 19 wealth,
747 3022 36 16 and
792 3023 19 15 of
815 3022 102 21 increasing
924 3023 30 16 her
960 3022 99 22 prosperity
1059 3031 23 4 —
1082 3023 23 17 all
1115 3024 36 17 this
1169 3024 33 16 has
1213 3025 45 15 been

668 3043 112 16 ascertained
788 3043 35 16 and
830 3043 133 16 demonstrated
978 3044 22 20 by
1018 3045 30 15 the
1062 3044 115 21 enlightened
1190 3044 69 17 discus-

669 3063 50 17 sions
727 3063 19 17 of
756 3065 41 18 past
804 3068 50 15 years
862 3064 57 19 (hear,
926 3064 53 19 hear).
1002 3064 50 17 With
1067 3066 60 19 regard
1143 3067 18 14 to
1175 3065 31 16 the
1220 3066 39 15 best

668 3084 53 16 mode
728 3084 19 16 of
752 3084 120 16 colonization
880 3084 85 20 likewise,
974 3088 25 12 we
1012 3085 46 16 have
1070 3085 36 17 had
1117 3086 30 16 the
1159 3085 99 21 advantage

669 3104 36 17 and
712 3105 99 16 assistance
820 3104 19 17 of
845 3104 30 17 the
887 3107 48 14 most
946 3104 115 21 enlightened
1075 3106 88 21 opinions,
1178 3106 36 17 and
1228 3107 31 16 the

668 3127 49 14 most
729 3125 74 17 adverse
813 3125 107 17 discussion.
945 3125 15 19 I,
973 3126 94 18 therefore,
1082 3130 32 13 can
1129 3127 41 19 only
1183 3127 42 16 take
1241 3128 17 14 tn

668 3146 68 20 myself
743 3146 31 16 the
781 3146 53 16 merit
846 3146 21 15 of
878 3148 32 14 not
917 3146 52 20 being
976 3146 50 17 blind
1034 3148 18 15 to
1065 3147 30 16 the
1103 3148 109 19 importance
1222 3148 36 15 and

669 3167 53 15 value
729 3166 19 16 of
754 3167 51 16 those
812 3166 82 21 opinions
900 3167 35 16 and
944 3167 110 17 discussions
1061 3168 55 19 (hear,
1129 3168 35 16 and
1173 3167 85 20 cheers).*'

696 3194 44 21 But
748 3195 80 26 though
838 3194 34 21 his
882 3195 103 26 Lordship
994 3196 74 26 speaks
1079 3196 48 21 thus
1139 3196 88 26 humbly
1234 3196 24 20 of

668 3222 33 21 his
712 3228 46 14 own
766 3224 80 22 merits,
856 3222 23 20 in
889 3223 168 26 recommending
1073 3224 35 20 the
1124 3224 101 25 adoption
1235 3224 23 19 of

668 3250 60 19 these
740 3249 81 20 Islands
831 3252 22 17 to
865 3250 35 19 the
912 3249 81 24 Crown,
1005 3250 18 19 it
1040 3256 40 14 was
1091 3250 101 27 perfectly
1207 3251 47 20 welt

668 3277 129 20 understood
807 3276 26 26 by
844 3277 28 19 all
882 3279 84 23 present
975 3278 46 19 that
1028 3277 33 20 for
1072 3278 32 20 his
1110 3278 92 19 conduct
1207 3278 51 19 with

668 3307 83 23 respect
761 3306 22 18 to
793 3304 41 20 this
846 3304 83 26 colony,
938 3304 27 20 he
971 3304 38 20 has
1017 3304 56 26 truly
1079 3305 87 20 entitled
1174 3304 84 21 himself

669 3334 22 17 to
698 3332 36 19 the
741 3331 105 25 gratitude
852 3331 24 19 of
884 3331 33 20 his
924 3334 94 23 country.
1049 3331 54 20 Lord
1115 3334 26 18 \s
1148 3337 110 15 hburton

668 3359 52 26 only
732 3358 48 27 paid
790 3358 42 20 him
840 3365 13 13 a
863 3358 97 20 deserved
971 3359 78 20 tribute
1059 3359 59 20 when
1129 3360 26 19 he
1169 3359 86 26 compli-

668 3386 85 20 mented
764 3386 43 19 him
818 3386 32 19 for
863 3386 35 20 the
915 3386 92 26 sagacity
1023 3386 51 20 with
1088 3387 67 19 which
1174 3387 26 19 he
1217 3386 41 21 had

668 3413 133 27 appreciated
809 3413 36 20 the
851 3412 129 27 importance
987 3414 24 19 of
1017 3414 58 20 these
1080 3413 84 25 islands,
1174 3419 23 14 so
1204 3419 52 15 soon

668 3447 23 14 as
701 3441 28 20 he
739 3440 41 21 had
790 3440 85 20 entered
882 3447 27 14 on
922 3440 33 20 the
965 3440 159 21 adniinstration
1136 3440 23 21 of
1167 3440 91 21 colonial

668 3468 76 23 affairs,
756 3468 41 19 and
807 3467 33 20 for
849 3467 37 20 the
893 3467 104 25 judicious
1007 3473 105 15 measures
1118 3468 25 20 of
1146 3468 79 26 setting
1230 3474 28 20 up

668 3496 37 19 the
716 3495 79 20 British
804 3495 40 23 flag
854 3494 21 20 in
887 3495 64 20 them.

695 3522 41 20 We
745 3525 56 17 must
810 3522 55 20 refer
875 3528 38 14 our
923 3521 81 21 readers
1012 3523 23 19 to
1044 3528 40 14 our
1101 3524 70 24 report
1181 3521 24 20 of
1223 3521 34 21 the

668 3550 99 25 speeches
774 3549 103 20 delivered
886 3555 27 14 on
920 3549 40 20 this
967 3549 126 26 interesting
1099 3549 104 21 occasion.
1219 3548 38 20 We

668 3584 49 19 may
726 3577 93 23 observe,
828 3577 103 23 however,
940 3576 45 20 that
995 3577 37 20 the
1040 3577 71 20 health
1121 3577 25 20 of
1157 3576 38 20 her
1209 3575 48 21 Ma-

668 3605 93 20 jesty's
771 3604 118 22 Ministers,
900 3604 104 26 proposed
1013 3603 27 26 by
1051 3603 43 21 Mr.
1107 3603 71 24 Hutt,
1191 3603 66 23 M.P.,

668 3638 42 14 was
720 3631 95 21 received
825 3631 50 19 with
882 3631 50 20 loud
941 3631 40 20 and
991 3631 106 20 universal
1103 3631 104 24 cheering,
1217 3630 40 20 and

669 3659 47 20 that
726 3658 42 20 Mr.
780 3659 182 19 Labouchere's
973 3658 83 26 speech,
1065 3658 67 20 which
1141 3664 41 13 was
1191 3664 12 12 a
1208 3663 49 20 very

668 3685 56 26 good
734 3692 47 17 one,
790 3692 38 13 was
836 3685 45 20 well
890 3685 99 21 received.
1008 3685 61 26 Upon
1078 3685 35 21 the
1118 3685 75 23 whole.
1202 3683 55 21 Lord

668 3712 87 20 John's
766 3713 49 19 visit
824 3714 22 18 to
856 3713 37 19 the
902 3712 48 26 City
960 3718 27 14 on
998 3712 43 20 this
1051 3711 97 21 occasion
1157 3711 18 19 is
1185 3711 71 20 calcu-

669 3739 57 20 lated
736 3741 21 17 to
765 3739 48 25 gain
824 3738 36 20 the
876 3739 142 20 Government
1034 3739 29 20 fa\
1070 3744 45 18 our,
1130 3744 76 19 among
1222 3738 35 20 the

670 3766 133 20 commercial
821 3766 84 20 classes.
940 3766 39 19 His
995 3765 95 26 lordship
1106 3770 46 21 may
1169 3765 47 19 well
1232 3765 25 20 be

670 3793 76 25 proud,
760 3793 53 22 that,
829 3793 81 24 though
927 3791 51 21 New
994 3792 91 20 Zealand
1101 3798 40 12 was
1160 3791 97 26 formally

670 3820 63 19 taken
743 3819 118 26 possession
872 3819 25 19 of
903 3819 24 19 in
934 3819 34 20 the
975 3824 61 15 name
1043 3819 25 19 of
1075 3818 36 20 the
1118 3818 139 20 Sovereign

670 3846 24 20 of
701 3845 44 21 this
755 3849 89 22 country
853 3851 63 20 many
926 3851 57 20 years
994 3851 46 19 ago,
1051 3845 18 19 it
1075 3850 40 14 was
1122 3845 96 19 reserved
1223 3845 34 20 for

669 3873 46 20 him
736 3874 21 17 to
777 3872 60 20 make
860 3871 17 20 it
899 3878 14 13 a
935 3871 81 21 British
1040 3871 117 27 Colony.—
1157 3871 100 26 .Morning

672 3899 115 27 Chronicle,
797 3899 106 25 February
915 3898 32 21 15.
953 3906 3 4 ■

2006 853 193 22 ENGLISH
2225 853 127 22 NEWS.

1916 884 45 20 The
1969 884 63 20 latest
2042 891 72 19 papers
2124 891 29 14 we
2170 885 51 20 have
2238 886 91 20 received
2345 892 35 15 are
2397 888 22 17 to
2436 886 35 21 the

1889 912 47 19 21st
1961 912 73 19 March
2053 912 54 20 from
2126 912 95 24 London,
2241 913 79 25 though
2338 913 35 20 the
2392 914 80 19 Amelia

1892 939 112 25 Thompson
2015 939 35 20 did
2060 942 36 17 not
2106 940 38 19 sail
2154 939 55 20 until
2219 940 34 20 the
2263 940 51 19 25th
2324 940 83 26 March,
2417 940 54 22 from

1891 965 117 24 Plymouth.

1916 993 44 20 The
1971 993 61 20 latest
2042 999 54 14 news
2106 994 53 19 from
2170 993 94 21 America
2288 993 20 21 is
2322 994 69 20 stated
2406 997 23 17 to
2445 995 26 20 b*

1889 1019 24 20 of
1924 1026 12 13 a
1947 1026 56 14 more
2015 1020 72 26 pacific
2096 1023 112 18 character.
2237 1021 20 20 It
2266 1020 19 21 is
2295 1020 123 21 considered
2427 1022 46 21 that

1889 1048 35 18 the
1942 1047 124 20 excitement
2081 1053 28 15 on
2124 1048 37 19 the
2177 1047 81 27 subject
2272 1048 27 19 of
2315 1048 36 20 the
2371 1051 65 18 arrest
2450 1046 25 24 of

1889 1074 42 20 Mr.
1943 1073 98 26 M'Leod,
2051 1074 41 21 had
2102 1075 52 20 been
2162 1074 131 27 encouraged
2298 1074 35 21 for
2338 1075 134 21 electioneer,

1888 1102 36 24 ing
1933 1107 109 19 purposes.
2077 1102 40 20 But
2125 1102 18 19 it
2152 1108 42 14 was
2203 1102 111 26 supposed,
2324 1107 49 15 now
2382 1102 45 20 that
2437 1103 35 21 the

1891 1128 134 20 Presidential
2034 1128 88 21 election
2131 1129 18 19 is
2167 1129 92 23 decided,
2275 1129 46 20 that
2338 1129 136 27 proceedings

1888 1155 24 20 of
1924 1155 37 20 the
1970 1161 58 20 press
2037 1156 40 19 and
2088 1155 68 27 public
2166 1162 92 20 persons,
2268 1156 44 20 will
2321 1157 25 19 be
2361 1157 23 19 in
2399 1157 74 21 favour

1889 1182 23 19 of
1924 1188 68 20 pease.
2121 1184 17 19 it
2154 1184 68 19 would
2237 1190 82 19 appear,
2341 1184 27 25 by
2385 1190 12 14 a
2412 1184 61 21 letter

1889 1209 108 26 published
2007 1211 21 19 in
2039 1211 35 19 the
2090 1211 107 21 American
2215 1217 79 19 papers,
2312 1211 55 19 from
2382 1211 36 20 the
2431 1218 42 19 pen

1890 1237 23 19 of
1935 1237 34 19 the
1987 1237 85 20 brother
2095 1239 22 19 of
2145 1238 42 19 Mr.
2208 1238 97 22 M'Leod,
2324 1239 47 19 that
2388 1238 87 22 Colonel

1889 1263 91 20 M'Leod
1991 1270 39 14 was
2041 1268 36 16 not
2086 1267 84 23 present
2187 1269 21 15 at
2224 1265 34 20 the
2273 1265 81 20 seizure
2370 1265 41 20 and
2425 1266 47 20 des-

1890 1291 90 20 truction
1991 1291 24 21 of
2023 1292 35 19 the
2076 1292 104 20 Caroline.
2217 1292 59 20 Some
2297 1292 24 20 of
2341 1293 35 19 the
2392 1293 81 26 leading

1891 1319 87 19 London
1985 1319 103 24 journals,
2098 1321 21 19 in
2136 1319 110 26 reviewing
2260 1319 36 19 the
2312 1320 161 20 circumstances

1891 1345 23 20 of
1926 1346 45 19 that
1980 1349 69 20 event,
2060 1352 54 14 seem
2124 1347 91 19 inclined
2225 1350 22 17 to
2257 1347 96 19 consider
2368 1347 45 19 that
2422 1347 51 20 both

1893 1373 83 24 English
1997 1373 42 20 and
2058 1374 120 20 Americans
2197 1380 51 14 were
2267 1376 23 17 to
2309 1373 75 21 blame.
2422 1373 50 21 This

1891 1400 49 19 view
1951 1399 23 21 of
1986 1400 36 20 the
2032 1401 78 24 subject
2120 1401 41 19 will
2177 1400 33 20 aid
2225 1401 22 19 in
2262 1401 60 25 again
2340 1401 82 26 placing
2438 1402 36 20 ths

1891 1430 40 17 two
1942 1427 104 20 countries
2057 1434 27 14 on
2097 1428 90 24 friendly
2196 1430 69 18 terms.

1918 1455 38 19 We
1966 1455 78 19 believe
2054 1462 38 13 our
2102 1455 81 21 readers
2193 1461 34 14 are
2243 1455 123 26 acquainted
2376 1455 49 20 with
2436 1456 36 20 the

1891 1482 43 19 fact
1945 1482 44 20 that
1999 1488 12 13 a
2020 1482 35 19 lad
2069 1483 73 19 named
2151 1482 66 20 Jones
2227 1483 39 19 had
2277 1483 61 19 twice
2346 1483 51 19 been
2408 1483 66 20 found

1891 1509 22 19 in
1925 1509 35 19 the
1971 1509 79 20 Palace.
2082 1510 37 19 For
2130 1510 36 19 the
2176 1510 44 19 first
2237 1510 79 19 offence
2334 1510 25 19 he
2370 1516 40 13 was
2420 1510 54 19 tried

1891 1538 23 18 at
1923 1536 36 20 the
1968 1536 146 21 Westminster
2124 1536 102 24 Sessions,
2237 1537 32 20 for
2388 1538 86 19 entered

1893 1564 35 19 the
1940 1563 71 20 Palace
2020 1564 51 19 with
2086 1564 103 20 felonious
2307 1564 40 20 and
2359 1564 113 26 acquitted.

1894 1590 34 20 On
1939 1590 34 20 the
1990 1591 77 20 second
2082 1592 94 19 occasion
2187 1591 26 20 he
2229 1597 38 14 was
2284 1591 123 20 committed
2421 1590 53 21 from

1892 1618 36 20 the
1940 1618 67 19 Home
2018 1618 72 23 Office,
2103 1625 21 14 as
2135 1625 12 14 a
2159 1624 64 19 rogue
2238 1619 41 19 and
2295 1625 12 13 a
2316 1618 115 26 vagabond,
2441 1618 35 21 for

1893 1646 57 19 three
1960 1646 84 19 months
2053 1650 23 15 to
2086 1647 33 19 the
2136 1646 79 19 Tothill
2225 1646 57 20 fields
2300 1646 73 19 House
2384 1646 24 19 of
2420 1646 52 20 Cor-

1892 1672 88 20 rection.
2010 1673 44 20 The
2064 1673 122 20 authorities
2197 1673 147 26 strengthened
2361 1673 36 19 the
2406 1674 68 24 police

1893 1700 157 19 establishment
2063 1703 23 16 at
2109 1701 34 19 the
2162 1700 79 24 Palace,
2257 1701 38 19 but
2316 1700 80 25 fearing
2410 1699 66 22 Jones

1893 1727 68 20 would
1971 1727 59 25 again
2041 1728 85 19 succeed
2135 1728 21 19 in
2168 1728 108 25 indulging
2284 1727 42 20 this
2335 1728 139 23 monomania,

1893 1754 50 26 they
1956 1754 57 21 made
2030 1758 105 17 overtures
2145 1757 23 17 to
2184 1754 33 20 his
2229 1757 90 23 parents,
2331 1757 22 17 to
2368 1754 52 21 send
2428 1755 44 20 him

1894 1785 22 16 to
1934 1787 46 17 sea;
2010 1782 38 19 but
2063 1782 35 19 the
2114 1782 42 25 boy
2171 1782 82 20 refused
2275 1784 22 17 to
2313 1782 74 19 attend
2401 1783 22 18 to
2439 1782 37 20 the

1895 1809 51 20 offer
1961 1808 32 21 till
2001 1809 28 19 he
2039 1809 73 20 should
2121 1810 52 19 have
2184 1808 97 21 obtained
2290 1808 33 21 hit
2335 1809 76 20 release
2420 1808 55 21 from

1893 1837 79 25 prison.
2004 1836 21 20 It
2034 1843 84 19 appears
2128 1836 47 20 that
2185 1836 25 20 he
2220 1836 36 20 has
2266 1836 62 24 acjain,
2338 1836 51 20 been
2399 1836 75 24 found,

1894 1864 34 19 for
1938 1870 12 13 a
1959 1863 56 20 third
2024 1864 50 19 time
2084 1864 21 19 in
2115 1864 35 19 the
2162 1863 80 20 Palace.
2272 1862 33 21 He
2315 1869 67 15 seems
2391 1865 22 18 to
2423 1864 53 19 have

1895 1897 27 13 an
1932 1890 158 26 extraordinary
2101 1891 66 19 desire
2177 1893 22 17 to
2216 1891 61 19 listen
2293 1893 23 17 to
2335 1891 36 19 the
2388 1896 88 14 conver-

1895 1918 68 19 sation
1973 1918 23 19 of
2009 1919 35 18 the
2066 1918 71 21 Queen
2156 1918 41 19 and
2222 1917 72 20 Prince
2312 1917 74 21 Albert
2386 1928 27 3 —
2414 1917 63 26 alleg-

1895 1945 36 25 ing
1949 1945 45 19 that
2014 1945 36 19 the
2064 1945 128 25 publication
2209 1945 24 20 of
2244 1946 147 18 conversation
2406 1944 23 20 of
2441 1945 36 20 the

1895 1972 52 19 kind
1957 1972 68 19 would
2040 1972 60 19 make
2110 1971 32 20 hie
2152 1971 92 20 fortune.
2271 1971 45 20 The
2326 1971 106 26 following
2441 1978 35 14 are

1896 1999 36 19 the
1942 1998 121 26 particulars
2074 1998 24 19 of
2110 1999 34 19 the
2153 1998 42 20 last
2204 1998 108 26 discovery
2321 2006 6 12 :—:
2330 2008 26 5 —

1918 2025 23 16 At
1955 2025 53 16 about
2023 2029 33 12 one
2070 2024 65 17 o'clock
2149 2029 24 11 on
2188 2024 81 21 Tuesday
2276 2025 89 19 morning,
2380 2023 63 18 March
2452 2025 24 18 16,

1896 2045 56 20 police
1961 2047 71 18 sergent
2041 2044 68 20 Glover,
2117 2045 39 19 A3,
2172 2045 51 20 being
2230 2050 22 11 on
2260 2045 44 20 duty
2318 2050 13 10 n
2339 2046 31 15 the
2378 2046 74 16 interior
2460 2046 20 16 of

1896 2065 31 16 the
1935 2066 63 20 palace,
2008 2065 53 17 heard
2070 2070 10 11 a
2086 2065 48 17 noise
2142 2065 20 16 in
2170 2069 32 12 one
2210 2066 19 15 of
2235 2066 30 15 the
2273 2065 66 17 lobbies
2347 2065 73 21 leading
2431 2067 48 16 from

1897 2086 31 16 the
1935 2087 55 19 grand
1997 2086 84 17 staircase
2093 2089 17 13 to
2122 2086 30 16 the
2165 2086 68 21 picture
2242 2086 70 20 gallery,
2328 2086 35 17 and
2371 2087 107 20 proceeding

1898 2107 66 16 thither
1970 2107 22 16 he
2001 2107 54 16 found
2063 2107 30 16 the
2107 2111 80 15 prisoner
2202 2107 86 16 crouched
2303 2107 20 16 in
2338 2112 10 11 a
2361 2111 64 15 recess,
2442 2108 36 16 and

1898 2128 42 16 with
1949 2128 26 15 his
1983 2128 52 16 shoes
2043 2128 27 16 off.
2092 2127 37 17 Tlie
2137 2128 89 16 constable
2234 2128 52 16 knew
2296 2127 39 17 him
2349 2127 79 21 directly,
2441 2128 37 17 and

1896 2148 44 19 said,
1969 2148 53 16 What
2029 2149 54 16 Jones
2091 2148 14 16 is
2112 2149 39 15 that
2159 2147 55 21 you.'"
2225 2149 34 15 and
2268 2148 30 16 the
2305 2148 30 16 lad
2342 2148 68 21 replied
2435 2149 42 19 Yes,

1897 2169 15 16 it
1923 2168 15 17 is
2015 2170 38 15 The
2064 2168 97 21 policeman
2170 2169 54 16 asked
2234 2168 38 17 him
2279 2169 40 16 how
2328 2170 22 15 lie
2357 2170 30 19 pot
2397 2169 39 16 into
2447 2170 31 15 tha

1896 2189 67 21 palace,
1970 2190 37 16 and
2013 2190 23 16 ho
2043 2189 90 17 answered
2213 2194 48 12 same
2269 2193 38 16 way
2319 2194 19 12 as
2449 2190 29 16 He

1898 2214 35 12 waj
1941 2210 54 16 asked
2003 2211 39 16 how
2050 2210 40 20 lon;,
2086 2215 5 6 r
2098 2210 21 16 he
2128 2210 35 15 had
2172 2211 44 15 been
2225 2210 54 19 there,
2291 2210 37 16 and
2338 2210 30 16 his
2382 2210 48 21 reply
2441 2214 36 13 was

1915 2231 29 16 All
2023 2231 51 19 That,
2083 2231 85 18 however,
2177 2234 35 12 was
2220 2235 42 12 soon
2269 2231 66 19 proved
2342 2232 18 15 to
2364 2231 21 15 be
2392 2231 50 19 faUe,
2451 2231 28 17 for

1897 2255 48 16 upon
1952 2251 30 16 the
1990 2251 89 16 constable
2093 2251 103 20 examining
2210 2251 27 16 his
2249 2251 58 18 shoes,
2321 2252 31 17 he.
2357 2251 58 16 found
2427 2252 52 16 them

1898 2272 48 20 quite
1954 2274 34 14 wet
2001 2272 43 16 with
2058 2272 48 16 mud.
2134 2272 39 16 The
2187 2272 135 19 police-sergent
2335 2272 43 16 then
2392 2271 42 17 took
2449 2272 29 16 hit

1897 2293 79 19 prisoner
1984 2295 17 14 to
2009 2293 30 16 the
2044 2293 129 16 station-house
2178 2292 19 16 of
2203 2293 29 16 the
2240 2292 16 17 A
2260 2292 77 17 division
2341 2293 18 16 in
2366 2292 114 17 G.irdener's-

1897 2314 46 17 lane,
1952 2314 77 19 scarcely
2037 2318 33 11 one
2084 2314 19 16 of
2111 2314 30 15 the
2153 2313 77 16 inmates
2244 2313 20 16 of
2277 2313 31 16 the
2321 2313 61 20 palace
2394 2313 86 21 knowing

1898 2334 86 20 anything
1992 2335 19 15 of
2017 2334 29 16 the
2055 2336 68 14 matter.
2145 2333 33 16 We
2185 2333 110 17 understand
2302 2333 15 17 it
2323 2335 14 15 is
2342 2333 89 21 generally
2436 2338 44 16 sup-

1898 2355 52 20 poseil
1959 2355 38 16 that
2006 2355 30 15 the
2043 2354 56 16 fellow
2108 2356 29 19 got
2144 2359 43 11 over
2194 2354 29 16 the
2231 2354 39 16 wall
2277 2358 24 12 on
2310 2354 169 20 Constitution-hill,

1897 2375 36 16 and
1940 2378 48 17 crept
1995 2375 77 21 through
2083 2379 32 12 one
2123 2375 20 16 of
2153 2378 3 7 r
2154 2375 28 16 .he
2191 2375 87 16 windows.
2307 2375 50 19 This,
2372 2375 20 16 of
2408 2379 68 15 course,

1898 2398 48 14 must
1954 2397 66 15 remain
2029 2400 10 12 a
2046 2398 63 14 matter
2116 2396 20 16 of
2141 2396 105 19 conjecture,
2252 2400 18 12 as
2278 2396 44 20 long
2326 2401 18 11 as
2349 2396 54 16 Jones
2411 2396 67 16 retains

1898 2417 28 15 his,
1934 2419 67 13 extract
2005 2417 62 19 dmary
2074 2416 109 20 taciturnity.
2204 2417 56 18 After,
2267 2416 89 20 however,
2365 2417 31 15 the
2404 2420 75 16 precau-

1898 2439 47 14 tions
1953 2437 57 16 which
2018 2437 45 16 have
2070 2437 42 16 been
2121 2437 54 16 taken
2184 2437 27 16 for
2217 2437 104 20 protection,
2330 2437 35 16 and
2372 2438 17 15 to
2394 2437 45 20 keep
2447 2438 32 15 cut

1897 2458 95 19 intruders,
2002 2458 15 15 it
2023 2458 16 16 is
2046 2462 10 11 a
2064 2458 65 19 subject
2145 2457 20 16 of
2177 2457 71 19 general
2262 2457 125 17 conversation
2401 2457 39 17 how
2454 2462 23 12 an

1897 2481 85 13 entrance
1990 2478 50 16 could
2048 2478 46 16 have
2102 2479 41 15 been
2159 2478 77 18 effected,
2251 2478 35 15 and
2302 2478 50 16 there
2366 2478 16 15 is
2395 2478 41 21 only
2444 2483 34 12 one

1897 2499 71 20 opinion
1976 2503 23 12 on
2008 2499 30 16 the
2044 2499 72 19 subject,
2125 2499 28 15 viz
2161 2509 4 7 ,
2175 2499 39 15 that
2223 2499 29 15 the
2259 2500 48 14 most
2314 2499 46 20 rigid
2368 2499 36 15 and
2409 2499 70 16 search-

1897 2519 32 20 ing
1936 2519 70 20 inquiry
2013 2519 56 20 ought
2076 2521 17 14 to
2100 2520 20 15 be
2128 2519 101 16 instituted.
2250 2519 38 16 The
2295 2522 73 17 parents
2376 2519 19 16 of
2407 2519 29 16 the
2444 2519 35 20 boy

1898 2544 45 12 v.-ere
1950 2540 73 16 ordered
2030 2542 18 14 to
2055 2540 60 16 attend
2123 2542 17 13 at
2154 2539 110 19 Bow-street,
2276 2540 33 15 but
2319 2544 25 12 no
2355 2539 123 17 examination

1897 2561 43 16 took
1951 2560 49 20 place
2008 2561 54 18 there,
2071 2561 30 16 the
2108 2560 57 20 police
2172 2561 53 19 being
2232 2560 100 17 instructed
2344 2562 18 14 to
2373 2565 67 16 convey
2447 2561 31 16 the

1897 2581 79 20 prisoner
1985 2584 18 13 to
2010 2582 29 15 the
2046 2581 115 16 home-office.
2183 2580 44 17 This
2237 2585 35 11 was
2284 2581 30 15 the
2327 2581 38 16 first
2376 2581 103 17 intimation

1898 2602 38 16 that
1945 2602 30 15 the
1983 2601 47 21 boy's
2039 2601 66 17 friends
2111 2601 34 17 had
2154 2601 21 16 of
2183 2601 28 16 his
2219 2601 67 20 having
2294 2601 74 16 effected
2375 2606 11 11 a
2391 2601 48 17 third
2447 2606 33 12 en-

1897 2624 60 15 trance
1963 2622 39 16 into
2009 2622 30 17 the
2046 2622 64 20 palace.
2133 2622 38 16 The
2178 2621 43 17 lad's
2229 2622 58 16 father
2294 2626 46 16 says,
2349 2622 85 20 although
2446 2623 29 16 his

1898 2647 33 12 son
1938 2643 31 16 has
1977 2645 50 14 oiten
2034 2643 44 16 been
2086 2644 29 15 the
2123 2646 54 13 cause
2184 2642 20 17 of
2212 2642 104 17 uneasiness
2323 2645 16 14 to
2345 2643 44 19 him,
2397 2642 21 17 he
2424 2647 57 13 never

1898 2664 52 16 knew
1964 2664 39 16 him
2018 2664 56 20 guilty
2088 2664 19 16 of
2117 2667 36 16 any
2166 2662 92 17 dishonest
2271 2663 66 18 action,
2351 2664 33 15 but
2397 2664 39 16 that
2450 2664 29 16 his

1898 2684 91 20 curiosity,
1999 2688 23 12 on
2030 2688 53 16 many
2090 2684 94 18 occasions,
2199 2683 33 17 has
2243 2684 43 16 been
2298 2685 47 15 most
2359 2684 110 16 remarkable
2474 2690 5 14 ;

1897 2705 36 16 and
1940 2705 29 16 the
1981 2704 63 17 urchin
2053 2704 73 17 himself
2130 2704 36 16 still
2175 2704 73 20 persists
2259 2704 18 16 in
2292 2704 93 21 declaring
2396 2704 39 17 that
2449 2705 31 16 his

1898 2725 41 20 only
1948 2726 56 19 object
2010 2725 19 16 in
2037 2725 53 21 going
2097 2727 16 14 to
2121 2725 30 16 the
2160 2725 60 20 palace
2227 2725 15 16 is
2250 2726 17 14 to
2272 2725 43 15 hear
2321 2725 29 16 the
2355 2725 124 17 conversation

1898 2746 20 16 of
1929 2746 31 16 her
1974 2746 77 20 Majesty
2065 2746 35 16 and
2113 2746 64 16 Prince
2190 2746 67 19 Albert,
2269 2746 18 15 in
2300 2746 51 16 order
2362 2747 19 14 to
2412 2746 49 16 write
2469 2751 12 12 &

1973 2766 64 19 which,
2050 2766 22 16 he
2086 2771 45 16 says,
2145 2768 50 14 must
2208 2766 21 16 be
2241 2766 41 16 read
2290 2766 42 16 with
2339 2767 50 18 jrreat
2396 2765 83 18 interest.

1898 2787 30 17 He
1936 2787 30 16 has
1976 2787 46 16 from
2030 2787 27 16 his
2064 2787 71 20 infancy
2143 2787 44 16 been
2201 2787 42 16 fond
2257 2787 20 16 of
2285 2787 80 19 reading.
2393 2787 38 16 The
2445 2788 35 19 hoy

1898 2808 74 16 himself
1977 2812 41 16 says
2025 2808 22 16 he
2055 2808 35 16 had
2097 2812 21 12 no
2125 2807 88 17 felonious
2221 2808 93 16 intention.
2336 2808 30 16 He
2370 2812 39 15 says
2414 2808 22 16 he
2443 2812 38 12 was

1898 2828 19 16 in
1923 2833 10 11 a
1939 2833 49 12 room
1995 2829 58 16 where
2067 2829 48 16 there
2130 2833 36 11 was
2181 2833 10 11 a
2200 2829 81 19 .coronet,
2296 2829 36 15 and
2345 2832 55 16 many
2411 2828 67 20 jewels,

1898 2849 58 16 ■which
1973 2849 30 17 he.
2010 2848 86 20 handled;
2107 2850 40 15 that
2161 2849 22 15 he
2197 2850 28 15 sat
2239 2853 46 16 upon
2345 2848 64 17 throne
2422 2848 19 17 in
2448 2849 32 17 the

1899 2869 126 20 throne-room,
2033 2869 34 17 and
2075 2870 39 16 read
2123 2869 55 16 books
2187 2869 17 17 in
2212 2870 29 16 the
2249 2869 71 21 library,
2331 2869 58 16 which
2395 2869 54 17 books
2456 2869 23 17 he

1899 2894 32 12 can
1940 2894 57 14 name,
2008 2891 34 16 and
2050 2890 50 21 point
2110 2892 32 14 out
2154 2890 30 16 the
2196 2890 57 20 places
2265 2890 60 16 where
2333 2890 41 20 they
2382 2894 28 12 are
2418 2890 61 20 placed

1899 2915 22 11 on
1930 2911 29 15 the
1971 2911 78 16 shelves.
2070 2911 28 16 He
2112 2915 45 15 pays,
2170 2911 42 19 also,
2222 2911 39 15 that
2272 2911 19 15 in
2306 2914 33 12 one
2352 2911 19 15 of
2380 2911 30 15 the
2421 2915 59 12 rooms

1899 2933 34 14 two
1941 2935 41 12 men
1990 2935 50 13 came
2049 2932 18 15 in
2083 2935 31 12 one
2121 2932 85 19 morning
2217 2933 18 14 to
2246 2931 45 20 light
2303 2931 31 16 the
2345 2932 32 15 lire
2378 2939 20 3 —
2399 2931 38 16 that
2449 2932 31 15 the

1899 2956 34 12 one
1938 2953 54 19 beg.in
2001 2954 19 14 to
2028 2951 74 19 whistle,
2109 2952 36 16 and
2155 2952 30 16 the
2192 2953 50 15 other
2249 2951 44 19 said,
2319 2952 51 18 Jack,
2382 2956 34 15 you
2425 2952 56 16 knovr

1899 2972 36 16 this
1943 2973 15 15 is
1965 2973 71 20 against
2041 2973 31 15 the
2157 2975 18 14 to
2182 2972 57 16 which
2246 2972 22 16 he
2276 2972 73 20 replied,
2450 2976 30 13 are

1899 2996 55 17 many
1966 2996 49 14 more
2029 2993 47 16 rules
2090 2993 42 16 than
2147 2993 40 16 that
2197 2993 67 17 broken
2276 2993 19 15 in
2307 2993 36 16 this
2423 3001 22 3 —
2445 2992 35 17 His

1899 3015 121 14 countenance
2028 3013 15 16 is
2051 3013 114 20 exceedingly
2172 3013 63 18 sullen,
2246 3013 35 16 and
2290 3013 22 16 he
2321 3013 14 16 is
2347 3016 43 16 very
2401 3012 80 17 diminu-

1900 3034 36 16 tive
1943 3034 20 16 of
1971 3034 28 16 his
2006 3038 38 16 age,
2057 3033 56 17 which
2122 3038 25 11 we
2159 3033 108 17 understand
2283 3033 15 16 is
2312 3034 96 16 seventeen
2421 3037 58 16 years.

1900 3054 33 17 His
1942 3054 59 17 father
2007 3054 55 17 asked
2070 3054 36 16 him
2114 3053 69 17 several
2190 3053 51 18 times
2249 3054 39 16 how
2296 3053 23 17 he
2324 3053 83 16 obtained
2414 3054 67 16 admis-

1898 3074 46 17 sion.
1964 3074 39 17 The
2010 3075 41 20 only
2058 3074 48 21 reply
2112 3074 24 17 he
2143 3079 36 11 was
2188 3079 41 12 ever
2237 3074 37 16 able
2282 3076 18 14 to
2309 3074 60 17 obtain
2377 3078 40 15 was,

1900 3095 22 20 by
1928 3095 30 16 the
1966 3095 42 17 door
2015 3099 20 12 or
2157 3095 124 20 Immediately
2294 3094 45 17 after
2350 3095 32 16 the
2396 3095 33 19 boy
2443 3099 36 12 wag

1899 3116 102 16 discovered
2008 3116 19 16 in
2036 3116 29 16 the
2079 3116 64 21 pala.ee,
2159 3116 49 16 three
2222 3116 72 16 months
2309 3116 56 18 since,
2380 3116 34 15 two
2429 3116 52 16 extra

1898 3136 98 20 policemen
2008 3137 93 19 (Serjeants
2114 3137 21 15 of
2143 3135 32 17 the
2190 3135 17 18 A
2221 3135 84 18 division)
2318 3140 46 12 were
2379 3136 101 20 appointed,

1899 3157 58 17 whose
1964 3157 44 20 duty
2016 3157 14 16 it
2037 3157 21 18 is,
2067 3160 22 13 on
2097 3156 86 17 alternate
2190 3157 66 20 nights,
2264 3158 19 15 to
2290 3156 58 17 watch
2359 3156 24 16 all
2389 3156 30 16 the
2427 3157 54 16 stair-

1898 3182 40 12 case
1945 3177 106 21 approaches
2059 3177 36 17 and
2102 3177 73 17 interior
2182 3177 19 16 of
2207 3177 30 17 the
2244 3177 91 21 building:
2347 3177 37 16 and
2397 3176 13 17 it
2417 3181 36 12 was
2460 3177 21 17 in

1898 3202 122 16 consequence
2027 3198 20 16 of
2055 3198 36 16 this
2098 3199 123 18 arrangement
2236 3198 38 16 that
2286 3198 31 16 the
2329 3198 39 20 boy,
2378 3201 21 12 on
2408 3198 36 16 this
2453 3202 28 12 oc-

1899 3219 65 18 casion,
1973 3223 35 11 was
2016 3223 20 11 so
2043 3222 43 12 soon
2093 3218 124 17 discoveied—
2218 3219 12 15 it
2239 3218 14 16 is
2262 3219 88 19 supposed
2359 3217 66 21 shortly
2434 3219 47 16 after

1899 3238 23 17 he
1929 3239 35 16 had
1971 3239 73 16 effected
2051 3243 23 12 an
2083 3241 110 14 entrance.—
2193 3239 87 20 Tuesday,
2291 3239 54 16 about
2352 3238 85 21 half-past
2445 3243 35 12 one

1898 3259 71 18 o'clock,
1978 3260 30 16 the
2016 3259 47 17 Hon.
2072 3259 29 18 Mr
2114 3259 78 20 Murray,
2206 3259 30 16 the
2249 3259 114 20 comptroller
2369 3259 20 17 of
2399 3259 31 17 her
2441 3259 40 17 Ma-

1897 3279 60 21 jesty's
1966 3280 103 18 household,
2078 3280 69 16 arrived
2155 3281 18 14 at
2180 3280 30 15 the
2217 3280 116 19 home-office,
2345 3280 35 16 and
2392 3283 35 13 was
2435 3285 44 12 soon

1900 3300 79 16 followed
1987 3302 21 19 by
2016 3301 35 17 Mr.
2058 3301 47 19 Hall,
2112 3301 31 15 the
2151 3300 49 16 chief
2208 3301 109 19 magistrate,
2332 3301 36 16 and
2376 3300 34 17 Mr.
2422 3301 59 16 Burn-

1899 3321 38 20 aby,
1946 3321 30 16 the
1986 3321 50 16 chief
2044 3321 47 16 clerk
2102 3323 17 14 at
2131 3321 110 16 Bow-.street.
2262 3321 38 16 The
2305 3321 125 20 investigation
2436 3321 43 17 then

1899 3342 119 19 commenced,
2027 3342 29 16 the
2065 3341 47 17 Hon.
2128 3341 35 18 Mr.
2178 3341 36 17 Fox
2227 3341 63 18 Maule
2305 3342 35 16 and
2353 3342 35 16 Mr.
2397 3341 80 21 Phillips,

1900 3362 29 16 the
1938 3362 56 17 under
2005 3362 100 17 secretaries
2117 3366 17 13 ot
2145 3364 52 16 state,
2212 3362 118 21 occasionally
2344 3362 74 20 making
2432 3361 49 18 their

1898 3386 115 17 appearance.
2034 3383 24 17 At
2065 3383 84 20 half-past
2163 3383 48 16 three
2219 3383 65 16 o'clock
2292 3383 32 17 the
2333 3384 35 19 boy
2380 3382 53 17 Jones
2444 3382 37 18 and

1899 3403 30 16 the
1938 3403 67 17 officers
2015 3403 17 16 in
2040 3403 63 21 charge
2109 3403 20 16 of
2137 3403 38 17 him
2183 3407 48 14 came
2239 3403 45 17 from
2293 3403 31 18 the
2330 3407 50 13 room
2391 3403 19 16 in
2421 3403 59 16 which

1900 3424 29 16 the
1936 3424 120 16 examination
2065 3424 35 16 had
2106 3424 54 16 taken
2169 3424 54 19 place,
2235 3424 35 17 and
2277 3424 44 17 took
2328 3424 48 16 their
2385 3424 47 16 seats
2444 3424 18 15 in
2470 3428 11 12 a

1899 3444 130 20 waiting-room
2036 3448 22 13 on
2065 3445 30 16 the
2105 3445 70 20 ground
2187 3445 48 16 fbor.
2257 3445 38 16 The
2310 3445 78 16 conduct
2397 3444 19 16 of
2425 3444 55 17 Jones

1895 3469 40 16 ,waß
1942 3465 39 16 that
1988 3466 20 15 of
2016 3470 11 11 a
2034 3469 62 16 person
2104 3466 45 17 who,
2164 3463 75 18 vrttiiout
2246 3465 92 20 betraying
2350 3469 35 16 any
2396 3464 55 21 levity
2462 3464 19 17 of

1898 3489 80 15 manner,
1990 3486 72 16 seemed
2070 3487 17 14 to
2095 3490 39 12 care
2142 3486 33 16 but
2181 3485 46 17 little
2235 3486 46 16 what
2293 3487 72 15 became
2373 3485 20 16 of
2401 3484 78 17 himself.

1888 3504 55 20 ''Jra,,a
1949 3506 34 16 few
1990 3506 79 17 minutes
2077 3506 33 18 Mr.
2118 3506 43 17 Hall
2169 3506 32 16 left
2208 3507 30 16 the
2245 3506 118 18 home-offlce,
2377 3505 40 18 and,
2425 3509 20 12 as
2453 3509 26 12 we

1898 3523 116 27 Understand,
2026 3527 95 20 proceeded
2130 3529 17 13 to
2155 3527 30 16 the
2193 3528 81 20 treasury
2287 3528 18 14 to
2321 3526 60 17 obtain
2392 3529 22 12 an
2425 3526 56 16 inter-

1892 3542 102 26 'v^,with
2006 3547 30 16 the
2045 3547 79 21 Marquis
2136 3548 20 15 of
2166 3548 107 20 Normanby.
2296 3546 29 17 He
2338 3545 83 18 returned
2434 3546 20 15 in
2467 3549 12 13 a

2014 3568 35 16 and
2056 3568 45 16 after
2108 3573 11 11 a
2125 3568 43 20 long
2175 3568 104 18 discussion,
2288 3568 18 15 at
2310 3567 58 16 which
2373 3566 30 16 the
2408 3565 28 17 lad
2444 3570 36 12 was

1887 3590 42 19 fjjot
1936 3591 78 17 present,
2025 3589 23 16 he
2054 3593 36 11 was
2098 3589 73 16 ordered
2180 3593 30 15 up,
2222 3589 35 16 and
2269 3591 26 12 vre
2307 3591 29 13 are
2349 3587 52 20 given
2415 3587 17 15 to
2447 3590 33 12 un-

1887 3607 95 24 f-Bi!rstand
1989 3609 96 17 sentenced
2094 3612 16 14 to
2116 3610 50 16 three
2172 3608 78 18 months'
2253 3608 138 20 imprisonment
2395 3607 35 16 and
2434 3607 46 16 hard

1887 3628 72 22 'jtabour
1967 3629 19 17 in
1994 3629 31 17 the
2032 3634 40 13 new
2080 3629 103 19 bride-well,
2191 3628 132 18 Tothill-flelds.

2187 3656 28 15 op
2237 3655 47 14 the
2308 3649 142 20 Chartists.
2452 3657 29 7 —

1888 3676 104 22 "'Another
2003 3678 123 20 convention
2133 3678 19 19 is
2159 3678 63 19 about
2227 3676 61 25 being
2296 3675 47 20 held
2351 3675 23 20 in.
2382 3675 97 20 London.

1896 3701 45 24 The
1950 3705 92 20 election
2051 3704 25 21 of
2088 3706 101 24 delegates
2202 3704 18 19 is
2230 3706 23 17 to
2262 3702 49 20 take
2327 3702 58 26 place
2401 3708 28 14 on
2444 3702 37 20 the

1897 3732 54 20 22nd
1968 3732 60 24 inst.,
2037 3732 42 20 and
2088 3732 35 21 the
2132 3731 125 20 convention
2266 3731 18 18 is
2295 3732 23 17 to
2328 3730 24 18 be
2363 3729 80 26 opened
2452 3735 29 14 on

1898 3760 35 19 the
1946 3760 49 19 12th
2004 3760 25 19 of
2041 3759 66 27 April.
2135 3758 45 21 The
2189 3756 126 21 convention
2321 3755 42 20 will
2368 3756 80 20 consist
2456 3756 25 20 of

1896 3786 71 21 fifteen
1978 3786 108 24 members,
2096 3786 40 20 five
2152 3786 53 19 from
2222 3784 35 19 the
2272 3782 148 26 metropolitan
2437 3782 44 21 dis-

1897 3814 66 23 tricts,
1974 3814 41 19 and
2026 3817 34 16 ten
2070 3813 53 20 from
2133 3812 37 20 the
2178 3811 116 26 provinces.
2330 3810 64 19 Their
2411 3809 70 26 object

1895 3842 19 19 is
1933 3843 22 17 to
1969 3840 69 21 devise
2055 3840 57 25 plans
2123 3840 34 19 for
2175 3838 35 20 the
2226 3837 124 20 restoration
2370 3836 23 20 of
2412 3836 68 23 Frost,

1896 3868 108 22 Williams,
2013 3869 18 18 &
2036 3867 71 23 Jones,
2116 3866 34 20 for
2156 3866 34 19 the
2196 3865 76 20 release
2279 3864 23 19 of
2308 3864 27 19 all
2344 3863 86 20 chartist
2437 3863 44 27 pri-

1894 3894 140 23 •oue»,&for
2044 3885 122 32 mtkiigtht
2171 3892 82 21 charter
2258 3891 81 22 thtl»w
2344 3890 24 21 of
2371 3889 96 24 tiieUad.

1280 116 66 25 THE
1362 116 136 32 SYDNEY
1517 117 158 24 PETITION
1698 117 37 24 IN
1751 117 116 26 FAVOR

1383 150 44 23 OF
1444 150 145 24 CAPTAIN
1606 149 150 25 HOBSON.

1315 204 29 16 TO
1354 206 44 14 THE
1409 199 94 22 QUEEN'S
1514 206 58 14 MOST
1584 206 130 15 EXCELLENT
1724 206 107 15 MAJESTY.

1337 231 53 27 May
1400 231 17 21 it
1427 232 73 26 please
1510 239 55 19 your
1575 232 105 26 Majesty,

1307 263 47 27 We,
1365 272 56 19 your
1432 265 115 26 Majesty's
1558 270 58 17 most
1625 265 59 26 loyal
1693 266 103 27 subjects,
1808 273 58 14 mer-

1281 289 83 28 chants,
1382 290 45 22 and
1449 293 80 24 others,
1547 292 99 21 resident
1662 293 22 20 in
1705 293 96 26 Sydney,
1821 293 44 20 and

1282 317 130 27 proprietors
1422 317 26 21 of
1458 317 54 21 land
1526 318 24 22 in
1568 319 55 21 New
1639 317 106 27 Zealand,
1757 319 42 26 bag
1809 325 58 15 most

1282 343 139 27 respectfully
1432 348 21 17 to
1470 345 110 26 approach
1592 352 55 19 your
1658 345 94 27 Majesty
1764 345 51 21 with
1832 352 33 14 as-

1281 369 138 22 surancesof
1430 370 84 22 sincere
1525 371 44 21 and
1583 371 96 21 devoted
1693 371 137 21 attachment
1843 375 22 17 to

1280 402 55 19 your
1347 395 114 28 Majesty's
1472 404 77 19 person
1560 397 43 21 and
1619 400 151 24 government,
1783 397 44 22 and
1842 404 23 15 :o

1281 428 87 20 express
1378 430 40 14 our
1433 423 95 26 grateful
1538 424 230 26 acknowledgements
1784 424 34 21 for
1827 424 38 21 the

1281 450 120 24 unceasing
1411 449 92 21 interest
1512 457 56 18 your
1583 450 98 27 Majesty
1690 451 39 21 has
1747 450 55 22 been
1816 458 49 18 gra-

1281 473 83 28 ciously
1371 475 88 26 pleased
1468 479 21 18 to
1500 475 57 26 take,
1567 477 22 21 in
1599 477 123 26 promoting
1732 476 36 21 the
1776 477 88 21 welfare

1281 500 24 20 of
1311 508 56 19 your
1376 502 115 27 Majesty's
1500 502 95 27 subjects
1603 503 23 21 in
1635 503 44 22 this
1686 507 82 17 remote
1777 503 86 27 portion

1281 527 24 20 of
1316 527 37 22 the
1365 527 79 23 British
1455 529 133 21 dominions.

1307 553 40 21 We
1365 554 79 27 would,
1461 555 23 21 in
1502 562 27 14 an
1554 555 94 27 especial
1667 562 99 19 manner,
1794 555 70 22 thank

1279 587 55 18 your
1347 581 94 26 Majesty
1450 581 35 21 for
1495 581 37 21 the
1542 582 100 26 gracious
1650 582 161 22 consideration
1820 583 43 21 and

1279 613 49 14 care
1338 607 131 21 manifested
1481 608 93 21 towards
1586 608 46 21 that
1642 613 49 21 part
1702 608 26 21 of
1734 609 35 21 the
1781 609 81 21 .British

1280 634 81 25 empire
1379 634 52 20 with
1443 634 69 21 which
1531 642 30 14 we
1578 641 37 15 are
1632 641 61 15 more
1709 635 153 26 immediately

1279 660 122 21 connected
1402 671 27 4 —
1431 660 36 21 the
1488 660 168 25 establishment
1675 661 27 21 of
1719 661 80 21 British
1822 661 40 21 law

1279 685 44 21 and
1333 686 111 26 authority
1458 687 22 20 in
1491 686 55 22 New
1557 687 105 25 Zealand,
1675 694 31 14 we
1717 688 64 20 value
1792 695 23 13 as
1826 688 36 20 the

1279 716 94 21 greatest
1391 713 97 27 blessing
1505 714 48 20 tliat
1566 714 66 21 could
1649 714 25 21 be
1690 713 121 27 conferred,
1824 719 38 16 not

1279 738 61 26 only.
1338 746 28 14 on
1376 747 56 19 your
1442 740 115 26 Majesty's
1566 740 98 27 subjects
1674 740 96 21 resident
1780 741 24 21 in
1815 740 48 22 that

1279 769 98 23 country,
1397 766 40 21 but
1453 773 28 14 on
1499 766 29 21 all
1545 766 37 21 the
1598 774 119 14 numerous
1739 767 122 27 aboriginal

1279 790 134 23 inhabitants
1428 793 25 20 of
1470 792 63 21 those
1547 792 132 28 interesting
1692 792 89 22 islands.
1822 793 40 21 We

1278 817 54 22 shall
1346 825 51 14 ever
1413 818 104 22 continue
1535 822 22 18 to
1573 819 83 22 admire
1672 827 56 18 your
1745 820 117 26 Majesty's

1279 844 88 22 wisdom
1383 845 24 21 in
1422 844 85 28 having
1521 846 97 21 selected
1634 845 54 23 such
1706 853 29 14 an
1752 846 49 21 able
1817 846 44 21 and

1279 870 95 22 efficient
1383 871 76 22 officer
1474 879 25 14 as
1508 871 93 28 Captain
1619 872 95 21 William
1726 872 101 26 Hobson,
1839 873 26 20 of

1279 896 35 21 the
1326 897 69 27 Royal
1408 898 71 27 Navy,
1491 902 22 17 to
1523 898 27 21 be
1559 906 57 19 your
1631 898 115 28 Majesty's
1761 900 101 20 minister

1279 922 43 22 and
1336 925 172 26 representative
1524 925 23 21 in
1565 925 55 21 New
1639 925 106 26 Zealand,
1762 926 46 21 and
1829 933 31 13 we

1277 948 91 28 humbly
1375 950 65 22 think
1448 951 47 22 that
1505 950 37 22 the
1554 952 97 25 wisdom,
1659 952 53 24 zeal,
1724 952 43 21 and
1778 959 81 19 energy

1277 976 71 21 winch
1359 977 26 21 he
1396 977 39 21 has
1452 976 114 28 displayed
1576 978 22 21 in
1609 977 37 22 the
1658 978 113 26 discharge
1787 979 26 20 of
1823 980 37 19 the

1278 1002 93 23 arduous
1386 1004 45 21 and
1445 1004 135 26 responsible
1595 1004 72 21 duties
1686 1004 99 27 imposed
1801 1012 59 19 upon

1278 1028 44 21 him
1339 1030 27 26 by
1381 1037 58 19 your
1457 1030 96 27 Maj»s:y
1569 1031 77 21 entitle
1663 1031 44 21 him
1727 1035 20 16 to
1764 1032 38 21 the
1823 1039 34 19 ap-

1279 1056 90 26 proving
1380 1056 163 22 considora'ion
1555 1058 25 20 of
1590 1065 57 19 your
1663 1058 101 26 Majesty,
1784 1058 44 21 and
1839 1063 21 16 to

1279 1082 35 21 die
1331 1086 85 23 respect
1430 1084 43 21 and
1490 1087 82 18 esteem
1588 1084 27 21 of
1626 1084 29 21 all
1671 1091 57 20 your
1745 1084 115 27 Majesty's

1277 1108 101 27 subjects.
1415 1110 92 26 Captain
1526 1110 90 22 Hob^on
1627 1111 40 21 has
1679 1112 53 20 been
1743 1110 38 22 the
1792 1112 69 20 fortu-

1279 1140 50 16 nate
1345 1136 136 21 instrument
1497 1136 24 21 of
1533 1137 122 26 extending
1671 1145 56 19 your
1746 1136 114 28 Majesty's!

1277 1162 131 25 dominions,
1420 1162 26 26 by
1459 1163 36 21 the
1504 1164 118 25 peaceable
1629 1164 152 27 acquirement
1790 1164 26 21 of
1823 1164 37 21 the

1277 1188 57 26 right
1349 1188 24 22 of
1387 1189 79 22 British
1483 1189 111 27 authority
1610 1197 52 14 over
1679 1190 35 21 ths
1729 1194 58 17 moat
1799 1190 61 22 valu-

1278 1215 48 20 able
1345 1215 42 21 and
1409 1216 113 21 extensive
1543 1216 82 21 islands
1648 1217 22 21 in
1695 1216 36 22 the
1754 1217 106 22 southern

1277 1240 137 29 hemisphere
1423 1250 4 19 ;
1444 1242 26 22 he
1481 1242 47 26 has,
1539 1250 121 19 moreover,
1672 1244 28 26 by
1709 1243 36 21 the
1755 1244 107 21 mildness

1278 1267 24 21 of
1308 1267 34 22 his
1350 1274 152 21 government,
1514 1269 37 22 the
1562 1270 110 26 equitable
1683 1270 176 21 administration

1277 1294 24 21 of
1309 1295 88 26 justice,
1409 1296 44 21 and
1465 1296 37 21 the
1519 1296 71 26 safety
1601 1296 45 21 and
1655 1297 94 25 security
1762 1297 100 20 afforded

1279 1324 20 17 to
1319 1321 37 22 life
1381 1321 44 22 and
1449 1326 111 23 property,
1582 1323 89 27 happily
1689 1322 123 22 succeeded
1837 1324 24 20 in

1277 1347 87 27 uniting
1379 1348 37 21 the
1434 1349 117 26 European
1568 1349 45 21 and
1629 1350 74 21 native
1724 1356 27 19 po
1761 1350 99 25 mlation,

1277 1373 44 21 and
1337 1374 73 27 firmly
1425 1375 113 27 attaching
1555 1375 61 22 them
1636 1380 22 17 to
1675 1383 56 20 your
1746 1376 116 27 Majesty's

1279 1404 153 23 government.

1304 1426 203 29 Notwithstanding
1526 1436 39 15 our
1585 1436 53 19 very
1658 1429 52 26 high
1726 1429 90 27 opinion
1838 1429 26 20 of

1279 1453 35 21 the
1334 1454 77 27 ability
1430 1455 45 21 and
1493 1456 104 27 integrity
1610 1456 25 20 of
1656 1456 91 27 Captain
1761 1456 101 26 Hobson,

1280 1487 30 14 we
1322 1485 71 22 regret
1404 1484 22 18 to
1437 1483 100 26 perceive
1548 1483 46 20 that
1604 1483 83 20 certain
1700 1489 96 20 persons,
1812 1483 51 20 sub-

1275 1506 58 26 jects
1343 1507 26 21 of
1381 1515 57 19 your
1446 1509 104 26 Majesty,
1568 1509 97 27 residing
1675 1512 23 18 at
1708 1509 51 21 PoU
1769 1509 94 21 Nichol-

1279 1540 48 16 son,
1338 1533 56 22 have
1406 1535 110 26 preferred
1527 1535 132 28 complaints
1669 1540 22 16 to
1701 1532 162 31 youfiSlajesty

1279 1559 85 26 against
1373 1561 93 27 Captain
1480 1562 100 26 Hobson,
1592 1562 70 21 which
1673 1569 32 14 we
1714 1567 83 16 cannot
1812 1562 51 27 help

1279 1586 90 27 looking
1378 1594 59 20 upon
1448 1596 24 14 as
1479 1589 144 26 exceedingly
1632 1589 112 26 frivolous,
1756 1589 45 21 and
1809 1589 55 21 alto-

1279 1612 78 26 gether
1374 1615 118 25 unworthy
1511 1615 27 21 of
1557 1622 57 20 your
1638 1615 115 27 Majesty's
1782 1616 81 21 notice.

1284 1639 70 23 While
1365 1647 32 14 we
1408 1641 95 27 entirely
1512 1641 132 28 disapprove
1654 1643 25 20 of
1691 1642 36 21 the
1735 1643 97 20 conduct
1842 1642 25 21 of

1281 1665 36 22 the
1326 1667 84 21 settlers
1421 1671 22 17 at
1459 1668 51 21 Port
1522 1668 130 26 Nicholson,
1671 1669 22 21 in
1712 1669 113 22 reference
1841 1672 24 17 to

1280 1699 56 20 your
1346 1696 56 18 most
1416 1695 102 25 gracious
1535 1695 116 26 Majesty's
1665 1695 137 22 Lieutenant
1818 1695 47 21 Go-

1282 1726 85 19 vernor,
1379 1720 45 21 and
1434 1721 114 27 reprobate
1558 1721 36 21 the
1605 1725 93 24 attempt
1707 1724 22 18 to
1740 1721 72 28 injure
1827 1721 38 22 the

1282 1745 113 23 character
1413 1747 45 21 and
1473 1749 126 26 reputation
1619 1747 26 22 of
1656 1756 24 13 so
1700 1748 101 22 valuable
1820 1748 45 22 and

1281 1772 11 21 f
1297 1773 71 23 lithful
1378 1780 14 14 a
1410 1777 90 19 servant
1509 1776 27 19 of
1546 1782 56 19 your
1612 1774 102 27 Majesty,
1732 1782 24 14 as
1772 1775 93 26 Captain

1285 1799 89 22 (lobsou
1385 1799 40 21 has
1441 1801 111 26 approved
1568 1801 92 21 himself
1672 1804 21 18 to
1705 1802 39 26 be;
1761 1808 32 15 we
1808 1806 59 16 must

1282 1825 44 22 still
1336 1827 152 21 commiserate
1500 1827 36 21 the
1547 1828 104 21 situation
1662 1828 25 21 of
1699 1827 36 21 the
1745 1827 55 22 New
1809 1828 56 21 Zea-

1281 1851 53 23 land
1344 1853 132 27 Company's
1487 1854 128 27 emigrants.
1643 1854 64 22 Theii
1729 1854 137 27 disappoint-

1283 1884 61 16 ment
1354 1879 43 21 and
1408 1880 116 27 sufferings
1535 1884 58 18 must
1604 1881 56 21 have
1667 1881 57 21 been
1738 1888 71 19 grear,
1827 1886 40 16 not

1282 1905 53 27 only
1352 1906 56 22 from
1419 1905 37 23 the
1465 1907 135 27 injudicious
1611 1914 93 15 manner
1713 1908 22 20 in
1748 1908 71 21 which
1830 1907 37 21 the

1282 1932 130 27 emigration
1423 1940 43 15 was
1477 1933 131 24 conducted,
1620 1934 38 21 but
1669 1933 55 22 from
1736 1934 35 22 the
1784 1935 83 26 impru-

1283 1959 53 23 dent
1343 1959 75 21 choice
1427 1960 51 27 they
1488 1960 57 22 have
1555 1961 65 21 made
1630 1960 26 21 of
1663 1968 13 13 a
1686 1960 127 22 settlement
1823 1961 44 21 and

1282 1984 57 22 •.'Liu"
1351 1985 33 21 fir
1391 1985 77 22 future
1479 1987 132 26 operations,
1632 1982 84 30 though
1736 1993 56 15 even
1811 1986 57 21 their

1284 2010 190 27 disappointment
1489 2011 45 22 and
1548 2015 73 24 regret
1639 2015 22 18 at
1677 2012 35 22 the
1724 2012 143 22 indiscretion

1284 2037 44 21 and
1338 2037 52 27 folly
1402 2037 51 28 they
1461 2038 56 22 have
1529 2038 134 27 committed,
1679 2043 82 17 cannot
1779 2040 28 25 by
1823 2046 45 19 any

1285 2071 75 15 means
1369 2064 89 26 palliate
1468 2065 58 22 their
1536 2065 74 21 attack
1618 2072 59 19 upon
1686 2072 56 21 yoiir
1752 2066 117 27 Majesty's

1284 2091 178 27 representative,
1473 2091 48 22 who
1531 2091 40 23 has
1582 2099 28 13 on
1621 2091 29 22 all
1660 2092 121 27 occasions,
1798 2093 71 21 mani-

1284 2118 71 21 fested
1364 2117 37 22 the
1411 2122 84 18 utmost
1503 2119 91 26 anxiety
1606 2122 21 17 to
1639 2119 97 26 mitigate
1752 2119 57 21 their
1823 2119 46 21 suf-

1284 2143 87 27 ferings,
1383 2144 46 22 and
1439 2149 22 17 to
1472 2145 80 21 render
1562 2145 58 21 their
1639 2145 111 22 condition
1768 2152 24 15 as
1809 2153 57 15 com-

1284 2169 92 23 fortable
1387 2178 24 14 as
1421 2171 102 27 possible.

1310 2196 57 22 That
1377 2204 57 20 your
1445 2198 97 27 Majesty
1550 2205 52 20 may
1612 2198 100 27 perceive
1724 2197 37 22 the
1772 2198 98 27 ground-

1284 2222 43 23 less
1346 2228 77 17 nature
1442 2224 26 22 of
1484 2224 37 22 the
1541 2225 91 26 charges
1652 2225 112 27 preferred
1783 2225 87 26 against

1285 2250 90 27 Captain
1389 2250 100 27 Hobson,
1508 2258 34 14 we
1556 2251 73 21 would
1642 2251 44 27 beg
1700 2252 62 21 leave
1780 2257 22 15 to
1812 2256 57 17 state

1285 2276 47 22 that
1343 2277 51 27 they
1409 2285 38 14 are
1465 2278 38 21 the
1523 2283 42 16 two
1584 2278 125 27 following:
1727 2279 56 21 First
1784 2290 27 3 —
1811 2278 59 22 That

1285 2303 91 27 Captain
1390 2304 91 22 Hobson
1492 2304 41 22 has
1543 2305 59 21 fixed
1613 2305 36 21 the
1660 2309 47 17 seat
1715 2305 25 21 of
1753 2312 56 20 your
1820 2305 49 21 Ma-

1282 2329 77 27 jesty's
1369 2330 155 22 Government
1534 2335 22 17 at
1566 2331 128 27 Auckland,
1712 2338 28 14 on
1759 2332 37 21 the
1812 2333 58 20 river

1284 2356 101 28 Thames,
1397 2357 87 21 instead
1495 2358 26 20 of
1533 2357 50 22 Port
1595 2358 130 21 Nicholson.
1759 2359 110 26 Secondly

1284 2394 27 4 —
1311 2383 58 22 That
1387 2384 93 27 Captain
1500 2384 92 22 Hobson
1611 2384 38 22 has
1661 2384 98 27 engaged
1775 2385 36 21 the
1824 2392 46 14 ser-

1286 2410 57 21 vices
1352 2410 26 21 of
1388 2417 61 15 some
1460 2411 113 21 labourers
1580 2411 97 26 brought
1685 2415 21 17 to
1715 2412 53 20 Port
1778 2412 92 21 Nichol-

1285 2443 39 15 son
1336 2441 21 17 at
1366 2436 38 22 the
1415 2444 97 20 expense
1528 2438 26 21 of
1565 2438 37 21 the
1618 2438 55 21 New
1688 2438 99 22 Zealand
1805 2439 65 21 Com-

1285 2470 66 20 pany.

1312 2489 26 22 In
1355 2490 79 26 regard
1449 2494 23 17 to
1489 2490 37 21 the
1542 2491 46 21 first
1606 2490 24 22 of
1648 2490 61 22 these
1726 2490 97 28 charges,
1836 2499 33 13 we

1286 2517 69 21 would
1366 2517 142 27 respectfully
1519 2518 83 21 submit
1611 2521 23 18 to
1644 2525 56 19 your
1708 2518 103 27 Mnjesty,
1822 2518 48 21 that

1288 2542 49 22 Porr
1347 2543 21 22 N
1378 2544 90 21 cholson
1480 2544 18 21 is
1508 2544 96 22 situated
1620 2547 23 18 at
1658 2544 37 21 the
1710 2549 98 17 extreme
1826 2544 44 21 end

1286 2569 24 21 of
1322 2570 37 21 the
1371 2570 83 26 Island,
1464 2570 50 22 that
1524 2571 17 20 it
1550 2572 18 20 is
1580 2578 12 14 a
1602 2570 95 22 harbour
1707 2571 28 24 by
1747 2578 29 14 no
1792 2578 78 14 means

1284 2596 46 22 safe
1341 2604 23 14 or
1373 2597 46 21 free
1433 2598 58 21 from
1500 2597 83 27 danger
1594 2603 22 15 to
1633 2598 66 26 ships,
1712 2596 47 23 that
1775 2597 61 22 there
1851 2598 18 21 is

1284 2622 63 27 little,
1358 2624 20 21 if
1389 2631 51 19 any,
1456 2624 58 27 good
1525 2631 23 14 or
1563 2624 108 21 available
1687 2624 53 21 lnnd
1755 2624 23 21 in
1792 2625 29 20 its
1839 2624 31 21 vi-

1286 2649 74 27 cinity,
1372 2650 44 22 and
1428 2651 47 21 that
1484 2650 57 21 from
1550 2650 38 22 the
1599 2655 78 17 nature
1688 2650 25 21 of
1720 2650 36 21 the
1766 2650 105 28 adjacent

1286 2683 99 20 county,
1403 2676 67 28 being
1480 2685 13 13 a
1507 2678 85 21 barrier
1608 2677 26 21 of
1644 2676 131 28 impassable
1792 2685 78 14 moun-

1286 2703 62 27 tains,
1359 2704 17 21 it
1385 2711 40 14 can
1437 2711 68 15 never
1514 2704 70 21 afford
1595 2703 37 22 the
1642 2711 77 14 means
1733 2705 22 19 of
1770 2711 99 14 commu-

1286 2730 95 21 nication
1401 2730 53 22 with
1473 2737 44 20 any
1536 2737 62 15 more
1618 2730 70 22 fertile
1706 2730 64 21 lands
1789 2731 22 20 in
1833 2730 37 21 the

1285 2756 96 27 interior,
1392 2756 21 22 if
1424 2756 54 23 such
1489 2756 63 23 exist.
1581 2756 126 27 Auckland,
1721 2764 26 13 on
1759 2757 38 21 rhe
1807 2756 64 22 other

1286 2782 66 28 hand,
1361 2783 19 22 is
1395 2783 97 22 situated
1507 2784 24 21 in
1547 2783 36 22 the
1602 2787 75 18 centre
1695 2784 25 21 of
1731 2783 37 22 the
1787 2783 81 27 Island,

1286 2815 53 16 near
1354 2817 12 14 a
1385 2811 66 25 good,
1467 2810 53 26 safe,
1538 2810 44 22 and
1599 2810 151 22 commodious
1766 2810 103 26 harbour,

1285 2836 137 22 surrounded
1432 2837 28 27 by
1468 2844 28 14 an
1507 2838 115 21 extensive
1634 2837 44 21 and
1688 2836 69 22 fertile
1766 2840 103 23 countiy,

1286 2862 108 28 affording
1415 2862 36 23 the
1474 2871 78 14 means
1569 2864 26 21 of
1613 2870 59 20 easy'
1683 2864 187 21 communication

1287 2888 50 23 with
1347 2889 37 22 the
1401 2889 102 23 different
1519 2893 59 24 parts
1594 2890 27 21 of
1638 2890 38 21 the
1693 2890 82 25 Island,
1787 2890 43 21 and
1848 2890 22 21 in

1287 2914 35 23 the
1332 2916 127 22 immediate
1470 2916 92 28 vicinity
1573 2918 26 20 of
1610 2916 37 22 the
1660 2917 66 21 finest
1735 2916 45 22 and
1790 2916 82 27 largest

1286 2946 55 18 tract
1355 2943 25 21 of
1392 2943 108 22 available
1518 2943 52 22 land
1584 2944 24 21 in
1627 2943 28 22 all
1672 2943 55 22 New
1743 2942 99 22 Zealand
1843 2954 29 4 —

1287 2968 35 22 the
1334 2969 71 27 valley
1416 2970 26 21 of
1453 2970 37 21 the
1500 2969 103 27 Thames,
1615 2977 24 14 or
1646 2973 62 23 great
1715 2970 51 26 glen
1778 2969 26 21 of
1815 2969 55 22 New

1286 2994 104 28 Zealand,
1408 2996 71 22 which
1496 2997 102 21 contains
1615 3000 23 17 at
1653 2996 38 21 the
1705 2996 77 21 lowest
1799 2996 73 21 calcu-

1286 3021 68 22 lation
1371 3030 43 14 one
1430 3022 83 22 million
1529 3029 61 16 acres
1608 3023 26 20 of
1650 3022 47 23 rich
1713 3022 91 21 alluvial
1822 3022 48 26 soil,

1286 3049 44 21 and
1340 3048 55 28 fully
1405 3048 109 29 adequate
1529 3057 20 14 >o
1564 3048 70 23 afford
1651 3053 138 22 sustenance,
1801 3048 71 22 under

1286 3082 78 20 proper
1373 3075 137 27 cultivation,
1522 3080 23 17 to
1554 3076 50 22 half
1615 3076 37 21 the
1663 3075 127 29 population
1801 3075 26 21 of
1834 3075 36 21 the

1288 3102 78 21 British
1378 3102 96 26 Empire.

1314 3128 26 22 In
1352 3128 122 28 preferring
1483 3128 38 23 the
1536 3128 82 23 second
1635 3128 87 27 charge,
1735 3127 37 22 the
1785 3127 87 22 settlers

1286 3158 22 17 at
1324 3156 52 21 Port
1392 3155 123 22 Nicholson
1531 3155 52 23 bear
1599 3155 141 27 involuntary
1750 3154 120 26 testimony

1286 3184 22 18 to
1319 3182 35 21 the
1364 3182 49 21 zeal
1423 3182 45 22 and
1484 3182 117 27 humanity
1618 3182 25 21 of
1655 3182 92 26 Captain
1767 3181 102 24 Hobson,

1285 3207 23 22 in
1318 3215 24 15 so
1352 3209 34 21 far
1395 3216 25 14 as
1433 3208 38 22 the
1481 3216 53 14 men
1545 3208 73 22 whose
1628 3208 95 21 services
1732 3207 28 21 he
1771 3203 100 31 engaged

1286 3241 56 15 were
1352 3238 23 19 at
1384 3235 37 22 the
1437 3236 54 21 »ime
1500 3235 45 22 idle
1560 3235 45 22 and
1620 3234 151 27 unemployed
1786 3238 23 17 at
1820 3234 52 21 Port

1286 3260 128 28 Nicholson,
1430 3261 45 22 and
1493 3269 28 14 on
1538 3262 37 21 the
1592 3268 40 15 eve
1648 3261 25 22 of
1684 3261 66 26 being
1766 3260 106 22 removed

1286 3287 123 27 altogether
1424 3288 57 22 from
1571 3288 106 25 Zealand,
1695 3294 13 14 a
1724 3287 50 26 ship
1787 3287 85 26 having

1286 3313 55 22 been
1352 3315 116 22 chartered
1477 3318 23 18 at
1508 3314 38 22 the
1557 3315 52 21 time
1620 3318 23 17 at
1660 3314 87 21 Hobart
1761 3313 68 21 Town
1837 3316 34 26 tto

1286 3347 84 21 convey
1380 3342 61 21 them
1453 3345 21 17 to
1485 3341 50 22 Van
1545 3341 117 22 Dieman's
1672 3339 70 22 Land.
1778 3339 92 27 Captain

1289 3367 88 22 Hobson
1394 3367 118 28 employed
1528 3368 61 21 these
1606 3367 113 22 labourers
1729 3367 23 21 in
1762 3366 37 21 the
1810 3373 60 15 erec-

1286 3393 45 22 tion
1342 3394 26 21 of
1378 3394 112 27 buildings
1499 3401 117 19 necessary
1628 3396 33 19 tor
1670 3393 37 22 the
1718 3393 152 22 establisment

1286 3421 43 20 and
1339 3421 156 22 maintenance
1510 3421 28 20 of
1548 3421 161 24 Government,
1721 3419 50 21 and-
1780 3419 36 21 the
1827 3419 44 21 dis-

1286 3447 66 26 patch
1361 3447 26 22 of
1397 3447 74 28 public
1481 3447 107 26 business,
1601 3446 44 22 and
1655 3445 116 23 conferred
1780 3453 14 14 a
1804 3446 74 27 bene-^

1285 3473 25 21 fit
1320 3481 28 14 on
1357 3474 38 21 the
1406 3477 100 24 country,
1519 3477 39 18 not
1568 3473 53 27 only
1632 3473 28 27 by
1670 3480 24 14 so
1705 3472 75 26 doing,
1793 3473 39 21 but
1842 3473 33 27 btf
1869 3491 5 8 3
1875 3487 3 10 ,

1285 3499 67 28 being
1361 3500 37 21 the
1408 3507 78 15 means
1495 3500 26 21 of
1533 3499 132 29 preventing
1674 3499 56 22 their
1739 3495 139 36 removal^

1286 3526 93 22 another
1390 3527 94 27 colony.-
1830 3522 48 36 $$\

1312 3553 40 21 We
1361 3553 73 22 would
1444 3552 111 27 earnestly
1570 3551 44 23 and
1623 3550 143 29 respectfully
1782 3554 96 25 entr.eatf

1286 3578 48 24 that
1342 3587 57 20 your
1408 3579 98 28 Majesty
1514 3579 71 21 would
1595 3579 28 21 be
1634 3577 87 28 pleased
1731 3581 22 17 to
1764 3581 114 20 continue-,

1286 3608 22 18 to
1317 3614 26 14 us
1350 3605 38 23 the
1398 3605 102 23 valuable
1519 3605 96 21 services
1625 3604 26 21 of
1662 3604 91 26 Captain
1768 3602 110 25 Hobs-iiiS'

1286 3631 71 23 whose
1363 3635 64 24 great
1435 3632 82 22 talents
1526 3631 83 26 ability,
1626 3631 105 30 integrity
1746 3629 46 23 and
1806 3628 72 24 inHe^i

1286 3659 113 26 pendence
1408 3659 25 21 of
1444 3658 121 25 character,
1583 3657 101 26 together
1701 3655 51 22 with
1764 3656 38 22 the
1812 3653 66 36 m;^

1285 3685 101 23 intimate
1399 3685 162 28 acquaintance
1572 3682 51 22 with
1634 3683 55 21 New
1700 3682 106 27 Zealand,
1814 3682 60 25 /a'nir

1286 3711 108 27 thorough
1403 3711 133 26 knowledge
1545 3710 26 22 of
1582 3709 36 22 the
1635 3709 72 22 habits
1717 3708 45 22 and
1770 3706 102 32 custofths,

1286 3738 25 22 of
1317 3739 36 21 the
1362 3737 75 23 native
1448 3737 135 28 population,
1595 3734 173 29 pre-eminently
1783 3732 86 35 qualify

1286 3765 45 21 him
1338 3765 35 21 for
1380 3764 37 22 the
1424 3770 80 21 proper
1511 3762 177 23 administration
1694 3761 27 21 of
1723 3761 146 29 ju'stijce^Va'nd

1285 3791 34 21 for
1328 3790 130 26 arbitrating
1468 3789 45 22 and
1520 3789 91 25 settling
1620 3788 36 22 the
1667 3788 77 22 claims
1753 3788 27 21 of
1783 3788 85 23 •British

1284 3817 96 30 subjects
1390 3820 23 18 to
1422 3815 65 23 lands
1493 3816 24 20 in
1528 3815 54 22 New
1593 3814 105 22 Zealand.
1728 3824 4 13 :
1735 3816 8 11 r
1747 3828 14 16 .,
1763 3829 5 13 :
1767 3818 15 19 it
1794 3814 28 22 -,'"

1313 3843 39 22 We
1361 3842 74 22 would
1444 3842 86 22 further
1539 3842 83 22 submit
1632 3841 47 21 that
1687 3839 147 34 the^rerripral
1846 3842 26 21 of

1284 3869 92 28 Captain
1389 3868 93 22 Hobson
1491 3868 57 22 from
1559 3868 36 21 the
1606 3867 195 31 Governmei^.of
1811 3868 56 21 New

1283 3890 107 35 Zealand,
1400 3894 74 25 would
1483 3894 29 23 be
1521 3898 40 19 not
1570 3894 53 28 only
1634 3894 37 22 the
1680 3897 98 26 greatest
1793 3894 74 29 injury

1296 3912 8 44 1
1675 3917 96 39 &SF

518 35 100 32 THB
635 32 112 35 NEW
757 34 228 33 ZEALAND
1006 35 226 32 GAZETTE
1249 34 103 32 AND
1370 32 325 35 WELLINGTON
1715 35 291 32 SPECTATOR.

1895 116 47 22 that
1959 117 64 22 could
2041 117 28 22 be
2088 117 97 22 inflicted
2203 124 28 15 on
2250 118 36 21 the
2302 118 135 23 inhabitants
2448 118 26 23 of

1896 143 53 22 New
1957 143 98 22 Zealand
2067 143 20 21 in
2098 144 96 27 general,
2214 145 39 21 but
2269 152 55 14 even
2336 153 28 13 on
2381 145 36 21 the
2427 150 43 17 set-

1895 170 52 21 tlers
1957 170 25 20 of
1996 171 50 21 Port
2056 170 120 22 Nicholson
2187 170 137 27 themselves,
2337 172 26 21 in*
2369 174 29 25 so]
2403 171 33 23 for
2444 179 26 14 a*

1894 196 53 21 such
1967 203 13 14 a
1997 197 158 21 circumstance
2173 197 72 21 would
2262 197 25 21 be
2305 196 39 23 the
2361 197 112 24 means,of

1895 223 110 26 deferring
2023 223 37 21 the
2078 223 126 21 settlement
2213 224 25 20 of
2249 223 76 21 claims
2342 227 22 19 to
2378 224 54 22 land
2446 225 24 21 in

1896 249 53 20 New
1960 248 97 22 Zealand
2067 249 33 21 for
2110 254 21 16 at
2142 249 54 21 least
2204 249 75 21 twelve
2288 249 89 22 months
2387 250 84 27 longer,

1895 282 22 14 as
1929 274 46 22 well
1983 275 26 21 of
2022 276 127 26 preventing
2154 274 38 22 the
2200 280 162 23 improvement
2370 276 45 21 and
2425 276 46 22 cul-

1895 301 90 21 tivation
1996 301 25 21 of
2033 301 36 21 the
2080 302 46 25 soil,
2142 301 45 21 and
2203 301 36 22 the
2253 302 116 22 successful
2386 303 85 26 pursuit

1895 327 25 21 of
1928 334 63 19 every
2002 327 82 22 branch
2096 328 23 21 of
2125 327 141 27 agricultural
2276 328 45 22 and
2330 328 141 22 commercial

1895 353 106 27 indvistry.

1921 380 91 27 Hoping
2022 379 47 21 that
2077 387 54 19 your
2142 380 96 27 Majesty
2250 380 41 22 will
2301 381 28 21 he
2346 380 88 28 pleased
2447 385 23 18 to

1895 406 50 21 take
1963 411 47 17 into
2029 406 160 22 consideration
2215 407 36 21 the
2269 407 104 26 injustice
2392 407 25 21 of
2436 415 34 14 re-

1895 433 88 25 moving
2000 440 12 13 a
2032 432 86 22 faithful
2137 433 43 21 and
2203 433 161 22 conscientious
2382 438 90 18 servant

1895 459 89 21 without
1995 467 43 18 any
2054 460 46 26 just
2110 466 64 14 cause
2191 460 25 19 of
2227 460 125 26 complaint,
2373 460 45 21 and
2433 461 38 21 the

1893 486 82 20 serious
1985 485 73 27 injury
2070 485 46 22 that
2126 486 70 21 would
2208 486 26 21 be
2244 486 99 22 inflicted
2356 493 28 14 on
2398 494 28 13 an
2436 487 36 21 in-

1894 511 47 21 fant
1950 511 79 27 colony
2039 512 28 26 by
2079 512 122 26 entrusting
2211 517 21 16 to
2243 520 12 13 a
2265 515 101 25 stranger
2380 513 36 21 the
2432 513 39 21 ad-

1893 538 145 21 ministration
2050 538 26 21 of
2086 538 27 21 its
2121 543 146 22 government
2286 541 23 18 at
2318 547 24 13 so
2351 540 120 25 important

1893 564 43 21 and
1947 564 82 22 critical
2040 572 11 13 a
2063 565 51 21 time
2133 572 23 13 as
2177 564 36 22 the
2232 569 94 23 present,
2348 573 32 13 wa
2400 566 71 21 would

1893 590 90 26 humbly
1995 591 43 21 and
2049 591 107 27 earnestly
2172 591 70 21 solicit
2252 591 47 21 that
2308 599 57 19 your
2375 592 96 26 Majesty

1893 616 70 23 would
1971 617 27 22 be
2016 618 122 26 graciously
2157 617 89 27 pleased
2265 621 21 18 to
2306 616 112 28 disregard
2433 618 38 22 the

1893 643 90 22 factious
1994 644 122 25 opposition
2131 644 45 21 and
2192 644 104 21 frivolous
2312 644 120 27 complaint
2449 645 25 21 of

1892 669 36 21 the
1940 670 51 21 Port
2008 670 120 21 Nichobon
2148 670 93 26 settlers,
2261 670 44 21 and
2325 670 104 22 continue
2449 675 22 17 to

1894 696 53 21 New
1957 696 99 21 Zealand
2066 696 36 21 the
2114 696 99 22 valuable
2222 697 94 22 services
2333 697 24 21 of
2372 697 36 20 the
2422 704 49 19 pre-

1891 726 49 17 sent
1950 722 121 26 Governor,
2084 723 21 20 in
2117 722 73 21 whose
2204 724 97 24 wisdom,
2323 724 82 26 equity,
2426 723 45 22 and

1891 748 138 26 experience,
2041 756 31 13 we
2083 748 54 22 have
2149 748 36 22 the
2197 749 72 22 fullest
2278 749 138 22 confidence.

1918 774 52 21 And
1979 782 57 19 your
2054 775 128 27 peticioners
2198 782 24 15 as
2238 776 22 21 in
2277 776 55 27 duty
2342 775 75 22 bound
2427 775 44 22 will

1892 808 51 15 ever
1953 808 61 21 pray,
2030 802 39 21 &c.

904 1747 119 21 NOTICE.

694 1774 20 21 A
726 1774 140 27 supplement
875 1774 45 21 will
930 1773 25 22 be
971 1773 74 23 issued
1061 1781 29 14 on
1108 1773 106 28 Monday,
1232 1778 22 18 at

667 1801 26 20 12
703 1800 93 27 o'clock,
807 1800 131 27 containing
946 1807 13 14 a
969 1800 38 22 full
1020 1804 73 23 report
1110 1801 24 21 of
1152 1801 36 21 the
1206 1808 48 20 pro-

666 1827 104 26 ceedings
781 1830 22 18 at
813 1827 38 21 the
862 1827 80 21 dinner
951 1832 22 15 *»t
983 1827 70 22 which
1066 1827 58 22 Lord
1134 1827 21 22 J.
1167 1827 86 22 Russell

667 1860 43 14 was
722 1853 136 22 entertained
870 1854 30 26 by
908 1853 37 21 the
957 1853 54 22 New
1022 1853 99 22 Zealand
1133 1854 120 27 Company.

667 1879 85 22 Should
762 1887 32 15 we
804 1880 56 21 have
872 1887 71 20 space,
955 1887 30 14 we
997 1881 45 21 will
1051 1881 68 21 insert
1127 1881 63 21 other
1200 1886 55 16 mat-

666 1910 34 17 ter
708 1906 78 26 which,
793 1907 57 21 from
860 1913 58 15 want
927 1907 23 21 of
959 1914 68 19 room,
1035 1907 40 21 has
1082 1907 58 22 been
1148 1907 107 23 excluded

666 1933 57 21 from
734 1937 21 17 to
767 1933 61 26 day's
837 1940 75 19 paper.
