2529 3980
1874 3859 74 17 Printed
1952 3860 134 21 andpublished
2093 3865 52 16 every
2152 3861 89 20 Saturday
2248 3862 88 19 morning,
2343 3861 23 20 by
2373 3861 80 16 Samdei

1895 3881 88 18 Revak*,
1994 3883 19 14 at
2024 3881 30 16 the
2067 3882 53 16 Office
2131 3882 19 15 of
2162 3882 32 16 the
2206 3882 47 16 New
2260 3882 98 16 Zkalaxd
2366 3881 87 16 Gazette

1895 3905 41 12 *V
1931 3905 25 12 0
1943 3902 133 16 Wjjllivgtom
2084 3902 118 18 Smctatok,
2211 3902 152 21 Ttraiuki-plMci,
2372 3901 81 20 Wollinp-

1894 3923 36 18 t«n,
1940 3922 41 16 Port
1990 3922 104 19 X*ieh«)v»n,
2104 3923 41 16 V*v
2154 3923 86 17 Zealand.

517 44 100 32 THE
634 43 112 33 NEW
764 45 228 32 ZEALAND
1009 45 219 32 GAZETTE
1244 45 104 32 AND
1367 45 329 32 WELLINGTON
1720 44 295 33 SPECTATOR.

1389 128 70 21 New
1472 127 122 22 Zealand
1608 128 150 26 Company.

1280 161 96 28 Capital,
1389 161 119 27 £100,000,
1522 161 24 21 in
1555 163 56 19 4000
1619 161 82 22 Shares
1710 160 26 22 of
1746 160 47 22 £25
1803 158 64 29 each,

1504 187 31 22 all
1543 187 53 27 paid
1604 194 38 21 up.

1414 220 101 17 Governor:
1530 220 74 18 Joskvh
1612 221 71 19 Soxxi,
1691 220 44 20 Esq.

1343 247 181 22 Deputy-Governor:
1536 248 49 16 Hon.
1589 247 74 17 Francis
1669 247 74 20 Baring.
1750 247 54 19 M.P.,

1515 278 119 14 SIBECTOKt:

1364 300 89 18 Viscount
1459 301 87 21 Ingestre,
1553 302 53 19 M.P.,

1364 321 47 18 lord
1419 322 57 19 Petre,

1363 342 64 21 Henry
1433 342 23 17 A.
1463 342 93 21 Aglionby,
1566 342 48 21 Esq.,
1621 342 55 21 M.P.,

1362 363 49 16 John
1419 363 82 16 EUorker
1506 363 89 19 Boulcott,
1607 363 49 21 Esq.,

1362 383 50 17 John
1419 384 79 16 William
1505 384 74 19 Buckle,
1585 384 48 21 Esq.,

1363 403 74 17 Russell
1445 404 62 19 Ellice,
1515 405 49 19 Esq.,

1362 424 63 17 James
1432 424 66 17 Robert
1506 425 72 19 Gowej,
1585 424 49 21 Esq.,

1361 444 50 17 John
1419 445 54 19 Hine,
1481 445 48 20 Esq.,

1363 464 81 17 William
1451 466 52 19 Hutt,
1512 466 48 20 Esq.,
1572 466 53 19 M.P.,

1362 485 76 17 Stewart
1445 486 127 20 Majoribanks,
1585 487 48 20 Esq.,

1361 506 104 17 Alexander
1472 506 62 20 Nairn,
1543 507 49 20 Esq.,

1361 526 49 17 John
1418 527 52 19 Pirie,
1479 527 48 21 Esq.,
1535 527 103 19 Alderman,

1362 548 28 15 Sir
1397 548 68 19 George
1472 548 81 19 Sinclair,
1562 548 54 20 Bart.,
1625 548 54 20 M.P.,

1362 567 30 17 Sir
1399 568 28 16 W.
1434 568 57 16 Moles
1494 568 60 19 worth,
1563 568 54 20 Bart.,
1625 569 55 19 M.P.,

1360 588 49 16 John
1417 589 44 16 Abel
1468 589 64 19 Smith,
1541 589 49 20 Esq.,
1600 589 54 19 M.P.,

1360 608 48 17 Win.
1420 610 109 19 Thompson,
1543 610 49 19 Esq.,
1606 610 105 19 Alderman,
1727 609 52 20 M.P.,

1360 629 49 16 Hon.
1418 629 94 17 Frederick
1520 630 36 17 Jas.
1564 630 120 20 Tollemache,
1694 630 53 20 M.P.,

1360 650 78 16 Edward
1446 651 20 15 G.
1474 650 103 20 Wakefleld,
1583 652 37 19 Esq
1627 662 6 9 ,

1360 670 29 17 Sir
1397 671 63 19 Henry
1468 671 61 19 Webb,
1538 671 55 20 Bart.,

1360 691 70 17 Arthur
1437 691 64 19 Willis,
1510 692 48 19 Esq.,

1362 711 68 21 George
1438 712 96 16 Frederick
1541 712 71 20 Young,
1619 712 44 20 Esq.

1423 739 101 21 Secretary:
1536 739 53 17 John
1596 739 69 19 Wabd,
1674 739 43 21 Esq.

1278 765 91 48 THE
1378 766 61 21 main
1449 766 96 22 features
1552 767 26 21 of
1584 766 37 22 the
1628 770 84 23 system
1720 766 26 21 of
1752 765 113 23 coloniza-

1351 793 48 21 tion
1409 792 95 27 adopted
1514 793 30 26 by
1555 793 37 21 the
1604 793 123 26 Company,
1743 800 44 18 are,
1790 805 31 4 —
1823 794 40 25 Ist,

1276 818 36 21 the
1322 818 48 22 sale
1379 819 26 21 of
1415 819 72 26 lands,
1501 822 23 18 at
1538 826 28 15 an
1580 819 99 22 uniform
1693 819 46 21 and
1753 819 112 22 sufficient

1277 844 69 27 price;
1365 845 46 21 and
1425 845 75 27 2ndly,
1517 845 36 22 the
1569 846 154 27 employment
1737 845 26 22 of
1775 853 13 13 a
1802 845 62 28 large

1276 871 86 26 portion
1374 872 26 21 of
1405 872 37 22 the
1452 872 209 27 purchase-money,
1672 880 23 14 as
1705 880 30 14 an
1745 872 119 27 Immigra-

1275 898 45 21 tion
1331 898 74 22 Fund.
1434 899 28 21 In
1473 899 61 21 these
1543 902 104 25 respects,
1664 899 37 21 the
1712 899 119 27 principles
1841 900 26 21 of

1276 924 69 22 South
1358 925 114 21 Australia
1487 925 56 22 have
1559 927 55 20 been
1630 925 105 22 followed
1746 933 24 14 as
1785 926 79 27 nearly

1275 958 23 14 as
1315 951 174 23 circumstances
1505 952 79 27 would,
1603 953 23 21 in
1642 953 38 21 the
1698 956 90 24 present
1804 960 57 21 case,

1275 978 89 26 permit.

1300 1004 48 21 The
1362 1005 73 26 grand
1451 1005 73 26 object
1538 1005 26 21 of
1578 1005 38 22 the
1630 1012 57 20 new,
1701 1012 26 14 or
1738 1005 123 28 improved,

1273 1034 84 23 system
1368 1031 26 21 of
1404 1031 38 21 the
1452 1031 96 28 disposal
1563 1033 27 21 of
1604 1031 97 22 colonial
1715 1031 71 27 lands,
1804 1033 19 21 is
1840 1036 22 18 to

1274 1057 99 26 regulate
1388 1057 38 22 the
1440 1058 80 29 supply
1535 1059 27 21 of
1576 1066 49 14 new
1640 1058 61 26 land,
1718 1059 31 26 by
1764 1059 37 21 the
1815 1059 47 22 real

1274 1087 70 18 wants
1356 1084 27 21 of
1395 1085 38 21 the
1450 1085 116 26 Colonists,
1582 1092 24 15 so
1621 1085 49 21 that
1684 1085 38 21 the
1737 1085 53 21 land
1805 1085 58 23 shall

1274 1117 67 14 never
1359 1111 27 21 be
1405 1111 72 21 either
1495 1112 189 27 superabundant,
1705 1119 27 14 or
1749 1111 111 28 deficient,

1272 1136 72 22 either
1359 1141 38 17 too
1414 1138 76 32 cheap,
1508 1145 25 15 or
1552 1143 37 17 too
1607 1139 59 21 dear.
1706 1139 23 21 It
1745 1139 41 21 has
1804 1139 57 22 been

1272 1163 76 21 shown
1359 1163 49 22 that
1417 1164 37 22 the
1465 1165 43 21 due
1520 1165 129 28 proportion
1664 1165 102 22 between
1781 1166 80 27 people

1272 1189 44 22 and
1323 1190 55 22 land
1384 1198 53 20 may
1442 1191 28 21 be
1478 1192 126 27 constantly
1611 1192 92 21 secured
1710 1192 30 27 by
1746 1192 115 22 abandon-

1272 1217 38 26 ing
1319 1217 38 21 the
1369 1217 36 21 old
1416 1221 82 24 system
1510 1218 26 21 of
1546 1226 96 19 grants,
1653 1219 45 21 and
1708 1219 114 27 requiring
1832 1227 28 14 an

1272 1243 99 22 uniform
1380 1245 60 26 price
1451 1252 39 19 per
1498 1252 57 19 acre,
1571 1245 34 21 for
1614 1245 29 21 all
1654 1252 48 14 new
1712 1245 72 27 lands,
1795 1247 66 20 with-

1273 1271 174 26 outexception.
1475 1271 25 21 If
1512 1271 36 21 the
1557 1272 61 27 price
1629 1272 29 21 be
1672 1275 40 18 not
1727 1275 36 18 too
1776 1271 50 28 low,
1842 1273 19 21 it

1272 1296 73 22 deters
1352 1297 137 26 speculators
1498 1297 57 22 from
1571 1299 117 26 obtaining
1701 1298 62 27 land,
1779 1297 53 23 with
1847 1308 14 13 a

1273 1323 53 21 view
1334 1327 25 17 to
1369 1324 90 27 leaving
1468 1323 57 22 their
1533 1329 106 27 property
1647 1325 24 21 in
1682 1332 13 14 a
1706 1325 74 21 desert
1793 1329 65 24 state,

1271 1350 44 20 and
1327 1350 54 22 thus
1395 1354 104 23 prevents
1508 1351 109 26 injurious
1626 1351 124 28 dispersion
1757 1360 5 19 ;
1777 1352 18 21 it
1805 1352 53 28 also,

1272 1377 28 26 by
1309 1376 138 27 compelling
1454 1384 66 20 every
1527 1377 103 23 labourer
1638 1381 23 19 to
1668 1379 62 21 work
1737 1379 34 21 for
1779 1386 79 20 wages,

1272 1403 53 21 until
1337 1403 29 21 he
1376 1403 40 21 has
1426 1403 67 22 saved
1507 1404 37 21 the
1555 1405 54 27 only
1618 1412 78 14 means
1706 1406 27 20 of
1744 1406 117 27 obtaining

1270 1429 60 26 land,
1341 1430 87 21 insures
1442 1438 15 13 a
1470 1431 80 26 supply
1565 1431 27 21 of
1600 1431 81 22 labour
1694 1432 37 21 for
1745 1432 54 22 hire.
1830 1433 27 27 If,

1270 1463 28 14 on
1308 1456 39 21 the
1358 1456 64 21 other
1431 1457 67 27 hand,
1515 1457 37 21 the
1562 1458 59 26 price
1631 1458 28 22 be
1669 1462 41 18 not
1719 1462 38 18 too
1766 1459 60 26 high,
1842 1459 18 22 it

1271 1482 86 22 neither
1366 1483 100 22 confines
1475 1484 38 20 the
1524 1484 86 22 settlers
1625 1485 76 21 within
1717 1493 14 13 a
1744 1493 65 19 space
1825 1486 34 22 in-

1270 1510 160 26 conveniently
1445 1517 93 20 narrow,
1555 1518 41 14 nor
1612 1511 53 22 does
1679 1512 17 20 it
1713 1515 94 24 prevent
1820 1513 38 21 the

1270 1535 78 28 thrifty
1362 1536 104 22 labourer
1479 1537 58 21 from
1551 1537 119 28 becoming
1685 1546 13 13 a
1710 1539 147 28 land-owner,

1270 1562 56 21 after
1336 1563 102 27 working
1448 1570 60 14 some
1519 1564 53 21 time
1582 1565 34 21 for
1626 1572 81 19 wages.

1298 1590 19 20 A
1335 1589 119 27 sufficient,
1471 1591 41 20 but
1530 1595 40 17 not
1588 1598 62 14 more
1670 1591 55 22 than
1745 1592 113 22 sufficient

1270 1615 58 27 price
1339 1616 37 21 for
1387 1616 31 21 all
1431 1623 48 15 new
1494 1617 60 27 land,
1571 1617 19 22 is
1604 1617 38 22 the
1658 1619 61 21 main
1735 1619 85 21 feature
1835 1620 26 20 of

1270 1642 36 21 the
1324 1649 51 14 new
1390 1645 82 25 system
1488 1644 26 20 of
1530 1644 157 22 colonization.
1720 1645 23 21 It
1757 1645 100 22 obviates

1268 1675 68 20 every
1347 1676 85 20 species
1448 1670 25 21 of
1486 1670 113 27 bondage;
1618 1671 31 27 by
1663 1672 120 27 providing
1797 1680 61 14 com-

1269 1695 89 22 binable
1367 1696 85 26 labour,
1463 1696 18 21 it
1489 1697 91 21 renders
1588 1697 103 28 industry
1698 1706 55 19 very
1762 1699 95 26 produc-

1270 1722 49 25 tive,
1331 1722 46 21 and
1385 1722 121 22 maintains
1515 1723 54 21 both
1578 1724 54 26 high
1649 1731 79 20 wages,
1744 1725 45 21 and
1803 1725 53 27 high

1269 1748 87 27 profits;
1379 1749 18 21 it
1412 1749 77 22 makes
1507 1750 38 21 the
1563 1750 80 27 colony
1660 1758 24 14 as
1700 1751 116 22 attractive
1833 1760 23 14 as

1269 1774 102 28 possible,
1386 1775 55 21 both
1456 1779 23 18 to
1494 1776 120 28 capitalists
1630 1778 45 20 and
1690 1781 23 18 to
1727 1778 127 27 labourers;

1268 1801 44 21 and
1322 1805 41 18 not
1372 1802 86 27 merely
1466 1805 23 18 to
1498 1802 69 28 these,
1580 1804 41 21 but
1630 1804 54 27 also,
1694 1804 31 27 by
1734 1805 124 27 bestowing

1268 1835 29 14 on
1312 1828 37 21 the
1361 1828 88 27 colony,
1466 1829 37 21 the
1514 1830 72 21 better
1600 1830 117 22 attributes
1733 1831 26 21 of
1774 1838 30 14 an
1820 1832 37 22 old

1267 1854 91 28 society,
1370 1858 22 18 to
1401 1855 62 22 those
1471 1856 49 21 who
1527 1856 58 22 have
1593 1864 13 14 a
1613 1856 90 22 distaste
1711 1858 34 20 for
1752 1858 59 22 what
1816 1859 40 21 has

1268 1880 124 23 heretofore
1402 1882 58 21 been
1470 1882 38 23 the
1521 1883 112 27 primitive
1643 1884 115 22 condition
1769 1885 26 21 of
1806 1892 50 15 new

1267 1907 108 23 colonies.

1293 1934 48 22 The
1350 1938 64 24 great
1424 1935 73 27 object
1506 1936 26 21 of
1541 1936 38 21 the
1589 1936 60 28 price
1659 1937 20 21 is
1690 1941 23 18 to
1727 1945 78 14 secure
1818 1938 38 22 the

1267 1965 58 17 most
1334 1962 109 21 desirable
1454 1963 139 25 proportions
1601 1964 101 21 between
1717 1964 79 27 people
1811 1965 45 21 and

1266 1986 53 21 land
1325 1994 6 18 ;
1348 1988 40 20 but
1397 1987 38 21 the
1445 1988 53 26 plan
1508 1988 40 21 has
1557 1989 38 20 the
1602 1989 87 21 further
1695 1990 71 21 result
1772 1991 27 20 of
1805 1998 51 20 pro-

1266 2012 84 28 ducing
1360 2020 14 14 a
1383 2021 105 19 revenue,
1504 2014 73 21 which
1592 2015 45 21 will
1651 2019 41 18 not
1708 2016 53 27 only
1775 2017 80 27 supply

1266 2039 38 22 the
1315 2040 108 26 requisite
1437 2040 66 27 profit
1517 2044 22 18 to
1554 2041 38 21 the
1607 2041 154 22 shareholders
1776 2043 26 21 of
1818 2044 37 21 the

1266 2066 124 28 Company,
1414 2066 42 22 but
1477 2067 112 22 furnishes
1611 2068 38 21 the
1672 2076 78 15 means
1767 2070 36 21 for
1826 2077 28 15 an

1267 2092 156 28 Immigration
1433 2093 72 27 Fund,
1507 2106 31 4 —
1539 2101 13 14 a
1559 2094 57 21 fund
1623 2096 128 27 constantly
1758 2096 97 28 applica-

1266 2119 37 21 ble
1318 2123 24 18 to
1359 2119 37 22 the
1412 2127 95 20 purpose
1524 2120 26 22 of
1562 2121 106 27 bringing
1682 2122 79 23 labour
1777 2127 23 17 to
1818 2124 36 21 the

1266 2146 81 27 colony
1348 2158 31 4 —
1381 2146 49 21 that
1443 2147 25 26 is,
1486 2147 23 21 in
1526 2148 92 26 causing
1634 2148 39 22 the
1689 2149 51 22 best
1757 2157 56 14 sort
1833 2150 26 22 of

1266 2172 151 23 colonization
1428 2176 22 18 to
1459 2174 95 31 proceed
1564 2178 23 17 at
1597 2175 38 21 the
1647 2179 99 23 greatest
1758 2177 96 27 possible

1266 2202 53 19 rate.
1348 2199 56 22 And
1410 2199 46 22 this
1461 2207 19 15 is
1487 2200 37 22 the
1532 2201 82 22 second
1623 2202 87 23 feature
1721 2200 26 24 of
1757 2203 38 22 the
1805 2211 50 14 new

1266 2229 91 23 system.

1292 2252 47 23 The
1350 2252 153 28 employment
1512 2254 26 21 of
1552 2254 39 22 the
1603 2254 211 30 purchase-money,
1830 2264 24 14 or

1266 2279 37 21 the
1312 2279 111 27 principal
1432 2283 50 23 part
1491 2280 26 21 of
1526 2280 24 26 it,
1560 2281 24 21 in
1595 2282 127 28 conveying
1732 2283 85 22 settlers
1831 2287 23 18 to

1266 2305 37 22 the
1312 2306 89 27 colony,
1412 2306 42 22 has
1463 2306 36 22 the
1509 2307 114 28 following
1633 2309 83 22 effects.
1745 2310 22 21 It
1778 2310 76 21 makes

1266 2332 37 21 the
1316 2332 135 27 purchasers
1464 2333 27 21 of
1505 2333 54 22 land
1573 2342 36 14 see
1624 2335 93 27 plainly,
1733 2336 48 21 that
1796 2336 59 22 their

1266 2366 82 20 money
1357 2359 45 22 will
1411 2359 29 21 be
1449 2360 106 21 returned
1564 2360 24 22 in
1600 2361 39 22 the
1653 2362 68 28 shape
1736 2363 25 20 of
1774 2362 80 23 labour

1265 2385 45 22 and
1318 2386 140 27 population,
1483 2387 25 21 v't
1517 2387 72 27 tends,
1602 2388 24 21 in
1637 2388 52 27 fact,
1705 2392 24 18 to
1738 2389 68 22 lower
1816 2390 37 21 the

1266 2419 117 20 necessary
1401 2412 106 23 standard
1526 2414 26 21 of
1567 2414 68 27 price,
1650 2415 103 28 because,
1771 2416 55 21 with
1840 2424 13 14 a

1265 2442 104 18 constant
1376 2439 75 21 influx
1459 2439 27 22 of
1495 2440 79 27 people
1585 2444 21 18 to
1616 2441 38 22 the
1665 2442 88 27 colony,
1762 2442 38 22 the
1810 2443 43 22 due

1265 2466 127 27 proportion
1400 2470 99 17 between
1506 2473 79 21 people
1593 2467 44 22 and
1644 2468 54 22 land
1705 2476 52 20 may
1764 2470 28 21 be
1799 2470 54 27 kept

1265 2500 29 19 up
1303 2493 30 26 by
1343 2499 14 14 a
1365 2492 70 21 lower
1442 2493 68 26 price,
1522 2493 54 22 than
1586 2494 21 21 if
1617 2494 64 23 there
1691 2503 57 14 were
1757 2503 30 14 no
1797 2496 55 22 such

1264 2519 150 26 immigration
1421 2534 5 6 .
1445 2519 22 21 It
1477 2519 111 23 therefore
1593 2519 132 24 diminishes
1733 2522 35 22 the
1775 2523 77 27 period

1264 2545 81 27 during
1354 2545 74 22 which
1437 2545 36 22 the
1483 2546 104 22 labourer
1599 2551 62 18 must
1672 2548 62 21 work
1747 2548 34 23 for
1796 2549 55 25 hire,

1263 2572 45 21 and
1316 2573 32 26 by
1358 2571 37 22 the
1409 2572 64 27 rapid
1487 2580 101 19 progress
1602 2574 74 21 which
1689 2575 19 21 it
1722 2575 92 27 imparts
1829 2580 23 17 to

1265 2599 36 21 the
1308 2599 51 21 best
1369 2602 46 18 sort
1424 2599 27 21 of
1461 2599 155 28 colonization,
1631 2600 19 21 it
1665 2601 101 27 explains
1781 2606 23 17 to
1814 2602 37 22 the

1264 2625 117 27 labouring
1390 2625 57 21 class
1457 2625 25 21 of
1487 2625 147 28 immigrants,
1646 2627 48 21 that
1703 2635 67 19 every
1778 2635 43 15 one
1830 2630 25 21 of

1263 2652 61 21 them
1336 2651 52 22 who
1403 2652 20 20 is
1437 2651 137 22 industrious
1591 2653 44 21 and
1652 2654 86 27 thrifty,
1754 2661 53 20 may
1823 2655 29 22 be

1263 2686 49 14 sure
1322 2681 23 18 to
1354 2678 94 22 become
1461 2682 40 18 not
1514 2679 85 28 merely
1614 2687 28 14 an
1659 2687 76 15 owner
1749 2682 26 21 of
1790 2681 60 27 land,

1263 2705 40 21 but
1317 2704 48 22 also
1381 2705 24 21 in
1425 2705 34 21 his
1479 2708 58 23 turn,
1558 2713 30 14 an
1608 2707 116 27 employer
1741 2708 27 21 of
1787 2708 65 23 hired

1263 2731 120 26 labourers,
1395 2738 13 14 a
1417 2734 82 19 master
1509 2732 26 22 of
1545 2737 108 18 servants.

1289 2758 68 21 From
1365 2757 64 22 these
1439 2758 180 29 considerations,
1635 2760 39 21 the
1685 2760 117 28 Company
1811 2762 40 21 has

1262 2784 97 27 adopted
1378 2784 38 22 the
1432 2792 61 14 same
1510 2789 83 24 system
1609 2786 26 21 of
1651 2787 115 27 disposing
1780 2788 27 21 of
1822 2789 29 21 its

1263 2814 65 18 waste
1340 2811 73 27 lands,
1430 2818 24 14 as
1468 2811 41 22 has
1523 2812 91 27 already
1627 2814 86 26 proved
1727 2814 79 28 highly
1818 2815 33 22 fa-

1261 2837 106 22 vourable
1382 2841 22 17 to
1419 2837 38 22 the
1470 2838 183 27 productiveness
1668 2841 26 20 of
1709 2841 104 27 industry
1826 2842 23 22 in

1261 2864 70 22 South
1341 2864 122 22 Australia.
1492 2865 28 21 In
1530 2873 13 13 a
1554 2873 48 14 new
1614 2866 89 28 colony,
1719 2868 93 26 planted
1826 2869 23 22 in

1259 2898 14 14 a
1282 2891 73 21 fertile
1366 2890 46 22 and
1426 2891 115 23 extensive
1555 2893 111 28 territory,
1683 2894 18 21 it
1715 2901 20 14 is
1750 2895 99 28 obvious,

1260 2917 48 22 that
1327 2917 38 21 the
1381 2917 170 23 establishment
1565 2919 27 21 of
1606 2919 56 22 such
1677 2927 14 14 a
1705 2924 83 24 system
1804 2922 19 21 is
1838 2930 13 14 a

1261 2947 80 18 matter
1357 2944 26 21 of
1401 2943 38 23 the
1456 2944 90 28 deepest
1563 2950 102 18 moment
1682 2950 22 18 to
1722 2947 37 22 the
1775 2948 75 22 future

1261 2971 87 21 welfare
1360 2971 26 21 of
1399 2971 92 27 society.
1623 2973 19 21 it
1656 2973 38 21 the
1709 2974 51 21 best
1774 2975 77 22 effects

1259 3004 51 26 may
1319 2997 55 21 with
1384 2997 130 22 confidence
1522 2998 29 22 be
1560 2999 138 28 anticipated
1704 3008 6 13 :
1726 3008 14 14 a
1746 3005 105 18 constant

1260 3025 43 21 and
1312 3023 90 27 regular
1411 3024 80 27 supply
1501 3025 26 21 of
1538 3032 50 15 new
1596 3025 55 22 land
1661 3027 23 21 in
1699 3027 44 22 due
1757 3035 93 21 propor-

1258 3051 47 21 tion
1313 3053 24 18 to
1346 3049 39 22 the
1404 3053 71 19 wants
1484 3051 26 21 of
1520 3058 13 14 a
1541 3052 131 27 population
1684 3053 127 28 increasing
1820 3055 30 28 by

1257 3076 70 22 births
1337 3076 46 22 and
1396 3076 163 29 immigration;
1578 3079 31 21 all
1623 3079 38 22 the
1676 3080 137 28 advantages
1827 3086 22 17 to

1259 3103 70 22 which
1339 3102 103 23 facilities
1452 3105 25 20 of
1488 3107 112 25 transport
1607 3106 45 21 and
1659 3108 190 22 communication

1257 3138 37 14 are
1305 3129 105 22 essential
1418 3137 5 19 ;
1439 3131 110 27 certainty
1563 3132 27 21 of
1599 3132 76 27 limits,
1691 3133 47 22 and
1752 3135 97 27 security

1257 3156 25 22 of
1294 3155 49 22 title
1353 3159 24 18 to
1386 3160 105 23 property
1499 3157 24 22 in
1538 3158 64 26 land;
1618 3159 40 21 the
1666 3163 99 23 greatest
1777 3161 72 22 facili-

1257 3183 41 21 ties
1307 3190 30 14 on
1346 3183 119 26 acquiring
1473 3183 37 21 the
1522 3183 43 23 due
1574 3186 115 27 quantity;
1704 3187 39 21 the
1752 3191 98 23 greatest

1257 3214 192 21 encouragement
1460 3213 22 18 to
1491 3210 150 27 immigration
1653 3213 46 21 and
1708 3214 139 28 settlement;

1257 3236 46 21 and
1315 3235 39 21 the
1370 3239 58 17 most
1440 3236 64 27 rapid
1519 3244 102 20 progress
1636 3239 27 21 of
1679 3239 37 22 the
1731 3241 79 26 people
1824 3242 23 21 in

1258 3262 99 22 material
1368 3262 96 21 comfort
1472 3263 45 21 and
1527 3265 68 21 social

1257 3305 139 49 PUBLIC
1411 3305 121 23 NOTICE.
1548 3308 63 21 -The
1620 3309 93 22 Settlers
1720 3317 37 14 are
1763 3310 84 28 hereby

1328 3332 113 22 informed
1461 3333 47 21 that
1527 3334 37 21 the
1584 3335 55 21 New
1662 3336 100 22 Zealand
1781 3338 66 21 Com-

1257 3359 78 27 pany's
1346 3358 57 22 flour
1412 3359 44 21 will
1466 3359 118 29 hereafter,
1595 3361 58 22 until
1664 3362 86 23 further
1758 3364 89 21 intima-

1257 3385 53 26 tion,
1331 3385 28 22 be
1379 3385 49 21 sold
1447 3389 22 17 at
1488 3394 69 15 threi
1566 3395 70 14 pence
1658 3396 38 20 per
1719 3390 83 26 pound,
1823 3390 23 21 in

1256 3411 120 28 quantities
1386 3412 26 20 of
1418 3419 13 14 a
1440 3412 80 27 barrel,
1529 3415 27 20 28
1566 3414 48 26 lbs.,
1625 3416 28 19 56
1663 3415 49 27 lbs.,
1722 3418 28 19 84
1761 3416 50 26 lbs.,
1822 3424 25 14 or

1257 3440 40 20 112
1303 3437 50 27 lbs.,
1363 3438 96 27 payable
1468 3439 23 21 in
1502 3440 53 21 cash
1566 3448 28 14 on
1604 3441 108 28 delivery.
1741 3442 105 28 Applica-

1256 3465 57 21 tions
1324 3468 24 18 to
1358 3465 28 21 be
1399 3465 64 21 made
1473 3465 53 28 only
1537 3470 23 18 at
1570 3467 37 21 the
1618 3467 135 28 Company's
1764 3469 80 27 Stores,

1255 3491 101 22 between
1365 3491 39 21 the
1414 3491 67 22 hours
1491 3493 27 21 of
1524 3494 26 20 10
1559 3493 45 22 and
1613 3495 15 20 4
1637 3495 94 21 o'clock.

1388 3524 57 22 Geo.
1462 3524 107 29 Hunter,
1583 3527 261 27 Storekeeper-General.

1282 3550 147 27 Wellington,
1440 3551 51 22 17th
1501 3552 72 27 April,
1586 3554 60 20 1841.

1256 3589 153 54 NOT-^E.
1411 3606 29 4 —
1440 3595 95 22 Persons
1541 3596 99 22 desirous
1648 3597 27 21 of
1678 3597 168 27 beingmarried

1337 3622 30 26 by
1380 3621 38 22 the
1428 3622 55 21 Rev.
1494 3622 60 22 John
1566 3622 136 26 M'Farlane,
1714 3624 48 21 first
1768 3625 78 21 minis-

1255 3651 34 19 ter
1299 3648 25 21 of
1336 3648 38 21 the
1383 3648 80 22 Scotch
1473 3648 88 22 Church
1571 3649 23 21 in
1611 3649 55 21 New
1684 3649 106 28 Zealand,
1809 3659 37 14 are

1255 3675 119 27 requested
1384 3678 22 18 to
1416 3675 93 26 register
1519 3675 58 22 their
1590 3683 78 15 names
1684 3677 53 21 with
1752 3677 37 21 the
1804 3685 42 14 un-

1254 3701 121 27 dersigned
1384 3704 22 19 at
1415 3702 66 21 latest
1490 3701 37 22 the
1538 3702 109 28 Saturday
1658 3703 103 27 previous
1775 3707 23 18 to
1809 3704 37 22 the

1255 3735 129 21 ceremony,
1395 3728 24 21 in
1430 3728 64 21 order
1501 3731 22 18 to
1531 3729 161 27 proclamation
1701 3730 26 21 of
1735 3730 71 22 banns
1816 3738 28 14 on

1254 3754 106 22 Sabbath.
1390 3754 95 22 Persons
1494 3754 46 22 also
1548 3755 99 22 desirous
1659 3756 25 21 of
1694 3756 85 27 having
1788 3757 58 23 their

1254 3780 102 22 children
1376 3781 108 27 baptised,
1501 3785 61 18 must
1578 3782 104 28 previous
1699 3782 87 22 thereto
1795 3785 51 26 give

1254 3806 38 23 the
1303 3808 104 27 requisite
1417 3808 143 22 information
1572 3808 23 22 in
1606 3809 66 21 order
1682 3812 21 18 to
1718 3810 95 27 registry
1823 3813 22 19 to

1526 3842 93 22 Robert
1634 3843 29 21 R.
1679 3843 99 27 Stranq,

1315 3874 111 27 Solicitor,
1441 3874 114 28 Registrar
1564 3876 35 21 for
1609 3876 37 22 the
1658 3876 81 22 Scotch
1748 3877 96 24 Church.

1235 3909 3 22 !
1252 3906 232 28 Wool«ombe-stre«t,
1496 3908 50 22 19tb
1556 3909 68 26 Jun»,
1637 3910 60 20 1841.

2076 126 65 21 Just
2153 126 145 26 Received,

1896 158 71 49 AT
1980 158 63 22 THE
2057 158 109 23 OFFICE
2181 158 39 22 OF
2239 159 73 22 THIS
2327 160 108 28 PAPER,
2449 169 30 16 an

1981 185 115 22 extensive
2111 185 100 23 addition
2227 186 27 22 of
2268 186 89 22 various
2375 186 66 24 kinds
2456 189 26 22 of

1896 212 133 27 Stationery,
2039 212 122 27 consisting
2169 212 35 22 of:
2205 223 28 4 —

1923 238 97 26 Ledgers
2030 238 45 22 and
2081 241 95 19 account
2183 238 77 27 books,
2271 238 89 22 various
2369 239 65 28 sizes,

1923 264 84 22 Pocket
2014 264 88 26 ledgers
2112 264 43 22 and
2164 265 172 22 memorandum
2348 265 78 27 books,

1923 290 107 28 Foolscap
2040 290 46 22 and
2094 291 88 27 writing
2190 299 75 19 paper,
2276 292 88 22 various
2369 292 110 28 qualities,

1922 316 120 28 Engraved
2051 324 57 20 copy
2117 316 51 28 slips
2178 320 46 20 and
2234 317 74 27 books,

1922 342 54 23 Best
1985 342 79 23 Welch
2074 341 71 29 slates,
2155 343 63 28 large
2228 344 46 22 and
2283 343 72 28 small,

1922 368 63 23 Lead
1994 369 46 22 and
2049 370 55 21 slate
2112 370 92 27 pencils,

1922 395 87 27 Rulers,
2019 396 72 21 round
2101 396 44 22 and
2154 396 49 27 flat,

1922 422 96 28 Sponge,
2029 422 78 22 wafers
2116 422 23 22 in
2147 424 14 20 2
2171 430 36 15 oz.
2221 422 75 28 boxes,
2312 422 68 23 India
2392 424 89 28 rubber,

1895 448 83 22 Albata
1987 448 149 28 pen-holders,
2147 456 55 20 very
2212 449 99 28 superior
2322 449 87 28 sealing
2424 457 56 21 wax,

1896 474 96 28 blotting
2000 482 76 20 paper,
2086 476 38 21 &c.
2135 476 41 21 &c.

2034 509 136 14 WHOLESALE
2187 509 45 14 AND
2247 509 90 15 RETAIL.

1948 539 47 21 EW
2010 539 150 22 ZEALAND
2171 539 155 27 JOURNAL,
2333 540 118 27 published
2458 541 24 22 in

1962 565 94 22 London
2068 566 174 27 semi-monthly,
2255 569 23 19 at
2288 567 45 21 13s.
2341 573 40 20 per
2388 574 93 15 annum.

1894 593 77 26 Agent
1971 603 26 4 —
1999 592 36 22 the
2051 594 53 20 New
2119 594 94 20 Zealand
2230 594 86 20 Gazette
2336 593 72 27 office,
2428 593 54 22 Port

1894 618 130 22 Nicholson.

1893 669 219 25 WHOLESALE
2141 671 126 24 PRICES
2299 670 180 25 CURRENT.

1965 708 131 15 CORRECTED
2112 709 27 14 UP
2152 709 30 15 TO
2197 709 84 16 FRIDAY
2294 709 112 15 EVENING.

2230 729 17 17 JS
2268 734 16 11 1.
2308 729 20 16 d.
2383 728 17 18 £
2422 733 16 12 S.
2462 728 21 17 d.

1894 748 63 21 Ale:
1973 747 27 21 In
2010 748 77 27 bottle,
2101 749 115 27 perdoz..
2232 752 15 19 0
2263 751 25 20 13
2316 751 14 19 0
2348 764 19 6 ..
2385 751 14 19 0
2427 751 14 19 0
2467 751 15 19 0

1974 774 101 27 Taylor's
2232 777 14 20 5
2261 777 27 20 10
2316 778 50 18 0..
2385 777 14 20 0
2427 777 14 19 0
2467 777 15 21 0

1894 800 111 22 Arrack:
2021 801 125 27 Pergallon
2171 804 78 20 ....0
2275 804 14 19 3
2317 803 83 20 3..0
2427 803 14 20 0
2466 807 15 19 0

1893 826 79 22 Bread
1981 835 5 13 :
2002 827 42 22 Per
2053 828 43 21 21b.
2110 828 49 21 loaf
2172 831 78 20 ....0
2276 830 15 20 0
2317 829 83 21 8..0
2427 830 14 20 0
2467 831 15 19 0

1893 853 74 22 Beef:
1983 853 77 27 Fresh,
2079 862 87 14 carcase
2183 862 40 20 per

2008 880 24 22 lb
2230 883 15 20 0
2272 883 11 20 1
2312 883 16 19 0
2345 896 18 6 ..
2381 883 15 20 0
2425 882 10 20 1
2464 883 15 20 2

1999 906 54 26 Salt,
2065 915 40 19 per
2117 908 68 22 tierce
2199 923 6 6 .
2212 923 5 6 .
2235 909 14 21 7
2275 910 14 20 0
2317 910 14 19 0
2348 923 6 6 .
2361 922 5 6 .
2385 910 15 19 0
2427 909 13 20 0
2467 910 15 20 0

1999 933 45 22 Do.
2053 941 40 24 per
2107 934 72 22 barrel
2197 949 5 6 .
2209 949 7 6 .
2233 937 13 19 5
2274 937 14 19 0
2315 937 15 19 0
2347 949 6 6 •
2360 949 6 6 .
2383 937 15 19 0
2426 936 14 20 0
2466 937 15 19 0

1891 959 94 22 Butter
1992 967 5 14 :
2014 960 65 27 Irish,
2088 969 39 19 per
2135 962 30 21 lb.
2198 976 6 6 .
2211 976 6 6 .
2234 964 15 19 0
2276 963 10 20 1
2316 963 14 19 9
2348 976 5 6 .
2360 976 6 6 .
2385 963 14 19 0
2427 962 12 20 2
2467 963 14 19 0

2013 986 68 23 Fresh
2235 991 14 19 0
2274 990 16 20 4
2316 989 51 20 6..
2385 990 14 20 0
2427 989 54 20 00

1891 1012 97 22 Brandy
1995 1021 5 14 :
2016 1013 59 22 First
2081 1014 91 28 quality,
2181 1022 40 20 per

2039 1040 76 26 gallon
2232 1043 14 19 0
2273 1043 15 19 6
2314 1043 84 19 0..0
2425 1042 14 20 9
2465 1043 15 19 0

1891 1065 86 22 Brown
1996 1066 87 22 Stout:
2107 1075 39 19 per
2161 1067 54 22 hhd.
2230 1069 13 19 5
2259 1069 26 20 10
2312 1069 15 20 0
2345 1082 18 6 ..
2384 1069 15 20 0
2425 1069 14 20 0
2465 1070 16 19 O

1891 1092 99 23 Cigars:
2003 1093 101 27 Manilla,
2112 1101 38 20 per
2157 1096 61 26 1000,
2232 1096 55 20 310
2313 1096 51 20 0..
2381 1095 14 20 5
2423 1096 15 19 0
2464 1096 15 20 0

1999 1119 96 22 Inferior
2231 1122 14 20 2
2272 1123 14 20 0
2312 1122 84 21 0..0
2423 1122 14 20 0
2464 1123 15 20 0

2000 1146 133 28 Havannah,
2140 1155 39 19 per
2186 1148 31 21 lb.
2231 1149 14 20 0
2260 1149 25 20 12
2312 1149 15 20 0
2343 1162 19 6 ..
2381 1149 14 20 0
2422 1149 14 20 0
2463 1149 14 20 0

1998 1172 124 23 Chinsurah
2233 1176 9 20 1
2260 1176 25 19 15
2313 1176 15 19 0
2344 1188 19 7 ..
2381 1176 14 19 0
2422 1176 14 19 0
2463 1176 14 19 0

1997 1199 153 23 Alexandrian
2230 1202 54 21 110
2310 1203 16 19 0
2342 1214 6 7 .
2355 1214 6 7 .
2380 1202 14 19 0
2421 1202 14 19 0
2463 1203 14 19 0

1890 1225 88 22 Coffee
1986 1233 4 14 :
2001 1226 65 27 Java,
2077 1235 39 19 per
2124 1227 21 21 lb
2232 1230 14 19 0
2273 1229 11 20 1
2312 1229 15 19 0
2344 1242 6 5 .
2357 1242 6 5 .
2381 1229 14 19 0
2424 1228 10 20 1
2462 1229 15 20 3

1890 1252 102 22 Cheese:
2007 1252 106 23 Cheshire
2230 1256 14 19 0
2271 1256 11 19 1
2311 1255 50 20 8..
2380 1256 14 19 0
2421 1256 14 19 0
2462 1256 15 20 0

2006 1279 55 22 Pine
2072 1280 71 28 Apple
2230 1283 14 19 0
2271 1282 14 20 0
2311 1282 83 20 0..0
2423 1282 10 20 1
2461 1282 14 20 6

2005 1306 75 21 Dutch
2230 1310 14 19 0
2270 1309 14 20 0
2311 1309 15 20 0
2343 1322 18 6 ..
2379 1310 15 19 0
2422 1308 11 21 1
2461 1310 14 19 0

1889 1331 105 23 Candles
2001 1339 5 14 :
2014 1332 93 27 English
2115 1340 55 20 wax,
2176 1341 42 20 per

2032 1359 23 22 lb
2229 1362 14 20 0
2270 1362 14 19 0
2310 1362 15 19 0
2342 1374 19 7 ..
2379 1362 15 20 0
2421 1362 14 19 0
2461 1362 13 20 0

2018 1385 80 22 Mould
2227 1389 15 20 0
2270 1388 11 20 1
2310 1389 84 20 0..0
2421 1388 11 20 1
2460 1389 14 20 2

2020 1412 55 28 Dips
2227 1416 15 19 0
2268 1416 14 19 0
2296 1415 63 20 10..
2378 1415 14 20 0
2420 1416 14 19 0
2460 1416 14 20 0

1890 1437 93 23 Flour:
1992 1439 130 28 lstquality,
2133 1443 83 24 perton

2011 1462 132 26 of2ooo*lbs
2214 1469 28 20 30
2268 1469 14 19 0
2308 1469 15 20 0
2341 1468 51 21 ..33
2420 1468 14 21 0
2460 1470 14 19 0

1987 1492 45 21 2nd
2042 1492 55 22 ditto
2215 1495 27 20 24
2268 1496 14 19 0
2308 1496 15 19 0
2341 1495 51 20 ..26
2419 1496 15 19 0
2460 1496 14 19 0

1888 1517 61 23 Gin:
1969 1518 52 22 Pale
2227 1522 15 19 0
2268 1521 13 20 5
2308 1522 15 20 0
2340 1534 19 7 ..
2376 1522 16 20 0
2418 1522 14 19 6
2459 1523 14 19 0

1969 1545 61 27 Case,
2045 1547 14 20 4
2072 1546 86 26 gallons
2166 1548 47 21 4-5.
2229 1548 10 20 1
2268 1548 14 20 8
2309 1549 15 20 0
2341 1561 6 6 .
2354 1561 6 6 .
2379 1549 11 20 1
2408 1548 25 19 12
2460 1550 14 19 0

1888 1570 81 23 Hams:
1985 1571 127 29 Yorkshire,
2127 1581 39 19 per
2174 1573 25 22 lb
2207 1590 6 5 .
2227 1576 15 18 0
2268 1576 14 19 0
2308 1575 15 20 0
2340 1588 19 6 ..
2378 1576 14 19 0
2420 1575 11 19 1
2459 1576 14 19 2

1887 1597 113 22 Mustard
2008 1606 6 13 :
2030 1599 42 22 Per
2080 1600 70 21 dozen
2164 1602 75 19 ....1
2268 1602 14 19 2
2309 1602 83 20 0..0
2420 1602 14 19 0
2460 1603 14 19 0

1887 1624 113 22 Mutton:
2022 1626 92 22 Carcase
2124 1634 39 19 per
2172 1626 23 22 lb
2207 1643 5 6 .
2227 1628 14 20 0
2268 1629 13 19 0
2308 1628 14 20 9
2340 1641 19 6 ..
2376 1629 15 19 0
2418 1628 14 20 0
2446 1628 23 21 11

1886 1651 122 22 Muskets:
2024 1651 93 23 Walnut
2122 1653 92 22 stocked
2227 1655 14 20 0
2268 1656 13 19 0
2307 1655 15 20 0
2339 1668 19 6 ..
2376 1656 15 19 0
2406 1655 25 19 15
2458 1656 15 19 0

1886 1677 78 22 Milk.
1981 1678 42 21 Per
2029 1678 49 27 pint
2226 1682 15 19 0
2267 1682 14 19 0
2307 1681 14 20 5
2339 1694 19 7 ..
2376 1682 14 19 0
2418 1682 14 19 0
2457 1682 15 19 0

1886 1704 44 21 Oil
1938 1711 5 14 :
1959 1704 103 28 Linseed,
2072 1713 40 19 per
2119 1706 76 27 gallon
2206 1708 34 20 .0
2267 1707 12 21 5
2307 1708 14 20 0
2339 1721 6 6 .
2352 1721 6 6 .
2375 1709 15 19 0
2418 1707 13 21 7
2459 1709 14 19 0

1960 1731 75 27 Black,
2042 1732 23 21 in
2070 1732 171 28 cask,pertonl6
2268 1735 14 20 0
2308 1735 14 20 0
2340 1748 18 6 ..
2376 1736 14 19 0
2417 1736 15 19 0
2457 1735 15 20 0

1886 1757 77 22 Pork:
1978 1754 75 31 Fresh,
2072 1766 86 15 carcase
2174 1767 40 20 per

2002 1784 23 32 jb
2225 1788 14 19 0
2266 1788 13 20 0
2305 1788 14 19 5
2338 1801 19 6 ..
2375 1788 13 20 0
2416 1789 14 19 0
2456 1789 14 19 6

1886 1810 77 21 Pork:
1979 1811 65 26 Irish,
2054 1819 40 19 per
2103 1812 71 22 barrel
2188 1814 50 20 ..5
2265 1815 14 20 0
2306 1815 14 20 0
2337 1828 19 6 ..
2374 1815 13 20 5
2404 1814 26 21 10
2456 1816 14 19 0

1886 1837 130 22 Potatoes:
2036 1837 56 23 New
2106 1839 107 27 Zealand,

2060 1873 40 19 per
2108 1870 37 17 ton
2160 1881 46 6 ....
2224 1868 15 19 6
2265 1868 14 21 0
2305 1868 15 21 0
2337 1881 6 6 .
2350 1881 6 6 .
2374 1868 13 21 8
2415 1869 14 20 0
2456 1869 13 19 0

1886 1890 93 22 Porter
1988 1898 5 14 :
2023 1891 100 28 Dunbar,
2134 1892 25 23 in
2165 1893 47 22 bot.

2051 1925 40 20 per
2101 1919 40 22 doz
2224 1922 15 19 0
2253 1921 26 20 13
2305 1922 83 20 0..0
2416 1922 14 20 0
2456 1922 15 19 0

1886 1943 97 22 Pickles
1994 1951 5 14 :
2030 1945 114 27 Assorted,
2173 1954 41 19 per

2055 1972 57 25 doz.,
2136 1977 76 21 quarts
2226 1974 11 19 1
2266 1974 13 20 2
2306 1976 15 18 0
2338 1987 19 6 ..
2375 1975 14 19 0
2416 1975 14 19 0
2456 1976 14 18 0

1886 1995 72 21 Pitch
1971 2003 5 13 :
2007 1997 136 28 Stockholm,
2173 2006 41 19 per

2033 2023 72 22 barrel
2225 2027 15 19 0
2267 2027 13 19 0
2307 2027 14 20 0
2338 2039 19 7 ..
2376 2026 10 20 1
2405 2026 25 20 15
2457 2026 14 20 0

1886 2047 94 23 Plank:
2007 2049 54 21 Port
2082 2050 131 28 Nicholson,

2032 2084 40 19 per
2081 2078 40 21 100
2129 2077 46 22 feet
2188 2093 19 6 ..
2225 2080 54 19 019
2306 2080 15 20 0
2338 2092 5 6 .
2351 2093 5 6 .
2375 2080 53 19 11
2456 2080 14 20 0

1885 2101 70 22 Rice:
1967 2102 108 22 Common
2085 2111 38 20 per
2129 2107 48 19 cwt.
2189 2120 19 5 ..
2226 2106 14 20 0
2254 2106 27 20 14
2306 2107 15 19 0
2338 2120 19 5 ..
2376 2107 11 20 1
2416 2107 14 19 0
2456 2107 15 20 0

1967 2129 65 21 Good
2225 2133 11 20 1
2265 2133 13 20 2
2305 2134 80 19 0..1
2414 2132 13 20 5
2455 2134 14 19 0

1884 2154 55 22 Rum
1947 2162 5 14 :
1969 2155 23 21 P.
2003 2156 26 21 B.
2040 2156 33 27 P.,
2088 2164 38 20 per
2135 2158 76 26 gallon
2225 2160 14 19 0
2266 2159 12 20 5
2306 2160 14 19 6
2338 2173 18 6 ..
2375 2160 13 19 0
2415 2160 13 19 9
2455 2161 15 19 0

1884 2181 87 23 Sugar:
1988 2182 119 23 Mauritius
2115 2192 39 19 per
2161 2188 50 18 cwt.
2224 2187 15 19 0
2265 2187 14 20 0
2305 2187 15 19 0
2337 2200 18 5 ..
2374 2187 14 20 0
2415 2187 13 19 0
2456 2188 14 18 0

1991 2209 81 22 Brown
2223 2213 15 20 2
2265 2214 13 19 0
2305 2214 50 19 0..
2373 2214 14 19 0
2415 2214 13 19 0
2455 2214 14 19 0

1992 2236 95 22 Refined
2103 2237 51 28 loaf,
2172 2246 41 19 per

2017 2263 23 21 lb
2224 2266 14 20 0
2265 2266 13 20 0
2305 2265 15 22 7
2337 2279 18 7 ..
2373 2267 15 20 0
2415 2268 14 19 0
2456 2267 14 20 0

1992 2289 95 23 Manilla
2223 2293 14 20 0
2264 2294 13 19 0
2304 2293 83 20 0..2
2413 2293 14 20 5
2454 2294 14 19 0

1883 2315 60 21 Salt
1951 2322 5 14 :
1972 2315 124 28 Liverpool,
2107 2325 38 18 per
2154 2321 40 18 ton
2203 2320 34 19 .2
2251 2320 26 20 10
2304 2320 14 20 0
2336 2333 5 6 .
2349 2333 5 6 .
2372 2320 15 20 4
2414 2321 14 19 0
2455 2321 13 19 0

1883 2341 60 21 Soap
1951 2350 6 14 :
1984 2342 101 23 Hawes's
2108 2345 103 27 London,

2007 2373 86 22 perton
2208 2373 27 20 36
2262 2374 13 19 0
2302 2373 83 20 0..42
2413 2374 14 19 0
2453 2374 14 19 0

1883 2394 91 23 Starch
1982 2402 5 14 :
2002 2397 43 21 Per
2053 2397 23 21 lb
2224 2400 15 19 0
2265 2400 14 19 0
2305 2400 14 19 9
2336 2413 7 6 .
2349 2413 6 6 .
2373 2400 14 20 0
2416 2400 10 20 1
2455 2400 15 21 0

1882 2421 143 23 Scantling:
2042 2423 42 22 Per
2091 2425 38 21 100
2138 2425 68 21 feet..
2224 2427 15 19 0
2253 2425 25 22 17
2305 2427 14 20 0
2337 2440 18 6 ..
2373 2427 14 20 0
2402 2427 26 20 18
2455 2427 13 19 0

1882 2448 127 22 Shingles:
2027 2449 42 23 Per
2076 2452 59 26 1000,
2143 2452 30 21 N.
2183 2452 26 21 Z.
2225 2453 10 20 1
2265 2453 12 21 7
2305 2454 50 19 0..
2373 2454 14 19 0
2415 2454 13 19 0
2455 2454 13 19 0

2012 2477 70 27 Ditto,
2105 2477 26 23 V.
2141 2478 30 22 D.
2182 2479 27 21 L.
2223 2480 14 20 2
2264 2480 12 20 5
2305 2480 14 20 0
2336 2493 5 5 .
2349 2493 5 6 .
2373 2480 14 20 0
2414 2481 14 19 0
2455 2480 13 20 0

1881 2501 50 23 Tar
1938 2510 6 14 :
1960 2503 54 21 Coal
2224 2506 51 20 115
2305 2507 50 20 0..
2374 2507 14 20 0
2415 2507 14 20 0
2455 2508 14 19 0

1964 2529 127 23 Stockholm
2225 2533 52 20 115
2305 2534 82 19 0..0
2415 2534 14 19 0
2455 2534 14 19 0

1881 2555 62 21 Tea:
1962 2556 87 27 Hyson,
2059 2564 40 20 per
2108 2557 62 23 chest
2187 2560 51 20 ..0
2265 2560 13 20 0
2305 2560 14 20 0
2336 2559 51 21 ..15
2402 2560 26 20 15
2455 2560 13 20 0

1880 2581 117 23 Tobacco:
2014 2583 140 28 Negrbhead,
2171 2592 42 20 per

2038 2609 23 22 lb
2223 2613 14 19 0
2265 2613 9 20 1
2304 2613 14 20 0
2335 2626 19 6 ..
2373 2614 14 19 0
2415 2613 11 21 1
2455 2614 14 20 6

1880 2634 163 24 Turpentine:
2060 2637 144 27 Pergallon..
2223 2640 14 20 0
2264 2640 13 20 8
2305 2640 14 20 0
2336 2653 19 6 ..
2373 2640 14 20 0
2415 2641 14 20 0
2455 2641 14 19 0

1881 2660 161 24 Whalebone:
2058 2663 89 22 Perton
2210 2667 27 19 90
2264 2667 13 19 0
2304 2667 14 19 0
2335 2679 19 7 ..
2373 2667 14 19 0
2414 2668 14 19 0
2454 2668 14 19 0

1881 2687 82 23 Wine:
1980 2689 87 27 Sherry,
2078 2697 39 20 per
2124 2690 51 27 pipe
2187 2693 50 19 ..28
2264 2693 13 20 0
2304 2693 15 20 0
2335 2693 52 20 ..40
2414 2694 14 20 0
2454 2694 14 20 0

1989 2715 71 28 Ditto,
2075 2724 40 19 per
2128 2717 79 22 dozen.
2223 2719 11 20 1
2262 2720 15 20 4
2303 2720 14 20 0
2334 2733 20 6 ..
2371 2720 15 20 2
2414 2721 14 20 0
2454 2722 14 19 0

1881 2767 121 23 Poultry:
2018 2769 79 28 Fowls,
2104 2778 39 19 per
2148 2771 63 26 pair.
2224 2773 15 19 0
2265 2773 13 20 8
2305 2773 15 20 0
2336 2786 19 6 ..
2373 2773 15 20 0
2402 2773 27 21 16
2455 2774 14 20 0

2016 2796 84 27 Ducks,
2112 2797 53 21 ditto
2187 2812 4 6 .
2199 2812 7 6 .
2224 2799 10 20 1
2265 2800 13 20 0
2305 2800 14 20 0
2336 2812 6 6 .
2349 2813 6 5 .
2374 2800 11 20 1
2402 2800 27 20 10
2455 2801 14 19 0

2017 2823 79 27 Geese,
2108 2823 54 23 ditto
2187 2839 4 6 .
2199 2839 6 6 .
2223 2825 14 21 2
2265 2827 12 19 0
2304 2827 14 19 0
2335 2839 6 7 .
2348 2839 6 6 .
2373 2827 14 19 0
2414 2827 14 20 0
2454 2827 13 20 0

2016 2849 101 28 Turkeys
2223 2853 14 20 2
2265 2853 13 20 0
2304 2853 83 20 0..0
2414 2854 14 20 0
2454 2854 14 20 0

2016 2876 103 27 Pigeons,
2129 2877 78 28 (wild,)

2042 2910 40 20 per
2090 2903 48 28 pair
2158 2906 79 20 ....0
2263 2906 14 20 3
2303 2907 16 19 0
2335 2919 6 7 .
2348 2919 6 7 .
2372 2907 15 20 0
2413 2907 15 20 0
2453 2907 14 19 0

2014 2929 85 28 Ducks,
2108 2930 34 22 do.
2152 2931 54 22 do..
2223 2933 14 19 0
2264 2931 12 21 5
2304 2933 15 19 0
2335 2946 19 6 ..
2371 2934 16 20 0
2413 2934 15 19 0
2453 2934 14 19 0

1880 2955 63 22 Eggs
1950 2963 5 14 :
1970 2955 44 23 Per
2023 2955 71 23 dozen
2223 2959 15 20 0
2265 2959 13 21 6
2304 2960 50 20 0..
2372 2961 14 19 0
2413 2961 15 19 0
2453 2960 14 20 0

1880 3008 76 22 Cows:
1971 3009 72 22 Milch
2165 3013 72 19 ,-...20
2263 3013 13 20 0
2302 3013 15 20 0
2334 3013 51 21 ..30
2412 3013 14 20 0
2451 3013 14 20 0

1880 3035 96 22 Mares:
1990 3036 76 22 Brood
2207 3039 28 20 50
2261 3040 13 20 0
2301 3040 14 19 0
2333 3040 52 20 ..90
2411 3041 15 19 0
2451 3041 14 19 0

1880 3061 115 22 Working
2012 3063 117 21 Bullocks
2137 3070 5 14 :
2164 3063 45 22 Per

1906 3088 49 27 pair
2207 3092 28 20 40
2262 3093 13 19 0
2301 3093 16 19 0
2333 3093 52 20 ..60
2411 3093 15 20 0
2451 3093 14 19 0

1880 3114 63 22 Hire
1953 3122 27 14 of
1990 3122 67 14 ditto
2065 3123 5 14 :
2086 3116 41 22 Per
2134 3116 51 27 day,
2194 3124 15 14 a

1906 3145 60 17 team
1975 3141 45 22 and
2027 3141 73 23 driver
2221 3145 11 20 1
2261 3146 14 20 0
2301 3146 14 19 0
2333 3159 19 6 ..
2369 3146 14 20 2
2411 3147 14 19 0
2451 3146 14 20 0

1879 3168 88 22 Sheep:
1982 3168 60 22 Each
2220 3171 9 21 1
2260 3172 13 20 6
2300 3172 14 20 0
2331 3185 20 7 ..
2370 3173 10 20 1
2397 3173 26 21 15
2449 3173 15 20 0

1878 3194 63 22 Boat
1952 3195 73 23 Hire:
2039 3195 43 22 Per
2088 3195 49 28 day,
2143 3196 64 22 with-

2068 3226 39 18 out
2116 3223 71 21 hands
2197 3225 35 21 .0
2247 3225 26 21 10
2299 3225 14 21 0
2331 3239 6 6 .
2343 3238 7 8 .
2369 3225 10 21 1
2409 3227 14 19 0
2449 3226 14 20 0

1877 3274 87 22 Wages
1970 3282 6 14 :
2004 3274 137 29 Mechanics,
2166 3284 43 19 per

2030 3302 61 21 week
2219 3304 13 20 2
2247 3304 27 21 14
2299 3305 15 20 0
2331 3318 19 6 ..
2368 3305 14 21 3
2409 3306 14 20 6
2448 3306 15 20 0

2012 3328 124 22 Labourers
2153 3343 47 7 ....
2219 3331 10 19 1
2246 3331 26 21 10
2298 3331 14 20 0
2331 3345 5 6 .
2343 3345 7 6 .
2369 3332 10 20 1
2396 3333 26 20 16
2448 3333 15 19 0

1897 3385 38 16 The
1948 3385 47 16 New
2005 3385 98 17 Zealand
2114 3386 92 16 Gazette
2216 3387 42 19 will,
2269 3387 27 17 for
2307 3388 33 16 the
2350 3390 79 19 present,

1874 3405 97 20 published
1979 3406 71 20 weekly,
2058 3410 54 16 every
2118 3407 87 20 Saturday
2213 3408 89 21 morning.
2324 3409 23 16 So
2352 3413 43 12 soon
2403 3414 20 12 as
2428 3408 20 17 iti

1875 3425 109 21 sufficiently
1990 3427 101 19 supported,
2102 3427 15 16 it
2122 3427 38 17 will
2169 3429 23 15 be
2199 3428 62 17 issued
2267 3430 128 19 semi-weekly.
2416 3430 45 16 Sub-

1872 3446 62 19 joined
1942 3450 31 12 are
1980 3446 29 16 the
2017 3449 55 14 terras
2078 3452 4 11 :
2083 3455 23 4 —

1897 3466 62 16 Price
1967 3470 23 12 op
1997 3471 40 12 the
2044 3467 96 17 Paper.—
2140 3467 55 22 Forty
2201 3469 83 21 shillings
2290 3474 33 17 per
2333 3474 75 17 annum,
2418 3474 43 17 pay-

1874 3486 40 17 able
1920 3487 20 16 in
1947 3487 79 16 advance
2031 3493 4 14 ;
2047 3493 20 11 or
2073 3493 35 12 one
2114 3489 75 20 shilling
2195 3490 28 15 for
2229 3490 59 21 single
2293 3491 93 17 numbers.

1896 3507 209 18 Advertisements.—
2105 3509 31 17 Six
2145 3509 48 17 lines
2205 3510 36 17 and
2251 3512 63 19 under,
2326 3512 26 16 Ss.
2359 3512 29 16 6d.
2395 3512 26 16 for
2428 3511 30 16 the

1874 3527 39 16 first
1924 3528 94 20 insertion,
2029 3529 37 16 and
2076 3534 34 12 one
2121 3530 75 21 shilling
2202 3531 27 16 for
2235 3532 45 16 each
2286 3533 111 19 subsequent
2403 3533 57 16 inser-

1875 3548 37 16 tion
1917 3553 5 13 ;
1934 3549 47 16 from
1988 3550 28 15 six
2023 3550 19 16 to
2049 3552 30 14 ten
2087 3550 52 20 lines,
2146 3551 35 17 five
2189 3552 84 21 shillings
2284 3553 28 16 for
2323 3553 31 16 the
2366 3553 43 19 first,
2421 3552 35 16 and

1873 3573 35 11 one
1919 3569 75 20 shilling
2004 3570 36 17 and
2051 3571 84 20 sixpence
2145 3572 29 16 for
2185 3573 44 16 each
2240 3574 111 19 subsequent
2361 3573 95 18 insertion;

1873 3589 56 16 above
1940 3591 31 15 ten
1982 3590 52 19 lines,
2046 3592 34 16 five
2092 3592 83 21 shillings
2187 3593 28 16 for
2225 3593 31 16 ths
2266 3594 38 16 first
2315 3596 32 14 ten
2357 3594 53 19 lines,
2421 3594 36 15 and

1873 3609 98 21 fourpence
1977 3615 31 15 per
2014 3611 38 16 line
2058 3613 28 15 for
2093 3613 30 16 the
2130 3617 63 12 excess
2201 3614 20 16 of
2228 3614 40 16 that
2275 3615 86 19 number;
2371 3615 37 15 and
2415 3615 42 15 two-

1873 3634 56 16 pence
1936 3635 33 16 per
1974 3631 37 17 line
2018 3632 28 16 for
2052 3633 45 16 each
2104 3634 111 20 subsequent
2221 3634 93 17 insertion.

1896 3651 154 18 Advertisements
2056 3653 38 17 will
2100 3655 31 15 not
2138 3658 66 17 appear
2213 3655 19 15 in
2244 3655 31 16 the
2285 3655 79 20 ensuing
2374 3655 82 18 number,

1874 3671 17 16 if
1899 3672 82 16 received
1988 3672 45 17 later
2038 3674 45 16 than
2094 3674 69 21 Friday,
2176 3676 21 15 10
2208 3675 72 19 o'clock,
2291 3680 42 11 a.ru.
2354 3675 103 16 Advertise-

1873 3695 60 14 ments
1941 3693 37 16 will
1984 3693 22 17 be
2013 3695 97 16 continued
2117 3696 35 16 and
2159 3696 78 20 charged
2241 3696 47 16 until
2291 3695 165 19 counter-ordered;

1874 3713 45 16 such
1926 3714 52 16 order
1985 3716 49 15 must
2039 3716 23 15 be
2070 3717 40 15 sent
2117 3717 17 14 to
2141 3716 30 16 the
2176 3716 55 17 Office
2239 3717 50 16 three
2295 3717 44 19 days
2346 3716 60 16 before
2413 3716 44 24 pub-

1873 3733 80 20 lication,
1961 3735 36 15 and
2004 3738 49 14 must
2061 3737 21 15 be
2089 3736 19 16 in
2116 3736 77 21 writing.
2214 3736 154 17 Advertisements
2375 3736 79 16 received

1874 3754 52 17 after
1933 3756 20 15 10
1960 3754 67 18 o'clock
2034 3761 23 12 on
2068 3757 63 20 Friday
2142 3757 84 21 morning
2237 3757 37 16 will
2284 3757 21 16 be
2317 3757 77 19 charged
2405 3756 50 16 twice

1873 3773 32 17 the
1913 3775 53 17 usual
1973 3778 52 14 rates.

1895 3796 30 15 All
1931 3796 66 19 orders,
2008 3797 155 19 advertisements,
2174 3797 38 17 and
2222 3797 161 18 communications
2395 3799 19 14 to
2425 3796 30 17 the

1874 3815 69 20 Editor,
1950 3822 30 11 are
1986 3818 94 19 requested
2087 3820 18 14 to
2113 3818 20 16 be
2140 3818 97 16 addressed
2244 3819 18 15 to
2269 3818 36 16 this
2312 3818 61 16 Olfice.

851 127 43 21 Ex

679 158 72 49 OiN
765 158 46 23 sale
821 163 24 18 at
856 160 39 22 the
904 160 72 22 Stores
987 159 25 22 of
1021 160 39 21 the
1067 159 183 28 undersigned:—

720 182 6 14 '
756 186 115 27 Superfine
880 193 51 15 new
941 186 94 22 colonial
1042 186 60 28 flour,

704 212 100 21 Seconds
885 212 36 22 do.
975 213 36 21 do.
1064 212 32 25 do.

704 237 75 22 Coffee
788 238 24 22 in
821 238 60 27 good
891 239 119 26 condition,

705 263 96 23 Refined
809 264 49 22 loaf
863 271 66 21 sugar
938 266 24 21 in
971 264 64 23 hhds.

704 290 70 21 Moist
781 298 66 20 sugar
854 292 23 21 in
887 291 61 28 bags,

704 316 83 28 Cigars,
797 317 71 27 prime
878 318 99 26 Manilla,
988 318 47 22 first
1043 317 88 29 quality,

704 343 98 27 Brandy,
814 345 10 20 1
835 343 54 24 hhd.
899 351 54 20 very
962 345 103 27 superior,

704 368 103 23 Jamaica
816 377 49 14 rum
920 371 37 22 do.
1005 370 35 23 do.

704 396 53 21 Pale
767 396 38 26 gin
816 396 24 21 in
850 396 63 23 hhds.

703 423 41 20 150
753 429 62 15 cases
824 422 27 21 of
856 422 111 28 hollands,

701 450 42 20 300
754 448 79 23 cheese
842 449 22 22 in
874 450 58 26 good
943 449 69 27 order,

703 474 53 22 Port
764 474 45 22 and
819 475 77 28 sherry
905 476 23 21 in
938 476 62 22 wood
1011 475 43 23 and
1062 475 74 29 tattle,

702 501 145 27 Champagne
855 502 23 21 in
888 504 15 19 6
911 502 70 22 dozen
992 510 67 20 cases,

702 527 89 22 Bottled
802 528 34 22 ale
847 528 44 22 and
900 532 79 24 porter,

702 553 70 22 Black
782 558 37 18 tea
827 554 24 22 in
859 556 28 20 35
896 554 31 23 lb.
936 555 116 27 packages,

702 580 91 28 Ginger,
809 581 87 27 raisins,
912 586 72 17 castor
1000 582 37 27 oil,
1052 581 62 23 white
1130 589 82 21 pepper
1225 582 19 23 ir

673 606 61 27 bags,

701 633 130 22 Arrowroot
840 633 23 22 in
874 635 127 27 cannisters,

701 659 91 28 Shingle
802 660 64 27 nails,
877 661 46 21 and
937 668 30 15 an
980 664 128 19 assortment
1122 661 27 22 of
1160 662 56 22 nails
1226 663 23 20 of

674 685 29 22 all
713 686 153 28 descriptions,

701 712 72 27 Large
783 720 58 20 rugs,
849 715 50 20 10-4
904 713 101 23 blankets
1011 714 67 28 heavy
1084 714 46 22 and
1136 715 110 27 coloured,

701 739 166 28 Counterpanes
876 741 24 21 in
910 741 66 27 bales,
987 741 48 21 b-est
1044 744 81 24 regatta
1135 741 71 27 shirts,

701 765 125 28 Osnaburg,
838 768 53 20 1000
899 767 66 26 yards
974 767 35 22 for
1018 767 67 26 lining
1092 767 88 28 houses,

703 791 78 28 Prints,
806 800 14 14 a
842 796 63 23 great
927 794 90 27 variety,
1041 800 40 15 ana
1108 794 139 22 fashionable

673 821 106 24 patterns,

700 844 113 28 Sheeting,
824 845 101 28 shirting,
935 846 44 22 and
988 846 134 23 unbleached
1132 847 75 28 calico,
1221 869 3 3 .

700 871 75 22 Men's
784 871 66 22 white
859 872 72 27 shirts,
943 873 69 27 socks,
1023 873 56 22 linen
1089 873 76 28 check,

699 898 75 21 Men's
784 898 93 22 woollen
888 899 72 27 shirts,

699 924 113 22 Moleskin
823 925 43 21 and
877 925 53 22 cord
939 929 105 24 trowsers,
1054 926 142 28 bed-ticking,

699 950 109 27 Flushing
817 955 101 18 trowsers
935 953 95 26 monkey
1037 953 88 27 jackets,

699 977 45 21 Pea
750 977 95 27 jackets,
856 978 92 22 woollen
959 978 100 28 drawers,

697 1003 68 22 Duck
775 1003 81 26 frocks,
867 1005 133 27 comforters,
1012 1006 44 22 and
1065 1009 104 24 trowsers,

698 1030 87 26 Chintz,
798 1031 103 22 coloured
912 1031 46 22 and
966 1032 64 22 black
1038 1033 101 27 merinos,

698 1056 46 22 Kid
753 1057 77 26 gloves
839 1058 25 20 of
870 1057 30 22 all
911 1058 150 28 descriptions,

698 1082 57 22 Rich
765 1083 86 27 figured
860 1084 95 27 puplins,

697 1109 64 27 Long
770 1110 61 22 scarf
842 1111 86 27 shawls,
937 1111 55 22 dark
997 1112 243 22 mousselane-de-laine

671 1134 91 28 dresses,

696 1162 62 22 Satin
769 1163 75 27 scarfs,
854 1163 59 22 book
922 1164 88 27 muslin,

697 1189 69 21 Black
777 1189 44 21 and
830 1190 104 22 coloured
943 1198 50 19 gros
1002 1191 36 28 de'
1038 1191 86 28 Naples,

697 1216 119 21 Cashmere
840 1217 86 26 shawls,
949 1218 74 21 ladies'
1042 1219 40 21 and
1103 1219 54 26 girls
1179 1222 61 19 stiaw

668 1240 104 26 bonnets,
783 1243 55 27 boys
847 1243 74 22 velvet
929 1251 57 20 caps,

696 1268 69 22 Black
777 1276 70 20 crape,
857 1270 77 21 ladies'
944 1271 45 21 and
997 1271 52 26 girls
1059 1275 63 24 stays,

696 1294 114 23 Women's
818 1296 60 27 hose,
889 1304 14 14 a
912 1297 83 27 variety
1005 1298 25 21 of
1037 1298 92 27 ribbons,

696 1322 25 21 10
731 1322 74 26 pieces
816 1322 64 22 India
889 1323 42 21 silk
941 1323 170 28 handkerchiefs,

696 1348 74 22 Men's
780 1350 136 26 comforters,
927 1350 77 22 lamb's
1014 1351 53 21 wool
1073 1351 75 28 shirts,

696 1374 155 23 Gentlemen's
860 1380 65 22 vests,
936 1376 47 22 first
994 1377 86 28 quality,

696 1401 155 22 Gentlemen's
864 1402 66 22 black
945 1403 80 22 beaver
1034 1404 50 27 hats,
1095 1404 147 27 gentlemen's

668 1426 79 23 oilskin
758 1428 56 27 hats,
826 1429 95 21 Manilla
931 1430 55 27 hats,

694 1454 133 27 Umbrellas,
852 1456 81 21 tailors'
955 1457 123 27 trimmings,
1094 1457 47 22 and
1164 1457 76 23 haber-

666 1479 95 29 dashery
772 1482 26 21 of
809 1482 29 21 all
847 1485 61 23 sorts,

695 1506 65 23 India
768 1508 83 22 rubber
859 1509 45 21 and
914 1512 74 18 cotton
997 1510 77 27 braces,

694 1533 155 24 Gentlemen's
875 1536 99 26 superior
999 1536 104 22 buckskin
1132 1541 106 23 trowsers,

664 1559 59 27 good
733 1560 75 28 shape,

692 1586 80 23 Cotton
784 1587 171 24 handkerchiefs
965 1589 22 22 in
997 1590 74 27 pieces,

692 1612 104 28 Superior
826 1614 141 23 broad-cloth
993 1616 44 22 and
1065 1616 115 22 Cashmere
1207 1617 33 21 for

664 1642 108 25 trowsers,

689 1667 15 20 3
713 1666 61 23 bales
784 1667 26 22 of
817 1667 52 27 sole,
880 1668 45 27 kip,
936 1668 44 22 and
990 1669 47 22 calf
1044 1669 88 28 leather,

690 1692 58 22 Boat
757 1694 58 21 nails
826 1697 23 18 of
857 1694 30 22 all
897 1694 150 28 descriptions,

690 1719 74 22 Men's
774 1724 77 24 strong
859 1721 71 27 boots,
941 1722 61 27 boy's
1012 1722 45 22 and
1066 1724 102 20 women's
1178 1724 34 21 do.

692 1746 154 23 Gentlemen's
868 1748 99 27 superior
993 1748 107 28 kangaroo
1130 1750 108 28 bluchers,

663 1772 66 23 made
739 1777 22 17 to
772 1774 72 26 order,

690 1800 79 21 Mould
779 1801 97 26 candles,

688 1826 58 21 Boat
755 1827 101 26 anchors,

688 1853 104 27 Superior
801 1853 109 23 furniture
920 1855 24 20 of
953 1854 27 23 all
992 1854 146 30 descriptions,

688 1879 135 27 Negrohead
833 1881 98 27 tobacco,
1249 1878 1 31 j

687 1906 50 21 One
750 1906 48 28 pipe
809 1907 55 27 light
877 1913 51 22 port
936 1908 63 22 wine.

920 1941 34 23 W.
971 1943 24 21 B.
1011 1943 88 22 Rhodes
1114 1943 44 22 and
1172 1941 39 24 Co.

705 1984 99 20 Choice
815 1985 152 24 Furniture,
978 1992 34 13 ex

661 2016 71 48 ON
743 2017 84 27 SALE,
837 2025 28 13 an
873 2021 132 19 assortment
1012 2019 26 21 of
1044 2019 71 22 choice
1124 2019 113 28 furniture,

723 2043 123 27 consisting
855 2044 34 21 of:

740 2076 60 22 Four
809 2078 73 27 4-post
891 2077 123 29 bedsteads,

740 2103 61 22 Four
810 2104 55 21 wool
875 2108 132 23 mattrasses,

739 2130 60 22 Four
809 2131 89 21 Marina
908 2134 130 25 mattrasses,

740 2156 60 22 Four
809 2157 69 21 railed
889 2158 100 27 couches,

739 2183 72 21 Three
823 2184 129 21 wash-hand
962 2185 80 28 stands,

739 2209 72 23 Three
822 2211 100 26 dressing
930 2212 75 27 tables,

738 2235 73 23 Three
821 2240 43 18 sets
874 2237 22 21 D
906 2237 75 28 tables,

738 2262 73 22 Three
822 2266 43 19 sets
875 2264 101 27 drawers,

738 2289 89 22 Twelve
838 2294 133 23 mattrasses,

737 2315 90 23 Twelve
835 2317 93 27 pillows,

739 2342 49 22 One
798 2346 34 18 set
842 2343 89 28 dummy
941 2344 64 28 table,

737 2369 90 23 Twelve
837 2369 78 28 chairs,

736 2395 81 26 Thirty
826 2404 68 14 seven
903 2404 59 20 rugs,

737 2423 55 21 Five
802 2421 49 23 hair
860 2423 102 28 couches,

736 2449 73 22 Three
818 2449 125 23 bedsteads.

684 2482 31 22 At
725 2482 37 22 the
774 2483 73 22 Stores
856 2484 27 21 of

655 2527 39 16 ___.
1007 2511 23 22 J.
1040 2512 40 22 and
1091 2513 28 21 G.
1129 2513 79 23 Wade.

732 2554 62 20 Van
809 2555 137 21 Dieman's
960 2557 75 21 Land
1049 2557 111 22 Timber.

674 2588 16 21 A
717 2588 107 22 LARGE
839 2589 102 27 quantity
951 2590 25 21 of
990 2590 48 22 Van
1050 2591 112 23 Dieman's
1171 2592 64 22 Land

657 2618 50 18 JLX.
734 2615 83 22 timber
835 2616 25 21 of
878 2616 87 22 various
982 2616 130 23 dimensions
1123 2626 5 19 ;
1153 2618 52 28 also,
1222 2627 13 14 a

654 2640 61 28 large
726 2642 103 27 quantity
840 2642 25 21 of
875 2642 99 22 Colonial
985 2644 83 26 timber,
1082 2644 121 29 consisting
1212 2646 24 21 of

656 2667 104 27 weather,
772 2668 79 27 lining,
866 2669 45 22 and
921 2669 93 28 flooring
1023 2670 73 23 boards
1106 2671 47 22 and
1163 2676 72 18 scant-

655 2694 49 26 ling
711 2695 26 21 of
750 2694 30 22 all
789 2695 57 22 sizes
855 2695 45 22 and
908 2695 88 27 lengths
1003 2705 6 18 ;
1030 2704 44 16 now
1087 2705 31 15 on
1134 2698 61 23 hand
1211 2704 23 18 at

657 2720 38 22 the
705 2724 69 19 stores
785 2721 25 22 of
817 2722 38 21 the
864 2722 157 27 undersigned.

682 2754 64 27 They
755 2754 45 22 will
810 2754 46 22 also
863 2755 31 21 he
908 2755 75 28 happy
993 2759 22 18 to
1025 2757 74 28 supply
1109 2758 63 23 those
1183 2759 50 22 who

655 2780 78 22 intend
743 2781 100 27 erecting
851 2781 112 28 buildings
972 2783 50 21 with
1033 2783 108 24 theabove
1149 2787 83 26 article,

656 2811 38 17 cut
712 2811 23 17 to
755 2807 73 27 order,
849 2808 25 20 of
897 2815 45 20 any
962 2809 129 23 dimensions
1111 2811 54 29 they
1183 2821 50 20 may

654 2834 94 27 require,
769 2834 45 21 and
836 2834 133 23 deliverable
988 2839 23 18 at
1028 2844 42 20 any
1086 2842 51 23 part
1155 2841 25 20 of
1195 2839 38 22 the

655 2860 70 21 beach
735 2867 30 15 on
777 2861 39 21 the
824 2861 96 22 shortest
927 2862 81 22 notice.

916 2894 61 23 John
993 2903 45 15 and
1054 2896 54 23 Geo.
1124 2898 81 23 Wade.

654 2938 39 21 To
714 2938 46 21 the
782 2939 167 25 Merchants,
969 2940 189 28 Ship-owners,
1177 2945 55 19 and

749 2966 93 20 others
860 2966 31 20 of
903 2967 66 20 Port
981 2967 154 23 Nicholson.

655 2998 158 48 MESSRS.
836 2999 100 22 PRATT
955 2999 42 22 and
1018 3001 102 22 BEVAN
1139 3002 45 28 beg
1197 3011 34 14 re-

744 3025 127 28 spectfully,
889 3029 23 18 to
934 3026 81 22 inform
1037 3027 34 22 the
1094 3030 135 27 merchants,

652 3051 155 27 ship-owners,
824 3052 46 22 and
886 3053 81 26 others,
981 3053 49 22 that
1042 3053 47 28 they
1107 3054 57 23 have
1181 3063 49 15 now

652 3079 146 21 commenced
816 3079 36 21 the
872 3079 153 22 manufacture
1047 3080 23 22 of
1084 3088 61 21 rope,
1164 3082 64 25 lines,

653 3105 65 21 twine
732 3105 27 21 of
766 3105 29 21 all
810 3105 152 28 descriptions,
975 3110 56 18 mats
1045 3107 24 21 of
1079 3107 30 22 all
1126 3109 62 27 sizes,
1200 3110 30 21 oil

652 3130 77 27 cloths,
749 3132 39 22 &c.
797 3140 7 17 ;
819 3131 82 27 fishing
917 3136 49 18 nets
981 3133 64 21 made
1061 3134 41 21 and
1120 3136 108 27 repaired,

652 3157 44 21 and
712 3165 69 20 every
790 3154 134 31 description
944 3159 26 21 of
984 3159 77 22 article
1071 3160 22 21 in
1110 3161 39 22 the
1158 3162 71 23 above

650 3183 54 28 line,
720 3184 31 22 all
767 3185 57 21 from
842 3185 55 21 New
910 3185 99 22 Zealand
1024 3186 47 27 flax,
1087 3188 47 21 and
1148 3195 30 15 on
1192 3189 40 24 the.

651 3214 57 18 most
717 3211 131 23 reasonable
857 3212 100 27 charges.
984 3213 75 27 Apply
1068 3216 19 19 to

867 3246 92 21 Messrs.
974 3246 76 22 Pratt
1064 3247 41 21 and
1120 3248 87 28 Bevan,

651 3277 44 22 No.
711 3278 19 27 1,
756 3278 229 27 Molesworth-street,
1013 3279 140 29 Wellington,
1177 3282 53 22 Port

878 3305 130 22 Nicholson.

713 3348 97 23 ESSRS.
825 3349 144 22 JOHNSON
985 3350 44 21 and
1047 3350 107 24 MOORE
1172 3352 57 24 have

740 3376 111 26 received,
861 3383 30 14 ex
902 3376 99 25 Tramftr
1011 3384 35 13 :—

677 3407 58 22 Pilot
744 3412 68 23 coats,
823 3416 42 20 pea
870 3409 97 27 jackets,

676 3434 55 22 Blue
738 3434 95 28 jackets,
842 3435 96 28 monkey
949 3436 61 27 ditto,

677 3460 107 28 Flushing
793 3465 108 23 trowsers,
911 3462 40 22 red
960 3463 71 26 shirts,

676 3486 62 23 Dark
748 3488 68 28 fancy
824 3488 71 27 prints
904 3489 45 21 and
959 3496 57 20 navy
1025 3490 66 29 blues,

676 3514 105 26 Superior
788 3514 111 28 blankets,
911 3516 93 23 Manilla
1014 3517 54 27 hats,

675 3539 108 27 Ribbons,
791 3541 101 21 artificial
903 3542 90 27 flowers,

675 3566 70 22 Black
755 3567 42 22 silk
808 3567 176 29 handkerchiefs,
994 3573 74 19 cotton
1073 3571 64 28 ditto,

677 3593 67 22 Wash
753 3594 102 27 leathers,
866 3602 101 20 sponges,

675 3620 88 27 Combs,
774 3620 100 28 shaving,
883 3622 68 26 teeth,
962 3622 43 22 and
1014 3622 48 22 hair
1068 3623 97 28 brushes,

676 3645 94 28 Violins,
781 3647 61 22 bows
851 3648 45 21 and
905 3648 86 28 strings,

675 3672 63 22 Deed
748 3673 45 22 and
804 3674 51 21 cash
866 3674 75 26 boxes,

674 3700 77 25 20,000
760 3700 99 27 superior
868 3702 95 21 Manilla
971 3702 76 28 cigars,

675 3724 70 23 Black
755 3730 35 17 tea
798 3726 25 22 in
832 3727 50 22 half
896 3728 78 28 chests,
990 3730 43 21 and
1042 3730 40 22 fine
1090 3730 86 29 butter,
1190 3731 36 22 &c

647 3751 48 27 &c,
706 3759 104 14 common
821 3754 115 22 tumblers.

675 3785 35 21 On
719 3785 47 21 sale
781 3786 53 22 with
849 3787 36 22 the
902 3787 76 28 above,
989 3796 13 14 a
1016 3790 97 28 quantity
1123 3790 27 22 of
1160 3790 67 23 hard-

647 3818 57 14 ware
713 3811 46 22 and
768 3813 142 26 agricultural
920 3814 145 28 implements.

673 3844 22 21 A
713 3851 55 21 very
786 3846 100 27 superior
904 3848 33 21 six
955 3848 65 22 oared
1040 3850 110 22 Canadian
1170 3851 56 22 built

647 3870 69 23 whale
726 3871 59 27 boat,
792 3872 54 22 with
855 3873 61 22 brass
923 3874 114 28 rowlocks,
1047 3883 50 19 oars,
1109 3880 63 22 mast,
1181 3878 45 22 and

645 3897 47 21 sail.
1235 3909 3 12 ,

95 127 29 21 T.
135 128 39 20 M.
182 127 143 27 Partridge
335 128 21 21 &
366 128 46 21 Co.
423 128 66 21 offer
499 127 42 20 for
550 127 71 24 Sale,

66 160 172 49 BOTTLED
259 164 77 23 porter
357 160 45 22 and
419 160 51 28 pale
488 159 34 23 ale
539 160 24 21 in
586 158 63 23 three

143 186 72 22 dozen
229 186 71 28 casks,

96 212 65 22 Good
170 213 77 26 sherry
256 214 23 20 in
290 216 90 25 quarter
391 213 70 27 tasks,

94 238 80 22 Mould
182 239 98 27 candles,

92 264 111 28 Windsor,
216 266 91 26 toilette,
318 265 45 22 and
372 264 78 29 yellow
460 272 58 21 ioap,

92 292 102 21 Window
202 292 59 26 glass
270 294 26 19 13
306 292 29 26 by
345 294 22 25 9,

92 318 158 21 Earthenware
259 318 24 21 in
293 321 78 25 crates,

92 344 105 27 Cooper's
206 351 65 20 ware,

92 370 84 26 Paints,
186 370 99 26 brushes,
297 371 49 27 &c,

92 396 52 34 Slop
155 396 105 27 clothing,

91 419 93 31 Pickles,
196 430 84 20 sauces,
292 422 87 24 French
388 431 83 21 capers,
486 429 99 21 cayenne
594 429 43 21 pep

62 456 48 20 per,
122 449 108 27 mustard,

92 475 66 22 India
166 476 83 21 rubber
256 474 113 30 blacking,
381 477 39 22 &c.
431 476 40 22 &c.

92 501 54 22 And
155 509 50 15 now
214 502 99 27 landing,
323 503 57 22 from
389 503 36 22 the
433 504 115 20 Katharine
554 502 93 21 Stewart

62 529 84 27 Forbes,

92 554 115 28 Superfine
217 555 96 22 Dantzic
322 554 47 23 kiln
379 556 48 21 drie
436 554 79 28 d3our,

90 582 12 20 5
113 584 50 19 tons
174 582 57 26 zinc,
242 581 34 21 for
285 582 92 26 roofing.

226 628 87 20 Boots
323 628 54 20 and
387 628 91 21 Shoes.

61 661 29 20 T
109 660 20 21 A
133 660 70 22 DIES
221 661 59 21 cloth
297 661 71 26 boots,
385 661 50 21 best
456 660 94 22 London
565 667 81 15 manu-

59 686 47 22 _LJ
123 687 92 26 facture,

86 713 70 26 Satin,
167 713 45 26 kid,
223 713 95 27 enamel,
329 712 44 22 and
383 713 100 28 prunella
492 713 70 27 shoes,

86 739 102 22 Leather,
200 739 71 27 single
280 739 46 22 and
336 739 80 23 double
426 740 64 27 soles,

87 765 59 22 Cork
155 764 64 28 soles,
229 766 45 22 and
285 767 35 20 fur
328 766 61 22 lined
399 767 69 26 boots,

86 792 56 21 Also
162 799 27 15 an
215 796 133 18 assortment
367 793 24 21 of
410 793 146 26 gentlemen's
583 792 62 22 dress

59 817 64 23 shoes
134 821 24 19 at

247 845 98 22 Bowler
355 845 45 22 and
409 846 100 26 Smith's,
520 845 31 22 Te
561 845 56 22 Aro.

148 897 89 20 Dutch
246 897 100 20 Clocks
356 898 53 20 and
420 897 133 21 Watches.

59 929 163 48 SEVERAL
232 929 76 22 Dutch
323 930 82 26 clocks,
420 930 45 21 and
481 930 71 21 sound
560 930 84 21 second

108 955 62 22 hand
180 956 66 21 silver
256 956 102 26 watches,
369 956 33 21 for
411 956 46 21 sale
467 960 23 17 at

165 982 97 22 Bowler
273 982 45 21 and
327 982 94 22 Smith's
431 984 80 25 Stores,
518 982 32 22 Te
560 983 56 22 Aro.

179 1033 192 21 Second-hand
386 1033 136 27 Clothing.

59 1064 73 49 AN
146 1069 132 18 assortment
294 1066 26 21 of
332 1066 146 27 gentlemen's
488 1066 153 23 second-hand

136 1092 107 26 clothing,
259 1092 27 21 of
297 1093 99 27 superior
408 1093 65 22 make
489 1093 43 22 and
549 1094 91 27 quality,

56 1118 88 27 worthy
151 1118 38 22 the
198 1119 110 22 attention
318 1120 26 21 of
349 1119 127 22 mechanics
487 1120 43 21 and
540 1120 81 22 others.

368 1146 97 21 Bowler
475 1146 44 21 and
529 1148 82 20 Smith.

57 1183 126 48 ROPES
194 1183 45 21 and
253 1184 73 21 SHIP
341 1184 192 22 CHANDLERY
542 1185 34 22 for
586 1186 53 26 sale,

136 1212 24 19 at
178 1210 87 21 Bowler
279 1210 46 22 and
339 1211 90 22 Smith's
446 1212 80 26 Stores,
537 1212 31 21 Te
583 1212 56 28 Aro,

56 1236 122 27 consisting
188 1236 35 21 of:
225 1247 29 5 —

109 1263 74 26 Ropes
195 1262 24 21 of
227 1263 30 22 all
266 1263 64 27 sizes,

109 1289 108 27 Canvass,

109 1315 78 22 Paints
196 1315 46 22 and
252 1316 47 26 oils,

108 1342 137 23 House-line
254 1343 46 22 and
309 1343 113 27 mar-line,

108 1368 98 26 Oakum,

108 1395 137 27 Spun-yarn,

107 1417 91 26 Thread
206 1423 89 26 ratling,

108 1448 108 27 Seaming
224 1449 45 21 and
278 1449 87 28 roping,

107 1475 131 21 Stockholm
247 1478 41 23 tar,

107 1501 84 21 Round
200 1502 45 21 and
254 1502 40 22 flat
301 1502 41 22 bar
351 1502 56 27 iron,

108 1527 88 26 Blocks,
208 1528 30 22 all
248 1529 63 21 sizes.

81 1553 55 22 Also
153 1561 61 15 some
229 1555 111 22 excellent
354 1558 57 19 tents
421 1556 35 22 for
466 1564 89 20 persons
568 1557 69 27 going

52 1579 49 23 into
110 1580 39 22 the
158 1581 64 21 bush.

54 1624 88 49 FOR
157 1625 85 27 SALE,
259 1630 24 17 at
299 1626 37 21 the
358 1627 73 22 Stores
455 1628 26 21 of
497 1627 37 23 the
553 1628 82 22 under-

112 1651 80 27 signed
198 1660 5 13 :—:
205 1663 30 5 —

80 1677 58 22 First
146 1678 64 28 flour,

79 1704 62 27 Rice,

78 1730 92 28 Brandy
178 1731 24 22 in
214 1732 66 27 pipes,
292 1731 72 28 hhds.,
375 1733 44 22 and
429 1737 88 24 quarter
526 1733 71 28 casks,

78 1757 59 22 Rum
148 1758 24 21 in
181 1758 73 26 hhds.,

79 1783 44 22 Gin
133 1784 24 21 in
167 1791 50 15 case
227 1784 44 22 and
281 1785 70 27 wood,

78 1810 87 22 Elliot's
175 1814 60 19 stout
243 1812 21 21 in
276 1811 72 27 hhds.,

77 1836 112 28 Barclay's
199 1841 59 19 stout
266 1838 24 21 in
299 1838 78 25 bottle,

77 1863 100 27 Taylor's
186 1865 50 26 pale
246 1865 34 21 ale
290 1865 25 21 in
325 1865 75 27 bottle,

78 1889 52 22 Port
140 1891 44 20 and
193 1891 77 27 sherry
279 1891 22 22 in
313 1892 76 26 bottle.

77 1916 81 28 Sherry
168 1917 23 21 in
202 1918 55 27 butt,
269 1918 63 27 hhds,
344 1918 45 23 and
397 1926 69 20 cases,

76 1943 59 26 Cape
146 1944 57 21 wine
213 1944 23 21 in
247 1945 70 25 wood,

77 1969 95 26 Pickles,
182 1978 83 17 sauces,
278 1971 44 21 and
332 1971 106 27 mustard,

76 1992 140 25 Arrow-root
225 1997 44 21 and
280 2004 59 19 sago,

76 2021 113 28 Blankets,
207 2023 128 26 moleskins,
353 2023 59 28 silks,
427 2024 96 27 ribbons,
542 2024 86 28 shawls,

48 2047 171 28 haberdashery,
229 2049 57 27 hats,
296 2050 99 22 assorted
403 2050 66 28 slops,

75 2074 65 22 Pitch
149 2075 46 21 and
205 2078 39 25 tar,

75 2101 54 22 Fine
141 2101 47 28 salt,

74 2127 48 22 Ash
132 2135 56 20 oars,

75 2154 71 22 Cedar
155 2155 88 22 boards.

348 2181 81 24 Waitt
440 2183 43 22 and
492 2183 82 22 Tyser.

45 2207 144 27 Wellington,
202 2208 54 27 July
264 2210 35 25 31,
311 2210 62 20 1841.

161 2252 143 21 Contracts
320 2253 42 21 for
376 2254 137 21 Potatoes.

43 2285 144 47 WAITT
201 2286 45 21 and
259 2286 99 22 TYSER
373 2287 43 21 will
433 2288 85 21 receive
537 2288 91 22 tenders

140 2312 35 21 for
183 2315 43 18 two
235 2312 101 22 hundred
346 2317 50 17 tons
406 2313 92 27 English
508 2314 121 22 cultivated

43 2341 108 24 potatoes,
170 2339 91 27 packed,
283 2339 133 23 deliverable
435 2343 23 19 at
475 2341 59 21 their
553 2341 76 22 Stores

44 2364 81 27 during
134 2365 38 21 the
182 2369 89 23 potatoe
281 2373 86 15 season.

211 2407 5 11 ,
226 2392 54 27 July
290 2394 33 25 15,
335 2394 36 20 184
371 2394 24 20 T.

45 2435 176 49 LANDING
249 2436 57 22 from
336 2437 36 21 the
393 2439 115 20 Katkerine
534 2440 92 19 Stewart

120 2463 83 24 Forbes,
216 2463 43 21 and
268 2463 34 21 for
313 2464 45 22 sale
359 2475 27 4 —

69 2490 14 20 2
101 2489 73 27 hlids.,
191 2490 131 27 containing
339 2498 13 14 a
369 2494 63 23 great
450 2492 84 27 variety
552 2493 26 20 of
593 2493 34 21 tin

45 2522 63 20 ware,

71 2542 80 22 Brown
162 2545 65 24 stout,
365 2545 10 19 1
421 2545 87 22 Packed
536 2545 22 22 in
586 2545 42 22 red

71 2568 53 22 Pale
134 2569 41 26 ale,
370 2566 12 37 [■
387 2571 76 28 boxes,
494 2572 69 22 suited
592 2573 36 21 for

71 2595 74 21 Men's
154 2596 63 21 boots
229 2596 43 22 and
286 2597 70 28 shoes,
364 2594 11 31 J
388 2599 80 21 Native
476 2599 68 21 trade.

71 2621 64 28 Soap,

72 2648 107 22 Blankets
179 2660 28 5 —
207 2649 66 22 white
283 2650 46 22 and
337 2651 47 28 red,

72 2674 111 29 Clothing,

72 2701 80 21 Cotton
161 2702 79 31 prints,

72 2727 81 26 Sherry
160 2735 22 15 m
194 2733 90 23 quarter
294 2730 69 27 casks,

71 2750 210 27 Double-barrelled
290 2757 127 26 percussion
427 2766 64 19 guns,

71 2780 134 27 Negrohead
216 2783 98 21 tobacco.

421 2811 92 22 Samuel
525 2811 100 23 Revaks.

71 2833 59 22 June
144 2834 31 26 16,
187 2836 61 20 1841.

182 2880 39 19 To
237 2881 248 25 Agriculturalists.

44 2911 87 48 FOR
142 2912 84 27 SALE,
236 2919 13 15 a
256 2913 63 21 small
327 2914 102 27 quantity
436 2915 27 21 of
468 2922 52 19 very
527 2915 99 27 superior

115 2938 53 21 seed
179 2939 77 26 wheat,
268 2940 47 21 also
324 2948 13 13 a
348 2941 62 21 small
425 2943 102 26 quantity
536 2943 26 21 of
572 2943 52 21 seed

41 2964 74 27 barley
128 2964 91 23 without
229 2965 64 27 husk,
304 2966 54 21 both
369 2974 73 19 grown
461 2968 22 21 in
501 2968 36 22 the
552 2969 72 27 valley

42 2992 22 19 oi
80 2990 36 22 the
125 2991 66 27 Hutt,
203 2992 45 21 and
259 2994 121 20 warranted
391 2994 25 21 of
427 2994 37 22 the
474 2995 46 21 first
531 2995 92 28 quality.

42 3016 57 22 Also
107 3024 15 15 a
130 3018 86 26 variety
225 3019 27 21 of
260 3019 84 26 garden
356 3020 68 27 seeds,
438 3021 37 21 the
491 3024 96 25 produce
602 3023 26 21 of

42 3042 38 22 the
91 3044 85 28 Colony
212 3045 43 21 For
264 3046 136 28 particulars,
412 3048 66 27 apply
488 3052 22 17 to

204 3072 24 20 C.
240 3072 25 21 E.
277 3072 50 22 Yon
339 3074 115 27 Alzdorf,
471 3074 83 27 Petoni,
565 3082 26 14 or
600 3078 24 18 to

203 3098 26 21 E.
241 3098 79 27 Dwis,
332 3103 23 18 at
366 3100 88 22 Messrs.
470 3101 92 22 Hanson
577 3102 46 22 and

231 3124 44 22 and
285 3125 97 22 Alzdorf
384 3127 22 25 's,
419 3127 141 27 Wellington.

82 3166 127 21 Woollen
225 3168 121 27 Drapery
360 3169 220 28 Establishment,

67 3200 103 20 Lambton
181 3207 59 20 quay,
261 3202 108 27 adjoining
386 3204 64 20 Lamb
452 3206 35 19 ton
506 3206 88 21 Tavern.

42 3233 36 48 J
108 3233 141 23 JACKSON
269 3235 56 28 begs
343 3237 142 28 respectfully
501 3242 22 18 to
538 3239 83 22 inform

82 3270 11 10 •
133 3260 36 21 the
187 3260 136 24 inhabitants
341 3263 27 21 of
381 3263 135 28 Wellington
536 3265 43 21 and
593 3267 29 21 its

41 3285 100 27 vicinity,
157 3286 47 21 that
219 3286 28 22 he
261 3288 40 22 has
317 3290 101 22 received
436 3290 57 22 from
510 3291 37 22 the
560 3293 61 21 We»t

41 3312 84 26 Riding
144 3313 26 20 of
190 3313 121 23 Yorkshire
329 3323 29 14 an
377 3317 113 22 extensive
513 3319 62 21 stock
598 3319 24 21 of

40 3339 111 27 superfine
167 3339 69 22 broad
252 3340 77 28 cloths,
340 3342 156 28 kerseymeres,
510 3344 109 27 doeskins,

40 3365 89 25 tweeds,
147 3364 69 29 drills,
231 3367 65 27 fancy
311 3374 112 22 cantoons,
439 3371 69 25 cords,
519 3371 100 28 fustians,

40 3392 45 21 and
108 3392 162 27 waistcoatings
279 3401 6 19 ;
314 3394 46 22 also
383 3403 28 14 an
439 3402 131 18 assortment
597 3401 24 19 ot

38 3418 107 21 merinos.

66 3444 87 21 N.B.—
153 3444 135 28 Trimmings
297 3446 26 21 of
329 3455 66 21 every
405 3448 131 29 description
547 3451 25 21 of
582 3451 38 22 the

38 3470 50 22 best
97 3471 91 27 quality.

65 3496 55 28 July
130 3499 33 25 16,
176 3499 60 20 1841.

38 3542 89 47 OIL.
128 3552 30 5 —
158 3541 47 22 The
224 3543 124 21 subscriber
363 3544 18 22 is
400 3546 104 27 prepared
521 3550 23 18 to
565 3555 54 20 pur-

115 3568 66 22 chase
201 3576 25 14 or
245 3569 65 21 make
329 3569 76 23 liberal
428 3572 108 23 advances
558 3582 60 19 upon

38 3594 37 21 Oil
85 3595 121 27 consigned
217 3599 21 17 to
249 3595 33 21 his
293 3596 94 22 London
402 3600 188 26 correspondents.

64 3647 28 6 ,„
114 3646 15 7 
402 3625 29 20 A.
446 3625 74 28 Hort,
537 3627 54 21 Jun.
603 3636 11 5 -

64 3646 145 28 Wellington,
219 3648 55 28 July
282 3650 20 25 9,
315 3650 60 20 1841.
515 3642 94 43 *^

38 3691 87 47 OIL.
127 3702 28 4 —
156 3691 47 22 The
226 3692 150 27 undersigned
400 3693 42 22 will
464 3695 103 31 purchase
592 3704 26 14 or

112 3718 67 21 make
189 3718 77 22 liberal
275 3719 111 22 advances
402 3727 29 14 on
449 3721 29 21 oil
495 3723 121 27 consigned

35 3747 23 18 to
69 3743 56 23 their
134 3745 184 26 correspondents
328 3746 23 21 in
363 3745 101 23 London.

361 3772 79 22 Waitt
450 3773 46 22 and
504 3774 82 23 Tyser.

64 3796 143 27 Wellington,
217 3797 53 28 July
279 3799 20 26 2,
313 3799 59 21 1841.

35 3841 52 47 A
104 3840 241 23 LITHOGRAPHIC
373 3842 83 21 VIEW
488 3843 38 22 O?
553 3844 64 23 THE

114 3866 154 22 HARBOUR
277 3867 58 22 from
344 3869 12 21 'J
363 3869 143 28 inakori-hill,
523 3870 34 23 fof
570 3872 47 22 sale

35 3896 24 18 •t
68 3892 37 22 tb«
114 3893 65 21 office
188 3893 28 21 of
224 3893 38 22 th»
445 3897 63 20 Frit*
516 3898 32 21 2k.
