4124 5818
1810 1210 136 32 Mount
1973 1210 164 32 Benger
2164 1210 137 32 Mail.

1895 1242 86 53 JUST
2002 1242 64 53 AND
2087 1242 86 53 FEAR

1810 1295 142 25 FRIDAY,
2164 1295 20 25 JANUARY
2187 1295 8 25 22,
2216 1295 85 25 1897.

1814 1389 32 18 .\>r
1858 1382 4 27 i
1869 1383 60 26 c'ijVp
1938 1384 21 20 of
1968 1384 35 19 tlie
2025 1391 37 11 sun
2082 1383 39 19 will
2140 1383 24 19 l>e
2174 1382 70 20 visible
2254 1383 20 19 in
2284 1383 50 19 New

1789 1421 20 19 Z-
1817 1421 57 19 :i!mi.(l
1888 1426 23 13 tin
1923 1417 101 23 February
2034 1420 33 17 2nt
2067 1416 5 12 7
2076 1433 5 7 ,
2093 1416 53 20 1807.

1817 1472 46 19 Yur
1875 1471 51 20 have
1934 1467 70 25 ?fined
2013 1475 52 20 your
2074 1466 131 22 constitu'ion
2216 1463 121 27 sufficiently

1790 1505 20 18 i.\
1830 1504 95 25 <liini-ii's
1939 1503 81 22 inferior
2035 1505 39 19 ten,
2102 1502 84 20 Recruit
2201 1500 25 24 by
2243 1499 94 25 drinking

1788 1539 47 23 only
1848 1539 25 19 Ki
1882 1540 30 19 zie
1922 1542 39 18 tea.
1988 1539 20 19 It
2018 1538 16 20 is
2044 1544 49 18 pure
2105 1534 224 22 aivlreliable.—Advt.

1818 1586 38 19 I'i::
1864 1591 31 14 sS(
1904 1591 27 15 he
1937 1593 24 13 on
1968 1591 101 19 onrspace
2079 1583 87 26 r(>m|>els
2176 1590 23 13 us
2209 1584 21 18 to
2235 1581 48 21 hold
2292 1588 47 15 over

1787 1626 9 12 a
1823 1620 94 25 ijiiiiiiiity
1942 1621 20 19 of
1984 1619 177 24 conespondence.
2185 1616 104 25 including
2314 1623 24 13 an

1787 1654 120 21 iu'ei-Kitlne
1928 1655 6 20 1
1937 1658 53 17 citer
2012 1654 51 20 from
2098 1653 77 20 Millers
2197 1652 53 21 Flat.
2291 1651 48 20 This

1791 1689 76 25 binlpet
1879 1689 37 26 vvi:l
1926 1697 74 18 appear
2011 1691 49 19 next
2070 1689 51 20 Meelc

1818 1736 75 19 C:\viNi:
1905 1737 21 20 to
1935 1744 10 12 a
1962 1736 93 26 puntw's
2070 1742 54 13 enor
2143 1735 19 19 in
2181 1734 38 20 last
2233 1733 53 21 issue
2304 1733 34 20 the

1791 1773 57 17 vxact
1858 1770 95 26 quantity
1963 1770 22 20 of
1999 1777 37 13 one
2046 1769 120 24 ingredient,
2178 1768 40 20 soft
2227 1774 56 20 soap,
2295 1767 19 21 in
2324 1774 11 13 a

1791 1804 65 25 wipe
1867 1803 30 20 for
1906 1804 36 20 the
1953 1810 46 13 cure
2009 1804 21 19 of
2039 1803 69 25 botfly
2121 1809 38 13 was
2166 1802 89 25 wrongly
2265 1800 73 22 slated.

1790 1839 41 20 The
1841 1841 83 18 amount
1935 1840 21 19 of
1969 1840 41 19 soft
2023 1845 47 19 soap
2089 1842 21 15 to
2131 1838 24 19 be
2173 1837 49 21 used
2241 1837 50 21 with
2305 1837 33 20 the

1789 1874 57 21 oiher
1856 1877 124 24 component
1990 1878 54 21 parts
2061 1875 16 19 is
2093 1873 129 26 half-a-pint,
2233 1872 39 21 and
2282 1872 56 22 thoee

1790 1908 105 25 intending
1905 1913 21 14 to
1936 1915 33 13 use
1978 1908 35 19 the
2022 1908 64 25 recipe
2095 1907 38 20 will
2143 1906 69 25 please
2223 1906 47 20 take
2282 1908 56 23 note,

1813 1955 28 20 At
1857 1961 10 14 a
1876 1953 73 27 special
1958 1953 80 26 general
2055 1953 88 25 reeding
2152 1951 21 21 of
2193 1951 36 21 the
2245 1951 92 26 Borough

1789 1989 21 19 C<
1819 1989 61 22 unci',
1891 1987 46 22 held
1952 1995 26 13 on
1995 1987 87 26 Mond.iy
2100 1985 94 26 evniug.
2212 1986 58 20 there
2286 1992 52 14 were

1791 2021 153 27 |.iH<.fiit—The
1963 2022 78 25 Mayor.
2062 2021 38 20 Crs
2119 2023 85 22 Urover,
2220 2020 117 21 M'Kenzie.

1789 2055 107 21 M'Mullin
1905 2055 39 20 and
1952 2050 112 25 Iviuaston.
2092 2053 43 21 The
2144 2052 45 21 lat,t»
2197 2060 9 12 r
2218 2053 68 25 signed
2303 2052 35 20 tlie

1788 2088 56 21 u*ual
1864 2088 121 21 declaration
2005 2088 67 19 hef<«e
2096 2086 70 25 taking
2184 2086 33 20 his
2233 2087 50 20 seat.
2311 2086 27 21 Cr

1792 2124 83 21 I'enke.s
1886 2126 43 17 seat
1938 2130 24 14 on
1973 2123 35 20 the
2019 2122 77 21 council
2108 2129 39 13 was
2158 2121 95 21 declared
2264 2122 73 20 vacant

1787 2157 64 20 under
1861 2156 74 21 section
1945 2156 32 25 02,
1990 2154 109 24 Municipal
2111 2154 157 26 Corporations
2287 2154 49 25 Act,

1790 2193 12 19 I,
1803 2192 5 13 ;
1812 2192 31 21 SCt.
1872 2191 43 21 The
1932 2191 134 25 half-holiday
2085 2190 64 20 under
2168 2190 36 20 the
2224 2189 54 26 Shop
2297 2189 38 21 and

1788 2227 55 26 Shop
1865 2225 110 21 Assistants
1999 2227 40 19 Act
2064 2232 41 13 was
2123 2224 92 21 declared
2236 2224 53 20 fixed
2305 2224 31 19 for

1787 2259 105 28 Thursday
1916 2266 20 14 as
1957 2259 121 22 heretofore.
2115 2259 27 21 Cr
2168 2257 104 22 M'Mullin
2297 2264 38 14 was

1814 2295 81 26 pointed
1906 2296 20 18 to
1935 2295 42 24 sign
1988 2295 86 24 cheques
2084 2300 24 13 011
2119 2293 35 20 the
2174 2292 91 26 borough
2281 2292 51 20 fund

1786 2330 95 19 accounts
1897 2328 20 21 in
1937 2328 128 27 conjunction
2085 2327 49 20 with
2153 2326 35 20 the
2207 2332 70 20 mayor
2295 2326 39 19 and

1787 2366 107 18 t:easurer.
1920 2363 48 20 This
1991 2369 39 13 was
2044 2361 26 21 all
2087 2362 34 20 the
2137 2360 91 21 business
2244 2359 39 21 and
2300 2359 35 21 the

1787 2396 89 25 n.eeting
1886 2396 119 25 adjourned.

1810 2448 47 20 Octt
1864 2447 101 20 attention
1974 2446 36 21 has
2018 2446 50 21 been
2075 2445 63 22 called
2147 2447 21 19 to
2177 2445 34 21 the
2221 2445 111 21 statement

1784 2483 22 20 of
1815 2491 11 12 a
1836 2483 154 24 correspoudent
2001 2484 21 18 to
2031 2490 37 12 one
2078 2482 21 20 of
2114 2488 38 13 our
2161 2481 170 26 coutemporaries

1785 2519 84 20 relative
1891 2521 21 17 to
1930 2518 35 21 the
1982 2518 123 21 conditional
2120 2518 72 19 license
2210 2516 65 21 which
2293 2523 40 13 was

1785 2554 86 28 granted
1880 2556 21 19 to
1913 2554 31 20 Mr
1952 2554 21 20 J.
1986 2556 25 18 A.
2026 2553 64 26 Boyd,
2106 2554 22 19 to
2142 2552 47 20 hold
2205 2559 11 13 a
2230 2551 103 27 publicans

1785 2590 62 20 booth
1865 2596 25 14 on
1912 2589 35 20 the
1970 2589 110 26 Roxburgh
2107 2594 115 14 racecourse
2239 2594 26 13 on
2283 2586 50 21 New

1785 2626 71 20 Year's
1866 2626 55 24 Day.
1949 2625 29 25 By
1991 2624 124 26 implication
2132 2624 41 20 this
2179 2622 155 27 correspondent

1786 2660 62 20 inters
1858 2659 47 21 that
1918 2658 54 21 there
1985 2666 40 12 was
2041 2657 139 22 drunkenness
2191 2664 25 14 on
2225 2656 34 21 the
2265 2662 69 15 course

1786 2695 16 19 tl
1811 2697 21 17 at
1841 2695 47 25 day,
1906 2694 39 20 and
1961 2701 28 13 we
2005 2694 50 20 have
2071 2693 49 20 been
2137 2692 106 26 requested
2258 2692 26 25 by
2299 2692 35 20 the

1785 2728 47 21 club
1841 2730 23 19 to
1872 2727 147 27 emphatically
2034 2726 54 27 deny
2100 2726 47 20 that
2160 2726 57 20 there
2229 2732 40 14 was
2285 2732 36 19 any-

1786 2763 58 23 thing
1867 2763 21 19 of
1902 2762 35 20 the
1951 2761 56 21 kind.
2036 2762 14 19 A
2069 2768 56 13 more
2135 2761 66 25 sober,
2215 2767 23 13 or
2253 2760 81 24 orderly

1786 2795 88 25 meeting
1881 2794 36 20 has
1928 2800 58 13 never
1995 2794 50 19 been
2056 2793 48 20 held
2113 2793 65 20 either
2187 2793 20 20 in
2219 2791 114 26 Roxburgh

1786 2838 22 13 or
1818 2830 116 25 elsewhere,
1945 2836 12 13 a
1966 2829 40 21 fact
2017 2829 45 21 that
2078 2836 40 12 was
2132 2828 52 26 fully
2198 2827 87 21 attested
2307 2827 26 26 by

1786 2872 98 20 everyone
1901 2867 80 23 present
1997 2866 21 18 at
2034 2864 35 19 the
2086 2871 61 13 races.
2175 2863 38 20 We
2224 2864 53 19 trust
2288 2863 46 20 that

1786 2902 41 20 this
1845 2900 157 27 correspondent
2017 2899 41 21 will
2074 2898 104 27 promptly
2193 2898 106 22 withdraw
2313 2905 21 13 so

1787 2944 54 18 gross
1851 2944 11 11 a
1872 2935 48 20 libel
2008 2934 86 20 district.

1772 2980 2 29 1
1812 2984 47 20 Thk
1876 2983 53 26 body
1951 2985 21 19 of
1993 2983 41 21 Mrs
2055 2982 85 22 Crosson
2163 2981 36 21 has
2226 2981 35 21 not
2283 2980 51 21 been

1787 3018 105 22 recovered
1903 3020 43 24 yet,
1959 3018 77 26 though
2046 3024 47 19 very
2104 3017 51 20 close
2166 3016 68 21 search
2243 3016 36 21 has
2285 3015 50 21 been

1772 3050 2 30 I
1787 3054 58 22 made
1854 3053 26 27 by
1891 3053 54 25 large
1957 3053 94 21 numWrs
2069 3053 20 21 of
2106 3051 78 28 people.
2211 3051 32 22 On
2252 3050 83 27 Sunday

1787 3089 39 20 last
1837 3089 54 20 what
1902 3094 38 14 was
1951 3088 88 26 thought
2049 3090 21 17 to
2080 3089 23 19 be
2113 3095 10 13 a
2133 3087 44 21 clue
2186 3089 21 18 to
2216 3087 36 20 her
2262 3086 61 21 where-

1772 3120 2 28 i
1787 3123 72 22 abouts
1879 3129 39 14 was
1936 3122 96 21 obtained
2049 3122 27 26 by
2093 3128 11 14 a
2123 3122 68 21 search
2201 3122 60 26 party
2271 3121 20 21 in
2300 3120 35 21 the

1772 3157 2 26 i
1787 3159 51 21 form
1857 3159 27 24 of,
1904 3159 19 21 ir
1946 3165 36 13 one
2001 3157 63 26 place,
2086 3157 36 20 the
2142 3158 81 25 missing
2241 3157 95 21 woman's

1772 3192 2 27 :
1787 3194 51 20 skirt
1848 3194 67 20 folded
1926 3194 19 20 in
1959 3194 36 20 her
2014 3200 70 19 npron,
2095 3192 38 21 and
2144 3199 11 13 a
2164 3192 37 20 few
2212 3192 59 27 yards
2280 3199 56 19 away

1772 3225 1 29 |
1787 3235 37 14 one
1834 3228 21 20 of
1864 3228 36 20 her
1910 3227 117 27 petticoats.
2055 3227 35 20 All
2107 3233 51 13 were
2175 3225 63 22 found
2247 3233 25 13 on
2283 3225 54 21 what

1785 3264 17 21 is
1812 3263 71 26 locally
1900 3263 72 21 known
1995 3270 21 13 as
2036 3263 35 20 the
2088 3262 72 21 Teviot
2175 3261 60 26 Spur,
2247 3261 90 21 between

1785 3299 35 21 the
1843 3299 155 26 Amalgamated
2028 3298 55 21 Co.'s
2104 3300 61 17 water
2182 3303 45 14 race
2245 3296 39 21 and
2302 3296 35 21 the

1772 3331 1 28 !
1784 3334 72 21 Teviot
1865 3335 60 20 river.
1954 3333 147 26 Immediately
2110 3333 53 21 after
2181 3331 34 22 the
2234 3333 103 24 garments

1784 3368 75 25 having
1867 3368 50 20 been
1929 3368 63 20 found
2008 3367 35 20 the
2053 3367 53 20 lar»e
2116 3365 85 21 number
2210 3364 21 21 of
2236 3364 101 21 searchers

1785 3408 51 14 were
1854 3401 63 20 called
1936 3401 18 20 in
1975 3402 21 19 to
2016 3399 36 22 the
2073 3399 72 23 Teviot
2162 3398 62 28 Spur,
2245 3397 40 21 and
2301 3397 36 22 the

1784 3435 68 22 search
1875 3435 57 21 made
1953 3442 38 14 was
2002 3441 51 19 very
2068 3433 126 25 exhaustive,
2205 3432 38 21 but
2252 3432 85 24 nothing

1783 3470 81 23 further
1876 3477 38 13 w:ik
1923 3469 72 21 found.
2021 3468 50 21 Th's
2091 3474 48 20 apur
2155 3466 39 21 and
2205 3466 34 21 the
2248 3467 87 24 country

1784 3507 35 19 out
1829 3505 30 20 for
1869 3512 54 14 some
1934 3505 55 19 miles
2001 3505 45 24 past
2055 3503 36 20 the
2102 3503 41 25 Dip
2154 3502 46 20 Hut
2217 3501 52 21 have
2281 3501 52 21 been

1772 3535 1 32 ,
1782 3540 76 21 several
1868 3540 58 20 times
1940 3540 53 20 since
2013 3538 39 21 and
2066 3538 57 25 again
2136 3536 74 21 elo3elv
2227 3535 101 26 iearched,

1772 3571 1 25 :
1782 3575 38 21 but
1830 3575 86 20 without,
1927 3581 84 15 success.
2042 3574 32 20 An
2085 3573 44 21 idea
2139 3571 21 23 of
2166 3571 34 21 the
2210 3571 124 21 minuteness

1782 3609 21 20 of
1813 3609 35 20 the
1857 3608 68 20 search
1935 3608 58 20 made
2003 3615 45 17 may
2066 3607 24 19 b')
2111 3605 96 25 gathered
2225 3604 52 21 from
2297 3604 35 20 the

1772 3638 1 26 !
1782 3644 42 20 fact
1842 3643 46 20 that
1906 3649 36 13 one
1960 3642 21 20 of
1999 3642 35 20 the
2052 3640 101 22 searchers
2170 3639 40 21 lost
2231 3646 12 13 a
2260 3638 74 26 pocket

1772 3674 1 30 .
1782 3677 153 27 handkerchief,
1953 3676 85 22 auotlier
2055 3684 11 13 a
2085 3675 53 27 pipe,
2157 3674 39 22 and
2215 3682 12 13 a
2247 3674 54 22 third
2320 3681 10 14 a

1783 3712 58 22 small
1851 3712 72 26 pocket
1933 3712 63 25 knife,
2008 3710 38 21 and
2066 3710 26 21 all
2111 3709 57 20 thpse
2186 3707 80 22 articles
2280 3714 52 15 were

1782 3747 106 22 recovered
1906 3754 12 13 a
1934 3747 38 26 day
1991 3754 21 12 or
2022 3747 41 19 two
2073 3745 52 21 after
2135 3744 49 25 they
2194 3750 51 14 were
2255 3745 40 19 lost
2304 3743 26 26 by

1782 3782 35 20 the
1828 3780 119 26 succeeding
1956 3779 108 21 searchers.
2092 3778 64 20 There
2171 3784 39 13 was
2220 3783 55 13 some
2285 3776 44 20 talk

1782 3818 21 21 of
1813 3816 35 23 her
1857 3816 74 25 having
1942 3815 105 22 wandered
2066 3814 43 22 into
2125 3812 36 23 the
2182 3812 71 22 Teviot
2264 3811 68 28 River,

1772 3848 1 28 ;
1781 3853 81 23 though
1886 3852 35 20 the
1941 3851 121 25 probability
2080 3851 17 18 is
2114 3851 37 18 not
2168 3850 22 18 at
2209 3848 27 20 all
2254 3852 78 21 strong,

1772 3878 1 38 j
1782 3886 127 25 considering
1918 3886 35 20 the
1962 3892 48 18 very
2020 3886 57 23 steep
2088 3883 40 22 and
2142 3882 63 26 rough
2222 3882 108 26 precipices

1772 3917 1 32 I
1783 3929 48 13 over
1841 3921 65 21 which
1916 3920 35 20 she
1962 3919 64 21 would
2036 3919 51 20 have
2106 3921 20 17 to
2143 3925 25 18 go
2186 3918 21 18 to
2217 3920 33 24 get
2260 3917 65 21 there,

1772 3952 1 30 i
1785 3957 107 25 However,
1911 3957 21 19 to
1946 3958 30 19 set
1989 3954 64 22 doubt
2139 3961 11 13 a
2159 3956 59 24 party
2227 3953 21 20 of
2264 3952 58 22 volun-

1784 3992 54 19 teers
1850 3990 58 21 made
1926 3989 67 22 search
2013 3996 25 13 on
2057 3987 136 26 Wednesday.
2219 3987 48 21 Two
2285 3994 44 14 men

1784 4023 78 21 started
1871 4025 22 19 at
1902 4023 35 21 the
1947 4026 35 24 top
1991 4023 21 20 of
2022 4022 36 21 the
2069 4020 155 26 Amalgamated
2239 4027 44 14 race
2294 4020 39 20 and

1785 4058 81 22 worked
1876 4058 135 25 downwards;
2026 4056 59 22 while
2102 4056 58 21 three
2175 4055 67 21 others
2253 4054 77 22 started

1784 4096 21 18 at
1816 4094 34 20 the
1860 4093 72 21 Teviot
1940 4093 68 25 bridge
2024 4092 39 20 and
2080 4090 80 22 worked
2179 4096 27 19 up
2219 4090 35 20 the
2269 4090 61 20 river,

1772 4122 1 30 I
1784 4128 35 21 All
1829 4135 50 13 were
1894 4127 68 22 armed
1980 4126 48 21 with
2045 4124 50 28 good
2113 4123 92 27 grapling
2223 4123 53 20 irons
2287 4122 41 21 and

1782 4163 87 26 dragged
1880 4162 34 21 the
1928 4162 52 20 river
1989 4161 97 25 carefully
2097 4159 52 22 until
2160 4159 48 25 they
2219 4163 48 16 met.
2295 4158 33 20 No

1782 4201 54 19 trace
1848 4205 39 12 was
1904 4197 69 21 found,
1993 4196 78 26 indeed,
2088 4202 59 18 many
2166 4201 82 19 persons
2264 4200 34 13 are
2311 4192 22 21 of

1782 4234 81 26 opinion
1874 4233 45 21 that
1929 4232 34 21 she
1972 4232 59 21 could
2047 4233 36 19 not
2093 4230 56 21 reach
2162 4229 40 21 this
2213 4229 53 20 river
2274 4227 54 22 alive

1782 4275 50 15 even
1843 4267 39 20 had
1892 4265 35 21 she
1937 4266 50 20 tried
1998 4265 50 21 hard
2061 4267 21 18 to
2090 4265 24 20 do
2125 4271 28 13 so.
2182 4263 27 20 As
2228 4262 17 20 it
2260 4262 16 20 is
2287 4268 44 14 now

1782 4308 54 13 more
1849 4300 48 20 than
1907 4307 11 12 a
1930 4300 53 19 week
1993 4299 53 20 since
2055 4298 35 19 the
2100 4298 33 19 old
2143 4297 47 24 lady
2201 4303 40 12 was
2248 4295 80 25 missed,

1781 4334 40 21 and
1840 4333 34 21 the
1888 4332 68 21 search
1975 4331 58 22 made
2046 4338 22 14 ao
2086 4329 107 24 complete,
2209 4328 17 22 it
2243 4328 16 21 is
2269 4330 21 19 to
2301 4327 24 22 be

1782 4369 67 21 feared
1860 4368 46 20 that
1916 4367 35 20 the
1960 4366 139 21 whereabouts
2116 4365 21 20 of
2146 4364 36 21 her
2193 4364 85 21 remains
2289 4363 41 21 will

1782 4404 78 21 remain
1870 4402 101 21 unknown
1981 4401 32 21 for
2022 4407 54 14 some
2085 4401 48 19 time
2143 4401 21 19 at
2173 4399 58 21 least.

1807 4484 212 42 Adventures
2044 4479 40 42 of
2103 4479 108 42 Three
2240 4479 73 43 Fair

1989 4534 143 51 Bykists.

1823 4634 87 27 Three
1926 4642 92 28 young
2031 4632 84 28 ladies
2130 4635 62 32 (one
2205 4632 28 26 of
2246 4632 88 27 whom

1786 4686 55 18 was
1867 4674 28 28 in
1928 4672 99 31 reform
2060 4671 86 37 dress)
2175 4671 61 30 who
2261 4676 73 25 went

1786 4715 137 36 a-byking
1943 4714 100 34 during
2062 4713 47 27 the
2132 4712 135 36 holidays,
2281 4713 52 26 and

1786 4754 131 29 travelled
1930 4753 69 29 from
2014 4751 127 29 Dunedin
2163 4761 36 27 up
2225 4751 28 27 in
2280 4751 54 29 this

1787 4795 141 35 direction,
1943 4800 55 25 met
2010 4793 66 29 with
2098 4792 164 30 adventures
2276 4792 44 30 suf-

1787 4836 93 27 ficient
1898 4839 28 24 to
1940 4834 106 29 furnish
2060 4832 121 29 incidtnt
2194 4832 29 28 of
2235 4842 13 18 a
2265 4836 69 25 most

1787 4874 124 34 thrilling
1917 4875 136 29 character
2060 4874 43 28 for
2114 4882 15 19 a
2138 4872 196 30 three-volume

1787 4915 87 29 novel.
1895 4915 55 28 The
1959 4915 110 29 heroine
2078 4923 54 18 was
2142 4912 190 38 undoubtedly

1787 4955 46 28 the
1855 4966 93 27 young
1969 4955 62 37 lady
2053 4954 61 28 who
2138 4952 174 36 "wore'em,
2316 4952 17 14 0

1786 4995 54 28 and
1853 4995 47 28 she
1914 5006 53 17 was
1979 4994 79 38 fairly
2072 4992 114 30 lionised
2198 5002 32 18 en
2242 4996 86 26 route.

1787 5037 38 26 At
1838 5046 81 27 every
1931 5039 71 26 town
2016 5034 53 29 and
2090 5032 102 30 hamlet
2207 5032 66 37 (like
2286 5033 47 29 the

1786 5076 110 27 Hamlin
1910 5076 86 38 piper)
2010 5075 48 28 she
2071 5072 137 29 attracted
2231 5073 34 27 all
2288 5073 46 28 the

1785 5115 78 28 small
1895 5115 52 37 fry,
1972 5115 53 29 and
2054 5113 70 29 their
2156 5112 175 36 undisguised

1785 5155 160 28 admiration
1976 5165 54 18 was
2062 5163 74 19 more
2166 5151 93 38 loudly
2285 5161 32 19 ex-

1785 5195 108 39 prsssed
1907 5195 65 29 than
1986 5194 91 39 might
2090 5193 69 29 have
2171 5192 69 29 been
2255 5202 62 18 sanc-

1785 5236 92 27 tioned
1891 5236 37 36 by
1941 5237 46 27 the
1999 5244 100 19 canons
2122 5232 29 28 of
2164 5232 73 36 good
2251 5235 80 25 taste.

1786 5277 37 28 At
1849 5285 51 19 one
1926 5274 133 38 township
2085 5272 48 30 she
2162 5270 169 39 complained

1785 5316 60 29 that
1855 5326 73 18 some
1941 5315 178 30 mischievous
2130 5312 95 39 youth,
2240 5311 91 29 whose

1786 5357 86 28 talent
1886 5357 42 27 for
1942 5356 121 36 drawing
2077 5364 54 18 was
2157 5363 66 26 very
2249 5352 82 28 crude

1785 5396 54 27 and
1872 5395 193 37 undeveloped,
2098 5391 98 29 affixed
2229 5394 28 26 to
2282 5391 49 28 her

1786 5434 123 30 machine
1922 5445 16 18 a
1955 5433 211 42 representation
2180 5430 30 29 of
2228 5441 16 18 a
2263 5440 67 29 very

1785 5480 75 25 stout
1882 5476 71 38 lady,
1978 5473 98 32 attired
2102 5474 28 27 in

1784 5521 131 31 costume,
1930 5515 127 30 mounted
2071 5524 34 18 on
2119 5524 16 17 a
2149 5522 83 19 racer.
2271 5512 59 30 The

1785 5561 118 29 cartoon,
1917 5556 47 29 she
1989 5553 161 34 contended,
2176 5551 79 30 could
2279 5555 49 25 not

1784 5597 70 29 have
1867 5597 67 29 been
1948 5599 98 30 meant'
2060 5600 29 24 to'
2109 5596 141 35 represent
2269 5591 58 31 her.

1783 5649 29 16 as
1826 5638 47 28 she
1886 5648 55 17 was
1954 5648 34 19 no
1992 5632 3 39 1
1996 5655 5 10 .-
2013 5639 83 31 stout,
2108 5634 54 28 and
2175 5633 49 29 her
2234 5632 92 39 riding

1783 5677 103 39 weight
1900 5688 52 17 was
1961 5681 46 25 not
2018 5675 96 29 twelve
2123 5677 85 25 stone.
2229 5673 39 28 At
2277 5683 32 17 an-

1782 5718 79 29 other
1873 5721 71 26 town
1957 5728 34 20 on
2013 5717 46 28 the
2084 5713 64 31 road
2174 5714 46 31 the
2244 5711 90 43 party'

2354 161 117 39 stopped
2484 165 29 25 at
2525 161 47 28 the
2585 161 66 28 local
2665 164 96 25 tavern
2784 160 43 27 for
2845 162 57 25 rest
2916 159 1 41 !

2354 203 56 28 and
2422 201 191 30 refreshment.
2653 199 166 37 Questioned
2833 210 29 17 as
2874 201 28 26 to
2916 193 1 43 I

2356 243 49 28 her
2423 242 93 29 choice
2537 241 29 28 of
2590 241 105 35 viands,
2721 251 50 17 our
2795 240 109 27 heroine
2916 240 1 36 i

2356 283 60 29 said
2428 283 49 26 she
2490 292 55 17 was
2566 292 16 16 a
2604 280 169 39 vegetarian.
2839 278 66 28 Will
2916 278 1 41 j

2357 333 54 28 you
2437 323 65 28 take
2526 333 15 17 a
2567 332 51 28 cup
2642 321 29 29 of
2693 324 44 25 tea
2792 319 113 39 politely
2916 319 1 42 ,

2358 362 85 27 asked
2465 362 47 26 the
2540 362 115 27 hostess.
2827 370 39 20 or,
2892 359 25 25 I>

2358 400 80 31 think
2464 399 46 31 I'll
2535 400 69 30 have
2627 410 16 19 a
2662 398 75 42 glass
2762 398 29 30 of
2916 396 1 44 i

2359 442 139 29 answered
2510 443 47 28 the
2570 443 52 27 fair
2632 441 135 29 traveller.
2832 440 75 36 Very

2360 482 71 32 well,
2457 481 66 34 sir/'
2550 481 57 27 said
2636 481 47 26 the
2708 480 139 36 landlady,
2872 479 34 26 all

2361 521 86 32 doubt
2459 520 147 42 vanishing-
2619 520 70 32 from
2715 520 49 31 her
2785 518 75 32 mind
2879 518 38 44 at,

2359 565 57 28 this
2429 565 78 36 point
2514 574 30 17 as
2552 567 29 24 to
2591 564 46 27 the
2651 574 47 17 sex
2707 564 28 27 of
2747 564 48 26 her
2803 563 103 26 visitor.

2362 604 118 39 Coming
2491 603 99 38 higher
2603 614 36 27 up
2660 603 47 28 the
2732 607 80 34 party
2839 610 70 20 were

2360 645 109 29 belated
2491 655 35 18 on
2547 645 47 28 the
2614 644 75 36 road,
2716 644 53 28 and
2794 643 44 29 for
2862 646 47 25 ten

2360 696 90 27 weary
2462 685 76 29 miles
2558 685 66 37 they
2646 685 118 37 trudged
2789 683 120 38 through

2361 727 46 28 the
2433 726 72 36 dust,
2537 726 120 39 pushing
2682 725 72 29 their
2778 725 79 28 bikes
2882 724 26 27 in

2361 768 75 27 front
2448 767 30 27 of
2498 767 86 27 them.
2624 767 74 37 They
2721 766 107 28 arrived
2847 769 29 24 at
2895 775 14 17 a

2361 807 118 38 wayside
2491 806 47 28 inn
2552 807 27 27 in
2606 807 47 28 the
2678 806 77 28 small
2780 807 82 27 hours
2881 805 30 28 of

2362 848 47 28 the
2421 847 136 38 morning,
2571 847 142 38 begrimed
2733 847 54 28 and
2813 847 98 28 almost

2361 887 261 40 indistinguishable
2636 899 28 18 as
2679 895 27 21 to
2721 897 56 26 sex,
2791 887 69 29 form
2881 897 29 18 or

2363 928 99 30 colour.
2502 927 57 30 The
2568 928 221 37 landlord,being
2796 927 114 30 aroused

2363 969 70 29 from
2446 969 44 28 his
2500 970 87 27 sound
2596 970 83 36 sleep,
2689 979 53 17 was
2753 968 156 29 astonished

2364 1014 27 24 to
2412 1019 45 19 see
2477 1012 54 26 two
2554 1019 94 29 young
2672 1009 85 29 ladies
2782 1008 53 28 and
2860 1019 51 19 one

2363 1050 177 38 nondescript
2552 1054 28 24 at
2593 1051 46 27 the
2662 1050 74 35 door,
2751 1050 52 28 and
2817 1050 33 28 he
2864 1060 30 18 ex-

2364 1090 111 39 pressed
2507 1091 42 28 his
2582 1090 116 39 feelings
2730 1091 26 28 in
2784 1090 126 39 vigorous

2364 1131 125 38 English.
2558 1131 86 28 There
2671 1135 72 24 must
2768 1131 33 27 be
2824 1141 69 17 somp-

2364 1171 81 40 thing
2620 1172 84 39 quoth
2731 1172 32 28 he
2792 1171 44 36 (he
2856 1182 54 18 was

2353 1212 1 48 j

2353 1250 1 41 '
2364 1254 545 37 womenareabroadwithontachaperon

2353 1290 39 32 lat
2417 1294 54 28 this
2496 1294 138 36 unseemly
2658 1294 77 28 hour.
2775 1294 74 36 They
2869 1304 28 18 as-

2353 1334 1 37 i
2365 1335 78 28 sured
2459 1334 56 29 him
2528 1334 77 29 there
2618 1345 54 17 was
2685 1334 117 36 nothing
2816 1344 96 27 wrong

2353 1374 1 33 !
2364 1376 66 25 with
2456 1375 83 32 them,
2566 1374 54 26 and
2646 1374 153 26 demanded
2825 1379 27 19 to
2879 1374 33 24 be

2353 1410 1 43 j
2365 1413 94 28 shown
2481 1416 29 24 to
2532 1423 17 17 a
2568 1422 74 18 room
2669 1418 28 21 at
2719 1421 75 18 once.
2834 1410 78 30 Now.

2366 1453 63 28 here
2443 1453 81 37 again
2537 1463 15 17 a
2566 1452 132 37 difficulty
2718 1461 84 24 arose,
2817 1452 48 29 she
2885 1452 28 28 of

2366 1494 47 28 the
2425 1494 136 28 bloomers
2580 1493 85 37 being
2683 1502 66 18 once
2773 1502 72 18 more
2867 1493 46 27 the

2366 1544 80 19 cause
2458 1534 30 28 of
2500 1533 46 29 the
2565 1534 116 28 trouble.
2719 1532 57 28 The
2790 1532 122 28 landlord

2353 1572 1 44 I
2367 1574 53 28 had
2435 1574 64 36 only
2512 1583 51 19 one
2578 1584 72 18 room
2664 1576 28 25 to
2706 1572 76 37 place
2795 1577 28 23 at
2843 1573 70 28 their

2353 1606 2 45 !
2368 1614 127 37 disposal,
2509 1614 52 27 but
2582 1613 104 36 though
2707 1622 53 18 two
2785 1613 28 27 of
2838 1613 74 27 them

2353 1652 1 38 ;
2370 1654 88 36 might
2472 1653 78 28 share
2563 1653 21 27 it
2598 1653 33 27 he
2645 1652 46 28 did
2714 1656 49 24 not
2785 1663 43 17 see
2841 1653 73 27 what

2353 1692 3 30 !
2370 1694 32 27 he
2417 1694 79 28 could
2510 1693 35 28 do
2558 1693 64 27 with
2639 1695 18 13 ::
2667 1693 46 27 the
2723 1703 61 17 man
2827 1693 29 28 of
2869 1694 45 26 the

2353 1733 2 38 i
2369 1737 88 34 party.
2498 1733 79 28 After
2602 1744 16 16 a
2643 1733 147 29 somewhat
2815 1733 98 28 heated

2353 1768 2 45 |
2370 1774 99 28 debate
2481 1773 55 29 this
2549 1773 77 39 point
2651 1783 54 18 was
2731 1773 107 36 settled,
2861 1774 53 28 and

2353 1813 2 38 I
2368 1825 49 18 our
2441 1818 138 25 worn-out
2601 1813 142 29 travellers
2767 1817 50 34 got
2844 1814 72 28 their

2353 1850 2 44 j
2368 1854 200 30 much-needed
2582 1859 64 25 rest.
2685 1855 76 28 Mext
2779 1855 50 38 day
2850 1854 64 38 they

2368 1895 129 29 returned
2523 1896 28 27 in
2575 1895 111 38 disgust,
2716 1899 28 24 t-o
2776 1895 138 34 Dunedin,

2368 1936 110 28 whence
2498 1936 64 35 they
2588 1945 84 26 came,
2685 1935 54 28 and
2764 1936 67 36 they
2856 1945 60 18 vow

2367 1977 65 37 they
2450 1976 50 28 »vill
2513 1979 49 26 not
2574 1976 79 38 again
2669 1976 64 29 visit
2746 1976 55 29 this
2813 1982 63 32 part
2888 1976 29 28 of

2367 2017 46 28 the
2427 2020 124 34 country.
2591 2016 52 29 We
2658 2017 87 28 would
2760 2017 54 28 like
2828 2021 28 24 to
2867 2021 48 33 put

2367 2057 46 28 the
2427 2056 108 29 district
2544 2056 77 39 right
2630 2057 26 28 in
2671 2056 71 29 their
2751 2056 165 29 estimation,

2366 2097 55 28 and
2434 2097 61 28 that
2504 2098 29 28 of
2544 2098 78 28 other
2632 2097 141 29 travellers
2787 2097 129 38 similarly

2353 2138 1 30 !
2366 2138 225 28 circumstanced.
2629 2138 57 28 The
2712 2138 86 28 whole
2824 2138 77 27 unfor-

2353 2178 1 43 j
2367 2182 95 25 tunate
2474 2178 126 29 business
2615 2188 53 18 was
2681 2178 101 39 simply
2806 2178 47 28 the
2874 2188 28 18 re-

2353 2218 1 36 j
2367 2219 55 27 suit
2444 2218 29 28 of
2495 2229 15 17 a
2531 2218 283 36 misunderstanding,
2828 2230 29 17 as
2871 2219 46 27 the

2353 2256 1 41 I
2366 2258 64 39 lady
2450 2258 66 31 with
2539 2258 45 30 the
2604 2258 237 31 unmentionables
2864 2268 53 20 was

2353 2300 1 45 j
2367 2302 17 13 u
2396 2304 49 24 not
2720 2300 158 34 Doubtless,
2897 2301 20 26 if

2353 2339 1 39 I
2366 2339 65 39 they
2444 2339 80 39 again
2541 2339 96 28 favour
2663 2350 32 18 us
2714 2339 64 29 with
2804 2350 16 17 a
2843 2339 72 36 visit,

2353 2376 1 42 |
2366 2381 64 37 they
2446 2380 53 29 will
2513 2380 56 27 find
2584 2390 31 17 us
2625 2390 73 18 more
2713 2380 166 38 up-to-date.

2483 2479 177 41 Cromwell
2689 2479 111 41 Notes.

2502 2566 62 25 (Own
2577 2565 197 26 Correspondent)

2400 2601 58 30 The
2476 2601 158 35 machinery
2652 2601 45 29 for
2713 2601 48 29 the
2778 2600 136 29 Kawarau

2364 2641 104 39 dredge
2499 2643 24 28 is
2554 2641 111 39 coming
2687 2645 29 26 to
2749 2641 73 30 hand
2848 2652 66 28 very

2365 2683 120 38 quickly,
2505 2683 48 28 the
2577 2683 87 28 beach
2688 2683 86 37 being
2800 2682 114 29 covered

2364 2723 66 28 with
2443 2723 132 39 castings,
2588 2723 126 36 backets,
2730 2725 75 37 parts
2826 2721 29 30 of
2867 2722 47 28 the

2364 2763 103 35 ladder,
2478 2764 95 32 boiler,
2594 2764 143 34 tumblers,
2747 2767 53 24 etc.
2839 2763 75 37 They

2364 2803 70 29 have
2446 2807 58 32 not,
2525 2813 29 18 as
2577 2807 56 33 yet,
2656 2803 79 28 made
2757 2813 16 18 a
2796 2805 69 26 start
2885 2805 29 26 to

2365 2847 73 26 erect
2451 2854 54 28 any
2518 2844 29 29 of
2567 2845 31 35 it,
2622 2845 50 28 but
2697 2844 23 28 it
2744 2843 98 30 should
2866 2846 49 25 not

2365 2884 64 29 take
2466 2884 67 39 long
2563 2894 68 19 once
2667 2884 67 38 they
2766 2884 35 29 do
2834 2887 79 26 start.

2366 2925 174 36 Everything
2559 2935 87 17 seems
2669 2928 28 24 to
2723 2926 34 25 be
2864 2927 50 32 put

2366 2963 135 37 together,
2515 2962 52 27 and
2583 2965 105 35 strong,
2704 2963 89 27 which
2807 2961 106 28 reflects

2365 3002 87 28 credit
2462 3013 36 18 on
2508 3002 104 28 Messrs
2632 3001 203 30 Postlethwaite
2859 3001 54 28 and

2366 3041 183 41 Stephenson,
2563 3043 46 29 the
2625 3045 175 28 contractors.

2403 3093 151 28 Crookston
2566 3091 53 28 and
2634 3095 78 34 party
2723 3102 45 17 are
2779 3092 54 27 still
2842 3092 69 28 hard

2365 3136 28 26 at
2406 3134 22 28 it
2441 3131 178 38 overhauling
2632 3131 71 29 their
2717 3131 123 36 buckets,
2860 3136 51 25 etc.

2366 3174 44 28 Mr
2423 3173 46 29 W.
2484 3172 157 35 M'Callum,
2664 3173 46 27 the
2735 3173 137 38 engineer,
2891 3174 22 27 is

2365 3215 118 38 leaving,
2496 3223 29 19 as
2547 3213 34 28 he
2601 3213 49 28 has
2673 3213 69 28 been
2763 3214 148 38 appointed

2366 3255 101 38 dredge
2471 3257 100 26 master
2583 3253 29 29 of
2624 3254 47 27 the
2684 3253 65 29 Moa
2762 3254 104 39 dredge
2885 3258 28 25 at

2367 3295 163 29 Alexandra,
2571 3293 43 29 He
2628 3294 22 28 is
2664 3294 99 37 taking
2782 3306 16 17 a
2821 3298 93 35 pretty

2367 3336 85 38 tough
2466 3336 47 37 30b
2523 3335 27 27 in
2563 3334 75 28 hand
2652 3334 71 28 from
2743 3335 72 29 what
2829 3335 14 29 I
2862 3346 49 18 can

2368 3376 72 35 hear,
2454 3376 50 28 but
2516 3376 34 27 he
2560 3375 21 27 is
2589 3385 18 17 a
2614 3382 85 25 smart
2708 3386 93 28 young
2814 3377 99 33 fellow,

2367 3416 53 28 and
2434 3416 14 28 I
2463 3416 67 29 have
2541 3426 35 18 110
2591 3415 87 28 doubt
2689 3420 34 27 he
2741 3417 54 29 will
2808 3418 80 28 make
2901 3427 15 16 a

2367 3467 80 19 name
2462 3457 43 29 for
2518 3455 118 33 himself.
2680 3460 43 29 All
2745 3459 42 29 his
2812 3457 104 31 friends

2367 3498 64 28 here
2445 3498 66 28 wish
2526 3498 56 27 him
2596 3497 23 27 is
2632 3501 60 30 that
2707 3502 34 27 he
2759 3510 62 26 may
2833 3508 84 20 never

2368 3541 47 32 get
2429 3538 53 28 less
2496 3537 67 29 than
2586 3537 84 32 lOOoz
2684 3552 49 28 per
2746 3541 85 29 week.
2871 3540 45 28 Mr

2368 3578 33 30 D.
2419 3578 91 39 Craig,
2528 3578 28 29 of
2575 3577 46 31 the
2631 3582 151 38 Roxburgh
2805 3582 111 37 dredge,

2367 3620 130 28 succeeds
2511 3620 46 27 Mr
2569 3618 27 28 ~M
2603 3622 115 29 'Galium
2737 3633 29 18 as
2788 3623 129 37 engineer

2368 3658 44 30 for
2426 3658 152 33 Crookston
2594 3663 53 28 and
2661 3667 88 34 party.

2404 3712 164 38 M'Layand
2588 3712 102 38 party's
2708 3712 99 37 dredge
2828 3712 22 29 is
2876 3712 27 28 al-

2367 3757 72 25 most
2450 3754 125 34 finished,
2589 3753 53 28 and
2653 3753 95 28 should
2762 3754 34 27 be
2808 3753 109 36 getting

2366 3804 37 30 up
2418 3797 84 26 steam
2518 3793 28 29 in
2555 3804 15 18 a
2583 3793 53 39 day
2647 3804 30 18 or
2690 3796 62 27 two.
2791 3793 14 29 I
2819 3797 98 36 expect

2367 3839 28 24 to
2409 3837 65 26 hear
2488 3836 30 27 of
2541 3836 69 33 good
2634 3839 108 24 returns
2767 3836 71 27 from
2861 3836 55 27 this

2369 3874 112 38 dredge,
2496 3884 29 18 as
2539 3874 47 28 the
2600 3874 105 35 ground
2721 3874 21 28 is
2766 3874 100 29 known
2887 3877 28 26 to

2368 3915 35 27 be
2417 3925 66 25 very
2497 3914 66 29 rich,
2578 3915 52 27 and
2645 3914 63 27 with
2724 3914 65 28 such
2803 3924 16 18 a
2831 3914 84 37 large,

2370 3954 131 38 powerful
2517 3954 104 36 dredge
2643 3954 65 37 they
2730 3954 96 29 should
2852 3958 61 25 turn

2370 4006 64 17 over
2447 4006 15 17 a
2473 3995 39 28 lot
2524 3994 29 28 of
2574 3994 116 36 ground.
2731 3994 140 37 Everyone
2894 3996 21 27 is

2371 4036 114 36 waiting
2499 4034 143 38 anxiously
2662 4039 28 23 to
2704 4044 44 18 see
2768 4034 49 28 her
2838 4039 78 31 start,

2370 4086 29 17 as
2412 4076 94 27 others
2526 4085 44 17 are
2584 4084 62 18 sure
2669 4079 27 24 to
2710 4074 90 28 follow
2824 4076 22 27 if
2868 4076 47 28 she

2368 4119 61 34 gets
2445 4114 73 37 gold.

2406 4156 128 37 Kleongh
2573 4155 53 28 and
2663 4154 105 38 party's
2805 4159 108 25 current

2368 4196 85 29 wheel
2468 4196 104 35 dredge
2594 4196 23 27 is
2640 4196 127 37 working
2789 4196 124 36 steadily.

2367 4236 57 29 The
2436 4236 74 29 river
2521 4236 49 28 has
2585 4236 69 29 risen
2669 4236 84 28 about
2772 4239 53 25 two
2848 4236 65 34 feet,

2366 4278 87 26 which
2467 4277 22 27 is
2504 4277 26 26 in
2544 4277 72 27 their
2624 4277 106 31 favour,
2742 4286 29 16 as
2784 4277 47 26 the
2853 4286 45 17 cur-

2365 4319 61 25 rent
2436 4315 84 36 being
2528 4318 127 36 stronger
2666 4316 76 35 gives
2754 4315 74 28 them
2838 4324 75 19 more

2364 4366 100 26 power.
2504 4356 14 28 I
2539 4356 104 28 believe
2666 4356 66 36 they
2749 4356 52 27 will
2827 4366 35 27 go
2885 4356 24 28 in

2364 4396 43 28 for
2419 4400 87 25 steam
2520 4396 94 28 before
2636 4406 82 26 many
2737 4395 108 29 months
2868 4406 44 18 are

2364 4446 73 17 over.

2349 4474 1 40 ;
2403 4475 96 39 Hotop
2522 4475 52 28 and
2598 4474 98 37 Jolly's
2724 4484 58 17 new
2808 4474 103 37 dredge

2349 4514 1 38 !
2367 4515 96 30 should
2472 4516 35 29 be
2512 4515 82 32 ready
2603 4514 93 29 before
2703 4525 79 27 many
2791 4515 109 28 months

2349 4554 1 32 !
2365 4555 46 29 Mr
2420 4555 166 30 Sutherland
2601 4557 47 25 has
2661 4554 79 28 made
2762 4564 16 16 a
2800 4557 69 25 start
2881 4558 29 25 to

2349 4594 2 45 j
2365 4596 74 29 build
2471 4596 47 29 the
2551 4598 145 35 pontoons,
2722 4594 53 29 and
2809 4595 102 28 Messrs

2365 4635 203 29 Postlethwaite
2593 4634 51 27 and
2674 4634 150 28 Stevenpon
2857 4635 54 27 will

2365 4679 49 27 not
2428 4675 34 31 be
2484 4675 67 40 long
2573 4674 96 31 before
2687 4674 65 40 they
2771 4674 70 31 have
2866 4674 46 30 the

2364 4717 157 36 machinery
2558 4727 34 16 on
2630 4716 48 27 the
2716 4716 74 27 road.
2848 4716 64 27 This

2365 4755 128 40 dredge's
2519 4755 77 28 claim
2624 4755 22 27 is
2672 4765 32 18 on
2738 4754 47 29 the
2812 4754 50 30 Clu
2878 4755 34 28 ha

2366 4796 91 35 River,
2494 4807 65 18 near
2604 4796 187 35 Queensbnry,
2830 4796 82 29 about

2364 4836 94 29 eleven
2493 4836 77 28 miles
2611 4835 86 28 above
2729 4835 100 37 M'Lay
2858 4836 51 27 and

2364 4875 104 40 party's
2482 4876 88 34 claim,
2584 4875 53 30 and
2652 4875 69 30 from
2737 4875 73 29 what
2824 4875 14 29 I
2860 4886 50 19 can

2363 4916 74 29 learn
2451 4915 54 30 will
2518 4917 35 28 be
2567 4927 16 17 a
2591 4926 66 27 very
2673 4915 71 39 good
2753 4915 87 36 claim,
2850 4926 29 18 as
2890 4917 21 28 it

2363 4957 48 28 has
2425 4957 68 29 been
2507 4956 171 39 prospected.

2399 4996 58 30 Tne
2484 4997 58 30 coal
2566 4996 73 28 mine
2672 4995 120 38 recently
2819 4995 89 30 closed

2363 5036 80 30 down
2455 5037 38 39 by
2518 5036 133 29 Stronach
2665 5036 54 27 and
2733 5035 129 37 Goodger
2886 5037 23 28 is

2361 5077 81 37 again
2474 5080 31 25 to
2538 5077 34 28 be
2605 5075 104 37 opened
2735 5084 36 28 up
2801 5075 38 37 by
2865 5076 45 27 Mr

2363 5116 142 35 Stronach,
2531 5115 54 28 and
2608 5114 97 29 should
2730 5114 75 28 work
2831 5125 74 18 more

2362 5156 171 38 satisfactory
2545 5154 66 30 than
2625 5154 102 28 before.
2767 5154 76 38 They
2862 5165 46 18 are

2361 5196 132 38 bringing
2505 5206 37 27 up
2556 5206 15 17 a
2582 5193 94 30 tunnel
2687 5193 68 29 from
2769 5194 47 29 the
2826 5195 79 35 river,

2361 5236 87 27 which
2462 5235 55 27 will
2532 5244 64 18 save
2615 5234 73 27 them
2709 5234 136 37 pumping
2860 5235 48 28 the

2360 5277 85 27 water
2463 5277 28 26 to
2514 5274 47 29 the
2581 5272 114 30 surface.
2735 5272 56 29 The
2811 5275 95 27 tunnel

2360 5314 54 29 will
2429 5314 86 29 strike
2528 5314 47 28 the
2586 5313 74 29 shaft
2681 5313 73 38 forty
2767 5313 56 29 feet
2836 5314 69 28 from

2359 5355 47 28 the
2422 5357 57 35 top,
2493 5355 63 28 thus
2565 5354 133 37 reducing
2706 5354 46 27 the
2762 5353 44 29 lift
2817 5354 29 28 of
2858 5354 47 28 the

2359 5404 84 28 pump
2455 5394 39 38 by
2502 5394 74 36 forty
2589 5394 64 29 feet.
2693 5392 76 37 They
2782 5403 45 21 are
2850 5393 57 28 also

2358 5437 29 26 to
2400 5432 81 31 make
2495 5444 16 18 a
2523 5432 66 40 dray
2604 5432 65 30 road
2684 5435 28 26 to
2735 5432 47 30 the
2806 5435 47 35 top
2879 5431 29 30 of

2358 5475 48 29 the
2415 5475 85 35 bank,
2512 5475 105 28 instead
2629 5474 29 28 of
2671 5473 113 37 hauling
2794 5473 21 28 it
2825 5483 36 27 up
2872 5483 34 18 on

2357 5516 47 28 the
2414 5525 20 26 §
2441 5519 141 33 tramway.
2628 5514 57 28 The
2717 5514 99 36 engine
2852 5513 56 28 and

2356 5554 88 30 boiler
2455 5555 70 29 have
2547 5555 71 28 been
2639 5553 166 37 thoroughly
2829 5563 61 18 over-

2356 5594 109 36 hauled,
2479 5594 54 30 and
2550 5594 65 39 they
2630 5596 94 38 eipect
2738 5597 27 25 to
2778 5593 69 29 have
2859 5592 47 30 the

2356 5636 73 28 mine
2442 5636 122 38 pumped
2578 5639 48 25 out
2636 5635 26 28 in
2677 5638 46 26 ten
2737 5634 75 38 days,
2825 5634 79 28 when

2356 5675 66 39 they
2435 5675 55 29 will
2513 5676 36 29 be
2571 5674 63 30 able
2654 5678 28 26 to
2705 5677 68 27 start
2795 5673 110 39 getting

2349 5719 49 31 put
2410 5716 67 33 coal,

3069 159 125 50 Mining
3228 161 111 39 Notes.

2968 266 57 27 The
3038 265 52 28 last
3105 265 122 37 wash-up
3248 265 28 28 of
3302 266 45 29 the
3370 266 110 29 Ettrick

2932 305 104 39 dredge
3051 315 32 20 on
3100 304 136 40 Saturday
3255 304 43 31 for
3320 305 62 30 four
3405 306 78 39 days'

2934 351 74 22 work
3022 346 120 27 resulted
3155 347 27 25 in
3197 346 64 27 9ozs
3273 346 113 29 12dwts.
3424 348 57 27 The

2934 385 71 28 flood
3018 385 28 26 in
3060 384 46 27 the
3119 384 72 28 river
3203 384 115 39 stopped
3331 385 74 29 work
3427 385 53 29 last

2934 425 85 37 week,
3033 425 52 30 but
3106 425 47 31 the
3179 425 104 40 dredge
3309 427 173 30 commenced

2935 467 80 36 again
3046 476 35 17 on
3114 467 120 34 Monday
3257 467 90 36 night.
3398 469 82 26 After

2936 504 138 42 dredging
3088 504 42 31 for
3140 515 16 18 a
3168 504 52 30 few
3233 504 82 31 hours
3328 505 47 30 she
3389 505 54 31 had
3453 509 29 28 to

2937 553 61 33 stop
3024 559 67 18 once
3116 559 73 18 more
3214 559 34 17 on
3274 553 115 25 account
3413 550 29 28 of
3467 561 16 17 a

2937 588 99 29 second
3050 587 80 36 flood,
3144 587 54 29 and
3211 587 23 29 is
3244 592 48 24 not
3302 593 46 34 yet
3358 589 126 39 workiug

2936 626 90 41 again.

2973 670 57 29 The
3056 670 105 29 Golden
3187 669 156 31 Treasure's
3358 672 123 39 wash-up

2937 711 42 28 for
2992 711 47 29 the
3052 711 76 28 week
3142 711 103 38 ending
3271 711 136 40 Saturday
3430 712 52 30 last
3492 710 1 41 i

2939 763 52 17 was
3023 752 68 28 2!oz
3130 752 104 28 18dwts
3271 752 91 39 12grs.
3419 744 74 53 This]

2938 792 113 39 dredge,
3065 803 28 16 as
3108 792 58 28 well
3180 802 28 18 as
3222 792 35 28 all
3271 793 76 27 those
3368 793 28 28 in
3417 805 65 26 very

2939 832 67 39 deep
3031 836 91 34 water,
3147 844 53 18 was
3222 833 117 39 stopped
3372 834 37 39 by
3434 834 47 30 the

2938 874 80 28 flood.

2975 921 28 29 It
3027 921 22 28 is
3075 921 130 38 expected
3231 922 21 29 it
3273 921 53 28 will
3349 923 34 28 be
3410 923 74 38 quite
3492 921 1 40 ■

2939 962 114 29 another
3066 963 74 28 week
3164 963 93 28 before
3271 963 46 28 the
3330 963 154 38 Roxburgh

2940 1003 103 37 dredge
3057 1003 22 28 is
3093 1003 80 38 again
3187 1008 28 23 at
3228 1003 85 29 work.

2977 1048 3 40 '
2981 1049 17 18 T
3000 1050 34 28 he
3050 1048 104 30 Golden
3179 1050 62 28 Run
3267 1050 117 38 sluicing
3396 1050 88 35 claim,

2940 1090 87 30 which
3041 1090 48 29 has
3103 1094 48 26 not
3164 1090 53 30 had
3231 1101 15 18 a
3267 1090 51 28 full
3339 1090 97 38 supply
3457 1093 28 27 of

2940 1139 84 20 water
3037 1132 42 28 for
3096 1141 73 19 some
3182 1132 74 33 time,
3272 1130 107 28 washed
3394 1141 35 27 up
3443 1132 42 27 for

2942 1171 172 30 Uozlldwt
3140 1172 65 38 12gr
3229 1171 51 29 last
3307 1170 82 30 week.
3429 1170 57 31 The

2940 1213 77 28 claim
3034 1213 48 28 has
3096 1213 63 28 shut
3172 1213 79 28 down
3263 1224 59 17 now
3332 1212 154 40 altogether

2940 1254 40 28 till
2994 1255 58 27 rain
3066 1264 97 19 comes.

2978 1304 56 28 The
3060 1303 104 29 Golden
3187 1303 92 29 Gate's
3299 1303 125 36 wash-up
3447 1303 41 28 for

2942 1344 51 26 last
3005 1343 75 29 week
3091 1354 27 16 to
3130 1343 134 34 Saturday
3274 1353 54 16 was
3338 1343 67 26 370z
3415 1342 73 27 Odwt

2978 1388 57 28 The
3050 1387 105 28 Golden
3172 1387 59 28 Hun
3245 1387 113 36 dredge,
3384 1398 33 17 on
3443 1388 45 28 the

2945 1426 125 40 Surprise
3084 1427 104 39 party's
3202 1427 88 36 claim,
3301 1427 48 28 has
3364 1431 48 25 not
3420 1427 68 30 been

2942 1468 61 29 able
3017 1471 28 26 to
3058 1468 79 29 make
3156 1479 16 17 a
3186 1471 69 26 start
3267 1473 47 32 yet
3327 1478 34 18 on
3375 1472 113 25 account

2942 1508 29 29 of
2984 1508 46 29 the
3043 1509 52 29 rise
3110 1509 25 28 in
3146 1509 46 28 the
3201 1509 71 29 river
3281 1509 54 28 and
3346 1508 46 29 the
3403 1518 84 28 qnaiir

2942 1549 54 36 tity
3010 1549 28 28 of
3052 1550 121 36 tailings.

2980 1597 57 28 The
3048 1597 151 36 Roxburgh
3211 1598 144 37 Dredging
3366 1597 47 29 Co.
3422 1598 68 28 have

2931 1636 1 38 :
2942 1637 68 29 been
3023 1636 150 38 compelled
3187 1643 27 22 to
3228 1637 80 29 make
3320 1647 15 18 a
3349 1638 48 28 call
3412 1638 28 28 of
3465 1640 24 26 Is

2931 1676 1 39 ;
2942 1688 49 27 per
3002 1676 86 29 share.

2931 1723 1 32 ;
2982 1725 57 27 The
3065 1724 128 29 Pleasant
3221 1725 95 30 Valley
3342 1723 72 30 Co.'s
3439 1725 51 28 last

2931 1765 1 35 :
2946 1770 126 30 wash-up
3097 1775 52 17 was
3163 1765 57 35 7oz,
3234 1765 54 28 and
3311 1765 45 28 the
3377 1765 73 28 wash
3469 1766 21 27 is

2947 1805 164 37 improving.
3151 1805 55 29 The
3220 1815 133 28 company
3375 1816 44 19 are
3442 1807 33 28 im-

2931 1845 1 39 ;
2947 1845 88 39 peeled
3049 1845 119 38 through
3182 1846 115 38 scarcity
3309 1846 30 28 of
3351 1850 92 26 water.

2931 1892 1 43 |
2985 1893 45 28 Mr
3052 1892 32 30 G.
3111 1892 120 35 Telford,
3256 1893 130 37 formerly
3405 1894 29 28 of
3447 1895 46 28 the

2931 1932 1 40 ;
2948 1932 118 29 Glenore
3080 1932 112 39 dredge,
3199 1933 23 29 is
3234 1932 98 39 taking
3345 1934 100 38 charge
3466 1935 27 27 of

2931 1973 1 39 ;
2945 1973 47 30 the
3019 1973 125 28 Punedin
3172 1973 112 39 dredge,
3321 1973 47 29 the
3393 1974 100 29 former

2931 2014 1 42 j
2947 2024 138 26 manager,
3119 2014 44 28 Mr
3191 2017 34 26 A.
3253 2014 111 38 Young,
3390 2016 103 38 having

2931 2054 2 37 1
2946 2054 137 37 resigned.

2950 2141 135 42 Sudden
3105 2141 103 42 Death
3227 2146 33 37 at
3278 2141 77 42 Coal
3374 2142 117 41 Creek.

2983 2250 43 30 On
3041 2250 134 38 Saturday
3189 2251 118 38 evening
3331 2261 34 18 an
3391 2251 103 39 elderly

2946 2303 73 24 man,
3033 2293 97 28 named
3145 2293 72 28 John
3231 2293 134 33 Strother,
3375 2293 60 28 who
3445 2294 49 27 has

2946 2333 43 26 for
3003 2342 73 19 some
3090 2340 77 28 years
3180 2335 62 34 past
3255 2332 68 28 been
3338 2331 28 28 in
3380 2333 46 28 the
3438 2342 37 19 em-

2947 2372 62 37 ploy
3023 2373 28 28 of
3064 2372 45 28 Mr
3122 2372 103 37 Joseph
3236 2371 142 38 Tamblyn,
3390 2373 29 28 of
3429 2372 64 29 Coal

2948 2412 95 34 Creek,
3057 2422 55 19 was
3127 2412 84 29 found
3225 2412 70 29 dead
3320 2412 27 28 in
3362 2412 45 30 Mr
3419 2413 72 29 John

2945 2455 157 38 Tamblyn's
3111 2455 162 37 strawberry
3282 2454 112 36 garden,
3404 2455 88 28 where

2945 2495 34 28 he
2991 2505 56 18 was
3059 2494 144 38 employed
3221 2495 43 28 for
3278 2495 47 28 the
3338 2495 61 38 day.
3438 2495 36 28 De-

2945 2535 96 29 ceased
3055 2545 54 19 was
3123 2535 82 29 about
3221 2535 32 29 72
3276 2545 32 19 or
3322 2535 32 30 73
3368 2546 76 27 years
3464 2535 28 29 of

2944 2586 60 28 age,
3017 2575 54 28 and
3084 2575 48 28 has
3142 2576 68 27 been
3224 2576 142 37 employed
3380 2576 27 28 in
3421 2576 71 37 light

2944 2616 75 29 work
3033 2616 43 29 for
3088 2616 46 28 the
3149 2615 64 30 Coal
3226 2615 87 30 Creek
3328 2616 107 30 settlers
3449 2616 43 30 for

2944 2667 75 19 some
3031 2657 66 29 time
3116 2660 71 35 past,
3212 2656 45 29 Mr
3282 2656 104 39 Joseph
3412 2657 59 29 Tam-

2944 2698 66 37 blyn
3025 2698 95 38 giving
3133 2698 56 27 him
3203 2698 47 27 the
3263 2707 48 18 use
3323 2698 30 27 of
3366 2709 16 16 a
3394 2698 50 28 hut
3457 2709 33 17 on

2944 2738 42 28 his
3007 2738 85 38 place.
3133 2736 44 30 He
3208 2747 54 19 was
3292 2738 28 28 in
3348 2738 41 28 his
3414 2738 78 30 usual

2944 2778 92 28 health
3050 2788 37 27 up
3099 2780 29 26 to
3141 2778 85 27 about
3240 2788 15 16 a
3280 2778 137 38 fortnight
3429 2789 62 27 ago,

2944 2818 78 29 when
3037 2818 34 28 he
3084 2817 52 29 had
3152 2829 16 18 a
3177 2817 120 39 fainting
3305 2818 39 30 fit.
3385 2818 43 29 He
3439 2829 53 18 was

2944 2870 16 17 a
2992 2858 128 29 widower
3151 2858 115 28 without
3306 2858 103 39 family,
3440 2859 53 29 and

2944 2899 96 29 buried
3054 2899 42 29 his
3118 2899 60 29 wife
3203 2902 28 26 at
3256 2898 150 40 Roxburgh
3419 2909 75 20 some

2942 2949 77 26 years
3032 2949 62 26 ago.

3123 2985 53 19 TIIE
3195 2985 121 25 INQUEST.

2981 3017 41 28 On
3047 3015 113 39 Sunday
3182 3017 142 28 afternoon
3339 3027 33 18 an
3386 3017 108 39 inquest

2943 3069 55 18 was
3013 3057 62 30 held
3090 3061 28 25 at
3139 3058 44 28 Mr
3210 3057 101 39 Joseph
3339 3058 155 36 Tamblyn's

2945 3100 84 27 house
3043 3098 94 28 before
3151 3097 47 29 Mr
3209 3098 86 28 Jabez
3310 3099 114 34 Burton,
3440 3102 41 24 act-

2945 3140 185 38 ing-coroner,
3145 3138 47 28 the
3217 3138 143 38 following
3373 3138 61 39 jury
3449 3139 30 28 be-

2945 3181 48 36 ing
3003 3178 185 39 impannelled
3198 3191 5 15 :
3206 3178 67 28 —F.
3285 3179 115 37 Bentley
3415 3179 66 35 (fore-

2946 3222 87 35 man),
3048 3220 30 28 F.
3095 3219 100 36 Setter,
3208 3219 36 29 H.
3257 3219 113 36 Martin,
3378 3220 27 28 J.
3417 3220 58 28 Tam-

2946 3262 76 37 blyn,
3052 3261 35 28 A.
3123 3258 159 37 Kirkwood,
3306 3260 53 28 and
3391 3260 37 29 H.
3459 3261 35 28 A.

2947 3301 145 37 Tamblyn.
3132 3300 56 28 The
3202 3300 60 38 jury
3276 3300 103 38 having
3392 3300 101 29 viewed

2946 3342 47 29 the
3020 3341 82 37 body,
3122 3340 46 28 the
3190 3340 140 40 following
3355 3341 139 29 witnesses

2946 3392 70 18 were
3029 3381 103 29 called:
3134 3397 36 4 —

2982 3421 105 39 Joseph
3102 3420 143 39 Tamblyn,
3258 3421 61 28 who
3331 3420 117 38 deposed
3461 3421 32 28 he

2944 3463 56 29 had
3013 3473 62 20 seen
3089 3461 46 29 the
3150 3461 73 32 body
3248 3461 29 30 of
3296 3461 130 30 deceased
3439 3462 54 29 and

2945 3503 161 38 recognised
3137 3502 23 28 it
3190 3513 29 17 as
3258 3503 60 27 that
3362 3502 28 28 of
3421 3502 72 28 John

2947 3543 134 35 Strother,
3096 3541 87 29 whom
3198 3542 35 29 he
3252 3542 53 28 had
3331 3541 99 29 known
3450 3542 43 28 for

2945 3585 84 28 about
3043 3583 35 30 35
3103 3594 87 27 years.
3230 3582 43 29 He
3299 3582 53 29 had
3376 3583 67 28 been
3465 3582 26 28 in

2945 3625 135 28 witness's
3100 3624 109 36 employ
3222 3623 210 36 intermittently
3450 3623 43 27 for

2931 3662 1 45 |
2945 3665 47 29 the
3005 3668 63 35 past
3080 3664 77 35 eight
3170 3673 29 19 or
3209 3663 62 29 nine
3279 3672 87 28 years,
3376 3662 52 29 and
3439 3662 52 29 had

2931 3703 1 39 ;
2946 3707 69 28 been
3037 3705 118 37 residing
3155 3703 3 39 1
3183 3714 33 19 on
3240 3703 42 29 his
3306 3703 129 38 premises
3449 3703 43 30 for

2931 3743 1 49 j
2946 3747 45 28 the
3005 3750 62 34 past
3088 3749 53 24 two
3158 3756 30 17 or
3210 3744 75 29 three
3310 3754 87 26 years.
3437 3743 36 29 De-

2946 3786 96 30 ceased
3056 3786 71 39 slept
3140 3795 34 19 on
3189 3785 41 28 his
3240 3783 129 40 premises
3383 3794 33 18 on
3431 3783 44 29 Fri-

2945 3830 53 37 day
3020 3828 89 38 night,
3139 3827 63 28 15th
3225 3825 64 29 inst.
3328 3825 100 29 Would
3443 3836 47 25 say

2944 3869 61 29 that
3018 3868 42 28 his
3085 3877 51 28 age
3162 3877 54 18 was
3236 3867 83 26 about
3347 3866 31 27 72
3404 3875 29 18 or
3456 3865 33 28 73

2944 3918 87 28 years.
3070 3907 43 28 He
3128 3917 53 18 was
3195 3917 16 16 a
3223 3906 126 27 widower
3361 3905 53 28 and
3436 3905 53 28 had

2931 3944 1 41 |
2945 3959 34 19 no
3010 3947 102 38 family.
3171 3946 121 29 Witness
3325 3944 50 28 had
3407 3954 82 19 never

2931 3985 1 45 {
2944 3988 82 30 heard
3040 3987 55 29 him
3107 3987 83 39 speak
3204 3987 29 28 of
3245 3985 103 38 having
3357 3995 52 28 any
3421 3985 66 29 rela-

2931 4025 1 40 I
2944 4030 69 28 tives
3026 4029 27 27 in
3068 4028 45 28 the
3130 4028 104 37 colony,
3250 4027 49 28 but
3313 4025 122 28 believed
3454 4025 35 29 he

2931 4065 1 38 j
2944 4070 53 28 had
3010 4080 15 16 a
3045 4069 87 34 sister,
3146 4068 59 28 who
3219 4078 53 17 was
3285 4078 16 16 a
3315 4065 174 38 hotelkeeper

2931 4105 1 42 j
2944 4114 28 24 at
3003 4109 139 34 Winslow,
3179 4107 138 34 Cheshire,
3350 4105 136 38 England,

2931 4145 1 47 j
2944 4150 55 30 She
3021 4161 54 17 was
3096 4148 152 29 unmarried
3273 4157 29 18 as
3328 4145 41 28 far
3393 4155 28 18 as
3440 4145 31 29 de-

2931 4186 1 37 i
2943 4190 94 29 ceased
3051 4199 53 18 was
3114 4199 86 18 aware
3212 4201 7 22 ;
3239 4186 129 30 deceased
3383 4186 53 28 had
3451 4197 36 18 no

2944 4241 96 27 money
3053 4240 30 18 or
3095 4232 129 36 property
3239 4228 90 28 within
3352 4226 134 29 witness's

2944 4270 160 36 knowledge
3117 4282 6 21 ;
3138 4270 33 26 he
3182 4280 53 15 was
3249 4269 25 26 in
3286 4269 46 26 the
3341 4267 144 28 Lawrence

2943 4309 125 40 Hospital
3075 4309 82 28 about
3167 4308 126 37 eighteen
3305 4305 108 29 months
3423 4316 61 28 ago,

2931 4346 1 41 i
2941 4350 130 37 suffering
3110 4349 69 29 from
3220 4347 158 29 frostbitten
3419 4346 63 29 feet.

2931 4379 1 47 !
2943 4390 92 28 About
3060 4400 15 17 a
3097 4389 135 37 fortnight
3256 4398 52 24 ago
3333 4387 34 28 he
3392 4387 53 28 had
3470 4397 16 18 a

2931 4427 1 43 |
2941 4430 119 37 fainting
3073 4430 31 27 fit
3117 4429 78 28 while
3216 4428 125 36 working
3363 4427 43 28 for
3427 4427 57 28 Mrs

2941 4469 174 29 Sntherland.
3154 4469 44 27 He
3211 4479 53 17 was
3275 4468 68 28 born
3354 4467 27 28 in
3392 4466 77 29 Liver-

2940 4510 60 37 pool
3014 4509 53 28 and
3088 4509 120 38 brought
3233 4519 35 27 up
3291 4509 26 27 in
3345 4505 139 37 Cheshire,

2940 4549 136 37 England.

2977 4589 100 29 Letitia
3108 4588 121 34 Pioonev,
3254 4589 110 28 servant
3386 4591 28 26 at
3439 4588 47 29 Mr

2931 4629 1 35 |
2941 4629 71 28 John
3027 4629 167 35 Tamblyn's,
3216 4629 86 35 being
3314 4636 98 25 sworn,
3426 4629 57 26 said

2941 4669 49 30 she
3002 4667 138 31 identified
3155 4667 46 30 the
3221 4667 73 39 body
3319 4677 29 19 as
3374 4667 60 30 that
3458 4667 29 30 of

2941 4711 72 28 John
3026 4710 132 28 Strother.
3192 4709 41 27 On
3249 4709 134 35 Saturday
3393 4719 72 18 morn-

2941 4750 49 39 ing
3002 4749 47 29 she
3063 4758 68 27 gave
3144 4747 129 28 deceased
3287 4747 42 27 his
3341 4747 143 29 breakfast

2931 4787 1 40 I
2940 4796 29 25 at
2982 4791 45 29 Mr
3039 4789 73 30 John
3139 4788 14 29 1
3162 4787 136 40 amblyn's
3317 4787 76 39 place
3418 4792 28 25 at
3471 4789 15 29 7

2931 4840 92 25 lam.;
3049 4833 32 25 he
3101 4829 131 38 appeared
3256 4832 29 23 to
3305 4828 67 28 have
3385 4839 15 16 a
3413 4830 71 35 good

2931 4866 1 44 '
2941 4871 120 39 appetite
3092 4868 53 29 and
3170 4872 28 24 to
3230 4868 33 28 be
3289 4867 26 28 in
3341 4867 41 29 his
3404 4869 76 28 usual

2931 4908 1 37 i
2940 4912 102 28 health.
3081 4909 79 29 After
3174 4908 139 28 breakfast
3323 4908 34 28 he
3368 4911 71 25 went
3447 4919 35 26 up

2940 4953 46 27 the
2998 4951 47 29 hill
3060 4955 27 23 to
3112 4950 46 27 the
3183 4947 163 38 strawberry
3368 4947 112 37 garden,

2939 4992 83 28 about
3035 4988 162 30 half-a-mile
3210 4987 118 34 distant;
3348 4987 48 28 the
3403 4987 48 28 hill
3458 4987 24 28 is

2937 5042 66 27 very
3017 5035 83 34 steep,
3114 5029 52 28 and
3180 5028 33 28 he
3238 5027 65 29 took
3322 5027 42 28 his
3385 5027 96 28 dinner

2937 5072 66 28 with
3016 5071 63 28 him.
3118 5069 43 28 He
3174 5078 54 17 was
3253 5067 130 38 expected
3409 5067 70 28 back

2937 5116 28 24 to
2976 5115 43 25 tea
3029 5111 82 27 about
3120 5109 49 33 six,
3179 5109 50 26 but
3241 5107 34 28 he
3284 5107 45 28 did
3339 5110 47 25 not
3394 5116 84 19 come.

2972 5151 115 28 Thomas
3107 5147 175 35 Weatherall,
3296 5147 132 34 labourer,
3448 5147 27 27 in

2936 5192 46 28 the
2995 5190 106 38 employ
3124 5187 28 29 of
3174 5187 44 28 Mr
3239 5187 72 29 John
3334 5187 143 37 Tamblyn,

2936 5232 79 26 knew
3028 5231 46 27 the
3097 5227 138 29 deceased.
3275 5227 91 28 When
3378 5227 34 28 he
3432 5227 46 28 did

2935 5275 48 24 not
2997 5274 92 26 return
3102 5272 27 25 to
3143 5272 44 23 tea
3200 5266 59 29 Mrs
3272 5267 132 37 Tamblyn
3418 5269 61 26 sent

2935 5311 109 28 witness
3068 5313 28 24 to
3117 5308 63 29 look
3205 5308 44 28 for
3272 5308 55 27 him
3342 5319 7 23 ;
3368 5307 111 29 witness

2935 5355 72 25 went
3020 5356 27 23 to
3056 5351 46 28 the
3109 5348 163 37 strawberry
3282 5348 102 37 garden
3395 5347 83 30 rbout

2936 5391 62 27 8.10
3012 5400 64 27 p.m.
3090 5387 51 29 and
3157 5388 84 27 found
3254 5388 131 28 deceased
3401 5387 78 37 lying

2935 5439 34 19 on
2983 5429 42 29 his
3043 5427 70 32 back
3139 5427 87 34 dead;
3245 5427 35 28 he
3305 5437 55 18 was
3385 5427 24 28 ir
3437 5426 42 30 his

2935 5471 124 37 working
3071 5467 112 35 clothes,
3192 5467 53 30 and
3256 5467 46 29 the
3312 5467 50 30 hoe
3375 5467 34 32 he
3422 5467 55 29 had

2934 5511 69 28 been
3025 5509 123 40 working
3173 5507 64 29 with
3260 5518 54 17 was
3327 5507 55 32 laid
3394 5507 83 29 aside.

2934 5549 122 29 Witness
3078 5548 114 30 covered
3217 5547 46 28 the
3289 5547 71 37 body
3374 5558 37 28 up
3425 5548 52 27 and

2934 5593 71 26 went
3025 5594 28 25 to
3079 5587 162 37 Roxburgh,
3254 5587 89 29 where
3364 5587 34 29 he
3425 5598 52 20 saw

2934 5631 45 28 the
2993 5630 139 29 constable
3148 5636 26 22 at
3190 5628 72 35 IK3O,
3277 5629 53 28 and
3345 5629 133 28 informed
3491 5627 2 46 j

2932 5670 54 32 him
3000 5683 5 21 ;
3026 5669 128 30 deceased
3181 5669 52 28 had
3258 5669 68 29 been
3352 5668 126 38 working
3490 5662 3 49 j

2932 5710 40 29 for
2985 5711 46 28 Mr
3054 5709 73 43 Jc%
3153 5708 134 44 Tamblyn
3313 5719 33 19 on
3373 5709 102 31 several
3491 5708 2 44 i

3511 166 146 33 occasions,
3671 169 53 27 and
3738 169 53 28 this
3812 180 55 18 was
3889 170 42 27 his
3953 168 101 30 second

3512 203 52 33 day
3589 205 53 30 tliis
3667 209 73 29 time.
3781 209 42 29 He
3836 210 54 29 had
3903 211 69 28 been
3985 212 52 26 tem-

3511 248 92 33 perate
3622 246 43 29 for
3688 259 16 17 a
3728 250 66 38 long
3807 251 64 28 time
3882 262 7 23 ;
3909 254 77 25 there
3999 258 55 20 was

3511 294 35 18 110
3560 284 146 32 indication
3720 289 28 28 of
3765 299 15 18 a
3793 291 122 39 struggle
3927 302 8 24 ;
3954 290 34 28 he
4001 289 55 29 had

3513 328 76 26 eaten
3603 326 42 30 his
3659 328 96 30 dinner
3767 336 98 32 except
3883 342 51 18 one
3946 330 109 35 biscuit,

3513 365 53 25 and
3593 366 52 26 had
3678 368 70 27 done
3772 371 160 36 apparently
3958 371 99 27 half-a*

3512 401 77 42 day's
3608 405 84 33 work.
3716 401 4 42 1

3551 453 145 31 Constable
3710 458 95 37 Fouhy
3818 460 117 36 deposed
3949 462 59 25 that
4021 471 35 17 on

3513 492 83 39 being
3605 493 135 32 informed
3754 498 28 27 of
3801 498 45 30 the
3861 502 80 25 event
3954 499 35 38 by
4004 498 53 30 last

3512 533 110 32 witness
3636 536 33 30 he
3695 542 72 26 went
3792 544 29 26 at
3843 551 68 20 once
3937 544 28 27 to
3992 540 64 32 Coal

3513 575 89 28 Creek
3627 578 53 27 and
3707 589 53 18 saw
3780 581 46 27 the
3851 582 81 37 body.
3971 582 86 27 There

3513 625 69 20 were
3600 627 34 19 no
3649 619 92 29 marks
3754 620 28 28 of
3797 620 127 37 violence,
3937 621 53 29 and
4010 621 31 29 de-

3511 659 96 27 ceased
3620 669 54 20 was
3689 660 76 39 lying
3779 661 26 28 in
3831 672 15 18 a
3866 663 105 28 natural
3985 663 57 38 posi-

3513 698 56 28 tion
3592 710 34 18 on
3648 701 42 27 his
3712 701 80 36 back,
3807 712 34 18 no
3867 703 60 37 sigu
3954 704 28 27 of
4006 714 51 26 any

3513 740 125 39 struggle
3664 742 83 38 being
3772 742 118 30 evident.
3930 743 43 29 He
4004 744 53 28 had

3513 779 45 29 the
3586 782 71 37 body
3682 783 128 28 removed
3836 787 29 24 to
3891 783 44 29 Mr
3956 783 101 37 Joseph

3513 819 168 40 Tamblyn's,
3696 833 29 19 as
3739 824 34 28 he
3787 823 53 29 had
3865 824 83 28 taken
3961 823 96 37 charge

3513 861 28 27 of
3554 862 46 28 the
3612 863 71 37 body
3697 864 53 28 and
3761 875 54 17 was
3826 864 144 38 attending
3983 868 27 24 to
4024 864 33 28 its

3514 901 94 29 burial.

3549 949 120 31 William
3691 951 74 29 Joliu
3785 953 107 34 Mullin,
3913 952 85 35 M,D.,
4013 951 36 29 de-

3514 990 83 37 posed
3624 991 33 28 he
3671 992 52 28 had
3738 993 77 29 made
3828 1003 34 17 an
3876 992 183 29 examination

3513 1030 29 29 of
3568 1031 47 28 the
3641 1031 72 39 body
3738 1033 29 29 of
3781 1033 131 29 deceased
3926 1033 60 31 that
4000 1032 61 39 day,

3513 1071 54 28 and
3587 1071 86 30 found
3687 1073 21 29 it
3728 1084 53 18 was
3796 1074 59 28 that
3868 1074 29 30 of
3909 1084 35 18 an
3957 1074 103 37 elderly

3514 1122 63 17 man
3591 1113 83 28 about
3697 1115 33 27 70
3755 1125 78 27 years
3855 1115 28 28 of
3908 1124 57 27 age.
4005 1114 57 29 The

3515 1152 72 37 body
3602 1163 53 18 was
3668 1153 80 40 fairly
3763 1154 60 29 well
3837 1154 155 36 nourished,
4007 1154 59 29 and.

3515 1193 76 29 there
3613 1204 69 20 were
3707 1206 34 18 no
3761 1196 104 30 bruises
3879 1207 30 18 or
3922 1196 91 29 marks
4033 1194 29 30 of

3514 1233 120 31 violence
3648 1246 34 18 on
3696 1236 38 38 it;
3755 1247 53 18 was
3817 1237 30 29 of
3855 1236 109 40 opinion
3979 1236 82 29 death

3514 1275 118 28 resulted
3643 1276 68 28 from
3727 1278 104 28 natural
3847 1287 101 18 causes.
3979 1277 81 27 Prom

3516 1314 46 26 the
3575 1314 129 28 evidence
3718 1316 28 27 of
3769 1317 126 36 previous
3920 1316 142 28 witnesses

3518 1353 32 26 he
3565 1353 87 28 would
3667 1365 46 26 say
3728 1354 46 29 the
3786 1365 79 20 cause
3875 1356 28 28 of
3913 1355 82 29 death
4008 1367 54 17 was

3517 1393 134 38 probably
3674 1395 145 38 apoplexy,
3835 1396 169 37 aggravated
4029 1397 36 35 by

3518 1433 46 28 the
3579 1433 63 29 heat
3654 1434 27 27 of
3690 1435 47 27 the
3748 1434 51 38 day
3808 1436 54 28 and
3873 1436 46 29 the
3930 1436 136 28 character

3517 1473 28 28 of
3558 1473 45 29 the
3617 1474 74 30 work
3711 1475 46 31 the
3777 1475 129 33 deceased
3928 1487 55 18 was
4003 1486 37 18 em-

3518 1513 97 36 ployed
3629 1518 36 25 at.

3556 1565 24 24 A
3765 1563 89 29 Death
3873 1564 69 29 from
3956 1564 106 28 natural

3518 1610 95 19 causes
3644 1613 91 18 —was
3756 1604 129 29 returned
3908 1604 28 30 in
3954 1603 109 30 accord*

3518 1650 67 20 ance
3600 1642 62 28 with
3679 1643 45 28 the
3739 1643 136 28 evidence.

3648 1738 91 42 Fruit
3767 1738 165 52 Growing.

3558 1834 99 29 Before
3672 1844 38 19 we
3722 1837 78 27 enter
3812 1844 35 19 on
3868 1834 46 29 the
3927 1835 136 38 initiatory

3522 1878 74 35 steps
3616 1884 143 28 necessary
3777 1879 31 24 to
3830 1875 34 28 be
3889 1875 123 30 followed
4038 1877 26 27 in

3522 1916 47 27 the
3595 1915 147 28 successful
3769 1916 170 36 prosecution
3965 1916 29 27 of
4017 1917 48 28 tho

3523 1954 148 39 enterprise
3680 1954 21 29 it
3710 1965 60 27 may
3777 1955 33 28 be
3816 1954 58 29 well
3884 1958 26 25 to
3919 1955 146 39 anticipate

3522 1995 53 29 and
3588 2006 105 18 answer
3705 2006 15 17 a
3739 1995 51 29 few
3818 1996 138 39 questions
3981 1997 84 28 which

3523 2037 126 37 properly
3659 2036 69 28 arise
3740 2037 64 28 with
3819 2037 136 28 reference
3976 2041 27 24 to
4016 2037 47 28 the

3523 2077 67 28 fruit
3603 2077 26 27 in
3643 2077 35 28 its
3692 2081 109 34 present
3814 2080 76 36 stage
3894 2077 158 40 —ripening
4052 2077 3 40 1
4057 2101 6 9 ,

3524 2118 26 28 It
3558 2118 23 28 is
3591 2128 16 17 a
3616 2117 194 31 circumstance
3820 2122 43 24 too
3872 2117 75 30 often
3958 2119 106 28 noticed

3523 2161 27 26 at
3563 2158 47 28 the
3623 2158 68 29 farm
3706 2158 124 33 steading
3830 2158 3 33 1
3852 2168 30 18 or
3897 2158 46 28 the
3956 2161 109 30 cottage

3523 2198 101 38 garden
3636 2199 59 28 that
3705 2199 65 28 fruit
3781 2206 70 21 trees
3864 2209 45 17 are
3918 2198 53 29 lens
3985 2199 79 29 cared

3523 2240 42 27 for
3576 2242 47 35 yet
3636 2249 73 19 more
3729 2239 96 28 valued
3849 2238 64 29 than
3930 2239 134 36 anything

3522 2281 54 28 else
3589 2281 83 28 about
3691 2280 46 29 the
3758 2281 85 38 place.
3882 2280 56 29 The
3960 2285 56 25 tree
4044 2280 21 29 is

3522 2321 110 37 planted
3666 2321 54 27 and
3753 2331 87 27 grows
3864 2321 199 35 satisfactorily,

3522 2364 62 34 puts
3621 2371 34 18 on
3689 2361 35 28 its
3761 2371 78 27 array
3875 2360 29 29 of
3929 2370 120 29 gorgeous-

3522 2401 140 36 blossoms,
3676 2404 54 25 sets
3744 2401 53 29 and
3810 2404 119 26 matures
3941 2401 35 30 its
3990 2401 74 35 fruit,

3520 2442 53 30 and
3596 2454 15 17 a
3633 2442 135 29 bountiful
3793 2442 52 28 and
3866 2441 116 40 payable
4004 2442 46 28 har-

3520 2487 60 26 vest
3593 2483 89 34 might
3693 2483 32 28 be
3739 2483 45 28 the
3798 2483 92 29 result.
3932 2482 85 28 What
4031 2482 34 28 do

3520 2535 40 18 we
3568 2524 201 35 find,however,
3778 2523 27 29 in
3816 2533 80 29 many
3906 2523 136 29 instances
4052 2524 11 27 ?

3520 2566 57 28 The
3616 2564 88 38 grand
3744 2564 116 39 product
3894 2563 29 29 of
3949 2563 67 29 fruit
4042 2564 23 28 is

3519 2605 121 39 brought
3647 2608 29 26 to
3689 2604 47 30 the
3748 2604 107 30 market
3866 2603 54 31 and
3939 2603 54 29 will
4015 2607 49 26 not

3520 2647 57 36 sell,
3591 2646 54 29 and
3667 2644 148 30 wherefore
3826 2645 11 29 ?
3876 2644 28 30 It
3925 2644 49 29 has
3995 2645 69 29 been

3520 2686 143 38 carelessly
3696 2686 132 38 gathered
3854 2685 53 28 and
3931 2685 129 29 handled.

3520 2726 79 30 With,
3612 2736 80 29 every
3705 2726 88 29 desire
3805 2728 29 27 to
3847 2724 93 30 obtain
3957 2735 16 18 a
3992 2725 72 38 good

3520 2771 93 25 return
3621 2768 47 27 the
3680 2767 91 36 frugal
3784 2765 146 29 housewife
3953 2766 110 36 gathers

3520 2818 36 29 up
3570 2807 35 29 all
3618 2807 46 29 the
3677 2806 93 39 apples
3783 2805 88 30 which
3890 2805 70 30 have
3979 2804 84 30 fallen

3520 2851 28 26 to
3561 2848 46 29 the
3626 2847 117 38 ground.
3783 2846 55 30 She
3857 2846 86 29 either
3965 2846 99 28 shakes

3520 2889 47 28 the
3579 2891 58 26 tree
3649 2886 102 31 herself
3762 2898 31 18 or
3804 2889 62 37 gets
3884 2885 47 30 the
3953 2886 68 37 boys
4036 2889 27 26 to

3522 2930 34 26 do
3569 2929 22 27 it
3604 2928 90 28 whilst
3719 2928 48 28 she
3779 2926 131 37 carefully
3932 2926 76 37 picks
4027 2937 37 26 up

3522 2968 34 26 all
3570 2968 46 26 the
3628 2967 68 26 fruit
3708 2966 60 27 that
3781 2966 61 27 falls
3854 2969 29 23 to
3897 2965 46 27 the
3957 2965 107 36 ground

3523 3006 114 28 without
3647 3006 45 28 the
3712 3004 126 38 slightest
3856 3003 61 29 idea
3934 3004 61 28 that
4017 3004 47 28 the

3523 3047 110 30 harvest
3666 3045 113 38 thereby
3803 3044 23 30 is
3851 3044 61 37 lost,
3934 3044 52 29 and
4017 3044 48 29 her

3523 3088 95 28 labour
3627 3088 109 33 useless,
3749 3087 53 27 and
3812 3096 29 17 as
3854 3096 16 20 a
3880 3095 184 28 consequence

3524 3127 192 39 despondency
3747 3126 48 28 sits
3817 3124 134 37 brooding
3976 3124 89 30 where

3524 3178 106 20 success
3656 3166 97 30 should
3783 3166 33 28 be
3842 3164 159 30 enthroned.
4042 3166 23 27 A

3525 3208 69 32 erood
3608 3208 162 28 illustration
3784 3206 29 29 of
3826 3206 54 28 this
3901 3206 113 28 occured
4038 3206 27 28 in

3523 3250 46 28 the
3583 3249 87 28 Taieri
3697 3248 106 28 district
3828 3247 92 27 within
3947 3257 48 17 our
4019 3257 46 18 ex-=

3523 3290 123 38 perience
3654 3300 16 17 a
3678 3288 51 29 few
3738 3297 77 29 years
3826 3297 60 27 ago.
3925 3286 58 29 The
3995 3288 70 37 good

3522 3329 63 39 lady
3598 3329 141 30 remarked
3762 3328 59 29 that
3832 3328 47 28 she
3893 3326 53 30 had
3967 3326 35 29 nil
4021 3327 44 29 tho

3522 3371 93 37 apples
3629 3368 141 37 gathered,
3784 3368 53 28 and
3849 3368 59 28 that
3922 3367 75 28 there
4012 3367 53 28 had

3521 3411 68 28 been
3602 3421 17 17 a
3630 3409 124 39 splendid
3776 3418 73 28 crop.
3890 3406 94 30 Taken
4007 3406 57 30 into

3522 3451 47 29 the
3583 3450 66 29 milk
3663 3450 83 28 house
3760 3452 28 26 to
3807 3449 106 38 inspect
3933 3448 46 28 the
3998 3446 67 31 fruit

3522 3492 14 27 I
3549 3491 84 28 found
3647 3492 83 26 about
3751 3501 15 17 a
3788 3490 84 31 do?en
3894 3488 170 28 four-bushel

3522 3532 67 36 bags
3603 3530 129 38 standing
3744 3530 27 28 in
3785 3539 51 19 one
3849 3538 104 25 corner,
3977 3528 88 29 which

3520 3575 28 25 at
3567 3572 59 27 first
3640 3571 12 28 I
3661 3569 106 30 fancied
3778 3568 142 30 contained
3930 3572 134 33 potatoes,

3520 3613 52 26 but
3584 3622 64 17 soon
3662 3610 87 29 found
3768 3620 69 18 were
3859 3608 101 38 apples.

3520 3652 49 38 ing
3581 3655 28 24 at
3621 3660 66 19 once
3710 3650 47 28 the
3780 3650 114 36 damage
3915 3648 53 28 had
3993 3648 70 28 been

3520 3692 69 29 done
3600 3692 14 28 I
3624 3690 144 40 explained
3781 3691 22 28 it
3811 3694 28 24 to
3849 3690 55 28 her.
3943 3689 102 38 Expres-

3520 3733 72 28 sions
3605 3733 29 28 of
3649 3735 90 34 regret
3753 3741 71 19 were
3833 3731 80 36 given
3924 3733 139 26 utterance

3518 3775 38 33 to,
3569 3773 52 28 and
3635 3773 48 26 her
3702 3772 170 37 experiment
3892 3770 119 28 resulted
4032 3772 28 26 in

3518 3813 49 30 her
3579 3812 110 40 parting
3701 3812 66 29 with
3787 3812 49 29 her
3845 3810 66 30 fruit
3925 3810 44 30 for
3981 3810 83 31 about

3518 3857 30 24 4s
3587 3865 15 16 a
3624 3853 237 37 hundredweight,
3887 3851 79 27 when
4012 3852 48 26 the

3517 3897 108 34 greater
3644 3893 107 37 portion
3775 3892 28 28 of
3828 3892 21 27 it
3871 3890 97 31 should
3994 3890 70 28 have

3516 3933 114 28 realised
3645 3933 54 28 18s.

3553 3979 57 29 The
3641 3978 139 37 following
3809 3976 174 40 precautions
4007 3976 54 29 and

3517 4030 60 18 care
3597 4018 96 30 should
3713 4018 100 36 always
3832 4018 35 27 be
3887 4016 133 29 observed
4034 4021 26 23 in

3515 4060 134 36 handling
3656 4056 82 40 fruit:
3741 4057 93 29 —Use
3844 4057 73 29 them
3927 4068 29 18 as
3965 4056 93 39 gently

3516 4100 52 28 and
3583 4099 122 37 tenderly
3719 4109 28 18 as
3759 4098 21 27 if
3801 4098 64 35 they
3887 4107 69 17 were
3980 4107 80 28 eggs.

3517 4142 24 27 A
3555 4140 84 37 slight
3661 4139 62 39 chip
3743 4148 94 20 causes
3854 4149 16 17 a
3894 4136 115 30 blemish
4031 4140 29 24 to

3515 4182 46 27 the
3582 4181 71 34 skin,
3679 4180 88 29 which
3792 4179 88 28 shows
3906 4177 73 29 itself
4004 4178 55 28 and

3515 4221 111 29 renders
3639 4220 46 28 the
3706 4220 67 28 fruit
3793 4219 53 28 less
3869 4217 133 34 valuable,
4028 4227 29 18 so

3514 4263 59 27 that
3592 4262 26 27 in
3639 4261 146 36 gathering
3804 4260 35 28 do
3858 4262 49 24 not
3930 4265 57 21 toss
4011 4257 47 29 the

3514 4302 67 26 fruit
3591 4299 143 38 carelessly
3747 4299 57 28 into
3818 4298 47 27 the
3884 4297 106 33 basket,
4005 4297 53 26 and

3513 4342 21 28 if
3550 4352 50 18 one
3619 4341 122 38 happens
3760 4343 29 25 to
3808 4338 48 29 fall
3875 4349 30 18 or
3925 4336 103 30 receive
4041 4347 15 19 a

3512 4383 72 37 chip,
3606 4382 43 37 lay
3673 4382 21 27 it
3719 4380 73 28 aside
3794 4379 72 28 —do
3891 4382 47 24 not
3963 4381 50 32 put
4038 4378 20 26 it

3513 4422 81 36 along
3613 4421 65 28 with
3698 4421 46 28 the
3769 4419 96 29 sound.
3905 4418 44 28 All
3974 4416 84 30 fallen

3512 4472 30 18 or
3553 4461 110 29 bruised
3682 4460 66 29 fruit
3766 4459 95 29 should
3882 4458 33 28 be
3933 4458 68 37 kept
4020 4458 36 37 by

3512 4501 74 29 itself
3611 4501 51 28 and
3690 4500 57 29 sold
3774 4509 30 18 as
3829 4498 74 35 such,
3929 4498 54 28 and
4007 4503 58 23 not>-

3513 4542 105 38 palmed
3637 4542 36 26 off
3693 4551 33 17 on
3747 4540 45 26 the
3813 4538 90 37 public
3922 4548 30 16 as
3971 4538 87 28 sound

3513 4581 53 29 and
3585 4580 115 30 without
3724 4578 77 35 fault,
3828 4578 42 28 for
3887 4576 77 28 when
3990 4585 67 20 once

3514 4622 96 36 people
3643 4630 46 17 are
3718 4620 89 26 bitten
3832 4618 36 35 by
3892 4616 104 36 having
4021 4626 34 16 an

3514 4660 93 30 article
3646 4659 80 38 given
3762 4658 72 28 them
3880 4654 85 29 under
4011 4655 48 28 the

3513 4712 143 18 assurance
3670 4701 28 28 of
3710 4701 34 27 its
3752 4698 84 37 being
3846 4698 59 27 first
3919 4696 68 28 class
4001 4697 55 28 and

3513 4742 22 26 it
3560 4745 78 23 turns
3663 4744 47 24 out
3734 4737 150 33 otherwise,
3910 4736 65 36 they
4001 4736 55 27 will

3513 4781 70 40 fight
3594 4780 50 38 shy
3657 4780 27 28 in
3698 4778 109 39 dealing
3819 4788 16 18 a
3857 4775 99 31 second
3979 4775 74 31 time.

3513 4823 91 27 Fallen
3619 4822 74 31 fruit,
3706 4831 30 16 or
3748 4830 29 18 as
3799 4819 62 34 they
3882 4827 44 18 are
3947 4817 107 37 usually

3513 4861 84 30 called
3610 4859 143 36 windfalls,
3767 4857 96 30 should
3877 4857 33 28 be
3921 4857 133 38 gathered

3511 4903 52 28 and
3588 4901 127 38 disposed
3741 4900 28 28 of
3790 4898 115 28 without
3924 4897 79 39 delay
4025 4903 29 24 at

3510 4943 45 28 the
3567 4943 59 28 best
3643 4940 74 39 price
3736 4940 60 29 that
3815 4949 49 19 can
3884 4938 35 28 be
3938 4942 49 35 got
4010 4938 44 30 for

3510 4983 83 33 them,
3612 4992 29 17 as
3660 4981 64 36 they
3744 4980 161 28 deteriorate
3926 4978 27 28 in
3974 4979 80 29 valuo

3508 5032 80 27 every
3602 5021 52 37 day
3668 5021 64 37 they
3745 5030 44 19 are
3802 5018 77 39 kept.
3917 5018 76 37 They
4006 5030 47 20 are

3507 5063 64 36 only
3596 5062 88 27 suited
3708 5062 43 27 for
3775 5060 118 39 cooking
3911 5070 141 28 purposes.

3507 5102 32 28 In
3554 5102 147 38 gathering
3713 5101 46 27 the
3778 5100 68 28 fruit
3864 5100 67 28 each
3944 5100 105 38 variety

3506 5142 29 29 of
3543 5143 79 37 apple
3634 5142 54 28 and
3712 5151 65 28 pear
3796 5140 55 29 and
3871 5141 78 28 other
3970 5141 82 28 fruits

3506 5182 96 30 should
3621 5182 35 29 be
3675 5181 67 39 kept
3761 5181 75 38 quite
3855 5181 122 36 distinct,
3996 5182 55 29 and

3506 5227 48 25 not
3568 5223 92 28 mixed
3677 5222 225 37 promiscuously.
3941 5222 27 28 If
3987 5222 66 37 they

3506 5273 45 19 are
3575 5262 91 29 mixed
3687 5261 46 30 the
3759 5261 102 30 chance
3880 5261 44 29 for
3942 5272 17 18 a
3978 5262 72 38 good

3506 5303 107 29 Tnarket
3625 5303 22 28 is
3660 5302 90 38 spoilt.
3790 5302 57 29 The
3860 5303 135 37 necessity
4009 5303 43 28 for

3506 5344 54 29 this
3573 5344 22 29 is
3609 5346 132 36 apparent
3759 5343 78 29 when
3858 5354 40 19 we
3917 5344 66 29 take
3994 5344 57 28 into

3506 5387 115 26 account
3655 5384 60 28 that
3739 5384 77 28 there
3838 5394 45 18 are
3909 5394 64 18 over
3998 5384 56 29 500,

3506 5423 160 41 recognised
3706 5422 113 30 distinct
3861 5424 126 29 varieties
4023 5422 30 30 of
4053 5422 3 42 1

3506 5464 102 38 apples,
3618 5463 54 31 and
3686 5474 15 19 a
3713 5464 77 40 large
3802 5465 118 30 number
3932 5464 28 33 ol;
3973 5464 80 33 thes.e

3508 5506 124 31 varieties
3646 5504 69 30 have
3733 5516 17 17 a
3772 5507 147 39 confusing
3940 5506 62 30 host
4023 5505 30 29 of

3507 5546 126 27 different
3646 5556 93 18 names
3753 5547 82 37 given
3847 5551 29 29 to
3889 5547 75 30 them
3984 5546 67 28 both

3506 5586 36 39 by
3555 5586 162 29 individuals
3727 5587 54 28 and
3788 5587 28 28 in
3827 5587 125 30 different
3962 5585 91 31 locali-?

3507 5627 59 30 ties.
3606 5626 87 30 These
3705 5628 53 29 500
3767 5628 127 29 varieties
3905 5638 45 19 are
3960 5629 93 37 pretty

3509 5667 107 39 equally
3630 5667 110 30 divided
3759 5669 57 31 into
3840 5673 55 25 two
3917 5669 119 30 classes-

3506 5708 105 29 dessert
3624 5708 53 29 and
3692 5708 119 37 kitchen,
3823 5721 30 18 or
3866 5720 28 19 as
3919 5709 64 37 they
4006 5716 49 29 ars

1648 59 196 41 MOUNT
1931 63 224 42 BENGER
2240 62 152 38 MAIL.

3365 57 163 48 Friday,
3551 60 186 50 Janaary
3761 64 67 41 22,
3853 61 114 39 1597.

66 160 217 35 THURSDAY,
302 160 53 28 4th
374 157 217 29 FEBRUARY,

175 202 35 26 At
222 209 45 18 one
279 197 90 29 o'clock
382 197 80 36 aharp.

97 277 183 32 TUAPEKA
302 275 120 30 STOCK
441 273 101 29 FAIR.

52 326 63 22 •Fmr
129 331 45 16 and
182 325 71 21 Thied
262 324 129 22 Thumdayb
398 326 25 18 i»
432 325 57 18 each
502 320 89 21 Month.

60 390 163 46 JOHN
302 384 289 34 THOMPSON

122 433 48 28 will
195 431 56 28 bold
275 431 38 27 his
341 435 57 23 next
422 428 56 28 Sale
502 433 26 23 at
552 426 40 28 the

50 471 116 34 Tuapeta
178 469 55 25 Bale
251 468 88 29 Yards,
353 466 139 30 Lawrence,
506 474 31 15 on
552 465 39 24 the

53 507 74 29 above
137 505 57 29 date
201 511 25 23 at
238 513 46 19 one
297 502 89 30 o'clock
399 501 81 39 sharp.

87 595 94 26 Parties
205 593 109 35 desiring
337 597 25 21 to
386 590 60 28 offer
471 588 74 28 Stock
567 597 28 17 or

53 633 158 36 Implements
224 637 24 21 at
261 630 76 28 above
351 628 54 28 Sale
422 627 128 39 requested
569 633 24 20 to

52 671 59 27 send
130 669 143 37 particulars
294 675 24 19 to
337 667 42 28 the
400 667 151 27 Auctioneer
568 674 27 18 as

47 708 67 34 early
129 717 25 17 as
167 707 111 36 possible.

151 781 110 30 FOR
333 778 162 31 SALE.

54 853 170 59 Bakers
242 853 46 27 and
301 851 174 30 general
486 851 111 28 store
605 841 1 71 j

130 894 25 25 in
166 901 15 18 a
191 892 78 34 rising;
279 891 229 35 district—present
515 898 83 18 owner
605 891 1 35 ;

54 931 104 35 retiring
170 930 62 27 from
246 929 117 28 business.

89 968 55 26 Full
158 967 144 37 particulars
314 976 29 18 on
359 966 147 36 application
520 971 24 21 to

148 1016 104 31 JOHN
271 1014 217 36 THOMPSON,

256 1058 156 30 Auctioneer,
428 1055 137 28 Lawrence.

57 1132 256 31 APPLICATION
337 1131 73 28 FOR
441 1128 162 30 SPECIAL

265 1183 130 31 CLAIM.

226 1271 122 27 District:
364 1268 83 35 Otago
459 1268 99 32 Mining
558 1268 4 35 1
563 1288 5 5 .

188 1307 82 28 Date:
289 1306 60 29 16th
361 1305 121 37 January,
497 1304 73 28 1897.

91 1354 39 27 To
144 1353 42 28 the
198 1351 111 29 Warden
321 1356 25 22 at
360 1349 144 36 Roxburgh.

64 1402 89 28 TXTE
167 1401 90 36 hereby
268 1400 72 37 apply
351 1399 38 28 for
398 1408 14 19 •
422 1397 93 37 Special
527 1397 78 28 Claim

147 1437 411 35 forGoldminingpurposeeunder
567 1435 39 26 the

59 1478 136 35 provisions
208 1477 28 26 of
334 1475 102 33 Mining
448 1475 56 26 Act,

61 1514 27 27 of
113 1514 43 29 the
186 1513 69 28 lands
294 1510 146 28 hereinafter
471 1508 133 28 described,

60 1552 78 26 which
168 1551 62 26 have
261 1549 59 25 been
361 1547 59 34 duly
451 1546 98 26 marked
579 1546 24 24 in

56 1588 151 31 accordance
216 1586 58 26 with
285 1586 40 25 the
336 1585 98 32 mining
443 1582 160 35 regulations.

122 1635 62 27 The
202 1635 139 27 Dukedim
355 1632 80 27 Gold
448 1631 155 25 Dredging

251 1672 145 29 Company,
416 1668 67 27 Ltd.

101 1721 52 36 (By
168 1720 63 27 their
243 1720 94 34 Agent,
353 1715 74 29 Jabez
440 1714 115 34 Burton).

90 1806 79 28 Name
182 1802 47 28 and
243 1802 98 27 address
353 1801 24 26 in
389 1799 44 28 full
443 1798 28 27 of
478 1797 123 37 applicant

55 1844 86 28 .—The
154 1840 115 29 Dunedin
295 1839 65 28 Gold
383 1837 130 36 Dredging
527 1835 55 27 Com-

59 1891 72 26 pany,
161 1878 65 29 Ltd..
249 1876 124 29 Dunedin.
409 1874 102 28 Miner's
524 1873 75 36 right,

59 1919 98 31 10920;
171 1916 112 35 39/9/96.

90 1955 68 38 Style
170 1954 78 28 under
261 1951 78 29 which
353 1951 19 27 it
393 1951 20 26 is
438 1947 114 29 intended
575 1953 23 20 to

56 1995 104 27 conduct
178 1993 41 27 the
241 1992 109 27 business
407 1987 52 28 The
482 1985 116 28 Dunedin

55 2032 62 27 Gold
132 2031 132 34 Dredging
278 2029 51 30 Co.,
342 2027 57 27 Ltd.

88 2069 110 34 Locality
212 2067 80 26 where
305 2065 41 27 the
366 2062 60 29 land
447 2060 95 38 applied
562 2060 36 27 for

55 2109 19 25 is
85 2105 237 29 situated—Section
333 2102 41 33 37,
385 2100 76 29 Block
473 2099 125 34 I.,Teviot

52 2146 101 26 district.

88 2182 93 27 Extent
194 2180 27 28 of
229 2179 58 29 land
300 2176 96 39 applied
414 2175 104 27 for—4s
532 2183 66 18 acres

54 2221 14 27 3
81 2220 71 26 roods
165 2220 32 26 20
209 2217 73 37 poles.

88 2258 110 28 Amount
210 2255 28 29 of
247 2252 88 40 capital
349 2250 118 40 proposed
481 2256 24 23 to
518 2249 29 29 be
560 2250 24 28 in-

53 2296 83 27 vested
173 2295 104 31 £7,500.

88 2331 123 37 Proposed
221 2331 71 26 mode
300 2329 28 27 of
334 2327 113 34 working
457 2326 40 26 the
507 2325 91 27 land-

54 2370 138 36 Dredging.

87 2408 71 27 Term
172 2407 35 27 for
220 2404 79 28 which
321 2402 90 39 special
430 2401 72 29 claim
525 2408 72 29 grant

52 2449 21 25 is
87 2446 111 38 required
199 2446 65 26 —21
283 2452 78 28 years.

85 2484 106 30 General
220 2481 110 28 remarks
332 2478 136 28 —Ground
497 2476 98 35 already

59 2521 125 37 surveyed.
220 2520 67 36 Pegs
297 2516 99 30 marked
408 2516 46 27 No.
463 2517 51 25 oto
525 2514 74 29 1/60.

87 2559 80 28 Dated
181 2564 24 22 at
224 2556 138 36 Roxburgh
375 2555 49 27 this
443 2554 59 27 16th
515 2553 47 36 day
575 2552 25 26 of

53 2597 119 33 January,
186 2596 75 28 1897.

86 2635 52 27 The
151 2634 77 28 above
240 2632 148 37 application
401 2630 48 28 and
461 2638 47 26 any
522 2628 65 36 objec-

55 2674 63 26 tions
137 2672 50 27 will
208 2671 30 27 be
260 2670 74 28 heard
358 2675 26 22 at
405 2668 42 27 the
468 2666 132 28 Warden's

54 2710 73 27 Office
146 2714 26 23 at
196 2707 136 37 Roxburgh
346 2716 31 18 on
391 2705 61 28 19th
465 2703 133 36 February,

54 2749 31 26 18
88 2747 40 28 97.

87 2787 57 33 Any
157 2792 87 29 person
257 2782 110 34 desiring
380 2786 24 20 to
417 2779 80 38 object
515 2784 26 21 to
558 2777 42 27 the

54 2823 119 36 granting
185 2821 27 27 of
221 2831 14 17 a
247 2818 89 37 special
348 2818 73 28 claim
445 2815 96 38 applied
563 2815 37 27 for

54 2865 74 28 must,
147 2859 87 27 within
256 2859 31 25 14
308 2857 66 27 clear
394 2855 60 36 days
477 2854 61 27 from
558 2853 41 26 the

55 2898 56 27 date
123 2897 26 27 of
156 2897 60 27 such
227 2895 155 36 application,
393 2900 68 22 enter
471 2891 38 28 his
519 2890 66 39 objec-

55 2936 65 28 tions
137 2940 26 21 at
187 2934 41 27 the
246 2932 130 27 Warden's
395 2930 74 28 Office
487 2936 26 20 at
531 2929 51 26 Rox-

54 2971 90 36 burgh.

106 3017 205 29 FREDERICK
330 3015 167 32 JEFFERY,

252 3055 73 28 Clerk
339 3052 99 31 Warden'
452 3052 14 31 6
480 3052 85 31 Court.

90 3104 117 27 Received
222 3109 25 21 at
259 3111 64 18 noon
337 3111 31 17 on
383 3100 112 35 16/1/97.

54 3179 51 57 J)
188 3177 43 37 A.
303 3172 294 43 BUCHANAN,

133 3252 72 21 BOOT
233 3249 57 22 AND
315 3246 74 23 SHOE
414 3244 110 26 MAKER,

101 3298 139 29 Scotland
250 3313 10 5 -
271 3302 104 26 street,
395 3292 160 28 Roxburgh.

163 3387 91 38 Every
275 3384 164 37 description
461 3381 29 29 of

57 3443 86 29 Boots
156 3450 54 20 and
224 3439 88 29 Shoes
326 3436 131 30 Supplied
470 3442 34 20 or
517 3432 83 29 Made

230 3489 32 20 to
282 3479 141 28 Measure.

57 3535 45 28 Fit
111 3530 179 32 Guaranteed.
365 3528 46 28 Fit
419 3525 180 30 Guaranteed.

109 3612 120 22 REPAIRS
252 3609 113 22 neatly
395 3605 154 23 executed.

175 3678 25 29 A
222 3676 84 30 Trial
329 3673 149 30 Solicited.

58 3761 239 40 pHRISTMAS
323 3761 25 29 &
376 3758 89 29 NEW
496 3756 104 29 YEAR

223 3798 222 36 NOVELTIES.

100 3847 133 37 (Suitable
246 3845 44 28 for
306 3844 102 33 Young
420 3840 54 29 and
488 3838 74 36 Old).

167 3927 26 28 A
205 3924 133 40 complete
351 3920 105 39 display
468 3918 29 29 of

60 3974 129 31 FANCY
217 3970 133 35 GOODS,
384 3963 216 35 CHRISTMAS

108 4013 133 35 CARDS,
279 4010 106 33 TOYS,
423 4005 133 36 BOOKS,

177 4048 232 35 MAGAZINES,
429 4047 49 32 &c.

217 4131 39 22 ON
273 4130 57 21 THE
348 4125 135 25 SHILLING
499 4122 97 23 TABLE.

174 4198 159 28 Inspection
352 4194 121 28 Invited,

106 4290 59 57 F.
207 4281 335 63 JEFFERY.

55 4360 187 26 BOOKSELLER,
255 4358 128 26 CHEMIST,
397 4356 80 22 NEWS
493 4354 102 27 AGENT,

216 4385 163 27 STATIONER,
393 4384 37 21 &c.

120 4426 138 31 TEVIOT
282 4422 250 33 DISPENSARY.

50 4506 68 52 yy
207 4503 43 31 T.
317 4499 124 32 BOW
459 4496 136 36 DEN,

124 4577 173 28 CARPENTER,
323 4574 114 27 JOINER,
463 4572 61 23 AND

219 4614 205 24 UNDERTAKER,

52 4670 99 28 Desires
176 4673 24 22 to
226 4663 77 31 thank
327 4662 42 28 the
399 4658 87 31 Public
510 4657 24 30 of
559 4655 41 29 the

53 4709 106 27 District
170 4706 39 26 for
226 4709 55 31 past
298 4705 112 33 support,
429 4697 48 29 and
496 4696 61 36 begs
574 4700 26 22 to

52 4745 88 28 inform
170 4743 66 26 them
270 4741 54 26 that
355 4737 29 28 he
414 4736 43 29 has
487 4732 113 30 resumed

53 4784 119 29 Business
184 4782 26 28 in
223 4776 147 38 Roxburgh.

52 4871 132 32 Estimates
195 4868 75 36 given
280 4864 47 30 and
337 4862 121 36 Building
468 4859 131 29 Contracts

149 4919 27 26 of
192 4917 32 27 all
243 4914 73 29 kinds
332 4910 162 31 undertaken.

87 5005 75 27 Plsns
175 5002 48 28 and
241 4998 184 39 Specifications
438 4992 123 41 prepared.

270 5100 18 24 A
318 5099 17 23 I
395 5092 172 28 THIS!

106 5178 105 27 BOOTB
228 5181 36 22 tor
278 5178 40 24 the
335 5176 81 26 Great,

138 5224 73 25 Boots
230 5223 36 23 for
287 5222 42 23 the
342 5219 90 28 Small;

109 5266 71 24 Boots
195 5264 36 25 for
250 5263 40 24 tha
307 5261 79 30 i^hort,

142 5310 70 23 Boots
228 5310 38 23 for
282 5308 40 26 the
340 5296 53 35 Tail
409 5312 6 21 ;

113 5355 71 24 Bcota
196 5354 37 24 for
250 5353 41 25 the
308 5351 96 33 Young,

141 5393 73 23 Boots
229 5391 37 23 for
280 5391 40 23 the
338 5388 47 26 Old
397 5395 6 21 ;

144 5456 54 25 And
214 5452 101 28 BOOTS
331 5451 45 26 and
394 5447 104 28 SHOES

260 5510 36 23 for
311 5506 30 26 all
363 5515 15 15 a

157 5574 41 35 H.
247 5566 256 43 BAILLIE'S,

67 5639 34 30 C'f
106 5637 74 31 potite
193 5632 157 27 Commercial
369 5630 81 31 Hotel,
470 5626 130 32 Koxburgh

82 5741 132 42 jgrCome
230 5740 45 27 and
292 5741 91 30 inspect
394 5738 41 27 the
450 5735 79 29 Stock.

622 156 43 41 p
703 155 26 27 R
767 148 413 35 OSPECTUSi

622 182 27 26 -t
853 198 27 16 OF
893 197 43 17 THE

622 227 160 42 Switzers
795 227 91 49 Deep
895 224 89 42 Lead
995 223 185 53 Company;

825 282 140 27 (LIMITED.)

621 350 28 20 To
659 350 25 19 bo
694 349 118 25 Registered
819 349 63 20 under
891 348 35 20 the
933 347 120 25 Companies
1060 346 47 23 Act,
1114 344 56 21 1882.

672 412 120 24 CAPITAL
1041 407 80 29 £5.500,

743 442 23 20 Id
777 442 58 25 5,500
843 441 73 21 Shares
925 442 21 19 at
956 440 27 21 £1
995 439 55 23 each.

623 468 28 21 Of
661 468 65 20 which
736 469 58 23 2,c00
802 468 68 19 shares
886 467 52 25 fully
954 467 47 25 paid
1016 473 28 17 up
1060 471 34 14 are
1110 466 22 17 to
1147 464 26 19 be

624 494 85 21 allotted
727 496 21 19 to
771 494 35 20 the
823 493 85 20 vendors
926 494 19 19 iD
966 493 97 27 payment
1078 492 21 18 ot
1117 490 54 19 their
1179 490 1 30 i

623 523 102 26 interests,
736 522 39 23 aDd
785 522 35 23 the
834 521 64 23 whole
907 521 22 23 of
938 521 35 22 the
983 522 96 26 property
1089 525 45 16 now
1145 524 24 15 on

625 553 34 20 the
677 553 85 24 ground.
790 552 42 20 The
847 551 112 25 remaining
981 550 59 24 3,000
1056 549 69 21 shares
1138 555 33 13 are

624 579 77 21 offered
711 581 22 18 to
741 579 36 20 the
786 579 68 26 public
868 585 25 13 on
908 578 36 20 the
959 577 102 25 following
1072 578 61 18 terms

624 606 22 22 2a
654 606 26 22 6d
690 613 36 14 t>er
734 606 59 22 share
802 613 26 14 on
839 605 130 28 application,
986 604 22 22 2s
1022 603 26 22 6d
1063 609 36 20 per
1114 602 59 21 share

625 642 26 14 on
664 635 115 25 allotment,
795 634 40 22 and
851 634 35 21 the
901 633 82 21 balance
998 633 27 26 by
1037 631 51 21 calls
1103 629 21 22 of
1138 631 35 19 not

625 669 55 14 more
691 663 49 20 than
750 663 21 20 2s
785 663 26 20 6d
825 669 35 20 per
877 662 57 20 share
951 663 22 19 at
990 659 98 22 intervals
1099 657 23 21 of
1138 659 36 19 not

782 690 39 21 lees
830 690 51 21 than
889 697 39 14 one
936 688 79 22 month.

820 728 167 23 DIRECTORS:

627 759 21 20 It
658 758 16 21 is
682 758 99 26 proposed
789 758 45 20 that
842 758 37 20 the
886 757 87 20 vendors
981 755 53 21 have
1043 754 35 21 the
1087 752 56 27 right
1153 753 21 19 to

627 786 52 20 elect
688 787 41 18 two
745 785 96 21 directors
858 784 52 21 from
929 785 92 24 amongst
1039 780 134 23 themselves;

627 812 40 22 and
684 812 36 22 the
736 812 139 21 Rharebold-ers
884 812 47 21 four
938 812 97 21 directors
1044 810 52 20 from
1110 807 52 21 them-

627 841 72 22 selves
725 840 66 21 Three
808 842 22 19 to
847 840 53 21 form
917 847 12 14 a
943 845 96 21 quorum.
1067 837 60 20 After
1140 835 35 20 the

629 869 43 20 first
686 869 73 20 annual
778 868 89 25 meetißg
878 868 36 20 the
931 866 137 21 shareholders
1088 866 20 18 to
1124 863 51 20 elect

750 896 98 21 directors
857 896 20 20 in
888 895 35 21 the
932 894 59 21 usual
1001 899 43 21 way

831 930 129 23 BROKERS
968 938 5 13 :

684 959 84 27 Tonkh,
778 960 92 21 Norton
880 964 46 16 and
933 959 39 20 Co.
982 957 66 21 Christ
1052 955 75 22 church

686 987 74 20 Jaeez
769 987 95 23 Boston,
875 986 118 26 Roxburgh.

654 1047 42 21 The
705 1046 105 27 Company
821 1047 16 20 is
846 1046 102 27 projected
958 1047 30 20 for
1007 1045 35 21 the
1060 1048 85 23 purpose
1155 1040 23 21 of

631 1075 103 27 acquiring
752 1082 25 13 an
798 1074 101 21 extended
915 1074 59 21 claim
992 1073 21 20 of
1030 1073 30 20 six
1085 1076 55 15 acres
1159 1068 20 21 of

632 1103 112 20 auriferous
766 1102 45 20 land
834 1103 74 19 situate
935 1104 22 18 at
988 1101 97 23 Winding
1107 1096 71 24 Creek,

633 1131 92 19 Waikaia
741 1130 93 24 District,
853 1129 121 21 Southland.
1001 1129 41 19 The
1068 1126 58 21 claim
1143 1124 36 20 has

633 1157 49 20 been
693 1157 64 20 tested
767 1156 40 21 and
817 1156 80 20 worked
908 1156 31 20 for
948 1156 35 20 the
1001 1155 39 21 last
1059 1156 40 18 two
1114 1158 64 20 years,

633 1184 51 28 deep
693 1184 65 21 shafts
769 1184 21 21 of
806 1184 35 21 100
849 1184 41 21 feet
900 1184 62 20 below
981 1183 35 21 the
1034 1182 78 21 surface
1128 1179 52 21 have

635 1213 48 20 been
694 1212 52 21 sunk
756 1213 39 20 and
805 1219 10 13 a
826 1212 84 26 payable
917 1212 45 20 lead
969 1212 21 19 of
997 1211 44 26 gold
1050 1207 115 23 discovered
1175 1207 4 31 ;

633 1240 38 21 but
690 1240 35 21 the
743 1240 98 26 applianc*
848 1247 9 13 s
874 1240 20 21 in
917 1240 36 19 the
972 1238 111 28 possession
1106 1235 21 23 of
1145 1235 35 20 the

634 1268 85 20 vendors
729 1268 51 20 have
789 1270 36 18 not
841 1268 48 20 been
905 1268 99 19 sufficient
1023 1269 21 18 to
1061 1271 51 20 cope
1130 1263 49 20 with

634 1295 35 21 the
679 1297 68 18 water.

660 1322 118 22 Additional
792 1322 75 27 capital
878 1322 16 21 is
905 1329 43 14 row
959 1320 92 28 required
1061 1321 22 19 to
1093 1320 37 25 put
1145 1317 35 21 the

635 1351 61 20 latest
705 1350 116 26 machinery
827 1357 24 14 on
859 1350 35 21 the
901 1349 77 27 ground
985 1349 38 20 and
1032 1352 20 17 to
1059 1346 121 24 thoroughly

635 1378 56 20 work
700 1378 36 20 the
746 1381 101 23 propeity.
875 1378 59 20 From
953 1378 80 19 various
1051 1379 51 17 tests
1115 1373 65 22 which

636 1405 51 21 have
703 1405 49 21 been
770 1405 58 21 made
846 1405 73 20 results
937 1404 58 27 equal
1014 1407 21 17 to
1051 1402 77 22 I4dwts
1145 1407 35 20 per

636 1433 57 21 cubic
702 1433 50 25 yard
760 1433 23 19 of
792 1433 54 20 wash
856 1432 47 26 dirt,
924 1431 64 21 which
1008 1431 15 21 is
1043 1431 46 20 four
1105 1430 40 20 feet
1160 1429 20 19 in

637 1460 106 22 thickness,
755 1460 51 20 have
825 1460 49 19 been
891 1459 103 20 returned.
1021 1458 64 20 There
1095 1458 15 19 is
1120 1462 60 18 every

636 1487 112 25 possibility
764 1487 21 19 of
803 1487 40 19 this
862 1486 62 20 result
943 1485 59 26 being
1018 1485 126 26 permanent,
1159 1489 21 12 as

635 1513 77 20 several
731 1516 55 22 parts
799 1513 21 20 of
839 1512 34 20 the
891 1513 57 19 claim
968 1512 51 20 liave
1037 1512 49 19 been
1105 1509 73 23 tested,

633 1541 69 23 giving
720 1547 10 12 a
747 1540 87 20 unifoim
852 1539 53 25 yield
921 1539 20 20 of
960 1539 82 24 14dwts,
1059 1538 59 19 while
1133 1538 16 19 it
1163 1536 16 19 is

633 1567 74 19 almost
729 1574 9 12 a
759 1567 99 23 certainty
881 1565 46 20 that
948 1565 86 20 another
1052 1571 48 19 very
1119 1562 59 21 much

634 1593 65 19 richer
708 1593 78 24 deposit
796 1593 21 19 of
826 1593 44 24 gold
882 1599 47 12 runs
939 1592 88 24 through
1037 1591 141 24 somepoition

632 1619 22 19 of
664 1619 34 19 the
707 1619 66 21 claim,
783 1619 39 19 and
834 1619 63 19 which
908 1626 39 11 was
959 1618 36 19 the
1004 1617 83 22 original
1098 1617 68 19 induce-

633 1649 56 17 ment
698 1648 21 18 to
727 1645 47 21 take
783 1652 28 18 up
822 1645 40 20 thin
880 1647 102 24 property.
1010 1644 57 20 With
1078 1644 34 19 the
1122 1646 56 17 extta

632 1673 114 26 Rpp'iances
755 1672 46 21 that
811 1673 15 19 it
835 1673 16 19 is
865 1679 43 13 now
928 1679 43 19 pro;
980 1672 46 20 esed
1044 1675 20 16 to
1079 1674 33 20 get
1121 1670 57 20 there

633 1707 15 13 is
661 1706 59 19 every
735 1699 121 27 probability
866 1699 21 20 of
896 1699 85 25 striking
997 1699 41 19 this
1056 1698 65 20 richer
1134 1697 44 20 lode

631 1729 22 18 at
661 1734 39 18 any
712 1727 55 19 time.

656 1754 43 20 The
708 1754 56 20 work
775 1753 82 27 already
867 1753 50 21 done
928 1753 15 21 is
953 1753 99 20 sufficient
1070 1753 22 19 to
1110 1750 69 21 enable

632 1781 35 21 the
677 1788 43 14 new
731 1781 105 26 C'ompary
846 1786 22 16 to
881 1788 24 19 go
921 1781 63 21 direct
1003 1784 21 17 to
1043 1780 34 20 the
1164 1779 16 20 it

631 1809 75 25 having
718 1809 60 21 taken
790 1809 35 25 t*he
843 1809 86 20 vendors
948 1812 40 16 two
1006 1814 57 21 years
1078 1810 21 17 to
1117 1807 63 19 locste

632 1838 35 20 the
677 1840 57 18 exret
745 1837 97 21 direction
852 1837 22 21 if
883 1837 34 21 the
928 1837 42 20 lead
980 1839 21 18 at
1016 1843 11 13 a
1041 1837 41 19 cent
1092 1837 21 18 to
1124 1834 54 21 them

630 1865 21 21 of
661 1865 61 20 about
732 1865 80 20 £'2.000.

656 1892 142 27 Applications
809 1893 31 19 for
849 1892 68 20 shares
928 1891 40 21 will
978 1891 24 21 be
1012 1890 89 22 received
1111 1889 26 26 by

776 1924 101 26 TONES,
891 1924 116 21 NORTON
1023 1924 15 19 k
1053 1924 50 24 CO.,

754 1952 43 26 165,
809 1952 95 21 Colombo
914 1953 69 23 stieet,
994 1949 144 24 Christcburch
1148 1956 5 18 ;

653 1988 29 21 Or
781 1986 88 23 JABEZ
884 1986 122 27 BURTON,

1032 2012 119 22 Roxburgh.

709 2077 183 30 TUAPEKA
931 2076 163 30 COUNTY.

628 2157 190 56 TENDERS
831 2158 49 27 will
894 2157 29 28 be
936 2157 108 27 receiver]
1060 2156 34 26 liil
1110 2164 64 18 noon

708 2206 30 16 on
750 2196 149 33 FRIDAY,
912 2195 69 27 22nd
992 2192 184 32 JANUARY,

630 2234 72 33 1897,
717 2233 69 27 for—

663 2285 117 27 Contract
804 2284 125 35 418—(a)
960 2282 148 35 Gravelling
1144 2281 30 26 25

729 2322 85 26 chains
828 2322 62 25 from
909 2321 116 32 Borough
1042 2319 133 33 Boundary

731 2365 24 20 to
777 2358 115 34 Laloli's;
919 2359 38 33 (b)
978 2356 146 34 Gravelling
1143 2355 32 26 25

730 2396 84 27 chains
828 2397 61 26 from
915 2396 85 26 Bain's
1014 2393 75 37 Gully
1105 2399 24 21 to
1143 2393 31 26 R.

731 2434 162 28 Kirkwood's.

662 2472 184 35 Specifications
859 2482 25 17 at
896 2472 54 26 Mt.
965 2472 118 26 Bekgeh
1097 2470 78 25 Mail

628 2511 75 26 Office
716 2510 48 27 and
778 2510 99 35 County
891 2509 82 33 Office,
986 2509 142 26 Lawrence.

775 2559 116 29 JAMES
917 2558 155 33 BENNET,

674 2596 135 28 Chairman
821 2596 118 36 Tuapeka
952 2596 99 36 County
1064 2596 113 28 Council.

663 2634 141 34 Lawrence,
818 2635 41 27 Bth
875 2634 118 37 January,
1009 2634 72 28 1897.

633 2719 134 30 TJAVE
786 2730 54 29 you
854 2719 70 30 tried
938 2719 85 30 Kozie
1036 2719 55 29 Tea
1101 2719 11 29 ?
1150 2719 28 28 If

725 2764 57 32 not,
808 2761 36 28 do
876 2771 30 17 so
938 2765 28 23 at
991 2770 86 24 once;
1109 2760 22 27 it
1154 2760 23 27 is

630 2800 139 30 delicious.
826 2799 35 30 D.
896 2799 139 36 Cormack,
1073 2799 104 39 Agent,

628 2841 164 37 Roxburgh.

727 2928 112 30 FOR
914 2928 171 28 SALE.

647 3011 18 22 A
705 3006 196 29 FREEHOLD
931 3005 112 32 FARM,
1074 3005 27 24 of
1129 3004 48 26 519

716 3054 73 24 seres,
800 3053 58 18 near
869 3041 94 29 Millers
975 3042 62 33 Flat,
1049 3042 127 36 adjoining

630 3084 138 26 Beaumont
804 3083 105 24 Station.
956 3080 46 26 For
1032 3082 64 32 price
1127 3080 46 25 and

628 3120 152 37 particulars,
795 3118 71 36 apply

663 3170 59 26 MT.
737 3168 143 28 BENGER
902 3166 91 27 MAIL
1006 3166 134 26 OFFICE.

628 3250 191 31 PREVIOUS
833 3259 32 20 to
882 3248 293 37 STOCK-TAKING,

632 3312 186 70 JOHNS
859 3312 32 37 &
927 3311 247 43 M'COMBE,

628 3394 128 24 GROCERS
771 3394 59 21 AND
848 3393 134 22 GENERAL
996 3392 177 22 MERCHANTS.

765 3444 155 29 MILLERS
939 3443 98 30 FLAT.

812 3507 65 28 Will
899 3507 62 37 give
983 3518 16 16 a

632 3559 193 31 DISCOUNT
863 3558 46 29 OF
946 3557 87 29 TWO
1072 3558 81 28 SHIL-

712 3600 113 30 LINGS
844 3600 53 33 (2*)
917 3599 42 28 IN
978 3599 76 27 THE
1074 3602 19 26 £

883 3651 42 28 On

727 3705 72 29 ALL
832 3704 99 31 CASH
964 3703 116 30 SALES

756 3753 107 31 During:
876 3752 53 27 this
944 3750 103 29 month.

668 3835 49 28 We
736 3834 68 28 have
824 3845 15 17 a
858 3834 75 35 large
955 3833 77 28 stock
1054 3833 29 27 of
1106 3832 51 28 Gro-

630 3874 92 35 ceries,
748 3873 131 37 Drapery,
912 3873 92 35 Boots,
1030 3871 126 29 Ironmon-

630 3925 76 27 gery,
721 3913 91 38 Fancy
823 3913 99 35 Goods,
937 3911 236 39 Paperhangings,

630 3954 66 35 Oils,
706 3953 58 36 &c.,
773 3953 58 36 &c.,
842 3953 87 29 which
940 3956 73 25 must
1022 3952 35 29 be
1067 3951 105 30 cleared

628 3995 23 29 if
661 3994 127 40 possible.

821 4071 151 22 AGENCIES:

626 4111 176 30 Manchester
814 4111 63 29 Fire
889 4111 146 29 Insurance
1050 4109 48 30 Co.

626 4153 158 28 Australian
793 4152 106 29 Mutual
908 4151 145 30 Provident
1063 4149 110 39 Society

630 4240 140 29 T7OZIE
789 4240 83 29 TEA.
910 4240 65 29 This
1000 4238 89 30 brand
1114 4236 23 29 is
1159 4247 15 17 a

705 4284 148 34 guarantee
862 4280 28 28 of
898 4280 90 37 purity
997 4280 54 26 and
1060 4278 113 40 quality,

626 4320 55 39 Try
694 4320 47 29 the
754 4320 31 29 2s
797 4332 7 23 ;
824 4319 46 29 'tis
884 4319 99 39 sup6rb
995 4318 6 31 !

772 4402 37 28 A.
907 4397 266 36 HART,

682 4457 256 35 Scotland-street,
959 4456 162 33 Roxbcrgh,

639 4509 158 22 MERCHANT
815 4509 112 23 TAILOR.
941 4506 148 27 CLOTHIER,
1103 4506 63 21 AND

714 4537 196 21 GENTLEMEN'S
927 4535 163 22 OUTFITTER.

665 4593 26 27 A
725 4592 91 28 choice
848 4590 130 28 selection
1006 4588 28 27 of
1058 4587 14 26 'I
1082 4586 98 32 weeds,

632 4629 140 34 Coatings,
786 4629 110 33 Series,
917 4627 49 26 &c.
991 4625 77 32 (both
1091 4623 90 26 Home

632 4666 55 30 and
701 4665 132 38 Colonial)
847 4665 101 38 always
962 4674 34 19 on
1009 4661 84 30 hand.

669 4708 25 26 A
708 4707 92 27 varied
816 4706 128 28 selection
955 4705 30 28 of
994 4701 188 38 Keady-made

633 4745 91 30 Goods
736 4745 53 28 and
800 4745 81 39 Boys'
891 4744 54 28 and
956 4742 119 29 Youths'
1087 4741 79 28 Cloth-

632 4787 50 40 ing
706 4787 102 38 always
840 4797 34 19 on
903 4784 83 30 hand.
1037 4783 57 29 The
1119 4781 63 39 only

633 4828 77 38 place
723 4828 29 27 in
765 4830 74 24 town
853 4830 28 24 to
894 4834 115 29 procure
1017 4823 96 38 stylish
1129 4822 51 27 and

632 4867 161 40 up-to-date
814 4866 81 35 Hats,
910 4865 71 35 Ties,
994 4863 53 29 and
1071 4861 95 30 Gentle-

631 4908 89 28 men's
733 4907 178 29 Underwear.

628 5064 199 57 jyjILLERS
891 5062 96 29 FLAT
1044 5062 133 35 HOTEL,

790 5184 120 23 MILLEES
936 5183 77 22 FLAT.

668 5450 32 31 P.
723 5449 107 29 Laffey
889 5471 28 5 ...
977 5445 165 40 Proprietor.

636 5608 46 29 T/
691 5606 87 31 OZIE
792 5605 82 29 TEA.
913 5605 24 28 A
948 5603 171 39 stimulating
1127 5602 53 29 and

637 5643 25 21 •*-
727 5647 154 36 sustaining
894 5656 51 27 cup
958 5645 28 28 in
999 5654 120 19 summer
1127 5643 53 28 and

632 5690 106 29 winter.
776 5687 36 29 D.
828 5685 139 36 Cpkmack,
981 5685 103 38 Agent,
1105 5682 56 32 Rox-

629 5729 100 42 burgh.

1236 244 90 29 NEW
1359 247 179 33 SEASON'S
1571 251 141 30 GOODS!

1199 409 93 54 W.
1335 411 71 54 T.
1451 416 301 66 Talbojs,

1366 499 223 35 ROXBURGH.

1200 614 70 31 Now
1298 616 132 42 Showing
1449 631 16 17 a
1489 621 132 38 Splendid
1641 623 96 29 Assort-

1416 677 77 25 ment
1513 675 29 26 of

1246 740 100 36 New
1379 741 141 38 Goods
1539 745 7 34 !

1413 814 100 36 New
1545 814 141 39 Goods
1703 818 6 34 1

1377 883 137 30 Consistin
1518 896 20 12 or
1555 886 32 28 <)f

1518 912 16 10 n

1206 947 99 36 Prints,
1338 950 28 28 in
1398 950 112 29 Newest
1541 952 127 29 Patterns
1700 954 53 28 and

1279 989 230 40 Colourings—at
1522 992 36 28 od
1571 1002 49 28 per
1632 993 66 37 yard

1214 1040 53 30 Lot
1277 1043 29 27 of
1314 1044 132 37 Zephyrs,
1457 1044 161 36 Ginghams,
1628 1046 57 28 Sat.l
1692 1056 63 19 eons

1282 1082 164 40 Corduroys,
1478 1086 53 28 and
1574 1086 122 39 Crepons
1727 1087 27 28 in

1280 1124 112 29 Newest
1407 1125 112 29 Colours
1533 1126 52 27 and
1600 1127 119 37 Designs

1208 1174 138 32 Beautiful
1379 1176 39 30 lot
1448 1178 30 29 of
1509 1178 101 40 Fancy,
1637 1179 119 39 Striped,

1282 1218 54 28 and
1344 1218 116 38 Figured
1470 1220 114 29 Muslins
1593 1221 43 28 for
1646 1221 110 29 Blouses

1281 1259 108 28 —from
1404 1260 52 30 sid
1472 1272 47 26 per
1532 1261 65 37 yard

1357 1363 133 39 Splendid
1510 1366 38 28 lot
1574 1366 30 28 of

1208 1402 180 32 TRIMMED
1414 1405 99 30 HATS
1540 1406 22 29 k
1585 1406 171 29 BONNETS

1258 1445 26 27 in
1299 1444 112 29 Newest
1423 1446 103 37 Miapes
1540 1447 52 27 ju:d
1609 1447 98 37 Stylos.

1209 1496 37 28 To
1272 1496 34 28 be
1341 1497 105 29 cleared
1479 1503 27 22 at
1538 1498 94 28 lowest
1660 1500 95 36 prices.

1330 1599 119 28 DRESS
1484 1601 151 28 STUFFS.

1214 1642 22 28 \\
1246 1653 14 18 e
1274 1642 69 30 have
1356 1654 16 18 a
1385 1644 76 37 large
1473 1651 165 24 assortment
1662 1648 28 27 of
1710 1646 45 28 the

1198 1685 1 37 I
1225 1693 66 26 very
1305 1689 101 23 newest
1430 1685 91 29 Goods
1534 1687 26 27 in
1585 1688 85 27 Black
1684 1686 52 29 and

1264 1722 114 30 Colored
1392 1724 121 38 Lustres,
1526 1728 67 27 from
1612 1730 43 26 12s
1667 1729 34 28 Od

1409 1765 47 29 the
1470 1766 84 30 dress.

1210 1814 86 30 Black
1322 1816 53 28 and
1402 1816 81 40 Navy
1510 1821 108 38 Serges,
1648 1820 108 31 Sicilian

1393 1858 103 37 C'lotlis,
1526 1861 48 29 &c.

1244 1959 89 29 NhW
1366 1961 158 40 GLOVES,
1555 1964 167 30 RJBBOMS

1456 2024 54 20 AM)

1390 2066 190 31 YEiLIMJS.

1207 2166 197 31 TRIMMING
1420 2169 110 30 SILKS
1545 2171 80 30 AND
1638 2172 118 31 GIMPS

1345 2220 33 28 In
1399 2221 68 28 New
1491 2223 31 27 Pa
1528 2228 97 24 items.

1326 2314 67 28 Nice
1413 2317 174 28 Assortment
1608 2318 29 27 of

1253 2363 107 30 NEW
1407 2367 313 39 UMBRELLAS,

1306 2416 70 31 from
1392 2420 30 28 -k
1439 2421 26 28 11
1474 2421 16 29 d
1506 2426 27 25 to
1549 2422 47 30 lOs
1611 2423 44 29 Od.

1306 2514 75 29 FOR
1420 2517 229 33 CHRISTMAS.

1206 2566 25 28 A
1247 2566 39 28 lot
1300 2567 28 28 of
1341 2567 91 30 Men's
1444 2569 184 31 Tailor-made
1642 2572 75 29 Suits
1728 2573 29 28 of
1769 2566 2 36 !

1256 2608 170 39 exceptional
1440 2611 114 38 quality,
1568 2616 27 25 at
1610 2614 48 28 52s
1673 2613 45 29 CM.
1769 2606 2 43 j

1206 2658 67 30 Also
1286 2670 15 18 a
1320 2661 71 37 good
1405 2666 164 27 assortment
1583 2665 28 28 of
1629 2665 127 38 ordinary
1769 2658 3 45 |

1308 2701 98 29 Tweed
1422 2701 85 37 Suits,
1522 2704 70 29 from
1607 2706 56 28 2is.

1208 2809 117 31 MEN'S
1366 2811 203 40 CLOTHING,
1612 2815 145 37 SHIRTS,
1770 2804 2 59 j

1310 2863 131 38 PANTS,
1470 2866 182 39 SCARVES,

1364 2918 156 36 BRACES,
1541 2920 60 35 &c.,

1239 2966 38 27 At
1301 2966 91 29 Prices
1416 2972 26 23 to
1463 2968 64 38 defy
1548 2971 185 37 competition,
1771 2966 1 42 j

1209 3156 80 57 W.
1313 3159 57 55 T.
1407 3130 365 106 TALBOYsj

1343 3277 24 28 R
1379 3277 23 29 0
1413 3278 25 28 X
1449 3279 21 27 I]
1484 3280 25 29 U
1525 3281 17 26 }.'
1555 3281 21 27 (i
1590 3281 36 28 11.

1365 3464 25 27 X
1413 3466 23 25 0
1454 3465 22 27 T
1498 3465 13 27 I
1533 3464 20 29 c
1576 3465 30 30 K.

1222 3558 17 24 A
1259 3556 22 27 N
1298 3556 192 27 Extraordinary
1506 3558 113 27 M<'p'in«r
1632 3558 27 25 nf

1293 3594 96 27 liolHerjs
1408 3594 29 26 of
1454 3595 39 25 the
1526 3594 112 27 Pleasant
1666 3596 86 25 Valley

1365 3631 3 35 -
1382 3632 127 34 Company
1524 3631 48 26 will
1597 3632 28 25 lip
1651 3632 56 26 lipid
1730 3641 22 17 at

1204 3669 40 26 the
1270 3669 149 33 Company's
1444 3669 83 29 Office.
1552 3670 147 30 Roxburgh,
1723 3680 29 16 on

1204 3707 205 31 SATURDAY,
1443 3708 69 27 13tii
1545 3707 207 32 FEBRUARY,

1206 3745 72 31 1897,
1293 3752 24 19 at
1331 3746 15 26 8
1361 3745 90 27 o'clock
1465 3746 23 26 in
1505 3745 40 27 the
1558 3747 103 34 evening
1662 3745 3 36 -
1669 3745 4 36 .

1237 3794 211 29 Business—To
1470 3794 112 28 consider
1601 3796 40 26 the
1670 3795 69 27 Direo-

1306 3841 55 18 torv
1385 3834 47 25 and
1458 3834 180 28 Management
1663 3834 26 26 of
1712 3836 40 24 the

1305 3871 75 26 above
1392 3870 87 27 Claim.

1357 3918 192 27 HERCULES
1563 3918 143 26 MARTIN

1357 3956 118 28 JAMES
1488 3956 174 26 TAMBLYN

1357 3994 121 27 FRANC
1484 3994 54 26 fES
1557 3994 108 26 SETTK

1356 4031 92 27 .TANE
1472 4031 143 28 MARTIN

1357 4070 25 27 8.
1406 4069 25 26 E.
1452 4069 146 26 WALLEB

1357 4107 33 26 H.
1410 4107 25 26 J.
1461 4106 145 27 WALLEB

1356 4144 29 28 L.
1406 4146 30 25 A.
1458 4144 77 26 BOW
1541 4143 71 27 DEN

1355 4182 69 27 JAS.
1444 4180 174 28 M'KENZIE

1238 4231 147 36 Roxburgh,
1397 4231 114 35 January
1526 4231 68 31 20th,
1611 4231 73 26 1897.

1239 4299 172 28 BOROUGH
1439 4299 43 26 OF
1507 4298 211 26 HOXBUKGH.

1261 4379 92 21 EXTRA
1357 4379 35 19 OR
1397 4378 51 20 DIN*
1451 4378 37 20 AR
1491 4378 18 20 Y
1536 4378 37 19 VA
1578 4377 16 17 C
1597 4378 14 19 A
1616 4378 57 19 NCY

1345 4405 152 21 SOUTHERN
1517 4404 94 21 WARD.

1209 4471 163 51 pUBLIC
1406 4470 141 29 NOTICE
1584 4471 28 28 Is
1643 4470 112 36 Hereby

1291 4513 86 28 Given
1392 4512 60 29 that
1465 4512 46 27 the
1531 4511 176 29 Nomination
1728 4510 29 28 of

1209 4553 165 28 Candidates
1387 4552 43 26 for
1442 4551 115 27 election
1578 4555 28 21 to
1620 4552 47 25 tlic
1681 4550 76 26 office

1208 4592 29 27 of
1244 4590 154 29 Councillor
1409 4590 42 26 for
1461 4588 136 29 Southern
1606 4588 87 29 Ward
1702 4588 53 28 will

1209 4630 34 26 be
1256 4627 124 29 roceived
1394 4628 38 25 bv
1457 4636 44 17 me
1526 4637 36 25 up
1585 4632 28 21 to
1636 4637 69 17 noon
1721 4637 35 16 on

1210 4665 173 37 MONDAY,
1395 4666 46 29 Ist
1449 4665 218 37 FEBRUARY,
1678 4666 79 35 1807,

1210 4712 29 24 at
1270 4708 46 28 the
1348 4707 213 36 Council-room,
1593 4707 164 28 Athenaeum

1211 4747 141 39 Building.
1390 4746 28 28 If
1430 4755 153 25 necessary,
1603 4757 15 16 a
1632 4746 59 28 Poll
1705 4746 52 27 will

1210 4790 34 28 be
1258 4788 83 30 taken
1355 4799 34 18 on
1402 4786 190 37 TUESDAY,
1606 4787 53 29 9th
1672 4786 65 30 FEB-

1211 4829 141 35 RUARY,
1366 4828 80 29 1897.

1248 4868 85 30 Given
1356 4868 87 30 under
1469 4878 45 25 my
1535 4867 73 29 hand
1629 4867 54 29 this
1697 4868 61 28 21st

1211 4910 52 38 day
1277 4909 28 29 of
1317 4910 132 36 January,
1464 4908 79 29 lfc97.

1339 4957 118 29 JABEZ
1482 4955 166 35 BURTON,

1442 4996 157 38 Returning
1613 4995 107 30 Officer.

1235 5083 116 32 Certainly
1368 5085 41 24 the
1436 5083 54 23 best
1501 5082 116 24 medicine
1630 5082 86 22 known
1735 5081 20 23 is
1770 5081 1 34 I

1206 5122 89 24 Sander
1305 5123 18 24 Sl
1337 5123 60 23 Sons
1420 5120 127 31 Eucalypti
1557 5119 109 27 Extract,
1697 5119 59 23 Test

1205 5162 29 23 its
1246 5161 129 31 eminently
1388 5159 114 33 powerful
1520 5158 80 24 effects
1615 5158 23 24 in
1656 5156 96 31 coughs,
1769 5155 2 38 j

1205 5200 71 29 colds,
1284 5200 126 29 inflnenza;
1421 5200 39 25 the
1470 5196 72 26 relief
1550 5197 20 24 Is
1582 5198 170 24 instataneouf
1769 5196 2 35 J

1206 5238 26 24 In
1243 5239 89 24 serious
1344 5246 64 17 cases
1418 5237 45 24 and
1478 5236 118 24 accidents
1610 5237 24 21 of
1642 5236 29 22 all
1683 5235 71 23 kinds

1205 5276 27 26 be
1241 5278 57 31 they
1309 5276 105 31 wounds,
1424 5276 81 30 bums,
1518 5274 128 31 scaldingsi
1659 5272 80 32 sprain
1769 5266 2 43 J

1205 5315 17 24 it
1236 5316 18 23 is
1270 5315 40 24 the
1319 5315 72 25 safest
1414 5314 158 31 remedy—no
1585 5311 109 31 swelling
1702 5313 45 21 -in
1768 5310 3 41 j

1206 5356 176 25 inflammation.
1413 5354 59 25 Like
1484 5353 132 31 surprising
1631 5352 82 25 effeits
1725 5352 22 24 in
1769 5348 2 41 j

1205 5403 80 22 croup,
1313 5394 119 31 diptheria
1467 5392 129 24 bronchitis
1612 5390 135 24 inflammas
1769 5390 2 35 |

1207 5433 48 25 tion
1266 5433 24 24 of
1301 5432 41 25 the
1354 5432 75 31 lungs,
1441 5429 118 32 swellings
1573 5433 47 23 etc;
1633 5428 117 25 diarrhoea
1769 5428 2 42 j

1211 5473 120 30 dysentry,
1347 5471 110 25 deseases
1469 5469 28 25 of
1507 5469 100 30 kidneys
1619 5476 47 16 ana
1692 5466 61 24 urin-
1769 5466 2 37 i

1209 5522 40 22 ary
1260 5521 96 23 organs.
1388 5511 28 25 In
1429 5518 42 17 use
1483 5515 24 20 at
1523 5510 31 24 all
1567 5508 116 32 hospitals
1704 5508 45 24 and
1769 5508 2 36 )

1210 5554 100 24 medical
1323 5552 81 25 clinics
1416 5552 31 26 all
1459 5558 55 17 over
1526 5551 40 23 the
1578 5549 77 30 globe,
1670 5554 81 25 patron
1769 5549 2 30 1

1212 5593 48 24 ised
1273 5593 31 29 by
1316 5591 36 25 his
1370 5589 106 33 Majesty
1503 5589 40 25 the
1556 5586 65 31 King
1650 5588 23 23 of
1693 5588 60 30 Italy
1768 5584 3 38 j

1212 5631 107 26 crowDed
1338 5630 55 24 with
1404 5629 79 25 medal
1494 5628 47 24 and
1557 5626 103 30 diploma
1673 5631 20 19 at
1716 5628 37 22 the
1767 5626 3 31 j

1214 5663 173 26 International
1399 5661 139 24 Exhibition
1556 5663 24 20 at
1601 5660 152 24 Amsterdam
1766 5660 4 39 j

1210 5698 71 24 Trust
1297 5697 22 23 in
1337 5695 41 25 the
1393 5694 120 31 approved
1529 5691 83 26 article
1629 5691 45 26 and
1683 5692 70 32 reject
1765 5691 4 36 (

1209 5730 32 25 all
1252 5730 88 26 others.

1778 157 137 30 ROMAN
1940 158 190 30 CATHOLIC
2156 154 148 31 MISSION-

1968 239 168 22 ROXBURGH.

1780 278 44 25 HP
1831 277 46 26 HE
1892 279 146 27 Vincentian
2052 278 103 27 Fathers
2170 274 48 27 will
2232 283 62 25 open
2314 282 13 17 &

1860 315 106 30 Mission
1989 324 24 21 at
2038 317 35 28 St.
2099 314 94 36 Mary's
2218 310 109 33 Church,

1780 352 139 33 Roxburgh
1940 365 30 15 on
1990 353 156 31 -SUNDAY,
2167 352 55 25 7th
2246 348 60 27 FEB-

1783 387 136 36 RUARY,
1933 397 26 21 at
1971 392 30 27 11
2017 400 55 18 a.m.

1818 427 45 28 His
1886 427 129 39 Lordship,
2038 432 35 26 Dr
2091 426 108 31 Verdon,
2215 422 49 29 will
2285 421 28 30 ad-

1783 465 110 26 minister
1921 468 179 25 Confirmation
2133 474 29 15 on
2193 462 111 26 THURS-

1783 501 82 34 DAY,
1881 502 40 27 the
1937 505 8 24 1
1954 504 53 27 Ith
2022 498 207 33 FEBRUARY.

1943 590 124 22 MILLERS
2093 587 77 23 FLAT.

1816 625 68 26 Mass
1897 626 47 27 will
1957 628 27 26 be
1994 625 136 29 celebrated
2145 631 25 19 at
2182 623 40 26 the
2234 620 96 28 School-

1784 663 81 27 Inmse.
1878 664 95 26 Millers
1986 665 63 28 Flat,
2061 674 29 16 on
2107 660 157 33 SUNDAY,
2276 660 53 26 7th

1784 700 207 36 FERRQaRY,
2006 709 24 20 at
2044 702 28 26 11
2089 711 63 20 am,
2167 700 32 35 by
2213 699 41 26 the
2268 698 61 25 Rev.

1784 738 92 28 Father
1889 740 102 33 Coffey;
2012 740 47 26 and
2079 749 13 17 a
2115 739 104 27 Mission
2240 735 48 27 will
2304 735 28 26 be

1784 777 90 32 opened
1888 778 106 26 thwnn
2008 776 137 28 FRIDAY
2161 773 171 31 EVENING,

1785 814 39 25 the
1840 814 59 27 12th
1914 813 206 33 FEBRUARY,
2138 813 98 33 closing
2247 820 31 17 on
2293 810 40 26 the

1785 851 126 36 following
1931 854 101 34 Sunday
2047 854 53 33 (the
2116 851 79 34 14th),
2210 850 71 26 when
2296 848 37 26 his

1787 888 125 36 Lordship,
1928 891 37 26 Dr
1987 890 110 33 Verdon,
2121 888 48 28 will
2190 886 143 28 administer

1783 927 184 29 Confirmation.

2003 967 30 28 P.
2055 964 170 35 O'LEARY,

2200 1011 100 26 Rector.
