4240 5860
93 180 78 23 *nore
192 175 145 38 popularly
358 175 98 36 called,
478 179 77 37 edug
576 178 55 28 and

93 214 133 36 cooking,
245 215 134 40 although
399 227 28 18 m
449 219 113 33 c-rdiarv
585 230 47 18 use

226 266 28 18 or
276 255 75 30 them
379 267 49 20 are
454 261 177 38 appropriated

96 297 45 26 for
166 296 88 29 either
284 305 129 30 purport.
452 300 64 29 The,
547 302 82 37 again

96 336 95 38 apples
228 348 47 18 are
312 337 102 31 kiwv.vn
451 352 32 18 as
520 353 14 17 u
540 353 94 24 miner,

95 384 125 28 autumn,
246 379 55 28 and
324 380 98 29 Writer
449 384 136 37 acceding
606 391 28 20 to

94 415 49 29 the
157 418 94 37 period
263 423 28 25 at
301 419 90 31 wliicii
402 422 66 38 they
477 422 72 38 ripei.
578 425 56 28 The

93 457 111 30 earliest
216 460 66 29 with
297 473 31 17 us
347 467 50 25 3«<e
409 464 85 37 ready
508 464 28 28 in
545 466 70 28 Janu-

92 507 58 27 ary,
161 499 81 31 whale
264 502 46 28 the
334 496 85 36 latest
439 504 76 37 hang
540 516 22 18 *n
588 507 46 27 the

90 544 73 23 trees
178 542 68 28 until
256 542 47 30 t&e
319 543 144 38 following
484 545 148 31 Decanber.

131 579 55 29 lire
204 583 127 30 varieties
354 595 48 17 are
427 586 106 28 classed
556 588 78 27 mder

86 617 49 30 the
145 619 120 42 heading
275 624 29 29 of
313 625 49 29 the
370 624 128 31 different
511 627 47 28 lati
566 628 66 28 udes

87 661 84 29 —the
185 662 102 40 degree
298 666 33 28 t-i?
345 666 62 28 heat
420 666 55 29 and
494 668 62 27 cold
571 668 61 28 best

84 702 94 28 suited
191 708 30 24 to
235 706 84 34 them,
332 706 55 28 and
402 707 88 27 which
517 708 36 30 by
567 718 47 25 pro-

84 739 132 34 fessional
228 744 115 31 orchard
348 746 48 29 ists
415 746 27 29 in
465 746 102 29 Britain
576 746 53 29 and

87 786 22 22 A
115 793 23 16 rn
142 786 72 27 erica
218 797 23 17 is
250 793 93 30 pretty
352 789 141 35 generally
500 788 126 27 followed,

89 821 55 29 ihe
154 829 72 23 sorts
248 826 91 28 suited
360 826 43 27 for
429 826 131 27 Scotland
574 826 53 27 and

86 862 112 32 Canada
210 877 46 19 are
269 867 76 39 (}uite
357 866 126 29 different
507 871 27 24 to
559 864 69 31 tlose

83 902 121 41 adapted
229 913 27 22 to
280 908 46 27 the
352 907 97 28 milder
472 906 118 29 climate*
600 906 34 28 of,

84 942 130 40 feugl&nd
232 947 54 27 and
307 947 47 27 the
380 946 137 27 .Southern
543 947 86 27 States

82 983 31 28 of
128 986 131 35 America,
273 985 55 29 and
348 986 21 27 it
392 984 49 29 has
466 984 68 28 been
550 986 77 30 .often

82 1026 101 35 proved
199 1026 60 28 that
271 1026 46 28 the
338 1025 80 28 kinds
439 1024 87 29 which
553 1036 72 26 grow

80 1069 64 24 <*est-
174 1066 28 28 in
228 1066 127 28 America
374 1066 35 27 do
443 1069 48 23 not
517 1065 111 28 succeed

79 1106 97 26 Yiearlv
189 1115 30 19 so
240 1106 59 28 well
322 1106 26 28 in
377 1104 137 39 Kngland.
554 1105 74 28 Take

82 1144 46 28 the
285 1145 95 38 Pippin
402 1146 43 27 for
468 1144 162 37 example—

77 1194 39 18 an
129 1185 44 27 old
199 1185 146 29 American
369 1184 90 38 apple,
484 1184 45 27 the
557 1188 71 24 most

80 1224 143 28 attractive
248 1224 102 30 offered
379 1235 34 17 on
442 1224 45 28 the
513 1222 114 29 London

80 1264 115 35 tnarket,
209 1265 54 28 and
278 1265 86 27 which
379 1265 76 27 when
471 1264 26 27 in
524 1264 89 37 perfec-

80 1305 66 34 tion)
160 1315 30 17 as
197 1304 217 39 acknowledged
427 1305 35 36 by
473 1307 155 34 competent

79 1343 112 36 .judges,
214 1349 103 23 cannot
349 1344 34 27 be
408 1343 154 38 surpassed.
603 1343 25 27 It

80 1383 66 27 does
171 1388 50 22 not
244 1383 115 27 succeed
385 1381 26 28 in
444 1383 47 26 the
515 1382 114 34 English

80 1422 119 34 climate,
233 1421 57 29 like
327 1426 72 24 most
436 1422 30 28 of
498 1420 45 27 the
571 1420 58 27 best

82 1463 167 28 Americans.
289 1462 76 28 Even
380 1462 65 28 with
464 1460 47 29 the
524 1464 90 34 protec-

80 1504 58 28 tion
147 1503 29 28 of
184 1515 15 16 a
208 1503 59 28 wall
279 1503 54 28 and
342 1503 26 27 in
381 1503 48 27 the
437 1506 71 24 most
520 1502 94 27 favour-

79 1543 62 27 able
154 1543 140 34 situation,
319 1543 20 27 ic
362 1543 65 27 does
450 1545 48 24 not
523 1550 107 27 possess

80 1584 62 29 that
167 1583 148 40 peculiarly
341 1583 58 30 rich
425 1592 92 20 aroma
541 1580 89 30 which

79 1626 196 27 characterises
289 1626 46 26 the
349 1624 136 38 imported
498 1623 75 27 fruit..

117 1664 33 28 In
165 1664 67 30 New
246 1663 120 31 Zealand
381 1675 39 17 we
434 1664 69 28 have
513 1663 118 37 nothing

80 1704 55 30 like
149 1705 46 29 the
209 1716 73 18 same
310 1705 115 29 number
446 1704 29 30 of
494 1703 135 35 Varieties,

78 1747 56 27 and
155 1752 45 23 too
225 1748 76 27 often
328 1746 22 28 it
371 1746 22 28 is
416 1746 47 28 the
485 1755 61 19 case
572 1744 60 28 that

79 1791 73 23 trees
171 1797 45 17 are
235 1792 62 22 sent
319 1792 48 22 out
390 1786 37 38 by
453 1795 176 28 nurserymen

79 1828 67 29 with
159 1838 93 19 names
265 1826 130 31 attached
412 1833 27 24 to
454 1826 88 30 which
566 1826 64 38 they

78 1880 46 18 are
138 1874 48 24 not
199 1869 125 35 entitled)
343 1870 81 28 much
448 1874 27 23 to
501 1868 47 28 the
576 1868 41 28 dis-

76 1914 70 34 'gust
159 1910 29 27 of
202 1910 45 28 the
270 1910 176 37 fruitgrower
468 1919 29 17 as
520 1908 59 29 well
601 1919 29 16 as

79 1957 29 22 to
146 1950 43 28 his
228 1950 63 29 loss.
349 1949 66 30 This
454 1949 176 28 unfortunate

78 1990 198 29 circumstance
310 1991 64 27 does
408 1994 58 31 not,
493 1990 134 33 however,

79 2033 90 28 lessen
184 2032 46 28 the
243 2031 135 37 necessity
393 2031 43 29 for
451 2031 118 37 keepiug
585 2030 45 28 the

80 2072 127 28 varieties
221 2071 114 29 distinct
348 2071 28 28 in
386 2071 158 38 gathering,
556 2073 55 25 how-

80 2122 65 18 ever
178 2111 78 28 small
279 2111 46 29 the
351 2111 126 39 quantity
503 2120 62 28 may
587 2110 42 35 be,

80 2152 51 29 but
143 2152 92 29 rather
248 2152 47 29 the
310 2160 114 21 reverse.
465 2151 26 28 If
505 2152 46 27 the
566 2151 61 28 best

79 2195 88 35 prices
192 2204 46 17 are
265 2200 29 22 to
320 2194 33 27 be
383 2192 129 29 obtained
538 2192 54 29 and
615 2204 15 16 a

79 2235 97 36 steady
190 2232 118 29 demand
323 2233 65 37 kept
404 2243 44 27 up,
472 2233 54 27 and
547 2233 20 26 if
583 2232 45 27 the

78 2274 69 28 truit
160 2273 75 30 trade
245 2272 22 31 is
282 2278 28 25 to
324 2283 122 29 prosper,
466 2283 29 18 as
522 2272 71 39 rigid
615 2284 15 16 a

79 2314 58 27 rule
150 2319 73 22 must
235 2315 33 26 be
281 2314 119 27 adhered
413 2320 26 21 to
465 2313 26 27 in
516 2314 55 26 this
598 2323 29 16 as

79 2355 29 26 in
130 2362 54 30 any
208 2353 78 29 other
310 2352 135 39 industry.
485 2352 57 29 The
568 2352 60 29 best

80 2392 88 39 goods
181 2399 49 33 get
247 2395 46 29 the
316 2395 60 28 best
399 2395 82 37 price,
505 2393 54 30 and
583 2393 46 30 the

79 2434 128 30 quickest
220 2435 54 26 and
289 2443 71 20 most
374 2435 95 37 steady
491 2435 65 28 sale.

118 2475 33 28 In
166 2475 147 38 gathering
324 2475 46 28 the
385 2475 66 29 fruit
470 2486 82 27 every
575 2479 57 25 sort

79 2515 99 28 should
192 2516 31 27 be
233 2516 131 37 carefully
386 2516 93 37 pulled
494 2517 93 28 before
611 2515 21 30 it

80 2556 50 28 lias
138 2555 111 29 become
259 2555 70 29 dead
340 2556 66 37 ripe.
451 2554 27 31 It
490 2556 48 29 will
555 2555 76 39 ripen

80 2606 30 18 v.s
122 2595 61 29 well
198 2595 27 29 in
240 2596 46 29 the
300 2595 84 30 house
398 2607 29 18 as
449 2607 34 18 on
499 2597 47 29 the
567 2602 65 30 tree,

80 2636 54 29 and
148 2647 16 18 a
176 2642 78 32 great
269 2647 80 27 many
364 2637 71 29 risks
449 2649 45 17 are
507 2637 123 29 avoided.

80 2678 28 27 It
121 2677 97 29 should
233 2679 33 27 be
280 2678 93 37 pulled
395 2679 78 28 when
498 2679 60 38 dry,
579 2679 53 28 and

78 2717 73 28 after
170 2717 77 38 lying
274 2729 16 15 a
315 2719 52 26 few
400 2718 68 37 days
500 2726 26 20 to
553 2719 77 27 allow

79 2757 74 28 what
181 2767 23 18 is
229 2757 142 38 generally
406 2758 100 29 known
531 2769 29 18 as
587 2759 45 28 the

78 2800 86 27 t>\veat
176 2801 28 25 to
218 2807 63 29 pass
295 2798 46 35 off,
357 2798 108 39 packed
478 2799 57 30 into
559 2798 53 30 suit-

79 2838 62 29 able
155 2848 85 20 cases.
281 2838 26 29 If
322 2839 45 29 the
376 2840 95 38 apples
484 2852 44 18 are
541 2845 48 25 not
603 2841 29 29 of

80 2879 46 28 the
161 2888 73 19 more
265 2880 154 37 perishable
453 2881 90 36 kinds,
566 2882 64 37 they

76 2929 63 28 may
154 2919 34 28 be
202 2919 66 39 kept
284 2920 42 28 for
346 2920 91 29 weeks
458 2922 26 27 in
506 2932 75 18 cases
602 2922 27 28 in

75 2969 17 18 a
105 2959 67 35 cool,
193 2959 51 38 dry
270 2960 87 38 place,
381 2966 47 23 not
458 2963 120 36 exposed
600 2966 29 24 to

77 2999 135 37 draughts
226 2999 29 28 of
268 3000 82 35 wind,
366 3001 69 27 until
449 3002 47 27 the
510 3002 117 28 suitable

78 3038 68 29 time
165 3047 90 21 comes
280 3040 42 28 for
344 3041 164 39 inarketiug.
549 3042 39 28 As
613 3051 16 19 a

77 3079 68 33 rule,
160 3079 133 35 however,
306 3081 22 26 it
341 3081 22 27 is
386 3082 61 26 best
469 3086 27 22 to
522 3081 106 29 market

77 3128 29 19 as
121 3128 65 19 soon
197 3129 29 19 as
239 3119 66 38 they
318 3130 46 18 are
384 3120 121 39 ripened,
520 3118 78 32 when
611 3131 16 19 a

75 3159 52 27 fair
146 3159 78 28 value
244 3169 50 18 cau
316 3161 35 27 be
373 3161 138 35 obtained,
535 3162 93 28 rather

73 3199 70 28 than
155 3203 50 34 put
218 3202 35 26 oft
267 3199 28 29 in
308 3201 48 28 the
378 3200 70 39 hope
468 3202 30 28 of
516 3202 111 39 getting

75 3249 16 18 a
104 3239 99 38 bigger
215 3240 97 37 figure,
339 3251 30 18 as
392 3241 233 38 disappointment

72 3280 25 28 is
122 3288 74 20 more
225 3281 156 38 frequently
415 3282 46 28 the
486 3282 85 29 result
597 3282 28 30 of

75 3319 80 37 delay
193 3321 65 27 than
284 3331 117 19 success.
453 3322 26 28 If
504 3322 22 28 it
536 3323 23 28 is
582 3323 28 27 in-

73 3359 103 29 tended
190 3363 27 25 to
231 3361 69 38 keep
314 3362 45 28 the
381 3361 94 39 apples
497 3362 41 28 till
561 3363 60 29 well

73 3410 37 18 on
142 3401 29 27 in
202 3401 47 29 the
273 3411 74 29 year,
374 3402 65 39 they
465 3403 98 29 should
590 3404 34 28 be

73 3441 101 30 turned
206 3453 64 19 over
308 3443 70 29 from
410 3455 51 18 one
500 3455 61 19 case
594 3441 40 36 to!

73 3483 116 27 another
202 3489 28 22 at
243 3484 46 26 the
303 3485 52 27 end
369 3484 29 28 of
411 3496 16 16 a
448 3487 52 26 few
524 3486 100 35 weeks,
633 3478 1 43 I

74 3521 55 29 and
153 3532 54 27 any
233 3523 123 39 showing
383 3524 76 37 signs
484 3525 29 29 of
539 3525 83 37 decay
633 3521 1 41 ;

75 3563 137 28 removed.
253 3563 26 27 If
293 3575 15 16 a
321 3564 51 37 dry
386 3564 52 28 loft
452 3565 21 28 is
496 3570 28 24 at
550 3576 71 18 com-
633 3563 1 38 ;

73 3602 84 29 maud
171 3604 47 28 the
231 3603 67 29 fruit
310 3604 80 28 could
414 3605 35 29 be
471 3606 89 29 better
581 3611 42 23 at-
633 3597 1 50 j

72 3643 105 29 tended
190 3649 28 23 to
232 3644 22 28 if
266 3644 98 39 spread
379 3649 56 32 out,
451 3646 49 28 but
514 3658 29 18 as
566 3646 55 30 this
633 3643 1 40 !

72 3684 23 28 is
110 3684 103 28 seldom
237 3686 45 26 the
305 3693 69 26 Case,
401 3687 123 39 packing
547 3688 74 28 them
633 3684 1 42 j

73 3733 77 27 away
160 3724 28 28 in
204 3724 86 30 boxes
301 3725 22 29 is
346 3726 49 28 the
421 3727 59 29 best
505 3728 63 38 plan
593 3731 30 26 to
633 3724 1 42 ;

75 3764 96 36 adopt.

110 3804 91 29 There
225 3804 22 28 is
273 3816 50 19 one
355 3804 81 31 other'
455 3808 78 39 point
556 3821 49 19 con-

74 3847 97 28 nected
186 3846 65 28 with
271 3846 119 41 sending
403 3853 30 23 to
443 3858 53 21 infai
497 3858 6 10 v
504 3851 46 30 ket
562 3852 59 30 that

74 3887 98 27 should
186 3891 48 23 not
249 3887 32 26 be
294 3887 124 36 omitted,
442 3891 54 27 and
517 3890 59 30 that
598 3895 24 27 is

73 3925 48 29 the
136 3926 66 28 kind
216 3927 29 28 of
264 3927 55 28 box
339 3937 30 18 or
396 3938 61 20 case
482 3939 26 21 m
535 3932 85 30 which

73 3967 66 38 they
174 3976 46 19 are
254 3968 115 37 packed,
415 3969 87 32 These
524 3973 97 30 should

72 4007 101 38 always
188 4008 33 27 be
235 4008 118 29 uniform
367 4010 26 27 in
404 4010 63 35 size,
480 4014 55 28 and
545 4015 77 27 made

73 4055 29 20 to
116 4047 64 28 hold
193 4047 85 29 about
291 4059 15 17 a
319 4048 106 37 bushel,
435 4050 43 29 for
489 4053 133 40 although

72 4087 68 28 fruit
153 4087 23 28 is
189 4091 48 24 not
249 4099 59 18 now
321 4089 58 29 sold
395 4090 27 28 in
446 4091 125 33 Duuediu
586 4096 37 31 by

73 4136 136 27 measure,
220 4127 50 30 bat
284 4130 36 37 by
333 4130 111 39 weight,
465 4133 46 29 the
527 4136 96 29 bushel

71 4169 25 27 is
110 4169 46 28 the
169 4168 56 29 size
237 4174 72 24 most
322 4170 116 30 suitable
458 4174 52 28 aud
525 4186 80 28 gener-

72 4209 55 38 ally
138 4209 27 29 in
188 4219 57 20 rase.
284 4209 75 40 They
385 4212 97 32 should
508 4217 56 30 also
590 4219 34 28 be

75 4249 78 28 made
167 4250 28 27 of
209 4250 47 28 the
269 4250 114 37 lightest
403 4253 164 40 description
595 4259 30 28 of

75 4290 186 35 timber—£in
274 4291 81 29 white
369 4293 63 38 pine
444 4295 22 28 is
480 4297 84 28 a>bowt
578 4299 46 28 the

77 4331 69 35 best,
160 4331 54 28 and
228 4331 21 27 it
262 4331 22 28 is
298 4336 48 24 not
360 4331 122 33 material
503 4338 121 30 whether

75 4371 65 36 they
155 4381 45 18 are
216 4371 78 27 made
319 4374 168 35 open—that
499 4384 32 28 rs,
556 4379 67 28 with

76 4410 46 29 oin
135 4410 98 39 pieces,
247 4422 30 18 or
291 4412 80 30 close.
411 4414 41 30 On
466 4416 47 31 the
513 4410 4 46 1
526 4416 99 40 whole,

73 4452 48 27 the
134 4452 72 28 close
220 4462 65 18 ones
297 4463 45 18 are
357 4455 160 37 preferable,
531 4470 29 17 as
574 4461 47 28 the

74 4492 67 28 fruit
155 4491 23 29 is
190 4493 89 28 better
291 4496 151 36 protected,
464 4496 55 31 and'
544 4498 81 32 there

73 4534 23 27 is
110 4532 69 30 little
193 4533 144 29 difference
347 4536 27 28 in
395 4539 111 39 weight.
550 4543 69 28 Kach

75 4583 62 20 case
167 4574 98 28 should
296 4575 69 30 have
385 4578 36 28 its
440 4585 105 26 correct
564 4586 58 25 tare

72 4613 114 29 marked
197 4625 34 17 on
244 4615 22 27 it
279 4616 67 27 with
360 4618 46 26 the
419 4619 101 29 initials
534 4622 28 27 of
576 4623 46 26 the

73 4661 117 26 grower,
204 4662 29 16 so
247 4653 60 24 that
327 4654 76 26 when
416 4659 120 33 emptied
558 4659 65 35 they

74 4689 80 30 could
167 4690 33 29 be
211 4689 85 38 safely
307 4693 139 30 returned.
475 4695 58 30 The
545 4697 79 30 mode

71 4731 32 28 cf
137 4731 89 35 tilling
261 4730 57 28 into
353 4734 79 27 sacks
467 4737 157 35 previously

73 4770 122 29 referred
209 4777 29 21 to
258 4769 97 30 should
369 4783 33 17 on
414 4784 35 18 no
460 4780 116 24 account
588 4777 35 28 be

72 4810 158 38 permitted,
249 4819 30 18 as
306 4811 47 27 the
379 4813 67 28 fruit
468 4816 23 27 is
515 4817 109 36 greatly

72 4849 109 40 injured
192 4850 27 27 in
230 4849 126 39 shifting,
366 4852 36 37 by
416 4854 46 29 the
473 4856 152 38 squeezing

72 4891 48 29 the
142 4891 105 28 bottom
272 4899 66 19 ones
360 4894 113 37 receive,
497 4896 53 29 and
576 4897 47 29 the

70 4931 84 28 sacks
167 4941 47 17 are
228 4931 79 28 much
323 4931 53 29 less
385 4936 162 28 convenient
557 4937 64 28 than

70 4981 77 19 cases
158 4971 27 28 in
200 4970 114 35 making
333 4972 79 29 sales.
452 4975 58 29 The
534 4976 73 30 Cana-

65 5011 69 26 dian
146 5011 53 26 and
214 5011 146 27 American
381 5013 68 28 fruit
474 5016 22 26 is
519 5020 50 33 put
595 5017 28 26 in

70 5051 74 40 light
157 5050 51 41 dry
228 5049 93 38 casks,
344 5051 104 33 similar
468 5054 26 30 in
519 5056 55 31 size
596 5060 28 27 to

72 5094 78 28 those
162 5093 28 28 in
205 5093 88 28 which
307 5104 84 29 sugar
400 5096 21 28 is
431 5107 61 18 now
505 5099 120 37 brought

71 5134 70 29 from
156 5133 69 29 New
241 5132 90 32 York.
369 5134 59 32 The
440 5138 68 28 fruit
522 5138 23 29 is
564 5139 59 28 sold

73 5176 37 37 by
124 5175 45 29 the
183 5174 89 29 barrel
286 5174 27 29 in
324 5176 47 29 the
384 5178 146 30 wholesale
553 5190 54 19 mar-

72 5215 59 35 ket,
145 5214 65 29 each
225 5225 51 18 one
291 5216 160 38 containing
474 5220 85 28 about
579 5220 46 28 the

158 5256 126 39 quantity
296 5257 55 29 and
362 5260 111 38 weight.

110 5303 89 28 These
223 5304 53 28 few
301 5306 127 28 remarks
453 5308 109 28 contain
586 5307 26 28 al-

74 5348 71 24 most
155 5343 37 29 all
205 5353 143 30 necessary
360 5350 28 25 to
402 5348 33 28 he
449 5348 58 29 said
521 5359 35 18 on
571 5348 54 28 this

73 5384 80 35 head,
166 5383 54 28 and
239 5395 31 17 as
290 5386 65 35 they
380 5398 46 19 are
449 5388 96 39 simple
571 5388 54 28 and

72 5424 85 37 easily
178 5424 179 39 understood,
376 5429 119 39 nothing
517 5428 108 29 further

68 5464 75 30 need
158 5464 34 28 be
205 5465 58 27 said
274 5471 100 35 except
396 5470 81 34 again
502 5473 28 25 to
556 5479 69 29 urge

72 5515 35 17 on
119 5514 121 27 growers
253 5506 45 28 the
314 5509 139 38 necessity
474 5510 31 28 of
526 5510 83 37 adopt-

68 5546 54 37 ing
145 5543 49 29 the
217 5544 62 30 best
305 5548 125 29 methods
455 5550 29 29 of
510 5549 115 39 getting

70 5585 75 29 their
157 5584 73 28 hand
244 5584 38 36 in,
294 5597 30 18 as
338 5588 78 29 there
428 5590 24 29 is
465 5601 36 18 no
525 5590 100 37 telling

68 5626 94 28 where
187 5635 16 17 a
225 5624 117 31 demand
369 5639 62 28 may
453 5630 71 29 arise
543 5630 45 29 for
608 5640 17 18 a

70 5666 111 37 foreign
202 5666 117 36 market,
338 5668 55 28 and
416 5669 34 28 all
472 5670 152 31 interested

68 5705 103 31 *honld
209 5705 35 29 be
275 5708 134 39 prepared
444 5709 44 30 for
518 5711 68 31 such
608 5721 17 20 a

679 177 164 52 Granting
860 177 39 41 of
921 174 114 44 Water
1062 174 129 53 Rights.

706 290 53 21 I3fl*
891 290 14 21 S
912 287 145 22 I'aTEMENT
1073 287 35 20 liY
1125 285 58 22 THE

877 324 133 21 WAKiJEX.

701 410 39 25 At
754 408 45 26 the
813 406 99 34 sitting
933 405 29 28 of
983 405 46 27 the
1051 403 69 29 local-

663 448 81 29 den's
756 448 128 29 Court.on
897 445 110 38 Friday,
1019 445 42 27 Mr
1074 441 141 39 M'Carthy

653 490 91 28 made
769 500 35 17 an
828 490 148 35 important
997 488 218 25 announcement

665 531 112 27 relative
800 534 27 24 to
854 530 46 26 the
925 525 135 40 granting
1080 525 30 27 of
1136 529 79 22 water

665 572 87 32 rights
768 581 25 17 in
807 568 162 30 connection
990 567 65 27 with
1070 565 45 28 the
1128 565 73 36 appli-

662 610 90 28 cation
785 610 28 28 of
837 607 74 29 John
942 606 125 37 Hopkins
1093 605 42 26 for
1165 604 48 26 100

663 651 84 27 heads
764 651 30 27 of
815 657 83 19 water*
909 648 71 26 from
995 647 46 26 the
1058 643 155 29 Pomahaki

661 690 93 34 River,
780 690 54 27 and
859 689 30 27 of
916 685 109 29 Patrick
1046 683 94 29 Liffev
1159 683 54 27 and

660 731 92 27 others
762 730 87 27 t'or-OO
865 727 81 28 heads
960 729 68 24 trom
1046 725 46 26 the
1107 723 103 26 Teviot.

668 779 6 19 i
685 772 32 28 he
729 768 119 32 Warden
858 767 57 29 said
927 761 4 41 :
1027 763 110 39 dealing
1148 761 64 30 with

658 820 54 25 any
726 810 179 35 applications
928 808 42 25 for
990 807 78 34 large
1080 815 76 16 areas
1170 805 43 24 for

657 848 129 32 .^ites'f'V:'
811 845 155 33 reservoirs,
994 845 54 26 and
1075 844 42 25 for
1137 841 75 38 large

653 874 152 52 fpilntrties
831 887 28 28 of
884 892 92 26 water,
1004 885 33 27 lie
1061 882 89 29 would
1183 892 26 17 m

656 930 92 26 future
774 928 79 27 deem
879 926 21 27 it
930 934 145 26 necessary
1103 923 26 26 in
1164 922 45 27 the

656 967 92 38 public
774 967 129 26 interests
927 968 27 23 to
978 963 132 35 carefully
1134 971 60 17 scru-

657 1008 79 28 tinise
748 1007 67 28 each
828 1003 176 40 application,
1028 1003 55 27 and
1108 1009 27 20 to
1159 1000 33 28 im-

657 1058 63 28 pose
734 1047 67 28 such
815 1045 154 29 conditions
992 1053 29 17 as
1044 1042 89 28 would
1148 1052 45 26 pre-

658 1095 64 20 vent
735 1097 53 26 any
802 1089 96 34 grants
912 1085 61 26 that
988 1083 88 37 might
1088 1083 32 26 be
1131 1082 79 27 made

658 1129 68 27 from
743 1127 83 36 being
839 1123 149 30 converted
1011 1123 58 28 into
1091 1122 101 27 burden-

657 1177 74 17 some
741 1165 177 38 monopolies.
954 1164 43 27 He
1012 1163 89 27 would
1111 1172 98 17 ensure

660 1208 59 27 that
733 1207 45 26 the
792 1207 128 26 interests
931 1204 29 27 of
974 1204 45 26 the
1032 1202 97 36 colony
1142 1211 69 17 were

658 1340 118 41 Teviot
794 1338 62 41 and
885 1337 192 41 Alexandra
1100 1336 90 40 Fruit-

813 1407 155 36 growers
999 1395 57 38 Co.

699 1502 23 28 A
737 1499 101 40 special
863 1499 122 39 ireeting
1006 1499 29 30 of
1060 1499 45 30 the
1128 1499 87 30 above

661 1551 135 28 company
808 1551 55 17 was
870 1540 64 28 held
948 1547 27 20 at
988 1541 44 26 the
1048 1541 165 27 Athenaeum

661 1582 66 29 Hall
744 1592 35 19 on
794 1580 121 36 MoTiday
930 1579 128 37 evening.
1102 1579 113 30 Present

663 1626 80 25 —Mr
760 1623 109 28 Manuel
887 1623 37 35 (in
940 1623 45 26 the
997 1623 97 35 chair),
1113 1623 101 27 Messrs

661 1663 113 35 Pennel,
802 1661 128 36 Watson,
965 1661 105 35 Harris,
1098 1661 114 34 Moodie,

661 1704 91 35 Toms,
768 1704 144 32 Bennetts,
928 1702 142 38 Campbell
1090 1702 53 28 and
1168 1701 46 29 the

661 1752 136 29 secretary
815 1744 56 36 (Mr
884 1741 26 31 J.
926 1742 155 38 Tamblyu.)

698 1786 56 27 The
771 1785 120 36 meeting
915 1793 53 18 was
991 1783 87 29 called
1101 1784 43 28 for
1168 1784 45 27 the

661 1836 117 30 purpose
801 1826 26 28 ot
852 1823 177 41 considering
1052 1824 160 30 threatened

662 1868 70 39 legal
748 1867 181 39 proceedings
945 1866 64 28 uitli
1026 1866 97 39 regard
1145 1871 27 24 to
1197 1877 15 17 a

661 1908 98 38 supply
774 1910 29 25 of
816 1918 76 18 cases
905 1907 87 27 which
1005 1906 52 28 had
1071 1908 66 26 been
1150 1917 46 26 pro-

661 1949 82 29 cured
776 1948 44 28 for
851 1948 53 28 this
929 1946 89 38 year's
1041 1947 76 28 fruit.
1157 1946 58 41 Tlkj

661 1994 136 32 secretary
826 1988 63 28 read
911 1988 46 27 the
980 1987 234 38 correspondence

663 2030 122 29 received
801 2040 32 18 on
847 2030 46 28 the
903 2027 117 39 subject,
1030 2029 55 27 and
1096 2027 56 29 also
1168 2028 45 28 the

665 2071 101 28 minute
780 2069 129 29 recorded
931 2074 28 22 at
972 2079 16 16 a
1011 2069 119 37 meeting
1153 2069 61 27 held

661 2122 35 18 oil
707 2111 45 28 the
764 2111 48 28 Gth
825 2111 28 26 of
861 2108 66 37 July
943 2108 51 28 last
1004 2108 194 37 year,instruct-

660 2152 50 39 ing
727 2152 41 27 Mr
783 2150 87 36 Jiorie,
889 2150 47 28 the
956 2148 159 38 company's
1130 2155 83 32 agent

660 2197 27 26 at
701 2193 46 28 the
762 2192 65 29 time
842 2197 28 22 to
884 2189 135 39 purchase
1039 2190 82 35 o,UOO
1136 2200 76 19 cases

660 2238 28 23 at
811 2232 57 27 The
893 2231 81 28 order
1001 2240 53 18 was
1075 2231 134 28 executed

661 2274 37 38 by
712 2271 114 41 Captain
843 2270 90 39 Laing
946 2275 27 23 to
995 2270 47 29 the
1065 2274 96 25 extent
1179 2270 36 29 -of

660 2316 70 26 3lGo
745 2323 74 18 cases
841 2312 55 27 and
916 2313 46 25 the
986 2320 135 27 company
1150 2322 60 17 now

661 2353 109 30 refused
784 2352 131 38 delivery,
929 2360 30 18 as
974 2350 33 28 7d
1021 2360 49 28 per
1083 2360 62 19 case
1159 2360 52 19 was

661 2393 162 32 demanded.

698 2439 32 25 Jn
766 2446 15 17 a
816 2432 218 31 conversational
1060 2433 151 31 discussion

663 2476 85 29 which
763 2475 113 35 ensued,
890 2475 21 28 it
934 2474 134 38 appeared
1086 2475 60 28 that
1171 2475 43 29 Mr

662 2517 79 30 Lorie
755 2516 52 28 had
817 2515 112 28 advised
945 2516 45 27 the
1004 2524 136 29 company
1152 2517 59 27 that

663 2560 32 26 he
708 2557 80 28 could
809 2561 47 33 get
882 2555 94 35 10,000
998 2565 75 18 cases
1096 2562 28 22 at
1148 2555 65 35 13id,

661 2598 54 29 and
727 2607 35 19 on
778 2597 41 28 his
841 2595 95 28 advice
958 2594 66 38 they
1051 2594 52 30 bad
1130 2596 81 39 given

663 2640 45 28 the
722 2638 88 29 order.
851 2636 57 29 The
921 2635 111 39 general
1051 2637 113 38 opinion
1185 2640 29 28 of

663 2680 134 29 members
821 2677 29 30 of
871 2676 46 30 the
943 2686 134 29 company
1104 2689 54 19 was
1183 2685 28 25 to

662 2722 46 28 the
722 2720 78 27 effect
816 2719 57 26 that
888 2719 46 26 the
948 2723 77 23 extra
1041 2718 101 37 charge
1159 2732 52 18 was

661 2772 33 17 an
710 2759 165 39 imposition,
896 2757 54 29 and
978 2756 59 31 that
1065 2759 45 29 the
1136 2762 75 37 price

661 2811 59 20 now
733 2797 152 32 demanded
899 2799 114 37 '7d)was
1024 2800 185 33 exhorbitant.

703 2840 167 39 Ultimately,
886 2840 21 29 it
921 2850 54 19 was
988 2840 115 32 decided
1117 2855 33 18 on
1166 2846 47 28 the

661 2885 103 28 motion
799 2881 29 29 of
867 2881 103 29 Messrs
1002 2882 134 32 Bennetts
1157 2886 53 28 and

663 2923 122 35 Pennell,
800 2922 60 28 that
873 2922 46 28 the
933 2931 61 19 case
1011 2924 35 28 be
1067 2924 144 36 defended,

659 2966 53 27 and
726 2965 59 27 that
799 2963 46 27 the
858 2966 137 33 secretary
1009 2971 29 22 at
1058 2976 68 17 once
1148 2976 47 27 pro-

658 3005 66 28 ceed
737 3008 28 24 to
780 3002 129 28 Dunedin
922 3006 28 23 to
959 3004 66 28 take
1038 3005 103 33 action,
1154 3006 55 27 and

663 3047 28 27 to
702 3047 50 36 put
765 3042 46 30 the
825 3051 61 19 case
899 3041 28 29 in
941 3041 46 29 the
1001 3044 88 29 hands
1112 3044 29 30 of
1165 3044 45 30 Mr

658 3086 108 32 Fraser,
779 3084 47 26 the
839 3086 156 35 company's
1006 3086 129 28 solicitor.

696 3124 65 30 This
776 3121 150 31 concluded
940 3124 48 28 the
1007 3124 136 38 business,
1155 3125 54 29 and

656 3166 47 28 the
717 3164 123 36 meeting
853 3162 162 38 adjourned.

855 3257 146 46 Cricket.

689 3358 56 30 The
759 3358 198 30 match—Coal
978 3358 89 30 Creek
1087 3370 27 18 v.
1129 3359 57 29 Rox-

652 3400 219 36 burgh—which
898 3410 55 18 was
980 3400 73 29 fixed
1085 3398 44 31 for
1154 3400 52 29 last

653 3440 144 40 Saturday,
818 3440 48 30 did
887 3445 48 26 not
957 3440 65 31 take
1046 3440 85 40 place,
1158 3442 45 29 the

653 3482 62 27 Coal
739 3482 88 28 Creek
851 3492 62 18 men
940 3487 48 23 not
1014 3483 117 36 turning
1158 3494 46 26 up.

651 3519 96 31 Teams
780 3531 70 19 were
882 3522 101 38 picked
1018 3532 36 28 up
1089 3532 35 18 on
1157 3523 47 27 the

650 3562 116 38 ground,
776 3562 145 38 captained
931 3563 37 36 by
981 3563 100 28 Messrs
1096 3562 108 29 Manuel

650 3603 53 28 and
755 3602 145 35 iuchester,
914 3602 53 28 aixl
992 3614 16 16 a
1032 3603 94 28 match
1148 3613 56 18 was

651 3643 107 39 played;
772 3643 46 28 the
832 3653 90 19 scares
935 3643 85 39 being
1031 3654 29 18 as
1075 3643 131 29 follow—-

806 3700 148 29 Manuel's
973 3702 73 25 Side.

840 3748 37 24 Ist
899 3746 116 37 Innings.

718 3786 32 24 A.
766 3784 135 26 Robertson
915 3805 26 5 ...
1051 3806 26 5 ...

719 3824 30 25 A.
765 3820 93 35 Yuuii£
914 3842 26 5 ...
1052 3843 26 6 ...
1118 3824 17 24 $

719 3862 31 26 G.
764 3860 111 26 Orinoird
914 3881 26 4 ...
1051 3882 26 5 ...
1103 3862 31 26 1«>

722 3901 29 22 A.
767 3897 101 25 Manuel
914 3917 27 5 ...
1053 3917 26 5 ...
1118 3899 17 22 0

720 3934 86 26 MovIH
914 3955 26 5 ...
1053 3955 26 4 ...
1119 3936 17 22 0

722 3971 101 30 Clifford
914 3994 26 5 ...
1053 3993 26 5 ...
1124 3974 6 25 1

790 4011 66 35 Byes
917 4033 26 5 ...
1054 4030 26 5 ...
1119 4008 17 29 2

824 4087 72 28 Total
1101 4084 34 29 24

837 4137 49 28 2nd
908 4137 114 32 Inning:?,

727 4184 89 24 loung
917 4197 26 6 ...
1054 4198 26 6 ...
1119 4177 16 23 0

724 4214 136 28 Robertson
917 4236 26 6 ...
1053 4237 27 5 ...
1103 4213 33 29 27

721 4252 108 26 Ortnond
917 4272 27 5 ...
1054 4273 26 5 ...
1105 4254 27 24 11

720 4288 102 27 Manuel
917 4310 26 5 ...
1054 4311 27 5 ...
1105 4290 33 26 ltf

722 4326 84 27 Movie
1119 4327 16 26 3

721 4364 102 28 Clifford
917 4384 26 5 ...
1054 4386 27 5 ...
1119 4366 17 23 0

791 4402 65 38 Byes
917 4425 28 5 ...
1054 4422 27 6 ...
1119 4403 17 25 3

823 4478 73 28 Total
1103 4478 32 26 02

766 4527 221 30 Winchester'S
1008 4529 80 26 SIDE.

846 4575 37 25 Ist
899 4573 115 34 Inning?-

722 4612 101 26 Roonpy
916 4630 26 5 ...
1054 4630 25 4 •••

722 4645 89 26 Hihon
917 4666 26 4 ...
1054 4665 27 5 ...
1119 4644 18 24 ft

723 4680 95 26 Howell
918 4700 27 6 ...
1054 4699 26 6 ...
1119 4680 18 24 0

724 4718 155 27 Winchester
918 4739 26 5 ...
1054 4738 27 5 ...
1105 4717 31 26 14

720 4755 123 26 Tiirnbull
917 4776 26 6 ...
1054 4774 27 5 ...
1121 4755 14 24 2

723 4793 77 33 Craig
918 4813 26 6 ...
1054 4811 27 5 ...
1120 4792 16 22 0

791 4830 66 26 Bves
918 4849 26 5 ...
1054 4850 27 5 ...
1119 4835 16 18 o

822 4903 71 28 Total
1102 4903 33 27 24

842 4953 50 28 2nd
907 4953 114 37 Innings.

726 4992 85 26 Hilton
920 5013 26 5 ...
1056 5013 26 6 ...
1107 4989 30 27 10

722 5029 105 24 Roanev
917 5048 26 6 ...
1054 5048 27 5 ...
1119 5028 16 21 •*>

722 5065 101 29 Hovrelt
918 5088 29 6 ...
1055 5088 27 6 ...
1122 5064 12 28 1

722 5105 121 27 Twmbnll
917 5126 26 5 ...
1053 5126 27 6 ...
1119 5103 16 27 3

724 5142 76 34 Craig
920 5164 27 6 ...
1056 5164 26 5 ...
1121 5141 17 25 3

724 5180 158 28 Wiachegter
920 5203 28 6 ...
1057 5202 27 5 ...
1122 5179 15 28 7

794 5218 65 35 Byes
919 5239 26 5 ...
1056 5238 27 6 ...
1122 5217 15 24 4

824 5293 72 26 Total
1105 5293 31 25 42

692 5341 138 31 Manuel's
853 5341 58 30 side
933 5342 64 29 thus
1023 5351 59 18 won
1109 5341 39 38 by
1171 5339 37 29 20

656 5394 76 23 rstts,
752 5383 43 28 for
820 5382 88 28 whom
934 5382 47 28 the
1008 5381 122 37 bowling
1152 5390 54 17 was

654 5423 72 30 dowe
751 5423 38 37 by
816 5421 131 35 Ormond,
967 5422 167 34 .Robertson,
1152 5420 54 29 and

654 5463 115 35 Morle,-
785 5462 81 28 while
887 5461 188 35 Winchester,
1098 5460 107 34 Hilton,

653 5504 55 29 and
718 5503 112 38 R'ooney
840 5502 107 29 bowled
958 5503 43 28 for
1009 5500 198 30 Winchester's

653 5544 67 29 side.

1411 169 237 44 Commercial.

1289 248 173 38 The.-Orago
1483 247 79 29 Fruit
1593 245 55 29 and
1683 243 122 29 Produce

1234 283 3 44 i
1253 290 123 37 Agqjicy,
1394 290 48 27 132
1461 288 123 28 Princess
1597 289 96 27 street,
1706 283 75 30 Duue-

1234 324 1 43 j
1335 330 113 37 (agents,
1478 329 44 29 for
1548 329 48 27 the
1622 327 97 28 Teviot
1747 324 56 29 and

1422 368 208 39 Fruitgrowers'
1650 368 150 37 Company,

1251 412 127 32 Limited)
1393 418 91 30 report)
1497 420 29 18 as
1543 410 105 27 follows
1665 419 5 16 :
1674 424 36 4 —■

1284 450 172 30 Fruit.—All
1469 454 68 24 sorts
1553 449 26 29 in
1599 448 77 30 short
1692 446 109 40 supply.

1234 488 1 42 |
1246 493 96 27 Tevioc
1356 493 128 37 apricot*.
1510 490 35 29 0,1
1569 499 27 19 to
1618 490 36 28 (M
1679 500 49 27 per
1751 488 27 28 lb
1792 499 8 23 ;

1234 528 1 42 1
1245 533 97 28 Teviot
1355 533 124 37 peaches,
1505 531 37 27 41
1566 535 27 23 to
1620 530 36 28 8d
1679 540 49 27 per
1752 528 28 28 lb
1791 541 8 22 ;

1245 574 98 36 plum-;,
1369 575 37 26 4d
1430 580 27 20 to
1493 573 16 27 5
1523 572 5 27 I
1552 581 49 27 per
1622 571 28 28 lb
1661 582 7 23 ,*
1693 570 106 28 Hobart

1243 614 128 31 cherries,
1390 614 6 25 I
1410 612 29 27 Id
1454 621 11 19 I
1477 610 4 38 >
1498 613 26 25 Is
1547 621 49 27 per
1621 611 27 27 lb
1662 622 5 20 ;
1690 610 109 28 Hobart

1243 654 129 35 apricots,
1388 652 44 28 Gd.
1474 651 177 34 Cucumbers,
1662 652 31 26 4s
1716 655 27 23 to
1769 650 28 27 7s

1244 702 48 27 per
1314 692 95 28 dozen.
1451 692 103 36 Gropes
1583 693 26 25 Is
1630 690 35 28 Gd
1686 701 49 27 per
1758 689 38 28 lb.

1247 735 131 23 Currants
1392 742 5 15 :
1420 731 60 27 lied
1494 730 54 28 2.M
1571 741 47 26 per
1632 731 26 26 lb
1674 742 7 21 ;
1704 729 91 33 black,

1241 771 54 37 2.fd
1310 778 27 23 to
1352 770 36 30 od
1402 781 49 27 per
1464 770 37 30 lb.
1542 769 188 40 Raspberries,
1748 768 44 30 sd.
1804 768 1 41 i

1244 812 138 32 liliabar.il,
1406 812 141 35 Jd.p-*rlb.
1591 813 124 25 Bananas
1739 812 55 32 2|d
1804 810 1 37 j

1241 856 26 22 to
1282 849 33 29 od
1327 859 49 29 per
1387 850 36 27 lb.
1464 849 118 29 Lemons
1592 860 5 16 :
1619 849 111 36 Italian,
1743 850 49 26 2Gs
1804 845 1 43 '

1240 897 27 22 to
1281 892 48 26 27s
1351 890 36 28 Gd
1408 901 49 26 per
1481 901 70 18 case.
1594 890 137 35 Walnuts,
1756 889 35 30 Gd

1239 935 27 23 to
1281 931 54 28 GM
1349 940 49 25 per
1418 931 38 27 lb.
1498 930 164 35 Coeoanuts,
1688 934 29 24 'Js
1743 941 48 27 per

1239 970 75 27 sack.

1273 1009 130 31 Produce.
1407 1026 35 3 —
1449 1009 143 29 Peninsula
1612 1013 135 35 potatoea,
1763 1010 29 28 8s
1804 1009 1 39 j

1239 1053 26 22 to
1287 1054 44 24 lUs
1345 1061 49 27 per
1415 1059 50 18 cwt
1479 1049 4 39 ;
1507 1054 128 31 Ounaru,
1660 1062 31 16 os
1712 1057 29 22 to
1763 1052 29 27 7s
1804 1049 1 39 i

1239 1097 48 28 per
1300 1099 60 19 cwt.
1402 1092 112 36 Apples,
1529 1102 31 16 os
1575 1097 27 21 to
1616 1095 31 23 ds
1661 1101 47 28 per
1721 1101 69 18 case,
1804 1092 1 37 j

1241 1131 66 28 Peas
1321 1131 31 27 4s
1373 1134 27 24 to
1418 1132 28 25 7s
1460 1140 48 29 per
1527 1139 62 19 cwt.
1630 1130 113 35 Onions,
1760 1130 30 29 9s
1804 1130 1 39 ;

1239 1182 49 27 per
1312 1175 62 23 cwt.
1415 1171 77 37 Eggs
1519 1172 24 26 in
1566 1171 73 35 good
1662 1171 128 33 demand;
1804 1171 1 38 ;

1243 1212 116 26 Butter:
1389 1210 96 34 Fresh,
1510 1210 36 28 4d
1570 1216 28 21 to
1626 1210 34 28 Gd
1683 1221 49 27 per
1745 1210 45 28 lb.
1804 1207 1 43 j

1240 1251 53 28 salt
1308 1252 119 37 (prime),
1443 1251 35 27 Gd
1498 1254 28 25 to
1543 1249 63 36 G|d.

1279 1290 214 38 Poultry.—We
1528 1291 48 27 sell
1612 1291 36 37 by
1681 1290 110 28 auction
1804 1290 1 44 j

1241 1341 81 28 every
1338 1332 100 35 Friday
1452 1332 128 36 morning
1589 1336 29 22 at
1632 1331 31 27 10
1676 1330 115 28 o'clock.
1804 1330 1 39 '

1242 1371 87 34 Hens,
1355 1372 30 27 2s
1412 1371 36 27 Gd
1471 1377 27 22 to
1526 1371 29 27 2s
1578 1370 37 29 8d
1645 1379 49 30 per
1716 1370 76 37 pair;

1244 1422 93 25 young
1351 1415 127 30 roosters,
1493 1414 31 25 4s
1540 1416 26 23 to
1588 1414 31 25 5s
1644 1421 49 24 per
1712 1410 78 37 pair;

1244 1450 96 35 ducks,
1352 1452 30 26 3s
1392 1455 28 23 to
1431 1452 31 26 4s
1472 1461 48 28 per
1528 1450 68 37 pair.
1636 1450 158 35 Horsehair,

1250 1494 24 25 Is
1363 1501 48 28 per
1424 1491 37 28 lb.
1502 1491 139 35 Beeswax,
1660 1493 25 25 Is
1714 1490 29 28 Id
1765 1494 29 24 to
1804 1482 1 47 !

1248 1535 27 23 Is
1292 1533 32 27 3d
1340 1543 49 26 per
1403 1532 38 27 lb.
1480 1532 108 37 Honey,
1603 1542 60 18 new
1672 1529 122 30 season's
1804 1525 1 44 !

1244 1571 151 36 extracted,
1409 1571 34 29 44
1458 1581 49 29 per
1521 1571 36 28 lb.

1281 1612 52 29 We
1347 1612 104 30 receive
1462 1612 207 36 consignments
1683 1610 29 31 of
1728 1610 66 31 fruit
1804 1610 1 40 j

1242 1652 55 28 and
1312 1653 69 27 farm
1396 1664 31 16 or
1439 1652 77 37 dairy
1530 1652 119 37 produce
1662 1663 54 26 any
1730 1652 62 38 day.
1804 1652 1 38 '

1243 1692 119 28 Keturns
1374 1693 115 27 weeklv.

1394 1782 68 40 The
1510 1783 131 40 Courts.

1355 1867 201 22 MAGISTRATE'S
1570 1866 103 23 COt'ilT.

1346 1908 114 35 Friday,
1476 1908 64 28 loth
1554 1908 136 30 January.

1318 1953 80 26 (Before
1408 1953 21 23 S.
1439 1954 23 20 E.
1472 1954 113 27 ll'Carthy,
1599 1955 53 24 E*i.,
1662 1955 61 25 S.M.)

1392 1998 94 20 CA'ITLE
1505 1999 33 19 AT
1557 1998 93 21 JAROK.

1281 2027 54 32 For
1350 2029 65 30 each
1429 2030 102 35 having
1545 2030 112 29 allowed
1672 2042 14 17 a
1700 2040 56 20 cow
1768 2034 28 25 to

1245 2071 34 27 be
1292 2076 28 23 at
1334 2071 75 35 large
1434 2075 28 23 at
1476 2071 105 28 Millers
1596 2067 60 32 Flat
1672 2071 28 29 S.
1716 2072 64 28 Cros-

1245 2121 58 25 son,
1328 2111 32 27 D.
1376 2110 163 38 Ballantyne
1564 2111 53 28 and
1644 2110 32 31 P.
1703 2110 93 39 Laffey

1245 2161 69 18 were
1334 2151 67 28 each
1422 2152 71 27 fined
1514 2152 43 27 10s
1572 2152 53 27 nnd
1640 2157 72 25 costs
1730 2153 64 35 (7s).

1282 2193 23 28 A
1333 2191 102 30 similar
1468 2192 100 35 charge
1601 2193 109 39 against
1736 2192 58 31 Mrs

1244 2230 166 31 M'Clelland
1436 2243 55 18 was
1523 2233 141 29 dismissed
1691 2244 35 18 on
1749 2234 46 28 the

1244 2272 61 38 plea
1319 2272 60 29 that
1393 2272 48 29 she
1463 2283 54 18 was
1533 2276 47 26 not
1594 2272 45 31 the
1662 2284 91 19 owner
1766 2273 29 30 of

1246 2313 43 28 the
1303 2313 108 32 animal,
1425 2324 50 17 nor
1488 2324 54 17 was
1557 2315 47 27 she
1614 2315 25 27 in
1651 2315 100 37 charge
1764 2315 29 28 of

1244 2353 47 27 her
1305 2351 150 30 husband's
1469 2353 78 35 farm,
1561 2353 48 28 her
1626 2364 48 18 son
1690 2353 105 30 Robert

1244 2394 84 38 being
1359 2393 27 30 in
1428 2393 202 39 charge.—His

1244 2435 143 29 cautioned
1401 2435 160 30 defendant.

1365 2482 172 24 Prohibition
1563 2486 110 22 orders.

1279 2515 74 31 Win.
1369 2519 68 27 Bain
1451 2518 110 38 applied
1575 2519 41 28 for
1636 2531 15 15 a
1670 2520 107 38 prohibi-

1243 2559 56 27 tion
1334 2559 80 27 order
1451 2559 109 36 against
1599 2559 118 31 Thomas
1758 2561 31 29 T.

1243 2598 277 29 Howell.—Granted

1278 2639 74 29 John
1366 2639 145 38 M'lntyre,
1535 2640 156 31 Horseshoe
1706 2642 86 35 Bend,

1241 2679 109 41 applied
1383 2679 44 31 for
1456 2692 16 18 a
1510 2682 166 38 prohibition
1712 2683 82 30 order

1240 2722 109 34 against
1375 2722 117 33 himself,
1521 2726 27 24 to
1575 2724 64 27 take
1664 2724 81 28 effect
1764 2727 28 25 at

1242 2760 104 29 Millers
1364 2760 242 32 Flat.—Granted.

1271 2810 122 21 VALIDITY
1407 2810 32 21 OF
1453 2810 177 22 CONDITIONAL
1650 2812 110 20 LICENSE

1432 2852 173 25 QUESTIONED.

1276 2884 73 29 John
1366 2884 157 29 Alexander
1536 2884 87 38 Boyd,
1637 2886 115 29 licensee
1763 2887 29 28 of

1240 2924 47 29 the
1315 2924 159 29 Goldfields'
1508 2924 93 36 Hotel,
1629 2926 161 37 Roxburgh,

1239 2976 54 17 was
1305 2965 118 36 charged
1439 2976 33 16 on
1495 2965 47 27 the
1566 2965 176 29 information
1762 2967 30 28 of

1240 3004 147 28 Constable
1414 3003 96 38 Fouliy
1536 3003 66 27 with
1628 3005 114 34 having,
1756 3016 34 18 on

1239 3044 46 29 the
1312 3047 40 26 Ist
1374 3044 133 38 January,
1525 3044 78 35 1897,
1618 3044 59 28 sold
1700 3045 89 39 liquor

1237 3089 66 25 —to
1317 3086 56 33 wit,
1387 3085 174 36 whisky—at
1573 3095 16 17 a
1609 3085 79 36 place
1702 3087 88 28 where

1237 3124 34 29 he
1285 3135 54 19 was
1354 3129 48 25 not
1414 3124 158 31 authorised
1588 3125 37 37 by
1635 3125 42 28 his
1690 3126 101 29 license

1238 3169 28 25 to
1277 3166 49 28 sell
1340 3166 47 29 the
1400 3180 82 22 same,
1498 3166 61 35 viz.,
1573 3166 47 30 the
1634 3176 157 20 racecourse

1237 3209 28 26 at
1278 3206 155 42 Roxburgh
1448 3210 74 29 East.

1274 3248 144 37 Inspector
1431 3250 92 36 Pardy
1535 3248 173 38 prosecuted.

1273 3287 46 30 Mr
1332 3288 124 41 Dalziell,
1468 3294 43 29 for
1521 3289 123 33 defence,
1655 3288 135 29 admitted

1236 3335 46 27 the
1296 3329 70 30 facts
1389 3334 53 28 and
1466 3330 140 43 produced
1630 3329 73 28 what
1728 3340 48 27 pur-

1235 3369 98 44 ported
1348 3373 28 29 to
1391 3375 36 28 be
1446 3386 16 17 a
1489 3368 166 37 additional
1681 3369 109 36 license,

1236 3411 117 39 grafted
1378 3417 39 36 by
1442 3416 46 29 Mr
1517 3410 114 34 Woods,
1659 3409 131 37 Tuapeka

1237 3456 109 37 County
1360 3457 156 31 Treasurer*
1530 3463 35 19 en
1581 3451 46 29 the
1640 3450 148 30 certificate

1235 3498 30 27 of
1277 3498 101 28 Messrs
1393 3498 121 28 Rawlins
1527 3493 53 28 and
1594 3492 130 35 Laidlaw,
1735 3496 54 24 two

1235 3536 136 30 members
1386 3538 29 28 of
1428 3538 46 29 the
1495 3532 130 39 Tuapeka
1639 3531 150 38 Licensing

1236 3578 173 31 Committee,
1442 3578 87 28 which
1564 3571 156 30 authorised
1745 3571 44 30 his

1234 3618 84 28 client
1331 3622 28 24 to
1373 3619 47 28 sell
1436 3619 89 38 liquor
1534 3617 29 25 at-
1574 3613 46 28 the
1630 3622 157 19 racecourse
1795 3613 1 48 j

1234 3669 33 18 on
1283 3658 69 29 New
1366 3660 94 28 Year's
1475 3660 70 28 Div-

1270 3699 146 37 Inspector
1449 3700 89 34 Pardy
1562 3692 136 30 admitted
1726 3692 61 28 that

1234 3738 47 29 the
1294 3739 130 37 Tuapeka
1439 3739 108 37 County
1564 3733 147 29 Treasurer
1731 3743 55 19 was

1233 3779 47 28 the
1293 3789 99 25 proper
1410 3781 92 28 officer
1524 3784 29 23 to
1579 3783 72 19 issue
1664 3784 15 17 a
1692 3773 78 29 condi-

1232 3819 83 27 tional
1329 3819 101 30 license
1444 3820 24 28 in
1493 3819 54 29 this
1569 3821 70 26 Case,
1661 3813 51 29 but
1736 3813 48 29 the

1233 3859 100 30 license
1359 3861 137 38 produced
1523 3872 41 17 wa
1566 3866 7 12 5
1573 3852 4 47 *
1683 3864 15 19 °
1701 3864 16 18 n
1738 3852 47 31 the

1232 3897 59 30 face
1305 3900 30 27 of
1346 3901 22 27 it
1381 3911 28 18 as
1423 3903 46 26 the
1483 3899 149 30 certificate
1645 3894 120 28 authoris-

1233 3939 48 36 ing
1294 3939 21 29 it
1329 3950 54 19 was
1397 3944 48 25 not
1457 3940 99 37 signed
1581 3936 38 36 by
1634 3934 45 28 the
1693 3933 73 29 chair-

1234 3991 61 18 man
1308 3991 30 18 as
1353 3981 56 29 well
1420 3993 29 17 as
1463 3983 46 28 the
1523 3985 53 25 two
1591 3974 145 36 members,
1751 3984 29 19 as

1232 4021 125 37 required
1390 4023 37 27 bv
1468 4023 101 27 section
1604 4017 35 27 20
1677 4015 28 29 of
1736 4015 46 28 the

1234 4060 139 29 Alcoholic
1406 4059 115 40 Liquors
1566 4056 63 33 Sale
1670 4054 113 30 Control

1235 4101 183 30 Amendment
1441 4104 61 33 Act,
1526 4103 80 27 1895.
1646 4096 82 28 After
1741 4105 28 19 re-

1232 4141 106 36 ferring
1363 4143 108 29 further
1495 4148 28 24 to
1556 4143 46 28 the
1635 4135 150 37 Licensing

1234 4181 67 29 Arts
1315 4183 32 28 he
1373 4184 58 32 (the
1458 4184 152 35 Inspector)
1641 4176 58 30 said
1724 4176 59 28 that

1235 4222 44 29 Mr
1292 4223 142 37 Hawkins,
1450 4225 62 29 S.M
1524 4249 7 12 ,
1545 4223 85 30 heard
1651 4229 16 18 a
1681 4216 102 31 similar

1233 4273 60 18 case
1319 4268 28 24 at
1371 4264 146 30 Lawrence
1540 4274 75 18 some
1639 4259 68 28 time
1731 4268 53 26 ago

1232 4303 54 29 and
1299 4303 145 31 dismissed
1458 4306 29 33 it,
1500 4305 79 29 while
1589 4303 45 29 Mr
1644 4298 120 29 Hutchin-

1232 4355 59 24 son,
1306 4343 70 31 S.M.
1392 4350 28 24 at
1445 4346 163 31 Masterton,
1634 4338 55 33 had
1710 4338 75 28 since

1233 4385 63 27 then
1312 4386 143 27 convicted
1475 4397 34 16 on
1535 4385 103 28 similar
1662 4378 122 38 grounds

1232 4424 54 29 and
1300 4425 122 38 imposed
1448 4426 88 37 heavy
1562 4425 77 28 fines.
1679 4418 44 29 He
1736 4417 48 29 did

1234 4469 47 24 not
1306 4470 83 33 quote
1413 4467 77 28 these
1516 4475 76 19 cases
1617 4468 38 30 to,
1676 4463 28 28 in
1730 4470 55 27 any

1233 4517 67 26 way,
1326 4506 134 30 influence
1491 4507 47 29 the
1567 4508 87 32 courf,
1681 4503 50 29 but
1756 4503 29 26 to

1232 4547 77 38 point
1321 4551 48 23 out
1382 4548 47 27 the
1442 4547 215 32 unsatisfactory
1670 4545 71 24 state
1754 4540 29 27 of

1233 4588 46 26 the
1305 4586 50 26 law
1379 4588 26 25 in
1432 4590 107 30 respect
1563 4589 29 23 to
1617 4578 165 33 conditional

1233 4623 122 29 licenses.
1398 4625 41 27 He
1460 4625 89 33 vight
1572 4626 70 26 state
1656 4622 61 28 that
1736 4618 47 28 the

1234 4667 109 32 present
1357 4673 61 16 case
1429 4674 54 15 was
1496 4663 124 36 brought
1632 4665 50 23 not
1694 4663 48 24 out
1756 4658 29 27 of

1233 4712 53 19 any
1309 4700 141 31 vexations
1471 4702 105 34 feeling
1602 4699 109 38 against
1736 4697 47 28 the

1234 4741 149 29 defendant
1399 4743 98 33 (whom
1510 4743 33 28 he
1555 4741 54 30 had
1622 4750 83 19 never
1719 4748 63 19 seen

1234 4781 68 29 until
1316 4781 34 29 lie
1363 4790 55 19 saw
1431 4781 56 30 him
1502 4783 25 27 in
1543 4784 77 27 court
1633 4780 60 28 that
1707 4779 76 35 day),

1233 4823 50 26 but
1296 4822 26 27 in
1337 4823 81 27 order
1431 4828 27 21 to
1484 4826 49 33 get.
1557 4823 42 27 his
1625 4818 160 38 Worship's

1233 4861 129 36 decision,
1375 4873 31 17 as
1419 4863 76 28 there
1521 4872 55 19 was
1601 4860 111 38 already
1736 4859 49 28 the

1234 4902 118 29 decision
1366 4903 29 28 of
1416 4913 52 19 one
1488 4903 160 33 magistrate
1673 4900 109 39 against

1233 4943 61 28 tlint
1306 4943 29 27 of
1347 4943 123 28 another.
1510 4944 33 27 In
1557 4952 62 19 case
1641 4941 28 28 of
1689 4951 16 17 a
1719 4951 50 18 con-

1234 4983 101 28 viction
1361 4983 34 29 he
1421 4983 90 29 would
1536 4983 50 29 a>k
1611 4982 44 29 for
1679 4980 64 39 only
1769 4991 16 18 a

1234 5023 118 26 nominal
1369 5023 122 36 penalty.

1271 5061 45 30 Mr
1329 5061 113 32 Dalziell
1456 5060 103 41 replied
1573 5064 27 27 at
1614 5059 96 39 length
1714 5083 11 13 r
1730 5058 55 31 and

1235 5108 73 25 went
1321 5104 98 36 deeply
1439 5105 57 29 into
1521 5105 47 28 the
1593 5103 51 28 law
1670 5102 116 39 bearing

1234 5154 34 19 on
1283 5144 48 29 the
1344 5145 116 38 subject,
1474 5144 136 37 referring
1623 5143 28 28 in
1664 5142 106 37 particu-

1235 5185 40 28 lar
1288 5188 27 26 to
1327 5186 117 29 sections
1459 5186 43 34 71,
1518 5183 32 31 72
1573 5183 54 31 and
1650 5183 38 31 73-
1698 5182 29 31 of
1739 5182 47 30 the

1235 5225 134 36 Licening
1383 5226 63 34 Act,
1462 5226 79 34 1881,
1556 5225 52 28 and
1630 5223 156 29 contended

1235 5266 60 28 that
1328 5266 45 30 the
1406 5265 166 30 conditional
1604 5264 103 30 license
1731 5273 56 20 was

1235 5307 73 27 valid
1321 5317 35 17 on
1370 5308 48 27 the
1428 5307 162 27 certificates
1599 5305 30 28 of
1637 5308 54 25 two
1702 5314 64 19 mem-

1235 5347 62 28 bers
1329 5347 117 29 without
1475 5346 47 29 the
1554 5345 149 30 chairman.
1742 5343 45 30 He

1235 5387 72 28 cited
1321 5387 47 29 the
1381 5387 119 29 decision
1511 5386 29 28 of
1553 5386 44 27 Mr
1610 5385 135 28 Hawkins
1759 5387 28 26 at

1235 5427 106 37 length,
1367 5427 55 29 and
1444 5427 58 29 said
1523 5426 61 28 that
1596 5425 57 29 this
1665 5423 122 30 decision

1234 5467 99 29 should
1355 5468 34 28 be
1413 5466 141 39 preferred
1573 5469 29 25 to
1627 5465 61 28 that
1700 5464 29 29 of
1743 5464 45 29 Mr

1235 5507 185 34 Hutchinson,
1435 5518 28 17 as
1484 5507 65 36 they
1575 5505 81 28 knew
1681 5504 36 29 all
1739 5503 48 29 the

1234 5547 71 29 facts
1319 5547 29 29 of
1360 5547 48 29 the
1420 5547 147 29 Lawrence
1580 5554 71 26 case,
1664 5543 55 29 and
1731 5543 56 29 had

1235 5588 47 28 the
1307 5587 189 39 magistrate's
1523 5585 121 29 decision
1669 5585 29 28 in
1724 5583 61 33 full,

1235 5628 121 28 whereas
1369 5628 66 36 they
1448 5627 48 27 did
1509 5629 48 25 not
1571 5625 83 29 know
1665 5625 61 29 that
1738 5624 48 29 the

1235 5667 155 29 Masterton
1402 5676 62 20 ease
1477 5675 54 20 was
1545 5668 29 27 at
1587 5665 36 29 all
1636 5664 103 31 similar
1756 5667 30 26 to

159 66 169 61 Friday,
352 78 170 50 January
540 81 66 43 22,
634 79 115 41 1837.

1770 69 201 40 MOUNT
2059 72 226 37 BEHGER
2371 70 153 39 MAIL,

1344 5762 99 27 (jContinu
1454 5757 13 22 <1
1481 5768 25 15 on
1521 5760 77 21 Fourth
1615 5760 50 27 Page

775 5633 123 37 greatest
917 5635 112 34 experts
1047 5629 87 29 admit
1146 5628 61 28 that

739 5672 87 29 Kozie
838 5671 56 28 Tea
912 5670 23 29 is
957 5671 38 38 by
1016 5671 47 28 far
1079 5670 47 28 the
1145 5668 62 29 best

654 5715 80 31 value
743 5710 166 33 obtainable.
929 5711 89 30 Johns
1028 5711 23 30 &
1058 5708 148 36 M'Combe,

656 5759 122 37 Agents,,
787 5753 104 31 MiUers
905 5752 74 34 Flat*

1840 226 178 54 j\/[ILLS,
2041 224 132 44 DIOK,
2200 224 36 37 &
2263 224 123 37 OO.'S

2081 284 69 30 1897

1856 339 190 31 ALMANAC
2067 347 54 20 and
2143 334 228 31 DIRECTORY;

2018 384 85 35 Price,
2121 384 28 28 Is
2164 382 44 29 (3d.

1836 468 91 39 Every
1952 467 40 29 Fa
1996 476 35 19 km
2036 476 39 25 ek,
2103 472 16 20 i'>
2123 464 18 43 11
2146 473 16 18 n
2168 473 12 17 e

2081 512 53 29 and
2162 511 133 27 Business
2320 509 66 28 Man

1910 568 105 30 Should
2042 567 119 28 Procure
2183 575 16 17 a
2227 563 84 38 Copy.

1861 647 58 29 Can
1947 647 34 28 be
2007 645 54 29 had
2087 644 70 27 from
2185 642 46 27 the
2256 640 84 29 under-

2012 683 157 30 mentioned
2171 698 35 4 —

1867 746 118 28 Mackay
2000 745 93 31 Bkos.,
2108 739 156 38 Roxburgh

1866 787 27 29 J.
1907 786 81 30 Noon
1990 795 45 25 an,
2051 784 33 30 Et
2089 782 70 30 trick

1865 827 91 25 Johns
1971 835 55 17 and
2041 825 146 31 MTcmbe,
2202 822 102 27 Millers
2318 822 62 27 Flat

1864 866 28 28 J.
1907 864 33 30 R.
1956 864 92 35 Kemp,
2064 861 67 30 Bald
2147 860 57 29 Hill
2218 859 61 29 Flat

1863 906 33 28 L.
1911 906 88 33 Ryan,
2013 905 72 34 Jnr.,
2101 901 159 31 Alexandra
2273 901 88 28 South

1863 946 33 28 B.
1910 945 123 34 Naylor,
2051 944 85 37 Clyde

1820 1104 134 26 BUILDER,
1968 1104 106 21 JOINER
2088 1103 61 19 AND
2170 1099 203 23 UNDERTAKER.

1915 1155 71 28 Ross
2007 1153 97 34 Place,
2125 1152 163 28 Lvwkenck.

1822 1251 123 29 PLANS
1960 1251 79 29 AND
2054 1248 317 31 SPECIFICATIONS

1964 1306 25 26 A
2011 1303 161 29 SPECIAL
2184 1300 50 29 iY.

1822 1394 153 37 Quantities
1990 1393 138 38 Prepared
2152 1393 54 26 and
2228 1391 148 27 E4timates

1849 1437 87 27 Given
1950 1435 43 28 for
2005 1434 34 27 all
2054 1434 101 27 classes
2168 1432 28 28 of
2214 1430 131 28 Madders'

2058 1473 98 28 Work.

1849 1624 198 24 WHITEHAVEN
2061 1624 112 23 STREET,
2187 1624 36 21 LA
2227 1621 126 24 WHENCE.

1827 1713 127 31 BOARD
1978 1712 82 29 AND
2089 1709 217 31 RESIDENCE
2328 1710 48 28 AT

1870 1764 255 31 REASONABLE
2146 1762 185 30 CHARGES.

1934 1854 96 30 MISALS
2050 1863 31 20 AT
2100 1861 48 21 ALL
2169 1853 103 29 HoUIW.

1843 1948 57 29 The
1915 1948 62 28 best
1992 1945 242 31 Accommodation
2256 1945 42 28 for
2312 1945 46 29 the

1964 1988 158 38 Travelling
2137 1987 104 28 Public.

1826 2077 100 28 GOOD
1942 2075 199 29 STABLING.
2182 2072 93 30 OATS
2295 2073 80 28 AND

1936 2115 127 30 CHAL<T°
2084 2113 50 29 ON
2161 2113 102 30 SALE.

1833 2190 272 58 |JERBERT
2153 2187 98 31 AND
2274 2176 23 72 C
2320 2176 24 72 0
2367 2176 19 72 J

2015 2258 168 22 LAWRENCE.

2385 2286 1 14 i

1980 2350 151 28 IMI'OKTEUS
2152 2357 31 22 Of

1823 2406 200 40 Ironmongery
2385 2406 1 40 ;

1908 2453 188 40 Agricultural
2120 2452 179 39 Implements

2082 2498 185 40 Agricultural
2288 2505 11 22 t
2308 2498 65 29 eeds

1994 2556 214 31 GKOCBUIES

1840 2614 97 31 TEAS
2050 2614 98 31 TEAS
2257 2612 99 32 TKAS
2385 2597 1 48 1

1824 2663 126 40 (Ceylon)
2042 2663 120 37 (Indian)
2251 2661 120 37 (China.)
2385 2661 1 42 !

1821 2830 280 31 WATCHMAKER
2120 2830 23 30 &
2157 2828 210 31 JEWELLBK
2385 2828 1 38 j

1912 2884 71 29 Ross
2002 2883 279 30 PiacLawkence.

1822 2976 139 35 Watches,
1981 2977 100 27 Clocks
2101 2976 54 27 and
2177 2975 144 36 Jewellery
2342 2974 29 29 of

1865 3015 35 27 all
1913 3015 183 39 descriptions
2108 3015 68 38 kept
2189 3015 27 27 in
2231 3015 95 28 6tock.

1837 3066 71 30 Nice
1922 3066 136 29 Selection
2072 3066 28 29 of
2119 3066 81 36 Gem,,
2210 3065 143 38 Wedding

1951 3113 55 21 auU
2020 3107 109 37 Keeper
2143 3107 96 35 Kings.

1819 3187 19 20 A
1851 3186 107 21 CBOKi-E
1978 3186 165 21 ASSGtt'BMKX
2150 3187 11 18 L'
2181 3186 39 20 OF
2235 3185 136 21 ARTICLES

1840 3219 140 21 SUITABLE
1990 3219 55 21 FOR
2057 3218 142 22 WJEDDIX&
2206 3217 148 22 FiiESKNTS.

1877 3287 155 39 Spectacles
2046 3292 28 24 to
2088 3287 62 28 Suit-
2162 3286 39 29 sli
2213 3286 80 39 Sight
2296 3297 25 17 3v

1840 3367 103 29 Watcii
1975 3376 55 20 and
2063 3367 92 30 Clock
2338 3375 19 19 a

2021 3415 159 22 bPECIALTV.

1820 3504 113 35 Kepatrs
1947 3513 30 17 or
1990 3502 101 28 Orders
2110 3502 70 27 from
2195 3502 45 27 the
2254 3508 115 21 c<mnf.:rv

1870 3542 35 37 by
1927 3546 62 34 post
2013 3542 53 28 will
2090 3542 104 28 receive
2216 3550 112 29 prompt

2021 3582 146 28 attention.

1818 3660 137 31 I\TANY
1977 3661 99 29 Ladies
2098 3661 135 38 complain
2249 3662 58 27 that
2324 3662 45 28 rlie

1913 3703 54 27 Tea
1981 3704 64 35 they
2060 3703 69 27 have
2141 3703 66 26 been
2223 3703 81 36 using
2320 3703 15 26 h
2346 3713 21 16 is

1815 3743 107 29 neithei'
1932 3743 127 37 strength
2073 3753 48 16 nor
2131 3742 16 27 tl
2158 3751 84 19 ivour.
2268 3743 22 26 if
2303 3747 64 22 r,iie\i

1815 3787 44 33 try
1873 3782 86 28 Ko/'ie
1973 3782 54 27 Tea
2040 3783 65 36 they
2121 3782 52 27 will
2189 3783 31 26 be
2234 3784 136 26 sitisii;iL

1813 3822 91 29 Jonxs
1922 3823 23 27 &
1964 3821 148 35 M'Co.Mii:-:,
2130 3824 116 32 Airenrs,
2265 3823 101 27 Alitiers

1816 3863 72 29 Flat.

1879 3976 121 22 MK-5.58
2030 3974 84 25 K!l>L>
2147 3976 65 21 A>')
2238 3982 5 11 <

1920 4033 108 30 Surgical
2046 4033 45 21 and
2115 4031 108 24 Meclv.iii
2241 4033 20 21 -d

2039 4068 92 20 Dentist
2138 4077 9 10 a

2010 4109 43 28 (13y
2084 4109 89 27 exm>.)

1822 4284 84 64 Mr
1927 4279 86 25 Xl£>f)
2038 4285 52 17 umo
2114 4278 42 23 hi'
2181 4278 44 22 h«fl
2252 4284 107 18 f'tr:»en

1924 4328 67 20 ytibra
2006 4324 134 24 «**j»nri«iic:
2163 4323 51 16 Willi
2239 4318 34 21 Vlr
2298 4320 16 19 d>

1815 4355 79 30 Myers
1921 4360 21 14 in
1950 4360 24 21 ty
2058 4350 125 23 consulted
2213 4355 19 15 *'
2266 4349 98 24 ller-ns

1815 4390 158 20 Uuiuiiercpil-
1985 4383 80 26 ftote!,
2083 4381 133 24 ltu*Dur\jh.
2229 4381 54 24 Jan.
2296 4383 34 27 '22
2330 4383 34 27 nd,

1813 4422 47 20 and
1877 4419 25 23 in
1916 4418 79 22 future
2004 4423 70 21 eveiy
2086 4415 77 22 fourth
2177 4412 89 32 Friday.

1847 4470 29 18 As
1901 4472 32 15 wi
1962 4468 63 17 tutor.
2036 4460 4 28 I
2067 4460 97 28 vis.ti-is
2175 4460 10 28 4
2196 4460 43 28 this
2270 4460 91 23 d'.vrcr

1814 4498 107 24 monthly
1933 4498 15 21 it
1962 4500 43 17 «iii
2099 4497 100 26 [ntieiits
2210 4493 39 21 the
2261 4499 27 14 cx
2301 4499 60 14 »cii«-

1813 4532 25 21 of
1851 4538 73 22 going
1978 4531 47 17 I-'"-*
2037 4541 12 11 ■.
2079 4534 12 14 a
2141 4533 26 15 a-t
2186 4532 31 16 we
2235 4531 112 19 ytlirtnl:

1830 4560 12 28 11
1857 4567 61 16 work
1936 4566 102 22 pnt'.i«:»i«
2052 4567 20 14 ui
2077 4567 25 21 >iy
2125 4560 46 27 rely
2194 4565 14 14 o
2219 4566 6 13 i

1814 4593 126 24 firsc-cla**
1953 4599 88 15 art'eie.

1842 4638 76 25 Teeih
1940 4643 81 18 e*trac
2024 4635 4 28 r
2032 4636 29 23 ed
2091 4635 47 23 and
2171 4643 41 18 rej>
2222 4643 41 14 *<■«
2272 4636 5 20 1
2308 4636 53 21 wirb

1814 4678 91 21 ttmpor
1913 4678 34 20 ay
1960 4676 37 16 art
2007 4668 60 23 ficial
2079 4676 57 14 otw
2152 4673 55 16 wto
2220 4677 13 12 n
2250 4672 24 17 4s
2289 4668 73 23 hoius

1843 4717 105 24 Painless
1960 4715 141 25 t*taretion<
2115 4715 56 23 with
2184 4714 50 23 Nitr
2245 4722 34 16 »ih
2289 4723 5 11 ••
2302 4715 60 24 Kide

1813 4751 47 23 Gas
1876 4751 116 23 Cocoaina
2009 4749 71 23 hither
2096 4756 26 15 or
2136 4748 161 23 CJaloiot>».*in.

1828 4795 116 31 Stopping
1952 4793 59 24 with
2020 4792 61 24 Gold
2093 4794 42 20 Am
2143 4791 73 30 ilgar?.
2228 4799 26 14 or
2263 4791 87 25 Ceaien

1842 4840 82 30 Single
1934 4839 77 23 Tooth
2026 4840 45 20 10*.
2089 4836 159 30 Se'seouily
2263 4838 81 22 n:oder-

1813 4880 55 18 ate..
1915 4873 185 26 Arr<fcni;emeuts
2117 4868 45 24 will
2176 4870 28 21 be
2220 4869 53 23 mid
2277 4878 11 14 a
2305 4870 55 22 with

1813 4908 65 22 those
1899 4905 52 22 who
1967 4911 86 16 cia-iot
2081 4910 45 23 piy
2152 4902 42 22 full
2216 4910 98 17 amount
2337 4907 24 19 at

1813 4948 64 15 once.
1922 4937 72 23 Teeth
2016 4938 68 21 ravie
2111 4936 30 28 by
2169 4934 67 23 other
2260 4938 102 22 dentists

1816 4973 98 29 proving:
1924 4970 182 28 un*i£isfact'jry
2115 4974 52 23 rniy
2179 4967 28 23 be
2216 4968 146 31 remodeljed

1815 5011 22 17 at
1849 5006 68 22 small
1928 5009 60 18 cost.

1867 5052 31 24 Ex
1903 5051 169 24 traction*—2i
2088 5050 39 23 Ci.
2160 5049 21 20 (J
2188 5056 20 14 is
2214 5050 51 23 —7s
2281 5050 42 22 6J?

1846 5215 145 27 Molloway'a
2024 5214 127 21 Ointment
2186 5211 46 23 and
2268 5212 96 23 Pilla.—

1818 5247 84 24 Whilst
1934 5247 40 23 the
2001 5246 148 22 inhabitants
2170 5242 24 23 of
2221 5251 41 16 .jut
2298 5252 64 22 great

1814 5281 67 24 cities
1905 5279 71 25 suffer
2007 5278 61 24 from
2093 5277 41 24 the
2156 5274 80 27 effects
2258 5277 26 22 of
2304 5285 57 17 over

1815 5314 123 27 crowding
1948 5311 46 25 and
2007 5311 31 23 all
2091 5309 126 25 attendant
2228 5310 68 24 evils,
2307 5311 56 23 both

1825 5346 106 31 physical
1945 5345 47 24 and
2005 5343 82 30 moral,
2099 5341 40 24 the
2152 5348 62 16 more
2233 5344 84 23 robust
2334 5351 30 15 an

1814 5379 120 28 energetic
1952 5381 119 26 emigrant
2090 5376 46 22 will
2153 5376 25 21 in
2202 5373 36 24 hi*
2267 5381 52 18 turn
2338 5378 26 21 be

1816 5411 60 24 iable
1888 5416 24 17 to
1927 5409 72 25 suffer
2011 5416 23 16 in
2050 5410 13 22 h
2075 5416 11 15 s
2100 5415 49 16 new
2167 5407 68 24 home
2249 5407 59 24 from
2323 5409 40 23 the

1817 5443 92 25 wantuf
1924 5444 72 28 ready
2009 5441 54 25 skill
2074 5442 47 23 and
2134 5440 40 24 the
2186 5445 66 21 great
2264 5441 99 24 medical

1815 5483 122 16 resources
1960 5475 28 24 of
2003 5476 36 22 his
2058 5474 79 24 native
2158 5472 55 23 laud
2231 5472 88 32 always
2341 5481 21 17 at

1814 5508 138 24 command.
1983 5507 51 24 The
2048 5506 52 25 beat
2112 5504 84 25 advice
2209 5512 12 15 a
2232 5506 77 23 friend
2322 5513 42 17 can

1814 5541 55 30 give
1887 5540 21 24 is
1920 5541 35 23 for
1965 5540 49 24 him
2026 5544 24 18 to
2064 5537 54 24 take
2135 5545 13 15 a
2162 5538 86 30 snppiy
2258 5538 26 23 of
2300 5539 65 23 these

1815 5574 51 24 well
1879 5572 88 25 known
1978 5571 114 25 remediei
2108 5577 25 17 as
2147 5572 51 27 part
2208 5569 24 23 of
2243 5570 37 24 his
2295 5570 70 24 outfit

1815 5605 36 25 for
1874 5605 33 32 by
1924 5605 116 26 attention
2077 5605 40 23 the
2127 5600 74 30 easily
2221 5602 144 26 understood

1814 5638 48 24 and
1875 5642 40 27 yet
1936 5640 80 27 ample
2038 5635 129 25 directions
2179 5633 75 26 which
2272 5642 78 17 accom-

1816 5678 61 23 pany
1889 5670 58 26 each
1962 5670 42 24 box
2019 5668 47 25 and
2080 5672 41 27 pot
2136 5666 30 24 he
2184 5665 47 24 will
2252 5674 73 18 never
2338 5669 27 22 be

1814 5708 25 20 at
1849 5703 63 25 fault
1937 5703 69 24 when
2027 5701 72 25 taken
2116 5699 25 25 ill
2163 5705 27 17 or
2214 5699 77 25 under
2317 5706 48 25 any

1815 5736 98 26 adverse
1929 5735 108 28 sanitary
2050 5731 137 28 conditions
2203 5731 26 26 o!
2242 5731 50 28 life,

2398 4404 25 51 J
2512 4402 48 36 H.
2623 4397 324 41 PEARSON,

2497 4466 67 19 ROSS
2578 4463 96 25 PLACE,
2688 4461 167 26 LAWRENCE,

2441 4506 263 35 CONTRACTOR,
2725 4504 179 36 BUILDER,

2648 4568 53 19 AND

2534 4610 275 32 undertaker.

2397 4687 145 27 Contracts
2556 4684 84 28 taken
2651 4685 44 27 for
2708 4682 137 29 Builders'
2865 4682 86 29 Work

2515 4725 28 29 of
2557 4734 81 28 every
2653 4722 176 40 description.

2458 4796 198 23 ESTIMATES
2687 4795 198 21 PREPARED.

2432 4858 25 27 A
2472 4854 196 30 well-assorted
2693 4853 88 29 Stock
2799 4853 30 28 oi
2849 4852 85 28 Furni-

2395 4901 60 24 ture
2468 4897 101 37 always
2581 4906 37 18 oil
2631 4893 86 30 haticL

2432 4937 134 28 Funerals
2575 4933 158 31 eoiidueted
2743 4934 28 28 in
2780 4932 38 30 all
2829 4936 76 35 parts
2919 4932 30 30 of

2395 4977 46 29 the
2468 4977 123 28 District.
2631 4975 105 28 Hearse
2762 4973 134 39 provided
2926 4972 22 29 if

2395 5017 135 38 required.

2395 5092 46 54 J>
2567 5091 56 40 W
2689 5089 20 42 I
2774 5088 38 41 H
2878 5087 37 42 H
2939 5120 11 14 ,

2395 5160 127 24 PAINTEK
2524 5178 7 8 r
2554 5159 130 26 GLAZIER,
2708 5158 92 21 PAPER
2820 5157 129 25 HANGER,

2469 5188 69 23 SIGN
2558 5187 115 22 WRITER
2695 5186 62 21 AWD
2779 5184 95 22 HOUSE

2583 5214 178 25 DECORATOR,

2487 5256 70 28 Ross
2578 5254 99 36 Place,
2697 5254 161 27 Lawrence.

2432 5338 42 28 On
2490 5336 62 30 Sale
2566 5346 15 18 a
2592 5336 75 38 large
2678 5336 55 27 and
2742 5334 93 30 varied
2845 5337 91 26 assort-

2395 5383 75 24 ment
2484 5378 28 28 of
2526 5377 68 35 Oils,
2609 5376 107 35 Paints,.
2736 5374 98 35 Scrim,,
2857 5374 90 36 Glass,

2396 5417 227 40 Paperhangings
2646 5416 55 28 and
2721 5414 135 30 Painters'
2876 5414 57 30 Sun-

2394 5459 87 29 dries,

2432 5499 68 28 New
2508 5498 55 29 and
2571 5496 172 30 fashionable
2750 5495 75 29 Wall
2835 5495 116 40 Papers,,

2395 5539 72 28 from
2479 5539 38 27 5d
2538 5548 50 27 per
2608 5538 75 37 piece
2707 5536 136 38 upwards.
2882 5538 51 26 Fat-

2394 5582 76 26 terns
2484 5583 62 24 sent
2559 5587 35 20 on
2615 5576 175 39 application,
2805 5580 64 34 post
2881 5574 70 31 free.

2432 5618 149 28 Estimates
2592 5617 84 39 given
2689 5617 43 29 for
2755 5616 118 30 General
2895 5616 38 29 Re-

2395 5658 83 38 pairs,

2432 5696 164 31 Celebrated
2610 5696 132 30 Lustruss
2761 5696 92 36 Paint,
2865 5695 84 39 ready

2395 5736 101 37 mixed,
2508 5736 37 30 all
2559 5736 113 31 Colours
2675 5759 11 8 r

2597 171 48 50 A
2679 163 197 58 VOTE
2914 165 96 56 OF
3048 162 326 59 THANKS,

2437 318 18 26 A
2476 315 21 28 T
2519 327 15 16 .■!,
2554 315 126 39 Meeting
2701 314 63 30 held
2784 315 122 38 recently
2926 313 30 30 of
2976 313 45 30 the
3036 310 186 43 Shopkeeper,
3238 311 117 36 Author,
3369 310 171 36 Advertiser,

2511 356 165 37 Proprietor,
2691 355 155 38 Employer,
2861 355 115 38 Draper,
2999 354 130 35 Clothier,
3144 354 146 37 Importer,
3304 353 155 33 Merchant,
3472 351 51 29 Per-

2403 392 2 41 ,
2418 406 48 18 .son
2481 397 54 28 and
2548 395 166 35 Individual,
2728 395 22 29 it
2763 406 55 18 was
2832 395 136 38 proposed
2982 395 36 37 by
3029 393 224 38 E.D.,-seconded
3264 394 35 37 by
3310 394 32 27 he
3354 392 118 36 himself,
3483 392 54 29 and

2419 436 188 35 unanimously
2621 435 104 29 Carried
2738 435 101 28 amidst
2856 444 92 19 silent
2966 444 141 26 applause,
3157 435 71 28 That
3240 445 17 17 a
3269 435 96 35 hearty
3379 433 157 37 expression

2401 473 3 41 ;
2416 477 29 28 of
2458 476 105 30 sincere
2577 476 102 28 thanks
2693 476 33 28 be
2739 475 134 29 accorded
2887 479 27 25 to
2928 475 76 36 each,
3018 475 35 29 all
3066 475 55 29 and
3143 484 135 29 everyone
3292 473 60 29 who
3365 484 30 18 so
3409 473 125 37 liberally

2401 513 3 42 |
2416 517 174 28 contributed
2604 522 28 23 to
2646 518 47 26 the
2705 516 132 39 booming
2851 527 107 17 success
2971 517 30 28 of
3023 517 47 27 the
3085 516 53 37 gift
3152 515 178 29 distribution
3340 515 60 36 just

2401 556 1 39 1
2418 557 110 36 (Gentle
2547 557 96 28 reader
2655 556 55 28 and
2723 556 139 30 esteemed
2874 560 108 35 patron,
3005 556 53 28 'Tis
3072 556 44 28 for
3128 557 75 37 you.)

2490 598 65 35 May
2570 598 13 26 I
2597 607 61 18 now
2672 597 106 28 trouble
2798 608 54 25 you
2873 603 29 23 to
2923 597 8 28 1
2943 598 43 27 >ok
3010 597 55 29 this
3086 608 60 26 way
3168 595 54 30 and
3245 599 64 25 note
3329 596 48 27 the
3398 595 118 38 promise
3529 595 4 39 :

2443 637 97 35 Value,
2556 637 104 38 variety
2674 637 54 27 and
2743 637 178 34 satisfaction,
2937 637 90 28 Yours
3038 649 8 22 ;
3067 637 160 38 Popularity
3246 635 55 29 and
3314 635 81 35 fame,
3410 635 108 28 MINE,

2641 730 61 39 it
2827 731 223 38 TiTi\yr
3064 729 52 40 A
3138 727 147 42 TtJT

2552 831 102 31 CASH
2676 833 163 34 DRAPER,
2861 833 202 34 CLOL'HIER,
3085 834 80 27 aND
3186 831 208 30 IMPORTER.

2787 884 71 29 Boss
2879 882 98 37 Place,
2998 882 163 30 Lawrence.

2524 1075 103 39 itfv

2499 1103 81 27 r&rft
2593 1099 17 31 J

2505 1164 2 34 ■
2629 1164 22 31 h
2684 1164 16 30 \

2479 1190 29 43 If'
2535 1191 5 41 [
2654 1214 10 18 3
2702 1197 14 33 \

2466 1439 13 26 '
2648 1439 3 53 4
2615 1478 10 11 :
2636 1454 9 37 I

2486 1493 42 39 m
2626 1489 19 45 i

2484 1673 61 33 m
2579 1672 58 34 m

2922 1077 142 29 TAILOR
3092 1075 83 30 AND
3203 1075 163 30 HATTER.

2797 1156 40 22 AM
2851 1156 160 25 acknowledged
3027 1158 21 20 to
3062 1155 25 22 be
3100 1155 73 22 second
3187 1158 22 18 to
3222 1162 52 14 none
3288 1155 31 21 for

2795 1217 138 28 STYLE!

2940 1257 190 37 QUALITY!

3111 1296 297 31 WORKMANSHIP

2931 1414 157 22 RESIDENTS
3114 1416 35 19 OF
3176 1414 187 21 ROXBURGH—

2757 1443 79 24 Kindly
2847 1442 112 19 remen.Ler
2975 1443 45 18 that
3029 1442 66 24 owing
3108 1444 22 17 to
3140 1448 33 18 my
3184 1442 98 19 immense
3292 1442 129 21 assottmpnt.
3432 1441 35 20 the
3476 1442 61 19 Show

2807 1470 19 19 iu
2837 1469 35 20 the
2884 1468 104 21 Windows
2998 1468 15 21 is
3024 1467 48 27 only
3081 1475 12 13 a
3103 1475 48 18 very
3161 1468 58 20 small
3231 1470 45 23 part
3282 1467 22 21 of
3314 1475 33 19 my
3358 1468 127 21 Exhibition.

2809 1537 110 26 Intending
2930 1537 116 21 Customers
3057 1536 41 21 will
3109 1536 40 21 find
3158 1536 46 21 that
3213 1537 10 20 I
3234 1536 51 22 have
3296 1536 59 22 made
3363 1536 34 22 the
3404 1536 64 22 inside
3474 1536 21 22 of
3501 1543 34 20 my

2757 1564 160 21 Establishment
2935 1565 107 25 especially
3061 1564 116 25 attractive,
3195 1564 40 21 and
3253 1564 102 21 earnestly
3370 1565 63 19 invite
3451 1571 41 19 you
3514 1567 21 17 to

2757 1598 9 13 s
2775 1595 66 16 mnter
2856 1591 88 25 through
2963 1592 34 19 the
3017 1592 79 19 various
3112 1591 146 26 Departments
3273 1592 39 19 and
3328 1592 82 25 luspeet
3419 1591 36 20 the
3464 1591 70 20 Latest

2757 1619 105 22 Fashions.

2792 1687 186 30 OPPOSITE
3000 1687 109 29 BANK
3131 1687 47 28 OF
3197 1687 91 28 NEW
3307 1687 190 36 ZEALAND,

3079 1727 160 30 Lawrence.

3138 1847 388 89 WOOL.

2554 2044 221 64 WOOL
2828 2047 282 58 SEASON
3163 2049 226 59 1896-7.

2406 2220 49 54 1'^
2460 2221 143 30 ALGETY
2604 2221 6 12 7
2630 2220 81 31 AND
2733 2219 197 37 COMPANY,
2949 2218 127 38 Limited,
3095 2220 58 39 beg
3171 2223 29 26 to
3219 2218 89 40 notify
3326 2218 202 40 Woolgrowers

2404 2298 54 31 and
2473 2298 124 31 Farmers
2611 2298 59 30 that
2685 2298 64 38 they
2763 2298 53 29 will
2831 2298 64 29 hold
2909 2298 71 28 then*
3000 2296 129 41 Opening
3143 2296 61 30 Sale
3218 2296 43 30 for
3274 2296 46 30 the
3334 2295 104 31 Season
3452 2307 34 19 on

2674 2376 51 28 Til
2731 2375 71 30 CHS
2806 2375 92 36 DAY,
2936 2376 70 27 17th
3044 2374 218 30 DECEMBER.

2476 2535 45 28 All
2537 2535 84 38 Clips,
2635 2535 94 27 howcY
2740 2545 19 12 'i-
2772 2544 39 17 sin
2823 2534 40 34 ill,
2876 2533 52 28 will
2943 2534 32 27 be
2990 2533 93 27 shown
3099 2537 27 24 to
3149 2533 61 28 best
3229 2532 165 39 advantage.
3434 2533 91 36 Every

2402 2574 38 28 lot
2460 2575 99 29 valued
2582 2576 73 36 prior
2675 2579 29 23 to
2724 2580 68 28 .sale,
2811 2574 54 27 and
2885 2583 106 19 owners
3011 2573 127 28 interests
3157 2572 68 38 fully
3241 2573 151 38 protected.
3446 2572 80 29 Wool

2403 2614 88 30 Packs
2504 2615 125 38 supplied
2642 2622 28 20 at
2684 2614 94 28 lowest
2792 2618 111 23 current
2916 2619 82 22 rates.

2477 2693 195 42 Specification
2684 2693 96 29 Fornvs
2791 2691 54 30 and
2862 2691 96 30 Libels
2973 2691 95 39 posted
3081 2702 36 19 on
3129 2691 176 40 application?.

2717 2848 122 30 Address
2858 2858 69 29 your
2947 2846 214 40 Coosiguisents
3181 2850 32 26 to

2802 3008 96 31 mm

2753 3117 30 27 J>
2817 3115 28 29 V
2882 3116 28 28 N
2947 3116 24 27 B
3010 3116 24 27 D
3073 3116 15 27 I
3126 3115 27 28 N
3173 3135 10 8 .■

2404 3283 476 72 Matttows
2932 3295 49 49 &
3031 3279 485 85 Chalmers,

2602 3414 258 59 COACH
2920 3410 412 70 BUILDERS,

2637 3513 331 38 WHEELWRIGHTS,
3008 3513 291 38 BLACKSMITHS,

2941 3588 54 19 AND

2482 3645 251 32 AGIUCULL'UR
2737 3645 51 29 AL
2822 3641 232 32 IMPLEMENT
3088 3638 354 41 MANUFACTURERS,

2759 3720 72 28 Ross
2869 3718 99 35 Place,
3006 3718 165 29 Lawrence.

2434 3816 79 28 ALL
2549 3813 124 29 KlNl>;
2708 3810 51 31 OF*
2794 3810 146 30 MINING
2979 3808 234 30 MACHINERY
3252 3810 114 28 MADE
3402 3810 85 29 AND

2866 3862 73 30 KEP
2940 3861 129 31 AIRED:

2855 3955 117 28 AGENTS
2986 3962 49 21 FOR
3035 3955 2 28 -
3038 3955 35 28 -—

2400 4029 27 28 M
2437 4027 187 40 i.sscy-litm.s
2646 4026 119 38 lepers
2786 4023 55 29 and
2868 4022 123 35 Binders,
3013 4022 176 35 Cultivators,
3216 4022 55 29 Sen
3275 4022 78 36 (Hers,
3382 4022 131 39 Ploughs,

2861 4062 90 29 Horse
2965 4062 101 35 Rakes,

2706 4127 120 30 I'eerless
2847 4126 52 35 Oil,
2920 4125 104 28 Binder
3042 4124 105 37 Twine,
3169 4124 48 30 &c.

2455 4213 45 29 All
2532 4211 88 30 Work
2650 4207 152 33 Entrusted
2824 4211 28 25 to
2878 4206 41 30 Us
2944 4206 55 29 will
3024 4205 117 30 Receive
3168 4205 114 40 Prompt
3309 4207 154 29 Attention.

2728 4287 133 23 CHANGES
3047 4286 155 21 MODERATE

3001 4423 110 26 FANCY
3137 4423 110 25 GOODS
3264 4424 70 24 AND
3353 4424 164 25 DRAPERY.

2988 4521 103 54 FJ.
3127 4520 136 26 WATERS
3289 4522 88 24 desires
3403 4525 25 21 to
3452 4521 74 30 no;ify

3029 4572 7 5 .
3067 4557 53 22 tfat
3134 4555 41 24 she
3188 4555 70 29 keeps
3268 4555 23 24 in
3301 4556 66 23 stock
3384 4554 84 25 Ladies
3479 4560 44 18 and

2982 4587 114 25 Children
3106 4595 10 17 s
3133 4587 196 32 Underclothing
3344 4588 50 24 aad.
3403 4589 30 22 all
3452 4588 73 24 kinds

2983 4621 24 24 ef
3021 4622 116 30 Drapery.

3014 4664 80 32 Fancy
3106 4664 81 26 Good*
3198 4673 14 16 a
3227 4664 136 32 Specialty.

3019 4708 134 24 Christmas
3161 4708 47 24 and
3220 4707 54 24 New
3287 4706 63 25 Year
3361 4710 137 27 presettta—

3104 4749 15 16 a
3134 4746 64 26 great
3211 4741 88 30 variety
3309 4746 25 19 to
3346 4741 74 32 hand^

3104 4776 92 22 Indued
3200 4782 38 17 tun
3249 4774 95 24 invited

3007 4805 111 32 Painting
3131 4806 46 24 and
3247 4805 154 26 needlework
3410 4805 87 30 taught

3073 4842 110 21 Summer
3195 4838 81 26 <jroods
3292 4847 52 16 now
3358 4847 30 16 oo
3405 4839 62 25 baud

2985 4882 264 25 Addresa—Onaood'a
3258 4882 117 32 Buildiag
3383 4884 146 31 Roxburgh.

3047 5033 31 26 H,
3126 5034 23 23 R
3181 5035 21 23 A
3234 5035 13 23 I
3278 5035 19 23 N
3334 5035 22 24 a
3390 5037 20 21 A
3442 5035 36 24 M.

3108 5103 24 26 Ia
3150 5105 118 33 prepared
3290 5108 30 24 tc
3341 5104 79 34 repair

3108 5174 108 27 BOOTS
3242 5183 54 19 an»
3322 5176 100 26 SHOES

3107 5253 23 20 at
3158 5248 122 25 moderate
3310 5249 109 31 charges.

3018 5320 59 24 Also
3097 5320 147 25 iccordeoos
3269 5320 47 25 and
3344 5319 164 26 Concertinas*

2983 5469 56 36 \f
3059 5470 26 28 R
3143 5467 389 38 FINLAYSON,

3065 5521 161 22 BARRISTER
3238 5520 65 22 ANI>
3313 5520 155 26 SOLICITOR,

3177 5560 167 35 Lawrence,

2981 5619 69 30 Will
3073 5618 97 31 attend
3195 5618 47 29 the
3261 5617 153 39 Roxburgh
3435 5616 95 30 Court.

2982 5720 102 40 Money
3092 5723 29 27 to
3130 5719 78 31 Lend
3215 5729 37 21 on
3260 5717 136 35 Freehold
3405 5717 126 38 Security

3554 169 2 48 j
3579 170 339 33 COMMERCIAL
3964 169 165 36 HOTEL,

3554 207 2 49 |
3768 223 181 28 ROXBURGH.;,

3553 272 2 15 i
3896 278 10 7 *
3914 272 1 15 .

3640 315 37 31 H.
3699 316 36 30 11.
3757 316 109 37 Heron,
3887 315 167 40 Proprietor.

3553 355 1 26 i
3901 355 1 26 ■

3604 422 56 29 One
3674 422 29 29 of
3716 422 47 28 the
3776 423 62 28 best
3852 421 101 29 known
3972 417 56 33 and
4047 422 75 27 most

3563 463 180 29 comfortable
3765 463 153 28 Hostelries
3941 462 27 28 in
3990 461 50 29 the
4059 460 60 38 Up-
4121 466 6 10 ;

3563 508 117 28 country
3695 504 137 29 Districts.

3602 554 78 30 Cobb
3693 555 55 29 and
3763 555 74 29 Co.'s
3851 555 86 38 Royal
3959 554 67 29 Mail
4050 553 77 29 Lino'

3553 594 1 41 !
3564 595 28 28 of
3616 595 120 29 Coaches
3749 596 123 39 running
3892 596 123 29 between

3553 635 1 43 j
3566 645 79 18 rence
3669 636 55 28 and
3746 636 184 35 Qneensfcown
3953 636 89 28 arrive
4061 635 55 28 and

3553 667 1 47 !
3566 675 96 38 depart
3676 675 84 39 daily.

3568 767 115 38 Liquors
3697 768 28 28 of
3737 768 47 28 the
3798 770 61 27 best
3867 769 101 28 brands
3977 769 66 37 only
4051 768 68 37 kept

3779 809 28 30 in
3820 809 88 31 stock.

3568 909 122 41 Buggies
3703 911 55 30 and
3772 912 101 30 Saddle
3882 912 102 31 Horses
3994 922 35 20 on
4040 911 78 30 Hire.

3568 986 277 52 RAILWAY
3921 988 199 35 HOTEL,

3657 1053 66 22 ROSS
3742 1054 96 26 PLACE,
3860 1054 167 22 LAWRENCE.

3565 1121 109 36 John
3702 1122 148 44 LafFey,
3881 1122 238 44 Proprietor

3641 1179 78 37 (Late
3733 1180 28 29 of
3774 1179 144 30 Havelock
3932 1179 104 39 Hotel.)

3600 1259 60 29 J.L.
3676 1260 68 38 begs
3765 1263 28 25 to
3805 1259 126 28 intimate
3945 1259 60 28 that
4017 1259 34 29 he
4064 1260 42 29 has-

3563 1300 153 38 purchased
3746 1300 48 28 the
3826 1300 86 29 above
3937 1299 177 30 well-known

3564 1339 139 37 Hostelry,
3713 1339 54 28 and
3782 1339 92 37 hopes,
3884 1339 37 36 by
3931 1339 79 28 strict
4022 1343 76 25 atten-

3565 1379 56 27 tion
3634 1383 29 23 to
3676 1379 47 27 the
3733 1378 117 28 comfort
3858 1378 29 29 of
3898 1377 152 29 Travellers
4059 1379 54 27 and

3565 1417 47 28 the
3624 1416 92 38 public
3730 1417 150 37 generally,
3892 1419 29 27 to
3935 1420 72 26 meet
4019 1418 66 28 with
4099 1428 16 18 a

3565 1456 52 28 fair
3629 1456 80 28 share
3721 1457 28 28 of
3761 1459 161 36 patronage.

3601 1496 58 29 The
3683 1496 122 38 Railway
3826 1496 23 30 is
3871 1506 52 19 one
3935 1495 30 29 of
3976 1496 48 30 the
4036 1497 60 29 best-

3563 1536 148 40 appointed
3722 1536 97 31 Hotels
3829 1536 106 31 outside
3943 1536 29 31 of
3982 1536 129 31 Dunedin

3563 1577 97 28 Under
3672 1577 86 29 J.L.'s
3772 1581 199 33 management,
3981 1578 47 28 the
4038 1588 54 18 com-

3562 1616 55 31 fort
3630 1616 29 30 of
3667 1620 112 36 patrons
3788 1616 52 30 will
3852 1618 35 29 be
3897 1617 77 30 made
3984 1627 17 19 a
4010 1617 101 40 special

3561 1659 113 34 feature,
3688 1659 55 27 and
3756 1669 35 18 no
3803 1659 82 28 effort
3894 1659 53 29 will
3963 1659 33 28 be
4011 1659 98 38 spared

3561 1702 28 25 to
3603 1698 64 39 give
3680 1708 83 28 every
3776 1698 178 29 satisfaction.

3561 1771 58 30 The
3631 1772 62 29 best
3706 1772 102 29 brands
3821 1772 29 29 of
3871 1771 103 38 Wines,
3998 1771 117 40 Spirits,,

3597 1812 55 28 and
3666 1813 66 28 Ales
3744 1813 101 38 always
3863 1813 67 38 kept
3942 1813 28 27 in
3984 1813 87 29 stock.

3562 1885 128 41 Simpson
3702 1886 54 30 and
3770 1886 97 30 Hart's
3880 1886 65 31 Ales
3958 1886 101 40 always
4072 1895 36 22 on

3807 1927 67 39 Tap.

3561 1999 155 31 First-class
3728 2000 129 39 Stabling
3868 1999 244 31 Accommodation

3566 2065 279 56 j\/[ASONIC
3892 2065 221 45 HOTEL,.

3654 2125 67 22 ROSS
3734 2125 96 25 PLACE,
3845 2124 166 21 LAWRENCE.

3558 2192 33 30 R.
3613 2192 111 30 WEBB

3928 2192 178 30 Proprietor.

3594 2275 58 28 The
3705 2275 121 28 Masonic
3883 2274 99 29 affords
4005 2274 35 27 all
4059 2274 48 27 the

3558 2315 129 30 comforts
3700 2315 29 30 of
3741 2326 16 18 a
3770 2315 88 36 home,
3869 2314 55 30 and
3937 2314 23 29 is
3974 2313 130 40 provided

3557 2356 66 27 with
3636 2355 47 28 the
3704 2365 67 27 very
3790 2356 61 27 best
3865 2354 242 29 Accommodation

3557 2394 43 30 loe
3625 2394 161 30 Travellers.
3825 2394 156 29 First-class
4013 2394 93 28 Table.

3558 2435 66 30 Best
3643 2435 97 30 Wines
3763 2435 53 30 and
3838 2435 101 40 Spirits
3958 2434 101 40 always
4078 2434 31 29 in

3557 2475 90 30 stock.

3678 2543 132 21 CHARGES
3829 2542 158 22 MODERATE.

3593 2597 58 30 The
3675 2598 158 38 Proprietor
3857 2597 98 30 wishes
3981 2601 27 25 to
4031 2597 75 29 draw

3558 2637 108 40 Special
3689 2638 135 29 attention
3849 2641 29 26 to
3905 2638 46 29 the
3977 2636 129 40 Stabling

3557 2679 244 29 Accommodation
3819 2678 141 39 provided,
3974 2678 88 29 which
4081 2678 24 29 is

3557 2719 152 35 unlimited,
3723 2719 54 30 and
3789 2719 30 30 of
3831 2721 46 28 the
3891 2719 60 30 best
3964 2719 77 30 kind.

3561 2782 46 57 y
3624 2782 228 29 ICTQRIA
3927 2781 183 35 HOTEL,

3645 2849 75 23 PEEL-
3728 2849 110 27 STREET,
3853 2848 168 22 LAWRENCE.

3580 2942 170 35 Ronald
3777 2939 310 43 Montgomery,

3747 2997 180 30 Proprietor.

3556 3089 59 30 One
3637 3088 30 30 of
3686 3088 47 30 the
3753 3091 71 26 most
3849 3087 178 30 comfortable
4046 3089 58 28 and

3580 3128 229 29 best-conducted
3822 3128 153 28 Hostelries
3984 3138 36 18 on
4030 3129 46 28 the

3703 3167 90 38 Otago
3806 3166 158 30 Goldfields.

3655 3258 57 23 HOT
3732 3258 62 23 AND
3814 3257 73 22 COLD
3906 3257 98 22 BATHS.

3580 3327 109 30 Sample
3709 3326 94 31 Rooms
3823 3335 51 21 for
3893 3324 181 33 Travellers.

3554 3408 166 39 Passengers
3727 3406 86 30 called
3820 3406 45 30 for
3872 3406 46 30 the
3927 3406 74 40 early
4010 3407 81 29 Train
4097 3427 10 9 .•

3560 3556 62 59 D.
3666 3555 64 60 M

3762 3551 166 27 !ICH
3961 3553 19 24 E
4012 3552 21 26 L
4061 3553 24 24 L

3614 3698 70 27 THE
3727 3697 159 27 POPCTLAK
3920 3693 88 29 HOG'S
4013 3697 30 31 E,

3733 3758 198 27 LAWRENCE.

3568 3843 11 16 s
3591 3841 51 17 uow
3659 3832 104 33 opening
3780 3839 30 23 up
3829 3829 38 25 hh
3890 3829 63 24 First
3975 3829 131 31 Shipment

3571 3878 24 26 of
3611 3876 142 28 SUMMEK.
3768 3872 167 32 DRIPERY,
3952 3873 135 26 consisting?

3569 3923 24 24 of
3600 3924 30 23 all
3641 3924 39 23 the
3688 3923 68 23 latest
3768 3919 116 25 novelties
3892 3920 35 23 for
3938 3918 39 25 the
3986 3918 99 31 coming,

3636 3968 89 21 season,
3743 3958 47 25 and
3804 3958 76 31 prices
3892 3959 24 21 to
3934 3956 87 24 matcht

3673 3999 118 28 Millineiy
3805 4005 15 16 a
3842 3994 143 33 Speciality-

3710 4151 27 6 —
3747 4138 78 24 Viaii*
3855 4135 93 26 Millars'
3971 4134 43 27 Fla
4062 4134 34 27 H'f

3556 4179 127 31 Roxburgh
3696 4184 73 23 every-
3782 4177 35 24 six
3834 4175 86 26 weeks.

3589 4403 92 39 AsA

3698 4350 319 65 SEEDSMEN

4035 4401 102 35 @s&

3636 4483 45 17 BY
4039 4478 17 19 T
4065 4476 18 22 ®

3590 4518 129 23 ROYAL
3980 4513 44 22 UK
4132 4513 12 21 Y

3575 4555 26 20 W
3604 4556 18 19 A
3627 4555 42 20 FIR
3671 4555 41 22 AN
3717 4555 16 20 7
3992 4552 40 20 rfr?
4033 4568 6 3 -
4050 4545 17 30 Q
4071 4551 62 20 UECn

3619 4593 25 27 BY
3655 4592 87 28 SPECIAL
3748 4592 94 28 WARRANT
3848 4586 292 33 10HMTHfPHUKOrWALEo
