3440 5540
1509 46 68 30 I'llK
1600 43 251 33 CIUULK.SIOX
1874 42 121 30 Allium

88 73 14 22 4

2752 5375 96 26 Printed
2865 5374 45 26 and
2930 5374 126 27 Published
3074 5375 38 25 ■

2780 5410 38 25 for
2829 5410 40 26 the
2889 5409 151 35 Proprietors,
3067 5400 45 34 cfl

167 173 108 44 Star
346 170 232 47 Brewery.
675 187 9 8 *
708 170 2 57 j

58 282 152 36 TJARRY
237 277 97 29 MANN
362 275 89 32 having
479 280 52 19 now
553 271 89 34 opened
663 270 35 26 his

57 362 108 32 Brewer/
186 360 20 25 is
228 365 50 19 now
302 353 109 37 prepared
430 358 25 23 to
475 349 84 38 supply
579 350 39 26 the
633 348 53 27 inha-

57 435 87 24 bitants
161 432 26 25 of
208 427 138 29 Charleston
367 425 46 26 and
435 426 40 25 the
487 421 157 32 surrounding
654 420 34 25 dis-

55 504 67 27 tricts
135 500 55 28 with
204 500 40 27 the
255 494 157 38 best.,quality
423 496 26 26 of
464 491 46 29 Ale
524 496 24 23 at
560 492 33 27 LI
613 494 36 23 los
661 498 40 27 per

88 640 73 29 Fresh
173 639 74 27 Yeast
261 638 89 34 always
365 644 30 19 on
407 635 68 27 hand.

87 712 85 27 Orders
186 708 137 37 punctually
334 706 111 28 attended
456 710 31 22 to.

94 782 106 53 JED
263 779 148 32 LION
471 773 228 36 HOTEL,

306 856 145 28 Charleston.

89 971 22 22 A
125 970 79 25 choice
215 968 110 26 selection
334 967 27 25 of
372 962 88 34 Wines,
473 962 92 35 Spirits,
573 960 66 31 Ales,
647 962 54 25 etc.,

58 1006 26 25 of
99 1004 40 26 the
150 1005 49 25 best
207 1002 83 27 brands
301 1001 56 33 only
368 1000 64 34 kept.

203 1035 139 37 Proprietor,
359 1036 27 26 B.
404 1035 28 26 1\
449 1030 108 30 JONES.

59 1108 92 56 PR
170 1110 58 31 IT
248 1107 102 32 ERI
370 1104 72 43 O.N
497 1105 27 29 II
545 1099 154 35 OTEL

292 1167 176 22 COAL-STREET.
499 1178 7 4 •

143 1216 111 28 JAMES
270 1209 156 33 PARSONS,
447 1209 165 28 Proprietor

611 1246 9 13 »

90 1307 50 26 The
151 1306 73 25 above
235 1302 62 27 hotel
317 1303 43 25 has
371 1301 56 25 been
439 1297 103 33 recently
553 1295 94 36 opened,
659 1293 46 28 and

61 1343 40 26 the
111 1340 128 36 proprietor
249 1347 44 18 can
304 1334 144 34 confidently
464 1336 74 24 assert
549 1332 53 25 that
617 1329 31 26 all
665 1329 39 26 the

60 1378 90 28 Wines,
161 1376 91 32 Spirits,
264 1373 45 25 and
327 1370 61 27 Malt
399 1371 100 30 Liquors
515 1370 26 21 at
559 1367 47 24 this
625 1366 80 24 lUme

90 1405 45 32 »Of*
143 1411 40 24 the
194 1409 50 25 best
255 1406 91 26 brands.
392 1404 17 15 N
575 1422 13 19 ,
620 1408 24 24 /

106 1470 189 48 HAMROCIf'
317 1477 111 28 HOTEL
445 1484 6 35 j
479 1468 226 32 RESTAURANT

329 1519 3 20 ,
358 1519 51 19 AND

231 1545 121 36 LIVERY
381 1545 155 33 STABLES,

90 1609 17 26 J
244 1595 67 47 V
346 1600 26 26 M
393 1601 6 12 <
421 1599 21 25 G
475 1597 21 25 R
527 1592 30 30 A'
581 1594 23 26 T
633 1594 42 29 H,

165 1639 39 51 \
313 1641 139 42 lloprietor,

189 1703 70 28 Main
274 1703 110 29 -Street,
401 1699 175 27 Charleston.

91 1785 52 26 The
159 1783 73 27 above
249 1778 63 29 hotel
324 1779 41 26 has
381 1776 52 33 just
450 1775 58 27 been
525 1769 137 37 completed,
673 1776 24 20 re-

62 1820 103 33 gardless
171 1820 26 25 of
208 1823 109 28 expense,
329 1820 23 20 to
364 1811 95 37 provide
467 1806 142 38 respectable
617 1813 76 19 accom-

63 1855 118 29 modation
202 1858 25 21 to
248 1851 87 35 parties
356 1847 100 32 visiting
473 1844 139 28 Charleston
663 1842 47 24 The

64 1891 112 30 Culinary
195 1888 158 33 JJepartment
379 1884 20 23 is
420 1877 144 30 conducted
574 1877 75 25 under
670 1877 40 23 the

63 1961 58 26 with
132 1958 32 27 all
175 1959 40 26 the
224 1956 124 27 delicacies
358 1955 27 24 of
396 1952 40 26 the
448 1957 89 19 season.
569 1947 83 25 Wines
663 1944 46 27 and

63 1996 85 31 Spirits
175 1994 29 25 of
230 1992 41 25 the
299 1989 102 27 choicest
431 1984 94 27 brands.
581 1982 129 25 Extensive

64 2028 110 34 Stabling
192 2027 20 26 is
230 2023 110 29 attached
357 2027 25 21 to
398 2022 41 25 the
456 2025 120 30 premises,
587 2016 46 25 and
651 2016 50 24 first-

64 2065 61 28 class
137 2065 88 26 Horses
235 2061 91 34 always
337 2067 30 17 on
379 2058 56 26 hire.
667 2095 40 5 __

63 2130 71 34 BE
153 2126 104 36 ID'S
306 2121 143 34 SHIP
498 2114 212 38 HOTEL,

198 2196 183 26 Main-street,
397 2188 171 27 Charleston*.

94 2279 16 27 J
136 2276 60 29 Reid
213 2274 44 28 has
280 2272 71 28 much
372 2269 105 36 pleasure
494 2267 25 26 in

65 2314 88 28 friends
174 2311 47 27 and
245 2310 41 27 the
306 2306 78 36 public
406 2302 119 41 generally
546 2302 58 24 that
619 2299 30 25 he
670 2298 43 24 has

64 2348 88 34 opened
162 2347 37 26 his
210 2354 52 18 new
273 2343 119 36 premises,
403 2339 47 27 and
458 2338 22 26 is
496 2334 112 37 prepared
619 2338 24 21 to
659 2339 40 27 sup-

65 2385 39 33 dly
115 2385 66 26 them
259 2380 88 33 liquors
358 2377 26 25 of
395 2376 40 25 the
445 2375 51 25 best
508 2372 91 25 brands.
684 2372 25 21 51

110 2462 98 33 IHE
242 2453 238 38 EMPIRE
513 2447 200 35 HOTEL

230 2597 157 30 BILLL\RD
407 2592 140 29 SALOON.

70 2678 188 32 Acknowledged
270 2683 24 19 to
304 2677 28 23 be
343 2674 40 24 th«
392 2667 88 34 largest
496 2667 46 26 and

308 2707 68 27 West
393 2704 80 26 Coast.

99 2785 58 26 Two
177 2784 26 26 of
224 2780 181 30 Alcoclte*eat
424 2773 98 30 Billiard
541 2771 94 34 Tables,

99 2855 74 27 Chess
183 2853 45 26 and
240 2846 211 38 DraiigWfaMes.

98 2890 52 26 The
161 2890 46 26 Bar
217 2888 21 27 is
249 2883 186 39 providecrwith
452 2883 18 26 tl

70 2928 26 26 of
106 2925 94 34 liquors.
428 2934 16 17 *

99 2961 67 26 Bass'
183 2959 44 26 No.
245 2960 21 29 2,
282 2956 59 26 New
358 2957 78 29 Brew,
442 2957 10 19 \

74 3024 263 37 OAWYEES'
377 3019 132 35 ARMS
548 3012 168 40 HOTEL,

196 3104 157 28 Main-street,
364 3107 56 20 near
430 3099 41 26 the
482 3096 108 32 Cutting,

160 3140 39 29 W.
226 3139 30 26 H.
284 3135 143 31 WRIGHT,
453 3134 170 27 Proprietor,

99 3177 96 33 Having
205 3172 89 35 opened
304 3171 41 27 the
354 3170 74 27 above
444 3164 111 35 hostelry,
572 3163 39 28 his
627 3163 89 28 friends

70 3215 47 26 and
127 3213 40 26 the
178 3210 76 35 public
266 3207 47 27 will
324 3206 48 28 find
382 3205 40 27 the
433 3205 52 26 best
495 3201 88 33 liquors
591 3203 27 25 of
625 3200 31 27 all
664 3201 39 27 des-

70 3248 112 28 criptions
194 3246 56 30 kept
260 3248 25 21 at
296 3245 40 25 the

104 3262 15 20 V
234 3279 67 27 THE
327 3273 225 31 RESTAURANT

160 3314 57 28 Will
242 3315 28 26 be
289 3312 90 35 opened
404 3313 25 25 in
449 3318 15 18 a
485 3310 47 25 few
558 3308 66 33 days.
689 3308 27 25 74

231 3381 23 26 U
297 3381 20 26 B
340 3392 8 7 ■
425 3374 38 29 &
481 3377 22 27 0
543 3375 22 27 T
607 3374 21 26 E
674 3375 43 29 L,

101 3596 82 26 James
198 3594 91 26 Fenton
300 3592 57 33 begs
371 3595 25 22 to
408 3589 109 26 intimate
531 3590 26 23 to
570 3586 40 28 his
628 3585 90 27 friends

70 3631 47 30 and
127 3630 40 26 the
178 3628 77 36 public
273 3628 53 25 that
341 3627 30 25 he
381 3627 21 25 is
421 3627 24 23 at
457 3624 69 25 home
544 3626 26 22 at
588 3622 40 26 the
644 3621 74 26 above

70 3660 72 37 hotel,
152 3663 47 27 and
209 3664 20 25 is
246 3661 111 36 prepared
368 3664 25 23 to
411 3660 54 35 give
482 3666 14 17 a
512 3658 84 32 hearty
607 3655 112 28 welcome

71 3706 25 22 to
107 3701 66 26 those
184 3699 52 25 who
247 3705 54 25 may
312 3697 68 25 favor
391 3688 48 34 hrai
451 3694 57 26 with
519 3702 14 18 a
543 3692 51 27 call.

106 3749 66 28 Good
181 3748 96 34 liquors,
287 3746 60 35 good
357 3744 200 29 accommodation
567 3742 46 28 and
620 3742 98 33 civility.

103 3797 84 29 Saddle
194 3798 79 25 horses
279 3796 38 26 for
324 3796 57 25 hire.
407 3795 56 25 Bait
471 3793 46 26 and
525 3793 87 33 Livery
620 3791 99 32 Stables,

72 3834 47 27 and
129 3841 70 25 every
210 3840 52 19 care
273 3831 73 26 taken
359 3831 27 24 of
402 3828 128 27 travellers'
542 3828 87 26 horses.

362 3878 109 28 JAMES
487 3876 140 33 FENTON,

76 3923 10 23 1
577 3912 142 35 Proprietor.

129 3990 51 29 \A
203 3989 22 27 G
248 3988 17 27 S
317 3986 159 26 HEAD
532 3982 187 34 HOTEL,

301 4100 61 34 (The
373 4097 125 34 Original,)

74 4184 121 30 COAL
230 4181 172 31 STREET,
440 4177 281 35 CHARLESTON,

194 4324 39 27 f.
273 4323 39 27 n.
353 4318 248 33 ELLIOTT,

327 4391 143 33 Proprietor.

76 4537 158 28 NELSON
266 4534 79 27 ALE
378 4536 31 22 Is.
441 4532 76 25 PER
547 4530 106 26 PINT.
696 4533 25 22 2c

81 4614 201 49 pRIAN
334 4611 138 29 BORU
525 4611 196 32 HOTEL,

239 4703 38 26 P.
323 4699 217 28 TWOHILL

82 4786 65 33 Begi
161 4786 25 25 to
207 4783 86 28 inform
314 4781 38 26 bis
373 4778 87 29 friends
482 4777 46 27 and
548 4779 40 25 the
605 4778 77 34 public
698 4778 24 26 in

146 4863 27 28 ral
192 4863 52 27 that
264 4861 29 27 he
313 4859 42 28 has
376 4856 88 37 opened
491 4857 40 27 the
557 4857 73 27 above
651 4857 70 33 hotel,

82 4946 45 26 gnd
171 4943 73 36 jibing
260 4942 42 26 but
322 4940 41 26 the
383 4939 52 26 best
455 4936 85 28 brands
556 4936 55 35 only
623 4938 57 34 kept
696 4937 25 27 in

182 5182 27 31 A
228 5176 110 35 Billiard
362 5173 80 34 Teble
467 5178 129 30 attached.
674 5178 48 30 14c

357 5261 30 32 fL
416 5266 80 26 AND
529 5266 192 27 GENERAL

320 5358 90 29 rocery
424 5346 83 36 Store,

331 5433 219 32 XDERSON,
586 5434 133 34 Propriator

674 5472 43 24 43c

724 164 131 40 OKA
874 161 161 40 KITA
1117 160 34 38 H
1169 155 170 43 OTEL

921 250 84 22 WILLI
1009 249 165 28 AM-.STKEET,

859 315 225 32 CHARLESTON,
1105 312 128 30 PAKIIU.

910 451 75 30 MRS
1004 447 219 35 THOMPSON,

786 532 72 30 (Lute
870 524 78 31 of'the
965 526 101 28 Okarita
1084 524 79 31 Hotel,
1183 524 122 32 Okaiita.)

755 662 66 26 None
833 662 39 24 but
882 660 40 26 the
934 666 54 25 very
1000 658 51 26 best
1062 655 84 26 brands
1157 655 26 25 of
1195 654 79 29 wines,
1286 651 79 35 spirits

725 733 26 17 or
762 723 49 27 ales
822 723 55 32 kept
889 722 23 25 in
925 719 75 28 stock,
1343 716 28 24 M

859 815 6 7 •
913 802 285 53 NOTiyfE.

1014 933 23 26 If
1047 940 48 26 you
1208 930 33 26 *4

826 992 87 28 ANT
951 992 24 26 A
1014 991 32 27 T
1078 990 87 27 ONG
1205 985 176 37 TkBINK

975 1093 32 27 Of
1014 1091 127 35 Sparkling

1040 1148 152 28 BREWED
1227 1150 16 25 A
1263 1147 42 26 LE

1042 1193 29 27 j
1209 1173 55 44 A

732 1255 31 31 In
778 1255 104 31 Pewter
895 1253 41 31 for
955 1253 61 31 One
1031 1251 124 41 Shilling,
1177 1260 29 20 or
1226 1248 57 32 half
1317 1248 67 31 Pint

881 1310 41 30 for
941 1306 139 43 Sixpence,
1101 1317 34 31 go
1148 1311 28 26 to
1189 1306 45 30 the

761 1377 63 29 10
839 1375 90 30 BIN
971 1372 174 35 TJOOD
1186 1370 197 36 TJOTEL,

731 1478 58 27 Tiro
802 1477 74 25 Doors
892 1476 60 24 from
964 1474 40 26 the
1023 1473 68 25 Bank
1110 1474 27 24 of
1154 1473 57 25 New
1234 1471 111 31 Zealand,
1361 1476 23 20 at

885 1522 39 27 the
936 1529 82 20 corner
1027 1522 27 25 of
1065 1521 87 26 Rotten
1165 1520 63 26 Row.

735 1632 123 40 Nothing
877 1632 48 30 but
945 1629 124 32 Genuine
1096 1627 112 40 Liquors
1236 1626 76 41 kept,
1332 1624 52 31 and

734 1691 36 31 55
931 1689 44 30 No
989 1686 199 32 Adulteration.

737 1787 112 32 TIHE
896 1785 146 33 ROYAL
1084 1780 169 34 FAMILY
1296 1780 88 33 AM)

884 1862 221 31 COMMERCIAL
1121 1860 118 29 HOTEL,

846 1931 5 7 .
878 1902 173 34 Main-street,
1079 1898 165 33 Charleston.

842 1983 140 35 Proprietor,
1020 1981 36 27 M.
1089 1978 190 29 CItEWDSON.

766 2020 53 27 The
836 2020 73 26 above
924 2018 64 26 hotel
1006 2018 42 26 has
1059 2017 58 26 been
1135 2013 106 34 recently
1253 2013 92 28 erected
1361 2019 25 22 at

737 2054 160 30 considerable
909 2062 107 27 expense,
1027 2057 26 22 to
1065 2049 84 37 supply
1159 2059 15 17 a
1181 2055 63 21 want
1253 2058 56 24 very
1316 2058 56 24 gene-

737 2093 59 33 rally
811 2089 45 27 felt
867 2091 26 24 in
903 2090 49 25 this
962 2088 99 31 district,
1073 2088 36 24 viz
1119 2094 15 17 a
1145 2084 122 28 first-class
1278 2083 77 27 Hotel.

766 2123 160 32 Commercial
943 2122 136 34 gentlemen
1097 2119 49 27 will
1163 2119 48 28 find
1227 2119 103 35 superior
1348 2128 25 17 ac-

738 2159 181 30 commodation.

767 2197 86 27 Ladies
864 2192 46 28 and
921 2191 102 27 families
1035 2199 53 25 may
1100 2193 48 23 rest
1159 2188 95 27 assured
1265 2188 52 27 that
1326 2188 61 27 their

737 2233 102 27 comfort
849 2228 46 27 and
907 2227 156 30 convenience
1076 2225 46 26 will
1133 2226 26 25 be
1170 2224 111 27 attended
1292 2227 32 23 to.

767 2268 52 27 The
830 2263 81 33 Table,
922 2261 122 28 furnished
1056 2261 58 27 with
1124 2260 32 27 all
1174 2261 39 26 the
1223 2258 122 28 delicacies
1360 2260 27 26 of

737 2305 40 24 the
804 2308 91 22 season,
905 2300 21 26 is
936 2298 74 26 under
1021 2298 40 26 the
1079 2295 85 36 special
1182 2295 146 34 supervision
1340 2296 26 26 of
1373 2303 14 18 a

737 2337 121 29 first-class
869 2335 62 27 Chef
942 2333 27 26 de
980 2333 95 26 Cuisne.
1283 2354 5 19 |

885 2370 88 31 Select
997 2369 122 40 Heading
1143 2369 93 36 Room,

827 2427 69 29 With
913 2427 30 26 all
962 2425 40 27 the
1020 2423 106 29 Colonial
1144 2424 94 34 Tapers,
1250 2427 42 22 etc.

828 2477 88 33 Livery
934 2474 98 28 Stables.
1071 2474 89 26 Horses
1175 2474 38 24 for
1229 2472 65 26 Hire.

792 2540 204 36 IBLEY'S
1036 2540 149 32 ROYAL
1229 2538 156 39 HOTEL,

775 2583 3 29 '
867 2592 32 20 3*

920 2620 51 27 'site
983 2620 40 26 the
1034 2618 83 35 Camp,
1128 2616 148 30 Charleston.

740 2730 177 33 vitesjJwpe-of
934 2732 36 25 his
989 2730 88 29 friends
1088 2734 29 25 Ui
1126 2729 54 29 visit
1194 2729 36 23 bis

954 2757 47 29 find
1013 2757 55 34 only
1081 2757 41 30 tbe
1131 2765 57 25 very
1201 2757 26 25 be

738 2797 89 33 liquors
838 2796 77 26 irrfhe
927 2796 46 27 bar.
1070 2786 39 34 W

1230 2762 22 21 st
1266 2756 84 26 brands
1362 2757 27 25 of

969 2931 299 32 RESTAURANT,

943 2967 114 32 al-street,
1075 2966 147 28 Charleston.

825 3003 170 28 WEITZELL
1012 3004 21 25 &
1050 3004 58 30 CO.,
1121 3003 181 26 Proprietors.

773 3051 50 26 The
840 3049 140 35 proprietors
1002 3048 27 26 of
1050 3048 41 26 the
1104 3047 74 26 above
1194 3046 71 28 Hotel
1282 3046 71 32 being
1363 3053 26 18 so

740 3087 56 32 long
816 3085 47 27 and
884 3083 122 33 favorably
1029 3084 87 25 known
1133 3086 35 28 to,
1190 3082 41 27 the
1257 3081 78 35 public
1363 3081 26 26 of

742 3121 123 30 Hokitika,
879 3120 59 26 need
958 3119 57 31 only
1026 3125 42 25 say
1090 3118 53 26 that
1161 3117 57 33 they
1230 3116 47 26 will
1288 3115 101 27 conduct

741 3157 48 27 this
812 3154 179 28 establishment
1013 3153 25 25 in
1059 3152 41 26 the
1121 3159 64 19 same
1207 3150 61 35 style
1288 3159 27 18 as
1336 3150 52 26 that

741 3192 80 27 which
831 3198 61 26 gave
902 3197 26 19 so
939 3189 71 26 much
1022 3187 148 28 satisfaction
1180 3187 25 26 in
1216 3187 124 26 Hokitika.

771 3228 51 25 The
834 3227 144 25 Restaurant
994 3224 148 33 department
1163 3223 20 25 is
1206 3222 74 26 under
1291 3222 39 25 the
1342 3220 47 26 sole

742 3260 144 37 supervision
896 3260 27 26 of
933 3258 41 27 the
984 3258 147 35 proprietors,
1143 3257 46 26 and
1199 3257 41 26 the
1251 3256 138 27 Bed-rooms

742 3305 38 19 are
791 3296 58 27 such
860 3295 53 26 that
924 3295 103 26 comfort
1037 3293 47 26 and
1102 3291 139 28 cleanliness
1253 3291 49 26 will
1312 3292 27 25 be
1350 3291 39 25 the

742 3331 95 33 leading
848 3331 109 27 features.

772 3364 156 30 Commercial
938 3363 133 33 gentlemen
1083 3363 46 25 and
1140 3363 95 25 visitors
1246 3366 24 22 to
1282 3361 94 26 Charles-

742 3406 41 23 ton
795 3400 48 27 will
855 3400 47 27 find
914 3399 39 26 the
965 3398 125 35 European
1107 3396 72 28 Hotel
1190 3396 85 28 second
1286 3401 24 23 to
1321 3405 68 19 none.

773 3438 52 26 The
844 3436 91 29 Wines,
955 3434 93 34 Spirits,
1065 3436 44 23 etc.
1121 3441 39 19 are
1177 3434 26 25 of
1220 3434 40 25 the
1272 3440 56 26 very
1340 3434 50 24 best

743 3472 91 27 brands.

747 3544 36 29 n
805 3545 207 34 HAKES
1031 3544 98 34 PER
1143 3544 24 32 E
1209 3542 180 38 HOTEL,

772 3579 13 37 5
989 3588 163 34 Camp-street.

772 3670 29 27 T.
816 3669 32 26 B.
853 3660 10 11 *
868 3664 105 32 SMITH
983 3667 56 33 begs
1058 3670 25 22 to
1101 3671 124 21 announce
1244 3667 25 23 to
1289 3663 38 26 his
1354 3661 38 28 old

743 3732 90 27 friends
844 3732 52 26 that
907 3731 29 26 he
947 3731 43 25 lias
1006 3737 53 19 now
1077 3728 89 35 opeued
1193 3727 37 26 his
1249 3734 51 18 new
1319 3726 73 26 house

742 3794 48 26 and
801 3792 47 28 will
858 3794 28 26 be
896 3791 54 35 glad
962 3795 25 23 to
1005 3799 38 18 see
1053 3789 38 28 old
1102 3791 65 25 faces
1177 3788 46 27 and
1234 3796 53 19 new
1298 3795 63 20 ones.

745 3869 299 42 ALBION
1116 3868 274 48 HOTEL,

820 3960 304 37 Gladstone-Bteeet,
1146 3958 171 31 Westport.

839 4115 133 28 GEORGE
988 4115 119 30 WHITE,
1134 4115 170 24 Proprietor.

834 4266 39 26 W.
894 4265 58 32 begs
972 4268 24 21 to
1013 4262 88 27 inform
1119 4262 37 25 his
1175 4261 90 27 friends
1286 4261 47 26 and
1353 4262 41 26 the

748 4343 92 33 mining
851 4340 148 32 community
1012 4339 23 26 in
1048 4336 95 36 general
1155 4338 59 32 that,
1224 4337 91 33 having
1330 4346 48 18 com-

748 4412 78 35 pleted
836 4412 41 26 the
889 4411 74 26 above
1056 4409 28 26 he
1096 4408 19 25 is
1133 4406 111 36 prepared
1254 4410 25 23 to
1289 4406 58 27 offer
1358 4414 24 19 ac-

748 4482 174 28 commodation
932 4478 86 30 second
1029 4484 25 22 to
1065 4486 61 20 none
1136 4486 31 20 on
1179 4478 41 27 the
1232 4476 88 30 Buller.
1372 4480 18 23 1

774 4555 25 24 71
844 4551 46 26 and
912 4550 27 27 C.
971 4548 75 28 GOT
1053 4547 121 32 HARD,
1201 4545 133 27 Wholesale
1350 4546 44 26 and

772 4574 41 47 Id*

960 4652 78 30 Retail
1048 4653 125 32 Butchen,

863 4717 123 42 Diggers'
1002 4717 93 38 Street,
1117 4715 162 32 Charleston.

748 4830 111 26 Families
879 4830 45 26 and
945 4829 41 27 the
1002 4828 64 27 trade
1100 4826 93 37 upplied
1211 4830 25 23 at
1253 4827 41 27 the
1314 4826 80 28 lowest

978 4868 94 23 current
1083 4868 69 22 rates.
1353 4866 41 23 31c

774 4944 59 51 -J.
866 4943 47 49 P.
946 4938 401 63 CHBISTENSON,

784 5069 7 7 ,
813 5033 248 40 Watchmaker
1077 5031 66 39 and
1160 5030 169 50 Jeweller,

882 5085 33 30 Of
926 5085 116 29 Hokitika
1052 5084 46 27 aud
1108 5085 156 34 Greymouth,

880 5167 25 23 to
921 5170 123 19 announce
1060 5162 52 26 that
1139 5161 29 26 he
1185 5161 43 25 has
1244 5160 149 28 commenced

823 5200 106 25 business
940 5202 58 23 next
1015 5201 24 22 to
1058 5197 40 26 the
1116 5196 70 27 Bank
1197 5196 26 25 of
1239 5196 58 27 New
1315 5197 75 25 South

747 5241 88 28 Wales,
846 5246 57 20 near
913 5238 40 25 the
964 5236 106 32 Cutting.
1105 5237 23 24 A
1145 5234 123 27 first-class
1287 5236 67 25 stock
1366 5237 26 24 of

748 5274 97 34 English
857 5272 102 27 watches
971 5270 45 26 and
1028 5270 98 26 colonial
1142 5268 123 35 Jewellery
1278 5276 31 18 on
1321 5270 71 26 hand-

746 5309 113 29 Watches
870 5306 115 34 carefully
997 5306 104 35 repaired
1112 5304 45 28 and
1169 5304 140 28 warranted.
1327 5305 64 32 Colo,

746 5346 47 26 nial
804 5343 125 33 Jewellery
955 5341 181 26 manufactured
1159 5348 29 18 on
1206 5341 40 24 the
1270 5341 120 32 premises,

746 5381 63 35 pipes
820 5377 119 33 mounted,
951 5378 54 29 &c,
1018 5377 41 26 &c.

775 5428 160 30 N.B.—Guns
956 5426 45 26 and
1025 5424 84 28 Pistols
1124 5423 104 36 repaired
1249 5423 30 34 by
1300 5423 38 26 Mr
1359 5424 31 26 A.

746 5467 120 25 Cameron.

1394 148 43 41 pi
1472 153 27 30 li
1524 151 78 30 AN
1629 151 27 29 1)
1731 148 208 33 CONCK
1962 148 76 35 KT,

1514 226 109 28 TAKES
1646 226 107 28 PLACE
1769 224 148 29 NIGHTLY

1675 288 34 25 At
1719 287 40 26 the

1399 351 153 44 Victoria
1570 349 107 42 Hotel
1693 350 66 41 and
1780 349 149 42 Concert
1948 348 89 49 Hull,

1510 433 134 26 COAL
1703 430 91 26 STlt
1811 432 18 24 i;
1849 430 18 26 E
1884 430 20 25 T
1917 430 4 29 .

1489 531 39 24 An
1551 529 98 26 efficient
1671 527 65 26 Band
1761 528 24 24 in
1805 527 146 26 attendance.

1435 627 90 30 Wines,
1538 624 65 33 Ales,
1615 624 45 27 and
1672 624 82 37 Spirits
1766 624 26 25 of
1803 623 39 26 the
1855 623 48 25 best
1915 621 90 26 brands.

1681 694 66 28 JNO.
1780 693 145 32 THOMAS,

1879 753 139 36 Proprietor.

1426 850 7 27 ,
1514 826 236 42 NEWTON
1799 825 112 39 AND
1961 824 87 47 CO.,

1405 955 164 28 TINSMITH
1603 955 20 24 &
1652 951 103 28 SHEET
1784 950 79 26 IKON
1892 947 159 29 WORKERS

1638 1042 70 26 Camp
1724 1042 96 26 Stkki:t

1491 1135 99 34 (Nearly
1602 1135 106 33 opposite
1717 1133 68 25 Mace
1797 1132 45 25 and
1856 1131 120 31 Dixon's).

1437 1266 24 26 J.
1479 1264 29 27 N.
1529 1264 46 26 and
1594 1263 53 31 Co.,
1664 1262 43 32 beg
1726 1264 24 22 to
1769 1259 86 26 inform
1873 1258 39 26 the
1934 1256 77 36 public
2029 1256 26 26 of

1410 1313 140 29 Charleston
1569 1313 53 25 that
1639 1311 56 32 they
1707 1310 57 26 have
1782 1306 149 29 commenced
1950 1306 105 26 business

1409 1371 25 17 as
1446 1363 80 28 above,
1537 1360 46 26 and
1602 1368 39 17 are
1652 1358 107 33 prepared
1771 1362 24 19 to
1806 1360 97 22 execute
1915 1355 39 24 the
1966 1353 77 25 follow-

1410 1411 41 33 ing
1460 1409 154 34 descriptions
1625 1408 26 25 of
1663 1405 62 28 work
1736 1417 37 15 :

1439 1496 276 29 GALVANISED
1748 1493 94 27 IRON
1876 1491 149 30 PUMPS;

1604 1581 111 27 HOTEL
1740 1579 117 31 LAMPS,

1527 1655 34 27 Of
1571 1654 41 26 the
1623 1653 51 26 best
1685 1651 43 28 and
1740 1652 82 26 Latest
1834 1651 115 33 Designs;

1523 1806 68 27 With
1602 1806 91 33 Copper
1703 1812 28 18 on
1742 1804 40 26 the
1794 1802 97 31 Boilers,
1902 1801 46 25 and

1489 1884 215 31 GENERAL
1762 1881 220 29 JOBBING.

1564 2029 139 27 Remember
1714 2026 38 27 the
1763 2025 147 28 Address:—

1607 2293 71 32 (Late
1689 2291 26 26 of
1726 2289 136 34 Hokitika),

1411 2378 58 28 TIN
1493 2376 112 29 PLATE
1621 2374 70 27 AND
1709 2373 105 27 SHEET
1827 2372 78 27 IRON
1919 2369 140 29 WORKER

1578 2447 63 26 Near
1651 2446 70 26 Mace
1731 2444 45 28 and
1788 2443 107 30 Dixon's,

1448 2526 286 39 Camp-street,
1771 2520 252 31 Charleston.

1414 2707 124 27 STOVES
1550 2703 70 28 AND
1640 2700 112 35 LAtfpS
1766 2690 98 38 iADE
1881 2701 44 26 TO
1944 2699 117 27 ORDER.

1472 2778 101 29 General
1584 2778 116 32 Tinware,
1711 2772 137 38 Wholesale
1858 2773 47 26 and
1916 2772 85 27 Retail.

1733 2809 37 27 *>
2033 2811 27 22 45

1414 2890 127 31 miiE
1592 2878 334 42 nileJsteam
1966 2883 95 33 saw

1684 2977 121 42 MILLS,

1501 3074 92 27 Situate
1605 3081 30 18 on
1647 3073 40 26 the
1698 3072 73 27 Bank
1783 3078 31 18 of
1825 3077 49 18 the
1886 3069 88 26 River.

1442 3224 52 25 The
1511 3222 78 35 public
1607 3229 39 18 are
1662 3220 152 34 respectfully
1825 3217 117 28 informed
1953 3219 53 24 that
2021 3217 40 26 the

1414 3285 52 26 Mill
1477 3286 21 25 is
1509 3293 51 18 now
1573 3285 24 24 in
1609 3283 107 33 working
1726 3281 72 33 order,
1815 3281 46 26 and
1874 3281 95 26 Timber
1979 3288 43 18 can
2034 3281 27 26 be

1414 3347 105 35 supplied
1540 3351 25 21 at
1588 3349 28 23 24
1632 3346 78 27 hours'
1733 3345 84 30 notice,
1837 3347 26 22 at
1879 3351 47 25 any
1943 3342 82 33 length
2036 3350 25 17 or

1414 3410 80 27 width.
1526 3408 80 37 Apply
1618 3411 25 24 at
1655 3408 39 26 the
1703 3406 58 28 Mill.

1893 3455 25 26 C.
1940 3455 85 25 NEES

1418 3534 35 26 PI
1479 3534 24 26 II
1526 3532 113 26 ANA
1660 3530 23 26 II
1701 3531 66 25 AN
1813 3529 103 26 AND
1964 3529 96 32 CO.,

1444 3563 12 42 )

1490 3622 187 35 General
1722 3621 265 33 Merchants.

1522 3761 206 28 WHOLESALE
1741 3761 72 27 AND
1829 3760 132 27 RETAIL.

1446 3911 22 26 S.
1485 3909 46 27 and
1542 3909 49 32 Co.,
1602 3908 70 33 being
1682 3907 139 27 Purchasers
1832 3908 38 26 for
1881 3907 94 32 CASH,
1987 3907 25 26 in
2022 3906 41 27 the

1417 3959 116 34 Cheapest
1554 3958 114 30 Markets,
1689 3963 37 20 are
1745 3955 96 27 enabled
1862 3955 155 34 successfully
2039 3959 24 22 to

1417 4010 105 33 compete
1533 4007 58 26 with
1602 4014 48 26 any
1661 4006 77 27 House
1748 4014 31 18 on
1791 4006 40 26 the
1842 4006 68 26 West
1922 4006 79 27 Coast.

1447 4070 166 33 Storekeepers
1635 4068 100 34 supplied
1753 4071 25 23 at
1795 4068 40 26 the
1854 4068 93 26 Lowest
1962 4062 99 37 possible

1420 4119 78 28 Price,
1509 4118 46 25 and
1566 4125 31 18 on
1608 4117 41 26 the
1661 4120 60 22 most
1729 4116 103 25 Liberal
1844 4118 80 23 t«rtns.
2048 4115 12 21 8

1421 4190 48 57 p
1631 4185 428 39 GRIFFIN,

1437 4266 166 33 PAINTER
1634 4266 80 30 AND
1749 4264 292 37 PAPERHANGEi,

1567 4336 121 34 PAKIHJ
1704 4336 20 26 &
1736 4334 174 30 HOKITIKA,

1420 4400 132 41 Opposite
1567 4400 46 30 the
1626 4408 84 30 camp,
1723 4398 51 31 and
1787 4399 66 29 next
1867 4401 27 26 to
1943 4395 104 33 Charles-

1597 4474 46 27 ton
1786 4467 94 34 Office.
2027 4467 33 32 66

1432 4567 9 7 .
1493 4544 24 31 E
1538 4542 112 32 HAN
1700 4541 101 33 AND
1840 4540 218 32 O'BRIEN

1432 4568 10 33 I
1463 4583 8 18 i
1720 4568 34 39 Ik
1825 4575 25 32 k

1620 4714 141 30 Extensive
1782 4712 84 39 Scale,

1464 4803 67 35 Hope
1543 4807 23 21 to
1577 4803 70 25 merit
1658 4809 14 19 a
1683 4801 62 27 share
1757 4801 26 26 of
1793 4800 78 35 public
1882 4804 134 30 patronage.

1449 4880 68 32 They
1528 4886 39 18 are
1575 4877 110 35 prepared
1694 4881 22 22 to
1725 4876 84 35 supply
1825 4880 129 23 customers
1973 4876 24 25 in
2015 4883 45 26 any

1418 4959 53 32 part
1481 4955 26 27 of
1519 4955 41 26 the
1571 4953 95 33 Pakihi,
1677 4961 26 19 on
1714 4953 38 26 the
1763 4955 62 24 most
1836 4951 92 28 Liberal
1940 4953 90 26 Terms.

1448 5028 24 25 A
1484 5024 162 29 Considerable
1655 5023 124 28 Reduction
1787 5026 25 25 to
1818 5024 68 26 those
1895 5024 83 33 takiug
1985 5024 76 33 Large

1418 5085 142 34 Quantities.
2032 5085 11 24 5

1430 5165 38 34 O
1606 5160 451 40 ROWLANDS,

1418 5239 117 39 Sail
1582 5253 52 23 an
1649 5239 21 37 d
1714 5238 94 38 Ten
1820 5244 14 31 t
1883 5238 173 41 Maker.

1558 5313 174 37 Main-street,
1749 5313 169 36 Charleston,

1453 5400 25 29 A
1492 5400 187 30 well-assorted
1699 5400 81 31 Stock
1797 5401 28 29 of
1846 5400 91 35 Tents)
1959 5399 96 41 Ropes,

1415 5443 54 30 and
1482 5443 52 30 Tar
1547 5443 99 39 always
1659 5454 33 19 on
1703 5443 77 30 hand.
2020 5443 35 29 85

2149 146 70 25 lIU'S
2247 144 118 27 TTOL'JI
2395 144 112 30 HOOT

2097 245 206 40 AIKS
2340 245 42 39 W
2416 243 30 42 0
2479 245 31 39 R
2543 243 29 40 T
2606 242 35 40 II
2667 242 7 37 !

2263 322 41 24 'IV
2307 330 14 17 o
2331 321 66 25 doors
2410 320 60 26 from
2482 319 40 26 the

2173 383 89 24 BANK
2284 382 40 25 OF
2347 381 73 26 NEW
2441 379 166 31 ZEALAND,

2235 438 84 26 Where
2329 445 47 25 you
2388 445 42 18 can
2443 442 39 28 get
2494 445 59 25 your

2164 497 17 25 E
2211 497 19 25 A
2256 498 16 24 S
2301 496 17 26 U
2345 496 19 25 R
2389 497 17 23 E
2468 498 48 22 m
2542 496 22 24 A
2588 494 22 26 K
2634 495 19 23 E
2676 494 36 26 N,

2136 596 42 24 OR
2199 595 64 25 BUY
2282 597 20 24 A
2321 595 79 24 PAIR
2415 593 113 26 READY
2545 593 104 31 MADE,

2168 710 19 27 E
2231 710 17 27 S
2291 709 21 25 T

2512 710 21 26 0
2574 708 21 27 0
2637 708 21 26 T

2198 809 40 25 IN
2273 809 92 26 NEW
2399 807 203 26 ZEALAND.

2134 906 112 48 y)KST
2266 908 30 24 T
2319 907 134 26 EATIIER
2470 907 32 25 T
2524 903 143 29 EGGINGS

2183 1009 42 30 On
2242 1008 91 38 Hand,
2348 1019 30 19 or
2392 1007 79 31 Made
2484 1009 28 28 to
2527 1005 95 32 Order.

2216 1082 66 25 THE
2300 1078 130 28 FRENCH
2446 1077 144 28 BAKERY.

2165 1270 179 26 ONNIEU
2391 1267 91 26 AND
2533 1262 193 32 SAURET,

2143 1359 91 24 Trench
2247 1355 157 34 Pastrycooks
2420 1354 45 26 and
2484 1353 184 27 Confectioners.

2206 1516 91 27 Widdir
2307 1524 15 25 g
2334 1515 77 28 Cakes
2423 1512 66 28 made
2501 1516 24 24 to
2536 1511 65 28 order
2604 1532 6 10 t
2636 1528 7 7 .

2115 1594 101 26 Dinners
2229 1592 75 26 laked
2315 1599 70 24 eveiy
2399 1590 44 33 day
2455 1590 63 24 from
2532 1591 27 22 10
2569 1591 25 22 to
2606 1590 34 23 12.

2115 1676 49 25 Hot
2177 1674 91 27 French
2280 1672 66 26 Rolls
2357 1680 69 23 every
2439 1670 109 32 morning
2558 1672 25 22 at
2595 1672 13 23 8
2619 1667 97 27 o'clock.

2096 1774 42 47 A
2172 1760 60 66 .1

2161 1847 147 30 Coul-street;
2320 1853 56 17 near
2387 1844 106 31 Cutting,
2508 1842 147 30 Charleston,

2085 1927 76 27 Bread
2171 1924 114 27 delivered
2296 1923 145 32 throughout
2451 1922 41 26 the
2500 1921 116 33 diggings.
2648 1919 85 29 Orders

2085 1974 106 27 received
2211 1977 26 22 at
2251 1973 41 26 the
2310 1973 103 31 Bakery,
2435 1975 25 21 at
2484 1971 40 24 the
2545 1969 72 26 above
2639 1966 94 28 address

2087 2025 26 27 F.
2126 2021 137 29 MTarland
2275 2021 20 28 &
2308 2021 35 27 Co
2355 2042 6 11 ,
2373 2020 150 34 Proprietors.
2690 2018 43 24 35c

2086 2111 195 53 Telegraph
2293 2110 84 37 Line
2391 2110 40 37 of
2447 2108 123 39 Saddle
2586 2107 145 38 Horses.

2092 2270 166 35 •MESSES.
2276 2268 192 32 KENNEDY
2487 2269 22 29 &
2524 2265 193 32 WAHDLAY

2088 2355 94 33 T>EG
2204 2358 25 22 to
2250 2353 88 27 Inform
2359 2352 40 26 the
2415 2350 78 36 public
2514 2350 52 26 that
2593 2350 55 31 they
2675 2348 61 26 have

2085 2432 88 35 opened
2191 2430 85 28 stables
2287 2434 24 22 at
2323 2429 125 34 Slattcry's
2459 2427 78 33 Hotel,
2555 2428 125 32 Brighton,
2690 2426 46 26 and

2085 2495 41 26 the
2137 2493 88 27 Pakihi
2236 2491 76 34 Hotel,
2325 2491 145 28 Charleston.

2116 2623 36 25 At
2168 2621 75 27 either
2265 2619 65 34 place
2351 2619 87 26 Horses
2455 2627 55 24 may
2526 2618 28 25 be
2571 2611 112 36 obtained
2700 2616 36 25 for

2087 2682 127 33 Westport,
2220 2679 146 31 Charleston,
2378 2678 45 27 ond
2439 2677 122 32 Brighton.

2090 2747 49 38 T>
2152 2750 59 32 KB
2222 2749 56 33 RE
2288 2749 22 31 T
2321 2749 22 31 T
2389 2736 27 44 '£
2427 2740 124 40 *BRO
2561 2744 73 35 WN
2646 2737 77 57 Lp

2204 2836 133 28 Wholesale
2347 2836 46 27 and
2403 2834 78 28 Ketail
2496 2835 124 32 Butchers,

2201 2910 117 41 Diggers
2338 2909 96 36 Street,
2456 2907 164 31 Charleston.

2088 2987 110 29 Families
2209 2987 85 27 waited
2304 2994 31 19 on
2346 2986 35 26 for
2388 2985 85 27 orders.
2490 2985 52 26 The
2550 2984 65 26 trade
2622 2982 112 36 supplied.

2691 3020 44 24 32c

2188 3093 104 31 EST
2347 3091 120 31 AND

2535 3090 59 67 K
2612 3089 64 32 IK

2192 3200 142 35 Fruiterer,
2355 3199 187 38 Greengrocer,
2563 3196 55 39 &c.,

2088 3279 107 31 Main
2241 3278 161 37 Street,
2451 3277 282 30 Chaeleston.

2145 3356 75 26 Fresh
2231 3355 68 26 Fruit
2307 3354 45 28 and
2365 3355 63 32 Eggs
2439 3355 30 32 by
2481 3361 72 24 every
2564 3356 108 22 steamer.

2212 3476 137 52 George
2375 3474 33 38 J.
2438 3473 156 51 Kenney,
2655 3488 16 30 \

2125 3570 67 30 Hair
2206 3568 115 40 Cutting
2335 3566 53 32 and
2405 3566 182 40 Shampooing
2610 3564 105 38 Saloon,

2281 3638 63 26 Near
2354 3638 40 26 the
2401 3636 62 35 £hip
2474 3634 80 34 Hotel,

2226 3701 182 36 Main-street,
2431 3698 165 32 Charleston.
2698 3697 16 29 6

2319 3784 30 31 T.
2374 3779 125 39 DWAN,

2087 3857 170 35 Auctioneer,
2294 3850 182 38 Commission,
2509 3850 54 31 and
2601 3849 132 43 Shipping

2290 3924 97 39 Agent,
2411 3922 103 31 Pakihi.

2101 4063 87 33 Money
2199 4062 119 28 advanced
2330 4071 29 17 on
2372 4062 78 26 Goods
2470 4060 127 33 consigned
2608 4061 37 25 for
2657 4060 60 26 Sale.

2095 4155 355 47 pFATE
2496 4156 21 25 R
2564 4155 16 26 S
2627 4156 20 26 0
2693 4155 38 32 N,

2116 4232 130 30 MINING,
2268 4231 116 29 HOUSE,
2401 4237 50 18 and
2468 4229 91 25 LAND
2580 4229 122 26 AGENT.

2163 4306 165 31 Agreements,
2339 4301 132 31 Contracts,
2484 4302 49 30 &c,
2544 4299 118 37 prepared.

2117 4365 71 26 Cases
2210 4360 137 28 Conducted
2369 4361 24 24 in
2416 4360 40 25 the
2478 4359 125 25 Warden's
2623 4359 79 25 Court.

2087 4445 107 28 Creed's
2227 4444 164 27 Commercial
2423 4440 94 33 Hotel,
2555 4440 176 28 Coal-street.

2228 4536 122 31 KD
2423 4534 19 31 I
2503 4534 21 30 C

2206 4683 118 49 DR.
2375 4680 240 59 BOND,

2088 4768 106 31 Surgeon
2205 4770 25 21 to
2241 4765 40 25 the
2288 4764 88 25 Tutara
2383 4762 98 26 Di«=trict
2494 4761 121 34 Hospital;
2627 4762 105 33 Surgeon

2148 4805 23 21 to
2188 4801 38 25 thp
2239 4799 104 26 German
2361 4797 45 25 and
2422 4796 179 25 Scandanavian
2615 4797 118 32 Societies,

2148 4836 60 27 Ross
2215 4835 74 26 Town
2300 4845 6 20 ;
2323 4832 47 27 late
2376 4833 105 31 Surgeon
2493 4835 23 22 to
2524 4832 39 26 the
2574 4831 159 35 Independent

2148 4872 74 25 Order
2239 4870 26 26 of
2279 4866 149 32 Oddfellows,
2444 4867 122 25 Auckland
2579 4877 5 20 ;
2603 4868 94 26 Author
2707 4868 26 26 of

2148 4905 87 27 several
2248 4902 119 29 Scientific
2380 4903 93 31 Essays,
2485 4903 50 29 &c.,
2545 4902 50 30 &c,

2088 4957 49 26 Has
2148 4953 93 28 arrived
2251 4955 23 24 in
2288 4950 144 33 Charleston,
2444 4950 45 27 and
2499 4958 55 26 may
2570 4951 26 26 be
2612 4951 121 27 consulted

2206 5012 104 27 DAILY
2337 5011 46 26 AT
2408 5010 54 26 HIS
2489 5010 123 32 OFFICE,

2088 5074 33 26 At
2133 5072 123 34 Hanney's
2268 5068 77 33 Hotel,
2356 5068 146 29 Coal-street.

2116 5171 93 27 Branch
2216 5169 104 27 Medical
2328 5167 97 27 Council
2425 5168 42 33 for
2475 5167 100 31 Ireland,
2582 5166 45 28 No.
2636 5171 65 24 2113.

2115 5219 114 27 Received
2251 5220 60 24 from
2323 5218 86 34 Joseph
2423 5217 95 25 Francis
2531 5216 75 30 Bond,
2616 5217 63 32 Esq.,
2691 5218 40 26 the

2088 5263 47 19 sum
2148 5256 26 25 of
2185 5255 58 25 Two
2255 5252 94 28 Founds
2361 5253 68 32 being
2440 5251 39 27 the
2491 5251 45 26 Fee
2547 5252 38 25 for
2596 5251 120 28 Registba-

2088 5299 59 24 nos,
2157 5294 113 31 pursuant
2285 5295 22 21 to
2320 5292 24 23 21
2359 5290 19 25 &
2391 5292 27 21 ±1
2434 5287 57 33 Vic,
2503 5296 52 24 cap.
2570 5291 35 28 90,
2615 5295 45 18 sec.
2675 5291 32 24 15.

2114 5352 76 27 Dated
2208 5351 39 27 Bth
2260 5350 89 32 March,
2362 5352 61 24 1860.

2404 5398 30 25 H.
2451 5397 187 31 MAUNSELL,

2567 5442 129 31 Registrar.

2962 137 20 23 il
3026 137 9 25 I
3078 137 19 23 L
3145 134 18 26 L
3205 132 19 25 V
3271 134 21 23 A
3335 130 44 30 V,U

2996 228 117 24 BinGEON,

2739 317 48 27 Can
2812 316 21 24 L
2872 310 104 30 jjisult-d
2997 315 25 21 at
3043 309 39 27 the
3104 308 74 35 Royal
3201 303 77 36 Hold,
3301 304 76 27 Maiu-

2928 450 87 32 DR.
3069 446 127 38 LEE,

2752 494 225 38 QK-.jiSThliED
2995 492 102 25 Member
3108 491 26 22 of
3149 488 40 26 the
3201 486 72 26 lto>al
3286 484 92 33 College

2744 531 49 31 XX
2826 538 21 17 c
2868 529 124 32 Surgeons,
3009 524 113 35 England,
3140 531 52 24 may
3203 523 25 24 be
3249 517 130 31 consulted,

2739 572 61 30 (i;.uy
2813 572 24 20 at
2849 566 35 24 his
2895 563 125 29 residence,

2885 608 163 36 Coal-street,
3066 604 164 33 Charleston.

2745 694 152 29 Vacation
2910 694 60 25 from
2984 694 83 23 10a.m.
3080 694 24 22 to
3118 691 25 24 12
3156 694 66 24 noon,
3234 691 67 26 every
3314 682 67 26 other

2997 724 129 33 Thursday.

2976 884 175 34 MEDICAL.

2839 971 148 29 ARRIVAL
3011 971 41 28 OF
3079 970 50 25 DR.
3151 966 144 31 MORTON.

3154 1046 124 32 Brighton,
3293 1045 65 23 1867.

2749 1100 106 31 FTIHIS
2871 1100 20 24 is
2910 1103 25 21 to
2951 1096 84 33 certify
3047 1095 53 27 that
3118 1094 44 26 Mr.

2756 1131 36 40 X
2836 1149 40 17 -as
2888 1140 46 25 this
2946 1138 45 33 day
3006 1136 115 36 produced
3136 1136 36 25 his
3188 1134 100 35 diploma
3306 1141 26 18 as
3352 1134 30 25 Li

2749 1178 103 26 centime
2873 1176 25 25 of
2925 1174 41 26 the
2996 1171 76 34 Royal
3093 1171 94 33 College
3212 1171 26 24 of
3264 1171 123 29 Surgeons,

2750 1213 99 29 Ireland,
2872 1208 73 27 under
2967 1208 39 25 the
3027 1206 130 34 provisions
3178 1206 26 24 of
3224 1205 41 24 the
3290 1203 99 25 Medical

2750 1244 176 29 Practitioners'
2939 1242 137 30 Ordinance,
3096 1244 63 28 1849,
3172 1239 94 27 Session
3285 1238 69 32 I,No.
3366 1241 21 22 2.

2751 1282 26 25 of
2787 1281 37 26 the
2840 1279 110 35 province
2960 1278 26 26 of
2995 1277 57 26 New
3064 1275 116 26 Munster.

3042 1312 117 25 CIIARLES
3174 1310 97 28 BbOAD,

3092 1343 112 26 Resident
3215 1343 145 31 Magistrate.

2781 1439 41 25 Dr.
2835 1437 49 26 Moi
2890 1441 47 26 ton,
2947 1435 103 26 Member
3066 1434 26 25 of
3109 1433 39 25 the
3167 1430 74 33 Royal
3255 1430 92 33 College
3357 1431 34 25 of

2752 1473 86 31 Surge.
2844 1481 33 20 iks,
2890 1470 99 30 Ireland,
3003 1468 134 26 Licentiate
3160 1467 25 24 in
3200 1466 129 32 Tharmacy
3347 1465 47 25 and

2752 1507 143 31 Midwuory,
2915 1505 44 31 do.,
2979 1504 43 32 do.,
3050 1501 130 28 Licentiate
3201 1500 25 26 in
3252 1500 142 33 Midwifery,

2753 1541 115 34 Anglesia
2882 1540 112 33 Lying-in
3128 1534 96 34 Dublin,
3235 1536 45 25 and
3290 1536 105 26 Member

2752 1579 27 24 of
2789 1579 41 24 the
2843 1574 98 28 Medical
2953 1574 74 25 Board
3038 1574 26 25 of
3077 1571 105 27 Victoria
3192 1571 46 24 and
3248 1571 56 24 New
3320 1570 75 25 South

2754 1610 85 31 Wales.

2783 1657 41 26 Dr.
2837 1656 94 26 Morton
2940 1654 44 26 has
2990 1653 57 28 been
3057 1653 179 26 Demonstrator
3243 1650 26 27 of
3276 1650 119 31 Anatomy

2755 1693 38 24 for
2813 1690 91 27 several
2924 1696 68 26 years
3011 1688 45 26 and
3077 1688 93 25 teacher
3190 1686 26 25 of
3237 1686 39 24 the
3294 1682 102 28 Medical

2756 1726 108 27 Sciences
2875 1728 25 22 at
2911 1723 81 32 Leeds,
3004 1721 115 34 England.

2756 1775 103 27 Address
2870 1774 41 26 Dr.
2920 1773 100 30 Morton,
3031 1774 24 24 at
3062 1771 42 26 Dr.
3112 1768 127 34 O'Kelly's,
3247 1766 150 29 Coal-street.

2757 1857 53 69 D
2857 1853 22 26 R

3122 1848 88 27 KE
3256 1846 19 25 L
3308 1846 19 25 L

2863 1979 130 22 SURGEON
3015 1978 60 21 AND
3100 1974 180 25 JLCCOOCHEUJ

3257 2004 23 32 4

3026 2055 57 25 Late
3103 2054 26 25 of

2775 2132 205 29 COLLING
2993 2131 136 32 WOOD,

2758 2213 60 34 May
2829 2216 27 27 be
2867 2211 120 31 consulted
2999 2217 24 22 at
3034 2213 37 25 his
3085 2220 7 17 i

2819 2296 26 27 of
2861 2296 57 26 New
2937 2293 108 32 Zealand,
3078 2283 14 35 I

2938 2373 46 27 aud
2996 2373 61 26 from

2971 2522 50 26 Vll
3050 2519 92 29 O'KEL

2761 2602 253 33 WILLIAMS'
3045 2601 90 33 MED

2840 2677 3 40 I
2850 2678 113 36 Opposite
2974 2678 39 26 the
3024 2677 70 27 Bank
3104 2677 27 25 of

2939 2749 172 31 Charleston,
3127 2749 101 33 h**ii<s;

2762 2820 64 32 And
2840 2824 27 27 at
2883 2819 189 40 Revell-street,
3095 2820 140 41 Hokitika,
3255 2824 53 31 and
3327 2824 64 31 Rich-

2900 2900 81 29 mond
2996 2900 87 40 Quay,
3098 2900 173 40 Greymouth.

3007 2999 12 29 I
3109 2996 5 7 '

2820 3056 23 26 A
2864 3054 77 28 Select
2961 3055 149 25 Assortment
3135 3057 26 25 of
3187 3051 108 33 (eiiuine
3317 3059 79 32 Drug*

2878 3118 86 25 Patent
2975 3116 133 34 Medicines,
3119 3118 147 35 Perfumery,
3274 3120 45 26 and
3326 3120 79 28 Toilet

2878 3179 130 32 Requisites

2818 3241 168 35 Prescriptions
2997 3241 113 34 carefully
3123 3244 109 33 prepared
3385 3248 22 18 n

2803 3302 3 38 .
2819 3303 74 27 Teeth
2905 3303 125 31 extracted,
3042 3302 82 33 scaled,
3136 3313 26 17 or
3173 3307 94 33 stopped
3408 3310 9 22 I

2848 3372 51 25 orse,
2910 3363 277 37 and^Cattle.Medicines
3199 3366 87 35 always
3297 3378 29 17 on
3338 3370 61 26 hand
3413 3363 4 38 j

2951 3469 61 26 Note
3022 3470 40 25 the
3074 3471 132 24 Addrcsi—

2755 3541 56 31 The
2837 3541 103 31 Corner
2963 3539 119 40 opposite
3104 3538 59 31 the-
3177 3539 77 30 Bank
3281 3537 30 32 of
3328 3537 38 32 N<

3012 3596 121 31 Zealand.
3362 3596 9 26 /

2930 3679 33 39 J.
2983 3678 54 40 W.
3058 3678 167 49 Griffiths,

2756 3770 212 30 CHEMIST
3015 3771 92 27 AND
3153 3771 246 29 DRUGGIST.

2902 3841 177 39 Main-street,
3093 3841 164 39 Charleston,
3375 3832 24 40 I

2757 3913 26 23 SI
2877 3911 112 34 Opposite
3010 3911 40 26 the
3068 3910 115 27 Hibernia
3201 3910 78 27 Hotel.
3377 3899 22 38 1

2793 3981 110 42 >R.
3023 3980 341 33 TRENERY

2926 4023 34 27 Of
2975 4022 40 27 the
3025 4022 65 26 Lock
3100 4022 118 34 Hospital,

2867 4057 105 32 London,
2988 4056 101 34 Sydney,
3105 4057 45 26 and
3166 4057 122 26 Hokitika.
3356 4052 8 46 j

2787 4130 38 27 On
2836 4128 139 35 complaints
2986 4129 27 25 of
3022 4134 15 20 a
3051 4127 91 34 strictly
3153 4128 91 35 private
3254 4132 70 23 natur

2756 4163 142 37 —Syphilis,
2910 4162 131 33 Secondary
3054 4163 94 32 Effects,
3161 4163 163 30 Gonorrhoeae

2757 4200 124 31 Stricture,
2898 4197 111 34 Debility,
3027 4198 141 33 Impotence,
3187 4189 137 38 Semina'rl

2757 4243 60 23 ness,
2829 4242 25 19 or
2870 4233 207 35 Spermatorrhoea,
3093 4233 177 33 Despondency,
3280 4234 44 26 Nei

2757 4278 60 22 ness,
2830 4270 127 33 Eruptions
2968 4268 24 25 of
3011 4267 40 25 the
3067 4268 67 30 Skin,
3151 4267 59 25 Loss
3221 4269 26 24 of
3255 4268 69 27 .Hair

2757 4304 28 10 mi
2837 4308 9 6 i
2864 4303 31 11 Tti
2952 4301 59 13 a-ji
3011 4299 5 8 1
3023 4309 38 5 -—
3086 4302 26 12 ni
3192 4302 18 12 i.:
3267 4301 57 13 ni._

2757 4339 134 33 Swellings,
2901 4338 46 26 and
2957 4337 32 26 all
2999 4338 109 25 Diseases
3118 4337 127 26 incidental
3255 4341 26 24 to
3291 4339 19 24 F

2757 4378 62 23 most
2830 4371 155 34 successfully
2996 4371 95 27 treated.
3300 4376 10 21 i

2786 4410 42 27 Dr.
2839 4410 105 32 Trenery
2954 4407 68 27 takes
3039 4407 47 26 this
3103 4407 152 35 opportunity
3270 4408 27 25 of
3304 4411 7 23 1

2756 4447 53 26 that
2820 4446 35 31 he,
2867 4444 106 36 perhaps,
2990 4443 20 27 is
3029 4450 64 20 more
3110 4442 109 34 qualified
3235 4447 25 23 to
3279 4442 51 30 trea'

2756 4483 73 25 above
2840 4480 140 33 complaints
2989 4479 57 25 than
3057 4486 92 25 anyone
3156 4487 31 17 on
3194 4480 40 24 the
3241 4480 69 26 West
3318 4482 15 26 C

2759 4517 89 31 having
2858 4513 45 28 had
2914 4517 29 22 30
2960 4514 75 32 years'
3054 4512 110 34 practical
3180 4513 144 33 experience,

2756 4550 116 36 profound
2883 4547 78 34 study,
2980 4547 65 27 aided
3062 4548 30 33 by
3110 4547 38 26 his
3168 4546 105 36 splendid
3293 4550 39 25 Lifc

2759 4586 146 34 microscopic
2925 4584 140 32 researches,
3085 4588 25 23 to
3131 4588 47 22 test
3199 4583 47 26 and
3262 4586 70 26 deteci

2757 4625 52 24 true
2827 4624 85 23 nature
2928 4620 26 26 oi
2972 4618 146 35 complaints,
3137 4619 38 26 for

2868 4656 37 26 his
2915 4654 152 33 magnificent
3086 4653 45 29 and
3149 4653 75 35 costly
3240 4654 92 43 cpllec||

2757 4691 115 27 scientific
2888 4689 46 28 and
2952 4689 96 27 modern
3063 4692 164 30 instruments,
3247 4691 39 26 the
3298 4681 33 36 si

2757 4729 66 24 those
2834 4724 122 36 employed
2975 4725 25 25 in
3010 4725 41 28 the
3063 4725 98 27 London
3178 4726 46 27 and
3233 4725 69 28 Paris
3312 4717 19 37 I

2756 4762 53 31 tala,
2816 4762 59 26 with
2884 4762 67 25 these
2961 4760 144 33 advantages
3122 4762 30 25 he
3163 4765 139 28 guarantees
3312 4769 20 18 si

2756 4796 45 27 and
2811 4797 138 34 permanent
2959 4803 61 19 cure.
3327 4800 5 24 I

2785 4830 52 29 The
2847 4832 83 27 victim
2941 4832 27 26 of
2979 4830 127 28 self-abuse
3116 4831 20 27 is
3147 4830 117 34 earnestly
3274 4840 57 26 requ

2756 4872 24 22 to
2791 4866 92 28 coniult
2893 4867 42 27 Dr.
2945 4868 111 31 Trenery.
3324 4879 8 13 j

2822 4945 147 27 PRIVATE
2985 4943 210 29 CONSULTING
3210 4943 110 29 ROOMS

3312 4983 9 15 A

2784 5024 42 27 Dr.
2838 5023 105 33 Trenery
2954 5023 55 35 begs
3026 5026 24 23 to
3065 5023 89 26 inform
3168 5022 37 27 his
3223 5030 15 26 p

2759 5068 49 26 any
2818 5059 86 36 parties
2914 5059 52 28 that
2982 5068 56 26 may
3053 5058 59 27 wish
3128 5061 26 23 to
3170 5066 68 19 consn

2754 5096 38 26 his
2803 5100 52 29 stay
2865 5096 25 25 in
2901 5094 138 29 Charleston
3056 5092 46 26 will
3111 5094 27 26 be
3149 5094 27 26 of

2783 5145 93 27 Letters
2886 5145 30 31 by
2928 5145 64 31 Post,
3013 5143 119 33 enclosing
3152 5143 47 26 Fee

2754 5179 61 35 fully
2826 5179 110 28 attended
2953 5182 30 23 to.
3015 5179 129 27 Medicines

2752 5219 53 30 part
2815 5216 27 24 of
2853 5215 40 25 the
2905 5213 107 28 colonies.

2782 5249 126 28 Address:
2935 5249 162 35 Camp-street,
3118 5256 26 19 nc

2752 5285 167 27 Dixon'sSoda
2928 5286 83 26 Water
3020 5285 87 26 Manui
3107 5276 37 26 a^
