2529 4039
41 46 147 418 THE
237 46 146 418 NEW
432 46 341 418 ZEALAND
822 46 342 418 GAZETTE
1213 46 146 418 AND
1408 46 488 418 WELLINGTON
1945 46 488 418 SPECTATOR.

560 507 215 40 PUBLISHED
820 506 132 39 EVERY
997 501 260 42 WEDNESDAY
1300 500 90 39 AND
1434 496 230 42 SATURDAY
1709 498 207 38 MORNING.

75 633 59 32 No.
155 627 90 40 286.]

606 623 111 32 PORT
734 621 257 39 NICHOLSON,
1012 610 273 42 WEDNESDAY
1305 617 215 36 MORNING,
1541 616 196 33 OCTOBER
1757 621 29 32 4,
1813 617 88 30 1843.

2233 612 93 42 [Vol.
2348 612 55 32 IV.

162 723 55 21 For
229 721 118 21 London
363 720 94 24 direct,

173 755 91 27 rpHE
289 755 46 21 fine
363 754 44 22 fast
429 752 89 26 sailing,
543 752 22 22 A
584 753 19 25 1,

58 789 87 23 Wmm*.
179 774 30 31 A
248 781 109 22 schooner
370 780 86 22 LADY
471 779 106 23 LEIGH,

50 802 112 34 JHfeSSk
186 810 41 21 109
236 813 62 22 tons,,
301 807 106 26 burthen,
419 805 46 23 will
482 805 42 23 sail
539 806 68 21 about

186 836 39 22 the
236 837 33 21 Ist
278 835 136 22 November.

34 861 135 43 ,C^Sp^
215 873 54 23 This
278 871 73 23 vessel
361 871 20 22 is
386 869 109 33 expected
504 869 23 22 in
539 869 70 21 about

189 903 39 19 ten
237 899 56 28 days
302 899 58 21 from
371 904 13 16 a
392 898 44 27 trip
445 898 34 20 via
489 896 118 22 Auckland

35 934 40 24 and
88 930 92 28 Sydney,
194 927 44 22 and
257 933 25 15 as
297 925 41 22 her
353 928 66 23 cargd
436 924 20 22 is
470 923 77 27 ready,
565 922 44 22 will

36 963 51 21 meet
95 957 50 24 with
155 953 127 25 immediate
292 951 115 29 despatch.

59 995 38 22 For
104 996 90 24 passage
203 988 59 27 only,
274 986 68 28 apply
351 989 24 18 to

341 1020 83 22 Waitt
440 1019 44 23 and
497 1018 84 22 Tvseß.

60 1058 135 26 Wellington,
206 1052 131 29 September
348 1054 33 25 19,
393 1052 61 21 1843.

158 1106 119 25 Passage
292 1104 31 20 to
346 1103 127 20 London.

177 1137 91 30 rjIHE
280 1138 65 25 Tyne,
356 1136 69 26 being
435 1134 73 23 under
516 1141 95 20 engage-

56 1157 106 38 JgjSfe^
184 1157 30 30 JL
252 1167 63 19 ment
335 1167 23 18 to
376 1162 52 22 load
446 1162 56 21 wool
521 1165 23 18 at
560 1160 53 22 Port

38 1185 135 37 >m||EEJ»
191 1191 89 28 Phillip,
297 1189 83 23 should
393 1188 148 22 inducement
550 1186 61 28 offer,

38 1210 138 42 mBjKUm
191 1219 39 21 she
247 1217 45 22 will
308 1217 45 22 call
367 1216 53 22 here
437 1223 29 14 on
476 1215 41 22 her
527 1221 50 21 way
590 1217 22 18 to

62 1288 37 22 For
113 1291 90 23 passage
214 1282 59 28 only,
284 1281 84 32 haying
377 1279 99 27 superior
489 1284 125 16 accommo-

38 1315 85 25 dations,
134 1311 66 29 apply
210 1313 23 18 to
243 1308 94 29 Captain
349 1307 132 25 Robertson,
494 1313 24 14 or
527 1308 23 19 to

289 1343 113 21 Bethune
417 1340 45 22 and
477 1339 110 22 Hunter.

62 1379 140 26 Wellington,
212 1376 88 27 August
310 1376 34 26 15,
357 1375 60 25 1843,

139 1430 40 19 On
193 1427 68 24 Sale,
277 1431 37 15 ex

40 1463 123 50 HAMS,
174 1459 83 25 bottled
268 1459 60 26 beer,
340 1458 77 27 coffee,
428 1456 92 29 pickles,

120 1488 57 23 Steel
186 1494 54 22 pens
250 1486 46 22 and
305 1485 98 26 holders,

66 1515 91 24 Manilla
164 1522 61 20 rope,

66 1543 109 28 Superfine
184 1542 63 25 flour,
257 1539 69 27 cider,
337 1538 93 28 brandy,

65 1569 97 24 Mustard
174 1569 43 22 and
228 1566 79 27 starch,
319 1574 62 19 soap,

39 1601 10 24 I
64 1597 105 25 Oatmeal,
181 1596 59 22 linen
251 1593 110 28 sheeting,

64 1623 111 26 Blankets,
185 1621 90 27 Turkey
286 1621 48 26 figs,

64 1651 87 25 Cheese,
161 1652 86 19 mutton
257 1647 72 27 hams,

65 1677 43 28 Kip
116 1677 45 22 and
170 1675 47 23 sole
226 1675 92 26 leather,

66 1704 96 23 Colonial
170 1703 56 26 beef,
234 1709 28 15 ox
270 1705 102 23 tongues,
379 1700 78 22 raisins
467 1698 45 24 and
520 1702 101 19 currants

65 1731 111 27 Whiskey,
186 1736 92 20 oranges
289 1728 45 22 and
343 1728 94 25 lemons,
447 1727 42 22 &c.

249 1757 134 24 RIDGWAtfS,
395 1755 108 25 GUYTON,
519 1754 20 21 &
553 1753 40 22 Co.

64 1785 95 22 October
169 1785 20 25 3,
200 1784 61 20 1843.

84 1830 42 22 HE
148 1826 200 25 GENTLEMAN
370 1826 38 22 OF
428 1825 128 25 SYDNEY
571 1825 49 21 who

110 1864 43 14 was
188 1856 71 26 Eager
291 1858 23 17 to
325 1854 84 21 borrow
420 1860 13 14 a
444 1852 71 23 Black
525 1852 57 22 Coat
588 1852 34 21 for

41 1892 13 14 a
62 1884 80 22 certain
153 1889 99 21 purpose,
263 1882 41 21 but
313 1887 47 15 was
374 1882 42 20 not
430 1887 25 15 so
489 1879 72 27 Eager
600 1883 21 16 to

42 1911 45 21 take
97 1908 37 24 the
144 1910 51 21 hint
204 1913 23 18 to
236 1911 76 19 return
322 1908 18 21 it
349 1907 23 22 in
388 1906 146 28 twenty-four
546 1905 76 26 hours,

41 1945 21 15 si
69 1937 27 23 he
106 1943 45 15 was
160 1935 115 29 requested
290 1942 23 14 so
325 1939 23 17 to
358 1934 56 21 do—
417 1934 79 21 Notice
510 1932 19 23 is
539 1932 84 28 hereby

42 1965 66 27 given,
120 1963 49 22 that
184 1962 73 22 unless
273 1961 29 22 he
319 1960 153 27 immediately
483 1964 87 17 returns
586 1959 37 21 the

43 1991 42 21 said
101 1990 68 22 Black
189 1989 55 21 Coat
261 1992 21 17 to
303 1988 44 21 Mr.
360 1987 28 21 N.
401 1987 91 27 Lewyn,
510 1994 25 13 or
552 1990 22 17 to
588 1985 35 22 his

43 2018 69 26 Agent
122 2019 23 19 at
154 2015 103 22 Barrett's
275 2013 79 27 Hotel,
364 2012 130 23 immediate
510 2014 60 26 steps
580 2011 44 23 will

41 2044 27 21 he
79 2044 63 21 taken
154 2046 21 18 to
185 2049 90 15 recover
285 2041 37 21 the
332 2047 69 15 same.

68 2070 141 24 Wellington,
222 2068 131 24 September
362 2069 34 24 30,
408 2068 60 21 1843.

207 2115 77 20 Meat
305 2114 150 24 Company.

46 2148 86 50 THE
152 2146 236 27 UNDERSIGNED,
407 2145 85 28 having
510 2145 57 21 been
588 2152 36 20 ap-

113 2174 90 29 pointed
219 2174 110 26 Manager
339 2173 25 21 of
379 2173 35 20 the
428 2173 65 21 Meat
503 2172 121 27 Company,

46 2203 49 27 begs
104 2206 22 17 to
136 2208 116 16 announce
262 2200 48 22 that
325 2207 14 14 a
349 2200 87 26 regular
445 2199 79 27 supply
534 2199 25 21 of
568 2199 56 25 beef,

46 2232 88 23 mutton,
156 2228 44 22 and
217 2228 55 28 pork
288 2235 53 19 may
362 2225 81 28 always
462 2226 27 21 be
508 2223 116 30 depended

46 2264 55 19 upon
113 2261 22 16 at
146 2256 42 21 this
198 2254 174 23 establishment.
382 2273 3 3 .

73 2289 29 21 As
125 2288 44 22 this
191 2287 116 28 Company
326 2293 107 25 purposes
452 2286 80 25 selling
550 2288 24 18 at
591 2285 33 21 the

46 2315 72 22 lowest
127 2315 71 28 prices
208 2318 23 18 at
244 2313 73 23 which
327 2317 19 17 it
360 2313 18 21 is
386 2312 72 22 found
467 2313 37 20 the
515 2315 61 18 meat
588 2319 36 15 can

46 2343 27 21 be
83 2341 103 28 afforded,
197 2341 38 22 the
243 2340 152 27 undersigned
404 2340 19 20 is
436 2339 54 27 only
499 2338 125 24 authorized

47 2372 22 18 to
78 2370 47 26 give
131 2376 53 19 very
190 2367 85 23 limited
286 2367 77 26 credit,
371 2366 46 22 and
424 2366 40 21 has
470 2366 57 22 been
536 2366 88 22 ordered

47 2399 21 19 to
83 2400 47 23 stop
144 2395 31 23 all
188 2397 104 20 accounts
308 2393 73 22 which
395 2400 37 14 are
449 2398 41 16 not
504 2392 52 28 paid
571 2400 53 21 upon

48 2422 97 23 demand.

73 2456 43 22 The
125 2456 103 23 business
237 2455 24 22 of
270 2455 37 22 the
318 2454 114 27 Company
442 2453 21 22 is
471 2453 86 22 carried
567 2461 28 14 on
605 2453 19 22 in

48 2482 53 23 their
115 2491 49 14 new
179 2482 108 27 building,
299 2482 89 21 erected
406 2482 100 20 between
527 2480 97 23 France's

49 2510 64 23 Hotel
132 2510 43 23 and
194 2510 38 21 the
249 2509 59 22 head
325 2508 27 22 of
366 2508 37 22 the
420 2508 55 27 Bay,
494 2507 45 22 and
554 2507 70 27 nearly

49 2538 93 27 opposite
153 2541 23 18 to
186 2536 45 23 Mr.
242 2535 83 29 Lyon's
336 2536 69 21 Store.

316 2569 38 22 W.
368 2569 102 26 Fltger,
487 2569 116 26 Manager.

75 2597 126 23 November
209 2599 34 24 23,
255 2597 60 22 1842.

215 2643 76 21 Meat
306 2642 151 26 Company.

174 2674 337 24 VEGETABLES.

53 2702 170 52 SHIPPING
236 2702 46 22 and
297 2698 105 26 Families
419 2708 42 14 can
474 2701 29 21 l>e
520 2700 104 28 regularly

101 2729 101 29 supplied
210 2729 53 24 with
273 2728 31 24 all
311 2728 148 27 descriptions
466 2728 28 21 of
499 2727 125 28 vegetables.

325 2762 37 22 W.
373 2762 102 26 Flyoer,
489 2761 116 27 Manager.

76 2791 126 27 September
210 2792 33 25 29,
256 2790 61 22 1843.

207 2836 79 21 Meat
317 2835 152 26 Company.

280 2868 125 23 BUTTER

50 2896 157 50 ALWAYS
222 2903 29 14 on
261 2895 70 27 hand,
348 2895 44 20 and
409 2898 22 17 to
445 2893 30 22 be
490 2891 53 29 had,
555 2892 69 22 whole

125 2924 47 22 sale
191 2922 42 23 and
253 2921 72 27 retail,
346 2924 23 19 at
388 2920 38 23 the
449 2921 81 21 lowest
548 2919 76 22 rnarke

49 2951 64 28 price,
129 2957 15 16 a
160 2950 62 26 large
240 2948 82 28 supply
336 2947 27 22 of
377 2947 38 22 the
429 2947 129 22 celebrated
574 2947 50 22 Cow-

49 2981 86 24 pasture
146 2976 46 23 and
200 2975 118 23 Terawitte
332 2974 71 28 Dairy
414 2974 87 21 Butter.

322 3007 38 22 W.
373 3007 103 26 Fltger,
494 3007 116 27 Manager.

76 3035 131 30 September
216 3036 33 25 29,
260 3035 62 21 1843.

210 3081 78 21 Meat
322 3080 152 25 Company.

280 3112 132 23 CHEESE.

53 3135 90 38 rjriHE
158 3141 89 22 MEAT
268 3139 156 23 COMPANY
443 3142 93 24 expects
555 3138 69 28 shortl;

60 3161 27 31 X
125 3172 24 19 to
158 3169 87 21 receive
254 3167 90 28 regular
349 3166 98 32 supplies
453 3166 25 21 of
487 3166 85 22 Cheese
583 3165 41 23 fron

52 3195 36 22 the
99 3195 141 29 Cowpasture
250 3190 46 27 arid
304 3194 122 22 Terawitte
432 3192 98 23 Dairies.

296 3248 2 5 ,
323 3227 37 23 W.
377 3227 102 26 Flygerj
495 3226 117 27 Manager.

78 3256 129 26 September
216 3257 32 25 29,
259 3256 62 22 1843.

221 3300 77 22 Meat
312 3301 152 27 Company,

54 3335 70 49 AN
153 3328 200 29 APPRENTICE
382 3329 89 37 t'o.^the
495 3332 104 23 business
622 3331 2 22 i

129 3361 97 23 wanted.
254 3361 45 23 For
316 3361 141 28 particulars,
474 3359 68 29 apply
559 3366 29 15 on
603 3357 21 24 th

53 3388 112 28 premises.
370 3391 2 6 '
386 3385 2 5 '

89 3434 10 6 „
137 3426 5 13 :
234 3432 4 7 ,
324 3414 41 22 W;
377 3414 103 27 Fx-YQERi
496 3413 118 27 Manager.

81 3441 246 28 September.29,lß43.
351 3461 7 6 _,

151 3483 13 29 ';
206 3504 3 3 .
226 3485 77 22 Me-at
316 3483 151 29 Company;

51 3519 187 52 WANTED,
254 3526 14 14 a
275 3518 72 23 vessel
357 3517 26 23 of
396 3518 70 22 about
474 3518 29 23 SO
511 3521 59 26 tons;
582 3521 23 18 to
614 3518 10 22 b

149 3546 54 32 kept
220 3545 128 30 constantly
363 3545 119 27 employed
496 3545 24 22 in
538 3542 86 30 bringiri

52 3573 62 49 {tigs,,
119 3576 24 19 at
152 3580 15 14 a
175 3571 61 23 fixed
244 3571 62 28 price
315 3571 134 28 perjptiund,
456 3571 58 24 from
524 3571 39 22 the
573 3576 51 18 coast

62 3608 25 15 or
95 3599 46 23 this
151 3597 178 25 establishment.

151 3646 5 7 t
237 3630 3 6 '
379 3621 31 25 Fi
412 3630 78 22 YGER,,
496 3624 118 27 Manager.
622 3647 2 5 _

106 3689 4 4 .
134 3665 22 30 V;
203 3669 141 22 Situation
366 3669 134 24 Wanted.,
595 3688 3 5 .

55 3691 101 37 rjn'WQ'
166 3703 76 22 young
256 3702 59 19 men,
329 3695 48 28 just
393 3693 89 23 arrived
492 3695 29 27 by
532 3690 38 26 the
579 3695 45 21 Mar

62 3728 28 19 JL
95 3723 6 15 ;
101 3732 5 4 -
113 3721 4 14 ;
151 3721 58 24 from
230 3721 106 28 London,
356 3728 37 16 are
413 3721 95 22 anxious
527 3724 23 19 to
569 3721 55 23 obtai

53 3750 121 27 situations,
185 3749 48 23 and
250 3748 44 23 will
311 3749 29 21 be
356 3747 70 23 found
443 3747 86 28 willing
543 3750 24 20 to
579 3748 45 22 mak

54 3777 133 26 themselves
206 3775 117 29 generally
341 3774 83 23 useful:
459 3774 45 22 For
522 3772 102 25 referenci

54 3804 68 30 apply
130 3806 25 20 to
163 3803 40 23 the
213 3799 164 31 undersigned.
393 3816 2 11 ;
395 3815 2 12 :
418 3815 3 12 ,
458 3821 19 5 ..
515 3815 22 9 >..
574 3824 5 1 _
602 3823 4 3 .

70 3833 31 24 ;•'
175 3827 165 30 /•','■■.,_<
365 3848 18 6 ■
401 3827 215 28 SAyUgL,R-BVAN,S.

63 3888 27 17 su
113 3888 19 14 i'<
156 3896 4 5 .
186 3871 10 22 '-
210 3894 16 5 -•
240 3869 224 29 JWi«t!*eceiTedV:

55 3898 127 37 T>IiANS
204 3906 30 25 of
240 3927 2 4 .
246 3916 3 15 i
252 3905 40 26 the
296 3926 3 4 .
313 3905 71 23 Town
393 3904 38 26 jof
445 3903 84 24 iWuLti
530 3911 32 16 no
564 3904 59 23 irok.i

56 3927 137 46 JbTlt^w.
203 3932 73 34 'p,f,the
287 3931 113 28 Harbour,
405 3930 26 24 of
445 3931 58 23 Eort
518 3930 106 26 Nicholsp

817 716 35 21 W.
870 715 34 22 M.
919 713 108 27 SMITH,

639 762 57 15 LATE
707 759 232 18 SURVEYOR-GENERAL
949 759 29 14 TO
989 758 46 15 THE
1050 758 53 14 MEW
1118 756 103 16 ZEALAND

870 784 114 21 COMPANY,

668 819 136 26 Surveyor,
819 814 212 29 Draughtsman,
1047 814 56 22 arid
1117 814 77 21 Land

878 844 102 26 Agent.

640 880 172 28 Tinakori-road,
823 880 101 26 January
936 876 21 30 4,
970 880 62 21 1843.

642 939 87 51 FOR
739 937 87 27 SALE;
842 944 31 15 ex
884 938 117 26 Margaret,
1012 936 51 26 &c,

713 966 23 21 25
750 965 78 22 tierces
837 965 58 27 beef,
901 988 3 3 ,

670 994 12 20 3
696 995 44 19 tons
750 990 95 24 colonial
857 991 53 31 hay,

670 1021 13 20 3
697 1021 44 19 tons
753 1019 21 21 Si
777 1026 37 14 am
824 1024 74 21 sugar,

670 1048 27 20 30
711 1046 79 22 barrels
799 1046 87 22 bottled
896 1045 42 27 ale,

671 1075 26 19 50
711 1073 65 21 boxes
783 1075 45 21 tea,

671 1101 27 20 50
711 1099 34 22 ash
760 1106 56 19 oars,

671 1128 27 20 30
712 1129 44 19 tons
765 1127 58 26 coal,

673 1153 56 27 Port,
737 1153 84 28 sherry,
832 1153 45 22 and
893 1152 102 22 Madiera
1003 1152 25 21 in
1044 1150 77 27 bottle,
1133 1149 95 23 Ruther-

644 1181 50 21 ford
705 1180 38 22 and
753 1180 94 27 Drury's
856 1179 80 27 brand,

673 1207 94 28 Liquers,
779 1207 23 21 in
813 1206 75 22 dozen'
896 1212 69 21 eases,

674 1234 145 27 Champagne,
882 1254 2 4 .
935 1245 3 4 •
987 1249 9 8 

674 1260 91 27 Brandy,
775 1268 58 18 rum,
845 1256 44 26 and
898 1259 38 28 gin
946 1259 25 22 in
981 1256 75 29 hhds.,

673 1289 26 20 30
714 1292 44 17 tons
767 1287 50 22 best
826 1287 92 27 Sydney
930 1284 65 28 flour,

675 1316 27 20 50
715 1317 46 19 tons
770 1313 89 23 Chilian
869 1313 65 27 flour,
948 1320 28 15 ex
988 1312 108 25 Cheerful.

960 1352 84 22 Waitt
1059 1351 46 22 and
1118 1350 86 23 Tyser.

774 1412 42 20 On
831 1411 71 25 Sale,
916 1416 36 15 ex

648 1444 175 51 WINDOW
838 1444 98 22 GLASS
950 1445 83 25 20+16
1044 1447 22 17 to
1078 1444 76 26 10+8,

740 1471 97 23 Leather
837 1482 27 5 —
866 1471 46 21 sole
922 1471 44 21 and
981 1470 115 28 calf-skin,

678 1499 54 22 Boat
739 1499 96 21 anchors
844 1498 47 22 and
900 1498 85 26 chains,

679 1527 35 21 An
724 1529 128 19 astortment
861 1525 26 21 of
897 1524 86 22 hollow-
990 1531 64 20 ware,

680 1553 127 21 Glass-ware
809 1563 26 4 —
837 1552 135 27 comprising
981 1550 61 29 plain
1052 1550 46 22 and
1108 1553 38 19 cut
1155 1550 80 22 dinner

651 1580 96 25 services,
765 1579 75 30 wines,
857 1578 114 27 tumblers,
990 1578 112 27 druggists
1116 1577 119 27 furniture,

651 1606 61 23 show
721 1606 85 27 glasses,
818 1605 44 23 and
873 1605 63 27 vials,
948 1605 48 26 &c.

681 1633 69 22 White
760 1632 52 23 lead
821 1632 45 22 and
877 1632 62 22 sheet
947 1628 60 30 lead,

682 1660 68 24 Prime
762 1659 58 23 Irish
829 1659 63 28 pork,
904 1659 51 28 split
964 1665 60 21 peas,
1035 1658 42 22 &c.

912 1697 112 22 Bethune
1040 1696 46 22 and
1099 1696 110 22 Hunter.

683 1725 124 28 September
817 1726 20 25 1,
849 1726 62 20 1843.

784 1771 89 20 Town
891 1769 30 21 of
933 1769 169 21 Manewatu.

657 1805 85 49 THE
765 1803 216 23 PROPRIETORS
1004 1802 27 22 of
1056 1802 38 21 the
1116 1801 61 22 three
1192 1801 48 21 first

739 1831 89 22 choices
843 1833 23 19 at
875 1831 38 21 the
931 1830 44 22 last
989 1829 107 22 selection
1108 1828 26 22 of
1147 1832 92 22 country

655 1858 69 27 lands,
734 1858 83 27 having
837 1856 139 23 determined
988 1863 63 20 upon
1068 1855 38 22 the
1124 1855 40 22 site
1178 1855 35 22 for
1227 1862 14 14 a

671 1892 87 22 TOW
774 1891 43 22 ON
832 1891 65 22 THE
914 1889 189 24 MANEWATU
1118 1889 106 25 RIVER,

656 1920 56 21 after
717 1920 73 20 several
798 1920 61 19 visits
869 1922 22 17 to
901 1918 35 21 the
946 1916 190 32 neighbourhood,
1147 1915 46 23 and
1204 1915 37 23 the

656 1950 57 18 most
729 1946 83 23 careful
831 1945 46 22 and
895 1945 84 21 minute
997 1943 153 22 examination
1165 1941 26 23 of
1204 1942 37 22 the

658 1978 68 17 <!utive
739 1973 92 26 district,
847 1971 67 22 aided
929 1971 31 27 by
969 1971 37 21 the
1023 1969 146 29 prpfessional
1183 1967 57 28 skill,

657 2000 26 23 k..
689 1999 100 27 uwledge,
810 1999 44 21 and
868 1998 131 27 experience
1015 1997 26 21 of
1052 1997 42 20 the
1108 1997 64 20 most'

657 2030 73 24 petent
736 2025 88 28 judges,
841 2031 93 21 propose
949 2027 23 18 to
988 2023 55 22 offer
1054 2023 35 21 for
1106 2021 103 29 disposal,
1221 2026 21 17 at

802 2052 37 21 the
854 2054 89 25 present
951 2051 61 26 time,
1024 2049 70 23 about

659 2082 214 24 TWENTY-FIVE
908 2082 106 26 ACRES,
1054 2080 37 23 IN
1129 2080 113 22 ALLOT-

631 2115 2 4 •
661 2112 105 26 MENTS,
783 2110 85 23 EACH
891 2108 38 23 OF
954 2108 64 22 ONE
1039 2107 151 25 QUARTER
1205 2106 37 23 OF

870 2136 44 22 AN
931 2135 91 22 ACRE.

685 2173 45 21 The
736 2175 49 25 spot
795 2171 50 22 thus
854 2169 98 23 selected
964 2176 112 21 possesses
1086 2168 38 22 the
1134 2172 57 18 most
1207 2175 35 15 ex-

659 2199 80 22 tensive
753 2199 101 26 frontage
869 2200 23 18 to
911 2197 54 26 deep
978 2200 68 18 water
1063 2195 26 21 of
1100 2202 44 24 any
1160 2202 27 14 on
1208 2194 34 24 the

659 2227 64 22 river.
748 2226 21 21 It
787 2225 19 21 is
826 2223 96 23 situated
936 2223 49 28 just
997 2226 24 18 at
1037 2221 50 23 that
1106 2223 63 26 point
1187 2221 55 22 from

722 2252 67 22 which
800 2258 14 15 a
823 2251 54 22 road
889 2249 71 23 would
970 2249 86 21 branch
1067 2249 34 21 off
1108 2253 22 17 to
1141 2248 37 22 the

663 2287 87 15 WOODED
774 2286 47 14 AND
842 2284 99 15 FERTILE
961 2283 118 15 DISTRICTS
1101 2280 78 17 ALONG'
1201 2282 41 15 THE

826 2312 57 14 BASE
884 2308 3 12 1
897 2311 27 14 OF
939 2310 45 15 THE
1000 2309 75 20 HILLS,

663 2339 43 23 and
717 2339 66 21 above
878 2336 37 21 the
929 2335 130 26 navigation
1072 2334 36 21 for
1117 2334 83 21 vessels
1209 2334 33 21 be-

630 2384 2 3 .
663 2373 70 15 comes
741 2366 87 23 tedious,
838 2364 24 24 if
866 2365 38 19 not
913 2363 87 26 difficult
1038 2361 23 21 Tt
1068 2361 18 21 is
1093 2360 110 23 therefore
1209 2360 33 22 the

856 2390 63 28 point
928 2390 72 21 whore
1012 2388 37 21 the
1178 2410 1 10 {

665 2426 81 23 LAND
762 2425 68 22 AND
845 2423 115 23 WATER
974 2421 165 24 CARRIAGE
1153 2421 86 22 MEET

664 2454 44 22 and
717 2453 67 21 where
795 2460 14 13 a
817 2451 70 22 Town
906 2458 59 15 must
981 2458 28 14 be
1019 2456 98 16 .formed
1135 2448 64 22 when
1210 2448 32 21 the

630 2488 2 13 i
665 2480 78 23 district
759 2479 18 22 is
788 2478 87 22 settled.
906 2478 21 22 It
936 2485 44 14 was
990 2475 99 23 selected
1105 2476 31 26 by
1145 2475 38 21 the
1196 2475 42 21 Sur

630 2515 2 7 '
666 2508 73 26 reying
749 2506 58 22 Staff
820 2510 24 17 as
854 2506 38 21 the
902 2504 137 23 rendezvous
1048 2503 37 21 for
1099 2502 59 22 their
1172 2501 60 27 body
1241 2509 1 18 ;

666 2534 40 22 and
717 2534 35 21 has
761 2534 58 21 been
829 2540 51 14 now
894 2531 76 28 found,
981 2531 57 22 after
1049 2529 89 22 several
1153 2528 89 23 months'

664 2560 98 31 location,
773 2564 23 17 to
810 2559 28 22 be
847 2559 38 22 the
896 2562 56 19 most
967 2558 169 25 advantageous
1145 2555 97 28 position,

666 2588 54 21 from
734 2588 26 21 its
774 2586 99 28 peculiar
895 2585 84 27 facility
995 2585 27 21 of
1033 2583 114 28 approach
1156 2582 55 22 both
1219 2582 23 27 by

631 2625 2 3 ■
666 2614 51 23 land
725 2614 42 22 and
774 2618 77 17 water.

695 2647 26 21 In
730 2646 151 22 cbnfirmation
893 2645 25 21 of
924 2644 38 22 the
972 2642 134 28 superiority
1116 2642 26 21 of
1150 2641 43 22 this
1204 2641 38 26 sp'ol

667 2681 52 15 over
727 2681 40 20 any
777 2673 64 22 other
848 2675 40 25 yet
897 2672 89 25 known,
997 2670 39 22 the
1047 2670 92 21 Messrs.
1148 2667 94 26 Kebbell,

631 2707 2 10 '
669 2701 55 21 after
737 2700 37 22 the
794 2700 151 22 examination
962 2698 26 21 of
1004 2697 38 22 the
1061 2696 61 22 river
1138 2695 57 22 from
1214 2694 28 21 the

631 2743 2 5 .
670 2728 82 22 Paiieiri
762 2726 47 23 Pah
820 2731 22 18 to
852 2727 29 21 its
891 2724 85 28 mouth,
987 2722 142 24 determined
1143 2729 29 14 on
1182 2724 60 19 erect-

903 2752 38 27 ing
953 2751 59 22 their

670 2788 62 23 SAW
743 2787 82 22 MILL
845 2783 233 26 IMMEDIATELY
1094 2780 148 24 OPPOSITE

669 2820 46 22 'Ihe
731 2819 69 23 works
818 2818 26 23 of
858 2819 50 22 that
926 2812 101 27 establish'
1033 2819 64 19 ment
1105 2834 3 3 .
1115 2822 37 15 are
1172 2818 23 18 at
1211 2813 31 22 this

671 2850 93 19 moment
781 2847 24 21 in
820 2846 65 28 rapid
899 2851 107 21 progress,
1024 2842 46 23 and
1089 2842 38 22 the
1145 2842 97 26 propdse'e

670 2875 64 21 Town
743 2873 45 22 will
797 2872 134 26 necessarily
936 2868 92 31 partake
1035 2870 27 22 of
1068 2869 44 22 this
1122 2868 120 27 advantage

631 2905 6 24 I
697 2907 42 22 The
759 2905 93 23 nucleus
867 2905 27 21 of
939 2904 69 22 Town
1024 2903 27 26 is,
1062 2903 24 21 in
1101 2902 51 26 fact,
1164 2900 78 27 already

671 2933 91 28 created,
770 2933 30 27 by
811 2932 37 22 the
859 2930 166 24 concentration
1042 2929 26 22 of
1083 2929 37 21 the
1132 2928 110 27 Surveyini

673 2959 55 23 Staff
732 2957 28 25 bh
769 2959 50 22 that
828 2961 57 25 spot;,
896 2957 70 32 asjhe
977 2960 75 22 centre
1068 2955 27 22 of
1105 2954 137 23 communica

673 2987 44 22 tion
727 2984 19 24 to
757 2986 37 22 the
804 2984 149 26 surrounding
963 2980 86 25 district
1055 2990 6 19 ;
1077 2982 40 22 the
1127 2982 97 22 erection
1234 2988 8 14 o

675 3014 83 21 Messrs.
769 3011 120 23 Kebbeil's'
902 3011 49 22 SaW
967 3009 64 23 Mills
1047 3007 113 30 opposite;
1176 3008 30 27 by
1219 3008 23 21 thi

673 3039 159 28 arrangements
846 3038 37 22 for
896 3044 28 15 an
942 3037 114 21 extensive
1068 3035 99 22 General
1179 3035 63 21 Store

674 3067 45 22 and
726 3067 25 26 by
760 3066 37 22 the
806 3065 45 21 late
860 3063 133 33 application
1000 3063 35 21 for
1044 3070 14 14 a
1065 3062 110 22 Licensed
1181 3062 61 22 Hous

674 3101 27 14 on
711 3093 31 22 the
751 3095 51 24 part
812 3091 25 23 of
848 3098 30 14 an
889 3089 122 25 individual
1025 3089 50 21 who
1091 3089 48 26 has,
1149 3089 63 21 since
1221 3088 21 21 th

674 3121 112 21 formation
804 3118 27 22 of
844 3117 39 23 the
899 3116 91 27 Colony,
1005 3114 100 29 pursued
1121 3122 15 15 a
1153 3115 89 23 lucrativ

631 3145 9 20 y
675 3147 59 22 trade
742 3145 54 23 with
804 3145 39 22 the
853 3143 93 27 natives,
958 3142 46 22 and
1014 3142 75 22 whose
1099 3142 143 27 knowledge*]

631 3173 9 15 a
675 3175 37 21 the
722 3171 132 28 advantages
864 3169 27 24 of
896 3167 38 25 the
943 3171 102 26 position,
1052 3169 120 28 prompted
1181 3168 61 23 him*

676 3208 53 15 once
737 3204 23 18 to
767 3199 75 28 prefer
851 3197 50 23 that
913 3196 142 29 application.
1120 3208 3 7 .
1145 3205 3 3 •
1171 3202 12 16 *s

701 3232 42 23 The
754 3230 95 24 Natives
862 3230 32 26 by
902 3228 74 23 whom
990 3227 46 22 this
1045 3227 56 25 land
1111 3232 46 17 was
1165 3227 77 23 clainie

675 3267 37 14 are
722 3258 56 29 quite
788 3255 110 30 prepared
907 3259 22 18 to
937 3253 35 29 giv
977 3262 11 14 cupe
994 3261 31 21 up
1032 3255 133 27 possession,
1172 3254 70 28 apdar

675 3286 141 26 exceedingly
826 3283 94 22 anxious
932 3285 23 18 to
970 3279 58 24 have
1038 3288 14 14 a
1063 3279 120 30 European
1191 3288 16 21 p
1203 3303 3 8 (
1208 3288 34 24 ppu

675 3313 63 22 lation
748 3317 83 20 among
841 3310 68 26 them;
919 3308 85 27 having
1021 3307 57 22 been
1087 3305 61 30 ujion
1158 3306 39 23 the
1203 3313 39 16 tnot

631 3338 11 15 18
675 3339 90 28 friendly
772 3338 87 26 footing
870 3335 53 24 with
932 3336 39 21 the
982 3335 128 28 Surveying
1120 3334 58 22 Staff
1183 3333 59 23 durin

631 3366 11 14 c
673 3367 42 28 {he.
720 3367 45 22 four
774 3373 26 15 or
809 3365 44 22 five
863 3363 89 26 mpnths
961 3362 55 27 they
1035 3361 59 22 have
1110 3361 56 22 been
1176 3361 66 22 locate

673 3394 66 24 there.
791 3416 3 7 ,
899 3408 3 5 .
912 3402 3 4 •
965 3419 4 3 .
1127 3415 3 3 .

703 3428 30 22 As
741 3427 37 22 the
786 3425 139 28 Proprietors
932 3430 97 25 purpose
1038 3425 23 19 to
1071 3422 89 28 dispose
1170 3422 27 22 of
1202 3421 40 27 but.

631 3469 10 5 -
675 3454 81 23 limited
769 3452 90 28 portion
877 3451 27 23 of
914 3448 37 25 the
966 3450 74 23 Town-
1053 3452 24 19 at
1094 3451 97 26 present,
1199 3470 4 3 .
1211 3447 31 23 the

675 3481 73 28 pledge
758 3479 136 24 themselves
902 3477 60 27 that;-
967 3481 24 18 at
999 3483 31 16 no
1049 3476 76 22 future
1134 3475 64 27 sales;
1209 3474 33 24 sha

631 3524 12 16 c
677 3509 37 22 the
724 3509 123 22 allotments
856 3506 29 22 be
895 3502 40 31 put
941 3512 30 20 up
981 3506 23 20 at
1014 3508 14 18 a
1037 3500 48 26 less
1094 3510 51 16 sum
1153 3502 56 22 than
1216 3508 26 15 no

631 3528 13 40 'g
677 3535 85 24 offered.
1229 3536 5 12 :

631 3576 11 16 l
704 3568 21 23 A
739 3563 211 31 Prospectus'^and.
957 3563 57 24 Plan
1034 3563 28 22 of
1075 3561 39 23 the
1132 3561 70 23 Town
1219 3566 23 16 wi

678 3594 80 26 shortly
765 3594 32 22 ba
804 3592 69 27 ready
882 3590 36 26 fpr
920 3590 131 28 inspection
1061 3592 30 25 ,at
1102 3589 39 22 the
1151 3588 91 25 Office

680 3622 84 22 Mesirs.
774 3615 73 26 Waitt'
854 3616 49 24 arid:
910 3617 76 29 Tyser,
996 3617 33 22 Te
1039 3617 56 22 Aro.

631 3653 13 7 ~
706 3644 335 38 W^gt'6h.Apri^2'i;if<42.
1045 3673 6 6 f
1058 3672 3 5 ,
1075 3672 5 7 j
1102 3646 4 31 ,'
1117 3651 21 28 ,;,
1160 3669 26 10 „„

631 3701 16 30 'X
681 3707 85 23 >TIHE
789 3707 80 21 Nelton
892 3707 117 21 Examiner
1033 3705 44 22 and
1098 3697 62 29 tieW
1163 3712 6 4 ■
1174 3693 68 35 stitilail,

631 3729 17 34 $
687 3728 31 29 JL
748 3734 111 22 Chronicle
875 3732 128 31 (published
1011 3735 26 19 at
1045 3731 147 27 Nebontf'ar
1202 3735 40 22 regi

639 3782 3 7 ,
677 3761 64 31 larly.
748 3759 143 30 iransjnitted
906 3764 24 18 to
937 3758 157 29 .Wellington',
1113 3756 45 24 attd
1172 3763 53 21 may
1239 3756 3 21 I

638 3790 7 12 »
679 3786 73 37 h'aHpt
760 3782 38 27 the
808 3785 65 24 bffie'e
883 3785 27 23 of
919 3785 45 24 this
972 3792 77 22 paper.
1103 3799 109 18 ...i.,v
1207 3813 7 7 r
1223 3798 19 19 .^,

706 3819 44 23 The
759 3811 80 29 tieUon
847 3811 117 28 Examiner
979 3815 46 24 will
1034 3813 109 30 bfiJTpund
1152 3822 31 16 an
1193 3820 49 18 exce

631 3849 12 15 -'
680 3847 47 22 lent
732 3845 99 26 medium
840 3845 36 22 for
885 3841 141 26 advertisers;
1054 3860 4 4 .
1177 3841 22 10 ''

707 3876 74 24 Terras
790 3876 36 22 for
834 3876 38 23 the
882 3883 77 22 paper,
965 3878 39 20 ten
1013 3874 105 28 shillings
1131 3880 40 22 per
1179 3874 63 26 quart

680 3904 89 29 payable
777 3903 26 23 in
812 3902 119 23 advance.-
946 3906 25 15 '<■*
1085 3903 23 20 ■'.'>
1124 3902 13 14 v->u
1141 3907 17 9 ->
1172 3901 14 13 v
1195 3911 12 9 «
1235 3903 7 23 '.

631 3938 18 16 n
709 3935 79 24 Orders
809 3934 36 23 for
863 3934 42 22 the
924 3937 69 25 p*p*r
1012 3931 51 25 and
1085 3930 157 25 advwtxßß'm«iii

681 3961 98 24 received
790 3963 24 21 at
822 3961 39 22 tht
871 3959 72 24 Office
952 3959 28 23 of
991 3959 46 21 this
1044 3964 79 21 paper.

1256 709 73 51 ON
1344 711 78 21 SALE
1436 714 24 18 at
1479 709 39 23 the
1537 709 70 23 Office
1627 709 23 21 of
1669 709 44 21 this
1722 720 4 5 •
1732 715 67 21 paper
1806 715 36 14 :—

1334 736 63 27 Keys
1406 737 26 22 of
1439 737 38 21 the
1487 737 70 21 Town
1567 736 26 22 of
1599 736 55 22 New
1664 734 128 29 Plymouth,

1283 763 67 22 Plans
1359 763 26 22 of
1393 764 99 27 Country
1504 763 65 22 Land
1579 762 72 22 rotrnd
1663 762 143 26 Wellington*
1816 760 24 22 in

1255 797 57 20 case,

1282 816 70 22 Plans
1362 816 26 22 of
1394 816 93 26 Nelson,
1498 816 23 22 in
1532 822 59 20 case,
1795 829 10 10 ,-.

1282 843 80 28 Copies
1378 842 26 22 of
1416 842 38 22 the
1472 842 56 22 New
1547 840 100 24 Zealand
1661 840 101 27 Journal,
1780 840 59 27 1842,

1255 869 117 27 complete,
1383 869 83 27 bound,

1284 896 133 27 Chapman's
1428 894 115 28 Portfolio,
1554 892 84 29 bound,

1284 923 74 22 Prints
1365 923 25 21 of
1395 923 94 26 Nelson,
1524 941 1 5 ,

1284 950 75 22 Prints
1369 949 26 22 of
1399 949 144 27 Wellington,

1284 977 68 22 Plans
1362 977 26 21 of
1394 976 84 22 Nelson
1491 976 23 21 in
1524 974 84 28 Sheets,

1284 1004 69 22 Plans
1364 1004 26 22 of
1395 1003 100 27 Country
1507 1002 64 22 Land
1583 1005 21 18 at
1617 1000 144 28 Wellington,

1285 1031 67 22 Plans
1362 1030 24 22 of
1395 1030 36 22 the
1440 1030 70 21 Town
1521 1028 26 22 of
1554 1029 55 21 New
1620 1028 128 28 Plymouth.

1285 1064 129 28 September
1424 1065 33 25 19,
1470 1064 62 21 1843.
1847 1087 7 5 r

1465 1109 41 20 To
1520 1108 35 21 be
1571 1108 74 24 Sold,

1260 1144 50 49 A
1341 1144 132 22 BAKER'S
1502 1143 124 22 PATENT
1658 1141 143 28 MANGLE,
1831 1149 14 14 a

1339 1171 79 22 Scotch
1428 1174 53 23 cart,
1492 1170 71 21 either
1573 1170 34 21 for
1615 1170 65 21 horse
1696 1176 26 15 or
1738 1168 105 27 bullocks,

1261 1198 116 26 complete,
1389 1205 41 14 one
1440 1200 35 19 set
1484 1197 27 22 of
1517 1197 66 22 horse
1592 1196 90 22 harness
1692 1195 46 22 and
1748 1199 42 18 two
1800 1199 44 18 sets

1261 1224 25 23 of
1292 1224 89 23 bullock
1392 1225 97 26 harness,
1501 1223 44 22 and
1555 1231 13 14 a
1578 1223 99 28 quantity
1687 1223 27 22 of
1720 1222 81 23 wheels
1811 1223 34 21 for

1261 1252 105 21 barrows.

1288 1278 76 28 Apply
1373 1281 24 19 at
1405 1278 37 21 the
1478 1278 96 21 Gazette
1606 1276 78 23 Office.

1289 1310 129 27 September
1428 1311 106 25 19,1843.

1463 1356 45 20 Ex

1265 1390 72 48 ON
1353 1389 78 23 SALE
1445 1389 30 27 by
1490 1388 37 22 the
1541 1386 183 28 undersigned-

1343 1416 83 22 Hunt's
1435 1416 101 27 superior
1546 1415 38 22 old
1593 1418 49 24 port
1653 1414 62 28 wine,
1732 1412 86 25 bottled
1825 1413 24 22 in

1265 1444 94 27 Oporto,

1292 1470 105 26 Hosiery,
1406 1469 57 27 lace,
1475 1468 46 23 and
1530 1468 94 27 netting,

1291 1496 167 26 Earthenware,
1471 1496 50 21 well
1531 1491 106 29 assorted,

1292 1523 125 27 Champion
1428 1524 19 20 &
1458 1522 61 22 Co.'s
1528 1523 93 26 vinegar
1629 1522 24 21 in
1662 1520 52 23 half
1720 1520 131 28 hogsheads.

1647 1555 90 22 Willis
1752 1555 20 22 &
1786 1555 37 22 Co.

1293 1590 146 28 Wellington,
1451 1590 90 26 August
1552 1590 33 26 14,
1596 1590 60 21 1843.

1508 1635 53 20 For
1577 1633 68 25 Sale,

1268 1666 157 52 WHEAT
1446 1665 68 22 AND
1535 1665 111 27 FLOUR,
1661 1665 38 21 the
1717 1664 97 28 produce
1832 1663 25 22 of

1365 1694 37 22 the
1413 1693 66 26 Hutt,
1489 1692 26 23 in
1529 1693 56 27 bags
1596 1692 102 27 (2008>5,)
1712 1696 24 17 at
1751 1691 34 24 £2
1799 1692 54 25 10a.,

1268 1722 50 22 half
1334 1722 54 25 bags
1406 1721 32 21 £\
1460 1722 32 19 ss.
1531 1719 60 27 Bags
1609 1722 22 19 to
1651 1719 27 21 be
1698 1717 112 28 returned,
1830 1725 25 14 or

1270 1747 97 28 charged
1379 1748 33 21 2s.
1426 1746 37 23 6d.
1493 1746 56 22 Also
1559 1753 13 14 a
1582 1745 62 22 small
1660 1745 103 27 quantity
1773 1745 25 21 of
1803 1745 53 21 seed

1270 1775 76 28 spring
1355 1771 46 25 and
1411 1774 80 22 winter
1499 1773 74 22 wheat
1582 1772 43 22 and
1635 1772 95 22 skinless
1740 1772 81 26 barley.

1299 1801 75 28 Apply
1384 1804 22 19 to
1423 1801 92 21 Messrs.
1526 1800 96 21 Rhodes
1639 1798 45 22 and
1697 1799 47 26 Co.,
1755 1798 31 22 Te
1803 1798 51 27 Aro,

1272 1836 24 15 or
1305 1833 23 18 to
1338 1829 45 22 Mr.
1398 1828 129 26 Swainson,
1544 1826 149 26 Hawkshead,
1705 1826 69 21 River
1790 1825 66 22 Hutt.

1299 1855 55 27 July
1363 1856 20 25 4,
1396 1856 60 20 1843.

1274 1901 71 49 ON
1362 1899 83 26 SALE,
1456 1902 23 18 at
1488 1899 38 21 the
1536 1899 73 21 Stores
1619 1898 25 21 of
1653 1898 36 21 the
1701 1896 156 28 undersigned,

1350 1934 29 16 fx

1382 1959 76 26 Flour,

1383 1985 62 26 Rice,
1593 1994 7 3 -
1622 2001 2 5 .
1653 1993 4 3 ■
1684 1992 5 3 ■
1707 1991 5 6 k

1383 2012 77 27 Sugar,

1383 2037 98 28 Brandy,

1384 2065 89 21 Bottled
1484 2063 35 23 ale
1528 2063 44 22 and
1584 2066 82 25 porter,
1677 2061 102 27 Dunbar,

1519 2091 98 21 Thomas
1633 2090 38 21 M.
1684 2089 148 21 Machattie.

1303 2119 94 27 Aprin,
1410 2119 62 20 1843.
1623 2128 3 22 ;
1785 2134 3 4 .

1386 2164 41 20 On
1442 2163 71 24 Sale,
1527 2167 37 15 ex

1278 2196 65 20 OK
1376 2195 115 21 CHESTS
1520 2192 204 23 GUNPOWDER
1752 2190 68 27 TEA,

1278 2215 67 29 JdfJ
1402 2223 13 20 5
1430 2226 50 17 tons
1491 2221 45 21 fine
1546 2227 72 19 sugar,

1403 2251 14 19 2
1432 2253 50 17 tons
1495 2247 88 26 Bengal
1592 2247 52 26 rice,

1406 2275 93 27 Ginger,
1511 2280 88 21 pepper,
1610 2273 41 22 &c.

1541 2311 113 22 Bethune
1669 2309 43 22 aad
1727 2308 108 23 Hunter.

1305 2339 145 27 Wellington,
1463 2339 90 27 August
1564 2338 34 26 15,
1609 2336 61 23 1843.

1506 2385 53 20 For
1574 2383 69 24 Sale,

1329 2420 44 22 HE
1388 2418 145 23 COTTAGE
1548 2416 95 23 situated
1653 2416 23 23 in
1694 2415 100 23 Oriental
1809 2414 55 28 Bay,

1355 2446 45 22 and
1414 2446 70 27 lately
1492 2444 107 28 occupied
1613 2444 31 27 by
1654 2444 37 22 the
1707 2441 157 28 undersigned.

1283 2475 18 21 A.
1317 2473 54 27 long
1387 2473 60 21 lease
1466 2472 26 22 of
1509 2471 37 22 the
1561 2470 84 23 section
1659 2477 60 21 upon
1739 2469 72 22 which
1828 2468 36 21 the

1282 2502 68 20 house
1360 2500 74 22 stands
1444 2499 46 22 will
1499 2499 27 21 be
1536 2497 103 28 granted.
1672 2503 3 4 '

1306 2527 71 23 Town
1386 2526 54 22 land
1449 2526 46 21 will
1504 2526 27 21 be
1541 2525 66 21 taken
1617 2524 23 22 in
1651 2523 122 27 exchange.

1249 2571 2 9 ,
1308 2555 44 21 For
1361 2554 83 22 further
1452 2551 138 29 particulars,
1600 2551 68 27 apply
1676 2554 24 17 to

1603 2585 98 21 George
1715 2583 88 25 Dcppa,
1818 2588 25 16 or

1603 2611 36 23 W,
1656 2611 28 21 V-
1700 2611 100 21 Brewer
1811 2627 5 4 .
1842 2628 4 3 .

1286 2660 73 52 ON
1374 2659 87 26 SALE,-
1471 2665 30 15 ex
1510 2657 97 22 Deborah
1616 2656 56 22 from
1682 2655 146 25 Launceston,
1839 2653 25 27 by

1364 2686 38 22 the
1411 2685 149 27 undersigned
1560 2695 29 5 —

1341 2721 41 21 500
1396 2719 89 22 bushels
1495 2722 55 23 oats,
1632 2740 2 4 ,

1341 2748 42 21 200
1397 2747 89 21 bushels
1496 2745 94 28 English
1597 2743 83 28 barley,

1341 2774 40 23 380
1396 2773 91 22 bushels
1497 2773 80 26 wheat,

1250 2797 3 5 *
1342 2802 41 21 230
1397 2800 91 22 bushels
1497 2799 63 27 malt,

1250 2840 1 18 ,
1343 2828 72 26 Flour,
1427 2827 42 26 ale,
1753 2849 6 6 .

1343 2856 13 20 2
1371 2855 71 27 drays,
1455 2856 11 19 1
1477 2853 90 29 plough,
1578 2852 68 29 yokes
1656 2850 45 23 and
1710 2850 83 25 chains,
1804 2850 40 20 &c.

1629 2885 22 22 J.
1668 2885 33 21 M.
1716 2884 102 24 Taylor,

1250 2908 5 19 7
1317 2914 128 29 September
1455 2915 34 25 12,
1501 2914 61 21 1843.

1250 2966 11 36 }
1410 2969 41 21 On
1466 2968 72 24 Sale,
1548 2968 44 20 Ex

1250 3015 6 14 c
1289 2997 128 33 TJRIRIE
1431 3008 60 17 mess
1500 3001 64 27 pork,
1574 3000 84 22 barrels
1668 2999 44 22 and
1722 2997 51 23 half
1780 2996 84 24 barrels

1250 3042 5 6 .
1289 3030 29 23 JL
1348 3030 77 22 Butter
1433 3029 24 22 in
1468 3028 86 26 firkins,
1563 3027 65 22 made
1637 3027 24 21 in
1671 3025 63 33 May,
1746 3025 59 26 1843,

1250 3068 8 14 c
1289 3057 72 23 Dried
1380 3056 103 26 oatmeal,
1508 3054 82 23 double
1613 3051 112 24 barrelled
1746 3050 118 29 percussior

1250 3095 8 14 c
1343 3090 62 21 guns,
1814 3099 4 4 ,

1250 3121 8 15 c
1289 3110 89 23 Roman
1388 3111 91 20 cement
1487 3115 25 15 in
1521 3108 138 28 puncheons,
1669 3108 93 23 barrels,
1774 3108 46 18 and
1829 3109 35 17 nal:

1250 3141 12 21 if
1344 3136 91 27 barrels,

1250 3166 11 24 it
1290 3163 88 24 Plaster
1387 3162 68 28 Paris,
1467 3161 133 24 Rotterdam
1611 3161 94 21 Geneva
1712 3166 26 14 m
1748 3162 68 23 cases.;

1291 3190 82 23 Choice
1392 3190 67 23 wines
1479 3189 26 26 (a
1520 3189 46 22 few
1580 3188 80 27 cases,)
1679 3185 88 23 bottled
1781 3185 35 22 ale
1832 3191 32 16 am

1250 3226 9 13 a
1292 3236 4 3 .
1345 3220 82 24 porter,
1512 3236 4 6 ,
1578 3233 4 7 »

1249 3260 2 6 ,
1250 3260 11 12 c
1291 3243 96 23 Refined
1397 3251 73 20 sugar,
1480 3241 107 24 Blankets
1597 3240 44 23 and
1651 3239 114 27 druggets,

1291 3267 67 26 Nails
1368 3270 30 23 all
1407 3268 68 29 size's,"
1483 3267 66 24 olack
1559 3266 43 23 arid
1611 3266 55 23 drab
1674 3266 86 22 beaver
1767 3265 55 27 hats,

1250 3291 12 35 ,T
1292 3296 75 28 Paper
1373 3296 119 30 hangings)
1503 3294 83 23 British
1595 3293 66 30 plate,

1250 3328 18 18 .-'
1291 3319 226 32 Tin-ware.-iitcheni
1522 3328 87 21 ranges,
1618 3320 94 27 register
1718 3321 79 26 grates,

1250 3347 11 25 .5
1293 3351 85 30 Stoves,
1390 3358 76 20 ovens,
1477 3349 76 27 frying
1562 3352 61 24 pans,
1634 3349 142 25 c&hpo.vens,
1783 3347 81 21 fender!

1266 3394 4 8 ,
1293 3378 138 27 Casements,
1451 3374 170 29 window-glass,
1640 3373 69 28 dealsj
1727 3373 94 28 squared
1833 3372 31 27 flaj

1251 3408 3 3 '
1267 3408 2 22 ;
1348 3405 82 22 stones'.
1598 3426 12 8 
1640 3425 6 5 ,
1668 3424 3 8 ,
1686 3425 4 3 .

1251 3427 14 15 a
1294 3430 73 23 Slates
1375 3432 44 22 and
1429 3430 84 28 sundry
1524 3429 87 29 surplus
1620 3430 78 25 stores;

1250 3454 13 37 Jl
1477 3462 134 26 Ridoways,
1626 3456 112 30 Gut'toW,
1748 3458 51 24 'ksto
1814 3460 39 21 Co.

1250 3509 15 14 w
1323 3493 131 30 September
1462 3495 36 26 15,
1509 3494 61 22 1842.

1250 3558 22 24 H
1286 3540 3 7 '
1365 3550 43 21 Ex
1421 3550 17 14 «•
1447 3541 77 36 TJyne

1250 3585 18 29 ?f
1287 3592 2 21 I
1400 3582 86 30 SjA-kEj
1510 3581 88 23 bottled
1626 3580 80 28 fruits*,
1721 3578 88 27 raisins,
1837 3584 27 15 am

1270 3604 80 31 •V/
1376 3613 110 23 currants,
1609 3627 3 5 ,
1668 3630 4 8 l
1715 3614 37 23 u^
1846 3621 10 10 <.

1287 3637 3 11 1
1325 3634 136 29 Ckrroways,
1472 3639 114 23 nutmegs,
1597 3632 138 38 cloves^e..
1747 3652 3 13 t
1783 3655 3 4 ,

1250 3669 13 15 •-
1322 3662 61 28 Split
1391 3670 60 22 peas,
1463 3659 105 31 oatmeaF,
1580 3660 80 26 Scotch
1672 3660 86 26 barley,
1769 3658 44 23 and
1820 3663 44 21 sage

1288 3699 3 13 ;
1325 3690 103 22 Hambro
1430 3690 5 9 1
1444 3690 47 22 and
1504 3689 58 23 Irish
1571 3688 56 29 pork
1636 3689 25 21 in
1670 3687 92 25 barrels,
1808 3702 5 6 .
1826 3694 4 6 •

1249 3723 2 3 •
1325 3732 20 17 v
1373 3715 23 13 '"
1437 3716 66 27 .beef
1507 3716 24 22 in
1541 3716 96 26 tierces,^
1676 3723 20 13 r.

1256 3761 10 4 _
1325 3742 96 29 English
1430 3743 74 25 bacon
1513 3743 66 27 {very
1589 3742 61 28 fine),
1659 3754 35 16 <
1737 3762 3 5 ,
1835 3757 4 3 -

1325 3770 62 22 Lbaf
1392 3769 44 23 arid
1446 3769 78 23 Dutch
1534 3769 96 27 cheese,.
1686 3791 4 3 .
1735 3783 3 7 ,

1250 3813 4 5 .
1326 3794 74 24 Prints
1407 3794 25 24 In
1441 3799 66 25 great
1516 3795 91 27 variety,
1723 3811 4 5 .

1326 3824 83 26 Strong
1416 3823 70 22 boots
1492 3822 47 22 and
1548 3822 72 26 shbesj
1630 3820 42 23 &cl
1683 3821 5 13 '
1746 3843 4 3 .

1684 3851 33 23 OD.
1733 3851 22 22 S.
1771 3849 85 24 Dufiift.

1292 3894 3 16 '.
1307 3883 152 27 ..Augu«t29,
1472 3883 128 24 1848^.,,..,.
1621 3890 36 12 ',-
1670 3886 34 14 ?~
1716 3894 17 4 »
1734 3884 86 21 -^'^n
1848 3894 5 3 -

1250 3922 26 30 'if
1303 3926 177 25 r^HARTER
1487 3919 181 33 PAfiJTliS^br
1668 3919 55 27 Me
1728 3917 67 29 )&toi
1804 3917 60 27 'eta*

1303 3956 43 21 V/
1362 3952 77 23 Office.

1900 706 122 23 ROYAL
2051 706 174 21 VICTORIA
2253 705 177 27 THEATRE,

1999 746 110 16 MANNERS
2124 746 92 22 STREET,
2231 746 29 15 TE
2275 747 52 15 ARO.

1873 772 44 32 np
1920 770 45 23 HE
1968 771 152 26 performance
2130 777 29 15 on
2167 770 112 28 Saturday
2286 771 97 27 evening
2392 774 63 23 next,

1880 793 30 28 JL
1930 797 44 22 will
1983 803 131 16 commence
2124 796 51 22 with
2190 796 75 23 Mark
2279 797 139 27 Lawrence*
2432 803 26 16 or

1873 825 38 21 the
1926 823 117 22 Farmer's
2062 822 95 28 Dream,
2167 823 44 22 and
2221 822 46 23 will
2283 823 107 23 conclude
2406 823 54 22 with

1873 852 40 22 the
1927 850 53 22 Two
1990 849 158 23 Thompson's.

1894 878 29 22 ,A
1933 877 83 27 variety
2023 876 26 22 of
2054 876 90 27 singing
2154 875 78 28 during
2240 875 39 22 the
2290 876 102 27 evening.
2401 893 3 3 .
2455 878 36 28 .^f

1955 921 98 22 School
2063 921 45 21 for
2125 920 103 27 Young
2244 920 106 22 Ladies.

1876 953 106 50 MRS.
2011 951 143 23 DAVISON
2176 952 56 26 begs
2260 953 22 19 to
2312 951 85 23 inform
2421 951 38 23 the

1966 979 94 23 families
2072 979 26 21 of
2109 978 146 27 Wellington,
2272 977 48 23 that
2329 978 39 22 she
2379 977 83 23 desires

1875 1012 23 19 to
1909 1007 105 23 establish
2024 1013 14 15 a
2045 1005 136 28 respectable
2198 1005 44 27 day
2263 1004 73 22 school
2351 1005 36 21 for
2405 1005 57 22 little

1875 1034 58 29 girls
1942 1042 5 14 :
1962 1033 44 22 and
2016 1033 18 22 is
2044 1040 50 15 now
2101 1031 68 29 ready
2178 1035 22 18 to
2210 1031 87 23 receive
2307 1032 54 22 such
2371 1039 26 15 as
2411 1039 52 21 may

1875 1063 28 21 be
1922 1060 108 23 intrusted
2040 1063 23 19 to
2077 1059 40 22 her
2131 1058 85 22 tuition.
2256 1059 56 21 Mrs.
2329 1057 101 23 Davison
2446 1066 18 14 is

1875 1090 38 21 the
1929 1087 78 23 widow
2027 1087 26 21 of
2071 1093 14 15 a
2103 1085 129 28 gentleman
2251 1085 57 26 who,
2324 1085 35 22 for
2380 1085 85 22 several

1875 1122 78 22 years,
1965 1113 55 23 held
2028 1121 14 15 a
2056 1112 137 29 responsible
2207 1111 106 23 situation
2329 1111 75 23 under
2420 1112 45 22 Go-

1877 1144 131 21 vernment:
2025 1140 39 22 she
2073 1139 42 23 has
2124 1139 83 22 herself
2218 1138 104 23 received
2328 1139 45 24 the.
2383 1138 82 23 educa-

1876 1170 47 21 tion
1935 1169 25 21 of
1970 1175 13 15 a
1993 1167 171 28 gentlewoman,
2175 1165 45 23 and
2232 1169 56 19 trust
2303 1165 47 23 that
2365 1165 41 23 she
2420 1165 45 23 will

1877 1197 28 22 be
1924 1195 71 22 found
2018 1194 56 27 fully
2098 1192 103 29 qualified
2227 1192 36 22 for
2285 1191 37 23 the
2345 1192 123 28 important

1878 1222 50 23 task
1937 1222 38 22 she
1985 1225 106 19 ventures
2101 1224 23 18 to
2134 1219 133 23 undertake.

1907 1249 67 22 From
1990 1248 90 22 various
2096 1247 179 25 circumstances,
2294 1245 54 22 Mrs.
2366 1245 99 22 Davison

1878 1277 21 22 is
1917 1275 95 22 induced
2028 1278 23 18 to
2072 1274 78 26 depart
2165 1273 57 21 from
2237 1272 39 22 the
2294 1271 65 23 usual
2378 1272 49 22 rule
2443 1271 25 22 of

1879 1302 113 30 quarterly
2000 1303 124 26 payments,
2136 1299 44 23 and
2189 1306 106 21 proposes
2305 1298 36 22 the
2351 1298 116 27 following

1880 1334 72 19 terms
1958 1335 41 20 per
2007 1329 63 20 week.

2336 1353 21 23 £
2383 1358 19 17 *.
2431 1352 24 22 d.

1909 1382 108 27 Reading,
2028 1381 94 26 English
2131 1386 118 21 grammar,
2283 1379 17 30 \
2345 1395 14 19 q
2387 1394 12 20 \
2427 1394 15 13 r

1963 1409 46 22 and
2018 1407 143 23 needlework
2283 1405 17 28 /

1910 1435 97 28 Writing
2016 1435 45 22 and
2072 1434 124 22 arithmetic
2345 1435 15 21 0
2388 1434 11 21 1
2428 1435 14 20 0

1911 1462 137 28 Geography
2058 1461 46 22 and
2114 1461 83 27 history
2347 1462 14 20 0
2390 1461 11 22 1
2429 1461 14 21 0

1912 1489 85 22 French
2349 1488 14 20 0
2392 1487 53 22 16

1912 1517 69 21 Piano
1997 1515 66 23 Forte
2350 1515 14 21 0
2390 1515 15 21 3
2432 1515 14 21 0

1912 1570 80 23 School
2000 1570 70 22 hours
2076 1569 59 22 from
2145 1568 108 27 half-past
2260 1568 52 23 nine
2321 1567 34 24 till
2368 1567 69 23 three.

1914 1625 66 22 Little
1997 1625 56 27 boys
2072 1623 71 22 under
2159 1623 42 22 five
2211 1627 67 23 years
2288 1622 25 23 of
2331 1629 40 20 age
2384 1621 46 23 will
2443 1621 30 23 be

1886 1651 109 24 received.

1915 1679 54 22 Mrs.
1980 1677 121 24 Darison's
2117 1679 88 26 present
2223 1675 91 23 address
2328 1676 27 26 is,
2371 1675 104 23 Tinakori

1891 1706 74 23 Road.
2257 1723 3 4 ,
2427 1725 3 7 .

1888 1752 121 24 Country
2023 1749 126 22 Sections
2167 1749 43 20 for
2230 1747 61 22 Sale
2311 1753 36 16 on
2366 1746 109 23 Liberal

2132 1776 102 21 Terms.

1891 1802 162 52 SEVERAL
2089 1802 101 22 Sections
2216 1801 27 22 of
2274 1802 101 26 Country
2403 1798 72 29 Land,

1954 1830 90 28 already
2054 1828 83 23 chosen
2146 1829 24 22 in
2178 1828 39 22 the
2230 1828 95 22 Porirua
2338 1828 94 26 district,
2442 1826 35 23 for

1890 1858 58 26 Sale,
1959 1865 74 14 terms
2043 1863 106 15 liberal.
2177 1855 77 27 Apply
2263 1858 24 19 to

1985 1884 24 22 F.
2024 1883 29 22 A.
2068 1884 172 24 Mole3Worth,
2258 1880 184 28 Murphy-street,
2453 1887 26 14 or

1986 1911 35 21 W.
2036 1910 29 21 V.
2079 1910 108 25 Brewer,
2197 1909 197 21 Manners-street.

2013 1956 54 20 For
2081 1954 71 25 Sale,
2167 1959 35 15 eac
2218 1954 17 11 *'

1894 1986 256 53 RUTHERFORD,
2191 1985 117 27 DRURY,
2350 1986 21 21 &
2408 1984 71 23 CO/S

1972 2014 99 33 superior
2081 2014 74 26 wines,
2167 2013 35 22 vii
2211 2021 5 14 :
2220 2024 29 5 —
2249 2018 2 4 '
2260 2039 5 6 _

1921 2042 57 27 Port,
1989 2041 85 27 sherry,
2086 2040 45 23 and
2147 2040 103 23 Madeira
2258 2039 25 22 in
2292 2039 77 27 bottle,

1921 2068 53 23 Pale
1983 2068 46 22 and
2039 2068 78 22 brown
2126 2067 77 27 sherry
2212 2068 24 21 in
2248 2065 71 27 wood;

1922 2095 53 22 Port
1983 2095 24 22 in
2018 2094 71 27 wood,

1922 2122 103 22 Madeira
2035 2122 23 21 in
2070 2120 71 28 wood,

1922 2148 139 27 Hennessy's
2072 2155 84 19 cognac
2164 2147 24 22 in
2198 2146 72 28 wood,

1928 2176 44 22 Old
1980 2174 50 28 pale
2041 2174 70 22 bottle
2121 2174 93 27 brandy.

2208 2207 85 22 Waitt
2307 2206 48 23 and
2368 2206 87 23 Tyser.

1922 2240 143 27 Wellington,
2077 2239 130 27 September
2218 2239 33 27 19,
2263 2240 60 20 1843.

1952 2287 100 21 Messrs.
2078 2284 154 23 HOLROYD
2258 2291 45 15 and
2329 2279 96 31 HART,

2059 2319 129 22 Notaries
2211 2313 107 30 Public^

1985 2359 38 15 TE
2053 2359 73 17 ARO,
2155 2355 240 18 WELLINGTON.

1926 2379 130 27 September
2063 2380 23 24 4,
2097 2379 61 21 1843.
2352 2395 7 16 ;
2359 2394 40 18 __.

2065 2424 91 21 Beach
2171 2424 147 26 Frontage.

1902 2460 66 48 TO
1982 2458 40 22 BE
2037 2458 66 26 LET,
2118 2457 71 22 beach
2197 2457 103 27 frontage
2314 2456 43 22 lots
2368 2455 24 22 in
2403 2458 85 20 section

1973 2487 42 20 490
2025 2491 29 15 on
2070 2484 39 22 the
2119 2484 55 22 Plan
2185 2484 26 21 of
2218 2483 40 22 the
2267 2483 66 22 Town
2348 2483 27 22 of
2380 2480 108 29 Welling-

1901 2517 46 21 ton,
1958 2512 116 27 adjoining
2083 2511 44 22 Mr.
2135 2511 89 21 Taine's
2231 2514 68 23 store;
2314 2510 46 21 and
2369 2510 25 21 in
2403 2509 85 23 section

1900 2541 48 25 616,
1957 2540 98 20 between
2064 2536 76 28 Major
2148 2537 91 23 Baker's
2249 2536 45 23 and
2302 2537 44 22 Mr.
2354 2536 135 23 Swaihson'a

1901 2566 87 22 houses.
2101 2588 11 8 (i
2223 2582 2 5 ,
2256 2587 3 4 ,

1929 2593 54 21 Also
1994 2592 37 21 the
2039 2590 115 28 following
2162 2590 98 22 sections
2269 2597 30 15 on
2308 2588 38 24 the
2352 2589 93 25 Plan.of
2451 2589 38 24 the

1901 2619 77 27 Town,
1988 2619 47 22 viz:
2036 2629 28 5 —

2004 2651 27 21 55
2167 2648 42 22 319
2357 2649 42 21 922

1992 2678 41 22 240
2167 2675 41 23 718
2270 2682 4 7 '
2345 2675 55 22 1079

1930 2704 75 28 Apply
2019 2707 23 18 to
2261 2719 114 6 ...

2079 2730 28 22 E.
2122 2729 22 22 J.
2160 2729 149 26 Wakefield,
2324 2736 25 14 or

2079 2757 37 20 W.
2130 2756 29 22 V.
2173 2756 109 26 Brewer,
2297 2755 195 23 Manners-street.

2067 2802 44 21 Eac

1905 2837 104 52 NOW
2020 2835 156 26 LANDING,
2192 2834 44 23 and
2245 2842 30 15 on
2284 2834 50 23 Sale
2345 2837 25 19 at
2379 2833 39 23 the
2427 2834 63 22 Store

1987 2864 25 22 of
2019 2863 37 23 the
2070 2861 150 28 undersigned
2220 2872 29 5 —

1934 2896 108 23 Blankets
2061 2896 34 26 11,
2111 2896 33 26 12,
2159 2894 43 23 and
2219 2896 27 21 13
2265 2897 106 25 quarters,
2392 2892 100 30 suparior

1873 2945 2 5 .
1906 2924 92 28 quality,

1934 2950 73 23 Bottle
2017 2949 72 27 fruits,
2101 2947 107 28 curtanir,
2218 2947 88 28 raises,

1935 2978 85 22 Lemon
2030 2983 69 21 syrup
2108 2976 23 22 in
2147 2974 76 28 bottle*
2234 2975 48 27 gin,
2292 2973 44 24 and
2345 2980 15 16 a
2368 2973 88 29 variety
2469 2973 26 23 of

1872 3011 2 5 '
1908 3004 63 23 other
1978 3003 80 29 goods.

1936 3037 49 24 GST
2008 3035 34 22 M.
2053 3035 30 22 A.
2093 3034 45 22 will
2157 3034 52 27 buy,
2227 3032 35 26 fpr
2280 3031 60 28 cash,
2359 3033 28 20 10
2402 3034 49 21 tons
2469 3031 27 24 of

1873 3058 3 14 1
1910 3063 70 22 Black
1989 3062 38 22 Oil
2037 3068 25 15 or
2072 3068 70 20 more,
2153 3068 27 14 on
2190 3056 115 27 moderate
2314 3062 75 19 terms,

1873 3103 6 21 f
2154 3094 32 23 M.
2201 3093 112 23 AsherV
2319 3092 71 27 Store,
2427 3114 2 4 .

2270 3118 113 24 Lambtori
2392 3117 75 29 Quay.

1937 3150 88 26 August
2035 3149 34 27 17,
2080 3149 62 22 1843.

1873 3184 4 22 1
2235 3178 19 27 -'
2379 3174 3 6 '
2399 3175 4 7 '
2481 3183 10 13 '■

1969 3211 171 26 SHIPPING
2157 3208 275 26 INTELLIGENCE.

2131 3263 142 23 ARRIVED.

1939 3300 93 22 October
2042 3298 77 26 l.brie
2127 3296 97 24 Gamutt,
2232 3294 50 26 3oo,
2291 3294 66 25 Crew,
2368 3293 57 23 from
2433 3293 63 28 T^P-
2505 3314 1 3 .

1912 3328 47 21 fold
1967 3328 46 25 Bay
2021 3326 34 21 via
2064 3325 90 20 Nelson.
2224 3342 34 10 ,
2364 3340 6 5 .
2419 3337 2 4 ■

1873 3353 7 20 '»
1940 3355 61 20 Same
2018 3351 54 29 day,,
2084 3350 121 28 brigantine'
2213 3346 120 29 Vahgiird,
2351 3349 37 26 61,
2404 3349 94 26 Pelford,

1873 3380 7 20 E>
1911 3383 56 21 from
1975 3380 112 23 Taranaki.
2164 3377 3 14 '■

1942 3408 92 22 October
2051 3408 22 24 2,
2083 3408 69 19 cutter
2165 3405 75 24 Leven,
2251 3404 44 26 24/
2303 3404 79 25 Axton,
2392 3404 56 23 from
2463 3404 37 22 the

1913 3439 65 19 coast.
2001 3457 3 5 ,
2020 3455 6 4 ,
2099 3453 11 7 
2134 3451 2 7 ,
2148 3455 32 4 .„.

1942 3464 60 21 Same
2011 3461 47 27 day,
2068 3460 49 27 brig
2127 3460 103 24 Victoria^
2239 3459 57 22 from
2305 3459 93 28 Sydney.
2468 3479 6 9 _,

1879 3503 3 7 ,
1902 3496 5 13 :
1943 3486 92 26 October
2050 3489 22 25 3,
2089 3488 103 22 schooner
2207 3486 75 28 Maud,
2300 3488 35 24 27,
2346 3488 84 27 Swany,
2444 3486 56 23 from

1873 3512 10 35 -|
1910 3517 99 23 -Akiroa.'

1921 3561 12 5 ..
1942 3545 60 21 Same
2015 3543 47 27 day,
2079 3542 118 28 brigantine
2207 3543 83 25 Scotia,
2307 3542 34 26 68*
2352 3542 74 25 Ward-,
2442 3541 55 22 from

1873 3565 11 34 fl!
1914 3573 91 21 Akato*.
2107 3588 4 3 ■
2191 3585 8 8 -,
2269 3586 6 4 -
2298 3586 4 3 -

1905 3620 3 6 •
1929 3625 14 7 -
2133 3618 2 6 '
2153 3613 117 23 SAILED.

1882 3647 2 18 :
1920 3662 4 3 .
1930 3657 3 3 ■
1943 3642 92 21 October
2044 3642 21 24 1,
2076 3641 79 29 barque
2169 3643 128 26 Brought*,
2308 3641 49 22 127.
2373 3634 127 29 RbWrtacin,

1873 3663 12 24 '*>
1903 3670 45 25 .for
1955 3669 83 27 Cloudy
2046 3669 54 28 Bay,
2198 3687 3 5 .
2411 3686 7 8 k

1882 3705 3 14 i
1943 3697 59 21 Same
2011 3697 49 27 day,
2069 3697 105 22 schooner
2182 3693 126 29 JUehmdnd\
2317 3695 37 26 30,
2373 3694 86 26 Bro^n,
2467 3692 35 22 for

1883 3739 5 13 j
1909 3719 43 27 'ihe
1960 3724 104 22 Chatham
2078 3720 91 31 Islands.
2184 3744 13 8 «,
2288 3742 9 8 „
2312 3740 3 5 ,

1883 3766 3 26 I
2140 3770 33 22 IN
2187 3768 87 23 PORT.

1884 3822 3 5 ,
1943 3805 98 27 Barque,.
2061 3804 142 26 Indemnity,,,
2228 3801 46 22 450
2301 3803 58 21 tons,
2398 3799 103 28 rsatttflf.

1917 3833 92 27 Agents,
2020 3832 114 28 Ridgways
2141 3831 44 22 and
2194 3829 40 23 Co*
2251 3831 91 22 .'.■..

1947 3860 109 24 Schooner
2077 3861 59 25 4»»,
2159 3859 28 22 22
2205 3860 60 19 'ons,
2275 3871 5 4 -
2293 3855 54 27 W,
2349 3872 11 18 k
2361 3860 48 24 .*P*

1873 3880 16 38 4
1946 3875 110 36 Schoonw
2080 3876 64 37 Brii,
2168 3882 28 32 #
2218 3887 59 18 tons.
2285 3881 124 38 JfHa**.
2428 3902 50 17 v,.
2494 3909 11 10 J

1873 3920 18 24 ii
1945 3912 152 31 BtiglMdrJ
2110 3914 42 22 188
2168 3910 59 27 toni,
2248 3910 86 23 Birker.
2363 3909 88 23 Rarits
2465 3909 41 22 sad
