2529 4039
575 42 97 46 flje
697 42 119 45 w#to
841 42 209 41 Ztzianb
1077 45 191 47 <&a}titt
1292 47 91 39 mtt
1408 42 301 49 WitttuxQton
1734 43 257 49 &»tttatot.

1906 133 90 22 settlers
2005 132 25 23 of
2038 132 44 23 this
2091 132 72 28 place,
2172 132 128 28 gentlemen
2310 134 50 22 who
2371 138 72 23 nomirt
2451 142 36 24 ally

1904 166 88 20 possess
2003 160 51 21 land
2070 158 125 28 purchased
2204 160 57 21 from
2273 160 37 21 the
2327 160 53 23 New
2394 163 86 30 Zealand

1906 186 124 27 Company,
2042 186 43 22 and
2095 186 98 21 selected
2202 191 23 16 at
2234 184 97 28 Pjrirua,
2343 188 67 23 wh'ch
2419 196 61 21 would

1906 213 130 27 eventually
2047 214 25 20 be
2089 212 76 21 worth.
2169 213 55 21 from
2241 213 97 25 £10,009
2351 217 21 19 to
2390 217 84 27 .£20,030

1906 239 26 21 of
1941 239 73 22 which
2023 239 54 27 they
2087 246 36 14 are
2133 239 81 22 unable
2224 242 23 19 to
2258 240 74 21 obtain
2341 242 59 26 quiet
2408 240 72 31 posies!

1906 265 27 22 of
1948 273 13 14 a
1979 266 72 25 single
2070 273 57 14 acre.
2157 263 76 24 These'
2247 273 96 18 persons,
2365 268 46 22 who
2432 272 47 26 have

1908 292 122 22 embarked
2040 292 57 22 their
2106 292 30 22 all
2145 292 25 22 in
2180 292 44 22 this
2231 292 86 28 colony,
2324 293 45 23 and
2379 296 45 22 who
2431 298 47 27 have

1905 319 89 27 greatly
2014 318 143 23 contributed
2174 318 29 22 to'
2215 318 30 22 its
2263 325 93 22 success,
2381 326 97 27 naturally

1906 345 73 22 watch
1990 346 58 21 with'
2053 346 37 21 the
2100 345 91 27 deepest
2199 346 92 27 anxiety
2301 346 38 22 the
2349 351 128 28 proceeding!

1906 371 26 22 of
1940 371 37 22 the
1988 372 148 22 Commission
2148 371 26 22 of
2186 371 108 29 Enquiry,
2304 379 61 21 upon
2376 374 35 23 the
2423 382 57 22 result

1908 398 26 21 of
1950 398 73 22 which
2043 405 65 20 every
2124 398 65 27 thing
2206 398 100 28 depends
2322 403 23 18 to
2360 400 70 31 them;
2444 409 35 20 and

1908 424 52 28 they
1970 425 53 32 lpo.c
2034 428 22 19 to
2066 425 38 21 the
2113 424 93 28 Enrglish
2217 426 155 23 Government
2386 432 21 18 to
2416 437 63 20 secure

1907 451 62 22 them
1978 452 24 21 in
2013 459 84 20 possess
2099 452 49 21 '.ons
2160 452 71 21 which
2242 452 54 27 they
2302 452 58 22 have
2370 454 61 29 fairly
2437 466 12 19 p
2451 468 20 14 ur
2471 474 7 6 .

1908 478 82 22 chased
2005 479 57 21 from
2073 478 37 22 the
2127 478 56 22 New
2197 478 100 23 Zealand
2315 480 116 30 Compa.iy,
2442 474 36 35 and*

1908 504 57 23 have
1976 505 97 22 selected
2089 505 23 21 in
2128 505 37 21 the
2181 505 70 22 belief
2265 506 49 21 that
2329 506 37 22 the
2381 508 48 24 land
2444 511 36 27 had

1911 531 58 22 been
1980 531 114 29 equitably
2104 532 44 21 and
2158 531 84 28 validly
2249 532 125 28 purchased
2383 534 53 25 from
2449 540 29 23 the

1908 558 95 22 natives.
2033 558 21 22 It
2063 565 57 20 rray,
2130 558 110 26 however,
2251 560 26 21 be
2287 559 97 23 doubted
2396 562 81 28 whether

1906 584 19 22 it
1941 585 19 22 is
1968 585 24 22 in
2003 585 37 22 the
2052 592 73 20 power
2139 585 26 21 of
2176 585 37 22 the
2230 585 95 28 English
2342 586 136 31 Government

1908 616 22 17 to
1950 612 73 22 afford
2042 619 45 20 any
2105 612 69 21 relief.
2210 612 48 22 The
2277 613 123 23 extinction
2418 618 22 20 of
2449 620 29 23 the

1908 638 74 22 native
2002 638 48 23 title
2064 639 19 21 is
2097 645 14 15 a
2128 645 120 21 necessary,
2256 639 143 29 preliminary
2409 646 21 18 to
2442 652 34 21 any

1906 668 66 24 grant
1982 665 57 22 from
2050 664 36 23 the
2096 665 78 22 Crown
2183 673 6 19 ;
2204 661 46 26 and
2261 666 43 22 this
2320 672 59 18 must
2390 669 24 21 be
2423 670 47 25 done

1907 695 41 18 not
1956 692 30 27 by
1995 693 120 27 procuring
2124 692 39 22 the
2172 692 125 26 signatures
2308 693 26 22 of
2348 701 14 14 a
2371 694 40 22 few
2424 697 56 27 chiefs

1908 722 22 17 to
1942 725 13 15 a
1972 718 58 23 deed
2046 719 124 27 conveying
2185 719 111 22 immense
2307 720 74 27 tracts,
2393 723 24 20 of
2423 725 57 25 which

1906 745 42 22 but
1962 753 27 14 an
2010 746 178 21 inconsiderable
2207 750 89 22 port'on
2312 754 45 14 was
2374 748 54 23 their
2439 759 39 18 own

1908 775 110 29 property,
2030 773 38 22 but
2080 773 29 27 by
2118 780 13 15 a
2142 776 100 24 separate
2257 773 93 27 bargain
2368 776 49 21 with
2426 784 52 22 every

1907 798 124 23 individual
2050 799 107 22 claimant
2174 800 35 21 for
2226 800 33 22 his
2273 804 101 24 separate
2395 802 77 31 holding

1908 825 43 22 and
1973 826 52 21 with
2040 826 15 21 tl
2066 834 11 14 c
2093 826 60 28 body
2167 826 27 22 of
2210 826 37 23 the
2263 828 56 21 tribe
2334 827 35 22 for
2383 828 45 23 that
2435 831 42 26 land

1909 852 72 22 which
1990 853 19 22 is
2025 852 56 23 their
2092 861 103 14 common
2210 857 115 25 property.
2355 854 47 23 Stil!
2411 856 20 22 in
2445 859 37 24 this.

1907 878 91 28 district,
2016 880 36 22 the
2071 880 115 23 existence
2204 881 27 21 of
2247 887 45 21 any
2307 881 98 27 disputes
2421 886 57 27 might

1908 905 57 22 have
1979 907 59 22 been
2054 908 129 26 prevented,
2203 908 44 21 had
2268 915 45 20 any
2336 909 82 22 trouble
2435 912 43 25 been

1908 933 66 22 taken
1983 937 24 18 to
2018 937 57 18 treat
2085 934 52 21 with
2148 934 37 21 the
2202 935 75 22 native
2289 942 93 20 owners,
2395 937 38 22 and
2442 939 36 25 had

1908 959 36 22 the
1953 967 100 16 reserves
2063 961 55 21 been
2130 960 65 23 made
2205 961 54 22 with
2275 960 43 23 due
2334 963 77 26 regard
2421 968 19 18 to
2450 967 28 23 the

1906 986 128 23 necessities
2042 987 43 21 and
2092 988 77 21 wishes
2179 988 26 21 of
2210 988 39 21 the
2259 989 94 22 natives.
2381 990 61 24 From
2451 993 27 23 the

1908 1013 48 22 first
1965 1018 101 17 moment
2076 1014 25 21 of
2114 1014 37 22 the
2162 1014 129 23 settlement
2300 1015 107 29 however,
2418 1022 18 18 to
2445 1020 34 24 this

1906 1047 10 12 r
1922 1045 76 16 resent
2020 1041 60 27 time,
2101 1041 106 28 although
2232 1042 38 21 the
2294 1043 92 27 validity
2407 1045 23 21 of
2449 1048 29 22 the

1907 1067 88 27 alleged
2004 1068 107 26 purchase
2121 1068 29 28 by
2160 1068 37 23 the
2207 1068 55 23 New
2271 1069 101 23 Zealand
2380 1071 99 31 Company

1908 1094 40 21 has
1958 1101 69 14 never
2036 1095 33 21 for
2078 1102 13 14 a
2101 1099 100 18 moment
2211 1096 57 22 been
2280 1098 128 25 recognised
2418 1099 24 27 by
2449 1101 29 23 the

1906 1120 139 23 inhabitants
2062 1122 25 21 of
2097 1122 44 22 this
2151 1122 119 28 particular
2281 1123 91 28 district,
2384 1132 27 14 no
2426 1127 53 24 effort

1907 1147 41 22 has
1965 1148 58 21 been
2039 1148 64 22 made
2120 1153 22 18 to
2158 1157 91 19 procure
2266 1150 58 22 their
2339 1157 89 17 consent
2440 1158 19 18 to
2468 1164 11 14 a

1907 1174 53 26 sale,
1971 1174 46 22 and
2028 1174 37 23 the
2074 1183 98 15 reserves
2183 1176 57 22 have
2249 1177 59 22 been
2320 1178 63 22 made
2400 1179 46 23 with
2454 1190 23 14 an

1908 1205 80 18 almost
1998 1202 52 21 total
2061 1202 14 22 d
2077 1202 5 14 ;
2085 1204 90 26 sregard
2185 1204 25 21 of
2223 1204 42 22 the.
2278 1205 87 21 natural
2376 1205 71 24 wisnes
2459 1210 22 22 of

1908 1228 38 21 the
1963 1229 88 22 nitives
2070 1232 21 19 to
2111 1230 56 22 have
2189 1230 57 22 their
2264 1232 57 27 pahs
2340 1232 43 22 and
2404 1238 75 23 potatoe

1908 1256 100 26 grounds
2018 1256 117 26 preserved
2145 1261 22 17 to
2177 1258 70 21 them.

1937 1282 26 21 In
1973 1282 38 22 the
2022 1282 46 23 first
2078 1283 70 27 place,
2158 1284 61 26 then,
2230 1285 36 21 the
2277 1285 87 28 alleged
2374 1287 106 26 purchases

1908 1309 29 27 by
1948 1309 38 22 the
1998 1309 54 22 New
2063 1310 101 22 Zealand
2174 1312 115 27 Company
2297 1313 56 21 have
2364 1314 53 22 been
2426 1316 54 23 made

1906 1336 58 21 from
1974 1336 40 22 the
2024 1341 80 23 parties
2120 1338 48 22 who
2179 1338 44 22 had
2235 1346 28 14 no
2278 1340 61 26 right
2348 1343 22 19 to
2379 1341 38 21 sell
2428 1350 50 16 >nore

1908 1363 54 22 than
1972 1371 28 14 an
2018 1364 175 23 inconsiderable
2208 1366 88 27 portion
2308 1370 21 18 ot
2346 1367 36 22 the
2396 1368 47 23 land
2452 1370 30 22 in-

1908 1390 80 22 cluded
2007 1391 74 21 witlrn
2096 1392 36 21 the
2150 1392 78 27 deeds;
2250 1393 52 26 and,
2320 1394 23 21 in
2361 1395 36 21 the
2410 1398 71 21 second

1906 1417 71 27 place,
1989 1417 38 22 the
2042 1418 109 27 proposed
2167 1426 98 15 reserves
2280 1420 33 22 for
2329 1421 36 21 the
2380 1422 76 23 benefit
2463 1426 23 20 of

1909 1444 36 21 the
1956 1444 86 21 natives
2049 1444 57 22 have
2112 1445 56 22 been
2176 1452 24 16 so
2206 1447 109 26 managed
2324 1454 24 15 a3
2355 1452 22 18 to
2386 1454 95 22 augment

1906 1470 89 22 instead
2005 1471 26 21 of
2038 1473 116 26 removing
2165 1472 35 23 the
2210 1473 108 28 difficulty
2328 1475 50 22 thus
2396 1478 86 22 created.

1908 1497 28 27 If,
1958 1498 113 27 taereforet
2094 1499 37 22 the
2150 1500 128 23 settlement
2297 1502 26 21 of
2340 1502 41 22 this
2400 1508 45 22 part
2461 1506 23 21 of

1908 1524 55 22 New
1983 1524 102 23 Zealand
2098 1526 20 22 is
2134 1529 23 19 to
2171 1527 110 28 continue,
2292 1529 125 28 something
2430 1536 54 17 must

1907 1552 28 20 be
1951 1552 59 22 done
2027 1552 30 27 by
2077 1552 36 22 the
2134 1553 104 28 Imperial
2258 1562 24 15 or
2301 1556 97 22 Colonial
2414 1558 68 27 Legis-

1908 1578 69 22 lature
1989 1582 23 18 to
2026 1579 91 28 remedy
2127 1580 62 22 tbesn
2198 1585 43 18 two
2256 1589 88 16 sources
2360 1584 26 21 of
2396 1584 85 28 dispute.

1910 1605 66 22 What
1991 1606 11 21 I
2023 1613 36 15 am
2078 1607 93 22 anxious
2190 1611 22 19 to
2228 1609 87 22 witneis
2333 1610 25 26 is,
2381 1611 45 22 that
2442 1619 40 21 any

1906 1633 77 21 remed
1986 1633 5 13 :
1994 1632 22 23 al
2026 1640 99 16 measure
2137 1642 51 21 may
2197 1636 116 27 recognize
2322 1637 38 21 the
2369 1638 65 27 rights
2442 1640 39 21 and

1910 1663 88 23 protect
2017 1660 37 22 the
2073 1661 102 23 interests
2194 1663 26 21 of
2238 1663 36 21 the
2286 1663 55 23 New
2350 1664 132 24 Zealanders.

1909 1687 51 21 And
1970 1687 50 27 this,
2032 1687 11 22 I
2054 1688 111 27 conceive,
2178 1696 50 20 may
2238 1690 27 21 ba
2276 1689 58 23 done
2345 1692 86 21 without
2441 1700 40 21 any

1907 1713 74 28 injury
1991 1717 24 19 to
2030 1714 123 23 individual
2172 1717 94 22 settlers.
2306 1718 21 21 It
2337 1719 68 21 would
2424 1719 31 27 be,
2472 1720 10 21 I

1906 1740 71 27 think,
1990 1742 88 27 equaLy
2087 1744 159 21 unreasonable
2263 1745 45 21 and
2325 1745 120 26 imprudent
2460 1750 20 18 to

1908 1774 54 20 urge
1972 1768 38 22 the
2020 1769 100 22 absolute
2129 1770 71 26 rights
2210 1771 26 21 of
2244 1771 36 22 the
2292 1772 55 21 New
2356 1773 128 23 Zealanders

1907 1798 22 17 to
1940 1795 30 21 all
1981 1795 38 21 the
2030 1795 53 23 land
2099 1793 71 25 which
2191 1797 51 28 they
2257 1799 122 28 nominally
2396 1807 84 19 possess.

1910 1821 33 22 To
1954 1829 68 19 argue
2032 1823 48 21 that
2089 1830 14 14 a
2112 1823 43 23 few
2169 1824 111 23 thousand
2291 1826 77 27 people
2383 1828 101 21 scattered

1910 1848 69 27 along
1986 1849 37 21 the
2030 1856 39 15 sea
2074 1854 67 23 coast,
2150 1851 43 21 and
2200 1859 28 14 on
2236 1852 37 21 the
2279 1852 69 23 banks
2355 1853 24 22 of
2383 1854 35 21 the
2423 1854 62 22 rivers

1908 1876 26 20 of
1946 1875 44 22 this
2001 1880 98 25 courtry,
2111 1878 44 21 and
2172 1879 124 28 occupying
2306 1885 39 16 not
2358 1887 57 14 more
2432 1880 48 23 than

1908 1909 12 14 a
1929 1902 128 22 hundredth
2069 1908 49 21 part
2128 1905 27 21 of
2162 1905 36 21 the
2209 1905 109 23 available
2329 1907 59 27 land,
2400 1907 80 26 should,

1908 1929 28 26 by
1947 1930 72 22 virtue
2030 1930 26 22 of
2065 1931 57 22 tbeir
2132 1933 94 26 position
2244 1934 92 27 merely,
2354 1934 26 21 be
2400 1935 84 22 entitled

1907 1959 22 18 to
2045 1957 72 22 others
2127 1959 57 21 from
2195 1959 36 22 the
2241 1964 49 17 vast
2300 1961 136 27 unoccupied
2445 1962 38 22 and

1903 1983 75 21 •fertile
1998 1983 105 22 districts*
2113 1985 25 21 of
2157 1985 38 22 the
2214 1986 78 26 island,
2314 1988 74 21 would
2407 1995 76 19 appear

1906 2009 90 28 equally
2014 2015 126 22 repugnant
2158 2016 23 18 to
2197 2013 81 26 justice
2297 2013 46 22 and
2362 2017 23 18 to
2408 2014 74 27 policy.

1907 2036 51 27 But,
1970 2044 28 14 o.i
2009 2037 38 21 the
2057 2038 62 21 other
2127 2038 66 27 hand,
2205 2043 23 17 to
2238 2040 70 22 found
2324 2047 60 20 upon
2397 2042 36 20 the
2449 2042 35 21 cir-

1907 2068 130 17 cumstance
2060 2064 48 22 that
2124 2065 38 22 the
2175 2067 87 21 natives
2278 2067 26 22 of
2321 2067 56 22 New
2393 2068 91 23 Zealand

1906 2089 57 23 have
1984 2094 41 18 not
2044 2093 106 26 occupied
2169 2093 38 21 the
2228 2096 86 24 greater
2329 2099 50 22 part
2398 2094 24 22 of
2433 2095 52 22 their

1906 2121 102 24 country,
2026 2125 28 14 an
2069 2124 118 21 argument
2204 2121 36 20 for
2256 2121 116 27 depriving
2388 2121 57 22 them
2464 2123 23 21 of

1908 2143 38 23 the
1956 2145 55 21 land
2028 2145 71 22 which
2117 2146 53 27 they
2188 2147 55 22 have
2259 2148 88 22 cleared
2366 2148 44 22 and
2426 2148 58 23 culti-

1907 2171 73 27 vated,
1993 2171 72 22 would
2075 2173 26 21 be
2113 2180 55 14 even
2176 2181 61 14 more
2242 2175 78 27 unjust
2327 2175 43 22 and
2376 2176 107 26 impolitic.

1908 2198 68 22 What
1987 2199 54 26 they
2052 2206 36 15 are
2098 2204 38 17 ent
2139 2201 4 10 :
2147 2201 45 21 tled
2202 2204 23 18 to
2235 2201 69 22 retain
2322 2202 71 22 would
2409 2210 76 20 appear

1908 2228 22 18 to
1941 2225 27 22 be
1979 2225 31 22 all
2021 2226 36 21 the
2073 2227 52 21 land
2139 2227 53 28 they
2207 2228 56 21 have
2279 2227 102 29 actually*
2394 2230 90 23 reduced

1906 2253 47 21 into
1964 2256 133 23 possesston,
2110 2254 43 21 and
2164 2254 55 22 such
2229 2263 13 14 a
2257 2256 87 26 portion
2360 2256 24 22 of
2401 2256 36 22 the
2452 2264 31 15 re-

1906 2279 105 22 mainder
2021 2287 24 14 as
2054 2281 80 26 would,
2146 2282 119 27 according
2275 2288 22 16 to
2312 2282 59 23 their
2386 2283 62 22 mode
2464 2284 23 21 of

1906 2307 142 26 cultivation,
2058 2307 29 22 be
2103 2315 118 21 necessary
2235 2309 34 22 for
2283 2310 60 21 their
2357 2310 125 23 subsistence

1906 2333 76 22 within
1994 2334 37 21 the
2043 2338 53 18 next
2106 2335 42 22 few
2158 2343 70 19 yean.
2266 2336 21 22 It
2296 2337 17 21 is
2322 2340 54 24 true,
2388 2337 45 22 that
2443 2338 39 21 this

1906 2360 72 22 would
1988 2361 90 22 include
2089 2369 68 20 many
2172 2367 59 23 spots
2247 2363 124 28 absolutely
2388 2364 95 22 essential

1905 2387 36 22 for
1950 2387 38 22 the
1998 2388 116 27 profitable
2124 2390 127 22 settlement
2261 2390 26 22 of
2294 2390 37 23 the
2342 2395 95 23 country,
2448 2392 35 21 but

1907 2422 29 14 no
1946 2415 109 27 difficulty
2064 2416 72 22 would
2145 2416 27 22 be
2183 2417 69 22 found
2261 2417 23 22 in
2291 2417 131 28 purchasing
2428 2418 55 21 these

1906 2446 59 21 spots
1976 2446 23 17 at
2018 2450 12 13 a
2037 2442 46 22 fair
2093 2444 67 26 price.
2197 2444 24 22 It
2238 2445 19 22 is
2275 2445 47 22 also
2337 2449 47 18 true
2400 2445 44 22 that
2458 2446 26 26 by

1905 2469 44 21 this
1967 2469 122 26 procedure
2107 2470 37 23 the
2165 2471 93 27 English
2277 2472 85 22 settlers
2376 2472 69 22 would
2458 2472 24 22 be

1906 2495 122 27 precluded
2039 2496 56 23 from
2111 2498 125 28 occupying
2250 2499 88 27 ground
2357 2498 69 23 which
2442 2499 40 22 had

1907 2523 57 21 been
1976 2522 88 23 cleared
2075 2524 29 27 by
2113 2524 38 22 the
2164 2526 91 26 natives,
2267 2526 44 22 and
2324 2525 76 27 which,
2416 2526 66 21 there-

1907 2550 55 26 fore,
1974 2549 54 27 they
2039 2551 64 22 could
2113 2551 64 28 bring
2187 2552 47 21 into
2246 2553 128 22 cultivation
2391 2552 48 23 with
2453 2553 32 21 far

1906 2576 44 22 less
1961 2584 97 20 expense
2070 2580 51 19 than
2132 2579 38 22 the
2181 2580 162 27 neighbouring
2351 2580 67 22 fore9t
2424 2587 6 20 ;
2449 2580 35 22 but

1906 2603 45 22 this
1963 2604 18 21 is
1992 2611 13 14 a
2016 2604 42 21 fair
2066 2605 45 22 and
2121 2605 124 28 legitimate
2255 2607 75 22 result.

1932 2630 74 23 There
2023 2631 22 21 is
2059 2632 80 22 indeed
2155 2633 92 27 nothing
2258 2634 25 22 of
2297 2633 72 23 which
2379 2634 35 22 the
2431 2633 49 22 New

1906 2657 143 27 Zealanders,
2067 2658 58 23 have
2145 2661 141 27 complained
2304 2668 68 20 more,
2390 2668 23 14 or
2435 2660 47 22 with

1906 2691 62 16 more
1976 2684 89 28 justice,
2078 2686 51 22 than
2141 2687 26 22 of
2179 2687 38 22 the
2234 2695 93 15 manner
2341 2688 23 22 in
2374 2688 66 22 which
2451 2687 31 22 the

1906 2712 119 26 European
2041 2712 89 23 Settlers
2146 2714 57 22 have
2214 2715 155 32 appropriated
2385 2715 35 21 the
2433 2714 47 22 land

1905 2739 54 27 they
1968 2736 46 24 had
2021 2740 47 26 just
2078 2740 93 28 cleared,
2181 2742 45 21 and
2237 2745 58 24 uprin
2304 2742 72 22 which
2387 2742 48 27 they
2442 2740 39 22 had

1904 2765 119 29 expended
2032 2766 84 23 labour,
2128 2769 76 26 worth,
2217 2772 23 18 at
2257 2769 36 21 the
2303 2769 101 21 estimate
2413 2768 24 22 of
2449 2768 31 21 the

1904 2793 87 22 settlers
2008 2792 140 30 themselves,
2165 2796 57 21 from
2231 2796 34 24 £S
2280 2799 22 19 to
2312 2796 48 24 £12
2376 2802 37 21 per
2428 2802 54 14 acre.

1904 2820 35 28 By
1950 2819 55 23 such
2016 2827 27 14 an
2059 2827 155 21 arrangement
2228 2830 24 14 as
2263 2823 11 22 I
2291 2823 57 21 have
2366 2821 115 28 suggested,

1904 2847 40 22 the
1955 2846 90 23 natives
2054 2848 71 22 would
2136 2849 34 27 be,
2183 2849 43 22 and
2245 2850 72 22 would
2327 2849 43 23 feel
2381 2849 45 22 that
2435 2849 48 25 they

1906 2881 64 19 were,
1987 2874 112 22 benefited
2118 2875 32 28 by
2165 2876 37 22 the
2223 2877 153 22 Colonization
2395 2876 24 22 of
2433 2876 52 21 their

1904 2903 103 25 country.
2037 2900 61 29 They
2113 2903 73 22 would
2200 2903 59 22 have
2273 2903 56 23 both
2346 2903 36 23 the
2398 2903 86 22 induce-

1902 2932 63 18 ment
1974 2927 47 22 and
2032 2929 142 28 opportunity
2181 2934 23 18 to
2221 2931 120 22 assimilate
2351 2931 56 21 their
2416 2929 67 22 habits

1903 2954 118 29 gradually
2031 2957 23 19 to
2070 2956 63 22 those
2144 2957 25 21 of
2180 2957 38 22 the
2229 2957 103 23 civilized
2341 2964 57 16 race.
2425 2956 57 27 They

1904 2982 75 23 would
1991 2981 29 22 he
2030 2983 118 25 preserved
2158 2984 23 22 in
2191 2984 53 22 idea
2250 2984 45 22 and
2304 2984 24 22 in
2338 2984 83 28 reality,
2429 2983 56 23 inde-

1902 3011 101 28 pendent
2017 3008 54 33 and^
2077 3011 65 27 equal
2160 3011 52 22 with
2233 3011 35 22 the
2285 3011 115 23 Colonists.
2434 3010 48 22 Per-

1903 3037 89 30 ceivinf
2002 3034 49 23 that
2061 3036 81 27 justice
2153 3037 44 23 had
2206 3039 58 21 been
2275 3037 57 23 done
2343 3038 59 22 them
2411 3037 22 23 in
2444 3036 39 22 this

1903 3069 59 18 most
1983 3063 124 27 important
2126 3063 126 30 particular,
2274 3065 54 23 they
2347 3064 71 23 would
2430 3063 52 24 have

1902 3091 88 23 neither
2005 3089 59 21 fears
2079 3099 41 14 nor
2131 3091 121 28 jealousies
2267 3091 24 23 of
2304 3092 39 22 the
2358 3091 124 23 Settlement

1901 3119 87 22 around
1997 3116 69 25 them.
2095 3119 63 27 They
2166 3119 72 21 would
2245 3118 103 22 welcome
2358 3117 121 23 the'arrival

1902 3145 26 22 of
1934 3142 149 31 Englishmen
2092 3145 23 23 in
2127 3145 58 22 their
2195 3145 90 25 district,
2297 3145 87 23 instead
2393 3145 26 22 of
2424 3144 58 22 seek-

1901 3175 23 19 to
1933 3173 61 28 repel
2011 3169 67 25 them.
2107 3171 54 24 And
2176 3171 62 23 there
2249 3171 122 32 would-be,
2380 3179 14 15 a
2407 3172 73 33 proba-

1901 3199 64 29 bility
1974 3201 82 21 almost
2064 3199 130 26 amounting
2203 3201 23 18 to
2240 3204 13 15 a
2263 3201 119 25 certainty,'
2390 3199 28 21 of
2429 3196 50 24 their

1899 3222 153 32 preservation
2064 3225 43 23 and
2116 3225 168 28 hnprove'ment.

1915 3251 104 30 (Signed)
2035 3253 10 21 I
2056 3252 92 26 remain,
2160 3252 40 22 &c.
2209 3251 29 22 R.
2249 3251 89 23 Davies
2353 3251 105 23 Hanson.

1905 3293 26 19 To
1941 3293 35 19 the
1984 3293 79 20 Editor
2072 3293 27 23 of
2106 3293 35 18 the
2177 3293 53 17 New
2240 3293 96 17 Zealand
2346 3293 86 18 Gazette
2444 3293 33 17 and

2056 3319 128 21 Wellington

1920 3347 41 16 Si*.
1962 3354 21 5 —
1984 3347 30 16 On
2024 3351 31 13 mv
2064 3347 63 16 return
2133 3347 48 14 from
2191 3347 58 16 South
2257 3347 90 17 America',
2358 3347 11 15 I
2375 3349 36 12 was
2423 3347 54 17 deeply

1898 3367 102 17 concerned
2010 3368 20 15 to
2041 3366 50 18 learn
2103 3366 31 17 the
2145 3365 106 17 calamitous
2259 3366 64 16 events
2334 3362 59 21 which
2401 3366 48 21 have,
2454 3368 23 13 oc-

1898 3387 65 17 curred
1970 3387 68 21 during
2048 3392 30 16 my
2085 3387 82 17 absence.
2190 3386 25 17 Of
2223 3387 32 16 the
2265 3385 91 18 inhuman
2367 3389 85 15 masiacre
2463 3385 14 16 at

1898 3408 79 19 Wairau,
1985 3408 46 17 with
2038 3408 25 17 all
2068 3408 25 17 its
2101 3407 107 21 distreising
2219 3411 139 18 consequences,
2366 3408 10 17 I
2383 3411 33 14 can
2423 3406 54 21 hardly

1897 3429 49 16 trust
1957 3429 69 21 myself
2034 3430 18 16 to
2065 3429 61 21 speak;
2133 3429 29 17 for
2172 3428 11 17 I
2190 3428 35 17 feel
2237 3430 19 15 to
2263 3430 52 15 enter
2325 3428 40 17 into
2376 3428 31 17 the
2417 3426 60 22 subject

1897 3450 61 17 would
1965 3454 68 17 occupy
2040 3451 30 16 too
2076 3450 56 18 much
2139 3450 21 17 of
2167 3453 45 17 your
2219 3453 59 18 space,
2286 3450 36 16 and
2330 3453 46 17 open
2381 3447 96 22 ag»in'with

1897 3474 61 17 many,
1970 3471 77 17 wounds
2057 3471 40 17 that
2108 3471 47 17 have
2165 3471 65 20 hardly
2242 3471 29 20 yet
2284 3471 64 17 ceased
2355 3471 18 17 to
2384 3469 53 18 bleed.
2458 3467 19 19 Is

1897 3491 94 21 deploring
2002 3492 84 17 however
2089 3492 39 17 -the
2138 3492 38 17 loss
2188 3492 19 17 of
2217 3496 20 12 so
2247 3495 56 18 many
2313 3491 84 18 valuable
2407 3489 70 19 settlers,

1896 3512 62 17 whose
1965 3512 68 18 talents
2043 3514 37 16 and
2087 3512 84 21 industry
2181 3512 37 18 had
2225 3512 72 21 already
2308 3512 47 17 done
2362 3516 20 13 so
2389 3511 51 17 much
2452 3510 25 16 for

1897 3533 32 17 the
1936 3533 132 18 advancement
2076 3534 20 17 of
2104 3534 77 19 Nelson;
2195 3533 11 18 I
2213 3535 67 16 cannot
2286 3532 88 19 withhold
2380 3537 30 16 my
2416 3531 61 18 tribute

1896 3554 22 17 or
1929 3556 73 19 respect
2014 3556 20 16 to
2045 3556 31 16 the
2090 3557 82 19 merriory
2183 3553 21 18 of
2217 3555 75 21 Captain
2306 3554 103 19 Wakefield,
2422 3552 55 17 whose

1896 3575 89 17 kindness
1998 3577 37 16 and
2042 3576 87 22 affability
2139 3578 19 15 to
2165 3575 26 18 all
2197 3575 40 18 who
2247 3575 113 24 approached
2367 3575 42 18 him,
2422 3573 55 18 whose

1896 3596 105 17 unwearied
2012 3597 84 21 industry
2108 3598 36 17 and
2156 3596 89 18 attention
2256 3598 20 15 to
2286 3594 32 19 the
2315 3598 4 4 1
2329 3596 83 17 interests
2421 3594 18 17 of
2448 3592 29 18 the

1896 3618 106 16 settlement
2009 3618 105 18 committed
2122 3620 19 18 to
2147 3618 30 18 his
2186 3617 71 22 charge,
2263 3618 50 18 must
2322 3621 53 13 cause
2384 3615 28 18 His
2419 3615 33 17 lost
2459 3615 18 15 to

1895 3638 23 17 be
1925 3638 35 17 felt
1966 3638 19 17 in
1994 3643 24 13 no
2023 3639 88 21 'ordinary
2117 3639 71 22 degree.
2317 3640 4 4 '
2422 3653 2 5 ,

1917 3658 17 18 A
1946 3659 45 22 duty
1998 3661 32 20 yet
2036 3660 79 18 remains
2121 3662 20 16 to
2153 3660 22 17 be
2179 3658 125 23 .performed—
2304 3658 32 18 the
2344 3657 106 19 settlements
2459 3656 18 15 of

1896 3679 111 25 Wellington
2014 3681 36 17 and
2056 3681 73 20 Nelson,
2137 3685 30 13 are
2174 3681 62 17 bound
2240 3680 82 21 together
2328 3680 23 20 by
2357 3683 12 12 a
2372 3678 105 17 community

1896 3701 20 17 of
1924 3701 87 18 interest*
2019 3702 36 17 and
2061 3702 74 21 feeling,
2143 3702 36 17 aud
2186 3706 26 13 we
2219 3701 58 21 ought
2283 3702 18 16 to
2308 3698 52 20 mark
2368 3703 32 13 our
2406 3701 48 14 sense
2459 3698 18 14 of

1895 3722 32 17 the
1934 3723 87 21 calamity
2029 3723 57 17 which
2093 3724 33 16 has
2133 3723 78 17 befallen
2214 3723 32 21 t)*
2254 3721 37 18 and
2297 3725 34 13 our
2337 3719 91 23 sympathy
2434 3718 41 16 with

1895 3743 32 16 the
1937 3744 87 17 relatives
2038 3744 21 17 of
2070 3745 52 17 those
2132 3744 41 17 who
2185 3744 46 17 have
2243 3744 46 16 been
2299 3743 45 16 thus
2355 3740 90 19 sacrificed.
2466 3740 9 14 I

1894 3764 61 17 would
1962 3765 91 17 therefore
2059 3767 77 15 venture
2148 3766 20 16 to
2175 3765 74 20 suggest
2254 3763 80 21 through
2338 3766 47 18 your
2393 3760 82 18 columns,

1894 3784 32 17 the
1932 3786 93 20 propriety
2031 3787 22 16 of
2060 3791 11 14 a
2077 3785 62 22 public
2146 3785 119 21 subscription
2272 3785 20 16 to
2299 3785 49 16 erect
2358 3787 14 14 a.
2375 3782 100 17 monument

1894 3807 19 15 to
1920 3806 31 17 the
1959 3811 82 18 memory
2048 3807 20 17 of
2076 3808 31 16 the
2238 3805 84 17 sufferers
2329 3806 19 15 at
2355 3803 73 19 Wairan,
2440 3803 35 14 ana

1894 3826 40 17 that
1941 3827 17 16 it
1962 3831 43 18 may
2012 3829 23 16 be
2041 3827 23 18 in
2068 3828 31 17 the
2112 3832 60 16 power
2177 3827 21 17 of
2209 3830 55 17 every
2275 3825 64 18 settler
2345 3825 18 16 to
2373 3822 100 18 contribute;

1894 3848 10 16 I
1910 3848 60 17 would
1974 3853 77 17 propose
2057 3850 42 16 that
2104 3848 30 19 the
2142 3848 82 17 smallest
2227 3851 50 13 sums
2282 3846 22 18 be
2309 3845 86 20 received,
2400 3844 33 16 and
2437 3844 38 16 that

1894 3872 23 13 no
1924 3869 71 21 private
2006 3870 121 22 subscription
2135 3868 65 19 should
2210 3868 67 18 exceed
2285 3867 36 17 10s.
2343 3865 31 18 We
2381 3866 23 27 dp
2409 3864 30 17 not
2449 3866 26 13 re-

1894 3889 51 21 quire
1952 3894 12 13 a
1970 3891 126 21 magnlficient
2102 3891 114 19 monument,
2228 3888 61 18 which
2294 3887 89 17 weaudbe
2389 3887 87 16 ■Woobm*

1894 3912 39 16 tent
1939 3911 45 17 with
1992 3916 35 16 ou?
2033 3912 73 21 present
2111 3911 95 22 depressed
2213 3906 262 28 ckcurastances,buj;itwoWji

1894 3932 21 17 be
1922 3935 45 18 very
1972 3932 52 22 right
2030 3934 20 16 to
2056 3933 104 17 consecrate
2166 3930 20 19 td
2190 3932 34 17 the
2237 3929 90 22 departed,
2334 3924 50 21 ifome
2390 3924 85 30 anttnn|

1894 3952 94 19 memorial
1996 3951 61 21 wbioh
2063 3954 38 18 will
2109 3952 106 20 witntocto
2221 3950 87 23 posterity
2313 3953 35 14 our,
2353 3947 123 23 ,«?pfMttt»»

1894 3973 19 18 of
1920 3973 49 18 their
1976 3974 66 18 worth.
2106 3974 9 17 I
2123 3978 32 13 am
2160 3973 35 20 Sir,
2205 3970 136 24 ydur*i«dtent
2346 3969 77 18 Mrvut,

2284 3991 83 15 Kdmta*
2381 3990 74 16 Bw*,m.

62 129 93 22 anxious
163 129 36 21 for
208 128 37 21 the
255 127 155 22 maintenance
420 127 26 21 of
452 127 37 22 the
498 127 71 28 rights
577 129 26 20 of
608 124 40 25 the'

60 155 58 23 New
127 154 142 26 Zealanders,
279 156 23 19 to
316 156 83 24 protest
414 154 88 26 against
521 162 44 19 any
580 155 65 26 legis-

60 181 72 23 lation
140 181 73 22 which
222 186 52 21 may
282 180 57 22 have
349 181 35 21 for
392 181 30 21 its
431 181 84 26 objects
525 181 36 21 the
572 182 74 20 settle-

57 211 65 20 ment
140 207 26 22 of
180 207 38 21 the
237 207 114 27 questions
366 207 52 21 thus
437 207 81 26 raised,
534 207 58 22 until
609 207 36 22 the
646 204 2 14 1

57 236 75 25 report
141 233 25 22 of
173 233 49 22 that
232 233 173 23 Commissioner
416 233 42 21 has
467 233 58 22 been
535 234 108 22 received.

58 259 73 24 Wn<n
146 259 49 22 that
209 262 76 21 report
299 260 17 21 is
332 259 73 27 made,
417 259 63 22 there
492 260 43 22 will
549 261 28 21 be
587 261 58 22 suffi-

58 289 61 21 cient
142 287 117 21 materials'
276 289 24 19 to
320 290 95 18 warrant
436 293 14 15 a
473 285 107 24 decision.
615 289 31 20 At

57 315 95 23 present,
171 319 44 20 any
226 319 110 16 measures
353 313 35 21 for
398 312 102 28 quieting
517 313 58 23 titles
589 317 59 19 must

56 340 30 22 be
95 338 97 24 founded
208 346 60 22 upon
278 339 118 28 imperfect
413 339 45 23 and
467 344 103 24 ex-parte
580 344 66 19 state-

62 369 80 18 ments.

85 393 51 26 Bat,
145 392 25 22 in
180 391 39 24 the
229 391 84 25 second
317 391 71 32 place,
399 391 65 23 there
470 400 37 15 are
514 392 130 29 objections,

57 419 96 28 perhaps
166 419 26 22 of
210 426 16 15 a
241 425 63 17 more
316 422 125 23 important
459 423 87 24 nature,
563 421 83 28 arising

56 450 41 19 but
105 445 27 23 of
143 445 38 23 the
191 453 97 15 manner
295 445 25 22 in
330 445 73 22 which
413 446 40 21 the
462 445 94 29 pledges
572 448 26 21 of
608 447 37 23 the

56 472 58 23 New
123 471 101 23 Zealand
234 472 117 27 Company
359 471 59 23 have
429 473 57 21 been
497 473 87 23 carried
601 477 43 19 out.

56 498 29 24 In
95 499 38 23 the
142 498 110 28 purchase
267 498 67 22 deeds
350 506 24 14 as
390 499 51 22 well
457 506 23 15 as
495 499 25 23 in
537 500 37 22 the
591 501 54 27 pub-

55 525 73 23 lished
148 523 132 25 documents
299 525 26 21 of
344 525 38 22 the
403 526 124 27 Company,
547 527 63 21 there
627 527 18 21 is

57 548 120 27 contained
189 558 14 15 a
212 551 89 28 pledge,
312 551 49 23 that
371 559 41 15 one
424 553 66 21 tenth
504 553 26 22 of
542 553 37 23 the
594 553 51 23 land

55 578 106 29 acquired
170 578 80 26 shonld
259 579 28 21 be
297 583 34 17 set
340 582 63 24 apart
412 579 36 22 for
458 579 38 22 the
511 587 40 15 use
568 580 26 22 of
609 581 36 21 the

55 606 94 22 natives.
177 605 55 22 This
240 604 81 29 pledge
330 605 41 22 has
381 606 57 22 been
446 605 24 23 in
479 605 59 23 form
546 606 99 24 redeem-

57 633 36 26 ed,
103 632 41 22 but
151 631 24 22 in
185 631 128 27 substance,
323 633 18 20 it
351 632 47 27 has,
412 640 25 14 as
446 633 18 21 it
479 640 73 15 seems
568 637 23 18 to
611 642 34 14 me

55 659 57 22 been
131 658 81 27 widely
234 657 106 29 departed
361 659 68 22 from.
473 659 110 23 Reserves
604 661 39 27 for,

54 685 38 22 the
103 685 84 22 benefit
196 684 27 22 of
234 685 38 21 the
283 685 87 22 natives
380 685 57 22 have
447 685 59 23 been
516 687 73 26 made,
606 688 40 22 but

55 711 167 28 unfortunately
232 711 54 28 they
302 711 57 22 have
373 712 58 22 been
440 712 66 22 made
522 713 23 22 in
562 715 55 21 such
633 722 13 14 a

55 745 96 16 manner
169 746 23 14 as
213 742 23 18 to
255 738 98 27 produce
370 739 43 21 few
431 746 26 14 or
473 746 58 15 none
547 741 26 21 of
585 741 60 22 those

55 765 130 22 immediate
201 765 80 22 results
298 765 71 22 which
389 772 57 15 were
461 767 139 27 anticipated
617 769 29 26 by

55 790 39 24 the
117 791 128 26 intelligent
264 791 45 23 and
325 792 166 28 philanthropic
509 793 136 24 individuals

57 819 50 21 ■who
117 818 93 22 devised
219 818 39 22 the
268 818 60 29 plan.
369 816 27 25 In
407 819 39 22 the
457 820 95 22 harbour
561 821 26 21 of
596 821 50 23 Port

58 844 131 28 Nicholson,
200 844 36 23 for
245 845 111 27 instance,
366 845 65 23 there
441 853 37 15 are
488 847 52 22 nine
551 848 55 27 pahs
622 856 24 15 or

57 872 75 22 native
143 871 100 28 villages.
273 872 34 22 Of
312 872 63 22 these
386 873 54 27 only
450 873 62 23 three
522 873 57 24 have
589 875 55 22 been

58 898 98 24 selected
167 906 24 14 as
201 899 75 22 native
286 906 106 19 reserves,
410 899 45 23 and
469 908 42 14 one
525 901 18 21 is
553 901 47 23 laid
609 906 37 18 out

60 932 25 16 as
100 934 14 14 a
128 925 76 27 public
219 932 94 20 reserve,
329 925 91 28 leaving
436 926 43 22 five
499 927 72 23 which
591 929 55 22 have

56 952 95 22 become
169 951 38 23 the
226 955 104 29 property
351 953 26 21 of
396 953 87 26 private
502 954 142 24 individuals'.

58 978 30 24 In
99 979 38 23 the
146 979 132 21 immediate
288 979 94 26 vicinity
391 979 26 21 of
428 979 37 22 the
475 980 97 22 harbour
584 982 61 22 there

57 1012 38 16 are
105 1005 94 30 perhaps
209 1005 71 23 about
288 1005 41 22 500
338 1012 25 14 or
372 1007 41 20 600
420 1013 68 20 acres,
496 1007 73 22 which
576 1009 70 27 might

57 1032 29 22 be
105 1032 131 23 considered
255 1040 24 14 as
294 1032 107 27 occupied
417 1033 31 26 by
464 1033 37 21 the
518 1034 86 22 natives
612 1035 34 23 for

58 1059 39 22 the
106 1065 96 20 purpose
213 1059 26 21 of
251 1059 132 22 cultivation
390 1067 5 19 ;
412 1062 41 18 not
469 1059 49 22 that
528 1060 37 22 the
576 1062 69 22 whole

57 1085 28 22 of
95 1085 98 22 thiswas
203 1085 73 22 under
285 1085 86 22 culture
381 1089 24 19 at
415 1093 44 20 any
469 1094 43 14 one
522 1087 54 23 time
585 1096 6 19 ;
608 1089 38 22 but

57 1112 50 22 that
114 1111 45 21 this
168 1112 105 27 quantity
290 1112 43 22 had
349 1112 57 22 been
422 1113 99 23 reduced
532 1113 49 23 into
598 1124 48 19 pos-

58 1139 84 21 session
152 1138 28 27 by
191 1138 126 22 individual
327 1139 93 22 natives.
451 1139 33 23 Of
492 1140 42 22 this
544 1143 102 26 quantity

58 1164 109 26 certainly
175 1168 41 18 not
229 1172 42 14 one
287 1165 61 21 third
362 1165 41 22 has
419 1167 57 21 been
493 1169 105 21 reserved
613 1169 34 22 for

60 1192 74 25 them;
152 1191 10 22 I
182 1191 88 22 believe
290 1191 11 22 I
321 1192 72 26 might
412 1200 38 19 say
466 1198 40 17 not
521 1202 42 14 one
574 1195 70 29 sixth;

63 1218 45 23 and
116 1218 177 27 unfortunately,
303 1218 107 27 although
420 1219 19 23 it
448 1227 52 20 may
511 1221 28 21 be
549 1221 51 23 that
608 1223 37 22 the

60 1245 55 23 land
126 1244 73 23 which
208 1245 40 22 has
255 1245 58 22 been
323 1245 97 23 selected
431 1254 24 14 as
465 1248 75 22 native
549 1256 98 16 reserves

60 1279 53 21 may
123 1272 28 21 be
161 1272 24 21 in
196 1272 86 27 quality
293 1272 44 22 and
346 1273 95 27 position
459 1275 26 21 of
495 1275 43 21 fair
554 1283 92 21 average

58 1299 76 26 value,
145 1298 18 22 it
172 1299 20 21 is
203 1306 23 14 so
237 1299 97 21 selected
345 1306 24 14 as
380 1303 21 17 to
417 1308 94 19 possess,
526 1302 53 22 with
596 1303 50 28 only

62 1332 43 16 one
116 1325 125 27 exception,
253 1325 49 22 that
312 1325 24 22 of
346 1326 87 26 Petoni,
446 1328 40 21 but
500 1328 58 23 little
575 1331 71 27 utility

57 1353 40 21 for
103 1352 37 22 the
151 1355 90 24 present
249 1360 105 20 purposes
371 1353 25 21 of
415 1354 37 22 the
469 1356 93 22 natives.
601 1357 45 22 The

58 1379 76 23 native
143 1379 138 22 inhabitants
289 1379 25 22 of
320 1379 44 22 this
372 1380 70 26 placj,
454 1388 55 16 even
520 1383 62 22 those
593 1385 52 27 who,

58 1406 26 22 in
93 1406 39 22 the
141 1405 48 23 first
197 1405 108 28 instance,
315 1407 93 21 resisted
425 1407 37 23 the
479 1409 130 24 settlement
624 1413 25 21 of

58 1433 39 23 the
107 1432 65 22 White
182 1439 52 16 men
245 1440 83 19 among
344 1433 68 25 them,
430 1442 36 15 are
483 1437 125 23 reconciled
623 1442 23 19 to

58 1460 39 22 the
106 1459 132 28 settlement,
246 1460 71 27 partly
325 1459 58 23 from
393 1468 13 14 a
416 1461 85 28 feeling
511 1464 26 20 of
542 1463 29 22 its
582 1465 67 28 being

59 1486 130 27 inevitable,
201 1487 43 22 and
256 1487 72 27 partly
342 1487 58 21 from
413 1496 13 13 a
436 1491 127 26 perception
574 1491 26 22 of
610 1492 36 23 the

59 1520 70 21 many
139 1512 137 29 advantages
286 1513 72 23 which
368 1514 52 28 they
432 1515 75 23 derive
519 1517 57 23 from
592 1518 55 23 their

57 1540 138 23 intercourse
212 1540 53 22 with
282 1540 37 22 the
339 1541 93 27 English
452 1543 94 23 settlers.
585 1545 62 27 They

61 1567 41 23 ask
119 1567 53 28 only
191 1566 34 22 for
245 1574 13 14 a
272 1567 62 28 place
351 1568 102 23 whereon
470 1573 23 18 to
507 1571 79 28 reside,
605 1574 41 21 and

58 1593 56 23 land
123 1597 61 23 tfpbn
193 1593 74 23 which
283 1594 52 27 they
346 1602 52 21 may
408 1596 57 22 raise
475 1597 61 22 food.
575 1600 44 21 But
629 1600 20 22 if

59 1620 38 22 the
107 1624 168 23 arrangements
285 1621 26 21 of
316 1621 38 23 the
362 1622 57 22 New
425 1623 101 23 Zealand
532 1625 114 29 Company

58 1654 39 16 are
122 1646 102 28 adopted,
245 1647 46 23 and
311 1647 38 23 the
373 1649 61 23 tiiles
460 1650 26 22 of
505 1651 70 22 those,
598 1654 48 21 who

58 1673 58 23 have
140 1673 125 28 purchased
288 1675 73 22 under
377 1676 70 27 them,
467 1684 38 15 are
524 1679 123 29 absolutely

57 1700 123 23 confirmed
198 1700 31 27 by
250 1701 141 28 Parliament,
404 1710 13 14 a
431 1703 62 28 large
509 1708 136 27 proportion,

57 1727 22 23 if
90 1731 40 19 not
139 1726 38 22 the
187 1728 105 27 majority
302 1728 24 22 of
339 1729 37 22 the
386 1730 75 22 native
471 1731 139 25 inhabitants
624 1735 25 21 of

60 1755 54 22 Port
124 1753 124 23 Nicholson
259 1755 45 21 will
312 1755 57 22 have
380 1757 88 21 neither
483 1758 39 22 the
539 1767 50 21 one,
607 1769 40 14 nor

60 1781 38 23 the
108 1780 69 27 other,
179 1793 29 4 —
210 1784 22 18 at
250 1781 56 23 leasi
319 1783 95 22 without
429 1791 26 15 an
473 1785 171 29 abandonment,

60 1812 41 19 not
109 1809 85 27 merely
204 1808 26 22 of
241 1808 59 22 their
308 1814 89 23 present
406 1809 145 31 habitations,
570 1814 40 23 but
624 1816 25 21 of

59 1835 59 23 their
128 1839 90 21 present
225 1835 80 23 modes
318 1837 26 21 of
354 1834 46 26 life;

85 1862 13 22 I
107 1868 37 16 am
154 1861 58 28 fully
222 1869 71 15 aware
302 1863 25 22 of
337 1863 38 23 the
386 1864 127 25 difficulties
530 1867 29 27 by
575 1868 71 23 which

58 1888 46 23 this
123 1889 101 27 question
245 1889 19 22 is
283 1891 147 22 surrounded.
469 1892 23 21 It
507 1893 19 22 is
546 1901 29 15 no
595 1903 50 19 easy

57 1919 82 19 matter
149 1919 22 18 to
187 1915 77 28 adjust
278 1917 130 28 conflicting
424 1919 85 28 claims,
528 1921 65 22 when
609 1922 36 23 the

55 1945 107 25 property
185 1946 24 18 at
227 1943 70 22 issue,
306 1943 18 22 is
343 1945 70 21 worth
431 1946 59 21 from
508 1947 98 27 £10,000
624 1954 21 17 to

43 1974 5 4 -
57 1970 106 26 £12,000.
206 1969 54 22 This
278 1970 20 21 is
316 1970 38 22 the
370 1976 92 22 present
477 1973 66 22 value
563 1975 26 21 of
609 1976 36 22 the

57 1995 62 27 land,
140 1995 75 23 which
232 1995 41 23 has
288 1996 59 23 been
365 2000 175 27 unnecessarily,
562 1999 46 25 and
621 2010 24 14 as

58 2029 94 22 appears
162 2026 23 18 to
196 2030 43 19 me,
250 2023 101 28 unjustly
361 2025 67 21 taken
439 2025 58 22 from
508 2027 37 22 the
553 2030 91 27 natives,

58 2050 47 22 and
114 2048 93 23 allotted
217 2053 23 18 to
248 2049 132 28 purchasers
390 2051 72 23 under
471 2053 38 22 the
521 2054 54 23 New
589 2056 56 22 Zea-

56 2076 56 23 land
127 2075 123 29 Company.
293 2077 47 23 The
356 2078 93 27 English
465 2079 118 25 claimants
598 2084 47 22 who

57 2102 97 29 imagine
173 2103 48 22 that
239 2103 60 23 their
316 2105 138 22 investment
471 2107 19 21 is
509 2108 68 23 about
596 2117 49 20 pro-

58 2130 82 26 ducing
149 2129 62 23 them
220 2130 60 22 from
291 2133 53 21 1000
354 2135 21 19 to
385 2133 56 22 4000
454 2141 41 20 per
510 2140 67 23 cent.,
595 2137 48 27 will,

57 2157 28 23 of
95 2164 86 19 course,
192 2157 67 22 resist
270 2162 22 17 to
304 2158 35 22 the
354 2162 85 19 utmost
454 2167 45 21 any
516 2166 94 24 attempt
623 2169 22 17 to

57 2183 92 29 deprive
159 2184 61 22 them
232 2184 25 22 of
269 2184 38 23 the
315 2185 55 23 land
379 2186 94 23 allotted
482 2190 22 19 to
514 2188 73 29 them;
600 2192 44 21 and

56 2211 53 23 with
116 2211 90 34 justice.
248 2211 65 28 They
330 2213 108 23 ventured
453 2214 24 22 in
493 2222 13 15 a
523 2216 88 29 lottery,
620 2218 23 23 in

57 2236 74 24 which
142 2237 53 28 they
204 2237 140 28 mighthave
354 2239 43 22 lost
407 2241 39 22 the
464 2241 71 24 whole
551 2244 27 22 of
589 2244 56 23 their

57 2267 100 20 venture.
194 2264 65 28 They
273 2265 57 23 have
346 2266 40 23 left
395 2267 60 22 their
463 2269 77 22 native
550 2276 95 22 country

57 2292 46 22 and
109 2291 58 23 have
173 2292 150 22 encountered
329 2293 38 22 the
372 2293 67 28 perils
447 2295 45 21 and
499 2295 117 30 hardships
623 2299 25 22 of

55 2325 15 15 a
88 2325 49 15 new
156 2318 136 27 settlement,
312 2319 24 22 in
354 2320 38 21 the
408 2321 58 28 hope
485 2322 27 22 of
530 2324 115 29 obtaining

55 2345 64 23 those
130 2345 104 27 rewards,
245 2345 73 23 which
327 2354 39 16 are.
375 2347 38 22 the
429 2350 141 26 appropriate
586 2359 59 15 com-

55 2372 118 28 pensation
184 2371 34 23 for
228 2371 37 23 the
282 2372 125 23 difficulties
424 2375 54 27 they
495 2376 57 22 have
568 2380 77 26 passed

57 2397 104 28 through.
189 2398 65 27 They
264 2398 57 23 have
332 2400 85 23 chosen
433 2401 63 27 land,
513 2403 84 24 offered
612 2406 34 22 for

57 2426 59 22 their
125 2424 107 23 selection
250 2425 29 28 by
292 2427 81 26 parties
392 2428 107 28 specially
516 2432 129 23 nominated

55 2453 37 22 for
107 2451 38 23 the
159 2458 102 21 purpose,
276 2453 45 22 and
331 2453 50 22 who
392 2462 56 15 were
464 2458 136 23 constituted
617 2461 28 25 by

57 2479 59 23 their
126 2478 70 27 office,
208 2479 120 27 guardians
345 2481 26 21 of
379 2481 36 22 the
425 2482 75 23 native
511 2484 101 24 interests
620 2487 24 21 in

56 2507 39 21 the
109 2505 71 28 place.
212 2505 52 23 Had
278 2506 37 23 the
330 2507 54 22 land
401 2509 23 22 in
435 2508 88 28 dispute
539 2512 58 23 been
611 2521 34 15 re-

58 2532 80 23 served
147 2532 35 22 for
191 2531 39 23 the
244 2533 93 28 natives,
350 2535 53 27 they
413 2536 73 23 would
496 2536 57 24 have
563 2539 81 23 chosen

57 2560 39 22 the
106 2559 55 23 land
170 2562 61 24 next,
242 2560 46 22 and
298 2561 39 22 but
353 2561 57 23 little
426 2562 93 24 inferior
532 2565 24 23 in
573 2568 70 22 value.

59 2587 54 22 Had
122 2586 43 22 this
174 2586 57 22 been
242 2586 66 29 done,
319 2588 60 22 their
393 2589 46 22 loss
450 2591 73 23 would
535 2596 40 19 not
588 2594 55 22 have

58 2615 57 21 been
136 2613 147 28 appreciable.
314 2615 33 22 As
364 2616 20 21 it
399 2616 26 28 is,
436 2620 23 19 to
476 2618 47 23 lose
540 2620 38 22 the
593 2622 50 22 land

56 2641 53 28 they
125 2640 57 22 have
202 2641 105 27 selected,
327 2642 74 23 would
420 2644 91 23 involve
530 2653 14 15 a
563 2647 44 22 loss
622 2653 21 18 to

55 2667 63 23 them
129 2667 25 22 of
160 2667 79 28 nearly
246 2668 30 21 all
286 2665 59 26 their
353 2675 111 23 property,
474 2672 34 21 for
515 2673 72 23 which
593 2675 52 27 they

57 2694 67 23 could
143 2694 76 22 obtain
238 2696 170 26 compensation
429 2698 88 23 neither
534 2700 59 23 from
607 2703 36 21 the

57 2722 57 22 New
128 2721 101 24 Zealand
246 2722 117 28 Company
373 2731 42 15 nor
424 2724 58 24 from
492 2726 38 23 the
542 2728 102 23 Govern-

57 2750 71 21 ment.
157 2748 28 22 In
196 2748 43 22 this
250 2756 58 20 case,
314 2752 23 19 to
348 2750 28 22 do
382 2751 83 27 justice
473 2756 23 18 to
505 2754 37 22 the
549 2756 92 27 natives,

56 2775 75 24 would
149 2775 28 22 be
191 2777 24 20 to
230 2775 74 22 inflict
321 2784 59 20 upon
398 2778 62 23 them
476 2780 104 27 injustice
591 2783 25 21 of
631 2790 13 15 a

55 2801 109 29 precisely
181 2802 175 29 corresponding
373 2809 98 23 amount,
492 2807 47 22 and
558 2809 86 26 against

53 2830 45 21 this
112 2829 105 26 injustice
232 2828 54 28 they
297 2836 52 21 may
358 2830 28 23 be
405 2834 108 26 expected
528 2839 115 19 mostrea-

43 2867 3 5 •
53 2855 93 23 sonablv
161 2857 23 19 to
202 2858 92 25 protest.
322 2856 73 28 Many
410 2858 27 21 of
453 2858 61 23 them
530 2861 47 22 also
586 2862 56 22 have

55 2880 117 30 expended
178 2881 62 27 large
245 2888 61 15 sums
311 2882 22 23 in
338 2883 40 22 the
386 2885 97 22 erection
492 2886 27 22 of
525 2887 109 27 buildings

57 2908 46 22 and
111 2907 23 23 in
145 2907 39 21 the
193 2907 164 28 improvement
366 2910 26 21 of
406 2911 58 22 their
479 2918 110 24 properly,
601 2917 40 21 and

57 2935 30 22 all
95 2933 108 28 probably
214 2934 57 22 have
281 2936 66 21 made
356 2943 169 21 arrangements
533 2947 61 21 upon
606 2943 35 22 the

53 2961 58 22 faith
120 2961 25 21 of
152 2961 60 21 their
220 2961 48 21 title
278 2964 22 18 to
307 2962 37 21 the
351 2962 54 23 land
415 2964 23 21 in
445 2966 110 27 question.
570 2968 71 23 These

55 2995 52 15 men
118 2987 161 28 consequently
288 2995 37 15 are
335 2989 93 24 entitled
438 2996 22 17 to
469 2992 39 22 the
519 2996 121 25 protection

57 3015 27 22 of
90 3015 38 21 the
138 3014 157 22 Government
305 3015 87 29 equally
402 3017 53 22 with
465 3018 37 23 the
513 3022 93 22 natives.

83 3041 35 22 On
127 3039 38 23 the
174 3040 64 23 other
248 3041 66 28 hand,
325 3043 62 22 there
393 3051 38 15 are
437 3044 23 23 in
469 3046 38 22 the
514 3048 126 24 immediate

55 3069 93 26 vicinity
158 3068 26 21 of
190 3068 38 22 the
233 3068 108 23 Harbour
351 3070 25 21 of
384 3070 52 23 Port
444 3072 121 25 Nicholson
573 3076 67 23 about

41 3096 55 22 -500
105 3095 100 26 Natives,
217 3093 50 24 who
278 3102 36 15 are
326 3097 81 22 almost
423 3098 124 30 absolutely
558 3102 82 27 depen-

54 3122 55 22 dent
118 3128 60 21 upon
187 3119 39 24 the
236 3122 103 27 products
351 3124 25 21 of
382 3124 59 23 their
450 3133 48 15 own
510 3128 128 24 cultivation

53 3149 34 22 for
95 3149 144 22 subsistence.
269 3149 47 22 The
326 3150 54 22 land
389 3153 105 22 reserved
503 3154 36 23 for
552 3156 61 23 them
620 3157 19 22 is

52 3175 174 28 comparatively
234 3175 91 23 useless.
354 3177 64 28 They
427 3178 58 23 have
493 3187 29 16 no
531 3182 75 23 beasts
616 3185 26 21 of

50 3203 104 26 burthen,
165 3202 45 22 and
220 3208 30 16 no
260 3210 77 15 means
347 3204 27 22 of
380 3208 151 27 transporting
540 3210 97 26 produce

50 3232 82 26 except
140 3229 23 22 in
172 3229 60 22 their
241 3236 88 22 canoes,
335 3237 26 15 or
370 3239 61 20 upon
436 3233 63 22 .their
509 3241 49 17 own
563 3236 73 24 backs.

50 3256 174 27 Con«ectaently,
235 3257 77 27 nearly
328 3258 30 21 all
373 3258 58 23 their
446 3260 131 24 cultivation
596 3271 42 15 was

48 3284 68 27 along
125 3281 37 24 the
173 3281 71 24 banks
254 3284 25 21 of
288 3284 36 22 the
335 3285 74 27 risers,
421 3286 44 23 and
474 3288 76 23 within
561 3297 14 15 a
585 3298 51 19 very

50 3309 64 24 short?
128 3310 103 23 distance
254 3310 28 23 of
302 3308 225 36 th%ir%et|kments.
566 3317 61 23 Land

48 3337 103 23 however
161 3337 220 33 valuable^itself,
391 3335 131 33 irfhuated
538 3346 23 18 at
570 3351 14 14 a
594 3344 43 22 dis-

47 3368 66 19 tance
124 3364 27 21 of
160 3363 53 22 fonr
229 3371 24 15 or
266 3364 46 33 Qre
328 3366 72 28 miles,
412 3363 113 31 ia^useless
535 3373 23 19 to
568 3369 59 25 them

48 3391 49 22 The
105 3391 105 26 majority
220 3391 26 22 of
254 3391 61 24 these
325 3394 137 28 asserti.that
472 3395 53 29 they
532 3396 57 23 have
598 3403 37 17 not

48 3417 51 22 sold
108 3417 57 22 their
178 3417 62 33 land,
257 3420 46 21 arid
316 3418 83 26 ikh'as.
407 3417 119 33 happened
536 3424 49 22 that
600 3425 34 23 the

43 3444 61 28 •only
111 3444 57 21 tnbe
178 3444 76 23 withiri
264 3446 38 21 the
460 3450 71 22 admit
537 3451 36 22 the
581 3452 52 23 sale.

46 3478 21 15 is
81 3471 47 21 also
146 3469 38 22 the
200 3471 53 27 only
264 3472 54 23 tribe
333 3469 143 34 wKote,pahs
487 3478 43 22 and
547 3479 87 27 potatoe

45 3497 102 27 grounds
156 3497 57 21 have
220 3497 55 23 been
284 3500 137 24 maintained
426 3503 115 23 inviolate.
563 3505 70 23 Those

43 3524 54 22 .who
113 3524 60 25 deny
188 3524 38 21 the
243 3524 45 22 sale
304 3526 47 23 find
367 3528 133 24 themselves
516 3532 117 25 gradually

46 3549 73 24 thrust
136 3553 38 18 out
189 3550 28 21 of
227 3550 30 22 all
272 3552 38 22 the
325 3553 54 24 land
395 3555 54 29 they
460 3557 57 22 have
530 3559 56 23 be^en
597 3566 35 16 ac-

46 3577 120 23 customed
171 3578 23 19 to
205 3577 111 28 cultivate,
327 3582 46 21 and
384 3582 71 23 which'
469 3584 55 27 they
533 3587 100 23 consider

45 3612 27 15 as
90 3605 58 21 their
163 3609 50 15 own
229 3605 99 26 peculiar
346 3613 113 24 property.
489 3611 88 26 Hardly
596 3622 35 14 are

45 3632 55 27 they
109 3629 95 24 allowed
213 3632 23 19 to
252 3631 52 22 take
318 3637 39 18 out
373 3635 26 22 of
415 3636 38 22 the
469 3638 42 22 soil
531 3639 37 23 the
579 3648 52 19 crop

42 3658 57 28 they
108 3657 58 23 have
181 3657 98 28 planted,
290 3659 42 21 and
347 3666 26 16 as
389 3667 56 18 soon
462 3671 26 15 as
503 3665 37 23 the
551 3674 54 17 crop
612 3668 19 22 is

42 3686 70 22 taken
127 3687 46 23 out,
190 3684 55 27 they
254 3691 38 15 are
307 3685 111 26 informed
431 3689 48 22 that
493 3691 38 23 the
544 3693 55 23 land
612 3695 21 22 is

41 3719 30 16 no
86 3712 79 26 longer
179 3712 74 25 theirs,
272 3712 45 21 and
333 3712 49 23 that
393 3714 55 28 they
458 3723 60 17 must
528 3726 30 19 go
575 3721 55 23 else-

41 3740 82 21 where.
152 3737 64 28 They
234 3737 58 22 have
311 3738 65 34 been^
387 3738 52 25 told*
455 3743 29 27 by
504 3745 59 23 their
581 3749 48 22 well

41 3766 97 26 wishers,
145 3768 40 19 not
192 3768 23 18 to
221 3771 82 21 oppose
309 3765 59 22 force
375 3769 22 19 to
403 3768 37 21 the
446 3772 183 26 encroachments

41 3793 27 22 of
83 3794 38 21 the
132 3791 93 27 settlers,
237 3791 40 22 but
286 3796 24 17 to
324 3792 48 28 rely
383 3801 59 19 upon
457 3795 38 22 the
507 3798 82 26 justice
607 3803 26 21 of

41 3820 38 22 the
86 3821 166 25 Government;
260 3818 45 23 and
311 3819 52 27 they
370 3819 57 23 have
433 3821 97 24 hitherto
536 3827 91 24 awaited

41 3846 53 23 with
109 3846 102 28 patience
228 3848 38 20 the
281 3846 103 28 adoption
394 3848 28 21 of
432 3851 124 25 protective
567 3860 60 18 mea-

39 3879 63 16 sures
116 3872 29 28 by
155 3873 38 23 the
203 3872 88 23 Crown.
319 3874 45 21 But
373 3873 24 22 in
408 3874 59 22 what
479 3883 96 17 manner
585 3880 42 24 this

38 3899 123 28 protection
170 3900 20 21 is
199 3903 24 18 to
231 3900 28 22 be
269 3900 99 23 afforded
379 3900 60 23 them
448 3901 19 22 is
475 3909 14 15 a
494 3905 103 28 question
606 3907 27 23 dp

38 3930 65 24 great
111 3925 118 29 difficulty.
256 3927 35 23 To
296 3930 83 20 restore
389 3931 23 18 to
422 3927 61 23 them
495 3931 58 22 their
561 3929 66 27 lands

38 3952 79 30 would,
128 3956 25 19 tf«
162 3952 168 30 (haWftKeci;
336 3954 32 23 be
375 3957 24 20 to
405 3956 74 28 repair
486 3961 33 19 an-
522 3957 104 27 injustice

674 128 58 22 done
747 132 23 18 to
780 128 67 27 them,
860 132 24 18 at
899 129 37 22 the
946 129 60 28 price
1024 130 27 21 of
1063 130 85 23 similar
1156 132 105 27 injustice

674 158 22 17 to
716 155 90 27 equally
819 156 108 21 innocent
945 156 91 27 parties.
1066 157 33 22 To
1116 158 92 23 confirm
1224 159 38 22 the

674 181 58 22 titles
748 182 25 21 of
791 181 37 22 the
847 182 118 28 European
985 182 94 28 settlers,
1101 184 73 22 would
1194 186 26 21 be
1240 189 22 18 to

674 207 89 28 deprive
779 208 38 21 the
836 209 94 26 original
949 210 116 26 occupiers
1081 210 27 21 of
1125 210 37 22 the
1177 212 46 26 soil,
1240 212 26 21 of

674 233 52 23 land
737 235 73 21 which
819 235 53 27 they
883 236 55 21 have
954 242 69 15 never
1039 236 57 28 Bold,
1108 237 44 22 and
1168 238 94 23 without

675 260 72 22 which
758 261 53 28 they
820 269 42 14 can
873 261 81 28 hardly
964 262 90 23 subsist.

701 287 22 22 It
739 288 44 21 will
801 289 26 21 be
841 289 36 21 for
894 289 36 21 the
951 289 93 27 English
1064 289 158 24 Government
1239 294 23 19 to

675 313 78 24 decide
773 315 100 22 between
892 315 61 22 these
972 315 129 28 conflicting
1118 316 86 23 claims.
1234 318 28 22 In

674 340 43 22 this
727 340 72 29 place,
810 341 21 22 if
837 348 46 22 any
892 342 113 28 questions
1015 342 83 27 arising
1108 346 38 19 out
1160 344 26 21 of
1193 344 68 28 them,

674 374 38 15 are
727 370 22 19 to
767 368 29 21 be
811 364 95 26 decided
921 368 30 28 by
965 376 14 14 a
995 367 59 29 Jury
1069 370 26 21 of
1108 369 153 29 Englishmen,

674 393 61 23 there
746 394 74 22 would
827 395 30 22 b»
865 395 42 22 but
920 395 65 22 small
1000 396 136 27 probability
1146 397 26 21 of
1181 398 81 27 justice

674 420 66 27 being
750 421 58 22 done
815 425 23 18 to
848 422 38 22 the
890 423 94 21 natives.
1014 422 27 22 In
1048 422 114 23 whatever
1168 431 95 15 manner

675 446 36 22 the
721 447 110 28 difficulty
840 456 51 19 may
903 449 27 21 be
947 449 85 26 solved,
1048 449 63 22 there
1127 457 41 14 can
1179 450 28 22 be
1221 450 38 23 but

674 481 42 14 one
726 474 91 26 opinion
827 482 24 14 as
862 479 23 18 to
900 475 38 22 the
954 475 107 28 impolicy
1069 476 26 21 of
1109 476 37 22 the
1157 478 106 26 proceed-

674 499 56 28 ings,
742 501 29 28 by
781 501 74 22 which
866 501 43 22 this
919 501 107 23 dilemma
1036 502 40 22 has
1084 502 57 22 been
1152 504 95 22 created.

700 527 48 23 The
755 527 132 28 originators
894 528 25 22 of
923 529 37 22 the
966 529 57 21 New
1031 529 102 22 Zealand
1140 530 122 28 Company,

675 553 97 28 framing
786 555 57 22 their
857 555 54 28 plan
926 555 24 22 in
967 554 114 29 England,
1092 556 92 22 without
1201 558 63 21 other

675 580 112 23 materials
793 588 60 21 upon
864 581 73 22 which
947 585 22 18 to
974 583 53 20 base
1036 582 58 22 their
1101 583 102 26 opinions
1210 584 53 23 than

674 607 54 21 such
739 614 24 15 as
772 615 57 15 were
837 609 102 27 supplied
948 609 30 28 by
987 609 72 21 books
1068 609 90 22 written
1169 610 52 23 with
1231 612 33 21 far

675 633 103 23 different
787 635 92 26 objects,
888 642 25 14 or
921 642 58 15 were
989 635 115 27 gathered.
1106 636 55 22 from
1173 637 37 22 the
1221 637 43 23 dis-

675 660 105 27 criptions
791 661 26 22 of
831 661 83 28 parties
928 662 75 21 whose
1014 663 110 21 attention
1141 663 45 22 had
1196 671 68 16 never

674 686 56 22 been
740 687 100 23 directed
855 692 23 18 to
888 689 38 21 the
943 689 99 27 peculiar
1051 689 172 24 circumstances
1238 692 24 21 in

675 713 37 22 the
728 717 102 25 country,
840 722 62 21 upon
916 722 14 15 a
947 715 40 22 full
1003 715 132 28 knowledge
1144 717 26 22 of
1184 718 78 27 which,

675 748 43 20 any
728 741 54 27 plan
791 741 36 22 for
838 741 38 23 the
886 742 83 22 benefit
979 742 25 22 of
1017 742 37 22 the
1066 744 86 21 natives
1163 745 70 27 ought
1240 748 23 18 to

674 767 57 22 have
749 768 59 22 been
822 769 108 26 founded,
943 769 66 21 could
1025 770 53 27 only
1094 769 71 23 frame
1181 778 12 14 a
1210 772 52 28 plan

673 795 24 21 in
708 794 86 23 outline
812 799 21 18 to
846 795 28 22 be
891 795 61 22 filled
968 803 30 20 up
1008 803 29 14 on
1049 797 38 20 the
1102 801 49 23 spot
1167 797 30 27 by
1208 798 56 22 their

675 821 81 27 Agent.
786 822 59 22 That
854 822 53 28 plan
916 823 127 27 proceeded
1050 831 59 20 upon
1114 827 42 18 two
1165 831 99 20 assump-

674 848 58 22 tions
732 859 28 5 —
760 849 88 28 Firstly,
865 849 49 22 that
930 849 30 22 all
976 850 38 21 the
1024 851 54 20 land
1092 851 78 21 within
1179 856 83 17 certain

675 876 114 21 extensive
800 875 97 24 districts
904 877 72 21 would
984 877 26 21 be
1015 877 126 27 purchased
1147 878 34 21 for
1191 878 70 27 them;

674 902 72 21 and—
746 903 116 28 secondly,
888 903 59 22 That
966 903 38 22 the
1022 903 105 22 different
1143 904 67 23 tribes
1227 913 36 14 oc-

674 929 80 26 cupied
763 936 30 15 an
805 934 77 17 extent
891 930 25 21 of
928 930 62 26 land,
1001 931 61 26 quite
1073 931 190 27 disproportioned

675 958 22 18 to
703 955 58 23 their
769 960 76 22 wants,
854 957 27 21 of
886 957 71 21 which
963 957 38 21 the
1007 957 83 26 largest
1096 958 88 26 portion
1193 958 71 27 might

674 981 27 22 be
711 983 155 27 appropriated
883 987 22 17 to
916 983 37 22 the
963 983 120 27 European
1099 984 92 22 Settlers
1200 985 63 22 with-

675 1012 39 17 out
723 1016 45 20 any
775 1009 185 22 inconvenience.
990 1010 58 21 Both
1059 1011 26 22 of
1092 1010 62 22 these
1165 1017 98 22 assump-

676 1034 57 22 tions
744 1035 57 22 have
810 1036 86 27 proved
905 1031 158 27 fallacious.'/^

700 1061 48 22 The
764 1061 56 23 New
837 1063 137 21 Zealanders
989 1070 70 15 never
1071 1063 60 22 have
1140 1066 122 22 consented

675 1091 20 18 to
707 1088 37 22 the
754 1089 46 21 sale
811 1089 25 21 of
847 1089 30 22 all
892 1089 58 22 their
963 1089 71 26 lands,
1045 1090 46 22 and
1102 1092 65 21 could
1182 1096 46 22 not,
1240 1094 23 21 in

673 1114 53 27 fact,
739 1116 104 22 conceive
854 1116 55 22 such
919 1124 13 14 a
942 1117 91 26 bargain
1040 1124 5 19 ;
1058 1117 46 22 and
1110 1117 105 29 although
1225 1120 37 22 the

676 1139 53 24 land
741 1143 107 26 occupied
859 1144 29 27 by
896 1150 67 20 many
971 1145 25 20 of
1004 1143 37 22 the
1053 1145 67 20 tribes
1131 1145 17 21 is
1160 1146 33 21 far
1203 1153 60 16 more

676 1169 113 21 extensive
799 1170 55 21 than
859 1169 111 28 required,
981 1174 38 23 yet
1029 1171 17 20 it
1055 1171 19 21 is
1085 1172 52 26 only
1143 1172 25 21 in
1178 1178 86 22 respect

676 1195 25 21 of
713 1196 120 27 particular
845 1197 107 26 portions,
963 1197 49 21 that
1027 1205 28 13 an
1067 1199 164 27 appropriation
1241 1201 25 21 of

676 1221 36 22 the
730 1222 56 22 land
800 1227 22 17 to
838 1223 37 22 the
890 1224 92 27 English
998 1224 81 21 Settler
1094 1232 41 14 can
1153 1226 29 21 be
1198 1227 64 22 made

677 1249 93 24 without
782 1249 124 28 producing
921 1254 64 23 great
999 1251 75 27 injury
1087 1255 24 18 to
1128 1252 37 22 the
1179 1254 82 23 native.

676 1275 60 22 With
746 1277 81 26 regard
836 1279 22 19 to
869 1277 38 22 the
917 1278 47 21 first
974 1278 70 27 point,
1056 1278 30 21 all
1097 1278 37 22 the
1145 1281 86 22 natives
1241 1282 25 21 of

676 1302 52 22 Port
737 1303 132 28 Nicholson,
883 1304 10 21 I
907 1304 94 27 believe,
1013 1305 95 22 without
1121 1313 14 14 a
1144 1307 70 27 single
1226 1315 37 15 ex-

676 1329 95 28 ception,
784 1337 64 20 agree
859 1331 50 21 that
919 1338 74 20 many,
1005 1332 21 21 if
1033 1335 40 18 not
1083 1333 37 21 the
1130 1334 105 28 majority
1241 1336 25 21 of

674 1355 145 24 landholders
834 1358 23 21 in
876 1358 38 21 the
925 1358 86 22 district
1028 1359 38 21 did
1085 1363 39 18 not
1134 1365 93 18 consent
1240 1364 23 20 to

676 1383 36 21 the
719 1383 46 22 sale
775 1384 26 21 of
814 1384 58 22 their
881 1385 53 21 land
952 1390 23 17 to
984 1386 37 21 the
1033 1386 77 26 Agent
1120 1388 22 21 of
1160 1387 37 22 the
1207 1388 55 23 New

675 1410 100 22 Zealand
793 1411 121 28 Company,
925 1412 47 21 and
987 1412 52 28 they
1050 1414 45 21 also
1113 1418 76 23 assert,
1205 1415 59 22 what

675 1437 57 22 from
748 1445 39 20 my
796 1438 153 22 observations
960 1440 26 21 of
998 1440 36 21 the
1050 1440 87 22 natives
1147 1440 60 28 here,
1217 1443 45 22 and

674 1463 24 23 in
707 1463 65 23 other
787 1469 67 23 parts,
866 1465 12 22 I
888 1473 35 14 am
939 1466 61 27 quite
1017 1466 84 23 certain
1117 1468 18 21 is
1152 1468 38 23 the
1206 1476 55 20 case,

676 1490 47 22 that
742 1498 68 21 every
825 1497 99 17 freeman
942 1492 41 23 has
1001 1501 13 14 a
1028 1493 61 27 right
1106 1498 22 17 to
1144 1496 120 24 particular

675 1518 72 27 pieces
757 1518 26 21 of
796 1519 94 27 ground,
902 1520 37 21 the
956 1520 135 22 boundaries
1101 1522 26 21 of
1138 1522 71 22 which
1226 1531 36 15 are

676 1551 23 15 as
716 1545 49 21 well
780 1545 96 27 defined,
894 1546 43 23 and
952 1555 24 14 as
991 1547 82 27 rigidly
1083 1548 145 28 maintained,
1239 1557 24 15 as

675 1578 44 21 any
728 1574 70 19 estate
808 1573 23 21 in
840 1572 38 23 the
889 1577 58 18 most
956 1574 103 22 civilized
1069 1578 101 24 country.
1201 1576 61 28 They

674 1597 86 22 further
770 1606 65 19 agree
845 1600 49 21 that
904 1607 28 14 no
944 1608 42 14 one
997 1608 81 20 person
1089 1602 104 23 however
1202 1607 62 23 great

676 1628 51 25 may
735 1625 28 22 be
773 1625 35 22 his
819 1633 79 20 power,
910 1627 39 21 has
960 1635 13 13 a
983 1628 58 26 right
1057 1632 21 17 to
1089 1629 104 22 interfere
1203 1631 59 26 with,

677 1651 67 22 much
753 1652 45 21 less
808 1656 21 18 to
838 1653 121 27 disposeof,
968 1654 37 21 the
1014 1659 104 23 property
1124 1656 28 21 of
1158 1663 43 21 any
1208 1658 55 21 free-

678 1686 52 14 man
749 1679 94 22 without
857 1680 35 21 his
909 1684 99 23 consent,
1026 1682 43 21 and
1090 1683 49 21 that
1154 1691 56 14 even
1226 1685 36 21 the

675 1706 104 28 majority
794 1706 25 22 of
833 1706 37 22 the
885 1708 55 21 tribe
958 1708 56 21 have
1029 1708 25 22 in
1069 1709 45 22 this
1130 1715 87 22 respect
1233 1719 29 14 no

674 1739 73 20 power
757 1740 54 15 over
827 1733 37 22 the
881 1734 105 28 minority
995 1742 25 14 or
1029 1742 57 15 even
1098 1744 53 14 over
1162 1745 13 14 a
1192 1738 70 28 single

675 1759 132 22 dissentient
816 1764 71 24 party.
916 1761 127 28 According
1054 1766 22 17 to
1087 1763 38 22 the
1135 1768 96 18 customs
1241 1766 25 21 of

676 1786 37 22 the
732 1786 55 22 New
803 1787 143 27 Zealanders,
956 1788 120 28 therefore,
1088 1790 38 22 the
1141 1791 56 22 New
1207 1792 57 22 Zea-

676 1812 54 23 land
739 1813 115 28 Company
864 1814 57 23 have
933 1823 28 13 no
973 1815 46 22 title
1034 1819 23 18 to
1068 1816 38 23 the
1116 1822 89 22 greater
1214 1826 50 20 por-

674 1839 45 22 tion
731 1840 25 21 of
764 1840 37 22 the
817 1841 70 27 lands,
900 1842 70 22 which
981 1842 52 28 they
1042 1843 59 22 have
1118 1845 113 27 professed
1241 1850 22 18 to

674 1867 46 22 sell.
750 1868 55 21 And
819 1868 18 21 it
853 1875 53 21 may
921 1868 27 22 be
968 1870 72 21 stated
1055 1870 53 22 with
1125 1872 136 26 confidence,

674 1894 48 21 that
730 1894 162 27 nothingshort
900 1896 25 21 of
931 1903 28 14 an
969 1897 44 20 Act
1019 1897 24 20 of
1051 1897 136 23 Parliament
1196 1900 66 22 could

676 1920 71 23 divest
764 1922 38 21 the
820 1922 83 21 Native
914 1923 120 27 Proprietoi
1055 1924 26 21 of
1094 1924 36 22 his
1146 1926 60 27 title.;
1223 1934 40 14 nor

673 1947 48 22 that
739 1948 92 22 without
843 1956 28 14 an
883 1949 109 28 adequate
1008 1952 177 26 compensation.
1215 1953 47 22 The

674 1973 88 23 Islands
772 1975 26 21 of
807 1976 53 21 New
871 1976 108 26 Zealand,
989 1977 29 25 by
1030 1978 111 22 whatever
1151 1980 49 20 title
1210 1980 56 27 they

674 2007 51 21 may
734 2001 83 27 belong
826 2004 22 19 to
859 2002 38 21 the
907 2002 82 22 British
998 2004 86 26 Crown,
1094 2005 56 22 have
1158 2009 39 18 not
1207 2006 55 22 been

676 2028 109 27 acquired
800 2028 24 22 in
840 2036 45 20 any
894 2036 95 15 manner
998 2030 72 23 which
1086 2032 74 22 would
1174 2037 88 23 operate

674 2056 22 19 to
711 2054 36 22 the
759 2055 190 27 extinguishment
963 2056 27 23 of
1003 2058 87 26 private
1106 2058 59 28 right
1180 2064 22 17 to
1212 2068 50 19 pro-

674 2087 70 26 perly,
756 2089 25 14 or
793 2082 66 22 could
870 2082 78 23 enable
961 2084 37 21 the
1013 2084 79 23 Crown
1102 2088 23 19 to
1134 2091 66 23 grant
1209 2087 53 23 land

674 2109 127 27 previously
813 2110 106 27 occupied
928 2111 72 22 under
1009 2119 13 14 a
1033 2112 50 22 title
1092 2113 68 27 valid,
1172 2115 86 21 accord-

674 2135 37 27 ing
724 2138 22 19 to
763 2136 38 21 the
817 2137 134 26 recognized
969 2142 97 18 customs
1084 2140 72 22 which
1173 2148 37 14 are
1226 2141 36 22 the

676 2161 51 22 laws
739 2163 25 21 of
772 2162 38 23 the
820 2167 101 24 country.
951 2164 47 22 Not
1012 2166 92 27 merely,
1116 2167 117 27 therefore,
1243 2169 19 21 is

673 2188 37 22 the
720 2190 137 27 assumption
867 2190 27 22 of
905 2190 37 22 the
958 2191 55 22 New
1029 2192 100 23 Zealand
1139 2195 121 28 Company,

674 2215 47 22 that
739 2216 52 28 they
803 2217 43 22 had
865 2218 158 26 extinguished
1041 2220 37 21 the
1092 2221 75 21 native
1182 2222 47 21 title
1241 2227 21 17 to

674 2242 37 22 the
720 2243 63 27 large
792 2247 67 18 tracts
869 2244 123 28 nominally
1000 2246 109 22 included
1121 2248 75 22 within
1207 2249 56 22 their

673 2270 121 26 purchases
812 2271 61 27 quite
888 2268 138 30 unfounded,
1037 2274 48 26 but,
1098 2274 38 22 the
1151 2275 74 22 defect
1238 2277 23 21 in

674 2296 57 22 their
747 2297 49 22 title
813 2298 108 27 resulting
937 2298 57 22 from
1008 2300 38 21 the
1057 2301 104 23 omission
1177 2310 30 14 on
1226 2303 36 23 the

674 2326 49 23 part
739 2324 26 21 of
771 2324 58 22 their
843 2329 70 23 agent
927 2328 23 19 to
965 2327 111 27 complete
1087 2327 34 23 his
1135 2329 126 28 purchases,

674 2349 53 23 does
737 2354 42 18 not
793 2359 61 14 seem
864 2352 132 28 susceptible
1008 2354 26 21 of
1045 2361 44 20 any
1099 2355 92 27 remedy
1201 2357 61 22 short

674 2377 25 20 of
706 2384 26 14 an
744 2378 45 21 Act
800 2379 25 21 of
838 2378 144 23 Parliament.
1011 2380 61 26 Arid,
1091 2383 119 28 assuredly,
1224 2385 36 22 the

678 2403 136 27 Legislature
826 2406 26 21 of
861 2406 74 21 -Great
949 2406 89 22 ■Britain,
1048 2408 44 21 will
1102 2416 68 20 pause
1189 2412 73 22 before

675 2430 17 21 it
707 2431 63 22 takes
780 2432 57 21 from
854 2434 41 20 500
909 2432 145 29 individuals,
1070 2436 98 27 subjects
1184 2437 25 22 of
1226 2438 36 22 the

675 2457 91 27 empire,
777 2458 45 22 and
832 2459 92 22 entitled
935 2464 23 17 to
968 2460 30 21 all
1012 2461 37 21 the
1060 2462 71 26 rights
1141 2464 26 20 of
1172 2464 90 23 citizen-

674 2484 55 28 ship,
742 2485 80 22 settled
835 2485 24 22 in
869 2486 62 22 fixed
946 2486 142 29 habitations,
1106 2490 44 22 and
1160 2491 102 23 cultivat-

673 2510 38 28 ing
719 2511 58 22 their
787 2519 49 15 own
846 2513 72 27 lands,
928 2514 38 21 the
981 2516 41 20 600
1034 2522 25 14 or
1066 2515 42 23 700
1117 2524 62 15 acres
1194 2519 68 22 need-

673 2538 33 21 ful
719 2542 23 17 to
751 2538 59 23 their
819 2540 142 21 subsistence.

701 2565 61 22 With
777 2567 78 26 regard
866 2571 22 17 to
904 2568 36 22 the
956 2568 82 22 second
1054 2569 72 27 point,
1137 2570 19 22 it
1171 2571 20 22 is
1202 2573 60 28 quite

673 2594 80 24 true,—
758 2592 79 29 firstly,
860 2594 60 22 That
940 2595 37 21 the
998 2597 136 26 possessions
1154 2598 26 21 of
1191 2606 71 23 .every

674 2619 63 26 tribe,
758 2627 38 15 are
815 2621 126 26 altogether
960 2622 190 28 disproportioned
1168 2629 23 18 to
1200 2626 62 23 <iheir

673 2650 69 18 wants
750 2654 6 20 ;
760 2658 26 5 —
787 2648 113 27 secondly,
914 2649 60 21 That
984 2649 37 22 the
1031 2656 88 16 reserve
1130 2651 25 22 of
1167 2659 14 15 a
1197 2654 65 22 tenth

673 2673 26 22 of
713 2674 37 21 the
760 2674 72 22 whole
847 2680 95 23 country
953 2676 73 22 would
1042 2677 27 21 be
1081 2677 34 22 far
1129 2685 62 16 more
1207 2681 52 22 than

673 2700 111 23 sufficient
794 2702 35 20 for
839 2702 58 22 their
907 2703 138 22 subsistence
1055 2711 61 20 upon
1127 2712 12 14 a
1146 2705 87 30 footing
1240 2709 24 21 of

674 2728 98 26 equality
789 2728 53 22 with
857 2728 39 22 the
912 2729 94 28 English
1023 2731 98 23 Settlers.
1151 2733 44 23 But
1209 2735 19 21 it
1243 2736 19 21 is

673 2757 38 18 not
720 2752 112 24 sufficient
847 2759 22 18 to
880 2763 87 15 reserve
978 2764 13 14 a
1005 2757 64 22 tenth
1085 2766 59 20 upon
1160 2760 38 22 the
1209 2762 52 27 plan

671 2781 26 21 of
704 2781 37 21 the
752 2782 57 21 New
819 2782 99 22 Zealand
928 2783 122 28 Company.
1080 2785 47 23 The
1142 2789 120 22 accessible

671 2806 65 23 lands
754 2816 44 19 are,
815 2809 24 21 in
860 2816 68 21 many
944 2809 103 28 districts,
1059 2812 45 22 and
1120 2814 142 29 particularly

673 2834 47 21 that
725 2835 22 21 in
756 2835 37 21 the
801 2836 49 21 Port
857 2836 122 22 Nicholson
986 2837 91 28 district,
1086 2843 173 28 comparatively

672 2861 72 28 small,
754 2862 46 22 and
810 2870 13 14 a
833 2862 62 28 large
909 2865 128 26 proportion
1048 2867 26 20 of
1087 2866 69 28 these,
1168 2868 60 28 large
1239 2876 22 15 at

670 2888 55 21 least
735 2896 24 14 as
770 2889 119 27 compared
900 2890 51 22 with
966 2891 37 21 the
1014 2893 74 21 actual
1104 2900 89 17 reserve
1209 2896 43 23 had

671 2914 75 23 before
756 2915 37 22 the
804 2916 81 22 arrival
894 2917 26 22 of
932 2917 38 23 the
982 2919 129 28 Europeans
1126 2921 56 22 been
1194 2930 66 16 ocou-

671 2942 50 26 pied
737 2942 31 27 by
780 2942 37 22 the
831 2944 93 22 natives.
954 2945 74 22 While
1045 2947 61 27 then,
1118 2947 43 23 less
1177 2949 54 23 than
1246 2959 13 14 a

671 2969 65 22 tenth
747 2970 26 20 of
780 2970 37 22 the
827 2970 71 23 whole
909 2971 85 23 district
1003 2973 71 26 might
1085 2974 27 22 be
1118 2975 109 28 adequate
1237 2982 22 17 to

670 2995 37 22 the
718 2999 90 24 support
819 2998 22 20 of
851 2998 38 22 the
901 2999 92 26 natives,
1005 3000 54 28 they
1069 3002 73 21 would
1152 3004 88 27 require
1245 3013 14 14 a

671 3022 66 22 much
747 3026 75 25 larger
831 3026 127 25 proportion
970 3027 26 21 of
1010 3027 37 22 the
1058 3027 153 30 immediately
1220 3039 37 15 ac-

668 3050 92 22 cessible
778 3050 70 24 lands.
879 3052 27 22 In
923 3053 44 22 this
984 3059 87 22 respect
1090 3055 57 22 their
1161 3058 94 26 position

669 3076 73 23 differs
753 3077 80 28 widely
843 3079 58 22 from
910 3079 49 23 that
970 3081 24 21 of
1001 3081 39 21 the
1047 3081 195 27 EnglislTSettlers
1242 3088 12 20 ':

669 3102 62 23 these
748 3104 66 22 latter
830 3105 65 28 bring
911 3107 45 21 into
965 3107 39 22 the
1021 3108 87 27 Colony
1118 3109 52 22 with
1187 3110 58 24 them

667 3130 82 27 capital
768 3131 46 22 and
832 3132 58 27 skill,
903 3133 25 22 of
944 3133 54 23 both
1008 3135 26 21 of
1048 3135 73 22 which
1141 3136 38 22 the
1198 3138 55 23 New

667 3156 126 24 Zealander
810 3159 18 21 is
844 3159 112 23 destitute.
986 3159 62 29 They
1065 3161 58 23 have
1134 3171 114 17 moreover

667 3183 73 23 habits
749 3185 73 22 which
832 3185 65 23 allow
906 3187 61 22 them
976 3187 93 23 without
1078 3189 176 26 inconvenience

667 3213 21 18 to
698 3210 44 23 live
757 3212 65 22 alone
830 3213 59 23 .with
906 3214 57 22 their
972 3214 95 23 families
1078 3223 26 14 or
1118 3215 136 29 dependents

665 3244 23 14 in
699 3237 37 23 the
751 3239 76 26 forest,
843 3239 99 24 satisfied
951 3241 52 22 with
1019 3243 127 22 occasional
1154 3244 61 24 visits
1233 3252 21 17 to

666 3264 36 21 the
713 3269 65 23 town,
789 3266 45 22 arid
843 3268 120 22 ebntented
978 3271 23 19 to
1013 3269 53 21 wait
1079 3269 58 22 until
1153 3271 38 23 the
1206 3281 48 19 pro-

664 3297 60 20 gress
737 3292 26 22 of
774 3292 130 24 settlement
911 3294 97 29 supplies
1020 3295 64 22 them
1095 3296 52 23 with
1162 3300 83 27 society

666 3318 45 22 and
718 3321 90 21 secures'
818 3320 48 22 that
881 3321 117 22 increased
1008 3322 65 22 vahie
1083 3323 26 22 of
1122 3323 57 24 their
1192 3317 60 33 land'

666 3348 22 18 to
699 3345 72 23 which
779 3346 56 29 they
843 3347 54 23 look
906 3348 35 22 for
955 3348 104 28 ultimate,
1071 3349 180 29 independence*

664 3371 64 23 while
743 3371 38 23 the
797 3373 56 23 New
869 3374 133 29 Zealander,
1012 3371 83 32 alwiays
1113 3382 139 22 accustomed

664 3402 21 18 to
696 3399 44 21 live
749 3399 24 22 in
784 3399 37 23 the
832 3401 68 23 midst
909 3402 26 21 of
947 3401 34 23 his
992 3402 68 29 tribe,;
1067 3404 74 23 would
1149 3405 49 24 find
1212 3415 40 16 no-

663 3425 64 28 thing
736 3426 24 22 in
777 3427 39 22 the
831 3431 59 18 most
900 3432 148 23 extravagant
1059 3431 155 29 anticipations
1229 3436 26 22 of

662 3452 73 22 future
746 3453 87 28 wealth,
844 3462 58 14 even
912 3455 67 22 could
985 3455 29 23 he
1024 3457 29 21 be
1061 3458 66 22 made
1137 3463 23 18 to
1169 3462 83 22 under-

662 3478 65 23 stand
738 3479 38 23 the
784 3488 91 20 process
892 3482 29 27 by
931 3482 72 22 which
1019 3483 43 22 this
1073 3491 44 15 was
1127 3488 21 19 to
1164 3487 29 23 be
1203 3496 49 16 rea-

659 3506 68 27 lized,
736 3510 23 18 to
765 3511 142 29 compensate
916 3509 82 22 for-the
1007 3510 106 23 enforced
1123 3514 97 23 sacrifice
1229 3518 26 21 of

652 3543 2 12 i
660 3533 31 23 all
702 3533 33 22 his
744 3533 101 24 habitual
859 3535 97 27 pursuits
967 3537 46 21 and
1022 3538 151 25 associations.
1202 3542 48 24 The

662 3560 120 28 European
793 3560 47 23 also
856 3568 43 16 can
907 3562 55 23 take'
971 3563 53 24 with
1040 3563 48 23 him
1097 3573 15 14 a
1122 3567 128 29 sufficiency

660 3587 26 22 of
699 3587 59 27 food,
770 3587 58 23 tools
844 3591 23 19 to
878 3589 90 27 abridge
979 3589 90 29 labour;
1086 3593 67 22 cattle
1168 3599 22 18 to
1200 3604 49 18 per-

659 3613 58 23 form
733 3613 38 23 the
782 3617 57 19 most
855 3615 104 33 toilsome^
965 3616 86 24 works',
1068 3618 28 23 he
1107 3619 41 24 has
1161 3622 89 24 besides

659 3646 77 18 means
756 3641 26 22 of
798 3642 127 27 conveying
942 3642 37 23 his
1002 3644 88 27 surplus
1109 3648 98 26 produce
1227 3656 21 17 to

659 3669 94 26 market)
764 3668 46 22 and
819 3669 26 21 of
850 3668 106 29 bringing
961 3672 23 19 to
993 3670 36 23 his
1039 3671 67 24 home
1114 3673 37 23 the
1161 3677 88 23 articles

659 3695 28 22 of
700 3695 120 28 necessity,
840 3697 161 28 convenience,
1021 3705 26 14 or
1064 3698 91 30 luxury,
1176 3704 73 24 which

657 3722 50 22 that
726 3721 88 30 surplus
832 3729 55 21 may
906 3723 78 22 enable
1003 3727 23 19 to
1045 3726 118 26 purchase.
1201 3731 47 23 The

657 3749 87 23 natives
753 3749 59 23 have
822 3756 28 15 no
867 3749 55 23 such
939 3758 78 15 means
1032 3756 24 17 at
1069 3752 60 23 their
1141 3754 97 29 disposal

657 3776 44 22 and
712 3776 95 33 nothing
816 3776 40 23 has
866 3777 56 21 been
931 3776 59 23 done
1000 3782 22 17 to
1033 3780 129 31 supply.this
1172 3782 75 25 defici-

657 3810 64 21 ency.
753 3803 82 27 Living
848 3810 61 21 upon
921 3803 39 23 the
974 3812 39 14 sea
1023 3810 63 18 ooast
1095 3806 35 23 for
1146 3808 38 24 the
1194 3818 54 16 con-

656 3836 109 17 venience
775 3831 27 21 of
813 3829 82 29 fishing
900 3838 6 20 ;
913 3851 2 5 ,
924 3831 124 23 assembled
1058 3832 25 23 in
1098 3834 56 28 pahs
1165 3836 35 23 for
1210 3838 37 23 the

655 3863 94 22 purpose
760 3857 26 22 of
793 3857 98 28 security
898 3865 5 19 ;
919 3857 38 22 the
967 3858 57 23 New
1034 3859 138 25 Zealanders
1182 3865 65 23 culti-

656 3886 49 19 vate
711 3884 48 27 just
769 3891 29 15 Bcr
805 3884 68 23 much
882 3885 87 27 ground
979 3885 23 22 in
1014 3885 38 23 the
1061 3887 185 28 neighbourhood

653 3910 30 27 of,
688 3910 58 22 their
754 3910 117 24 residence
882 3918 24 15 as
914 3911 140 29 may'suffice'
1060 3917 23 18 to
1091 3914 84 25 furnish
1186 3918 59 24 them

655 3936 51 22 with
715 3937 63 26 food,
789 3935 49 25 an'df
845 3937 80 24 enable
940 3937 95 34 thereto
1045 3940 78 24 obtain
1134 3942 103 26 blankets

653 3964 94 22 tobacco
757 3964 46 22 and
813 3971 13 15 a
834 3961 44 26 feW
888 3965 64 22 other
956 3966 91 23 articles
1056 3967 25 24 in
1087 3968 118 29 exchange
1211 3972 36 24 for

1290 132 38 23 the
1342 130 96 28 surplus.
1468 131 22 22 It
1506 137 52 22 may
1572 131 36 27 be,
1629 131 101 28 perhaps,
1746 139 13 15 a
1774 133 104 27 question

1291 158 99 23 whether
1400 158 37 21 the
1452 157 89 23 natives
1558 157 73 22 would
1640 159 40 20 not
1694 158 30 22 be
1739 158 91 28 happier
1843 159 37 23 for

1290 192 61 15 some
1360 184 85 27 change
1455 185 25 22 in
1494 184 58 21 theic
1565 184 80 27 habits,
1658 184 71 23 which
1746 185 80 22 should
1843 193 36 14 as-

1291 211 103 23 simulate
1405 211 62 22 them
1476 218 61 15 more
1548 210 77 28 nearly
1635 216 22 17 to
1668 211 135 28 Europeans.
1834 213 46 22 But

1290 238 63 22 there
1363 245 42 14 can
1416 238 27 21 be
1453 245 30 14 no
1494 237 100 28 question
1611 238 49 21 that
1668 238 18 21 it
1699 238 109 24 would.be
1819 240 59 21 alike

1291 264 96 22 fruitless
1397 264 45 22 and
1451 264 62 23 cruel
1522 268 22 18 to
1555 268 94 24 attempt
1666 268 22 18 to
1698 265 115 22 introduce
1823 266 57 22 such

1291 299 13 14 a
1315 291 85 26 change
1416 291 109 25 suddenly
1543 290 45 23 and
1596 291 102 27 forcibly,
1717 291 30 28 by
1762 292 118 28 depriving

1291 318 62 21 them
1363 318 25 21 of
1395 318 38 21 the
1443 318 54 22 land
1506 318 59 21 from
1575 318 72 22 which
1657 317 53 26 they
1720 318 44 22 had
1773 319 58 22 been
1842 326 38 15 ac-

1290 344 115 23 customed
1422 348 23 19 to
1455 345 61 22 draw
1526 344 107 27 supplies;
1652 344 45 23 and
1713 344 89 28 driving
1818 346 62 22 them

1291 375 22 18 to
1320 370 109 23 scattered
1435 370 108 23 locations
1548 371 23 21 in
1584 370 37 22 the
1628 371 78 27 depths
1713 372 26 21 of
1746 372 36 21 the
1792 372 86 26 forests,

1290 405 25 15 or
1324 404 29 15 on
1362 397 38 22 the
1410 398 102 22 summits
1522 396 26 23 of
1553 397 37 21 the
1600 396 59 23 hills.
1688 398 53 25 Any
1751 398 94 28 change,
1857 403 23 17 to

1290 425 28 21 be
1328 424 124 28 beneficial,
1462 426 61 20 must
1541 424 25 21 be
1580 423 93 27 gradual
1689 424 45 23 and
1748 425 130 27 voluntary;

1292 454 59 19 must
1359 450 51 23 flow
1419 452 58 21 from
1488 457 28 16 an
1527 450 133 28 acquisition
1671 451 26 21 of
1704 458 14 14 a
1729 454 55 19 taste
1795 452 34 21 for
1839 451 39 23 the

1290 478 105 21 comforts
1414 478 24 21 of
1450 476 105 24 civilized
1570 476 45 27 life,
1628 477 43 22 and
1686 485 13 14 a
1713 479 128 27 perception
1857 479 25 21 of

1291 504 37 22 the
1344 504 134 27 advantages
1488 503 26 23 of
1525 503 118 27 European
1662 500 74 25 habits
1743 510 5 14 :
1765 509 40 18 not
1821 506 59 21 from

1292 531 37 22 the
1335 531 141 27 compulsory
1483 530 137 28 deprivation
1626 530 28 22 of
1656 530 29 22 all
1691 530 38 23 the
1736 532 144 22 accustomed

1292 565 75 14 means
1377 558 27 21 of
1410 559 99 26 support.

1319 584 22 22 It
1350 588 60 18 must
1421 588 38 18 not
1468 585 27 21 be
1506 583 113 27 imagined
1634 584 58 22 from
1706 584 50 27 this,
1775 584 50 23 that
1840 585 40 22 the

1291 610 55 23 land
1355 611 104 27 required
1469 612 35 21 for
1515 610 37 22 the
1562 617 38 16 use
1616 610 26 22 of
1655 610 36 22 the
1707 612 86 21 natives
1812 612 68 22 could

1290 640 40 19 not
1346 638 26 21 be
1389 638 105 22 reserved
1508 638 94 21 without
1615 637 77 27 injury
1708 641 22 18 to
1746 638 37 21 the
1803 639 77 22 settle-

1292 668 73 23 ment;
1384 671 31 15 no
1425 664 70 22 doubt
1510 664 118 21 assertions
1645 664 26 21 of
1682 664 43 22 this
1740 669 79 18 nature
1835 666 45 21 wiil

1292 692 27 21 be
1339 690 74 28 made,
1433 691 45 22 and
1495 690 20 21 it
1528 697 51 20 may
1596 697 58 15 even
1670 690 27 23 be
1715 691 104 27 asserted,
1830 692 50 22 that

1292 718 62 22 there
1363 718 19 21 is
1391 725 28 14 an
1430 718 100 22 absolute
1541 717 187 28 incompatibility
1735 718 98 22 between
1842 719 37 22 the

1292 745 150 27 preservation
1453 745 26 22 of
1491 748 37 23 ti{e
1539 744 85 21 natives
1640 744 23 21 in
1674 744 58 23 their
1749 744 37 22 old
1802 746 78 21 modes

1291 771 25 22 of
1328 771 44 27 life,
1393 772 44 21 and
1456 772 38 21 the
1515 778 101 20 progress
1641 771 44 22 and
1708 772 124 27 prosperity
1856 772 26 23 of

1295 797 94 27 English
1410 798 155 23 colonization.
1602 797 102 27 Nothing
1719 805 41 15 can
1779 799 26 21 be
1817 806 63 15 more

1291 824 135 23 unfounded.
1466 826 46 21 Oat
1530 824 26 22 of
1576 825 79 27 nearly
1675 826 76 26 10,000
1768 833 62 14 acres
1856 826 26 21 of

1290 852 73 21 fertile
1381 852 55 22 land
1457 851 73 23 which
1552 851 57 22 have
1630 852 57 21 been
1707 852 109 27 surveyed
1833 852 47 23 and

1291 878 98 23 selected
1412 879 23 22 in
1453 879 39 22 the
1512 878 129 22 immediate
1662 878 183 28 neighbourhood
1856 880 26 21 of

1292 905 54 22 Port
1356 905 127 28 Nicholson,
1495 906 42 21 600
1547 905 72 22 would
1630 906 58 21 have
1703 906 74 27 amply
1786 906 94 23 sufficed

1292 932 33 21 for
1335 932 35 21 the
1381 937 90 22 present
1485 936 70 18 wants
1570 932 26 21 of
1608 932 36 21 the
1662 932 94 23 natives.
1795 933 47 22 Out
1857 933 25 22 of

1292 960 53 21 1100
1355 965 62 16 acres
1427 959 25 22 of
1461 958 71 23 which
1544 958 37 22 the
1591 962 59 18 town
1661 958 18 22 is
1690 960 127 27 composed,
1825 960 54 28 only

1292 985 61 27 eight
1362 992 38 15 are
1410 985 106 27 occupied
1527 985 30 27 by
1574 985 36 22 the
1628 985 77 22 native
1723 986 62 27 pahs.
1824 987 55 22 Had

1292 1012 38 22 the
1337 1012 56 22 land
1402 1012 99 28 actually
1511 1012 108 26 occupied
1628 1019 25 14 or
1668 1012 120 23 reclaimed
1799 1014 30 27 by
1840 1014 38 22 the

1292 1038 85 23 natives
1388 1039 56 22 been
1454 1038 110 26 reserved,
1575 1038 19 22 it
1605 1038 73 23 would
1687 1046 30 15 no
1735 1039 69 22 doubt
1820 1041 57 22 have

1290 1066 59 22 been
1367 1065 76 22 rather
1461 1072 62 16 more
1543 1064 52 23 than
1616 1073 43 14 one
1678 1066 65 22 tenth
1760 1066 24 22 in
1803 1068 75 26 value,

1291 1092 84 28 though
1384 1093 34 21 far
1427 1093 44 22 less
1483 1092 54 22 than
1548 1099 42 15 one
1602 1092 64 22 tenth
1673 1092 24 22 in
1708 1097 78 18 extent
1801 1094 25 21 of
1839 1094 37 22 the

1289 1120 54 22 land
1363 1119 73 23 which
1453 1125 62 16 some
1534 1118 26 23 of
1582 1118 58 23 their
1662 1119 70 22 chiefs
1755 1121 123 28 nominally

1292 1146 77 26 ceded,
1381 1146 45 22 and
1440 1146 73 23 which
1523 1145 37 22 the
1574 1145 55 22 New
1645 1146 100 23 Zealand
1760 1148 118 28 Company

1290 1181 51 14 now
1352 1173 77 22 claims
1439 1174 72 21 under
1525 1172 47 22 that
1588 1174 95 21 cession.
1723 1174 43 21 But
1784 1174 44 22 this
1844 1183 36 14 re-

1292 1207 63 15 serve
1365 1200 71 22 would
1452 1200 58 22 have
1526 1199 97 22 satisfied
1639 1200 37 21 the
1692 1200 92 26 natives,
1802 1202 46 21 and
1861 1202 19 22 it

1292 1226 73 23 would
1374 1226 57 23 have
1440 1226 95 23 enabled
1545 1226 38 21 the
1593 1226 55 22 New
1656 1227 99 22 Zealand
1763 1228 117 28 Company

1292 1257 23 18 to
1334 1254 74 21 obtain
1436 1261 12 14 a
1464 1252 61 23 valid
1544 1254 47 21 title
1615 1257 22 18 to
1657 1254 58 21 their
1734 1257 144 24 possessions.

1291 1280 58 23 That
1358 1280 54 22 such
1422 1287 99 16 reserves
1530 1287 57 15 were
1596 1284 41 18 not
1646 1280 72 28 made,
1729 1281 19 22 is
1754 1282 126 28 absolutely

1291 1308 186 20 unaccountable.

1318 1335 34 21 As
1362 1341 28 15 an
1400 1334 134 22 illustration
1546 1334 24 21 of
1582 1334 37 21 the
1631 1334 65 23 mode
1706 1335 24 22 in
1748 1335 72 22 which
1838 1336 39 22 the

1292 1361 75 22 native
1374 1368 99 15 reserves
1478 1362 22 21 in
1507 1360 45 23 this
1557 1361 89 22 district
1651 1362 57 21 have
1713 1362 55 22 been
1774 1363 103 27 selected,

1292 1388 11 21 I
1315 1388 43 21 will
1365 1387 96 28 proceed
1472 1392 22 18 to
1504 1387 99 23 describe
1613 1388 37 22 the
1661 1389 91 26 general
1763 1390 115 22 character

1292 1414 26 21 of
1339 1414 37 23 the
1397 1420 57 17 most
1473 1416 127 26 important,
1622 1415 23 22 in
1664 1416 113 22 reference
1800 1421 22 17 to
1842 1417 36 22 the

1290 1441 88 22 various
1389 1443 75 21 native
1473 1442 136 22 settlements
1617 1443 85 21 around
1714 1443 35 21 the
1760 1443 105 21 harbour.

1318 1468 48 23 The
1386 1470 87 21 natives
1496 1468 26 22 of
1542 1468 37 23 the
1602 1469 45 27 pah
1664 1470 33 21 Te
1717 1470 52 24 Aro,
1791 1477 29 15 on
1841 1470 39 22 the

1290 1495 107 22 southern
1407 1496 65 22 shore
1479 1495 26 23 of
1513 1495 58 22 what
1582 1496 16 21 is
1610 1503 49 15 now
1669 1497 84 22 termed
1765 1497 112 22 Lambton

1294 1522 109 26 Harbour,
1416 1523 49 22 who
1475 1529 58 16 were
1544 1529 70 15 nevftr
1629 1523 116 22 consulted
1761 1531 24 14 as
1803 1528 21 18 to
1842 1525 37 21 the

1291 1548 53 26 sale,
1356 1549 44 22 and
1417 1554 40 17 not
1473 1556 43 15 one
1532 1549 25 22 of
1574 1549 73 23 whom
1664 1550 79 27 signed
1761 1550 37 22 the
1814 1551 66 22 Deed

1292 1576 123 27 conveying
1426 1580 22 18 to
1458 1576 37 23 the
1508 1576 54 21 New
1579 1576 99 22 Zealand
1696 1578 123 27 Company,
1834 1578 46 22 had

1291 1602 121 23 cultivated
1429 1604 59 21 from
1504 1604 27 20 60
1546 1606 23 18 to
1586 1606 25 19 80
1624 1611 61 14 acres
1702 1604 23 21 of
1739 1604 53 22 land
1802 1612 27 14 on
1841 1606 38 20 the

1291 1629 51 22 hills
1353 1630 151 28 immediately
1514 1629 23 22 in
1548 1630 37 21 the
1594 1637 51 15 rear
1656 1631 25 21 of
1692 1630 56 23 their
1763 1631 52 27 pali,
1834 1633 46 21 and

1290 1656 46 21 had
1346 1657 96 26 gardens
1452 1665 29 14 on
1492 1657 37 20 the
1540 1664 63 20 space
1614 1664 51 15 now
1675 1658 108 27 occupied
1794 1658 29 28 by
1841 1659 37 21 the

1290 1683 76 22 Town.
1410 1684 74 27 Every
1508 1690 43 15 one
1574 1684 25 21 of
1624 1684 58 22 their
1705 1685 109 27 clearings
1833 1686 45 22 and

1290 1710 101 26 gardens,
1403 1718 24 14 as
1438 1712 49 21 well
1497 1717 25 15 as
1531 1710 58 22 their
1597 1711 45 27 pah
1653 1711 39 22 has
1708 1712 55 21 been
1782 1712 98 23 selected

1292 1737 33 21 for
1335 1737 36 22 the
1382 1738 131 26 purchasers
1520 1737 71 22 under
1600 1738 38 22 the
1645 1739 120 27 Company,
1774 1740 44 21 and
1826 1740 54 27 they

1290 1763 58 22 have
1358 1764 57 22 been
1425 1763 104 29 required
1539 1769 21 16 to
1569 1764 51 27 give
1631 1773 29 19 up
1668 1767 134 25 possession.
1817 1766 60 27 This,

1292 1790 110 26 however,
1415 1792 53 27 they
1478 1792 57 21 have
1553 1795 38 18 not
1608 1796 39 22 yet
1664 1793 65 21 done.
1767 1793 73 22 There
1860 1795 19 21 is

1292 1825 42 14 one
1344 1818 84 21 section
1438 1817 152 27 immediately
1601 1818 84 23 behind
1692 1820 57 21 their
1755 1820 109 28 clearings
1873 1829 4 18 ;

1291 1844 46 22 and
1355 1845 62 22 there
1438 1853 37 14 are
1495 1844 62 23 three
1577 1845 76 22 others
1668 1850 25 18 at
1709 1854 13 14 a
1739 1847 100 22 distance
1856 1849 26 20 of

1292 1871 68 22 about
1370 1875 42 19 two
1429 1872 65 22 miles
1508 1872 92 27 further,
1616 1873 73 22 which
1704 1881 44 20 are,
1767 1874 110 27 however,

1292 1898 25 21 of
1328 1898 56 22 little
1395 1899 73 22 value,
1484 1902 80 24 except
1581 1899 33 21 for
1631 1901 99 26 grazing.
1767 1901 63 28 They
1851 1901 28 23 do

1290 1925 157 27 nevertheless,
1460 1933 86 20 possess
1556 1926 23 21 in
1589 1926 37 21 the
1643 1934 42 14 one
1702 1928 84 22 section
1802 1929 23 21 in
1841 1929 38 21 the

1290 1958 51 15 rear
1358 1952 25 21 of
1403 1952 58 22 their
1475 1955 90 26 pi*esent
1581 1953 115 28 clearings,
1713 1962 42 14 one
1774 1955 104 22 valuable

1290 1979 92 25 section,
1393 1980 75 20 which
1477 1981 22 19 in
1513 1986 13 13 a
1535 1986 54 20 year
1598 1987 24 13 or
1633 1985 49 21 two,
1695 1981 52 26 they
1763 1982 42 20 will
1824 1990 51 18 pro-

1290 2004 68 28 bably
1368 2013 84 20 occupy
1459 2005 45 23 and
1514 2006 105 21 cultivate
1626 2014 5 18 ;
1649 2007 38 21 but
1696 2007 19 22 it
1733 2008 71 22 would
1819 2008 59 22 have

1282 2030 65 25 ,been
1358 2039 61 14 more
1426 2034 56 26 just,
1494 2032 44 21 and
1549 2039 60 15 more
1621 2034 95 26 prudent
1727 2038 21 18 to
1762 2042 76 14 secure
1856 2040 22 17 to

1288 2058 64 22 them
1370 2059 38 21 the
1428 2059 88 27 ground
1535 2059 53 28 they
1603 2059 45 23 had
1664 2061 97 27 actually
1781 2062 95 22 cleared.

1290 2084 49 23 The
1349 2086 86 22 natives
1446 2087 26 21 of
1484 2086 133 27 Kumutoto,
1629 2094 28 14 on
1669 2087 37 23 the
1718 2093 52 17 west
1778 2089 66 22 shore
1856 2090 26 21 of

1291 2112 111 22 xjanibton
1415 2113 112 27 Harbour,
1538 2113 55 22 have
1605 2114 56 22 been
1671 2115 91 22 allowed
1774 2120 22 16 to
1805 2117 72 21 retain

1292 2146 42 15 one
1345 2147 50 14 acre
1406 2147 28 15 on
1444 2140 81 22 which,
1527 2144 48 23 part
1587 2140 24 22 of
1622 2141 58 22 their
1689 2141 43 28 pah
1749 2143 70 26 stood,
1838 2144 40 22 but

1291 2165 53 28 they
1353 2166 58 22 have
1421 2171 40 17 not
1470 2167 77 23 within
1559 2167 30 22 all
1605 2167 59 23 their
1680 2169 84 22 district
1779 2177 14 14 a
1805 2170 72 27 single

1292 2200 50 14 acre
1354 2194 26 20 of
1391 2199 92 22 country
1494 2194 60 22 land.
1589 2194 48 22 The
1655 2196 84 22 natives
1749 2197 25 21 of
1786 2197 37 22 the
1832 2197 45 26 pah

1293 2220 101 27 Pippitea
1405 2221 57 22 have
1474 2221 98 22 retained
1584 2221 57 22 their
1649 2223 44 23 pah
1702 2223 96 22 because
1807 2224 17 21 it
1833 2223 42 23 has

1292 2246 55 22 been
1365 2248 98 22 selected
1479 2255 25 15 as
1518 2255 13 15 a
1549 2248 72 27 public
1635 2256 97 21 reserve,
1749 2251 43 21 and
1815 2251 62 22 there

1292 2281 36 13 are
1340 2274 67 22 abeut
1421 2276 28 21 20
1465 2282 61 15 acres
1545 2275 26 21 of
1591 2275 75 23 native
1685 2284 99 15 reserves
1802 2278 76 22 within

1291 2300 50 21 that
1350 2305 50 22 part
1410 2301 26 22 of
1447 2302 39 22 the
1495 2301 70 23 Town
1582 2301 72 24 which
1664 2303 92 28 belongs
1769 2308 22 18 to
1800 2305 61 22 them
1870 2314 5 19 ;

1291 2327 41 22 but
1351 2327 50 33 they
1424 2329 56 21 have
1501 2332 40 18 not
1559 2336 13 14 a
1583 2329 71 28 single
1670 2337 92 22 country
1783 2333 93 21 section.

1290 2354 50 22 The
1349 2356 87 21 natives
1447 2355 26 22 of
1485 2355 108 23 Tiakiwai
1603 2356 58 22 have
1671 2358 87 22 neither
1776 2359 45 27 pah
1836 2367 42 14 nor

1290 2385 94 24 country
1403 2381 61 28 land,
1482 2381 29 23 all
1527 2382 40 22 has
1586 2384 56 21 been
1656 2385 67 21 taken
1734 2386 56 22 from
1806 2386 70 22 them.

1290 2408 48 21 The
1355 2409 88 22 natives
1459 2410 26 21 of
1497 2409 45 22 Kai
1557 2410 139 24 Wara-wara
1709 2413 74 21 .whose
1800 2413 43 28 pah
1858 2414 19 21 is

1291 2435 78 21 situate
1381 2435 88 28 beyond
1480 2437 37 21 the
1529 2437 99 22 confines
1637 2439 27 21 of
1675 2440 38 21 the
1725 2444 64 22 town,
1805 2440 73 28 might

1290 2460 57 23 have
1359 2462 56 22 been
1426 2463 103 23 reserved
1542 2463 92 24 without
1643 2465 37 22 the
1690 2466 100 27 slightest
1800 2467 76 28 public

1290 2489 180 28 inconvenience,
1492 2490 57 22 have
1569 2490 45 23 had
1639 2493 57 21 their
1712 2493 43 27 pah
1774 2494 46 21 and
1840 2494 38 22 the

1291 2515 70 22 whole
1371 2516 27 21 of
1405 2516 57 22 their
1470 2517 88 22 cleared
1563 2518 98 26 grounds
1667 2520 68 22 taken
1742 2521 57 21 from
1807 2521 69 22 them.

1290 2542 48 22 The
1353 2550 61 14 same
1431 2551 77 15 course
1523 2543 41 23 has
1583 2545 57 21 been
1657 2547 96 26 pursued
1770 2547 55 22 with
1840 2548 38 22 the
1884 2545 2 24 !

1292 2569 87 22 natives
1393 2569 26 22 of
1432 2571 142 27 Ngauranga.
1603 2572 48 22 The
1661 2574 85 22 natives
1756 2575 26 20 of
1789 2575 86 27 Petoni,

1292 2603 61 15 more
1363 2596 112 23 fortunate
1487 2596 53 22 than
1551 2605 44 20 any
1602 2599 26 21 of
1633 2599 57 23 their
1696 2601 112 28 brethern,
1819 2602 57 22 have

1292 2623 43 21 had
1346 2623 61 22 three
1419 2625 103 25 sections,
1533 2625 117 28 including
1661 2627 57 22 their
1729 2628 42 27 pah
1783 2629 44 22 and
1839 2630 37 21 the

1292 2649 70 23 whole
1372 2658 25 14 or
1405 2651 76 28 nearly
1492 2651 38 21 the
1541 2651 76 27 whole,
1626 2653 26 21 of
1660 2653 58 23 their
1723 2655 110 27 clearings
1842 2664 34 14 re-

1291 2677 84 22 served.
1404 2677 48 23 The
1462 2678 88 22 natives
1562 2679 26 21 of
1596 2680 109 23 Waiwatu
1722 2681 56 23 have
1789 2683 89 22 neither

1291 2703 44 36 pah
1344 2711 24 15 or
1378 2704 111 29 clearings
1501 2705 41 22 left
1552 2705 69 23 them.
1649 2707 54 22 Two
1713 2709 96 22 sections
1820 2710 56 23 have

1291 2729 55 24 been
1355 2732 104 22 reserved
1467 2735 23 20 in
1497 2739 44 15 one
1547 2738 49 22 part
1606 2733 27 22 of
1639 2733 37 23 the
1683 2735 54 22 land
1743 2736 53 28 they
1801 2737 74 28 claim,

1290 2757 72 23 which
1377 2758 45 22 will
1436 2759 129 28 eventually
1574 2767 88 20 possess
1676 2770 14 14 a
1701 2769 52 21 very
1763 2764 113 23 consider-

1290 2785 49 22 able
1349 2785 72 27 value,
1432 2786 40 22 but
1482 2790 23 19 at
1518 2791 91 23 present
1624 2787 44 23 less
1685 2789 53 22 than
1755 2797 13 15 a
1784 2791 52 22 fifth
1854 2793 26 21 of

1290 2812 61 22 these
1362 2820 97 15 reserves
1470 2813 18 23 is
1498 2813 114 28 available,
1624 2815 38 22 the
1671 2816 129 23 remainder
1810 2819 66 28 being

1290 2847 13 14 a
1311 2846 90 21 swamp.
1429 2841 73 22 There
1513 2847 44 21 are,
1574 2841 55 28 also,
1639 2846 44 19 two
1696 2844 63 21 other
1769 2846 105 26 sections,

1290 2870 38 18 out
1338 2865 25 23 of
1376 2867 72 22 which
1465 2866 95 29 perhaps
1576 2869 25 20 15
1612 2876 26 15 or
1646 2871 28 20 20
1687 2878 61 15 acres
1758 2872 73 22 would
1847 2874 28 21 be

1289 2893 116 27 available,
1417 2894 43 22 and
1476 2901 61 22 upon
1555 2895 71 22 which
1644 2896 54 28 they
1715 2898 106 28 formerly
1830 2900 46 22 had

1288 2928 61 14 some
1365 2921 64 21 small
1445 2925 90 24 potatoe
1552 2923 112 27 grounds;
1682 2925 41 22 but
1739 2925 61 22 these
1818 2926 57 23 have

1288 2947 56 22 been
1355 2947 135 24 abandoned
1501 2948 61 23 since
1572 2949 37 22 the
1620 2949 68 24 death
1698 2952 27 21 of
1739 2952 57 23 their
1806 2953 67 28 chief,

1288 2974 133 27 Puhakawa,
1448 2975 50 22 who
1518 2983 44 14 was
1587 2977 119 24 murdered
1729 2978 62 23 there
1810 2980 32 28 by
1862 2989 13 14 a

1287 3001 80 22 hostile
1377 3001 65 28 tribe,
1450 3003 70 22 about
1528 3006 43 18 two
1581 3011 65 19 years
1657 3006 44 21 and
1710 3013 14 14 a
1734 3006 49 23 half
1791 3015 49 19 ago.
1863 3008 11 22 I

1286 3028 80 22 should
1384 3029 85 28 qualify
1482 3037 38 18 my
1536 3032 121 21 statement
1675 3032 54 23 with
1749 3034 82 27 regard
1852 3039 23 18 to

1287 3055 61 22 these
1358 3056 48 27 last,
1419 3056 64 23 when
1499 3056 13 23 I
1527 3057 55 27 said,
1595 3058 48 22 that
1652 3059 29 22 all
1697 3060 56 21 their
1763 3061 112 28 clearings

1286 3082 44 23 had
1349 3083 56 22 been
1422 3083 69 23 taken
1506 3090 71 21 away,
1595 3084 61 23 since
1670 3086 38 23 the
1724 3091 42 18 two
1776 3088 98 22 sections

1285 3109 42 22 last
1344 3109 98 23 referred
1462 3114 23 19 to
1504 3110 40 23 did
1562 3112 92 23 contain
1671 3121 62 14 some
1754 3114 118 28 clearings.

1286 3135 48 23 The
1351 3137 54 22 land
1421 3137 52 22 thus
1490 3137 96 27 cleared,
1597 3135 112 32 however,
1727 3141 110 28 belonged
1849 3147 24 17 to

1285 3163 37 22 the
1333 3164 120 22 murdered
1471 3165 115 27 chieftain,
1600 3166 47 22 and
1662 3166 44 24 had
1720 3167 58 23 been
1789 3170 85 27 utterly

1283 3191 134 22 abandoned
1424 3192 30 26 by
1462 3191 35 23 his
1508 3192 80 28 family
1596 3192 77 23 before
1683 3194 40 23 the
1732 3195 116 23 selection.

1309 3223 63 23 With
1391 3224 81 27 regard
1492 3227 23 19 to
1531 3224 38 22 the
1589 3226 83 22 second
1690 3227 115 27 purchase,
1824 3228 49 22 that

1283 3250 57 22 from
1350 3251 61 21 some
1422 3251 25 22 of
1454 3251 39 23 the
1503 3251 109 28 principal
1624 3253 70 23 chiefs
1704 3255 26 20 of
1742 3254 38 22 the
1791 3254 82 23 Kawia

1283 3277 61 28 tribe,
1356 3279 18 21 it
1383 3278 19 22 is
1412 3277 96 24 difficult
1523 3282 24 18 to
1562 3286 107 16 conceive
1685 3281 49 21 that
1743 3288 45 20 any
1804 3282 68 22 claim

1282 3312 41 14 can
1341 3305 26 21 be
1382 3305 108 28 seriously
1505 3305 100 23 founded
1621 3314 62 20 upon
1697 3308 25 21 it.
1750 3308 49 22 The
1813 3308 59 23 deed

1281 3331 108 27 professes
1400 3335 22 19 to
1439 3332 109 28 comprise
1563 3337 39 17 not
1616 3333 54 28 only
1680 3334 30 22 all
1719 3335 38 22 the
1767 3335 104 24 land.be-

1281 3358 92 27 longing
1391 3362 23 18 to
1431 3359 38 23 the
1485 3359 80 23 Kawia
1584 3359 63 28 tribe,
1663 3361 41 22 but
1718 3361 29 22 all
1760 3361 39 23 the
1816 3362 55 23 land

1281 3385 100 23 between
1398 3386 38 22 the
1452 3385 54 23 38th
1521 3385 81 28 degree
1612 3387 26 21 of
1654 3387 64 23 south
1727 3388 99 23 latitude
1842 3396 29 15 on

1281 3412 44 25 the,
1329 3416 53 18 west
1391 3416 69 23 coast,
1477 3412 46 24 and
1540 3411 37 24 the
1595 3413 55 22 43rd
1668 3414 81 27 degree
1766 3416 27 21 of
1803 3417 67 22 south

1278 3439 101 27 latitude,
1396 3439 121 29 including,
1531 3439 38 22 the
1588 3441 136 26 possessions
1739 3442 26 21 of
1781 3444 89 22 several

1278 3463 151 36 independent
1544 3474 23 14 as
1587 3467 49 22 well
1655 3475 23 15 as
1694 3468 31 22 all
1740 3468 37 22 the
1793 3469 77 28 places

1280 3493 107 27 occupied
1396 3493 30 27 by
1435 3493 39 22 the
1484 3490 57 25 irlbe
1551 3496 21 19 to
1583 3493 74 23 which
1663 3493 38 23 the
1709 3495 82 28 parties
1800 3500 23 18 to
1829 3497 39 22 the

1280 3519 57 24 deed
1347 3519 115 28 belonged!
1499 3522 5 4 '
1683 3526 3 5 '
1704 3531 3 3 •
1809 3539 4 4 .

1291 3565 3 5 ,
1305 3547 33 25 Tq
1348 3548 94 25 suppose
1457 3546 50 22 that
1574 3554 92 20 persons
1676 3548 51 23 who
1737 3549 80 26 signed
1829 3551 39 23 the

1278 3573 58 23 deed
1351 3573 45 23 had
1411 3573 106 28 any'idea
1525 3573 27 22 of
1563 3573 30 23 its
1602 3578 85 25 nature,
1699 3576 74 24 would
1787 3577 27 23 be
1828 3585 41 21 op-

1277 3600 69 27 posed
1360 3605 22 17 to
1392 3608 67 20 every
1468 3597 63 30 thing
1544 3596 72 28 which
1626 3603 132 27 experience
1770 3604 44 22 has
1823 3605 46 23 dis-

1278 3627 75 23 closed
1367 3627 54 23 with
1436 3627 115 23 reference
1568 3631 23 19 to
1607 3628 38 22 the
1653 3630 76 22 native
1743 3630 125 26 character.

1277 3655 54 22 And
1347 3654 53 23 with
1410 3655 82 26 regard
1505 3657 22 19 to
1537 3654 45 22 this
1591 3655 87 29 alleged
1695 3658 116 28 purchase,
1829 3660 39 22 the

1277 3681 71 23 chiefs
1364 3681 50 23 who
1431 3688 59 16 were
1504 3681 84 32 parties
1601 3685 23 19 to
1643 3683 39 22 the
1697 3688 100 19 contract
1805 3686 63 23 .have

1277 3708 133 28 vigorously,
1426 3708 46 22 and
1486 3707 99 23 hitherto
1603 3711 155 28 successfully,
1772 3713 96 24 resisted

1277 3742 67 21 every
1361 3738 94 24 attempt
1471 3742 28 15 on
1515 3735 38 22 the
1569 3739 52 24 part
1635 3737 27 22 of
1677 3738 39 22 the
1735 3740 133 26 purchasers

1276 3762 72 22 under
1363 3762 39 22 the
1419 3763 116 28 Company
1545 3765 22 19 to
1577 3763 67 22 settle
1659 3772 60 20 upon
1736 3766 57 23 their
1803 3769 64 21 terri-

1267 3801 2 6 .
1276 3789 73 22 tories.
1377 3789 31 22 In
1418 3789 53 22 Port
1486 3788 128 29 Nicholson,
1626 3791 39 22 the
1679 3792 189 26 inconveniences

1275 3815 108 27 resulting
1401 3816 58 22 from
1478 3815 40 23 the
1537 3818 140 26 pretensions
1699 3820 26 21 of
1744 3820 39 23 the
1807 3822 58 23 New

1275 3842 100 23 Zealand
1391 3843 118 28 Company
1517 3845 24 19 to
1551 3843 87 28 dispose
1654 3846 24 21 of
1690 3846 54 23 land
1753 3851 23 20 to
1792 3848 75 25 which

1276 3869 53 28 they
1337 3869 59 23 hava
1405 3877 31 15 no
1445 3869 63 23 valid
1524 3867 55 30 title,
1591 3872 56 22 have
1659 3872 57 24 been
1732 3876 84 28 mainly
1825 3876 43 24 felt

1275 3897 29 27 by
1314 3897 37 22 the
1362 3896 94 23 natives.
1487 3896 29 23 In
1527 3897 36 22 the
1574 3898 167 32 neighbouring
1749 3902 87 23 district
1843 3905 27 21 of

1275 3923 99 28 Porirtia,
1386 3923 87 28 alleged
1483 3927 23 19 to
1522 3923 58 24 have
1595 3925 58 23 been
1668 3928 126 26 purchased
1806 3929 61 25 from

1275 3951 38 22 the
1328 3951 80 22 Kawia
1424 3952 63 26 tribe,
1498 3950 39 23 the
1551 3951 180 26 inconvenience
1741 3955 40 24 has
1793 3956 73 25 fallen

1267 3982 2 7 '
1273 3984 61 21 upon
1353 3977 38 25 the
1410 3978 113 23 colonittt.
1562 3979 74 23 There
1660 3988 37 15 are
1720 3989 84 22 among
1826 3984 40 23 th»
