2540 4029
722 3362 24 25 It
760 3363 20 24 is
802 3363 104 32 reported
922 3363 49 24 that
992 3364 117 30 Hanham,
1128 3372 45 17 one
1192 3365 27 24 of
1232 3363 37 24 the

688 3396 50 24 four
749 3404 54 16 men
820 3396 47 25 lost
885 3401 24 20 at
928 3397 40 24 the
988 3398 117 24 Massacre
1124 3398 26 24 of
1164 3397 102 29 Wairau,

688 3428 42 25 has
740 3429 89 25 arrived
840 3434 24 20 at
874 3429 96 26 Nelson.
1006 3431 75 24 Three
1099 3439 39 17 are
1156 3431 48 24 still
1214 3431 55 24 mis-

689 3462 51 32 sing
740 3473 33 7 —
773 3455 129 32 MaWthe
914 3462 194 32 chief-constable,
1120 3464 93 29 Stokes,
1226 3462 43 25 and

689 3495 97 25 Burton.
821 3488 62 37 »9)

106 1420 50 24 The
168 1420 121 32 particular
307 1428 94 23 passage
418 1425 23 18 to
453 1420 72 23 which
544 1428 32 14 we
593 1419 60 24 refer

72 1462 25 15 as
114 1453 73 31 likely
198 1459 22 18 to
236 1453 103 29 mislead,
355 1454 20 22 is
394 1461 26 15 as
437 1453 86 23 follows
542 1466 33 3 —
600 1452 51 29 We,

72 1488 38 22 the
121 1486 152 31 undersigned
291 1486 139 23 inhabitants
442 1486 24 23 of
482 1486 37 23 the
531 1486 87 23 district
630 1486 26 23 of

74 1521 56 23 Port
142 1519 134 29 Nicholson,
288 1519 59 23 avail
358 1519 114 23 ourselves
485 1519 24 23 of
519 1519 37 23 the
569 1526 84 24 oppor-

74 1554 73 30 tunity
158 1552 120 32 presented
286 1552 29 31 by
324 1552 37 23 the
371 1552 84 23 arrival
465 1552 25 23 of
500 1552 37 23 the
550 1552 103 23 Colonial

75 1587 126 29 Secretary,
213 1584 55 25 with
284 1584 108 32 sufficient
404 1592 75 16 means
490 1584 47 31 for
550 1584 38 23 the
596 1592 57 23 pro-

74 1619 81 24 tection
164 1619 30 30 of
201 1618 41 31 life
253 1618 45 23 (.nd
301 1621 120 28 property,
432 1623 23 18 to
464 1625 93 24 express
568 1622 21 19 to
596 1625 59 23 your

73 1653 131 30 excellency
225 1651 64 23 those
310 1652 132 22 sentiments
465 1651 25 23 of
510 1655 89 27 respect
618 1651 37 22 for

72 1685 103 31 yourself
190 1684 45 24 and
251 1684 85 32 loyalty
348 1689 21 18 to
387 1684 40 23 the
443 1684 90 28 Crown,
545 1684 24 23 in
581 1683 74 24 which

75 1726 33 16 we
119 1717 61 32 yield
192 1723 22 18 to
226 1725 58 15 none
295 1717 63 23 other
371 1717 25 23 of
411 1717 41 23 her
464 1717 122 32 Majesty's
596 1717 57 23 sub-

73 1752 58 31 jects
143 1752 25 23 in
180 1750 63 24 these
366 1763 33 4 —
399 1758 24 23 p.
435 1752 40 22 80.

107 1785 43 23 We
169 1783 67 24 know
255 1783 48 25 that
324 1790 95 24 persons
438 1790 38 17 are
496 1788 21 18 to
537 1783 29 23 be
583 1782 73 24 found

76 1818 49 23 who
142 1816 74 25 would
227 1817 64 31 point
302 1821 22 19 to
337 1816 37 23 the
393 1816 72 23 words
476 1817 26 22 in
514 1816 81 30 italics,
608 1816 47 23 and

75 1858 40 16 our
135 1855 77 19 recent
232 1850 132 31 complaints
388 1857 26 15 as
432 1850 158 28 inconsistent,
610 1849 45 23 and

75 1884 66 23 make
152 1884 40 23 the
204 1891 20 23 a]
228 1888 84 26 -parent
323 1883 166 29 inconsistency
507 1882 38 23 the
557 1882 98 23 founda-

75 1918 48 22 tion
131 1917 25 23 of
164 1925 14 15 a
186 1917 81 30 charge
279 1917 87 30 against
373 1924 28 14 us
409 1916 25 22 of
442 1916 68 29 being
519 1915 137 23 dissatisfied

76 1950 127 31 grumblers
220 1954 23 19 at
262 1949 162 23 Government.
460 1948 24 23 It
495 1949 27 28 is,
535 1948 120 29 therefore,

74 1990 123 22 necessary
206 1987 23 20 to
236 1987 57 18 stats
303 1983 37 22 the
351 1982 174 26 circumstances
533 1980 123 24 connected

75 2013 54 23 with
138 2021 42 15 our
190 2014 82 22 former
281 2014 130 30 expression
422 2014 25 22 of
456 2013 147 28 satisfaction,
612 2013 44 23 and

76 2051 23 18 to
120 2046 62 23 show
205 2046 48 23 that
276 2053 32 16 we
328 2046 56 23 have
405 2053 29 16 no
455 2046 99 30 grounds
574 2046 34 23 for
626 2046 30 22 its

76 2079 155 23 continuance.

108 2112 51 23 The
171 2111 195 24 sufficientmeans
375 2112 165 30 forprotection
552 2116 23 19 to
583 2111 74 24 which

76 2145 37 24 the
131 2145 94 23 address
243 2145 78 28 refers,
343 2145 113 23 consisted
476 2145 24 23 in
519 2153 14 15 a
556 2145 60 30 body
634 2145 24 23 of

76 2183 74 26 troops
162 2177 73 24 which
247 2177 38 24 the
297 2177 104 24 Colonial
419 2178 119 30 Secretary
558 2178 99 30 brought

75 2211 53 23 with
140 2211 57 28 him,
208 2211 34 23 for
255 2211 37 23 the
312 2218 99 24 purpose
431 2218 25 15 as
474 2218 46 15 was
541 2211 116 30 generally

76 2244 136 24 understood
234 2244 26 23 of
281 2244 116 31 enforcing
419 2244 49 23 that
484 2244 127 25 .obedience
634 2248 22 18 to

77 2278 87 24 British
185 2277 112 31 authority
316 2277 74 23 which
411 2281 23 19 to
451 2278 35 22 his
505 2277 103 31 surprize
627 2276 29 24 he

75 2311 69 24 found
154 2318 29 16 us
194 2311 85 30 willing
289 2311 89 29 enough
390 2314 23 19 to
420 2311 82 22 render
510 2309 145 31 voluntarily.

77 2344 57 23 This
144 2344 61 31 body
215 2344 26 23 of
255 2349 76 26 troops
352 2351 44 15 was
415 2343 41 23 left
474 2343 53 23 with
547 2351 28 15 us
595 2343 35 23 for
643 2351 13 15 a

76 2385 53 23 very
140 2377 66 24 short
215 2377 85 31 period,
319 2376 44 23 and
382 2376 130 24 withdrawn
529 2381 25 18 at
573 2384 14 15 a
596 2382 61 17 most

77 2410 84 24 critical
189 2414 107 25 moment,
324 2410 66 23 when
419 2417 62 16 some
512 2410 144 30 aggressions

77 2451 56 16 were
143 2443 132 24 threatened
288 2444 28 30 by
328 2443 37 23 the
382 2443 103 24 Natives.
522 2443 68 23 Since
603 2443 54 23 then

78 2485 39 15 our
128 2477 48 23 sole
188 2477 123 30 protection
322 2474 32 33 (if
369 2476 57 24 such
441 2478 19 21 it
470 2484 51 23 may
533 2476 28 23 be
574 2476 82 29 called)

75 2510 41 23 has
138 2509 114 25 consisted
272 2511 24 22 in
319 2518 14 15 a
355 2509 78 24 Police
460 2509 135 31 Magistrate
622 2507 38 33 (of

77 2544 71 23 whom
161 2542 102 32 Murphy
274 2551 45 15 was
329 2542 37 24 the
377 2542 63 31 first)
452 2542 45 24 and
516 2544 31 22 12
567 2547 89 18 consta-

77 2577 55 23 bles.
169 2576 58 25 This
238 2584 34 15 we
284 2576 58 32 hope
353 2576 122 23 reconciles
493 2575 38 24 the
548 2580 110 27 apparent

75 2610 174 30 inconsistency.

108 2643 51 25 The
172 2642 104 25 Colonial
286 2642 99 25 abstract
401 2642 26 24 of
440 2642 39 24 the
498 2650 96 16 revenue
613 2641 44 24 and

77 2677 29 23 its
113 2676 172 32 .appropriation
295 2676 36 24 for
352 2677 71 28 1841,
437 2675 65 24 tends
520 2679 23 20 to
561 2675 71 24 throw
644 2683 14 15 a

76 2709 56 24 little
143 2709 124 24 additional
277 2709 59 31 light
348 2717 60 23 upon
427 2708 38 24 the
476 2707 89 33 subject
576 2708 25 24 of
616 2716 42 16 our

76 2743 133 30 protection.
251 2742 51 24 The
322 2742 133 31 population
479 2742 24 23 of
524 2741 133 29 Auckland,

77 2775 101 30 Russell,
202 2775 44 24 and
270 2775 132 31 Hokianga,
426 2780 23 18 at
474 2775 38 23 the
534 2775 79 31 period
634 2779 24 20 to

77 2808 71 25 which
159 2810 47 23 this
216 2809 100 24 abstract
335 2809 78 29 refers,
425 2816 45 16 was
488 2816 33 15 we
538 2808 85 24 believe
636 2812 23 19 at

79 2842 36 24 the
126 2843 89 24 outside
235 2846 41 20 not
286 2842 70 24 above
375 2850 14 16 a
407 2841 51 26 fifth
480 2841 25 24 of
519 2841 50 24 that
580 2841 26 24 of
620 2841 38 24 the

78 2875 56 24 Port
152 2876 127 24 Nicholson
302 2876 95 24 district.
434 2875 51 24 The
503 2874 94 24 relative
617 2882 41 16 ex-

77 2909 118 31 penditure
206 2917 29 16 on
246 2908 39 25 the
295 2909 71 31 police
380 2909 27 24 of
422 2909 38 23 the
470 2913 44 19 two
526 2907 101 25 districts
636 2908 22 24 is

76 2950 25 16 as
111 2942 88 24 follows
206 2951 6 16 :
213 2955 35 5 —

279 2973 181 25 AUCKLAND.

77 3000 111 23 Mounted
197 3001 75 22 Police
286 3001 62 24 £494
361 3002 26 20 12
402 3001 39 25 10}

79 3027 95 23 General
181 3027 77 23 Police
288 3026 61 25 £807
375 3029 55 20 910
431 3022 11 32 j

480 3080 85 27 £1,402
592 3081 13 20 5
632 3082 15 20 9

77 3107 114 23 Russell.,
524 3108 43 20 834
593 3107 13 21 7
634 3107 26 25 li

78 3133 124 27 Hokianga
448 3130 38 24 V..
523 3134 42 21 445
592 3134 14 20 3
634 3135 15 19 9

79 3160 70 23 Gaols
159 3163 24 19 at
191 3159 121 23 Auckland
321 3158 44 24 and
375 3158 99 24 Russell.
480 3173 6 6 .
525 3160 39 21 101
592 3160 15 20 4

483 3212 83 28 £2,782
581 3212 26 22 17
622 3214 38 24 10}

186 3240 82 24 PORT
281 3238 188 28 NICHOLSON,

79 3267 63 25 Total
154 3268 76 23 Police
240 3268 123 27 Expences,
371 3266 115 28 including

241 3294 58 23 Gaol
378 3309 19 7 -.
523 3294 43 21 403
580 3292 27 23 17
631 3293 17 22 2

105 3348 99 24 Balance
211 3349 24 22 in
248 3348 78 23 favour
342 3348 25 22 of
377 3346 114 24 Northern

239 3375 94 23 District
482 3374 84 27 £2,379
592 3375 14 20 0
634 3374 27 25 8}

81 3407 50 22 And
141 3415 57 15 even
213 3410 22 19 at
249 3407 98 27 Akaroa,
362 3405 75 24 where
451 3413 34 15 we

106 3434 27 22 do
142 3437 40 20 not
190 3434 85 23 believe
286 3433 61 23 thert
354 3440 57 16 were
417 3440 25 15 or
448 3440 37 15 are

107 3462 38 22 100
155 3460 94 28 English
258 3460 92 27 settlers,
361 3459 38 23 the
409 3460 75 22 Police

107 3488 144 28 expenditure
260 3487 19 22 is
288 3486 105 23 returned
402 3487 35 22 for
446 3486 38 23 the

106 3522 59 15 same
174 3514 77 30 period
259 3521 25 15 as
524 3513 41 22 505
593 3514 15 21 8
634 3514 15 21 6

114 3548 61 25 Such
186 3549 21 23 is
218 3548 38 24 the
274 3548 130 31 proportion
415 3547 25 23 in
449 3547 74 24 which
536 3547 37 24 the
589 3546 73 25 Local

84 3580 151 26 Government
244 3580 101 33 expends
352 3580 38 24 the
397 3580 70 24 funds
475 3581 76 24 which
560 3581 20 23 it
588 3580 73 24 draws

85 3614 76 24 almost
171 3614 139 31 exclusively
319 3614 59 23 from
390 3613 87 25 Cook's
488 3614 94 24 Straits.
616 3612 46 24 We

81 3646 87 26 furnish
178 3648 64 24 three
252 3647 89 24 fourths
353 3654 25 17 or
387 3654 64 17 more
463 3647 25 24 of
503 3647 39 24 the
554 3654 106 22 revenue,

85 3687 37 17 our
131 3681 131 32 population
278 3680 95 24 exceeds
390 3680 51 23 that
451 3680 26 24 of
493 3680 39 24 the
551 3680 69 24 north
637 3680 25 24 in

85 3711 34 26 the
129 3715 130 31 proportion
269 3713 26 24 of
302 3721 62 16 more
376 3712 56 25 than
443 3713 64 25 three
517 3718 25 19 to
553 3721 51 21 one,
617 3713 45 24 and

84 3744 35 25 the
128 3748 145 31 expenditure
279 3754 63 25 upon
349 3746 37 24 the
393 3746 158 25 maintenance
559 3746 26 24 of
588 3746 74 32 police

84 3777 76 32 forces,
180 3781 21 23 is
213 3781 24 23 in
258 3781 38 23 the
314 3781 90 22 inverse
420 3781 132 31 proportion
572 3780 26 23 of
615 3779 47 24 less

84 3810 52 26 than
151 3821 43 16 one
210 3817 24 20 to
245 3814 44 24 six.
325 3812 46 25 Let
389 3812 20 24 it
425 3812 30 24 be
472 3814 71 23 borne
554 3814 24 22 in
596 3811 66 25 mind

86 3843 52 32 also,
155 3845 51 24 that
222 3851 23 19 at
263 3845 122 26 Auckland
404 3845 63 24 there
486 3854 50 17 was
554 3845 45 25 and
611 3846 20 23 is
649 3853 14 16 a

85 3878 94 24 resident
194 3879 59 32 body
271 3880 25 24 of
314 3884 76 27 troops
400 3887 8 21 ;
430 3879 24 24 in
472 3879 87 25 Cook's
576 3879 86 25 Straits

86 3914 36 20 not
131 3918 43 18 one
185 3911 90 26 soldier.

815 3574 72 24 —On
910 3574 144 32 Wednesday
1079 3575 106 31 evening,
1214 3573 57 27 19tk

689 3612 60 31 July,
773 3615 24 21 at
816 3612 37 23 his
874 3612 125 31 residence,
1017 3613 167 28 Willis-street,
1208 3612 60 23 Geo.

690 3649 100 29 Hunter,
811 3649 70 32 Esq.,
900 3650 66 29 J.P.,
987 3650 84 31 Mayor
1081 3650 26 25 of
1121 3649 148 32 Wellington,

688 3688 57 32 aged
757 3687 31 24 56
801 3695 73 23 years,
916 3688 49 27 Mr,
978 3688 94 25 Hunter
1082 3695 46 17 was
1140 3695 83 24 among
1232 3687 39 24 the

689 3726 91 24 earliest
796 3726 90 25 settlers
905 3727 25 23 in
951 3726 39 24 the
1009 3727 87 31 colony,
1116 3726 45 25 and
1177 3726 30 23 he
1226 3723 46 26 had

688 3765 94 23 secured
794 3765 39 25 the
843 3765 82 31 regard
935 3765 46 24 and
993 3770 83 19 esteem
1084 3765 27 23 of
1119 3765 38 23 the
1169 3770 102 18 commu-

689 3803 49 32 nity
748 3803 31 32 by
787 3803 38 25 his
833 3803 118 30 kindness,
960 3802 151 32 intelligence,
1120 3802 45 24 and
1171 3801 99 32 probity.

691 3841 46 24 His
758 3842 48 24 loss
823 3842 47 24 will
891 3842 30 23 be
942 3841 82 31 widely
1045 3840 44 24 and
1107 3838 113 31 sincerely
1235 3845 36 17 re-

691 3879 97 32 gretted.
1059 3897 4 4 .
1113 3883 5 4 '
1134 3897 3 5 ,

1913 841 150 23 Negligence
2074 851 26 13 of
2113 844 121 21 Agents.—
2239 844 61 21 Ouce
2316 852 25 14 or
2356 845 63 22 twice
2427 853 31 14 we

1886 868 57 21 have
1953 868 58 22 been
2021 869 71 22 called
2102 877 59 19 upon
2173 874 21 17 to
2204 871 67 21 notice
2281 870 38 22 the
2329 872 128 26 negligence

1886 895 27 20 of
1923 898 77 23 agents
2000 906 27 4 —
2028 902 13 15 a
2050 900 63 22 great
2122 896 86 28 subject
2215 897 22 21 of
2248 898 120 26 complaint
2379 905 80 20 among

1886 921 38 21 the
1934 928 84 15 owners
2028 922 25 21 of
2064 922 52 22 land
2126 922 23 21 in
2165 923 43 22 this
2220 927 98 23 country.
2347 924 42 22 We
2403 924 56 23 have

1887 947 56 22 done
1962 948 45 21 this
2024 948 23 21 in
2067 948 37 22 the
2124 949 62 26 spirit
2205 950 21 21 of
2241 950 95 27 friendly
2357 951 102 26 warning,

1886 973 73 22 which
1977 981 34 14 we
2027 978 58 18 trust
2100 975 46 22 will
2160 975 28 22 be
2206 976 122 27 productive
2348 976 27 22 of
2396 977 63 27 good,

1886 1001 55 21 both
1960 1004 23 18 to
2002 1001 37 21 the
2055 1004 77 24 agents
2146 1001 134 27 themselves,
2296 1002 45 22 and
2364 1006 24 18 to
2406 1004 55 21 their
2475 1012 4 2 •

1888 1027 152 22 constituents.
2083 1027 46 22 The
2149 1035 89 16 manner
2254 1029 22 21 in
2295 1029 73 22 which
2388 1034 74 22 agents

1888 1053 87 27 dispose
1986 1054 25 21 of
2023 1053 57 22 their
2090 1057 63 24 trust,
2163 1054 18 22 is
2195 1054 45 22 thus
2255 1055 88 22 noticed
2358 1056 24 21 in
2398 1063 14 15 a
2421 1057 41 26 pri-

1888 1083 51 18 vate
1947 1080 66 21 letter
2022 1080 56 21 from
2089 1088 13 13 a
2113 1088 78 19 person
2209 1082 21 21 of
2240 1085 62 23 great
2316 1082 94 23 colonial
2425 1090 37 15 ex-

1889 1107 102 26 perience
2058 1107 11 21 I
2191 1107 26 22 he
2234 1115 57 20 says,
2357 1109 67 27 laugh
2440 1114 22 18 at

1890 1133 36 21 the
1937 1133 64 21 mode
2011 1133 23 22 in
2045 1133 71 22 which
2127 1135 98 26 agencies
2239 1142 35 14 are
2289 1136 67 26 given
2371 1136 23 21 in
2404 1136 58 27 Eng-

1889 1159 60 27 land,
1960 1159 44 22 and
2014 1160 114 21 exercised
2137 1161 24 21 in
2172 1161 37 21 the
2218 1161 83 27 colony.
2329 1162 12 21 I
2352 1162 56 23 have
2418 1163 43 22 had

1888 1192 67 21 many
1966 1187 160 26 opportunities
2142 1187 26 21 of
2179 1188 122 26 witnessing
2314 1187 50 24 how
2379 1189 82 23 lamen-

1890 1213 61 26 tably
1960 1213 136 21 individuals
2111 1213 46 22 had
2167 1214 109 22 sacrificed
2289 1215 57 22 their
2362 1216 100 22 interests

1890 1239 21 21 in
1922 1238 42 22 this
1974 1244 86 23 respect
2060 1250 25 5 —
2087 1239 17 22 it
2120 1240 40 22 has
2170 1243 45 19 cost
2227 1241 78 26 parties
2321 1241 23 22 in
2360 1242 102 27 England

1890 1265 121 22 thousands
2028 1266 25 22 of
2069 1266 93 27 pounds.
2198 1267 19 21 A
2230 1267 126 22 landowner
2369 1268 24 21 in
2403 1269 60 26 Eng-

1890 1291 52 22 land
1950 1293 62 25 gives
2022 1293 34 21 his
2071 1300 84 19 agency
2172 1296 21 18 to
2209 1294 17 20 A
2234 1302 5 18 ;
2254 1294 111 27 presently
2375 1295 22 21 A
2414 1296 49 21 sells

1889 1317 35 22 his
1933 1325 50 15 own
1993 1319 53 21 land
2056 1323 24 17 at
2090 1319 138 28 Wellington,
2229 1331 26 4 —
2255 1328 55 19 goes
2316 1321 147 26 tojAuckland

1890 1347 23 18 to
1928 1348 51 18 turn
1996 1345 151 27 land-jobber;
2165 1346 43 21 and
2223 1347 71 21 before
2311 1347 68 28 going
2395 1349 67 22 hands

1892 1378 51 14 over
1961 1371 35 21 his
2014 1378 86 21 agency
2116 1375 23 18 to
2153 1372 26 22 B.
2208 1373 21 27 B,
2245 1373 67 27 being
2327 1375 101 26 engaged
2440 1376 23 22 in

1891 1397 140 27 agriculture,
2048 1406 61 19 away
2126 1398 58 23 from
2200 1399 32 23 the
2250 1404 65 23 twon,
2335 1401 73 26 places
2427 1402 35 22 the

1900 1423 44 22 and
1954 1424 46 22 and
2010 1425 40 21 hut
2059 1425 25 21 of
2095 1425 34 21 his
2139 1425 88 27 English
2244 1428 135 21 constituent
2394 1429 23 21 in
2427 1429 35 22 the

1891 1450 70 22 hands
1977 1451 26 21 of
2015 1451 25 21 C.
2069 1451 31 22 At
2107 1451 78 28 length
2203 1453 45 21 Cis
2263 1453 120 28 appointed
2397 1458 23 18 to
2434 1463 28 14 an

1892 1477 61 22 office
1963 1482 23 17 at
1995 1477 93 22 another
2104 1479 127 27 settlement,
2248 1480 44 21 and
2301 1481 65 26 again
2385 1481 36 22 the
2430 1482 34 21 in-

1892 1507 77 19 terests
1979 1504 26 22 of
2017 1504 36 22 the
2069 1505 125 21 landowner
2210 1513 32 15 are
2257 1506 65 22 made
2337 1514 54 15 over
2405 1512 21 18 to
2434 1509 29 22 D.

1892 1530 52 22 This
1953 1531 19 21 is
1988 1535 40 17 not
2041 1538 30 14 an
2086 1531 122 28 imaginary
2220 1540 48 14 case
2277 1541 6 18 ;
2299 1540 59 15 some
2376 1535 25 21 of
2411 1542 53 20 your
2483 1539 5 6 v

1892 1557 105 28 principal
2012 1558 137 22 landowners
2165 1562 56 18 must
2234 1559 27 21 be
2272 1566 72 17 aware,
2353 1561 47 21 that
2410 1562 54 21 their

1892 1584 99 22 business
2000 1584 40 22 has
2049 1585 56 21 been
2120 1585 203 28 unceremoniously
2332 1587 132 24 transferred

1892 1614 22 18 to
1930 1611 61 21 three
2008 1618 92 20 persons
2116 1612 23 21 in
2157 1612 126 27 succession,
2301 1613 91 23 without
2408 1615 58 22 their

1919 1664 53 21 This
1978 1672 13 13 a
1996 1664 87 22 faithful
2089 1665 85 26 picture
2180 1672 6 19 ;
2198 1665 38 22 and
2242 1665 36 23 the
2286 1669 179 22 unceremonious

1893 1698 47 19 way
1949 1691 23 21 in
1989 1691 72 21 which
2078 1691 117 27 principals
2205 1692 51 22 have
2272 1693 55 22 been
2341 1695 90 27 treated,
2447 1696 18 21 is

1893 1725 40 13 one
1944 1718 26 20 of
1976 1717 37 21 the
2024 1725 76 15 causes
2107 1719 25 20 of
2139 1719 120 21 discontent
2268 1719 59 23 here.
2356 1721 47 22 The
2413 1723 52 20 evils

1893 1744 119 27 admitted;
2025 1745 37 21 but
2074 1745 36 21 the
2117 1745 105 27 difficulty
2227 1745 25 22 of
2258 1746 107 29 choosing
2370 1748 19 22 is
2397 1752 68 23 great.

1894 1771 108 26 Integrity
2008 1772 18 20 is
2034 1771 39 21 the
2082 1771 144 27 qualification
2234 1778 56 16 most
2294 1775 119 27 regarded;
2424 1775 42 22 and

1895 1804 30 14 we
1935 1797 85 22 believe
2031 1797 139 22 landowners
2179 1799 69 21 would
2258 1804 40 23 put
2306 1808 30 19 up
2347 1801 51 22 with
2406 1802 62 21 other

1893 1824 162 27 qualifications
2065 1825 23 21 in
2102 1825 140 27 moderation,
2253 1826 66 22 could
2332 1827 52 31 they
2393 1836 73 14 secure

1894 1851 47 21 that
1951 1851 103 25 essential
2064 1852 204 22 recommendation.
2298 1853 63 23 Close
2368 1854 70 23 habits
2445 1855 24 22 of

1894 1877 104 26 business,
2010 1877 113 28 including
2133 1879 140 27 punctuality,
2283 1880 19 21 is
2311 1881 93 22 another
2411 1882 56 21 desi-

1895 1903 99 23 deratum
2000 1912 6 19 ;
2023 1905 44 21 and
2077 1905 19 21 if
2107 1909 23 17 to
2140 1905 61 21 these
2215 1906 61 22 could
2291 1907 29 21 be
2329 1907 74 23 added

1895 1937 40 20 eye
1950 1931 35 21 for
2136 1931 52 22 with
2207 1940 11 14 a
2227 1932 129 29 knowledge
2372 1935 25 21 of
2412 1935 56 27 soils,

1895 1957 96 27 timbers,
2007 1957 45 22 and
2062 1965 23 14 so
2095 1957 65 28 forth,
2177 1958 37 22 the
2227 1959 161 27 qualifications
2397 1963 71 22 would

1894 1983 28 21 be
1937 1984 115 27 complete.
2081 1984 41 22 We
2139 1984 57 22 have
2210 1985 71 23 before
2296 1988 118 26 expressed
2429 1996 40 15 our

1895 2011 87 25 opinion
2003 2010 48 21 that
2070 2010 36 22 the
2121 2011 126 27 Company's
2262 2013 138 22 settlements
2412 2017 57 20 must

1897 2036 83 22 furnish
1990 2043 68 20 many
2064 2044 51 14 men
2126 2037 48 21 well
2180 2037 98 27 qualified
2289 2042 22 18 to
2320 2039 34 22 fill
2363 2040 37 22 the
2407 2041 62 23 office

1895 2063 25 21 of
1933 2063 140 27 land-agent.
2101 2063 41 21 We
2160 2064 132 22 understand
2311 2065 49 23 that
2378 2067 90 26 Captain

1896 2090 77 26 Smith,
1984 2089 68 27 lately
2062 2090 37 21 the
2109 2090 127 27 Company's
2246 2091 116 28 Surveyor,
2374 2093 19 22 is
2402 2093 67 29 likely

1895 2119 22 18 to
1935 2124 85 19 occupy
2034 2116 92 22 himself
2138 2124 24 14 as
2172 2124 14 14 a
2201 2118 80 25 private
2297 2126 113 21 surveyor,
2426 2121 44 22 and

1895 2142 138 28 land-agent.
2064 2143 38 21 We
2121 2143 66 22 know
2203 2143 40 23 him
2262 2147 23 19 to
2301 2145 28 22 be
2346 2153 14 15 a
2378 2154 51 15 man
2449 2149 25 21 of

1895 2173 61 23 great
1979 2170 131 26 integrity—
2111 2170 35 22 his
2165 2171 123 26 experience
2309 2172 23 22 in
2357 2173 37 22 the
2419 2174 52 22 Port

1897 2196 120 22 Nicholson
2028 2196 90 28 district,
2135 2200 59 19 must
2207 2197 52 22 have
2274 2198 65 27 given
2349 2199 45 23 him
2410 2208 60 15 more

1895 2223 53 21 than
2027 2231 39 19 eye
2083 2227 21 17 to
2120 2227 92 24 country
2248 2224 62 23 there
2318 2233 5 18 ;
2341 2227 47 21 and
2400 2228 26 20 of
2437 2227 33 23 his

1896 2250 137 26 punctuality
2043 2257 34 14 we
2087 2257 37 15 are
2134 2251 87 21 assured
2227 2258 5 14 :
2250 2250 78 28 hence,
2344 2260 33 15 we
2387 2253 83 23 believe

1896 2278 27 21 he
1933 2276 19 22 is
1961 2276 86 27 worthy
2059 2278 25 20 of
2097 2277 66 27 being
2177 2278 107 22 entrusted
2294 2279 52 21 with
2356 2279 38 23 the
2409 2288 61 14 man-

1897 2305 104 26 agement
2010 2304 25 20 of
2050 2304 52 21 land
2117 2305 24 21 in
2159 2304 37 22 the
2206 2304 79 22 district
2301 2305 22 22 in
2335 2307 106 26 question.
2444 2319 27 5 —

1898 2333 51 19 New
1958 2331 94 20 Zealand
2059 2332 95 20 Journal.

1925 2358 138 22 Antipathy
2078 2366 28 14 to
2121 2359 126 22 SriDEßs.—
2250 2359 41 23 Let
2304 2360 61 22 those
2377 2361 48 22 who
2434 2370 37 15 are

1898 2386 81 22 thrown
1991 2385 47 21 into
2049 2385 42 27 fits,
2102 2389 23 18 at
2135 2385 37 22 the
2182 2386 54 27 sight
2246 2387 24 20 of
2278 2387 61 22 those
2342 2389 128 24 formidable

1897 2413 88 25 insects,
1997 2415 23 18 at
2029 2411 38 23 the
2077 2419 60 15 same
2147 2413 54 21 time
2207 2413 42 21 that
2257 2413 54 27 they
2319 2413 84 30 despise
2412 2416 61 23 them

1899 2441 33 20 for
1942 2439 56 21 their
2012 2438 174 28 insignificance,
2203 2440 48 21 read
2261 2439 37 23 the
2308 2440 113 29 following
2433 2450 37 15 ac-

1899 2469 66 19 count
1984 2465 27 22 of
2023 2465 58 22 their
2096 2465 116 28 ingenuity
2224 2466 111 22 furnished
2353 2476 25 14 us
2393 2469 30 27 by
2438 2471 31 21 M.

1899 2493 97 22 Audoin.
1998 2503 28 4 —
2121 2492 78 27 Spider
2220 2493 45 27 digs
2290 2501 13 13 a
2321 2494 51 22 hole
2394 2495 25 23 in
2436 2496 36 22 the

1898 2520 84 27 ground
1991 2519 35 21 for
2035 2519 28 21 its
2073 2519 128 27 habitation,
2212 2520 62 21 about
2281 2523 41 19 two
2329 2521 79 23 inches
2419 2523 54 28 deep

1899 2547 43 21 and
1951 2546 49 22 half
2007 2553 27 14 an
2045 2545 54 23 inch
2107 2546 24 21 in
2142 2546 112 27 diameter;
2266 2547 76 22 makes
2352 2556 13 14 a
2371 2548 55 23 door
2434 2555 38 17 out

1899 2573 26 22 of
1931 2573 37 22 the
1977 2572 70 26 earth,
2059 2572 52 22 with
2121 2580 14 14 a
2144 2573 110 26 glutinous
2262 2573 75 28 hinge,
2354 2582 24 14 so
2388 2575 85 23 dexter-

1899 2599 67 28 ously,
1982 2599 49 22 that
2046 2600 18 20 it
2078 2599 36 22 fits
2131 2599 86 33 exactly
2224 2602 21 18 to
2261 2599 38 22 the
2315 2608 73 20 space,
2405 2609 68 20 opens

1899 2627 74 27 easily,
1986 2625 43 23 and
2039 2625 68 23 closes
2118 2626 26 21 of
2156 2625 61 23 itself
2222 2625 61 23 when
2295 2627 38 22 the
2344 2628 83 22 animal
2434 2629 40 23 has

1899 2653 97 22 entered.
2026 2653 21 21 A
2058 2653 42 21 few
2109 2653 65 21 small
2187 2652 57 22 holes
2254 2660 36 14 are
2303 2654 90 27 pierced
2405 2655 23 22 in
2437 2655 36 23 the

1899 2680 61 26 door,
1970 2686 26 14 on
2006 2681 35 19 the
2048 2680 45 21 aide
2102 2681 91 25 opposite
2203 2680 30 20 the
2238 2681 66 26 hinge,
2317 2684 22 18 to
2349 2681 78 23 enable
2436 2682 37 23 the
2485 2695 5 5 -

1899 2707 72 26 spider
1980 2711 22 17 to
2012 2707 53 22 hold
2074 2707 18 21 it
2105 2709 43 20 fast
2156 2706 52 23 with
2216 2707 25 22 its
2254 2714 66 21 paws,
2337 2707 24 23 in
2372 2714 49 16 cage
2430 2716 43 21 any

1900 2733 61 28 thing
1970 2734 19 22 is
1996 2734 76 27 tiying
2080 2737 22 19 to
2112 2741 56 19 open

1927 2761 116 22 Sagacity
2067 2768 26 14 of
2116 2762 72 21 Ants.
2190 2772 27 5 —
2217 2761 37 22 Dr.
2272 2760 107 24 Franklin
2396 2762 77 23 relates

1899 2787 48 22 that
1956 2787 28 21 he
1994 2787 72 22 found
2083 2794 60 15 some
2158 2791 50 19 ants
2216 2788 19 22 in
2246 2795 13 14 a
2272 2787 36 28 jar
2318 2788 26 22 of
2356 2789 81 22 treacle
2452 2790 22 22 in

1899 2813 34 23 his
1944 2814 76 22 closet.
2048 2814 38 22 He
2096 2814 71 22 shook
2176 2814 55 22 them
2241 2819 44 22 out,
2297 2815 45 21 and
2349 2816 125 27 suspended

1900 2840 38 22 the
1944 2841 36 27 jar
1989 2841 57 21 from
2056 2841 37 21 the
2104 2841 87 27 ceiling.
2218 2841 41 22 But
2271 2847 37 15 one
2317 2844 37 18 ant
2368 2842 44 22 had
2421 2843 53 22 been

1899 2867 41 22 left
1954 2867 91 27 behind,
2062 2867 44 22 and
2121 2868 58 22 after
2187 2868 70 26 eating
2272 2871 23 18 to
2304 2868 28 22 its
2342 2869 134 23 satisfaction

1899 2894 18 21 it
1926 2893 70 23 found
2005 2894 29 22 its
2043 2901 49 24 way
2102 2901 30 20 up
2142 2894 37 22 the
2189 2894 72 27 string,
2277 2895 89 21 crossed
2379 2895 37 22 the
2426 2895 50 23 ceil-

1899 2920 45 27 ing,
1961 2919 44 23 and
2018 2927 24 15 so
2052 2923 24 19 to
2084 2920 29 22 its
2123 2928 49 14 own
2182 2924 52 18 nest.
2243 2929 4 5 ■
2262 2921 28 21 In
2299 2920 45 22 less
2359 2921 53 23 than
2422 2921 54 23 half-

1900 2947 103 26 an-hour,
2014 2954 14 14 a
2036 2950 64 23 great
2109 2954 108 20 company
2226 2947 24 21 of
2256 2951 57 22 ants,
2323 2947 78 22 sallied
2410 2951 38 19 out
2454 2948 24 22 of

1900 2973 57 22 their
1966 2973 58 27 hole,
2036 2973 87 22 crossed
2133 2973 37 22 the
2176 2973 76 27 ceiling
2258 2973 46 22 and
2314 2973 125 24 descended
2447 2975 29 28 by

1900 3007 77 15 means
1987 3000 26 22 of
2020 2999 37 23 the
2067 3000 70 27 string
2145 3001 48 21 into
2203 3000 32 22 the
2241 3000 44 27 jar,
2295 3000 74 22 others
2376 3000 100 24 followed

1900 3027 33 21 till
1952 3026 37 22 the
2005 3026 73 22 whole
2092 3027 25 21 of
2134 3026 38 22 the
2190 3027 76 21 treacle
2285 3033 44 15 was
2341 3028 133 22 .consumed.

1900 3053 66 22 From
1976 3053 44 21 this
2031 3053 37 22 the
2079 3053 75 22 doctor
2162 3053 93 22 inferred
2269 3053 49 22 that
2333 3053 38 22 the
2381 3053 47 23 first
2435 3058 39 19 ant

1900 3084 58 18 must
1968 3080 57 22 have
2040 3080 176 22 communicated
2231 3083 21 19 to
2266 3080 29 22 its
2311 3080 114 23 comrades
2440 3080 35 25 the

1900 3114 49 14 new
1965 3107 96 28 position
2075 3107 26 21 of
2116 3106 58 22 their
2192 3106 101 28 delicacy,
2314 3107 46 22 and
2379 3107 96 23 directed

1900 3133 61 23 them
1972 3137 22 18 to
2005 3133 37 22 the
2052 3133 51 27 only
2112 3133 115 22 accessible
2235 3133 56 22 road
2300 3136 21 18 to
2330 3133 26 23 it.

1901 3162 8 8 *
1929 3161 26 21 In
1962 3161 60 26 1840,
2030 3167 29 15 an
2064 3160 124 27 innkeeper
2193 3167 48 15 near
2247 3160 127 27 Penzance,
2379 3160 24 22 in
2410 3161 66 22 Corn-

1901 3187 57 27 wall,
1970 3187 44 22 had
2025 3187 40 23 174
2077 3190 99 24 potatoes
2184 3187 96 27 growing
2288 3187 59 22 from
2357 3194 43 15 one
2414 3191 60 24 stem,

1902 3214 26 22 of
1933 3214 72 22 which
2015 3214 38 21 the
2062 3217 87 24 greater
2160 3213 90 22 number
2257 3220 45 15 was
2311 3214 104 22 saleable.

1928 3241 51 22 The
1994 3240 152 22 Gardener's
2160 3240 130 22 Privilege.
2291 3252 28 3 —
2320 3240 48 23 The
2378 3241 98 27 question

1901 3274 45 16 was
1964 3274 56 15 once
2039 3266 67 22 asked
2125 3266 30 28 by
2172 3274 12 14 a
2199 3272 49 22 very
2262 3267 110 22 beautiful
2383 3274 92 21 woman,

1891 3317 6 6 __
1926 3294 60 27 Why
1994 3294 20 21 is
2028 3300 14 15 a
2057 3293 112 28 gardener
2185 3293 35 22 the
2237 3297 57 18 most
2313 3294 164 27 extraordinary

1891 3317 6 6 '
1902 3327 51 17 man
1962 3321 25 21 in
1996 3320 38 22 the
2044 3320 69 22 world
2120 3320 10 22 ?
2179 3320 46 22 The
2230 3320 60 28 reply
2298 3328 44 14 was
2348 3328 24 14 as
2381 3320 84 23 follows
2471 3328 5 14 :

1902 3361 27 4 —
1930 3347 98 22 Because
2038 3354 31 14 no
2078 3353 52 15 man
2140 3346 40 22 has
2191 3354 56 14 more
2255 3347 103 22 business
2367 3354 28 15 on
2406 3347 67 27 earth,

1902 3374 45 22 and
1956 3373 30 23 he
1995 3374 83 27 always
2087 3374 93 22 chooses
2195 3373 53 28 good
2261 3374 98 27 grounds
2374 3374 33 22 for
2421 3374 56 21 what

1902 3401 29 22 he
1954 3400 62 22 does.
2053 3400 39 22 He
2111 3400 127 22 commands
2254 3400 36 22 his
2312 3400 83 27 thyme,
2414 3400 27 21 he
2457 3400 19 22 is

1902 3430 83 20 master
1994 3427 26 21 of
2031 3426 39 23 the
2080 3427 64 27 mint,
2161 3427 46 22 and
2219 3427 78 27 fingers
2315 3433 75 21 penny
2403 3426 73 28 royal:

1904 3454 28 23 he
1941 3454 69 22 raises
2018 3454 35 22 his
2063 3454 74 27 celery
2147 3461 67 20 every
2220 3461 58 21 year,
2288 3452 44 23 and
2346 3452 18 22 it
2380 3454 17 20 is
2413 3459 14 15 a
2435 3452 42 23 bad

1904 3488 54 20 year
1977 3480 84 24 indeed
2078 3480 49 23 that
2142 3480 54 23 does
2206 3480 35 22 riot
2248 3480 65 27 bring
2321 3479 46 22 him
2379 3486 12 14 a
2410 3479 66 29 plum.

1905 3508 37 22 He
1951 3510 71 20 meets
2030 3507 55 23 with
2088 3514 68 16 .more
2165 3506 80 28 boughs
2254 3506 53 22 than
2323 3513 14 14 a
2351 3505 97 23 minister
2457 3506 26 22 of

1905 3537 63 24 state,
1979 3535 45 22 and
2033 3535 29 21 he
2073 3534 65 22 make
2142 3541 66 15 -more
2216 3532 50 24 Beds
2269 3530 58 24 -than
2337 3530 38 24 the
2385 3532 62 26 King
2455 3532 25 22 of

1905 3562 91 26 France,
2008 3561 44 23 and
2062 3561 40 22 has
2110 3560 25 22 in
2144 3560 61 22 them
2217 3566 56 16 more
2287 3565 61 16 roses
2361 3558 46 23 and
2423 3558 55 23 lilies

1906 3588 54 23 than
1969 3595 38 15 are
2016 3591 23 19 to
2048 3588 29 22 be
2085 3587 71 23 found
2165 3587 24 21 in
2206 3593 12 14 a
2230 3585 93 34 cdU'ntry
2337 3584 70 23 wake.
2442 3586 35 22 He

1905 3615 77 23 makes
1991 3615 80 27 raking
2081 3614 34 22 his
2123 3612 97 24 business
2231 3619 61 15 more
2301 3609 53 24 than
2363 3610 35 23 his
2407 3611 72 24 diver-

1906 3642 53 26 sion,
1970 3641 42 22 but
2019 3641 19 22 it
2045 3641 20 21 is
2075 3647 27 15 an
2112 3640 119 26 advantage
2248 3641 23 18 to
2287 3637 34 22 his
2340 3637 78 23 health
2433 3639 43 22 and

1906 3669 97 26 fortune,
2015 3667 72 23 which
2095 3667 43 22 few
2155 3665 69 22 others
2236 3664 47 23 find
2297 3664 26 22 it.
2361 3664 43 23 His
2421 3665 57 28 wife,

1906 3701 122 20 moreover,
2038 3694 42 22 has
2087 3692 86 28 enough
2179 3691 26 22 of
2210 3690 147 27 hearts-ease,
2362 3690 46 24 and
2412 3698 67 17 never

1906 3722 80 22 wishes
1993 3721 34 22 for
2047 3720 80 22 weeds.
2165 3717 111 23 Disorders
2294 3716 55 23 fatal
2367 3720 24 19 to
2409 3718 72 23 others

1906 3754 78 20 never,
1989 3748 52 22 hurt
2057 3747 59 25 him;
2131 3746 29 21 be
2179 3743 62 23 walks
2261 3742 45 23 and
2325 3743 91 29 buttles,
2437 3746 43 21 and

1908 3775 83 23 thrives
2000 3775 57 21 most
2064 3773 24 22 in
2099 3779 14 15 a
2120 3770 147 28 consumption
2275 3777 6 20 ;
2295 3769 30 23 he
2335 3777 44 16 can
2389 3770 61 24 boast
2458 3772 25 23 of

1908 3808 60 16 more
1986 3800 104 25 bleeding
2107 3798 73 22 hearts
2199 3797 49 22 than
2263 3803 45 20 you
2323 3804 51 20 can,
2389 3798 45 23 and
2443 3798 38 23 has

1907 3835 60 16 more
1973 3827 81 23 laurels
2064 3825 54 22 than
2128 3824 39 22 the
2175 3823 63 24 Duke
2247 3824 26 21 of
2280 3823 136 29 Wellington
2423 3832 5 15 :
2443 3825 39 23 but

1907 3855 35 22 his
1949 3855 97 26 greatest
2053 3851 70 29 pride,
2134 3847 51 26 and'
2188 3850 35 23 the
2231 3854 97 24 greatest
2337 3857 61 22 envy
2414 3851 25 22 of
2443 3847 38 28 iis

1908 3880 142 28 companions
2066 3878 26 27 is,
2102 3877 49 23 that
2160 3877 28 24 he
2198 3883 36 16 can
2245 3877 57 22 have
2312 3883 49 22 yew
2375 3877 65 24 when
2454 3878 28 23 h»

1907 3907 93 28 pleases.

1403 2411 71 26 [From
1481 2412 35 19 the
1523 2412 6 10 '
1537 2411 77 20 Nelson
1620 2411 118 20 Examiner.
1743 2411 15 25 ']

1318 2445 71 22 When
1400 2445 36 22 the
1446 2445 47 22 first
1500 2445 142 26 intelligence
1655 2445 95 22 reached
1759 2453 25 14 us
1796 2446 24 21 of
1833 2445 36 22 the

1291 2472 45 22 fate
1347 2472 24 22 of
1379 2479 40 15 our
1427 2475 146 23 countrymen
1589 2476 23 17 at
1622 2472 37 21 the
1669 2472 96 26 Wairau,
1785 2472 35 22 the
1832 2480 39 13 na-

1292 2499 55 22 tives
1361 2498 54 22 then
1431 2499 23 21 in
1474 2498 90 27 Nelson,
1582 2498 45 22 and
1646 2498 55 22 their
1719 2500 94 20 number
1828 2507 43 13 was

1293 2526 157 26 considerable,
1470 2532 56 15 were
1545 2525 72 22 under
1632 2529 60 22 great
1708 2526 159 26 apprehension

1293 2553 32 21 foi
1335 2552 58 22 their
1403 2552 75 27 safety,
1486 2551 45 22 and
1540 2551 107 22 hastened
1657 2559 60 20 away
1724 2557 22 16 to
1757 2552 56 21 their
1824 2560 47 14 res-

1294 2580 85 27 pective
1395 2579 77 21 homes
1486 2585 23 15 as
1526 2578 89 27 quickly
1625 2586 24 14 as
1664 2579 101 27 possible.
1799 2579 72 22 Three

1291 2613 51 15 men
1353 2606 57 21 from
1420 2606 77 23 Queen
1513 2605 132 22 Charlotte's
1659 2605 76 26 sound,
1752 2605 49 22 who
1814 2613 57 14 were

1293 2632 38 23 the
1340 2632 48 22 first
1401 2632 88 22 bearers
1499 2632 26 21 of
1537 2631 38 22 the
1583 2631 25 22 ill
1619 2631 86 28 tidings,
1716 2639 57 15 were
1783 2632 29 21 all
1824 2632 47 22 that

1293 2659 120 27 remained,
1424 2659 45 22 and
1479 2659 60 26 they,
1550 2658 56 22 after
1620 2658 89 27 making
1719 2659 57 21 their
1786 2659 85 27 deposi-

1293 2686 58 22 tions
1359 2686 77 22 before
1446 2685 37 22 the
1493 2684 145 28 magistrates,
1646 2690 56 17 went
1707 2689 21 18 to
1735 2685 136 27 Wauka-pa-

1294 2712 84 27 wauka,
1390 2712 72 22 where
1468 2712 43 21 five
1519 2718 81 16 canoes
1605 2712 57 21 from
1669 2712 36 22 the
1713 2712 81 25 Sound,
1805 2712 66 23 laden

1294 2739 52 22 with
1356 2742 97 24 potatoes
1464 2739 43 21 and
1521 2739 55 28 pigs,
1588 2746 57 15 were
1659 2739 93 27 staying.
1780 2739 47 22 The
1838 2747 34 14 as-

1295 2773 92 15 surance
1396 2766 53 32 they
1454 2765 102 23 received
1565 2766 57 21 from
1630 2765 58 22 these
1695 2765 63 22 three
1766 2773 51 14 men
1824 2766 49 22 that

1295 2792 52 27 they
1356 2792 71 23 would
1441 2792 64 23 incur
1519 2799 30 16 no
1564 2792 84 27 danger
1664 2792 28 27 by
1703 2792 88 27 coming
1806 2800 28 15 on
1850 2797 22 18 to

1295 2819 89 27 Nelson,
1395 2819 76 29 quited
1485 2819 58 22 their
1552 2819 65 27 fears,
1634 2819 44 22 and
1692 2826 29 15 on
1730 2819 141 29 Wednesday

1294 2846 52 28 they
1360 2846 31 22 all
1410 2846 85 22 arrived
1511 2846 59 27 here,
1587 2845 45 24 and
1647 2853 54 14 were
1716 2845 101 22 followed
1833 2846 39 23 the

1295 2877 54 18 next
1365 2873 43 27 day
1417 2873 29 27 by
1456 2876 42 19 two
1508 2880 81 15 canoes
1603 2872 117 27 belonging
1734 2876 24 17 to
1768 2873 37 21 the
1820 2873 51 27 pah.

1295 2900 47 22 The
1351 2903 87 24 greater
1446 2899 86 28 portion
1542 2899 25 22 of
1573 2899 37 21 the
1621 2899 94 22 Maories
1725 2899 48 22 who
1785 2899 50 22 visit
1845 2907 26 14 us

1294 2926 80 28 belong
1387 2929 27 19 to-
1420 2926 38 22 the
1475 2926 56 21 tribe
1543 2926 25 21 of
1579 2925 73 22 which
1669 2925 116 28 Raupaiah
1801 2926 18 21 is
1834 2926 38 21 the

1295 2953 65 22 chief.
1391 2953 112 27 Although
1513 2952 53 27 they
1573 2952 28 22 do
1611 2955 39 18 not
1655 2952 54 21 view
1717 2952 37 21 the
1763 2953 44 20 late
1815 2960 57 14 mas-

1295 2987 61 15 sacre
1366 2980 52 22 with
1432 2979 37 22 the
1485 2986 62 15 same
1561 2979 78 21 horror
1654 2985 23 15 as
1684 2986 34 14 we
1727 2979 36 26 do,
1779 2979 94 22 because

1295 3007 55 22 such
1363 3010 78 19 events
1458 3006 57 21 have
1533 3006 59 21 been
1606 3009 37 18 too
1656 3012 98 15 common
1772 3005 24 22 in
1815 3006 58 21 their

1295 3033 90 27 history,
1397 3037 38 23 yet
1444 3040 31 14 we
1485 3032 109 27 sincerely
1603 3031 89 27 believe,
1706 3031 50 28 they
1766 3031 56 22 have
1832 3033 41 21 but

1295 3060 56 22 little
1361 3059 116 29 sympathy
1488 3059 52 22 with
1554 3059 37 22 the
1602 3058 126 23 murderers.
1759 3058 40 22 We
1815 3059 57 22 have

1295 3087 57 22 been
1366 3085 91 24 assured
1471 3085 48 22 that
1535 3085 37 22 the
1587 3092 73 27 power
1670 3085 23 22 of
1707 3085 132 27 Rauparaha
1855 3086 19 21 is

1295 3120 54 21 very
1358 3113 92 27 limited,
1467 3112 44 22 and
1526 3112 53 27 only
1589 3107 53 33 kept
1656 3119 28 20 up
1694 3112 28 27 by
1732 3112 47 22 fear
1793 3110 81 30 arising

1296 3144 39 18 out
1344 3140 26 22 of
1376 3140 39 23 old
1423 3139 149 22 associations.

1322 3167 48 22 The
1380 3170 65 24 party
1454 3166 25 21 of
1485 3165 43 22 five
1535 3172 52 15 men
1595 3165 49 22 who
1649 3164 123 23 undertook
1777 3168 23 19 to
1810 3172 63 16 come

1295 3194 73 22 round
1386 3194 31 27 by
1429 3187 58 28 land
1505 3193 58 22 from
1581 3191 39 23 the
1639 3191 89 23 Wairau
1745 3192 86 22 arrived
1850 3193 24 21 in

1297 3220 85 23 Nelson
1391 3227 29 15 on
1434 3219 143 28 Wednesday
1587 3219 100 27 evening.
1717 3219 80 27 Owing
1806 3222 22 19 to
1836 3219 38 22 the

1296 3247 46 22 late
1351 3247 74 32 heavy
1433 3247 66 27 rains,
1509 3246 54 28 they
1572 3245 70 23 found
1651 3252 60 15 some
1726 3245 108 28 difficulty
1849 3246 24 22 in

1297 3274 98 27 crossing
1403 3274 38 21 the
1450 3273 76 27 rivers,
1544 3273 45 22 and
1603 3272 92 23 suffered
1709 3272 122 28 piivations
1845 3273 29 27 by

1297 3300 38 23 the
1345 3300 65 28 delay
1426 3299 73 23 which
1516 3299 43 22 this
1579 3297 137 24 occasioned.
1757 3298 48 23 The
1820 3306 54 15 men

1296 3327 51 22 who
1356 3334 57 15 were
1422 3326 135 28 despatched
1565 3327 59 21 from
1632 3325 37 22 the
1682 3328 98 19 extreme
1794 3332 80 20 survey

1297 3354 81 22 station
1394 3361 30 15 on
1440 3353 37 22 the
1492 3353 76 26 Waiitj
1582 3351 134 28 fortunately
1728 3351 41 22 fell
1783 3351 23 22 in
1822 3351 53 23 with

1297 3380 69 28 them,
1383 3380 51 23 and-
1446 3387 56 15 were
1521 3379 49 22 able
1589 3382 23 18 to
1628 3377 79 23 render
1721 3377 61 23 them
1798 3378 77 28 timely

1297 3408 128 22 assistance.
1460 3406 100 27 Nothing
1568 3405 41 22 has
1617 3405 57 22 been
1681 3403 70 23 heard
1761 3404 26 22 of
1798 3405 78 22 Stokes

1298 3440 25 16 or
1331 3434 92 27 Burton,
1434 3433 49 23 who
1492 3440 57 15 were
1559 3432 100 27 missing.

1326 3461 173 27 Arrangements
1516 3459 57 22 have
1592 3459 57 22 been
1667 3457 63 23 made
1746 3457 53 23 with
1813 3458 63 28 Levy

1297 3487 47 22 and
1360 3487 36 22 his
1410 3491 62 24 party
1485 3487 57 21 from
1556 3485 38 23 the
1610 3484 74 23 Sound
1702 3487 23 19 to
1740 3488 77 19 return
1831 3485 46 22 and

1298 3514 65 23 make
1373 3514 110 28 enquiries
1492 3516 23 19 at
1525 3513 37 21 the
1572 3511 98 26 Pelorus,
1684 3511 45 23 and
1740 3509 83 25 inform
1838 3511 47 23 the'

1298 3541 87 22 natives
1394 3540 112 28 generally
1515 3539 50 22 that
1574 3542 44 18 two
1635 3539 24 21 of
1671 3545 38 15 our
1725 3538 78 28 people
1820 3545 57 15 were

1297 3567 44 22 lost
1347 3575 6 14 :
1368 3568 50 21 that
1426 3567 53 28 they
1487 3565 72 27 might
1572 3565 59 22 have
1646 3565 57 22 been
1718 3564 69 23 killed
1801 3568 23 19 at
1839 3565 39 22 the

1298 3596 193 21 commencement
1499 3593 27 22 of
1535 3592 37 22 the
1582 3591 58 28 fight
1646 3595 23 19 at
1676 3591 37 23 the
1723 3591 97 27 Wairau,
1831 3592 42 22 but

1299 3622 48 21 that
1356 3628 34 15 we
1399 3620 72 27 think,
1481 3619 53 28 also,
1545 3619 53 27 they
1613 3626 52 20 may
1674 3617 59 24 have'
1739 3625 59 21 gone
1806 3621 24 19 to
1839 3618 39 23 the

1298 3647 103 26 Kaituni,
1411 3654 25 15 or
1445 3647 36 22 the
1492 3646 83 22 Sound.

1326 3674 45 22 Mr.
1382 3673 100 27 Bellairs,
1493 3673 45 22 and
1553 3673 38 22 the
1607 3672 43 23 five
1663 3678 51 17 men
1728 3671 40 23 the
1784 3678 57 16 crew
1857 3671 25 23 of

1300 3699 44 24 Mr.
1356 3699 143 24 Parkinson's
1508 3699 59 28 boat,
1578 3698 88 24 anived
1680 3698 118 29 yesterday
1813 3699 56 21 after

1298 3734 68 15 noon.
1404 3726 127 23 Continued
1541 3726 43 22 bad
1592 3725 96 23 weather
1698 3732 44 16 was
1751 3725 23 22 in
1782 3727 49 26 part
1840 3725 38 23 the

1299 3761 66 15 cauie
1384 3754 26 22 of
1420 3753 57 22 their
1494 3752 127 29 protracted
1635 3755 47 25 stay
1695 3752 26 22 in
1737 3751 38 23 the
1790 3752 75 22 Sound
1872 3760 6 19 ;

1299 3780 40 23 but
1349 3781 38 22 the
1397 3780 86 22 natives
1492 3779 26 23 of
1523 3779 38 22 the
1570 3779 65 28 place
1646 3785 55 16 were
1708 3776 115 30 unwilling
1832 3778 49 22 that

1300 3807 53 28 they
1362 3806 80 23 should
1450 3806 96 26 proceed
1554 3805 58 23 until
1627 3805 52 28 they
1695 3812 58 14 were
1772 3805 69 27 ready
1857 3808 23 18 to

1300 3840 137 22 accompany
1446 3829 61 26 them
1516 3839 26 17 at
1550 3839 29 15 an
1589 3835 78 23 escort,
1674 3831 24 22 in
1709 3838 50 15 case
1768 3831 26 22 of
1805 3831 59 23 need
1871 3839 8 18 ;

1300 3861 52 26 and,
1360 3859 139 27 meanwhile,
1509 3858 88 23 treated
1612 3857 62 23 them
1686 3861 61 18 most
1762 3857 79 28 kindly
1857 3864 24 16 as

1301 3887 150 26 theiv.guests.
1483 3897 8 4 •■
1508 3897 4 3 ■
1536 3883 5 4 '

1329 3913 34 22 On
1370 3911 118 28 Saturday
1493 3911 52 27 toot,
1556 3911 44 23 Mr,
1612 3909 89 28 Alfred,
1716 3909 38 29 th?
1764 3909 116 29 Wesleytn

565 34 98 48 &bt
686 35 119 42 ftfeto
831 35 210 43 SSiadmb
1064 35 190 47 <&wtte
1278 35 92 40 an&
1392 35 296 47 WteUtn&tou
1712 31 252 51 &ptctatov.

1320 122 161 24 MEETING
1499 123 45 23 OF
1561 123 72 23 THE
1652 122 160 24 COUNCIL.

1881 120 136 27 missionary,
2034 120 79 23 visited
2128 121 38 22 the
2174 122 114 26 .Motuaka,
2306 125 22 19 to
2337 123 62 27 quiet
2413 123 37 22 the

1881 146 160 32 apprehension
2051 146 41 23 felt
2100 147 30 27 by
2135 148 38 21 the
2181 149 81 22 natives
2270 148 97 23 resident
2375 149 23 22 in
2403 149 48 22 that

1881 172 92 22 district.
2002 172 37 23 He
2047 173 71 22 found
2128 173 61 22 them
2197 174 111 28 labouring
2315 175 71 22 uuder
2390 179 62 23 great

1882 199 140 26 excitement,
2043 199 45 22 and
2106 200 119 27 discussing
2245 201 38 22 the
2301 201 111 27 propriety
2429 201 26 22 of

1881 225 87 27 leaving
1991 225 38 22 the
2048 228 60 19 coast
2125 226 46 21 and
2188 226 99 28 betaking
2307 232 22 17 to
2349 226 39 23 the
2402 227 50 22 hills

1882 254 24 18 to
1922 258 77 21 escape
2015 251 37 22 the
2068 259 112 20 vengance
2190 253 24 20 of
2224 253 35 21 the
2275 254 105 26 pakehas.
2407 254 44 21 Mr.

1881 277 86 22 Aldred
1975 277 124 22 succeeded
2107 279 25 20 in
2141 279 126 27 convincing
2274 280 60 22 them
2344 280 49 21 that
2400 279 53 27 they

1882 304 58 22 need
1955 309 27 17 be
1998 304 73 22 under
2086 311 29 15 no
2132 305 161 27 apprehension,
2307 306 46 21 and
2367 313 15 14 a
2396 305 61 23 chief

1882 330 82 22 named
1977 330 81 27 Apeko
2068 331 45 21 and
2128 334 42 19 two
2179 331 59 22 other
2252 332 83 21 natives
2350 332 104 22 returned

1883 356 52 22 with
1949 356 47 22 him
2012 360 22 18 to
2045 357 92 22 Nelson.
2166 357 60 22 After
2240 358 124 27 remaining
2377 358 51 21 here
2441 366 13 14 a

1883 381 50 28 day,
1949 382 54 30 they
2012 386 60 19 went
2084 383 57 23 back
2158 386 22 19 to
2189 383 35 23 the
2239 384 107 22 Motuaka
2358 388 23 17 to
2391 384 63 27 bring

1883 414 52 16 over
1943 409 57 21 their
2008 413 146 23 countrymen
2169 414 22 18 to
2201 409 56 23 trade
2272 417 23 15 as
2304 410 72 22 usual.
2403 410 52 22 Pre-

1883 434 62 22 vious
1963 438 23 18 to
2003 435 45 22 Mr.
2066 436 86 22 Aldred
2165 437 118 26 returning,
2300 444 14 15 a
2328 443 70 15 canoe
2411 444 43 14 was

1883 460 134 33 despatched
2031 465 22 18 to
2069 462 113 22 Massacre
2199 463 42 27 Bay
2254 462 52 22 with
2324 470 13 14 a
2351 463 65 21 letter
2433 465 22 19 to

1883 486 57 23 their
1949 487 102 22 brethern
2060 488 23 22 in
2097 488 48 22 that
2154 489 87 26 district,
2257 489 125 26 entreating
2395 489 60 22 them
2461 508 3 4 .

1883 516 23 18 to
1916 513 35 27 lay
1961 513 61 22 aside
2038 513 30 23 all
2077 515 52 21 fear.
2158 515 47 22 The
2217 516 41 21 fate
2267 516 25 21 of
2304 516 63 27 Capt.
2378 515 68 21 Wake
2452 526 5 5 •

1883 538 54 23 field
1954 540 20 21 is
1988 540 142 27 particularly
2148 541 106 27 regretted
2268 543 30 26 by
2318 542 38 22 the
2372 541 84 23 natives

1883 566 57 21 from
1950 566 37 21 the
1997 566 55 31 pahs
2061 566 24 22 in
2095 566 43 22 this
2147 568 183 27 neighbourhood,
2342 575 24 15 as
2375 568 28 22 he
2413 574 42 16 was

1883 592 56 22 from
1945 592 35 22 his
1985 592 56 22 kind
2047 592 46 22 and
2099 593 179 27 straightforward
2285 601 99 20 manner,
2391 593 66 24 much
2461 591 4 5 '

1884 618 112 22 esteemed
2013 619 31 26 by
2059 619 68 22 them.
2162 620 75 22 Before
2252 621 113 26 returning
2382 625 21 17 to
2421 621 34 21 the

1885 645 115 26 Motuaka,
2026 645 79 27 Apeko
2127 646 112 27 requested
2262 647 48 21 that
2327 647 128 26 permiision

1885 671 71 27 might
1965 672 27 21 be
2007 672 67 24 given
2085 675 21 18 to
2168 673 71 27 people
2253 675 23 19 to
2307 680 37 20 cry
2355 680 52 15 over
2422 673 35 22 the

1884 696 69 23 house
1963 698 26 21 of
2172 703 48 23 and,
2229 699 84 21 further
2321 703 23 17 to
2354 699 60 23 show
2424 700 33 22 his

1885 726 90 23 respect,
1987 724 44 21 had
2041 724 35 22 his
2085 724 71 22 infant
2166 732 39 14 son
2215 725 76 22 named
2301 725 56 22 after
2365 726 54 22 him.

1362 179 176 32 Wednesday,
1556 183 66 23 July
1643 183 35 28 19,
1699 184 71 22 1848.

1472 223 107 16 council
1598 221 61 17 met.

1313 247 97 24 Present
1417 256 7 16 :
1425 260 33 5 —
1459 248 46 24 Mr.
1529 247 74 32 Lyon,
1617 247 110 24 chairman
1737 256 7 19 ;
1771 247 84 24 Alder-

1279 287 52 16 men
1359 280 93 29 Dorset,
1479 280 104 28 Jenkins,
1613 280 108 28 Johnson,
1752 280 53 30 Guy
1806 284 50 25 ton,

1279 311 80 30 Wade,
1371 313 44 23 and
1425 313 79 23 Waitt.

1313 344 90 25 Letters
1422 346 59 23 from
1499 345 97 24 Messrs.
1617 345 28 23 F.
1657 345 29 24 V.
1703 345 48 23 Mai
1758 346 40 27 tin,
1811 345 43 23 Dr.

1280 376 23 24 J.
1327 376 36 26 Mt
1387 378 91 29 Stokes,
1502 378 106 23 Bethune
1631 378 42 22 and
1701 377 100 29 Hunter,
1825 377 30 23 T.

1281 409 155 31 O'Loughlin,
1448 411 68 24 Alex.
1530 410 140 29 Macintosh,
1680 410 90 23 Robert
1784 409 71 29 Park,

1281 441 38 25 W.
1341 442 31 24 E.
1392 443 107 30 Vincent,
1523 444 43 23 and
1588 443 32 24 E.
1644 443 48 23 Roe
1716 444 74 22 senior
1813 443 44 22 and

1279 475 83 31 junior,
1376 476 95 31 offering
1482 480 22 20 to
1516 481 50 19 rent
1583 477 100 30 portions
1695 476 25 23 of
1735 475 37 24 the
1784 475 73 24 Town

1281 507 85 24 Belt—
1367 508 60 25 read.

1314 541 115 30 Proposed
1450 542 29 30 by
1500 542 125 24 Alderman
1646 541 77 29 Wade,
1746 540 111 24 seconded

1281 573 30 31 by
1322 573 124 24 Alderman
1458 574 95 24 Jenkins
1554 588 34 4 —

1307 604 59 21 That
1373 605 38 22 the
1421 606 69 21 whole
1499 606 27 21 of
1537 606 36 21 the
1588 606 69 22 Town
1675 606 48 22 Belt
1738 605 57 22 from
1806 604 51 21 Ori-

1282 630 58 23 ental
1358 631 65 27 Quay
1437 635 23 18 to
1474 631 38 22 the
1528 632 80 22 timber
1623 632 52 22 land
1688 633 25 21 in
1727 632 38 21 the
1779 630 78 28 neigh-

1281 657 113 22 bourhood
1410 658 26 21 of
1452 658 80 21 Watt's
1550 658 56 22 farm
1624 660 31 20 be-
1670 658 103 22 reserved
1791 657 35 22 for
1843 665 14 14 a

1281 684 74 26 public
1364 691 110 19 common,
1485 684 44 22 and
1539 684 48 22 that
1603 693 29 13 no
1649 685 87 22 tenders
1753 684 104 22 received

1282 711 34 20 for
1325 710 82 28 leasing
1416 709 37 23 the
1464 717 59 16 same
1533 711 26 21 be
1569 711 145 22 entertained.

1316 746 93 23 Carried
1420 747 165 31 unanimously.

1316 778 132 31 Adjourned
1460 780 33 22 till
1505 780 121 29 Saturday.

73 124 70 27 which
154 123 103 31 Murphy
269 130 44 16 was
322 122 49 24 said
391 126 24 20 to
433 122 59 24 have
510 123 85 23 abused
611 123 37 23 his

74 159 59 24 office
145 156 26 23 of
180 156 139 30 Mrgistrate.
356 155 70 30 First,
443 155 31 31 by
488 156 131 31 perverting
630 156 18 23 it

72 193 32 23 for
114 190 38 22 the
163 188 124 30 advantage
299 188 23 23 of
339 187 156 24 Government
504 197 6 20 ;
530 188 117 30 secondly,

72 225 27 29 by
108 221 129 33 perverting
247 221 19 23 it
275 220 35 24 for
320 219 37 24 his
368 228 49 16 own
429 221 83 23 benefit
521 221 45 23 and
576 221 72 30 grati-

72 255 96 25 fication.
210 252 47 25 His
276 258 49 18 acts
345 253 24 23 in
389 253 38 24 the
444 254 84 23 former
545 254 103 22 instance

72 294 54 18 were
138 286 59 23 done
206 286 30 26 in.
241 286 83 31 public,
336 293 25 16 as
380 285 36 24 his
436 287 95 30 enquiry
542 290 24 19 at
582 286 66 22 Wai-

71 327 53 21 rau;
142 319 26 23 in
179 318 38 23 the
227 318 66 23 latter
305 318 53 31 they
368 326 61 17 were
439 319 58 24 done
516 320 25 22 in
552 319 96 31 private,

72 362 24 15 as
106 352 34 23 bis
151 352 92 30 writing
253 351 38 23 the
302 351 66 23 lettef
387 358 24 17 to
431 352 39 23 the
481 352 77 30 gaoler
569 355 24 19 to
605 350 43 24 call

71 389 38 20 out
131 383 40 24 the
201 384 134 24 constables.
381 384 61 23 Both
471 392 58 15 were
558 383 90 31 equally

71 419 77 23 abuses
161 416 26 23 of
201 416 35 24 his
248 416 82 31 public.
334 417 64 23 office
411 417 25 23 of
444 417 145 30 Magistrate,
602 416 46 23 and

70 453 18 22 it
98 457 44 16 was
153 449 55 23 with
219 449 50 24 that
288 449 130 24 distinction
429 449 43 23 and
486 449 50 24 that
546 449 65 23 alone
623 449 25 22 in

70 484 54 22 view
135 481 50 24 that
194 489 33 16 we
237 482 57 23 used
304 482 39 23 the
361 483 144 30 expressions
515 482 77 31 public
604 481 44 23 and

70 516 92 32 private.
199 514 50 24 The
257 515 72 23 whole
340 515 25 23 of
374 515 37 23 the
422 515 59 23 facts
517 513 107 25 unveiled

70 550 28 28 by
106 555 28 16 us
144 555 60 16 were
215 547 57 24 such
283 556 25 15 as
319 548 95 23 affected
425 548 38 23 the
482 547 71 24 credit
569 547 26 23 of
610 546 38 24 the

70 580 177 25 administration
258 580 26 23 of
295 580 91 31 justice,
399 580 45 24 and
455 587 57 16 were
524 587 60 24 open
604 579 44 23 and

69 613 114 24 notorious
195 617 22 19 to
229 613 31 22 all
271 613 38 23 the
320 613 76 24 world.
434 612 66 24 Read
510 620 25 15 as
547 620 14 15 a
575 612 73 23 whole

70 654 38 16 our
124 646 106 31 meaning
240 653 46 16 was
298 646 59 23 clear
378 646 97 29 enough,
486 646 42 23 but
538 653 33 15 we
590 646 58 22 wish

69 684 23 19 to
115 679 72 29 guard
215 679 97 30 against,
335 678 60 23 what
423 686 41 15 our
492 682 156 27 cotemporary

68 711 72 24 would
161 710 45 24 call
250 719 15 15 a
275 711 83 31 special
368 711 107 30 pleading
516 711 132 31 perversion

69 745 26 22 of
108 751 40 16 our
161 752 60 15 case.

1996 788 353 25 MISCELLANEOUS.

707 121 51 24 The
769 127 66 19 exact
845 122 95 24 number
947 123 26 23 of
980 124 91 23 months
1081 131 26 16 or
1114 123 74 24 weeks
1198 131 54 15 over

674 153 74 25 which
759 155 38 23 the
809 155 100 23 abstract
912 155 37 26 'of,
950 155 46 24 this
1004 156 146 31 expenditure
1157 156 94 23 extends

674 188 21 22 is
705 191 40 19 not
756 188 73 23 stated
834 197 7 19 ;
855 195 33 16 we
898 189 106 23 conceive
1012 188 48 24 that
1071 190 19 22 it
1100 189 53 23 does
1165 193 39 19 not
1216 190 35 22 in-

676 219 63 24 clude
749 219 40 24 the
801 220 71 24 whole
889 228 54 23 year
950 229 7 20 ;
976 220 42 24 but
1029 228 32 17 we
1071 229 112 23 .presume
1204 221 48 23 that

676 252 37 23 the
730 252 146 31 expenditure
895 257 22 19 at
928 252 123 25 Auckland
1070 254 82 24 relates
1172 258 23 19 to
1213 254 39 23 the

675 292 61 16 same
746 285 79 31 period
835 293 27 16 as
872 285 49 24 that
931 286 25 22 in
968 286 45 23 this
1025 286 93 24 district.
1148 286 26 24 If
1182 287 18 23 it
1207 286 45 24 had

675 318 57 23 been
743 317 117 25 otherwise
869 319 38 22 the
916 318 155 24 Government
1080 319 90 23 officers
1178 319 74 23 would

676 350 99 31 scarcely
785 350 57 24 have
860 351 94 23 omitted
971 355 24 19 to
1015 355 57 21 state
1091 360 15 15 a
1116 352 45 23 fact
1180 352 72 23 which

675 383 74 31 might
758 383 59 24 have
828 384 103 23 lessened
942 383 38 24 the
992 384 171 31 disproportion.

709 422 75 24 There
796 423 19 23 is
827 423 24 24 in
863 422 93 24 another
971 427 53 26 part
1034 423 24 23 of
1073 424 45 22 this
1130 424 99 23 abstract
1240 432 13 14 a

676 458 121 21 statement
808 456 25 23 of
850 463 87 16 arrears
949 456 26 23 of
985 457 71 27 1840,
1070 456 58 30 paid
1137 457 23 22 in
1180 458 71 27 1841,

676 488 23 22 in
710 487 73 24 which
795 487 38 24 the
843 489 142 30 proportions
997 488 27 23 of
1036 488 37 24 the
1084 488 72 31 police
1168 496 85 23 expen-

676 519 72 24 diture
766 520 66 24 differ
847 521 59 23 from
924 520 65 23 those
1006 520 69 25 above
1097 522 67 30 given
1180 521 73 24 which

676 552 54 24 both
740 553 89 23 became
837 553 42 23 due
895 553 47 23 and
949 560 59 16 were
1022 553 56 28 paid
1087 554 25 22 in
1130 553 38 25 the
1186 554 68 24 latter

675 593 61 23 year.
771 585 65 24 With
853 586 113 23 reference
985 590 23 19 to
1019 585 62 24 these
1100 587 75 28 items,
1196 587 19 23 it
1234 587 20 22 is

676 625 120 23 necessary
804 623 23 18 to
840 618 92 24 observe
944 618 49 23 that
1004 618 37 24 the
1051 618 96 24 Hobson
1156 620 98 31 dynasty

676 651 52 28 only
747 651 110 23 mounted
876 651 38 22 the
931 650 80 24 throne
1024 651 24 23 of
1064 651 45 23 this
1130 652 88 30 Colony
1230 653 24 22 in

678 686 11 21 1
693 686 56 26 840,
756 684 44 23 and
806 684 49 23 that
859 684 30 23 its
895 682 180 25 establishments
1081 692 57 16 were
1144 689 39 19 not
1187 685 68 30 fairly

676 724 28 16 on
715 717 47 23 foot
773 716 35 23 till
820 715 38 24 the
870 714 60 26 close
939 716 25 23 of
973 716 50 24 that
1032 724 60 24 year,
1104 724 31 24 up
1146 722 22 19 to
1180 718 75 23 which

676 749 76 31 period
774 748 89 29 indeed,
884 748 38 24 the
945 749 154 24 Government
1120 750 90 24 resided
1232 755 24 19 at

677 781 93 25 Russell
778 791 7 19 ;
809 781 46 24 this
874 787 107 18 accounts
993 782 34 24 for
1047 783 37 23 the
1103 790 111 24 expences
1231 784 24 23 in

677 815 37 23 the
726 814 74 30 north,
819 814 68 32 being
904 816 23 22 in
939 823 14 15 a
964 814 103 25 different
1082 817 131 30 proportion
1231 816 25 24 in

678 849 71 28 1840,
757 847 59 23 from
825 847 49 24 that
882 847 51 31 they
940 847 55 24 bore
1004 848 24 24 in
1036 849 71 23 1841.
1126 849 44 23 We
1181 849 28 24 do
1217 854 40 18 not

676 881 102 31 pretend,
796 881 109 28 however,
917 886 25 18 to
952 881 68 24 make
1031 881 37 24 the
1079 882 82 23 results
1174 882 25 23 of
1210 882 47 23 this

677 914 99 23 abstract
796 921 54 23 very
869 914 59 23 clear
938 922 6 21 ;
968 914 39 24 the
1029 914 118 24 document
1164 915 20 23 is
1202 922 55 23 very

676 947 57 23 little
745 947 99 31 specific,
856 947 91 30 leaving
956 947 31 23 its
997 947 89 24 readers
1102 948 69 23 much
1182 948 24 23 in
1219 947 38 24 the

677 979 57 24 dark
745 987 26 16 as
783 984 23 19 to
813 980 73 29 dates,
898 980 44 23 and
953 981 115 30 requiring
1074 981 68 23 much
1149 980 108 32 explana-

677 1013 46 22 tion
735 1013 24 22 in
778 1020 70 20 many
858 1013 143 31 particulars,
1020 1013 72 24 which
1103 1021 33 16 we
1153 1013 57 24 have
1228 1021 29 15 no

678 1053 77 15 means
773 1046 26 22 of
818 1046 124 30 obtaining.
990 1046 42 23 We
1053 1047 51 30 give
1127 1046 39 23 the
1187 1046 71 24 above

678 1082 121 19 statement
810 1086 29 15 on
857 1079 29 22 its
898 1086 51 15 own
969 1079 106 30 shewing,
1095 1079 93 24 without
1204 1087 54 23 pro-

678 1111 87 30 fessing
777 1115 22 19 to
817 1110 68 24 know
902 1119 62 15 more
976 1119 25 16 or
1018 1112 45 23 less
1080 1112 25 23 of
1120 1112 38 23 the
1178 1117 80 19 matter

679 1143 52 23 than
750 1151 96 23 appears
865 1151 28 16 on
914 1143 38 24 the
972 1143 50 24 face
1041 1144 25 23 of
1081 1144 38 24 the
1139 1145 119 23 document

677 1176 68 22 itself.

712 1233 194 25 Rangihaiata.
909 1247 34 4 —
943 1234 51 24 The
1015 1239 73 26 report
1112 1235 25 23 of
1157 1235 45 23 this
1222 1236 35 23 in-

679 1266 118 23 dividuals
818 1266 75 29 death,
912 1267 74 23 which
997 1275 44 16 was
1052 1268 67 30 given
1130 1268 24 23 in
1172 1273 87 25 yester-

679 1299 63 30 day's
762 1298 108 30 Colonist,
893 1307 80 24 proves
994 1304 40 19 not
1052 1305 22 19 to
1093 1300 27 23 be
1140 1305 58 20 true.
1235 1302 23 22 A

679 1333 127 30 gentleman
831 1333 49 22 who
909 1333 88 22 arrived
1019 1333 43 23 last
1083 1335 97 29 evening
1201 1334 59 23 from

680 1365 78 29 Otaki,
771 1373 91 16 assures
874 1373 27 16 us
912 1366 49 23 that
978 1366 30 23 he
1018 1366 19 23 is
1050 1366 87 24 neither
1149 1367 55 23 dead
1217 1374 43 16 nor

680 1399 76 30 dying.
794 1399 38 23 He
843 1399 46 23 had
900 1399 57 23 been
973 1399 89 29 unwell,
1080 1399 44 24 and
1136 1399 53 24 shut
1199 1400 61 23 him-

681 1431 44 24 self
733 1439 31 23 up
775 1432 24 23 in
810 1432 36 23 his
857 1432 53 31 pah,
929 1432 41 23 but
982 1432 62 23 there
1056 1432 52 24 does
1126 1437 40 19 not
1178 1441 82 22 appear

681 1468 21 19 to
714 1464 28 24 be
753 1472 44 23 any
808 1472 80 16 reason
895 1465 35 23 for
940 1465 113 31 beleiving
1065 1465 47 24 that
1121 1465 29 24 he
1159 1466 21 23 is
1189 1466 71 30 likely

681 1501 22 19 to
717 1497 44 23 die.

1289 844 25 20 To
1323 845 35 20 the
1370 845 76 20 Editor
1456 844 27 26 of
1492 845 36 20 the
1556 845 53 20 New
1617 844 92 21 Zealand
1719 844 87 21 Gazette
1818 844 42 21 and

1436 877 123 25 Wellington

1311 913 47 23 Sir,
1359 920 29 5 —
1389 913 32 18 As
1431 917 14 14 a
1460 913 74 19 settler
1551 913 22 19 in
1592 913 53 18 Port
1658 913 128 24 Nicholson,
1803 917 55 19 now,

1285 935 24 22 of
1321 936 77 27 nearly
1409 936 49 22 four
1467 943 63 20 years
1540 937 108 27 standing,
1660 937 12 22 I
1680 936 55 22 have
1752 940 22 18 to
1790 936 69 22 thank

1283 969 45 20 you
1345 964 35 21 for
1401 962 37 23 the
1457 963 47 22 able
1523 971 96 14 manner
1636 964 23 21 in
1677 962 71 23 which
1763 970 45 20 you
1822 971 38 14 are

1284 988 132 28 advocating
1432 997 40 14 our
1485 990 140 26 grievances;
1645 997 41 19 you
1706 990 57 21 have
1780 990 23 21 in
1823 990 37 21 the

1285 1019 57 18 most
1351 1016 94 26 striking
1453 1023 47 20 way
1511 1016 88 27 pointed
1616 1020 38 18 out
1671 1020 19 17 to
1706 1023 25 15 us
1740 1016 39 22 the
1789 1016 72 22 disad-

1285 1045 104 23 vantages
1407 1042 72 22 under
1497 1042 71 22 which
1591 1050 33 15 we
1644 1042 75 22 lalour
1741 1043 58 21 from
1822 1043 38 22 the

1285 1068 149 22 maladminsit
1436 1069 69 21 ration
1518 1069 26 21 of
1555 1069 37 22 the
1603 1068 97 23 Colonial
1707 1070 155 21 Government

1286 1095 59 27 here,
1366 1095 46 22 and
1429 1102 54 20 your
1498 1096 79 21 review
1594 1096 26 21 of
1637 1103 39 14 our
1687 1099 50 23 past
1754 1096 107 27 principal

1283 1121 155 22 ■Government
1447 1122 151 26 stipendiaries
1608 1122 24 21 in
1646 1122 60 21 these
1721 1122 138 21 settlements

1285 1148 19 21 is
1316 1152 57 17 most
1387 1152 48 17 true
1442 1156 5 19 ;
1464 1148 45 27 but,
1521 1148 12 21 I
1549 1152 88 23 suspect
1650 1148 18 21 it
1679 1148 44 22 will
1737 1148 28 21 be
1782 1148 80 28 always

1286 1181 24 14 so
1311 1185 26 5 —
1338 1175 18 20 it
1365 1175 18 21 is
1392 1179 40 17 not
1441 1175 23 20 in
1474 1175 37 21 the
1521 1182 51 14 men
1580 1175 133 22 themselves
1722 1181 23 14 so
1753 1175 66 22 much
1834 1183 25 14 as

1285 1201 24 21 in
1329 1201 37 22 the
1385 1204 87 24 system.
1515 1201 13 22 I
1547 1208 42 15 can
1606 1201 61 22 liken
1683 1201 38 21 the
1740 1205 82 23 system
1839 1206 23 17 to

1286 1228 94 26 nothing
1389 1228 71 21 better
1468 1227 54 22 than
1532 1235 14 14 a
1556 1228 83 27 scabby
1652 1235 40 14 run
1710 1228 34 26 (as
1754 1235 41 14 our
1804 1228 58 21 Aus-

1287 1254 78 21 tralian
1374 1255 83 20 friends
1466 1262 38 13 use
1514 1254 38 22 the
1560 1258 57 18 term
1622 1255 24 21 in
1652 1255 77 26 regard
1739 1258 23 18 to
1772 1262 14 13 a
1796 1255 66 27 sheep

1287 1281 67 26 walk)
1370 1281 43 22 and
1429 1281 48 21 that
1492 1288 44 20 any
1550 1288 52 15 man
1620 1281 65 27 going
1700 1288 59 20 upon
1774 1281 38 21 the
1822 1288 40 14 run

1287 1311 47 22 gets
1345 1307 37 22 the
1400 1307 50 22 scab
1459 1315 6 17 ;
1479 1307 39 26 for,
1535 1307 118 27 according
1669 1311 20 17 to
1704 1314 38 20 my
1756 1314 54 21 poor
1825 1315 39 14 ex-

1288 1334 110 26 perience,
1415 1334 111 21 whatever
1538 1334 41 25 .the
1598 1341 51 14 man
1666 1340 49 20 may
1730 1335 57 20 have
1805 1334 57 21 been

1287 1361 81 26 before,
1378 1368 31 14 no
1419 1367 78 15 sooner
1506 1360 52 22 does
1568 1361 28 21 he
1603 1361 47 26 join
1661 1360 36 22 the
1709 1361 153 21 Government

1288 1387 71 27 clique
1370 1387 54 22 than
1433 1386 29 22 he
1470 1389 47 24 gets
1525 1387 97 21 infected
1624 1398 26 4 —
1651 1387 41 21 and
1702 1387 50 21 thus
1761 1394 33 14 we
1803 1387 57 21 shall

1288 1413 81 27 always
1379 1413 57 22 have
1446 1420 14 14 a
1464 1416 64 25 party
1535 1413 90 22 distinct
1632 1414 53 21 from
1692 1420 26 14 us
1725 1413 38 22 the
1770 1413 92 27 settlers,

1287 1451 27 4 —
1316 1440 44 22 and
1375 1448 24 14 as
1408 1447 14 14 a
1436 1446 149 21 consequence
1597 1440 95 22 inimical
1704 1443 21 19 to
1736 1448 34 14 us.
1799 1440 62 26 Now,

1290 1467 41 21 Mr.
1342 1466 85 27 Editor,
1438 1467 48 21 how
1497 1467 19 21 is
1526 1466 30 22 all
1568 1467 44 21 this
1623 1471 22 17 to
1658 1467 25 21 be
1700 1466 101 26 avoided,
1818 1467 45 21 and

1288 1493 50 21 how
1348 1500 41 15 can
1405 1500 31 15 we
1453 1493 72 22 better
1540 1493 126 22 ourselves?
1678 1494 33 21 for
1729 1494 48 21 that
1792 1493 18 21 is
1827 1494 36 21 the

1288 1520 111 22 intention
1408 1520 53 22 with
1471 1519 71 22 which
1551 1527 33 14 we
1594 1520 30 21 all
1634 1520 83 27 quitted
1733 1528 40 14 our
1788 1521 75 20 native

1288 1546 54 22 land
1342 1557 27 4 —
1370 1546 50 26 and,
1432 1546 63 22 when
1504 1554 34 14 we
1548 1546 37 22 did
1596 1554 30 19 so,
1646 1547 9 21 I
1672 1554 98 20 presume
1787 1547 18 21 it
1820 1554 44 14 was

1288 1573 53 22 with
1349 1573 38 22 the
1395 1573 109 21 intention
1519 1573 26 21 of
1556 1573 92 27 making
1662 1574 42 21 this
1719 1581 40 14 our
1778 1576 86 23 country

1288 1600 23 21 in
1321 1607 66 19 every
1396 1606 63 15 sense
1470 1600 25 21 of
1505 1599 39 22 the
1554 1600 67 22 word.
1649 1601 30 21 At
1688 1603 89 24 present
1785 1608 32 14 we
1827 1608 37 14 are

1290 1634 28 14 on
1328 1627 37 21 the
1375 1626 67 22 brink
1452 1627 26 21 of
1488 1626 141 27 destruction,
1646 1627 41 21 and
1704 1627 49 21 that
1769 1627 95 26 through

1289 1660 29 14 no
1328 1653 55 22 fault
1393 1653 25 21 of
1430 1660 41 14 our
1480 1660 53 19 own,
1544 1653 41 22 but
1594 1660 30 15 an
1634 1653 120 22 accidental
1764 1654 98 22 collision

1291 1680 98 22 between
1401 1679 35 23 the
1448 1679 150 23 Government
1615 1680 32 25 (in
1663 1680 36 22 the
1714 1680 116 22 execution
1842 1681 25 21 of

1289 1706 30 22 its
1328 1707 61 26 laws)
1401 1706 45 22 and
1454 1706 37 22 the
1500 1706 94 22 natives.
1632 1707 13 21 I
1659 1714 38 19 say
1711 1707 62 21 brink
1790 1707 25 21 of
1827 1707 38 21 de-

1289 1733 112 26 struction,
1420 1733 34 21 for
1473 1733 36 21 did
1529 1736 39 18 not
1587 1733 45 22 Mr.
1656 1733 65 28 Spain
1723 1744 27 4 —
1752 1733 56 22 after
1831 1734 33 22 his

1289 1760 114 21 interview
1412 1759 53 22 with
1479 1759 37 21 the
1532 1759 87 22 natives
1633 1767 29 20 up
1677 1760 36 22 the
1730 1760 135 22 coast—dis-

1290 1786 77 27 tinctly
1376 1786 82 22 inform
1469 1794 12 14 a
1492 1786 128 27 Magistrate
1637 1787 49 26 that,
1703 1786 22 22 in
1744 1787 37 21 the
1798 1791 66 17 event

1290 1813 26 21 of
1326 1813 37 21 the
1382 1813 153 21 Government
1550 1813 49 26 brig
1619 1813 100 27 bringing
1738 1813 75 23 orders
1831 1814 35 21 for

1290 1839 38 22 the
1337 1839 158 27 apprehension
1506 1839 26 21 of
1544 1839 144 26 Rangihaiata
1699 1839 45 22 and
1754 1841 109 26 Raupera,

1290 1866 48 21 that
1347 1866 27 21 he
1386 1866 74 21 would
1469 1872 84 15 answer
1562 1866 35 21 for
1605 1874 29 14 no
1643 1874 60 14 mans
1712 1867 46 21 life.

1317 1893 53 21 And
1378 1893 60 21 what
1447 1900 36 14 are
1493 1899 39 14 our
1542 1899 76 15 means
1628 1893 25 21 of
1662 1893 118 22 resistance
1791 1893 20 21 if
1826 1893 37 23 the

1291 1919 85 22 natives
1386 1919 65 22 make
1462 1926 101 14 common
1573 1926 67 15 cause
1646 1920 9 21 ?
1678 1920 34 26 (as
1721 1928 32 13 we
1764 1927 37 14 are
1811 1920 56 27 fully

1291 1946 88 22 assured
1388 1946 53 26 they
1451 1945 44 22 will
1504 1945 36 26 do,
1551 1952 55 19 now,
1617 1946 49 21 that
1671 1946 49 27 they
1728 1947 139 21 understand

1291 1972 37 22 the
1338 1977 70 22 treaty
1420 1972 25 21 of
1455 1973 129 26 Waitangi.)
1587 1984 26 3 —
1614 1973 64 26 Why,
1689 1980 26 14 as
1723 1973 35 21 far
1767 1980 24 14 as
1801 1973 12 21 I
1823 1980 43 15 can

1290 2006 43 19 see,
1345 2006 40 14 our
1394 2005 77 15 meant:
1480 1999 25 20 of
1514 1999 122 21 resistance
1645 2006 34 15 are
1688 2006 56 19 very
1751 2000 116 21 uncertain

1291 2036 27 5 —
1319 2025 93 26 besides,
1423 2025 18 21 it
1450 2025 19 21 is
1483 2032 14 14 a
1512 2024 95 27 position
1622 2025 23 21 in
1660 2025 70 22 -which
1747 2032 33 15 we
1799 2026 68 26 ought

1291 2057 39 17 not
1340 2055 21 18 to
1372 2052 27 21 be
1414 2051 104 26 placed—
1519 2051 51 27 and,
1586 2051 60 22 since
1660 2052 36 22 the
1714 2052 154 22 Government

1291 2086 37 14 are
1345 2082 39 18 not
1401 2077 48 23 able
1466 2081 21 19 to
1505 2081 86 24 protect
1605 2085 26 15 us
1646 2085 28 15 on
1686 2086 16 14 a
1716 2078 69 27 rising
1794 2079 25 21 of
1831 2079 36 22 the

1292 2105 91 26 natives,
1399 2105 44 21 and
1459 2112 31 14 we
1506 2112 38 14 are
1561 2108 39 18 not
1614 2105 50 21 able
1680 2107 23 19 to
1719 2108 84 24 protect
1818 2112 50 15 our-

1291 2132 70 22 selves
1361 2143 26 4 —
1388 2131 58 22 what
1457 2132 16 20 is
1483 2135 21 17 to
1519 2135 93 24 prevent
1627 2139 26 14 us
1669 2131 63 28 using
1747 2131 39 21 the
1802 2132 66 22 other

1291 2165 77 15 means
1392 2158 26 22 of
1437 2158 199 27 self-preservation
1659 2161 22 19 at
1699 2166 38 14 our
1762 2158 104 29 disposal,

1291 2185 47 21 that
1347 2185 26 27 is,
1384 2185 104 21 succumb
1504 2185 85 27 quietly
1608 2188 22 18 to
1646 2185 35 21 the
1700 2185 167 27 overpowering

1291 2212 60 21 force
1361 2211 97 28 opposed
1467 2215 21 18 to
1498 2218 34 20 us,
1542 2212 44 20 and
1595 2211 44 22 live
1655 2211 82 28 quietly
1753 2213 52 19 with
1824 2213 44 21 and

1291 2239 66 20 under
1366 2239 38 21 the
1415 2238 110 27 authority
1534 2238 25 21 of
1570 2238 38 22 the
1624 2239 84 21 natives
1724 2246 24 14 as
1764 2246 32 15 we
1812 2239 55 22 have

1293 2265 56 22 done
1359 2265 81 22 before.

1693 2293 21 20 A
1730 2292 110 25 Settler,

716 1548 183 31 Unfortunately,
912 1556 33 15 we
965 1549 85 22 receive
1068 1549 37 23 the
1123 1549 101 23 Colonist
1236 1557 25 15 so

681 1588 53 16 near
745 1581 38 23 the
796 1582 54 22 time
862 1582 24 22 of
896 1590 41 14 our
946 1589 50 15 own
1008 1582 144 31 publication,
1161 1582 49 23 that
1220 1590 41 15 our

682 1613 89 24 articles
783 1622 38 15 are
841 1615 115 30 generally
967 1615 24 22 in
1010 1615 36 23 the
1057 1623 63 23 press
1137 1615 78 23 before
1227 1623 34 15 we

682 1655 37 15 see
731 1647 26 28 it,
770 1647 43 23 and
825 1655 38 15 are
873 1648 109 22 therefore
995 1648 22 22 in
1031 1648 36 22 the
1077 1649 99 30 position
1188 1648 25 22 of
1222 1648 38 23 the

682 1679 125 24 celebrated
818 1680 46 23 Mr.
877 1680 91 29 Dando,
1016 1688 14 15 a
1044 1681 58 23 meal
1119 1681 84 23 behind
1221 1689 40 16 our

817 1714 19 22 it
846 1713 68 31 being
926 1714 129 29 impossible
1070 1718 21 19 to
1104 1714 71 31 reply,
1187 1714 74 23 where

684 1745 63 31 reply
759 1747 19 22 is
791 1754 128 22 necessary,
933 1747 33 22 till
979 1752 41 18 oar
1030 1747 114 29 following
1157 1747 103 23 number.

716 1778 29 24 In
762 1779 140 31 yesterday's
919 1787 77 23 paper,
1009 1779 108 29 however,
1137 1787 32 16 we
1186 1781 76 22 notice

683 1820 42 16 one
737 1812 64 24 short
808 1813 78 23 article
895 1813 72 23 which
975 1813 99 30 requires
1083 1821 14 15 a
1105 1813 73 30 single
1186 1813 61 23 word
1254 1822 6 20 ;

684 1845 54 29 that,
750 1845 98 31 namely,
862 1846 24 23 in
897 1845 73 23 which
982 1846 38 23 the
1031 1845 81 24 Editor
1121 1850 107 27 attempts
1239 1851 23 18 to

683 1878 89 31 dispose
792 1879 24 23 of
832 1886 40 16 our
893 1883 124 19 comments
1034 1886 29 16 on
1079 1879 39 23 the
1130 1879 132 23 documents

683 1911 72 24 which
766 1911 111 31 appeared
888 1912 71 23 under
971 1911 39 24 the
1020 1912 77 23 Police
1107 1912 155 30 Magistrate's

683 1952 73 21 name,
775 1945 29 30 by
816 1944 117 31 adverting
950 1949 23 19 to
985 1952 14 16 a
1015 1945 71 30 single
1100 1945 63 30 point
1182 1945 26 23 of
1222 1953 42 16 our

684 1985 66 22 many
762 1977 133 31 objections.
930 1977 44 24 We
985 1977 44 24 ask
1040 1985 39 15 our
1086 1978 92 23 readers
1189 1982 24 19 to
1226 1986 36 16 re-

683 2009 100 23 member
794 2009 49 23 that
853 2017 40 15 our
904 2010 63 22 main
974 2008 112 31 objection
1094 2016 53 21 was,
1158 2009 48 23 that
1214 2010 48 25 Mr.

684 2041 145 31 M'Donogh,
836 2041 54 23 vith
898 2039 53 26 Mr.
962 2041 111 23 Tucketfs
1077 2041 103 24 evidence
1186 2042 78 30 before

683 2074 52 29 him,
749 2074 97 23 suffered
855 2083 14 14 a
880 2074 121 24 document
1008 2079 22 18 to
1041 2083 89 22 appear,
1143 2075 72 23 under
1226 2076 36 23 his

684 2107 121 31 authority,
813 2108 24 22 in
848 2107 73 24 which
930 2115 29 16 no
968 2109 73 22 notice
1052 2107 25 23 of
1084 2108 47 23 Mr.
1142 2107 121 25 Tuckett's

684 2140 105 23 evidence
806 2148 46 15 was
871 2140 76 29 taken,
966 2140 41 24 but
1027 2149 12 15 a
1061 2140 79 31 totally
1158 2141 106 24 different

684 2178 94 18 account
790 2182 45 14 was
846 2174 75 30 given,
930 2173 88 31 resting
1027 2181 28 16 on
1065 2173 75 24 Maori
1150 2174 114 32 authority

685 2214 24 15 as
727 2207 20 23 is
762 2206 102 23 beleived
872 2215 7 20 ;
898 2207 49 23 that
959 2206 47 23 this
1016 2207 112 23 remained
1140 2212 123 19 uncontra-

685 2239 73 23 dicted
775 2239 55 31 long
837 2240 61 22 after
909 2240 18 23 it
939 2247 45 16 was
995 2239 81 24 known
1091 2244 22 20 to
1124 2240 28 23 be
1165 2246 81 18 untrue
1256 2250 6 19 ;

684 2272 44 23 and
739 2272 58 25 that.
800 2272 37 24 the
848 2272 46 24 fact
905 2273 25 23 of
939 2274 29 22 its
980 2273 68 31 being
1062 2277 41 27 put
1114 2273 61 23 forth
1191 2273 24 23 in
1227 2273 37 24 the

684 2305 59 23 teeth
754 2305 30 30 of
789 2304 54 26 Mr.
858 2305 112 24 Tucketfs
989 2306 103 24 evidence
1104 2306 41 23 has
1156 2311 40 19 not
1206 2307 58 23 been

684 2338 122 32 attempted
829 2343 22 18 to
874 2338 27 23 be
923 2339 122 24 accounted
1066 2339 43 24 for.
1145 2340 49 23 Can
1213 2340 49 23 Mr.

684 2371 157 32 M'Donogh's
865 2372 118 31 Secretary
1005 2372 47 24 find
1073 2380 29 16 an
1124 2380 87 16 answer
1241 2377 22 19 to

684 2405 62 23 this?

1496 2354 172 24 NELSON.

717 2462 43 24 We
783 2471 37 15 are
842 2464 67 29 given
931 2467 24 19 to
977 2463 137 23 understand
1136 2463 49 23 that
1214 2464 47 23 Mr.

684 2495 99 24 Jackson
796 2497 19 22 is
836 2496 104 30 building
960 2504 13 15 a
993 2497 65 22 small
1076 2497 64 28 craft,
1153 2497 25 22 of
1193 2497 69 23 about

684 2530 76 23 fifteen
779 2533 59 25 tons,
858 2537 29 15 on
905 2529 37 23 his
963 2530 85 23 section
1067 2530 23 23 in
1111 2530 83 31 Lowry
1204 2530 58 31 Bay.

686 2562 50 23 The
756 2570 43 16 one
817 2562 102 24 hundred
946 2562 45 24 and
1017 2567 82 27 twenty
1118 2567 38 19 ton
1182 2563 81 29 vessel,

684 2595 73 24 which
768 2603 33 16 we
812 2596 104 31 reported
928 2604 24 15 as
972 2596 103 31 building
1094 2601 24 18 at
1137 2596 48 23 that
1201 2596 64 31 place

685 2636 62 16 some
758 2629 84 23 week's
850 2629 67 29 back,
928 2629 20 23 is
959 2629 24 23 in
994 2637 15 15 a
1015 2627 57 33 Very
1083 2629 97 24 forward
1198 2633 66 25 state,

685 2662 44 23 and
740 2669 33 16 we
783 2662 87 23 believe
888 2662 47 23 will
951 2662 29 23 be
995 2662 110 24 launched
1124 2663 26 23 in
1168 2671 14 14 a
1200 2662 65 24 short

686 2696 61 23 time.
783 2695 52 23 The
846 2695 106 26 facilities
963 2695 35 23 for
1011 2695 166 31 ship-building
1187 2696 25 23 in
1224 2703 41 16 our

686 2728 115 24 extensive
811 2727 99 25 harbour
922 2736 38 15 are
971 2733 71 26 great,
1055 2729 43 23 and
1107 2728 40 24 the
1158 2729 107 30 qualities

686 2761 24 24 of
725 2769 41 16 our
777 2761 82 24 timber
879 2761 57 23 have
954 2761 57 23 been
1031 2762 55 23 tried
1105 2761 46 25 and
1160 2762 72 24 found
1243 2766 22 20 to

686 2802 87 16 answer
783 2794 126 31 extremely
919 2794 58 30 well,
990 2794 44 24 and
1051 2803 32 15 we
1095 2795 70 24 doubt
1177 2799 38 20 not
1226 2795 40 24 but

686 2827 53 26 that,
744 2828 25 23 in
780 2827 38 25 the
830 2835 79 16 course
921 2827 24 24 of
961 2833 43 18 two
1016 2836 25 15 or
1048 2828 67 32 (three
1122 2836 75 23 years,
1210 2828 56 24 Port

687 2860 126 25 Nicholson
832 2860 44 24 will
893 2860 92 24 become
1003 2860 81 27 known
1097 2869 24 16 as
1133 2869 14 16 a
1156 2862 110 23 first-rate

686 2894 62 32 place
770 2894 35 24 for
827 2894 122 31 supplying
970 2894 59 31 good
1057 2894 43 24 and
1122 2895 44 23 low
1189 2894 76 32 priced

686 2927 92 23 vessels.

100 795 60 24 Now
176 794 49 25 that
243 795 38 23 the
291 795 45 23 late
354 795 108 31 unhappy
479 802 113 16 massacre
606 794 43 24 has

68 828 148 32 preminently
224 828 74 23 raised
307 828 38 23 the
354 829 104 29 question
465 827 26 24 of
497 828 39 23 the
543 827 106 24 Govern-

68 865 63 20 ment
148 859 91 33 neglect
255 861 26 23 of
295 860 64 24 these
379 861 156 28 Settlements,
557 860 45 24 and
620 868 30 15 an

68 898 95 20 account
175 894 26 23 of
208 894 123 23 bloodshed
342 894 19 23 is
373 898 23 19 to
408 894 28 23 be
448 893 125 24 demanded
585 898 23 19 at
619 894 31 22 its

68 926 80 29 hands,
161 934 34 16 we
212 927 29 23 do
251 931 40 19 not
302 927 69 23 doubt
383 927 50 23 that
450 934 66 23 every
528 927 122 23 document

69 959 73 24 which
161 966 43 17 can
214 960 70 23 throw
296 960 59 31 light
364 968 62 22 upon
443 960 40 23 the
498 960 88 31 subject
604 959 46 23 will

68 994 29 22 be
108 992 136 30 thoroughly
252 992 74 24 sifted.
361 992 44 24 We
417 992 66 24 think
495 994 18 22 it
521 1000 129 23 necessary,

68 1025 120 28 therefore,
201 1029 22 18 to
235 1025 58 23 refer
305 1030 23 18 to
347 1033 12 15 a
376 1032 97 24 passage
493 1027 23 22 in
535 1025 38 24 the
591 1025 59 23 Blue

70 1057 66 25 Book
148 1058 25 23 of
185 1058 63 23 1840
260 1056 73 25 which
345 1065 51 23 may
408 1058 52 23 tend
472 1062 23 19 to
506 1058 94 23 mislead
612 1058 38 23 the

70 1090 99 30 English
181 1090 85 30 public,
275 1090 20 23 if
303 1095 40 18 not
354 1091 123 23 corrected.

103 1123 43 24 We
164 1123 75 24 allude
257 1126 23 20 to
291 1131 30 15 an
339 1122 100 29 address,
452 1123 65 24 dated
539 1125 37 22 Ist
587 1123 63 30 July,

72 1159 71 26 1840,
164 1155 73 24 which
256 1164 45 15 was
317 1155 120 32 presented
448 1160 23 19 to
484 1156 38 23 the
542 1156 45 23 late
600 1156 50 23 Go-

69 1197 81 16 vernor
162 1188 99 25 Hobson
272 1196 29 15 on
312 1189 38 23 the
361 1189 103 23 occasion
476 1189 25 22 of
508 1188 35 23 his
555 1188 97 31 sending

70 1223 38 23 the
125 1222 104 24 Colonial
246 1222 118 31 Secretary
376 1226 22 19 to
411 1222 56 23 Port
479 1222 126 23 Nicholson
616 1221 35 23 for

72 1256 37 23 the
119 1263 97 24 purpose
235 1256 25 23 of
277 1256 89 30 putting
385 1255 65 23 down
471 1255 38 22 the
527 1254 123 31 Republic,

72 1289 72 23 which
156 1289 173 23 circumstances
348 1288 95 23 induced
460 1295 27 15 us
502 1292 22 19 to
543 1287 109 23 establish

73 1330 29 15 on
120 1329 41 16 our
178 1322 81 23 arrival
270 1321 61 28 here,
350 1321 44 23 and
413 1322 26 22 of
453 1321 144 30 announcing
613 1321 37 22 the

72 1354 171 24 establishment
263 1354 25 24 of
307 1354 87 23 British
413 1354 111 31 authority
544 1355 25 21 in
588 1354 64 22 these

73 1388 94 22 islands.

719 2978 52 24 The
782 2978 142 23 Mechanics'
938 2978 116 29 Institute,
1066 2986 33 16 we
1119 2986 39 16 are
1176 2977 53 32 glad
1245 2982 22 19 to

686 3011 62 30 hear,
760 3012 20 23 is
792 3011 77 32 slowly
881 3012 42 22 but
940 3011 77 31 surely
1028 3012 154 31 progressing.
1218 3010 49 25 The

687 3045 94 24 benefits
794 3045 33 24 of.
834 3045 37 23 the
883 3044 100 32 Library
994 3052 38 16 are
1051 3045 120 31 becoming
1187 3052 80 24 appre-

688 3078 78 29 ciated,
796 3078 43 24 and
868 3085 145 24 newspapers
1041 3078 26 24 of
1097 3078 38 23 the
1164 3078 103 23 Mother-

688 3116 102 26 country,
804 3118 25 16 as
840 3111 51 24 well
901 3119 26 16 as
946 3111 82 29 books,
1039 3119 37 16 are
1095 3118 52 16 now
1163 3111 49 24 lent
1230 3114 38 19 out

687 3147 23 20 to
721 3143 39 24 the
773 3144 124 23 Members.
933 3144 51 23 The
1003 3144 82 24 School
1105 3145 20 23 is
1137 3145 24 23 in
1173 3152 14 16 a
1196 3144 71 24 flour-

688 3176 76 31 ishing
782 3176 122 29 condition,
915 3177 46 23 and
978 3184 34 16 we
1031 3181 59 20 trust
1107 3177 39 24 the
1165 3177 103 30 working

688 3216 52 17 men
750 3208 47 24 will
808 3216 125 24 encourage
945 3209 46 24 this
1010 3209 85 24 branch
1105 3210 26 24 of
1146 3210 38 24 the
1196 3210 71 24 Insti-

688 3246 48 21 tute
757 3241 32 32 by
810 3241 97 32 sending
934 3242 60 24 their
1016 3242 107 31 children,
1147 3243 50 24 who
1225 3242 43 24 will

688 3274 75 25 derive
775 3274 38 25 the
823 3275 84 24 benefit
917 3275 26 24 of
957 3283 14 16 a
982 3276 58 31 good
1058 3276 44 24 and
1122 3276 146 31 exceedingly

689 3307 70 31 cheap
768 3307 127 26 education.

721 3573 79 25 Died.
