2550 4050
90 53 2432 47 THE

90 100 456 132 NEW
650 105 879 142 ZEALAND
1633 115 869 147 GAZETTE

1263 271 100 33 AND

1001 311 2 7 WELLINGTON
1003 311 1 7 SPECTATOR.

610 495 221 39 PUBLISHED
876 498 131 37 EVERY
1051 499 256 39 WEDNESOAY
1352 501 89 38 AND
1485 502 231 40 SATURDAY
1761 506 207 40 MORNING.

119 609 63 30 No.
206 609 99 38 277-1-

634 612 111 32 PORT
766 612 258 41 NICHOLSON,
1047 612 225 39 SATURDAY
1293 606 211 50 MORNII^a
1528 621 249 33 SEPTEMBER
1798 628 29 33 2,
1853 628 90 28 1843.

2268 631 109 42 IVol.
2401 618 53 48 ii.

199 702 54 24 For.
275 702 117 21 London
417 702 95 27 direct,

121 740 54 21 irtST
202 756 4 2 •
230 740 9 15 f
247 736 75 23 MHE
350 736 46 22 fine
413 755 3 4 .
425 735 45 24 fast
492 736 81 28 sailing
600 737 31 27 bri,

100 756 100 40 >reS|L
236 756 31 28 JL
373 763 177 26 nelson,

242 789 87 27 George
353 789 116 23 Maclaren
495 793 87 25 master,
603 791 28 23 wil

82 812 140 35 AftflKjg*-
241 816 41 21 sail
297 817 67 21 about
373 816 38 22 the
425 816 53 22 20th
495 817 59 28 inst.,
564 818 67 22 haviir

52 866 6 4 •
69 843 156 34 (88^5Sb§H
241 849 13 15 &
255 842 17 22 U
281 850 40 14 ncr
330 850 67 21 cargo
408 844 109 27 engaged.
538 863 2 5 ,

142 892 3 5 •
176 890 4 8 <
267 880 44 22 For
320 887 93 21 passage
423 882 60 27 only,
495 882 67 28 apply
571 885 23 19 to

376 914 85 22 Waitt
476 915 45 22 and
535 916 85 21 Tyser.

91 937 143 30 Wellington,
246 941 89 27 August
342 940 22 27 7,
376 943 61 20 1843.

242 1000 5 2 ■
257 986 55 21 For
325 986 126 26 London,

71 1019 104 36 s/j£sL.
213 1019 95 27 nnHE
326 1020 84 28 barque
436 1022 113 20 GLEN
554 1023 77 20 ARM

92 1043 97 29 JPwL
220 1042 29 26 J-
260 1071 6 6 .
294 1047 41 21 298
356 1051 57 23 tons,
432 1047 80 28 hourly
530 1050 101 27 expected

63 1071 147 34 Am^W&
217 1095 4 4 ■
294 1073 51 22 talce
356 1080 38 16 car
394 1081 28 20 &°
432 1082 30 14 an
463 1075 13 22 d
485 1082 136 21 passengers.

61 1097 150 54 «Efojg|gß
267 1109 75 28 Apply
351 1113 22 18 to
385 1110 24 22 C.
425 1110 35 22 M.
475 1111 91 28 Pennt,
577 1120 26 14 or

404 1163 123 23 BOOLCOTT
542 1166 20 22 &
577 1167 38 21 Co.

84 1188 130 28 September
224 1189 18 27 1,
255 1187 61 24 1842.

192 1234 120 27 Passage
326 1236 31 20 to
380 1235 125 21 London.

211 1268 93 35 rpHE
316 1270 62 25 Tyn»,
389 1268 69 28 being
468 1270 72 22 under
547 1278 84 20 engage-

79 1291 118 37 Jjj£3£?Vv
218 1293 30 23 -L
287 1299 62 18 ment
368 1300 22 17 to
408 1296 52 22 load
477 1297 56 21 wool
550 1301 24 18 at
589 1298 42 22 Porl

219 1320 95 30 .Phillip,
329 1322 82 24 should
425 1323 145 23 inducement
580 1325 51 21 offer

57 1344 150 37 HSSsHb
222 1347 26 22 s^
251 1355 11 14 e
280 1349 43 22 wiM
339 1357 27 14 ca
366 1350 16 21 H
398 1356 52 16 uere
468 1358 28 14 on
505 1351 42 22 her
555 1358 51 21 way
619 1355 12 19 tc

82 1411 44 22 For
140 1419 92 19 passage
242 1412 60 27 only,
314 1413 82 32 haying
406 1415 99 26 superior
517 1422 114 16 accommo-

56 1437 93 27 dations,
159 1439 69 27 apply
237 1442 23 18 to
272 1440 92 27 Captain
376 1441 132 28 Robertson,
521 1449 24 14 or
554 1445 22 19 to
601 1454 5 5 <

316 1477 113 22 Bethune
444 1478 44 22 and
503 1479 109 22 Hunter.

82 1507 145 29 Wellington,
236 1509 90 28 August
336 1511 33 25 15,
382 1512 61 26 1843,

253 1554 54 22 For
321 1555 114 27 Nelson,

213 1588 29 20 Te
255 1589 41 20 sail
309 1590 21 19 in
343 1596 13 13 a
363 1590 48 24 few
425 1591 58 26 days,

60 1621 94 30 •^j^Lii
208 1622 92 23 T^HE
319 1623 45 22 fine
383 1624 44 21 fast
451 1625 81 26 sailing
554 1626 77 25 barque

74 1644 104 42 Jga.
215 1639 28 31 J-
336 1677 6 6 #
368 1652 115 22 TYNE.
596 1639 14 16 4

55 1673 144 39 /4BPjPjEk
248 1676 32 22 F°
281 1684 12 14 r
302 1677 82 28 freight
394 1685 24 15 or
427 1687 99 20 passage,
538 1680 68 28 apply
615 1684 16 19 to

54 1703 147 36 jjMIMgK
221 1703 63 28 Capt.
295 1704 132 28 Robertson,
439 1713 25 15 or
474 1710 22 19 to

335 1742 114 23 Bethune
464 1744 20 21 &
500 1744 110 23 Huntbr.

82 1773 142 29 Wellington,
235 1774 90 28 August
334 1777 32 25 15,
380 1778 61 21 1843.

254 1821 55 21 For
320 1820 112 24 Nelson.

225 1855 92 37 rpHE
344 1856 109 23 schooner
474 1858 157 22 SISTERS

89 1879 95 36 JBjfJgt
230 1879 29 24 JL
307 1882 45 22 will
375 1883 41 22 sail
439 1884 36 22 for
498 1885 85 22 Nelson
607 1893 24 15 on

80 1907 132 35 fjtjg^ly
249 1908 150 29 Wednesday,
411 1910 39 22 6th
461 1912 137 27 September.

56 1945 157 32 eBEEZg&Z
276 1942 44 22 For
328 1943 83 26 freight
422 1951 24 14 or
456 1951 100 20 passage,
567 1945 64 27 apply

56 1967 159 30 W£fS33&
248 1971 23 19 *°
280 1969 26 21 th
307 1976 12 14 e
328 1970 94 26 Captain
434 1978 28 13 on
471 1971 76 26 board,
556 1978 26 15 or
592 1975 23 18 to

139 1999 3 10 '
323 2004 2 8 '
359 2002 85 20 Wait*
460 2004 46 19 and
519 2004 85 21 Ttser.

76 2027 116 25 Sptember
201 2029 19 22 1,

208 2070 52 21 For
302 2071 167 27 Wanganui,

246 2103 29 21 To
284 2103 40 20 sail
336 2104 43 19 this
389 2103 48 27 day.

58 2141 103 34 .^e^LjL
199 2140 92 24 nnHE
307 2140 43 22 fine
366 2140 44 22 fast
429 2141 80 28 sailing
522 2143 109 24 schooner

212 2193 77 23 James
298 2194 114 27 Ferguson
422 2200 90 19 master.

50 2218 147 42 ggnHME
257 2228 26 15 or
292 2221 81 28 freight
383 2230 26 14 or
421 2230 99 21 passage,
533 2225 66 28 apply
608 2230 22 18 to

51 2251 147 34 hQSBhBP
396 2259 117 24 Wallace
528 2263 20 21 &
561 2263 40 22 Co.

72 2291 87 27 August
167 2293 34 26 29,
213 2293 61 21 1843.

192 2337 136 22 Situation
350 2340 127 21 Wanted.

46 2361 94 49 TWO
155 2370 75 20 young
242 2371 60 21 men,
316 2366 47 27 just
379 2367 88 22 arrived
476 2367 30 28 by
516 2368 37 22 the
563 2370 66 27 Mary

138 2390 58 21 from
216 2391 105 28 London,
340 2400 38 14 are
397 2394 94 22 anxious
510 2398 23 19 to
552 2397 76 23 obtain

44 2416 117 26 situations,
174 2416 46 23 and
236 2418 45 21 will
297 2419 27 22 be
338 2420 72 22 found
426 2421 86 28 willing
526 2425 23 20 to
561 2425 66 22 make

45 2442 130 23 themselves
193 2445 115 28 generally
326 2447 80 23 useful.
441 2448 43 22 For
503 2450 122 27 reference,

45 2470 63 26 apply
118 2473 22 18 to
150 2470 38 23 the
197 2471 161 29 undersigned.

47 2524 6 2 .
385 2502 94 23 Samuel
495 2503 103 24 Revans.

263 2545 55 21 For
332 2547 70 24 Sale,

44 2574 89 39 rpHE
148 2577 144 24 COTTAGE
307 2580 93 22 situated
411 2582 24 22 in
453 2583 100 23 Oriental
570 2585 56 28 Bay,

48 2604 30 20 J.
93 2625 3 4 .
114 2604 45 21 and
173 2604 68 28 lately
249 2607 107 27 occupied
371 2608 30 27 by
411 2609 38 23 the
467 2610 159 29 undersigned.

41 2632 21 17 A
76 2632 52 24 long
147 2632 58 21 lease
223 2632 25 22 of
265 2632 38 22 the
317 2635 84 22 section
417 2644 59 20 upon
496 2638 72 22 which
588 2639 38 22 the

41 2658 66 19 house
117 2658 75 21 stands
201 2659 44 22 will
254 2660 29 21 be
292 2662 103 26 granted.

66 2682 67 23 Town
143 2684 54 23 land
206 2686 43 22 will
258 2687 29 21 be
296 2688 67 22 taken
373 2689 23 21 in
407 2690 124 29 exchange.

65 2710 43 22 For
116 2710 85 23 further
208 2714 135 27 particulars,
357 2717 66 26 apply
433 2720 23 19 to

358 2750 98 24 George
470 2752 90 28 Duppa,
575 2761 26 15 or

181 2803 3 8 (
359 2777 34 21 W.
409 2777 30 22 V.
455 2778 102 24 Brewer

197 2819 58 22 Oil!
277 2818 56 24 Oil!
340 2821 10 21 I
371 2823 90 21 Oil!!!

41 2848 87 38 rpHE
143 2850 75 24 BEST
232 2853 90 24 LAMP
336 2856 55 21 OIL
399 2856 25 22 in
436 2856 144 30 Wellington,
590 2862 32 20 3s.

46 2879 28 18 A
109 2884 40 20 per
162 2879 71 27 single
248 2881 80 27 gallon,
341 2883 45 22 and
399 2885 33 20 2s.
451 2884 36 23 9d.
507 2886 29 27 by
547 2886 77 27 taking

38 2902 41 22 five
89 2903 90 29 gallons,
189 2909 22 19 at
222 2907 36 22 the
269 2908 74 23 Stores
354 2910 26 21 of
522 2902 100 13 '6

331 2941 35 22 M.
382 2942 90 28 Asher,

38 2987 64 32 _May
102 2987 130 32 23,1843.
521 2971 72 28 Quay.

217 3038 36 22 W.
270 3039 33 22 M.
319 3040 108 29 SMITH,

34 3077 54 18 IATE
98 3081 238 19 SURVEYOR-GENERAL
347 3085 28 15 TO
388 3086 46 16 THE
448 3088 51 15 NEW
515 3090 105 17 ZEALAND

222 3124 2 5 ,
254 3104 4 4 '
267 3110 115 21 COMPANY,

56 3136 145 26 Surveyor,
215 3138 213 30 Draughtsman,
443 3146 55 20 and
512 3147 77 22 Land

275 3167 100 27 Agent.

30 3196 176 33 Tinakori-road;
218 3201 101 30 January
329 3205 23 27 4,
364 3206 63 23 1843.

95 3251 45 22 Eac
180 3253 75 28 Tyne
293 3258 56 20 and

32 3284 69 48 ON
129 3286 86 28 SALE,
239 3288 88 24 bottled
357 3291 73 30 fruits,
454 3295 86 29 raisins,
570 3299 45 24 and

105 3317 108 25 currants,
534 3313 6 11 '

55 3338 135 30 Carroways,
201 3345 113 27 nutmegs,
325 3345 82 29 cloves,
418 3348 41 22 &c.

55 3368 57 24 Split
119 3373 61 22 peas,
192 3371 103 28 oatmeal,
307 3372 82 24 Scotch
402 3375 84 29 barley,
498 3377 45 24 and
551 3387 62 17 sago,

54 3391 109 25 Hambro'
173 3396 45 22 and
230 3396 59 24 Irish
298 3399 56 28 pork
364 3401 25 22 in
398 3399 92 32 barrels,
575 3388 16 20 8
604 3397 9 9 J

55 3444 26 12 w.
103 3446 17 10 ,
157 3437 6 19 ;
173 3422 55 23 beef
232 3423 25 23 in
267 3425 86 30 tierces,

54 3450 93 23 Jingusn
157 3450 71 22 bacon
239 3451 65 28 (very
312 3453 63 26 fine),

53 3472 59 23 Loaf
117 3475 45 22 and
171 3476 77 24 Dutch
258 3478 87 30 cheese,

53 3500 72 23 Prints
133 3502 24 22 in
166 3507 64 23 great
238 3502 91 33 variety,

53 3528 80 28 btrong
142 3529 65 24 boots
216 3531 46 23 and
272 3533 71 29 shoes,
354 3535 41 23 &c.

29 3585 151 40 _Augußt29,
194 3593 62 24 1843,
276 3607 5 8 .
408 3571 23 25 P
433 3588 6 6 '
455 3574 15 22 S
472 3589 5 7 *
495 3574 78 25 Duiflß
575 3592 6 7 -

192 3644 78 23 Meat
284 3647 150 31 Company.

26 3671 180 34 WANTED,
220 3686 14 16 a
240 3681 73 23 vessel
323 3683 26 21 of
361 3684 69 25 about
439 3689 29 21 30
476 3691 59 26 tons,
546 3694 22 20 to
578 3691 30 24 be

26 3724 16 25 Pi
44 3700 63 49 Jat
115 3712 42 37 *£
183 3713 13 15 «
197 3713 40 15 ons
235 3734 6 5 .
239 3710 23 20 ta
260 3715 18 15 *
278 3708 17 22 ti
296 3716 16 20 y
326 3711 118 29 employed
458 3716 25 22 in
501 3717 107 31 bringing

26 3730 81 48 B&£
115 3740 105 43 esSh
208 3741 14 19 P
222 3765 64 20 ment
277 3743 42 20 Per
486 3744 39 24 the
535 3753 40 16 Coa

289 3797 36 23 W.
338 3798 106 33 Flyoer,
458 3804 117 31 Manager.

89 3843 53 22 Fox
155 3846 70 27 Sate,
239 3850 92 27 Seeds,
346 3858 37 17 ex
423 3857 82 29 Mary

69 3934 19 24 G
305 3953 6 17 1.»u,ul(!1
311 3951 94 24 .»u,ul
408 3966 7 12 (
427 3952 40 23 !«
467 3954 13 21 8
481 3970 7 6 .
550 3937 5 3 ■

853 708 99 21 Public
968 709 132 26 Auction,
1217 713 3 6 '

638 745 12 20 g
816 739 79 29 Chikfly
923 743 89 20 without
1039 744 95 22 Reserve.

638 791 10 18 II
684 774 61 35 TVT
747 774 27 22 R<
785 774 222 24 FITZHERBERT
1021 777 45 22 will
1076 777 41 23 sell
1125 779 30 30 by
1163 779 98 26 Auction,

638 800 11 13 11
685 800 59 23 Itj-
773 808 31 15 on
814 802 102 28 Monday
926 807 61 22 next,
999 810 14 15 a
1024 805 86 26 variety
1119 805 31 22 of

638 826 11 20 g
809 835 335 31 MERCHANDIZE,

681 868 29 15 ex
730 863 57 25 Tyne
807 863 46 22 and
869 864 105 21 Andover.
1013 865 45 22 For
1074 865 140 29 particulars,
1229 872 32 15 see

680 887 135 25 hand-bills..

707 916 49 21 The
764 916 50 22 Sale
820 916 45 23 will
872 917 52 23 take
930 918 64 28 place
1001 922 24 19 at
1034 921 11 20 1
1057 919 87 24 o'clock
1149 919 112 29 precisely,

679 945 25 18 at
714 943 45 22 Mr.
771 943 158 24 Fitzherbert's
939 946 80 22 Stores.

707 976 140 27 September!
856 979 19 26 1,
888 980 60 22 1843.
1137 979 3 3 '
1176 1000 2 5 ;
1212 979 3 5 '
1225 972 14 35 ,''
1257 979 4 4 '

638 1024 8 25 %
810 1023 41 20 On
865 1024 72 25 Sale,
952 1030 35 16 ex
1173 1028 12 21 ',
1244 1026 11 23 ,f

638 1050 7 27 '»
873 1057 97 23 GLASS
982 1060 85 25 20+16
1076 1063 23 19 to
1111 1061 74 26 10+8,
1199 1066 6 16 ;
1236 1070 3 12 ;

693 1083 14 21 T
716 1082 15 22 V
773 1082 125 24 Leather—
898 1085 47 21 sole
955 1085 44 23 and
1009 1085 117 29 xalf-»kin,

705 1108 58 22 Boat
771 1109 96 23 anchors
876 1111 47 22 and
932 1110 90 29 chains,.

704 1136 37 21 An
752 1139 132 19 astortment
893 1137 26 22 of
928 1138 157 29 hollow-Ware,

705 1162 134 22 Glass-ware
839 1174 28 4 —
868 1165 134 27 comprising
1010 1165 62 28 plain
1082 1167 44 21 and
1136 1169 37 20 cut
1183 1167 78 23 dinner

676 1189 101 26 services,
796 1190 74 27 wines,
888 1191 123 28 tumblers/
1018 1192 111 28 druggists
1143 1194 117 27 furniture,

638 1224 5 4 -
674 1215 63 21 show
745 1216 91 27 glasses,
846 1217 45 25 and
902 1217 123 28 via.ls,&c,
1193 1235 6 3 ,
1227 1237 3 6 ,
1250 1235 2 5 ,

702 1241 76 23 White
788 1239 52 25 lead
849 1239 46 26 and
905 1242 63 24 sheet
975 1244 60 29 lead,
1146 1259 3 4 ■
1211 1260 2 8 ,
1252 1259 4 7 ,

702 1268 75 23 Prime
787 1269 60 22 Irish
856 1270 63 27 pork,
931 1271 51 28 split
991 1279 60 21 peas,
1062 1273 41 23 &c.

638 1301 5 19 '
747 1318 4 4 •
937 1304 113 24 Bethune
1065 1307 44 22 and
1123 1307 109 24 Hunter.

638 1341 3 11 »
702 1334 131 28 September
843 1337 19 25 1,
876 1332 61 26 1843.
1131 1351 3 3 •
1153 1341 3 6 '
1197 1335 4 13 :

808 1381 41 21 On
864 1382 71 25 Sale,
950 1388 35 16 ex
1166 1376 5 5 '

638 1428 4 5 .
674 1413 264 30 TRONMONGERY,
957 1417 122 27 consisting
1098 1418 26 21 of
1137 1418 50 22 iron
1199 1421 59 25 pots,

673 1438 28 25 X
730 1440 87 28 kettles,
828 1442 63 28 pansj
904 1440 40 25 &c.
956 1444 47 27 &c,

700 1466 90 24 Double
799 1470 131 26 percussion
940 1477 64 21 guns,

686 1503 3 6 ■
701 1494 85 28 Butter,
797 1496 61 27 pork,
871 1496 106 23 Cheshire
988 1498 87 27 cheese,

700 1521 70 22 Boots
779 1523 46 21 and
835 1522 72 28 shoes,
918 1524 98 27 wearing
1022 1525 101 26 apparel.

700 1548 74 23 Slates
783 1551 74 26 14+8,
869 1551 74 26 16+8,
955 1552 91 27 16+10,.

700 1575 106 23 Polished
816 1572 98 32 hearths,
926 1578 105 28 chimney
1041 1579 80 27 pieces.

699 1602 66 26 Wax,
776 1610 81 21 sperm,
867 1604 86 28 mould,
964 1605 45 22 and
1019 1605 38 28 dip
1067 1613 41 15 can
1111 1605 54 29 dies,

638 1635 1 14 i
700 1629 111 28 Oatmeal,

699 1656 90 22 Bottled
798 1658 36 21 ale
845 1659 44 21 and
899 1661 81 24 porter,

637 1690 2 12 »
698 1683 106 28 Superior
813 1687 56 25 port,
880 1685 84 28 sherry,
974 1685 46 23 and
1030 1686 105 23 Madeira
1143 1687 76 28 wines,

698 1710 75 22 Bass's
782 1712 87 21 Burton
878 1710 106 29 ale,'rum,
996 1713 45 26 gin,
1053 1714 45 22 and
1109 1715 92 26 brandy,

698 1737 98 23 Linseed
806 1738 37 26 oil,
855 1739 66 22 white
930 1739 58 28 lead,
1000 1740 44 22 and
1055 1741 67 21 black
1131 1741 70 27 paint,

699 1764 57 22 New
765 1765 73 21 States
847 1765 65 28 flour,

697 1790 140 29 Tarpaulins,
857 1800 102 20 canvass,
977 1793 104 28 cordage,
1105 1795 45 21 and
1173 1795 83 28 tewing

669 1818 76 26 twine,
1061 1835 6 9 ,

637 1861 2 8 ,
695 1844 116 28 Blankets,
822 1845 68 28 fancy
900 1846 92 29 dresses,
1003 1847 41 23 &c.
1055 1847 49 27 &c.,

697 1871 73 22 Hams
778 1872 45 22 and
832 1873 82 27 bacon,

696 1898 69 22 Deals
776 1898 44 24 and
829 1899 68 27 lathrf,

696 1924 120 23 Damasks,
827 1927 104 26 merinos,
944 1927 102 28 Orleans,
1058 1929 40 21 &c.
1114 1934 4 2 '

694 1951 167 28 Earthenware,
872 1953 127 27 glassware,
1010 1955 41 21 &c.
1062 1955 41 22 &c.

818 1990 135 27 RiDQWAYi,
970 1992 108 27 Guyton,
1093 1994 45 23 and
1150 1995 74 24 .Ear*.

693 2022 91 26 August
792 2023 35 26 25,
838 2024 62 20 1843.
1056 2046 8 7 %
1212 2018 7 14 *

770 2072 41 21 On
826 2073 71 25 Sale,
913 2080 36 15 ex

663 2104 173 49 BRANDY,
846 2106 112 28 blankets,
969 2108 69 28 fancy
1046 2110 77 28 gooda,
1139 2111 70 27 pipes,

742 2133 10 20 1
763 2139 55 20 grey
828 2133 72 28 horse,
912 2135 27 21 50
949 2134 75 29 sheep,

691 2158 59 22 Boat
759 2159 103 28 anchors,
874 2162 41 21 &c.

817 2194 134 29 Ridgwavs,
968 2196 107 28 Guyton,
1091 2199 46 21 and
1149 2199 73 23 Earp.
1260 2194 2 26 i

689 2225 91 28 August
789 2228 35 25 25,
834 2228 61 21 1843.

716 2277 45 21 Ex
1140 2285 55 20 and

662 2338 135 49 SUGAR,
818 2339 32 22 all
867 2340 153 29 descriptions,
1041 2343 46 22 rice
1107 2344 77 27 coffee,
1205 2345 44 22 fine

727 2368 55 25 teas,

688 2392 84 27 Cigars,
784 2394 47 26 gin,
842 2400 57 19 rum.
911 2394 70 28 hives,
992 2402 62 21 rope,

688 2419 92 28 Biscuit,
792 2420 65 28 flour,
869 2421 42 23 &c.
922 2422 41 22 &c.

815 2460 133 27 Ridgways,
958 2461 114 29 .Guyton,
1088 2463 45 22 and
1148 2465 72 22 Earp.

688 2489 91 28 August
787 2492 35 26 25,
834 2493 8 21 1
847 2493 48 21 843.

858 2546 44 20 Ex

742 2604 73 23 JUST
836 2604 141 24 ARRIVED
994 2607 61 23 PER
1072 2609 91 23 MARY.

660 2635 240 49 MOUSSELINE
921 2637 27 23 de
968 2639 115 24 LAINES
1103 2642 46 22 and
1166 2642 78 28 prints,

752 2667 84 19 newest
843 2667 108 25 patterns,

687 2689 149 23 Fashionable
846 2693 93 20 bonnets
949 2692 45 22 and
1003 2693 120 29 milliner}',

686 2717 84 22 Tartan
780 2717 46 22 and
833 2718 90 27 Paisley
930 2719 80 23 shawls
1020 2722 45 21 and
1076 2722 169 24 handkerchiefs

687 2743 125 23 Children's
822 2745 63 22 boots
895 2745 45 22 and
950 2747 70 28 shoes,
1032 2748 59 28 baby
1100 2750 66 27 linen,

686 2771 80 27 Toilet,
777 2772 75 27 swing,
864 2772 43 22 and
921 2773 99 29 dressing
1029 2775 90 29 glasses,

686 2797 103 23 Window
797 2799 67 27 glass,
876 2799 87 23 various
971 2801 63 28 sizes,

686 2824 75 28 Paper
766 2825 112 28 hangings
888 2827 24 21 in
922 2830 61 24 great
992 2829 93 29 variety,

685 2852 127 27 Stationery
822 2853 44 21 and
877 2858 96 18 account
980 2855 78 27 books,

684 2879 108 28 Quantity
801 2879 27 23 of
831 2881 63 26 jams,
901 2881 46 22 and
956 2883 172 29 confectionery,

683 2905 89 23 trouble
783 2907 98 22 Glo'ster
891 2908 44 21 and
945 2908 51 28 pine
1004 2910 87 28 cheese,
1108 2913 45 22 fine
1169 2913 70 27 hams,

683 2933 79 22 Mixed
771 2933 86 28 pickles
865 2934 25 22 in
901 2935 70 22 dozen
980 2943 70 21 cases,
1072 2948 4 4 ■

658 2961 2 8 1
683 2960 91 23 Garden
784 2961 64 22 seeds
857 2961 24 22 in
890 2963 100 22 assorted
999 2965 98 27 packets,

681 2987 87 28 Clover,
779 2989 90 26 mangel
880 2989 96 28 wurtzel,
985 2991 47 22 and
1042 2994 73 27 turnip
1125 2994 59 28 seed,

681 3015 59 21 Corn
752 3015 44 22 and
805 3019 90 24 potatoe
906 3016 70 28 sacks,

679 3041 44 22 Tin
732 3042 72 27 plates
813 3042 24 22 in
848 3042 76 28 boxes,

680 3069 82 27 Sherry
771 3069 24 22 in
804 3069 135 28 hogsheads.

939 3103 97 25 George
1052 3106 76 29 Hart,

1014 3132 111 24 Lambton
1137 3133 72 29 Quay.

638 3156 1 18 :
678 3160 91 27 August
777 3162 33 27 IT,
822 3163 62 21 1843.

705 3206 120 22 Wanted
839 3208 29 21 to
884 3210 143 27 purchase,
1043 3212 43 21 for
1101 3213 79 26 Cash,

656 3241 17 40 1
686 3241 70 40 OO
780 3262 4 7 '
784 3244 20 21 T
797 3270 14 11 ,.
804 3244 45 22 UN
846 3272 5 5 .
851 3245 14 22 S
881 3246 55 22 OIL
1033 3249 92 30 BONE,
1142 3251 94 23 deliver-

637 3280 2 19 j
652 3271 104 19 AVV
784 3271 50 22 able
844 3279 60 15 mor
914 3274 68 22 about
992 3276 73 22 Cooks
1074 3278 79 24 Straits
1163 3287 7 18 ;
1187 3279 47 23 also

637 3304 2 21 i
784 3304 14 15 a
808 3299 103 28 quantity
921 3300 26 23 of
954 3302 49 22 Seal
1017 3303 73 24 Skins.

637 3329 2 31 ;
651 3335 5 5 -
674 3327 76 29 Apply
768 3331 23 19 to
811 3329 94 28 Captain
924 3332 135 31 Robertson,
1075 3337 27 22 of
1114 3338 37 23 the
1170 3340 62 24 Tpne,

646 3361 26 14 or
682 3357 23 19 to
860 3359 5 4 '
1227 3373 4 7 ,

710 3393 4 7 1
906 3386 114 27 Bethune
1034 3390 47 26 and
1095 3392 110 24 Htotkr.

672 3413 146 30 Wellington,
830 3417 91 28 August
929 3420 34 27 15,
974 3422 62 22 1843.

753 3465 42 21 On
810 3467 70 26 Sale,
895 3474 36 16 ex

644 3493 65 26 OK
742 3497 115 26 CHESTS
887 3501 205 29 GUNPOWDER
1118 3508 70 29 TEA,

643 3528 69 16 *****
767 3528 13 18 5
796 3530 50 19 tons
855 3528 47 22 fine
912 3536 72 23 sugar,

768 3554 17 21 2,
796 3556 51 21 tons
858 3554 90 29 Bengal
956 3558 53 29 rice,

770 3580 94 29 Ginger,
874 3589 90 23 pepper,
975 3586 43 27 $c.

667 3641 30 14 xv
710 3643 24 12 iv
767 3647 8 8 i.
832 3646 8 9 a
860 3634 4 5 ■
904 3621 114 26 Ebthune
1033 3626 43 23 aad
1090 3627 111 24 Hunter.

667 3641 151 33 Wellington^
825 3646 91 29 August
926 3650 35 27 15,
971 3653 61 21 1843.
1074 3669 3 6 ,

865 3699 54 22 For
933 3701 70 27 Sale,

638 3727 37 44 ji
700 3728 107 24 HOUSE
817 3730 36 23 IN
862 3732 119 31 FRAME,
991 3737 124 30 consisting
1123 3740 27 23 of
1155 3742 72 28 Store,

638 3754 52 22 XI.
717 3755 47 23 five
775 3764 71 16 rooms
846 3766 11 19 i,
872 3761 67 23 made
954 3762 29 29 by
1002 3763 138 31 Thompson,
1159 3754 68 37 Cbn£

638 3782 92 24 mercial
747 3782 72 30 Road,
843 3786 137 26 Limehouse
988 3797 8 20 ;
1009 3791 59 23 -.will
1088 3793 34 22 be.<
1140 3795 49 23 sold

638 3810 100 24 bm-gauu
778 3811 85 30 Terms,
885 3815 55 23 cash
963 3824 59 20 upon
1048 3818 115 30 deliver;
1185 3823 42 23 ,f»i

638 3834 84 24 further
730 3838 138 30 particulars,
879 3842 69 29 apply
958 3846 22 19 to
1099 3837 64 32 '7'

640 3905 4 3 •
660 3889 133 29 August-22,
804 3893 62 23 1843.
1084 3873 22 22 *'
1121 3874 75 40 ff™*
1218 3894 9 18 .*

1300 709 66 22 Just
1377 711 133 26 received,
1523 718 35 16 ex
1694 715 56 22 ahd

1298 748 51 49 A
1360 738 107 39 LARjJE
1483 746 161 30 QUANTITY
1657 753 40 23 OF
1713 753 171 30 BLANKETS,

1377 777 64 21 West
1455 783 31 15 or
1494 777 105 28 England
1612 780 110 27 superfine
1737 781 71 22 broad
1819 782 65 27 cloth,

1297 801 61 28 blue,
1367 802 76 28 black,
1455 803 55 23 dark
1519 812 73 20 green,
1606 805 87 23 Oxford
1709 807 116 27 mixtures,
1836 809 48 25 &c,

1297 828 56 27 pilot
1363 829 68 28 cloth,
1442 829 90 30 flannel,

1324 855 22 22 A
1365 857 106 28 quantity
1490 859 26 21 of
1529 866 67 20 grass,
1616 859 97 28 vetches,
1733 860 93 28 clover,-
1840 861 44 22 and

1297 881 166 30 garden'seeds,
1475 885 126 28 stationery,
1613 890 101 21 account.
1717 887 76 28 books,

1323 908 132 30 Iron-ware,
1467 914 37 19 tea
1513 911 87 28 kettles,
1612 913 49 22 iron
1671 920 130 22 saucepans,

1291 946 2 6 <
1322 936 23 20 A
1356 937 86 27 variety
1451 938 27 21 of
1485 938 73 22 China
1568 939 42 22 and
1619 939 53 23 blue
1681 944 66 24 Ware,
1823 944 10 10 •'

1307 963 5 22 .'
1322 961 62 29 Pins,
1395 964 98 27 needles,
1505 965 46 22 and
1559 965 112 28 thimbles,
1681 970 39 19 tea
1728 970 68 25 trays,

1283 1003 4 6 .
1321 988 23 22 A
1352 988 63 28 large
1433 995 135 19 assortment
1586 992 29 22 of
1626 993 46 23 fine
1688 998 40 19 cut
1744 994 61 28 clasp
1820 995 63 28 nails,

1292 1014 64 23 hand
1362 1014 46 24 and
1417 1016 71 24 frame
1495 1026 44 14 saw
1546 1018 54 28 files,
1608 1019 118 26 Britannia
1731 1023 68 20 metal
1807 1022 75 28 goods,

1292 1043 130 26 percussion
1432 1050 58 21 guns
1499 1045 47 23 and
1555 1053 58 21 caps,
1622 1047 44 21 bed
1676 1054 87 21 screws,
1770 1051 35 19 rat
1817 1051 64 26 traps,

1293 1069 106 23 standard
1409 1070 76 27 scales,
1498 1071 67 27 globe
1574 1073 59 27 glass
1641 1073 96 28 reading
1745 1074 78 28 lampß,
1834 1076 49 21 iron

1292 1096 100 28 weights,
1405 1097 52 22 seed
1466 1097 81 29 wheat,
1560 1099 39 23 &c.

1680 1126 78 24 JaKes
1775 1129 79 22 Mayo.

1318 1154 101 28 Herbert
1428 1157 80 27 Street,
1519 1158 33 22 Te
1561 1158 53 28 Aro,
1626 1160 59 27 Sept
1697 1161 21 26 1,
1730 1162 61 21 1843.

1286 1211 2 7 <
1387 1201 44 21 Eat
1590 1205 54 20 and

1293 1233 75 50 ON
1385 1235 79 22 SALE
1474 1236 36 28 T)y
1519 1237 39 22 the
1567 1237 153 29 undersigned
1730 1247 36 12 :—

1338 1283 2 2 .
1372 1261 113 29 Blankets,
1700 1270 21 15 .•!
1738 1265 4 4 '

1375 1288 80 29 Shoes,.
1474 1301 11 10 .■

1375 1315 73 22 Prints
1459 1316 45 21 and
1514 1316 95 29 hosiery,
1729 1337 3 3 .

1374 1338 52 26 Pots
1436 1343 44 21 and
1490 1342 89 29 kettles,

1372 1369 44 21 An-
1421 1373 135 18 assortment
1565 1371 27 20 of
1605 1371 63 26 nails;
1679 1372 121 28 including

1399 1395 115 28 shingling
1525 1397 69 27 nails,.

1283 1423 2 8 '
1372 1421 146 29 Turpentine.

1372 1445 97 28 Linseed
1480 1450 38 27 oil,

1371 1475 68 23 Boots
1448 1476 47 22 and
1505 1477 72 27 shoes,

1371 1503 21 21 A
1402 1503 90 27 general
1503 1508 135 19 assortment
1647 1506 27 21 of
1678 1505 165 31 ironmongery.

1644 1540 118 24 Wallace
1777 1543 21 22 &
1812 1543 38 22 Co.

1315 1562 91 28 August
1414 1565 34 26 22,
1460 1565 65 21 1843.

1521 1611 42 21 On
1577 1612 71 26 Sale,

1288 1641 74 49 EX
1398 1644 121 25 Vanguard,
1559 1645 63 27 Tyne,
1652 1645 44 23 and
1734 1646 65 23 other
1833 1648 45 23 late

1365 1670 93 22 arrivals
1459 1682 29 5 —

1314 1699 62 28 Port,
1387 1701 138 29 Tarragona,
1536 1703 44 22 and
1591 1704 92 28 Malaga
1690 1705 100 23 winesin
1802 1706 74 28 wood,

1288 1727 77 28 sherry
1384 1729 57 21 wine
1459 1730 24 22 in
1502 1730 77 27 bottle,
1603 1731 45 22 fine
1672 1739 86 20 cognac
1782 1734 94 28 brandy,

1288 1753 108 29 blankets,
1414 1756 77 27 prints,
1510 1757 88 28 shawls,
1615 1759 75 24 scarfs,
1704 1759 29 22 de
1742 1760 79 28 lames,
1831 1762 46 21 and

1288 1785 12 15 a
1310 1781 86 28 variety
1403 1782 26 22 of
1436 1783 64 22 other
1509 1783 64 28 piece
1582 1785 70 27 goods
1660 1786 46 21 and
1714 1786 60 28 slops
1781 1795 6 19 ;
1799 1788 76 28 spices,

1288 1808 42 20 viz.
1331 1819 28 4 —
1360 1811 109 26 nutmegs,
1481 1810 83 28 cloves,
1579 1812 87 27 ginger,
1679 1814 78 26 cassia,
1768 1815 106 28 pimento;

1287 1840 111 23 earraway
1414 1836 70 27 seeds,
1502 1844 68 21 sago:
1589 1838 66 23 black
1670 1840 46 21 and
1734 1847 69 20 green
1822 1845 52 25 teas,

1288 1861 75 28 coffee,
1379 1870 73 20 sugar,
1469 1863 74 23 China
1561 1872 121 20 preserves,
1703 1866 77 23 lemon
1800 1875 74 21 syrup,

1289 1888 66 27 bams,
1375 1890 87 22 raisins,
1487 1891 95 28 cheese;
1606 1892 73 23 men's
1704 1896 76 25 strong
1802 1895 71 27 boots,

1285 1915 99 28 leather,'
1389 1917 45 21 and
1446 1917 121 28 grindery;
1582 1926 28 14 an
1626 1920 90 22 invoice
1735 1921 26 21 of
1777 1924 97 21 assorted

1285 1941 101 28 sadlery;
1412 1950 13 14 a
1444 1943 61 28 large
1529 1946 104 26 quantity
1656 1946 26 21 of
1704 1947 102 23 Colonial
1829 1950 44 21 and

1276 1968 129 23 'American
1416 1970 87 27 timber,
1514 1971 74 28 slates,
1599 1972 93 22 biscuits
1702 1974 46 21 and
1764 1975 108 27 crackers,

1395 1996 25 21 in
1439 1998 70 22 20085
1526 1997 62 28 kegs,
1608 1999 106 28 feathers*
1732 2003 127 24 turpentine

1284 2021 68 21 white
1369 2023 83 26 clover,
1467 2023 103 28 timothy,
1590 2025 44 22 and
1652 2033 62 20 grass
1730 2027 71 27 seeds,
1821 2034 44 17 sect

1284 2048 89 26 barley;
1395 2048 83 23 bullets
1497 2050 45 22 and
1560 2051 67 28 flints,
1653 2053 46 21 and
1719 2061 14 14 a
1748 2054 85 28 variety
1850 2056 28 22 of

1283 2073 64 23 other
1356 2075 89 22 articles
1453 2076 74 23 suited
1537 2081 22 18 to
1571 2078 37 22 the
1619 2083 71 18 wants
1700 2080 27 21 of
1734 2080 37 23 the
1780 2082 93 29 Colony.

1564 2111 36 22 W.
1616 2112 25 22 B.
1659 2113 97 23 Rhodes
1771 2115 21 22 &
1806 2115 37 23 Co.

1311 2134 90 27 August
1411 2136 32 25 17,
1455 2138 61 21 1843.

1483 2183 43 21 Ex
1692 2202 6 4 .

1285 2213 71 49 ON
1372 2215 78 22 SALE
1464 2216 31 28 by
1509 2216 38 23 the
1561 2218 153 28 undersigned
1715 2232 29 5 —

1361 2241 85 24 Hunt's
1455 2245 101 26 superior
1566 2245 36 22 old
1612 2250 51 23 port
1672 2247 65 27 wine,
1753 2248 85 23 bottled
1847 2249 24 23 in

1283 2268 94 26 Oporto,

1308 2294 107 28 Htosiery,
1424 2296 56 28 lace,
1492 2298 46 22 and
1547 2299 94 28 netting,

1308 2321 166 30 Earthenware,
1486 2326 52 21 well
1547 2327 107 26 assorted,

1307 2348 125 29 Champion
1443 2352 19 21 &
1474 2352 60 22 Co.'s
1544 2353 94 28 vinegar
1646 2355 24 21 in
1680 2355 53 22 half
1740 2356 131 27 hogsheads.

1664 2388 91 24 Willis
1770 2391 21 22 &
1806 2391 36 22 Co.

1308 2415 146 30 Wellington,
1465 2419 92 27 August
1566 2421 33 26 14,
1612 2422 61 22 1843.

1279 2461 177 50 WANTED
1471 2464 23 22 A
1509 2465 214 30 HOUSE-MAID,
1740 2470 93 25 enquire
1847 2474 24 19 at

1376 2489 109 24 Barrett's
1495 2492 78 22 Hotel.

1307 2522 89 28 August
1405 2524 20 27 7,
1438 2526 61 21 1843.

1268 2550 128 24 j~~
1695 2561 22 3 —
1861 2563 8 4 .

1267 2569 2 25 I
1520 2571 53 21 For
1588 2573 70 26 Sale,

1278 2598 158 50 WHEAT
1457 2601 68 23 AND
1546 2603 111 29 FLOUR,
1673 2606 39 22 the
1730 2607 98 27 produce
1847 2609 26 22 of

1277 2651 71 6 ..
1374 2627 38 22 tke
1499 2629 26 22 in
1539 2630 55 28 bags
1606 2632 104 29 (2001&S,)
1724 2637 23 18 at
1764 2635 37 23 £2
1812 2637 55 26 10a.,

1278 2654 48 20 half
1342 2654 53 27 bags
1415 2655 31 22 £1
1468 2657 33 21 ss.
1540 2657 59 28 Bags
1619 2662 22 18 to
1662 2660 26 22 be
1709 2662 114 27 returned,
1843 2671 26 15 or

1276 2682 97 25 charged
1387 2682 32 21 2s.
1434 2682 36 22 6d.
1501 2683 56 23 Also
1567 2692 13 15 a
1589 2686 64 22 small
1670 2688 104 27 quantity
1785 2691 26 19 of
1816 2691 52 21 seed

1276 2713 76 22 spring
1360 2708 47 23 and
1417 2709 80 22 winter
1506 2710 74 23 wheat
1589 2713 44 22 and
1643 2714 97 22 skinless
1749 2715 85 29 barley.

1268 2763 1 5 .
1303 2740 77 29 Apply
1389 2745 24 19 to
1429 2743 92 23 Messrs.
1533 2745 97 24 Rhodes
1646 2747 46 22 and
1706 2748 48 28 Co.,
1766 2749 32 23 Te
1815 2750 51 27 Aro,

1276 2769 26 20 of
1309 2771 23 18 to
1342 2769 46 22 Mr.
1403 2770 130 29 Swainson,
1550 2772 150 30 Hawkshead,
1714 2776 70 22 River
1801 2778 65 22 Hutt.

1302 2799 55 28 July
1365 2802 22 25 4,
1399 2802 62 21 1843.

1276 2846 73 48 ON
1365 2846 85 28 SALE,
1459 2851 24 18 at
1492 2849 38 21 the
1541 2850 74 22 Stores
1625 2852 25 21 of
1658 2852 37 21 the
1707 2853 158 26 undersigned,

1354 2881 28 15 ex
1392 2875 73 20 Scotia
1466 2886 28 5 —
1857 2872 8 11 *

1384 2906 75 27 Flour,

1384 2933 63 28 Rice,

1383 2960 77 27 Sugar,

1382 2986 99 29 Brandy,

1381 3013 90 23 Bottled
1482 3015 36 22 ale
1528 3015 45 23 and
1580 3020 86 24 porter,
1678 3018 102 30 Dunbar,

1305 3065 5 4 .
1349 3044 12 31 '
1373 3066 12 9 „
1517 3042 97 23 Thomas
1631 3044 25 23 M
1664 3060 5 6 .
1681 3046 152 24 Machattib.

1297 3065 66 28 April
1373 3066 18 27 7,
1405 3069 61 21 1843.

1437 3114 91 21 Beach
1546 3116 145 29 Frontage.

1271 3145 66 49 TO
1351 3146 40 22 BE
1406 3147 65 28 LET,
1487 3149 72 22 beach
1570 3149 101 29 frontage
1686 3152 45 23 lots
1742 3153 24 22 in
1777 3157 84 21 section

1342 3174 42 21 490
1393 3181 30 15 on
1440 3174 38 22 the
1488 3175 57 22 Plan
1556 3177 26 21 of
1589 3177 37 22 the
1636 3178 70 23 Town
1721 3181 27 21 of
1754 3180 107 28 Welling-

1268 3201 45 36 |»n,
1324 3200 118 29 adjoining
1451 3202 44 22 Mr.
1504 3202 89 23 Taine's
1601 3208 69 24 store;
1685 3206 47 23 and
1742 3208 23 22 in
1775 3209 85 23 section

1268 3228 45 25 616,
1321 3228 103 22 between
1432 3229 76 28 Major
1516 3230 92 24 Baker's
1618 3232 46 23 and
1671 3233 47 23 Mr.
1726 3235 115 24 Swainson
1844 3237 17 23 's

1268 3253 87 24 houses.

1293 3280 56 27 Also
1359 3280 38 23 the
1405 3281 118 31 following
1531 3278 102 31 sections'
1638 3294 29 15 on
1678 3287 38 23 the
1723 3288 58 24 Plan
1790 3290 27 22 of
1822 3291 37 22 the

1268 3308 76 27 Town,
1354 3315 47 16 viz:
1402 3320 29 5 —

1368 3340 28 23 55
1413 3342 5 5 N
1534 3345 43 21 319
1727 3349 45 21 922

1354 3368 43 22 240
1714 3375 54 25 1Q79

1290 3393 78 29 Apply
1382 3397 23 21 to

1442 3423 26 22 E.
1484 3423 23 23 J.
1524 3424 150 29 Waxefielp,
1690 3434 28 16 or

1268 3476 2 3 ■
1439 3455 37 21 W.
1492 3455 30 22 V.
1536 3456 109 29 Brewer,
1659 3458 196 27 Manners-street.

1427 3501 44 21 Ex

1268 3531 99 51 NOW
1377 3533 160 30 LANDING,
1552 3536 45 22 and
1605 3544 30 15 on
1709 3542 24 20 at
1742 3540 39 23 the
1791 3542 64 23 Store

1343 3562 27 21 of
1375 3562 40 21 the
1427 3562 153 27 undersigned
1580 3575 28 5 —

1288 3591 110 25 Blankets
1418 3595 33 26 11,
1466 3596 34 25 12,
1516 3595 46 22 and
1579 3597 26 22 13
1623 3601 111 25 quarters,
1754 3601 102 26 superior

1268 3618 84 30 luahty,

1286 3645 76 24 Bottle
1370 3647 73 28 fruits,
1455 3652 111 25 currants,
1577 3650 88 29 raisins,

1286 3672 87 24 Lemon
1384 3681 68 23 syrup
1460 3676 25 22 in
1500 3676 80 29 bottle,
1590 3678 48 29 gin,
1649 3679 46 24 and
1705 3688 15 16 a
1728 3682 90 26 variety
1831 3684 26 23 of

1268 3700 54 23 Jtheu
1330 3701 81 28 goods.
1567 3706 6 5 v
1801 3700 12 12 *

1268 3733 67 36 oi^f
1339 3733 46 36 J£
1386 3734 7 21 :
1404 3734 22 22 A
1428 3750 6 6 '
1444 3734 46 23 wiU
1508 3735 48 25 buy
1556 3752 7 11 »
1580 3737 37 22 for
1634 3738 61 28 *****
1716 3741 28 22 10
1760 3744 52 20 tons
1830 3743 28 22 of-

1268 3763 62 19 Blacfc
1335 3763 43 19 .Oil
1387 3768 27 15 or
1422 3768 70 22 more,
1503 3770 30 15 on
1543 3764 119 25 moderate-
1669 3769 77 20 terms.

1504 3797 34 22 M.
1554 3798 91 24 Asher'
1647 3808 11 14 s
1673 3800 76 29 Store,.

1290 3846 8 8 »
1320 3833 4 3 '
1385 3841 6 2 -
1398 3848 14 6 „
1622 3826 117 25 Lambton
1749 3829 75 25 Quay.

1285 3846 90 28 August
1384 3848 34 28 17,
1429 3851 62 21 1843.
1800 3840 15 18 y

1443 3895 68 21 Just
1523 3897 133 24 received.

1268 3924 122 49 EfcLANS-
1405 3925 30 22 of
1455 3926 37 23 the
1492 3935 2 12 i
1516 3927 72 25 Town
1606 3930 28 22 of
1650 3930 172 28 Wellington.

1283 3970 1 2 .
1327 3951 58 23 Plan
1406 3952 28 23 of
1441 3952 38 23 the
1490 3953 109 27 Harbour
1607 3957 27 23 of
1648 3958 57 23 Port
1721 3959 126 26 Nicholson

1283 3978 103 28 Menage
1397 3979 70 29 cardi,

1972 720 210 28 IMPORTANT
2210 723 246 43 SUPPLEMENT

1950 777 25 24 A
1993 778 187 34 supplementary
2190 782 98 24 number
2304 783 26 23 of
2347 784 40 25 the
2408 784 103 25 Gazette*

1916 811 64 30 price
2012 812 49 28 6d.,
2092 812 47 24 will
2168 814 30 23 be
2231 815 70 32 ready
2335 816 35 25 for
2405 817 106 32 delivery
2520 837 5 4 .

1916 843 122 32 positively
2061 852 29 17 on
2115 845 103 33 Monday
2240 853 64 25 next,
2330 850 137 32 September
2485 853 24 27 4,

1916 878 136 31 containing
2063 886 14 16 a
2088 879 68 24 letter
2165 885 24 19 to
2203 881 64 24 Lord
2278 883 104 32 Stanley,
2396 889 23 19 to
2435 884 83 24 which'

1916 910 47 24 will
1982 911 29 23 be
2030 913 117 30 appended
2159 922 13 15 a
2192 914 44 23 full
2254 923 118 25 summary
2382 918 28 23 of
2425 917 32 24 all
2469 917 40 24 the

1914 944 148 24 information
2073 950 24 19 at
2108 951 95 26 present
2212 948 78 24 before
2301 948 40 24 the
2356 950 79 31 public
2445 950 64 24 rela-

1915 977 46 23 tive
1972 981 24 19 to
2014 977 40 24 the
2071 976 48 26 late
2137 987 116 17 massacre
2259 974 5 28 !
2270 985 24 19 at
2304 979 105 33 Wairaii,
2421 983 47 24 and
2479 991 37 24 an,

1914 1014 99 20 account
2024 1010 27 24 of
2057 1010 62 25 what
2134 1011 43 25 has
2187 1013 85 30 passed
2282 1015 26 23 in
2318 1015 47 24 this
2375 1006 141 35 settlement'

1914 1043 56 24 with
1980 1043 117 25 reference
2108 1049 23 19 to
2151 1045 51 25 that
2213 1051 67 19 event
2300 1049 63 23 since
2374 1049 31 24 its
2424 1057 84 17 occur-

1914 1083 77 18 rence.
2019 1077 59 25 ,We
2097 1077 58 27 have
2173 1080 58 25 been
2250 1080 99 25 induced
2368 1087 25 19 to
2411 1090 98 25 prepare

1914 1110 46 23 this
1973 1110 153 31 Supplement
2136 1112 24 24 in
2172 1113 68 24 order
2250 1118 24 19 to
2285 1114 73 24 afford
2366 1123 42 16 our
2414 1117 97 24 readers

1914 1143 39 24 the
1970 1151 80 16 means
2067 1144 27 24 of
2109 1144 98 33 sending
2224 1146 68 25 home
2310 1148 31 32 by
2352 1148 39 25 the
2408 1148 99 31 JNelson,

1913 1176 61 24 what
1993 1184 35 16 we
2047 1177 88 25 believe
2153 1180 48 24 will
2217 1188 71 23 prove
2306 1186 23 19 to
2341 1182 29 23 be
2381 1190 15 16 a
2405 1183 43 26 full
2460 1183 48 25 and

1913 1214 106 20 accurate
2040 1216 97 20 account
2154 1214 29 23 of
2196 1213 40 24 the
2255 1219 61 19 most
2327 1216 89 23 serious
2428 1216 79 31 public

1913 1249 68 18 event
1991 1244 75 24 which
2077 1245 43 23 has
2132 1247 109 24 occurred
2251 1249 63 22 since
2323 1249 40 23 the
2370 1249 136 24 foundation

1913 1276 26 23 of
1947 1276 40 24 the
2000 1277 98 32 Colony.
2251 1303 2 7 c
2306 1275 10 24 %'
2522 1286 3 6 •

2094 1356 103 23 THIS
2226 1358 94 23 DAY.

1939 1391 150 25 Extensive
2104 1396 56 20 and
2180 1397 165 22 unreserved
2364 1398 63 23 Sale
2441 1399 39 22 of

1992 1427 205 28 Merchandize,
2212 1435 38 16 ex
2504 1425 5 8 '

1912 1466 93 49 MR.
2020 1467 86 23 JOHN
2121 1468 93 23 WADE
2234 1469 40 23 has
2290 1471 104 22 received
2401 1471 104 24 instruc-

2003 1494 57 23 tions
2070 1496 59 21 from
2145 1496 91 22 Messrs.
2246 1496 71 23 Waitt
2326 1498 44 22 and
2386 1492 85 35 Terser,'
2476 1503 24 19 to

1911 1519 40 22 sell
1961 1523 24 19 at
1994 1520 58 23 their
2067 1522 82 27 Stores,
2161 1523 91 22 Custom
2271 1524 77 22 House
2358 1525 85 28 Wharf,
2459 1525 47 23 the*

1911 1546 71 23 entire
1993 1555 66 20 cargo
2069 1549 26 22 of
2105 1548 41 23 the'
2162 1550 85 27 Sisters,
2264 1558 28 14 on
2309 1551 112 29 Saturday
2435 1556 63 25 next,

1913 1573 53 27 (this
1976 1574 62 28 day,)
2051 1576 130 28 September
2189 1579 19 25 2,
2221 1581 23 18 at
2254 1579 26 20 12
2295 1578 94 27 o'clock^
2400 1579 74 23 viz.-*
2486 1585 3 6 '
2497 1589 2 8 •

1937 1607 42 21 260
1991 1607 56 27 bags
2055 1608 50 23 best
2114 1609 51 23 Van
2175 1610 117 24 Diemen's
2303 1611 65 22 Land
2377 1611 66 26 flour,

1939 1635 28 20 10
1980 1633 67 24 hhds.
2058 1635 42 28 ale,

1937 1661 14 20 5
1965 1660 66 24 hhds.
2043 1665 64 25 stout,

1937 1687 78 23 Dutch
2025 1688 90 29 cheese,*
2418 1694 4 5 '
2466 1713 3 7 ,
2494 1693 3 6 '

1936 1714 29 23 47
1978 1715 70 22 boxes
2057 1723 61 20 soap,
2393 1715 24 12 '*'
2466 1715 2 3 '
2468 1713 2 13 '
2489 1738 6 3 .
2523 1722 4 4 •

1935 1742 15 20 4
1965 1748 62 16 cases
2034 1742 56 23 fruit
2099 1746 64 26 trees,

1937 1769 27 21 10
1979 1769 64 22 casks
2054 1770 101 28 Geneva,

1935 1796 28 20 60
1978 1795 72 23 dozen
2059 1797 87 23 bottled
2156 1799 42 26 ale,

1936 1823 26 20 13
1976 1821 66 23 hides
2051 1823 92 29 leather,

1934 1850 14 20 5
1963 1849 66 23 casks
2038 1851 98 28 tobacco,

1933 1877 28 20 36
1975 1876 65 23 casks
2048 1877 63 28 pork,

1934 1902 13 22 7
1961 1902 65 24 hhds.
2036 1907 94 25 mutton,
2492 1901 11 30 ',

1937 1931 26 19 10
1977 1929 56 28 bags
2043 1934 55 24 oats,
2273 1939 13 11 *-

1933 1955 55 23 Also
1999 1964 13 14 a
2022 1959 103 27 quantity
2135 1959 25 22 of
2172 1957 82 31 coffee,-
2260 1963 39 26 tin,
2313 1959 123 31 hardware^
2453 1963 47 23 Btc;

2100 2004 75 15 TERMS
2191 2006 28 13 AT
2234 2006 65 15 SALE.

1935 2027 142 29 Wellington,
2090 2030 61 28 Sept.
2161 2032 21 26 2,
2194 2032 62 22 1843.

1932 2079 66 20 Just
2020 2080 115 26 opened,
2152 2082 55 20 and
2219 2081 45 22 for
2285 2083 62 22 Sale
2368 2084 39 26 by
2422 2085 47 21 the

2101 2113 196 28 undersigned,

1906 2150 55 34 d
1961 2149 199 24 ENTLEMEN'S
2180 2151 145 30 Wellington,
2344 2154 64 29 drab,
2429 2155 68 27 black;

1906 2175 55 23 VJ
1987 2176 88 28 button,
2087 2178 44 21 and
2141 2177 106 25 Clarence
2256 2180 73 28 boots,

1932 2207 104 28 Blucher,
2049 2209 111 28 Oxonian,
2173 2211 44 22 and
2231 2211 59 28 light
2305 2213 97 28 walking
2419 2214 76 28 shoes,

1932 2234 110 29 Working
2050 2237 71 21 men's
2130 2237 77 22 nailed
2218 2238 51 22 half
2275 2239 73 29 boots,

1932 2260 68 29 Boys'
2011 2262 65 22 shoes
2085 2263 45 22 and
2139 2265 61 21 stoiit
2208 2265 51 22 half
2264 2266 71 28 boots,

1932 2288 68 22 Girls'
2016 2289 44 22 and
2074 2290 120 23 children's
2211 2292 66 23 shoes
2287 2294 47 22 and
2344 2293 60 24 cloth
2414 2294 81 24 button

1903 2315 72 27 boots,

1932 2341 89 23 Ladies'
2051 2343 59 22 cloth
2139 2345 71 27 boots,
2238 2345 158 26 double-soled
2419 2348 75 29 shoes,

1904 2369 114 28 Morocco,
2029 2369 89 29 lasting,
2128 2372 44 22 and
2183 2372 86 23 French
2280 2378 76 26 carpet
2365 2375 101 29 slippers,

1930 2396 49 22 The
1998 2397 71 22 above
2086 2398 89 23 articles
2190 2406 37 15 are
2246 2400 27 23 of
2288 2408 14 15 a
2320 2409 54 21 very
2394 2404 101 26 superior

1904 2422 143 29 description.

1932 2451 36 21 An
1979 2454 132 20 assortment
2121 2453 25 21 of
2153 2453 132 29 Stationery,
2297 2456 123 28 consisting
2429 2454 25 25 6f
2457 2465 6 15 :
2465 2468 29 6 —

1930 2477 60 28 Post,
2001 2477 61 23 bank
2071 2479 45 22 and
2125 2480 97 28 foolscap
2231 2489 77 20 paper,

1929 2504 83 28 Demy,
2024 2505 102 28 blotting,
2138 2507 43 22 and
2193 2508 102 28 imperial
2306 2517 48 21 cap,

1930 2531 173 24 Memorandum
2114 2534 75 27 books,
2201 2536 107 28 assorted,

1932 2558 92 27 Oblong
2033 2559 90 28 clasped
2131 2561 75 27 pencil
2215 2562 75 29 books,

1929 2585 92 22 Collins'
2031 2586 115 28 indelible,
2158 2589 107 27 assorted,

1928 2612 106 22 Account
2042 2613 78 28 books,
2130 2615 58 22 from
2199 2623 43 15 one
2252 2616 66 30 quire
2325 2618 111 28 upwards,

1928 2639 95 28 Wafers,
2034 2641 87 27 sealing
2132 2649 55 19 wax,
2199 2644 44 21 and
2253 2644 41 21 ink
2303 2645 107 28 powders,

1927 2665 91 23 Artist's
2028 2668 92 28 pencils,
2126 2670 61 26 good
2195 2670 94 28 writing,
2296 2672 46 22 and
2352 2674 138 26 carpenter's

1899 2693 69 27 leads,

1927 2720 61 22 Steel
1998 2728 56 20 pens
2062 2722 45 21 and
2118 2730 42 20 pen
2172 2723 97 29 holders,

1928 2748 25 20 11
1965 2747 50 22 doz.
2027 2748 93 22 Smith's
2129 2757 56 21 copy
2195 2750 61 28 slips,

1927 2774 101 22 Gillott's
2037 2775 76 22 school
2123 2784 62 20 pens,
2196 2778 73 28 quills,

1898 2813 8 4 -
1926 2801 134 29 Envelopes,
2073 2804 100 22 national
2183 2805 76 22 school
2268 2806 74 28 slates,

1925 2828 84 28 Coffee,
2020 2832 43 19 tea.
2074 2830 44 22 and
2128 2831 85 23 refined
2223 2839 73 21 sugar,

1926 2855 75 23 Prime
2012 2853 57 25 Cork
2079 2857 75 23 butter
2163 2858 23 22 in
2196 2859 83 27 firkins,
2292 2868 25 14 or
2326 2861 31 28 by
2365 2860 40 26 the
2415 2862 75 24 dozen

1898 2882 95 27 pounds,

1923 2908 29 22 40
1965 2909 85 22 barrels
2058 2910 110 28 superfine
2179 2912 121 24 American
2313 2915 64 28 flour,

1924 2935 124 23 American
2057 2935 111 30 chopping
2177 2946 61 21 axes,
2248 2940 54 23 iron-
2309 2944 38 20 tea
2355 2938 87 33 kettles,

1921 2963 16 20 5
1951 2965 50 20 cwt.
2022 2963 125 24 Rodway'3
2165 2969 80 24 patent
2268 2966 66 24 horse
2357 2969 65 23 shoe's
2440 2971 48 22 atld

1895 2989 64 26 nails,

1923 3015 75 23 Hall's
2008 3016 59 27 glass
2076 3018 145 29 gunpowder,
2229 3020 90 28 powder
2327 3021 76 29 flasks,

1923 3042 68 35 Ivory
2015 3044 96 23 handled
2140 3053 81 21 razors,
2247 3047 132 25 Cowovan's
2398 3050 89 24 Canton

1894 3075 64 16 razor
1967 3072 139 27 sharpeners,

1921 3097 121 29 Crockery,
2057 3098 117 29 including
2193 3100 85 29 dinner,
2299 3102 122 29 breakfast,
2439 3105 48 23 and

1894 3125 37 20 tea
1943 3124 105 28 services,

1920 3150 58 23 Fine
1987 3155 39 18 cut
2034 3152 110 23 tumblers
2153 3154 44 22 and
2207 3155 57 22 whie
2273 3156 92 29 glasses,

1920 3178 97 28 Pickles,
2028 3179 93 27 vinegar
2135 3181 23 21 in
2174 3182 66 27 pints,
2251 3183 76 23 lemon
2339 3185 70 28 juice,
2419 3186 64 23 salad

1893 3205 38 27 oil,
1942 3213 85 20 capers,
2036 3214 85 19 sauces,
2132 3209 106 28 mustard,
2248 3211 65 27 pearl
2324 3212 86 27 barley,
2420 3220 62 19 Btgo,

1892 3232 107 28 patmeal,
2009 3233 46 23 and
2064 3234 94 28 tapioca,
2179 3241 3 8 '

1919 3259 77 32 Fresh_
2001 3260 86 24 salmon
2098 3262 44 26 and
2153 3269 65 22 soups
2226 3263 25 23 in
2261 3265 117 30 canisters,

1919 3286 114 24 Hockins'
2043 3291 77 24 patent
2129 3289 88 23 seidlitz
2226 3291 24 23 in
2262 3293 109 28 powders,

1918 3340 172 29 Rat>pberryade
2100 3343 45 22 and
2155 3343 150 28 Cheltenham
2315 3347 60 29 Salts,

1918 3368 83 22 Steer's
2020 3368 131 29 opodildoc^
2162 3371 98 24 James's
2276 3375 99 26 powder,
2384 3375 99 26 Dalby's

1890 3395 150 27 carminative,

1917 3420 81 23 Brown
2008 3422 113 29 Windsor,
2132 3423 75 30 fancy,
2218 3427 45 22 and
2272 3427 94 29 shaving
2374 3436 72 21 soaps,

1916 3450 99 20 Essence
2031 3450 26 22 of
2066 3458 90 21 ginger,
2169 3452 88 30 brandy
2269 3454 87 29 bitters,
2372 3456 110 23 aromatic

1888 3479 101 23 Vinegar,
2000 3477 167 24 inexhaustible
2177 3480 64 28 salts,.

1915 3501 140 25 Permanent
2062 3503 48 29 ink,
2121 3507 105 28 scouring
2235 3507 73 29 drops,
2318 3506 98 31 pastiles,
2460 3509 4 5 '

1898 3531 3 6 1
1916 3530 50 21 Salt
1974 3530 27 22 of
2007 3530 92 30 lemons,
2111 3537 64 19 court
2183 3534 98 29 plaister,
2396 3552 3 6 ,
2425 3557 4 4 ,

1916 3556 122 24 Lavender
2047 3562 69 20 water
2124 3560 50 23 Eau
2184 3561 26 22 de
2221 3561 106 28 Cologne,

1914 3583 70 23 Bears
1992 3592 86 21 grease,
2089 3587 52 22 cold
2242 3595 113 16 macassar
2363 3589 38 28 oil,
2412 3590 66 23 tooth
2513 3605 7 4 -

1887 3610 96 28 powder,
1994 3612 50 28 6Vc,
2099 3613 2 5 '
2147 3612 3 3 '
2164 3625 2 6 .
2228 3632 6 12 /

1914 3637 90 24 Ladies'
2019 3640 90 23 tortoise
2123 3640 58 23 shell
2195 3641 48 23 side
2259 3643 85 27 combs,
2364 3643 112 28 dressing,

1887 3665 44 21 and
1940 3665 68 23 small
2015 3667 64 22 tooth
2090 3668 84 22 comb*'.

1913 3691 66 29 Hair,
2009 3693 70 28 tooth*
2108 3694 53 27 nail,
2191 3695 101 29 shaving,
2317 3697 46 22 and
2390 3697 88 24 clothes

1887 3719 99 28 brushes,

1912 3745 80 29 Slates,
2003 3747 57 23 slate
2067 3747 88 28 cistern,
2165 3748 99 28 hearths,
2275 3749 107 30 chimney
2392 3752 83 28 pieces,

1912 3773 81 23 Hones
2003 3774 45 22 and
2057 3773 103 28 chimney
2170 3773 56 30 pots',

1909 3800 57 23 And
1982 3808 124 16 numerous-
2118 3801 64 23 other
2195 3803 97 29 article!}
2301 3804 75 25 which
2385 3806 48 24 -will
2447 3808 29 23 be

1887 3826 47 25 soldi
1940 3834 56 21 very
2005 3827 50 27 low,
2066 3828 35 22 for
2110 3829 53 22 cash
2174 3829 60 28 only,
2245 3831 30 27 by
2428 3842 12 8 -

2107 3860 23 21 J.
2144 3860 164 31 BoDDINGTON,
2327 3876 38 7 •-.
2380 3873 26 15 J,
2422 3877 4 6 »

1976 3893 111 23 Lambton
2099 3895 72 28 Quay,
2182 3903 54 16 near
2245 3897 40 24 the
2294 3898 55 24 Post
2359 3898 79 31 Office,
2449 3909 27 16 or

2107 3928 77 26 Jamm
2198 3930 113 31 Jackson,

1909 3985 61 25 Jim.
1981 3989 20 28 9,
2015 3989 60 22 IMS.
2192 3961 255 36 .■•!*»**««■•*.
