2550 4050
1297 1068 75 21 When
1392 1068 105 22 H.M.S.
1519 1068 77 22 North
1614 1068 60 22 Star
1691 1074 46 16 was
1760 1068 90 30 getting

1260 1098 161 32 under-weigh
1445 1100 119 31 yesterday
1585 1101 114 29 morning,
1724 1100 70 24 about
1818 1102 32 21 10

1262 1131 97 30 o'clock,
1384 1137 22 18 to
1429 1133 97 30 proceed
1548 1139 21 17 to
1593 1133 58 25 Port
1678 1133 135 28 Nicholson,
1837 1141 14 15 a

1261 1165 89 24 sudden
1361 1165 76 31 squall
1449 1173 63 16 came
1532 1173 30 16 on
1580 1167 43 23 and
1646 1166 56 24 blew
1722 1166 40 23 her
1774 1170 75 19 stern-

1261 1198 110 23 foremost
1382 1206 30 16 on
1432 1204 23 18 to
1475 1200 70 23 Point
1564 1200 145 31 Macquarrie
1718 1208 6 21 ;
1744 1200 38 22 the
1793 1200 56 27 fore,

1262 1232 70 28 main,
1345 1232 45 26 and
1402 1233 77 23 mizen
1490 1233 137 31 top-gallant
1646 1237 72 19 masts
1729 1240 59 16 were
1806 1233 44 23 im-

1261 1264 124 31 mediately
1401 1266 106 28 lowered,
1530 1266 44 23 and
1593 1274 68 23 every
1684 1267 104 22 exertion
1805 1273 46 15 was

1261 1297 66 24 made
1339 1306 30 15 on
1380 1298 39 24 the
1431 1304 52 25 part
1495 1299 25 23 of
1529 1299 38 23 the
1579 1300 97 28 officers,
1690 1299 39 23 the
1741 1299 110 23 Harbour

1263 1330 96 30 Master,
1372 1332 46 22 and
1438 1332 82 28 Pilots,
1538 1332 73 23 which
1630 1339 47 16 was
1696 1336 39 18 not
1756 1331 96 23 without

1262 1364 66 29 avail,
1341 1372 24 15 as
1378 1364 41 23 she
1432 1372 45 15 was
1498 1365 34 22 off
1547 1365 76 23 within
1644 1373 29 15 an
1694 1365 58 22 hour
1768 1364 45 23 and
1826 1372 25 15 a-

1263 1397 49 23 half
1326 1397 59 23 from
1398 1398 39 22 the
1448 1399 54 22 time
1521 1398 39 23 she
1582 1399 51 23 first
1653 1398 125 31 grounded,
1799 1398 52 22 with

1263 1430 60 24 little
1335 1438 25 16 or
1372 1438 30 16 no
1414 1431 105 31 injuries.
1521 1444 33 4 —
1554 1430 60 30 Ibid,
1626 1430 58 32 July
1697 1433 27 24 3.1
1732 1448 5 6 .

1298 1470 23 24 A
1339 1471 150 24 Runaway.
1492 1483 34 5 —
1526 1471 48 25 Mr.
1596 1472 78 23 James
1693 1471 121 30 Marshall,
1831 1471 25 24 of

1264 1504 39 23 the
1324 1504 104 24 William
1448 1505 79 29 River,
1548 1505 40 23 left
1608 1505 39 23 the
1670 1506 78 29 colony
1766 1505 29 30 by
1814 1505 39 23 the

1266 1536 119 24 Caiherine
1394 1538 38 23 for
1443 1538 57 23 New
1513 1538 106 29 Zealand,
1633 1539 46 23 last
1690 1539 72 28 week,
1781 1538 72 23 under

1266 1578 53 23 very
1330 1572 128 29 suspicious
1469 1572 183 24 circumstances.
1690 1572 114 23 Marshall
1811 1572 42 23 has

1265 1603 84 31 always
1360 1605 72 23 borne
1451 1605 38 23 the
1508 1605 114 24 character
1637 1605 27 23 of
1680 1614 14 14 a
1712 1605 142 31 respectable

1265 1636 142 25 industrious
1419 1645 61 22 man,
1493 1638 45 24 and
1550 1647 43 15 was
1606 1638 114 31 supposed
1734 1643 23 19 to
1766 1638 27 23 be
1804 1638 50 23 well

1266 1669 39 30 off,
1317 1670 41 24 but
1369 1671 28 23 he
1409 1671 43 24 has
1463 1672 41 23 left
1516 1672 38 23 the
1566 1672 81 31 colony
1659 1671 161 31 considerably
1830 1672 24 23 in

1266 1703 66 24 debt.

1303 1737 90 25 Cheap
1420 1739 96 24 Living
1540 1745 29 18 in
1594 1739 111 24 Hobart
1729 1739 91 23 Town.
1821 1751 35 4 —

1268 1769 47 25 Mr.
1344 1771 89 29 Carter,
1458 1773 38 23 the
1519 1774 115 22 extensive
1653 1772 66 24 retail
1738 1772 75 23 dealer
1832 1777 24 18 at

1268 1803 93 25 Hobart
1378 1805 81 30 Town,
1477 1807 21 23 is
1510 1806 82 31 selling
1608 1810 38 19 tea
1665 1810 22 19 at
1708 1808 8 21 1
1724 1814 28 21 s.,
1771 1806 83 28 butter,

1268 1836 49 30 9d.,
1341 1836 44 25 and
1408 1847 70 22 sugar
1499 1845 23 18 at
1539 1840 40 23 2d.
1597 1847 40 23 per
1655 1840 32 23 lb.

1268 1878 52 23 says
1332 1871 39 23 the
1384 1869 97 26 Hobart
1492 1872 67 23 Town
1569 1872 137 23 Advertiser
1723 1876 36 19 tea
1770 1878 23 17 at
1809 1875 44 26 Is.,

1268 1904 75 23 butter
1355 1904 49 30 9d.,
1418 1910 61 18 meat
1490 1906 48 28 3d.,
1551 1906 67 23 bread
1638 1906 48 28 Id,,
1699 1906 44 23 and
1753 1910 103 27 potatoes

1258 1939 2 29 j
1329 1945 41 23 per
1386 1938 44 29 lb.,
1451 1939 71 31 living
1532 1940 23 22 in
1575 1939 53 24 Van
1649 1939 120 23 Dieraen's
1789 1938 67 24 Land

1268 1977 52 25 may
1332 1971 29 24 be
1378 1972 132 24 considered
1528 1973 93 31 cheaper
1642 1972 54 23 than
1709 1972 24 23 in
1751 1979 44 23 any
1807 1975 51 28 part

1263 2003 33 33 ,of
1305 2003 38 24 the
1510 2029 12 4 _
1619 2026 16 5 ..
1645 2026 12 4 ,
1689 2027 5 4 .
1749 2026 6 2 .

1303 2033 185 27 Launceston.
1490 2050 34 4 —
1525 2036 50 25 The
1581 2038 115 24 notorious
1704 2037 154 31 bushrangers

1270 2068 57 24 Jeffs
1339 2069 44 23 and
1397 2069 101 32 Conway
1510 2078 58 16 were
1586 2071 57 23 tried
1660 2071 25 23 in
1697 2071 37 23 the
1747 2071 111 31 Supreme

1272 2102 79 29 Court,
1369 2102 82 24 'before
1469 2103 38 24 the
1520 2104 68 23 Chief
1605 2104 96 24 Justice.
1738 2104 51 23 The
1808 2104 52 23 trial

1270 2135 73 25 lasted
1360 2136 60 23 from
1442 2137 103 30 Monday
1567 2138 110 30 morning-
1689 2137 59 24 until
1765 2137 46 24 late
1829 2145 29 16 on

1271 2169 154 31 Wednesday,
1445 2170 44 23 and
1501 2170 37 23 the
1557 2176 76 26 report
1651 2170 46 24 fills
1715 2179 42 15 one
1778 2170 50 24 half
1837 2170 26 23 of

1272 2202 37 23 the
1317 2202 143 24 Launceston
1468 2203 141 25 Advertiser.
1642 2203 68 32 They
1718 2212 58 15 were
1787 2203 71 25 found

1270 2236 75 29 guilty
1357 2236 24 23 of
1391 2236 39 23 the
1442 2236 90 24 murder
1545 2238 26 22 of
1580 2237 101 24 William
1693 2237 79 24 Ward.

1329 2299 197 25 ENGLISH
1557 2301 251 24 EXTRACTS.

1306 2358 23 24 A
1339 2359 100 31 practice
1452 2358 25 23 of
1491 2359 89 31 tearing
1590 2367 30 23 up
1633 2359 39 23 old
1690 2359 96 24 woollen
1806 2367 54 23 rags

1266 2391 41 24 •fire
1329 2392 57 24 wool
1408 2391 43 24 has
1468 2392 58 24 been
1545 2392 118 31 prevalent
1684 2393 24 23 in
1730 2392 131 25 Yorkshire

1272 2425 80 31 lately.

1306 2458 51 24 The
1369 2459 91 23 French
1470 2459 105 31 ministry
1587 2458 43 25 had
1642 2459 61 25 been
1713 2459 103 24 defeated
1830 2459 29 31 by

1272 2492 31 31 by
1315 2500 15 15 a
1340 2492 109 31 majority
1461 2492 26 23 of
1503 2492 71 24 three.

1307 2525 50 24 The
1370 2534 49 15 new
1432 2525 103 24 Russian
1548 2526 84 31 Treaty
1646 2526 54 24 does
1719 2531 41 19 not
1778 2534 85 24 appear

1274 2563 22 19 to
1310 2559 63 24 work
1385 2559 60 24 well.

1308 2591 72 25 Great
1392 2593 95 23 distress
1500 2593 48 24 still
1564 2593 98 31 prevails
1681 2593 24 23 in
1724 2593 38 24 the
1781 2601 82 16 manu-

1273 2625 115 32 facturing
1397 2626 111 24 districts.

1308 2659 51 24 The
1369 2659 94 25 Income
1475 2661 52 23 Tax
1539 2668 44 15 was
1604 2660 80 31 giving
1701 2661 92 29 general
1814 2660 46 24 dis-

1274 2693 151 25 satisfaction.

1308 2726 51 24 The
1380 2727 71 24 awful
1472 2732 85 26 system
1578 2727 24 23 of
1628 2727 162 24 incendiarism
1820 2727 44 24 had

1276 2760 67 30 again
1353 2761 101 23 revived.

1310 2793 102 31 Ensigns
1427 2794 129 29 Hamilton,
1569 2795 24 23 of
1607 2794 39 23 the
1658 2794 59 25 27th
1726 2794 134 31 Regiment,

1277 2826 43 24 and
1332 2826 97 31 Layers,
1441 2828 24 23 of
1477 2828 36 23 the
1526 2830 55 22 91st
1593 2828 133 30 Regiment,
1740 2828 55 23 have
1809 2829 55 23 been

1277 2860 57 24 tried
1346 2861 30 31 by
1395 2869 15 16 a
1431 2861 173 29 court-martial,
1624 2861 44 23 and
1688 2861 121 24 dismissed
1828 2861 36 24 the

1277 2894 85 24 service
1372 2903 5 20 ;
1397 2894 40 24 the
1459 2895 85 23 former
1565 2895 35 23 for
1622 2894 87 31 having
1731 2894 73 24 called
1826 2895 38 23 the

1277 2927 66 24 latter
1423 2928 15 23 d
1507 2928 14 23 d
1623 2927 47 23 and
1689 2927 38 24 the
1745 2927 68 25 latter
1831 2928 33 23 for

1277 2960 85 32 having
1373 2965 43 27 put
1426 2969 32 23 up
1470 2961 54 24 with
1537 2961 37 24 the
1586 2961 80 23 insult.

1312 2994 51 24 Our
1374 2994 92 24 readers
1479 2994 48 24 will
1539 2994 27 24 be
1578 2993 52 32 glad
1642 2998 23 19 to
1676 2994 63 23 learn
1758 2994 50 24 that
1827 2995 37 23 the

1278 3028 78 23 health
1367 3028 26 24 of
1408 3027 65 24 Lord
1486 3028 133 23 Melbourne
1632 3028 19 23 is
1671 3028 62 31 quite
1750 3028 113 23 re-estab-

1278 3061 82 28 lished,
1373 3061 46 24 and
1428 3061 50 25 that
1489 3061 19 24 it
1518 3061 20 23 is
1551 3060 136 31 confidently
1698 3061 73 23 stated
1781 3061 30 24 he
1821 3061 43 24 will

1278 3094 116 24 forthwith
1415 3102 91 16 resume
1535 3094 35 24 his
1598 3094 112 24 attention
1739 3099 22 19 to
1790 3094 74 32 public

1279 3128 113 24 business.

1312 3162 24 24 A
1360 3162 147 23 commission
1536 3161 41 24 has
1606 3161 66 24 been,
1692 3162 122 31 appointed
1844 3165 20 20 to

1279 3195 93 31 enquire
1383 3196 50 23 into
1445 3195 39 24 the
1504 3195 135 31 practicable
1652 3196 117 30 operation
1786 3195 25 24 of
1830 3195 34 24 the

1278 3236 56 24 poor
1345 3229 55 23 laws
1411 3230 26 22 in
1449 3228 117 25 Scotland.

1312 3261 40 25 An
1371 3262 83 25 official
1473 3268 80 18 return
1570 3261 41 25 has
1632 3262 57 24 been
1701 3262 121 31 published
1833 3262 31 30 by

1278 3295 124 32 authority,
1416 3296 26 24 of
1456 3296 38 23 the
1505 3300 92 20 amount
1607 3296 28 24 of
1649 3296 97 24 indirect
1757 3300 65 20 taxes
1840 3297 24 22 in

1279 3329 96 29 France,
1388 3329 84 31 during
1486 3329 38 24 the
1534 3329 45 24 last
1596 3329 65 24 three
1677 3329 92 24 months
1790 3329 25 23 of
1830 3329 34 23 the

1278 3370 54 24 year
1345 3364 74 23 1842.
1467 3363 67 29 This,
1543 3363 26 23 of
1583 3370 89 21 course,
1684 3362 124 31 completes
1830 3362 34 24 the

1278 3400 79 19 return
1365 3396 35 24 for
1412 3396 40 24 the
1463 3396 73 24 whole
1546 3404 54 23 year
1607 3405 7 20 ;
1634 3395 46 24 and
1697 3394 39 25 the
1746 3395 74 24 result
1839 3396 25 29 is,

1270 3433 6 11 r
1279 3429 49 24 that
1339 3429 63 25 there
1411 3430 22 24 is
1442 3437 28 17 an
1480 3430 102 26 increase
1591 3430 25 22 of
1625 3430 153 28 68,000,000
1787 3428 77 24 franks

1278 3470 27 16 as
1313 3464 124 31 compared
1447 3463 53 24 with
1514 3465 72 28 1840,
1607 3462 44 25 and
1673 3462 25 24 of
1713 3464 151 28 35,000,000

1278 3503 54 19 over
1346 3498 75 24 1841.

46 159 24 23 of
80 156 126 23 reiiitance,
221 150 52 27 they
283 155 57 16 were
356 146 105 31 savagely
470 147 46 23 and
529 147 95 22 deliber-

47 184 54 26 ately
110 178 130 25 massacred.
337 201 23 6 
374 200 7 6 ,
407 200 5 5 .
435 180 67 26 ,';1
579 199 6 5 .
602 203 8 7 t

71 211 31 20 As
116 212 23 17 to
155 206 37 22 the
208 206 93 19 motives
317 200 73 22 which
405 200 99 22 induced
520 207 40 15 our
579 200 45 22 late

47 232 106 28 lamented
160 231 73 22 Police
241 227 131 26 Magistrate
383 227 130 23 tois3»ethe
521 229 101 24 warrant,

47 270 29 16 vre
85 255 182 28 conscientiously
285 253 85 23 believe
387 253 61 23 them
463 257 24 19 to
496 253 57 22 have
565 253 59 22 been

47 294 53 18 none
109 284 63 23 other
179 283 55 22 than
245 282 64 21 those
318 280 27 22 of
351 280 63 27 duty.

71 316 30 21 As
116 314 23 19 to
154 310 37 21 the
207 307 101 28 imputed
323 307 82 26 charge
421 307 26 21 of
459 307 103 21 rashness
577 307 47 20 and

47 342 54 22 want
109 338 25 21 of
140 334 153 27 deliberation,
304 333 72 23 which
391 340 33 15 we
432 332 58 22 haVe
505 331 70 23 heard
584 331 41 23 ad-

47 364 86 27 vanced,
144 370 33 15 we
186 369 55 23 may
245 361 99 24 observe,
355 359 48 23 that
408 359 38 22 the
457 358 75 23 Police
539 357 85 28 Magis-

47 396 51 21 trate
106 389 45 23 had
160 387 38 23 the
207 387 84 28 advice,
296 387 26 22 of
329 387 62 22 three
400 385 64 23 other
473 385 150 26 Magistrates,

48 419 39 24 and
95 417 54 22 their
158 415 134 22 unanimous
301 420 151 16 concurrence
458 420 6 19 ;
475 411 45 23 and
530 418 31 15 we
572 418 52 20 may

47 444 78 27 further
142 441 107 27 mention,
269 441 51 23 that
329 447 5 4 •
343 440 37 22 the
398 439 103 28 question
518 444 44 15 was
581 444 43 15 one

48 471 65 26 which
122 468 45 23 had
175 471 41 19 not
224 468 54 22 then
288 467 36 22 for
332 466 38 22 the
379 465 48 23 first
435 465 54 22 time
506 464 119 28 presented

47 497 65 26 itself;
122 496 18 21 it
148 494 45 22 had
203 494 89 22 months
302 493 77 23 before
384 493 58 23 teen
450 491 119 22 examined
579 490 46 22 and

48 521 128 28 deliberated
191 528 68 21 upon.
298 520 67 28 Upon
388 519 37 21 the
447 517 103 23 occasion
567 517 25 21 of
612 524 13 14 a

48 550 75 25 similar
141 551 91 24 outrage
250 547 84 26 having
355 546 59 22 been
431 544 140 28 perpetrated
595 544 30 27 by

48 575 152 28 Rangihaeata,
212 577 23 18 at
248 573 54 22 Port
311 571 130 27 Nicholson,
452 570 44 22 and
506 577 13 15 a
529 573 97 19 warrant

48 606 30 22 for
90 603 32 21 his
131 600 160 28 apprehension
306 599 83 33 haying
400 598 58 22 been
470 596 97 27 refused,
578 597 46 21 Mr.

182 627 25 21 in
221 627 154 21 conversation
384 624 54 22 with
452 631 44 14 one
506 624 26 21 of
541 630 33 20 us,
586 631 40 14 ex-

48 654 80 30 pressed
142 653 34 23 his
186 653 91 28 opinion
291 653 50 22 that
355 652 55 22 such
420 650 97 23 conduct
525 657 45 14 was
580 650 53 24 cab,

50 680 80 27 culated
139 683 23 19 to
171 680 93 22 weaken
275 680 39 21 the
329 679 112 22 influence
451 678 27 20 of
490 676 83 22 British
583 677 50 32 lajp.,

50 716 51 24 upon
111 707 36 22 the
155 706 76 22 native
245 706 71 27 mind,
327 705 44 23 and
386 708 21 18 to
417 704 53 22 lead
478 706 24 19 to
511 703 38 22 the
560 702 73 26 iMi£f\

50 737 22 22 of
76 733 108 28 impunity
192 733 24 22 in
231 733 38 22 the
285 732 141 23 commission
442 730 26 22 of
480 729 45 23 still
539 730 87 22 further

50 766 99 22 outrages.
210 759 3 4 '

73 787 46 23 And
135 794 32 14 we
182 789 82 21 cannot
280 786 40 22 but
336 786 90 21 observe
443 791 56 19 now,
516 784 49 21 that
580 784 46 22 had

50 816 40 23 that
95 814 84 22 fontafr
186 812 89 23 'offence
285 813 26 21 of
320 812 36 22 his
372 810 57 24 IJSen
440 810 61 22 dealt
510 810 51 22 with
570 810 23 21 in
613 817 13 15 a

50 834 192 37 (jacide^LjnlJnner,
260 847 25 14 as
294 839 23 21 in
328 839 42 21 law
382 838 43 22 and
438 837 80 30 justice
529 844 32 15 we
571 844 55 15 con-

38 860 91 32 FcfpME
136 866 80 24 should
221 866 57 22 have
288 867 65 25 been,
363 865 42 22 this
413 864 102 24 dreadful
520 864 106 25 calamity

38 893 153 28 '•roigßniever
207 893 57 22 have
275 892 113 27 occurred,
398 892 29 27 by
437 889 73 24 which
519 898 25 14 so
558 889 68 23 much

50 922 30 23 life
89 920 40 22 has
135 920 60 22 been
209 920 50 26 lost,
269 927 25 15 so
309 926 67 21 many
386 925 52 15 men
447 919 26 21 of
485 918 38 22 the
538 917 90 27 highest

52 947 60 24 moral
131 947 44 22 and
193 946 139 24 intellectual
356 946 56 22 rank
430 945 58 22 have
506 944 121 28 miserably

50 973 109 29 perished,-
170 973 38 23 the
227 973 106 23 relations
342 973 100 21 between
456 972 38 22 the
505 975 43 19 two
563 978 64 15 races

52 1004 46 20 been
111 999 117 28 rendered,
244 1004 24 18 to
283 1007 40 20 say
338 1000 37 20 the
390 999 57 22 least
457 999 26 21 of
495 999 23 26 it,
530 998 97 29 precari-

51 1035 39 18 ous,
100 1026 43 22 and
158 1027 38 21 the
212 1027 136 23 civilization
360 1027 24 21 of
398 1026 56 22 New
468 1026 101 22 Zealand
584 1033 42 14 un-

50 1052 110 33 doubtedly
168 1053 89 23 thrown
267 1053 64 22 back.

73 1081 25 21 In
106 1080 81 27 stating
196 1079 59 22 what
264 1087 33 14 we
313 1080 56 22 have
381 1080 57 22 done
449 1079 78 27 above,
544 1086 33 15 we
589 1086 38 14 are

50 1114 62 16 aware
127 1106 48 22 that
182 1113 34 15 we
233 1106 57 22 shall
305 1106 28 22 be
349 1110 46 18 met
410 1106 31 29 by
456 1106 37 21 the
510 1109 117 24 argument

50 1135 40 21 that
97 1133 18 21 it
123 1133 18 21 ii
151 1137 38 17 not
200 1132 34 22 for
247 1140 27 14 us
283 1135 24 19 to
322 1132 107 28 prejudge
445 1132 37 22 the
490 1140 60 19 case,
569 1140 25 14 or
603 1136 24 18 to

50 1160 68 23 decide
127 1166 59 21 upon
196 1159 38 22 the
243 1159 93 27 legality
346 1159 25 21 of
383 1159 59 21 what
450 1158 40 22 has
506 1159 85 27 passed,
602 1166 26 14 or

48 1193 20 17 to
77 1186 119 23 determine
213 1186 38 21 the
261 1185 87 22 offence
358 1185 25 21 of
396 1184 74 22 which
480 1191 44 21 any
536 1192 40 15 one
586 1193 41 14 nas

48 1215 51 22 been
115 1213 69 28 guilty
192 1220 6 20 ;
217 1212 55 22 such
288 1212 112 28 questions
413 1211 123 28 belonging
548 1214 24 19 to
588 1212 39 21 the

49 1244 65 20 courts
125 1240 25 22 of
155 1240 50 27 law,
216 1238 43 23 and
268 1239 36 21 for
313 1239 58 21 their
381 1238 160 22 consideration
552 1238 74 22 alone.

48 1269 40 21 But
95 1274 56 21 your
168 1266 135 27 Excellency
314 1265 44 22 will
375 1265 64 22 allow
452 1271 27 16 us
496 1268 22 19 to
529 1268 97 24 suggest,

48 1294 44 22 that
99 1293 62 22 there
176 1300 38 15 are
224 1300 61 15 cases
295 1292 25 22 of
330 1292 54 22 such
395 1299 12 15 a
424 1295 86 23 nature,
521 1292 46 22 and
582 1292 47 21 evi-

48 1321 65 22 dence
123 1320 60 22 often
191 1320 26 22 of
224 1324 54 18 such
289 1327 13 13 a
311 1319 61 27 kind,
384 1318 47 22 that
440 1318 37 22 the
483 1318 75 28 public
564 1318 64 23 mind

47 1354 68 16 comes
125 1350 23 18 at
158 1354 56 14 once
224 1351 22 17 to
256 1354 13 14 a
279 1346 105 27 decision,
395 1345 92 23 without
496 1346 91 26 waiting
593 1346 35 21 for

50 1375 32 21 the
90 1381 59 15 more
166 1374 80 22 formal
261 1374 140 20 conclusions
410 1373 26 21 of
450 1372 37 22 the
501 1373 50 21 law.
579 1372 49 22 The

50 1408 44 15 case
103 1401 75 21 before
188 1407 26 15 us
224 1400 18 21 is
253 1407 43 14 one
308 1400 24 21 of
339 1400 62 21 these
409 1407 5 19 ;
430 1400 46 21 and
487 1400 64 22 while
561 1407 68 23 every

51 1435 38 15 one
102 1427 72 22 would
189 1429 59 19 most
261 1426 96 28 heartily
369 1426 116 32 deprecate
501 1433 45 21 any
555 1426 74 22 active

50 1459 44 22 step
108 1454 66 24 taken
191 1460 59 21 upon
265 1453 55 21 such
334 1460 14 14 a
357 1453 104 26 decision,
478 1453 45 22 and
538 1454 28 21 be
577 1460 53 15 con-

52 1481 70 23 tented
138 1481 48 21 that
201 1480 43 22 law
259 1479 46 22 and
317 1480 81 27 justice
415 1480 81 22 should
504 1480 51 22 take
572 1480 58 23 their

52 1515 78 19 course,
146 1507 43 22 still
200 1514 33 14 we
242 1506 80 22 should
337 1507 27 21 be
374 1506 139 28 imperfectly
523 1507 108 27 fulfilling

45 1535 40 22 •the
99 1535 89 21 mission
204 1533 52 22 with
266 1533 72 22 which
353 1541 32 13 we
402 1540 36 14 are
454 1534 121 27 entrusted,
591 1535 39 21 did

52 1569 28 15 we
99 1565 39 17 not
156 1560 64 22 make
236 1560 80 22 known
333 1564 22 17 to
374 1567 57 20 your
446 1560 137 28 Excellency
592 1561 38 25 the

52 1588 52 27 light
111 1588 24 22 in
145 1587 71 23 which
225 1587 36 21 the
273 1586 96 22 conduct
376 1587 26 21 of
407 1586 39 22 the
456 1587 132 27 aborigines,
600 1596 30 15 on

53 1615 38 23 this
101 1615 108 25 occasion,
224 1614 19 21 is
253 1614 85 21 viewed
353 1614 31 27 by
392 1614 38 21 the
441 1613 86 23 settlers
538 1614 25 21 of
575 1615 56 23 Nel-.

52 1650 43 18 son,
104 1641 49 22 who
163 1641 44 21 feel
220 1641 48 21 that
278 1641 37 21 the
331 1641 109 27 enormity
450 1641 26 21 of
487 1640 58 22 their
561 1643 69 21 crime

52 1669 17 21 is
83 1676 23 14 so
123 1668 89 22 distinct
230 1668 49 21 that
294 1667 38 21 the
349 1674 128 20 vengeance
493 1668 25 22 of
534 1669 37 22 the
587 1669 44 23 law

52 1695 72 25 should
135 1695 104 26 certainly
248 1694 105 22 overtake
363 1694 66 27 them,
442 1695 45 21 and
497 1695 134 28 confidently

141 1721 48 23 that
205 1721 52 27 they
267 1721 44 21 will
328 1721 28 21 be
370 1721 96 28 brought
478 1722 77 22 before
563 1723 19 21 it
591 1724 40 21 tri-

53 1750 63 24 bunal
125 1757 24 15 as
159 1756 54 14 soon
224 1756 24 14 as
257 1756 14 14 a
282 1748 109 22 sufficient
400 1749 60 21 force
476 1749 58 22 shall
548 1749 28 22 be
586 1750 45 22 col-

53 1777 67 22 lected
130 1781 21 17 to
162 1775 79 23 render
251 1775 29 22 its
289 1775 116 22 mandates
414 1776 116 22 irrestible.

58 1825 6 4 „
77 1805 44 23 The
139 1803 86 21 settlers
244 1803 25 21 of
290 1802 86 22 Nelson
394 1802 53 22 look
464 1803 95 23 forward
577 1803 53 23 with

54 1835 57 24 great
129 1831 89 27 anxiety
238 1833 21 17 to
278 1829 39 21 the
335 1833 63 24 steps'
412 1829 73 23 which
504 1830 38 22 the
561 1831 70 22 Local

55 1860 147 22 Government
210 1856 57 22 shall
282 1855 73 28 adopt.
384 1855 63 28 They
457 1856 56 22 have
524 1855 107 25 observed

54 1886 47 22 with
111 1883 138 28 indignation
260 1890 35 14 an-
307 1887 93 23 attempt
410 1891 28 14 on
449 1883 37 23 the
497 1888 49 23 part
556 1885 26 21 of
594 1884 37 22 the

55 1913 149 22 Government
217 1910 173 28 representative
400 1914 24 17 at
440 1911 54 21 Port
508 1911 123 22 Nicholson

55 1944 19 16 to
80 1945 71 15 screen
163 1937 36 21 the
210 1936 131 26 aborigines,
361 1942 22 16 at
393 1937 36 21 the
440 1944 61 15 same
516 1938 53 21 time
583 1938 48 22 that

687 129 2 2 •
700 133 4 3 -
720 130 2 2 ■
732 133 5 5 ■
964 130 19 9 ••>
1076 130 1 6 '
1109 137 4 3 .
1123 135 3 4 .
1165 130 2 3 ■
1181 130 2 3 '
1203 130 7 10 t
1210 130 30 3 —

651 145 56 26 nals,
717 145 19 21 it
746 145 19 21 is
773 145 41 22 but
823 149 35 18 too
867 145 61 22 clear
935 145 44 22 that
993 145 39 22 the
1041 148 76 23 event,
1129 151 32 15 we
1170 147 60 19 must

652 171 31 22 all
691 171 96 28 deplore,
799 171 40 23 has
855 172 73 22 arisen
943 172 52 22 from
1013 171 86 23 several
1114 170 84 31 parties
1207 170 26 22 of

652 204 122 21 surveyors,
781 197 96 23 without
880 197 37 23 the
922 197 122 28 knowledge
1051 203 179 17 orconaurrence

652 224 28 22 of
691 224 39 22 the
741 224 68 22 Local
824 224 155 27 Government,
989 224 136 28 proceeding
1139 226 23 19 to
1164 230 4 5 1
1178 223 60 22 take,

651 251 125 27 possession
785 251 28 21 of
826 251 45 21 and
884 254 24 18 to
922 254 76 23 survey
1005 258 13 15 a
1027 254 57 19 tract
1094 251 27 21 of
1133 250 63 27 land,
1205 250 25 21 in

652 277 124 28 opposition
791 281 24 18 to
830 277 36 21 the
884 277 91 27 original
987 277 75 22 native
1078 283 93 19 owners,
1181 276 49 22 who

652 302 58 23 have
718 304 122 27 uniformly
849 303 82 23 denied
940 304 34 21 the
982 304 45 22 sale
1037 304 27 21 of
1073 304 25 22 it.

679 330 62 22 With
751 337 14 15 a
773 331 57 21 view
839 333 23 19 to
866 333 93 25 prevent
964 330 33 22 the
1004 337 130 15 recurrence
1144 328 25 23 of
1177 328 54 23 such

652 363 30 15 an
691 356 52 27 evil,
754 357 45 21 and
809 357 47 21 that
864 364 30 14 no
902 363 74 15 reason
984 364 49 20 may
1044 357 27 21 be
1080 357 69 26 given
1159 359 23 19 to
1192 355 39 22 the

653 383 55 22 New
718 383 135 23 Zealanders
863 387 22 18 to
896 383 68 22 doubt
972 383 33 22 the
1016 383 57 27 good
1082 383 57 22 faith
1148 382 26 22 of
1184 382 44 22 her

654 406 118 31 Majesty's
781 410 85 22 solemn
877 417 111 15 assurance
995 410 47 21 that
1049 410 57 21 their
1113 408 118 23 territorial

652 436 70 27 rights
730 443 24 15 as
762 443 85 15 owners
857 437 27 21 of
890 436 37 22 the
933 437 38 21 soil
978 436 77 22 should
1062 436 29 22 be
1096 434 136 29 recognized

653 462 44 22 and
713 463 124 27 respected,
856 463 36 22 his
910 463 128 27 Excellency
1057 462 41 23 has
1116 462 84 23 caused
1218 468 14 15 a

652 489 163 27 proclamation
826 493 21 18 to
856 490 29 21 be
901 490 71 21 issued
984 489 100 27 warning
1099 488 32 23 all
1141 495 90 21 persons

654 515 104 27 claiming
767 516 54 22 land
830 516 23 21 in
861 516 43 21 this
914 516 80 26 colony,
1005 516 23 21 in
1038 522 61 15 cases
1110 515 73 22 where
1193 514 38 22 the

654 542 66 22 claim
729 542 20 22 is
758 542 83 23 denied
848 549 25 15 or
879 542 97 31 disputed
981 542 29 27 by
1016 541 37 22 the
1059 542 92 26 original
1155 542 78 21 native

654 575 94 21 owners,
759 569 57 22 from
826 568 122 27 exercising
963 572 41 18 acts
1012 584 3 3 ■
1023 568 24 21 of
1059 568 124 24 ownership
1194 574 36 20 on,

654 602 25 15 or
688 595 116 22 otherwise
814 595 139 28 prejudicing
961 594 32 22 the
1004 594 102 28 question
1115 595 27 21 of
1147 595 50 21 title
1206 597 24 18 to

654 621 37 22 the
701 629 68 17 same,
779 622 58 21 until
847 622 37 21 the
900 621 96 27 question
1006 621 27 21 of
1041 621 125 28 ownership
1176 620 56 23 shall

653 647 57 22 have
720 649 57 21 been
787 647 70 23 heard
866 648 44 21 and
921 647 133 22 determined
1063 648 28 26 by
1102 655 43 14 one
1155 648 26 21 of
1191 648 41 21 her

652 674 118 28 Majesty's
787 674 180 22 Commissioners
974 674 118 27 appointed
1108 679 24 16 to
1141 674 91 22 investi-

644 700 60 28 Jgate
715 701 77 27 claims
804 705 23 18 to
837 701 52 22 land
898 701 24 21 in
931 700 41 22 this
979 700 91 27 Colony.

723 734 10 8 x
735 728 38 21 the
783 727 142 22 information
936 727 24 21 of
970 726 33 23 the
1011 726 85 23 settlers
1107 730 23 19 at
1136 726 92 27 Nelson,

655 754 12 22 I
677 761 36 15 am
724 754 88 22 desired
821 758 23 17 to
854 756 63 24 state,
928 752 46 23 that
981 760 42 15 one
1034 753 26 22 of
1066 753 40 22 her
1115 753 117 29 Majesty's

656 780 184 23 Commissioners
851 780 45 23 had
905 780 114 27 appointed
1028 779 40 22 the
1077 780 43 21 end
1136 782 25 20 of
1172 780 60 22 June

654 806 50 28 last,
716 812 22 17 to
748 807 132 27 investigate
892 807 75 22 claims
974 808 21 21 to
1005 806 54 23 land
1068 806 23 23 in
1106 806 38 23 the
1159 807 74 27 valley

655 834 27 21 of
692 834 38 22 the
748 834 97 27 Wairau,
864 834 53 26 and,
934 833 38 22 but
984 832 34 23 for
1033 832 38 23 the
1085 837 78 18 recent
1179 832 54 23 fatal

655 860 102 22 collision
767 860 30 23 all
808 860 76 22 claims
893 860 24 22 in
927 860 45 22 that
979 859 85 23 district
1073 860 73 22 would
1162 860 24 22 in
1204 859 29 23 all

654 887 135 27 probability
800 892 23 17 at
832 888 43 21 this
884 890 95 20 moment
988 886 55 23 have
1059 887 56 22 been
1131 886 102 28 disposed

656 914 29 21 of.

683 941 44 22 His
739 940 135 28 Excellency
891 940 72 23 would
978 940 57 23 avail
1049 940 93 22 himself
1155 940 26 21 of
1196 939 37 22 the

655 972 89 22 present
767 968 103 21 occasion
894 971 23 18 to
940 967 82 23 remind
1045 968 37 21 the
1106 966 87 23 settlers
1212 965 25 22 of

656 994 92 25 Nelson,
769 994 45 22 and
833 994 37 22 the
890 994 98 22 colonists
1005 993 122 28 generally,
1148 993 25 22 of
1194 993 38 22 the

655 1021 121 27 principles
784 1028 61 20 upon
856 1020 71 23 which
936 1021 35 22 the
979 1020 82 23 British
1077 1020 156 22 Government

656 1048 124 21 undertook
789 1048 39 21 the
843 1048 142 21 colonization
1000 1048 25 21 of
1040 1047 44 22 this
1102 1050 131 23 country.-r

655 1074 58 22 That
722 1074 38 22 the
770 1074 86 27 Queen,
868 1075 24 20 in
903 1081 95 16 common
1005 1074 52 22 with
1064 1074 40 22 her
1115 1073 117 27 Majesty's

655 1101 148 27 predecessor,
824 1101 128 22 disclaimed
970 1101 30 21 for
1018 1101 88 26 herself,
1128 1100 44 21 and
1195 1100 39 21 her

656 1128 102 26 subjects,
779 1134 67 20 every
864 1128 122 25 pretension
1004 1130 24 18 to
1044 1127 59 22 seize
1119 1134 62 20 upon
1197 1126 36 22 the

654 1154 83 21 islands
748 1154 26 21 of
784 1154 58 22 New
851 1154 106 22 Zealand.
985 1154 57 21 That
1059 1154 30 26 by
1105 1153 38 22 the
1153 1153 80 27 Treaty

656 1180 26 21 of
693 1180 113 27 Waitangi
816 1180 39 22 her
865 1181 96 26 Majesty
969 1180 36 21 has
1015 1179 138 28 guaranteed
1164 1184 21 17 to
1196 1180 37 21 the

656 1206 69 23 chiefs
736 1207 45 21 and
791 1207 66 21 tribes
865 1207 26 21 of
902 1207 55 22 New
967 1206 94 22 Zealand
1075 1206 36 22 the
1127 1206 48 27 full,
1183 1227 3 3 .
1193 1213 40 16 ex-

656 1234 90 26 clusive,
764 1233 47 22 and
829 1233 143 22 undisturbed
987 1233 124 27 possession
1119 1237 4 3 '
1131 1233 26 21 of
1176 1233 58 22 their

656 1260 62 22 lands
726 1268 5 19 ;
748 1260 45 21 and
804 1260 48 22 that
868 1260 37 21 the
921 1260 66 27 Royal
1003 1260 143 21 instructions
1162 1260 73 21 under

656 1287 38 21 the
710 1288 48 25 sign
774 1287 97 27 manual,
891 1287 40 21 her
950 1287 92 27 Majesty
1061 1287 40 21 has
1120 1285 114 28 distinctly

657 1313 134 22 established
801 1313 37 22 the
845 1314 91 26 general
947 1313 101 28 principle
1058 1313 49 22 that
1117 1313 37 22 the
1170 1313 63 22 terri-

656 1340 65 22 torial
730 1340 70 27 rights
810 1340 26 21 of
847 1340 37 21 the
895 1340 72 21 native
976 1347 21 15 as
1005 1347 86 14 owners
1099 1340 28 21 of
1138 1340 37 21 the
1191 1340 41 21 soil

657 1370 59 19 must
722 1367 29 22 be
760 1367 132 27 recognized
902 1367 44 22 and
955 1367 117 27 respected.

685 1393 61 22 With
753 1394 113 21 reference
876 1396 21 19 to
904 1394 37 21 the
950 1396 114 19 statement
1074 1393 120 22 contained
1210 1393 23 22 in

657 1427 56 21 your
722 1420 172 27 comunication,
903 1420 48 22 that
960 1420 31 22 the
1002 1420 85 21 natives
1166 1420 69 21 burnt

658 1448 62 22 down
730 1455 14 14 a
753 1447 70 23 house
839 1447 56 22 built
909 1448 30 27 by
955 1454 12 15 a
978 1450 90 19 servant
1084 1447 26 21 of
1126 1447 38 21 the
1181 1447 55 22 New

658 1474 99 23 Zealand
767 1475 121 26 Company,
899 1481 59 20 upon
970 1474 51 21 land
1037 1473 73 22 which
1125 1474 19 21 it
1160 1473 76 22 claims

659 1505 21 18 to
690 1501 58 22 have
757 1501 130 27 purchased,
899 1501 44 22 and
953 1501 67 22 which
1030 1501 65 21 claim
1106 1501 40 21 has
1150 1504 40 18 not
1199 1503 38 25 yet

658 1528 56 22 been
725 1527 82 27 proved
817 1532 23 17 to
846 1528 27 21 be
993 1527 12 22 I
1012 1535 36 14 am
1059 1527 99 22 directed
1167 1527 30 27 by
1204 1527 33 22 his

653 1555 142 26 .Excellency
807 1559 21 17 to
837 1562 47 20 say,
894 1555 49 21 that
950 1554 26 23 he
990 1554 54 22 feels
1058 1554 93 22 himself
1165 1553 71 23 called

659 1589 60 21 upon
740 1586 22 18 to
779 1581 89 22 remind
884 1589 45 20 you
946 1581 42 22 that
1006 1581 52 22 with
1076 1581 80 27 regard
1169 1584 23 17 to
1208 1581 29 21 all

658 1608 66 23 lands
732 1608 24 22 in
765 1608 39 22 the
821 1608 78 28 colony
914 1608 99 28 acquired
1030 1608 69 21 under
1115 1615 44 20 any
1175 1607 63 22 other

660 1636 48 23 title
717 1635 54 22 than
783 1634 48 24 that
840 1636 25 21 of
871 1639 77 23 grants
958 1634 60 23 made
1027 1635 24 22 in
1061 1634 37 22 the
1107 1641 78 20 name,,
1193 1633 45 23 and

660 1670 29 14 on
709 1662 80 22 behalf
809 1662 22 21 of
854 1662 40 21 her
914 1662 98 28 Majesty.
1054 1662 49 21 Her
1120 1661 118 27 Majesty's

661 1690 153 21 Government
824 1689 56 22 have
886 1688 133 23 determined
1052 1688 47 22 that
1109 1688 37 21 the
1157 1688 48 21 title
1216 1687 26 22 of

660 1716 37 22 the
708 1716 117 21 claimants
835 1716 79 21 should
924 1716 26 21 be
960 1716 80 26 subject
1056 1719 22 18 to
1093 1715 38 22 the
1147 1714 91 23 investi-

659 1744 77 26 gation
748 1743 24 21 of
784 1749 14 15 a
810 1743 167 21 Commissioner
989 1747 23 17 to
1030 1742 28 21 be
1073 1741 120 29 appointed
1205 1741 34 22 for

660 1771 49 20 that
718 1777 107 20 purpose;
860 1770 48 21 that
917 1770 29 26 by
957 1770 65 21 virtue
1035 1769 26 22 of
1068 1768 37 22 the
1114 1768 124 28 provisions

660 1797 25 22 of
689 1797 38 22 the
737 1796 65 22 Land
812 1796 89 22 Claims'
912 1796 128 26 Ordinance,
1052 1796 30 21 all
1091 1795 66 22 lands
1167 1795 72 22 which

660 1824 56 21 have
727 1823 57 22 beed
794 1823 84 28 validly
887 1823 48 22 sold
944 1823 28 27 by
979 1823 38 22 the
1023 1822 122 27 aboriginal
1151 1822 87 21 natives

661 1858 36 15 are
708 1849 77 23 vested
790 1850 24 21 in
823 1850 40 21 her
874 1850 95 27 Majesty
983 1857 24 14 as
1020 1849 103 22 demesne
1139 1848 63 22 lands
1218 1848 24 21 of

661 1877 36 22 the
718 1878 80 21 Crown
806 1885 6 18 ;
828 1877 45 21 and
888 1877 48 21 that
955 1876 49 23 with
1021 1876 115 22 reference
1160 1879 22 18 to
1201 1875 38 22 the

661 1904 77 22 claims
749 1904 22 21 of
786 1904 37 21 the
835 1904 54 21 New
899 1903 214 32 ZealandjCompany
1124 1906 22 18 to
1157 1902 54 22 land
1216 1902 23 21 in

661 1930 42 22 this
711 1931 86 27 colony,
810 1931 28 25 by
849 1930 37 21 the
896 1934 66 17 terms
976 1931 24 20 of
1011 1937 28 14 an
1058 1934 128 22 agreement
1202 1936 40 19 en-

661 1957 63 22 tered
733 1958 47 21 into
791 1958 99 21 between
901 1956 36 22 the
948 1957 108 27 Company
1073 1956 44 21 and
1134 1956 40 21 her
1190 1956 50 21 Ma-

657 1984 80 26 jesty's
748 1984 161 25 Government,
921 1984 50 25 they
979 1990 38 14 are
1026 1987 21 16 to
1062 1982 57 21 have
1136 1982 104 26 assigned

661 2014 22 17 to
694 2011 68 25 them,
773 2010 85 26 subject
861 2014 25 17 to
895 2008 37 24 the
938 2009 149 26 investigation
1094 2009 26 20 of
1125 2009 38 20 the
1174 2009 64 21 Com-

662 2036 119 25 missioner,
799 2036 23 21 in
833 2035 157 23 consideration
1001 2035 27 21 of
1038 2038 49 28 past
1096 2034 143 27 expen'ditue,

661 2062 53 21 land
723 2062 24 21 in
757 2062 76 22 blocks
844 2062 23 21 of
875 2069 14 14 a
897 2061 119 28 prescribed
1027 2068 44 15 size
1077 2061 47 22 and
1130 2061 78 27 figure,
1218 2065 23 17 to

662 2089 27 22 be
699 2089 96 22 selected
810 2089 30 26 by
856 2089 67 26 them,
934 2089 64 21 under
1008 2088 36 21 the
1056 2088 104 21 sanction
1171 2088 26 21 of
1204 2088 37 21 the

663 2116 67 21 Local
742 2116 168 26 Government;
926 2115 43 22 and
981 2115 48 22 that
1042 2115 52 27 they
1105 2115 76 26 forego
1197 2115 45 21 and

663 2142 99 23 disclaim
779 2142 31 23 all
827 2142 54 27 title,
898 2149 25 14 or
936 2146 99 24 pretence
1052 2142 25 21 of
1092 2141 54 28 title,
1158 2145 23 18 to
1198 2148 44 21 any

661 2169 65 24 lands
741 2169 124 29 purchased
882 2176 26 14 or
924 2169 99 29 acquired
1037 2169 29 26 by
1076 2168 62 21 them
1148 2169 24 21 in
1187 2169 55 21 New

652 2206 3 4 '
663 2196 106 27 Zealand,
781 2196 63 23 other
860 2196 54 21 than
925 2196 36 21 the
969 2195 61 22 lands
1040 2203 24 14 so
1073 2198 22 19 to
1106 2195 29 22 be
1147 2195 95 27 granted

662 2228 22 16 to
694 2224 70 20 them.

690 2251 44 21 His
755 2251 134 25 Excellency
899 2251 72 20 deems
983 2251 17 20 it
1012 2256 80 20 proper
1101 2256 52 14 now
1170 2252 24 19 to
1207 2251 36 20 in-

664 2278 54 21 form
729 2285 45 20 you
784 2277 49 21 that
842 2276 37 24 the
895 2276 55 23 N«w
965 2276 94 23 Zealand
1073 2276 116 27 Company
1203 2276 40 21 has

664 2308 39 19 not
712 2304 98 22 selected
819 2311 44 20 any
874 2303 63 22 block
949 2304 23 21 of
982 2303 54 22 land
1049 2303 24 21 in
1084 2302 38 21 the
1132 2303 74 27 valley
1221 2303 24 21 of

664 2332 36 21 the
711 2331 98 26 Wairau,
819 2337 42 15 nor
871 2330 39 22 has
920 2330 36 22 the
966 2330 64 22 Local
1040 2330 157 21 Government
1205 2334 39 22 yet

664 2358 100 23 received
772 2365 45 21 any
822 2357 124 22 intimation
955 2357 42 22 that
1004 2357 17 22 it
1028 2357 19 21 is
1057 2356 36 22 the
1103 2356 112 23 intention
1222 2356 26 22 of

664 2385 35 22 the
711 2386 113 26 Company
833 2388 21 18 to
864 2384 68 22 select
941 2391 14 14 a
964 2384 60 22 block
1033 2384 24 21 in
1068 2383 48 21 that
1129 2383 93 22 district.

689 2414 22 20 A
722 2412 144 21 detachment
876 2412 25 21 of
908 2411 37 22 the
960 2411 47 22 96th
1016 2410 109 28 regiment
1134 2410 40 21 has
1184 2410 58 22 been

664 2438 133 30 despatched
815 2442 22 19 to
857 2438 54 22 Port
927 2437 125 27 Nicholson,
1070 2436 45 23 and
1129 2437 79 27 placed
1222 2441 23 18 at

664 2466 36 23 the
710 2465 96 29 disposal
816 2466 24 21 of
849 2465 73 28 Major
931 2465 129 25 Richmond,
1072 2468 22 17 to
1105 2464 28 21 be
1144 2464 99 27 employ-

664 2494 28 21 ed
701 2494 29 27 by
740 2493 46 22 him
796 2493 23 22 in
830 2492 144 27 maintaining
979 2499 66 20 peace
1055 2492 24 21 in
1087 2490 38 23 the
1133 2489 112 24 Southern

664 2520 100 23 District.
794 2520 42 21 His
853 2519 132 27 Excellency
995 2519 46 27 has,
1056 2518 109 26 however,
1181 2523 63 22 great

664 2547 136 23 satisfaction
810 2548 23 21 in
842 2546 67 27 being
918 2546 48 22 able
980 2550 22 18 to
1012 2553 75 14 assure
1098 2545 38 22 the
1154 2545 91 22 Settlers

664 2576 22 21 in
697 2574 38 22 the
746 2573 75 28 South,
833 2572 47 23 that
896 2574 28 21 he
934 2581 44 14 sees
991 2580 30 15 no
1038 2572 88 27 ground
1136 2575 22 19 to
1169 2579 76 21 appre-

664 2602 60 22 hend
746 2608 44 20 any
809 2600 146 32 unprovoked
976 2599 124 28 aggression
1124 2599 59 22 from
1206 2599 38 22 the

664 2629 76 21 native
751 2628 136 28 population.

692 2656 28 22 In
732 2655 135 28 conclusion,
877 2654 11 22 I
899 2661 35 15 am
946 2653 117 24 instructed
1073 2656 21 19 to
1105 2660 47 21 say,
1161 2653 50 23 that
1216 2660 29 15 no

665 2683 53 21 time
729 2682 41 22 has
779 2682 58 22 been
846 2681 43 22 lost
897 2682 25 21 in
928 2681 113 27 supplying
1052 2680 37 22 the
1096 2680 118 22 vacancies
1220 2680 24 22 in

665 2710 37 22 the
711 2708 85 23 several
807 2709 119 28 important
936 2708 74 22 Public
1016 2707 88 27 Offices,
1113 2707 133 24 occasioned

664 2737 29 27 by
708 2737 39 21 the
761 2736 45 22 late
826 2735 127 28 deplorable
971 2734 147 28 catastrophe;
1142 2734 45 22 and
1207 2734 39 23 the

666 2764 91 22 Settlers
767 2763 25 21 of
807 2762 85 22 Nelson
907 2769 52 19 may
967 2761 132 28 confidently
1111 2760 47 29 rely
1173 2769 29 14 on
1216 2761 31 22 all

665 2798 78 15 means
757 2790 25 22 in
800 2790 37 21 the
845 2796 75 21 power
928 2789 25 21 of
964 2789 33 22 the
1012 2788 68 23 Local
1094 2788 154 23 Government

664 2817 68 28 being
741 2816 54 23 used
807 2821 23 17 to
839 2819 100 25 promote
948 2816 33 21 the
991 2816 164 22 advancement
1165 2816 26 21 of
1196 2816 49 22 that

666 2845 138 21 settlement.
833 2844 22 21 It
863 2842 43 23 will
915 2842 92 29 scarcely
1014 2843 27 21 be
1049 2849 118 22 necessary
1172 2842 37 22 for
1214 2842 35 22 his

666 2871 137 27 Excellency
814 2874 22 18 to
850 2870 51 28 give
918 2870 37 22 the
965 2877 113 15 assurance
1095 2877 46 20 you
1151 2870 95 28 require,

688 2899 46 21 that
746 2898 36 22 the
793 2904 50 16 case
853 2896 58 23 shall
922 2901 38 17 not
969 2897 23 21 be
1001 2896 130 29 prejudged,
1143 2897 50 21 that
1206 2897 43 21 im-

664 2925 80 28 partial
752 2925 82 27 justice
843 2924 58 22 shall
906 2924 28 21 be
943 2924 58 26 done,
1009 2924 46 22 and
1066 2924 51 21 that
1125 2924 38 22 the
1170 2923 79 29 penal-

665 2953 41 21 ties
716 2953 27 21 of
754 2953 36 21 the
807 2952 41 22 law
864 2951 58 22 shall
938 2951 101 28 certainly
1059 2951 106 22 overtake
1186 2950 62 22 those

666 2979 72 23 whom
748 2979 28 22 its
786 2979 85 22 verdict
881 2978 56 22 shall
947 2985 121 21 pronounce
1077 2981 22 18 to
1110 2979 29 21 be
1151 2978 98 27 guilty.''

720 3011 12 23 I
743 3012 58 21 have
810 3011 38 22 the
858 3011 71 22 honor
938 3013 22 19 to
970 3011 30 27 be,
1012 3010 148 27 Gentlemen,

776 3039 62 22 Your
847 3041 58 19 most
915 3037 100 22 obedient
1024 3038 104 26 Servant,

830 3065 54 27 (For
894 3065 37 22 the
942 3065 96 22 Colonial
1049 3065 134 27 Secretary,)

987 3096 114 22 William
1119 3097 104 21 Connkl.

667 3125 74 22 David
751 3125 82 22 Monro
845 3124 61 27 Esq.,
918 3124 55 28 J.P.,

668 3152 80 21 Alfred
758 3152 99 26 Domett,
868 3151 54 28 Esq.

694 3183 90 22 Wood's
795 3183 76 27 Hotel,
882 3183 123 24 Auckland.

727 3246 207 21 COLONIAL
964 3246 224 23 EXTRACTS.

703 3296 186 23 Quaeantine.
892 3307 33 5 —
927 3296 86 22 Private
1024 3296 78 23 letters
1122 3299 60 21 state
1202 3296 48 23 that

670 3327 37 24 the
718 3327 92 24 cholera
821 3335 45 17 was
884 3329 81 30 raging
974 3332 20 20 to
1007 3336 29 16 an
1048 3328 113 32 alarming
1172 3333 78 20 extent

670 3365 22 19 at
703 3360 40 25 the
755 3361 51 24 date
817 3361 25 24 of
859 3369 44 16 our
914 3362 44 23 last
972 3361 92 24 arrivals
1075 3362 59 24 from
1151 3362 98 24 Manila.

669 3394 43 24 We
734 3399 58 19 trust
810 3394 39 24 the
867 3395 97 24 medical
979 3395 131 24 authorities
1122 3395 47 24 will
1191 3395 59 32 keep

670 3427 59 24 their
751 3435 53 24 eyes
826 3436 61 23 upon
908 3429 80 23 vessels
1004 3429 99 30 arriving
1122 3429 61 25 from
1202 3429 48 24 that

669 3461 82 25 island.
753 3473 33 6 —
788 3460 90 33 Sydney
892 3460 94 26 Herald.

702 3494 100 25 Jewish
821 3495 166 25 Cemexry.--
988 3496 46 24 His
1054 3496 143 34 Excellency
1209 3496 40 24 the

670 3527 119 25 Governor
800 3528 42 25 has
853 3529 58 24 been
921 3529 92 32 pleased,
1024 3538 30 15 on
1064 3529 37 24 the
1110 3529 140 33 application

670 3561 24 24 of
710 3561 49 25 Mr.
772 3562 32 24 A.
818 3562 34 23 H.
866 3562 70 31 Hart,
948 3563 143 30 Auctioneer,
1110 3568 23 19 to
1151 3567 70 28 grant
1236 3571 14 15 a

669 3595 63 31 piece
745 3595 25 23 of
778 3595 90 31 ground
888 3596 112 32 adjoining
1015 3597 38 24 the
1071 3597 94 31 general
1176 3595 74 26 burial

669 3628 96 32 ground,
777 3637 27 16 as
815 3637 14 16 a
840 3630 84 24 Jewish
936 3635 101 27 cemetry.
1073 3630 52 25 The
1136 3630 113 32 prompti-

670 3662 52 24 tude
731 3662 55 24 with
798 3662 73 25 which
882 3663 37 24 his
929 3663 136 31 Excellency
1073 3663 42 25 has
1123 3662 127 33 responded

670 3700 22 19 to
703 3695 47 24 this
761 3695 136 32 application
908 3705 29 16 on
957 3698 74 23 behalf
1047 3697 26 24 of
1091 3705 14 16 a
1121 3701 39 20 too
1180 3695 70 25 much

668 3729 118 31 neglected
814 3731 90 30 portion
927 3731 24 23 of
970 3739 37 15 our
1030 3731 73 24 fellow
1132 3730 117 29 colonists,

668 3762 79 25 stands
758 3767 40 19 out
809 3764 24 23 in
844 3763 55 25 bold
908 3764 64 24 relief
979 3764 64 24 when
1055 3763 131 26 contrasted
1195 3761 54 26 with

668 3795 38 25 the
718 3796 99 24 conduct
828 3797 24 23 of
871 3797 39 24 Sir
922 3797 56 24 John
988 3797 122 31 Franklin,
1123 3797 39 24 the
1176 3796 73 27 Lieu-

668 3830 211 24 tenant-Governor
891 3831 25 23 of
924 3830 51 24 Van
982 3831 121 23 Dieman's
1112 3829 77 31 Land,
1199 3829 50 25 Who

668 3870 52 24 very
734 3863 99 31 tecently
845 3864 90 24 refused
945 3863 35 24 the
993 3864 61 25 Jews
1065 3863 26 24 of
1099 3862 149 25 Lauhceston

668 3904 12 16 a
690 3896 44 24 site
754 3896 35 24 for
810 3897 57 23 their
887 3904 134 24 synagogue,
1033 3898 53 22 and'
1095 3901 31 18 on
1138 3895 40 24 the
1177 3897 3 13 1

668 3934 53 20 next
741 3929 42 31 day
798 3930 96 30 granted
914 3938 29 16 an
962 3929 113 25 allotment
1094 3930 24 22 to
1132 3928 46 25 'the
1200 3933 49 20 tee-

668 3962 210 28 tptallera.—Por*
887 3962 87 33 Phillip
983 3961 102 25 Patriot.
1141 3962 46 14 ;-■
1205 3973 8 4 -

55 1966 23 22 be
90 1965 63 21 threw
161 1964 37 22 the
205 1963 73 22 blame
288 1970 59 20 upon
358 1963 36 21 the
400 1963 90 28 British,
499 1964 30 27 by
537 1972 13 14 a
557 1965 75 26 public

58 1995 107 19 statement
174 1995 21 17 at
206 1990 102 21 variance
318 1989 51 23 with
381 1991 36 20 the
427 1991 55 21 facts
492 1991 26 21 of
525 1991 35 21 the
572 1998 58 19 case,

52 2018 141 25 and-di^ectly
203 2017 96 26 opposed
314 2019 23 17 to
353 2016 37 21 the
402 2017 108 21 evidence
520 2017 25 20 of
557 2024 42 14 one
609 2017 26 21 of

53 2051 41 15 out
100 2045 60 19 *nost
172 2040 139 27 respectablfe
325 2040 90 22 settlers'
427 2044 24 18 at
465 2042 92 27 Nelson,
576 2043 55 26 (Mr.

54 2069 105 25 Tuckett,)
172 2067 71 22 which
259 2066 45 23 had
319 2067 56 22 been
385 2067 67 23 taken
463 2068 30 28 by
502 2068 46 24 him
558 2069 75 23 before

54 2097 30 22 his
92 2095 71 28 public
173 2097 120 19 statement
302 2102 44 14 was
355 2094 73 24 made.

80 2125 37 19 We
127 2123 63 26 hope,
207 2121 109 27 however,
333 2125 22 17 to
365 2121 27 21 be
403 2121 94 22 enabled
514 2125 23 19 to
547 2130 86 21 convey

55 2154 20 18 to
85 2150 57 22 them
153 2156 27 14 on
196 2148 37 22 the
243 2151 49 24 part
302 2148 26 21 of
338 2155 56 19 your
405 2148 142 28 Excellency,
558 2157 29 15 an
597 2158 36 14 as-

54 2184 87 15 surance
156 2176 47 21 that
213 2175 37 21 the
266 2182 50 14 case
332 2175 56 21 shall
402 2179 40 17 not
458 2175 29 22 be
502 2177 129 27 prejudged,

54 2204 45 22 that
107 2202 109 28 impartial
228 2202 83 27 justice
327 2202 56 21 shall
397 2202 29 22 be
442 2202 63 27 done,
522 2203 44 22 and
584 2204 49 22 that

55 2231 34 21 the
98 2229 104 28 penalties
210 2230 25 20 of
243 2228 37 22 the
290 2229 42 21 law
343 2228 55 22 shall
409 2229 108 28 certainly
527 2231 106 21 overtake

55 2257 57 23 those
123 2256 70 23 whom
203 2256 29 22 its
242 2256 95 22 verdicts
355 2256 57 22 shall
428 2263 127 20 pronounce
567 2262 22 17 to
605 2258 28 22 be

55 2285 72 27 guilty.
164 2292 3 4 •
203 2294 4 3 -

80 2310 99 23 Anbther
188 2310 73 27 object
271 2310 26 22 of
304 2317 40 15 our
354 2310 129 27 deputation
493 2310 19 22 is
526 2313 23 19 to
558 2318 75 21 repre-

56 2342 44 18 sent;
104 2341 23 19 to
135 2344 56 21 your
198 2337 135 27 Excellency
342 2337 37 21 the
390 2338 146 26 unprotected
543 2341 56 19 state
610 2339 27 21 of

56 2373 37 15 our
101 2365 125 21 settlement
233 2372 5 19 ;
248 2364 42 22 but
299 2371 32 14 we
343 2371 36 15 are
390 2363 78 30 spared
478 2364 37 22 the
522 2366 111 27 necessity

56 2393 24 21 of
94 2391 111 28 enlarging
221 2398 61 25 upon
296 2390 45 22 this
360 2391 63 27 point
440 2391 30 27 by
489 2391 36 23 the
544 2400 90 19 promp-

56 2419 64 22 titude
135 2419 52 21 •with
202 2417 71 23 which
297 2424 56 28 your
372 2417 138 28 Excellency
528 2419 41 22 has
589 2419 44 23 dis-

55 2445 89 28 patched
151 2445 38 22 the
200 2445 49 22 half
256 2445 25 21 of
288 2444 37 22 the
336 2448 74 24 troops
420 2448 23 18 at
459 2452 57 20 your
529 2446 102 28 disposal,

55 2476 21 19 to
85 2473 77 21 Cook's
169 2472 84 22 Straits.
282 2471 43 23 We
328 2475 67 24 -trust,
403 2472 110 27 however,
523 2473 49 22 that
579 2481 54 15 con-

57 2500 91 26 sidering
161 2499 50 22 how
224 2498 69 23 much
310 2498 37 22 the
362 2499 86 21 settlers
458 2499 26 22 of
497 2499 82 24 Nelson
596 2508 38 15 are

57 2526 112 28 dispersed,
186 2533 61 15 some
263 2526 25 21 in
306 2525 37 23 the
355 2526 106 27 Waimea,
478 2527 73 22 others
561 2531 24 19 at
596 2528 37 22 the

56 2553 108 27 Motuaka,
185 2553 73 21 others
276 2553 65 26 again
357 2553 22 21 in
396 2554 114 22 Massacre
529 2554 48 29 Bay
594 2562 40 15 en-

55 2580 67 27 gaged
135 2580 24 22 in
164 2579 154 27 'agricultural
332 2580 97 27 pursuits
449 2582 44 20 and
510 2581 123 28 otherwise,

58 2607 68 28 Major
141 2606 125 22 Richmond
276 2606 42 22 will
330 2607 101 21 consider
445 2607 19 21 it
478 2608 119 27 expedient
612 2613 23 18 to

57 2635 75 21 station
139 2641 14 14 a
162 2633 81 23 certain
253 2634 88 27 portion
351 2634 25 21 of
389 2634 37 22 the
436 2634 61 23 force
514 2635 72 22 under
600 2636 35 21 his

58 2660 100 22 direction
169 2664 22 18 at
201 2661 91 21 Nelson.

81 2687 39 22 We
129 2687 56 23 have
195 2688 40 22 but
244 2694 42 16 one
294 2687 64 23 other
367 2689 73 27 object
449 2690 23 20 to
482 2689 64 28 bring
555 2689 80 23 before

57 2713 33 23 the
99 2715 71 21 notice
180 2715 25 21 of
219 2722 56 20 your
285 2715 136 28 Excellency
427 2724 5 19 ;
434 2727 29 4 —
463 2717 87 21 several
558 2717 27 21 of
597 2717 38 22 the

57 2741 116 23 constables
181 2741 50 23 who
244 2741 45 23 lost
302 2742 59 22 their
375 2743 56 21 lives
445 2746 24 18 at
483 2743 38 22 the
536 2743 99 28 Wairau,

57 2767 52 23 have
118 2769 40 22 left
172 2769 82 21 behind
264 2769 61 22 them
336 2770 66 21 wives
412 2769 45 22 and
468 2769 100 23 children
585 2778 52 15 now

56 2795 77 28 utterly
141 2795 104 22 destitute
245 2807 28 4 —
274 2795 62 22 these
348 2804 49 14 men
410 2804 57 14 were
478 2797 77 27 acting
562 2797 75 23 under

57 2821 34 23 the
108 2822 73 23 orders
197 2823 26 21 of
238 2823 38 22 the
296 2823 74 22 Police
392 2823 138 28 Magistrate,
550 2824 46 22 and
614 2825 26 22 of

56 2856 70 15 course
142 2857 30 14 no
186 2849 52 22 wise
254 2850 144 27 responsible.
428 2851 22 21 It
466 2851 19 21 is
502 2851 135 28 confidently

57 2877 79 21 trusted
151 2877 48 22 that
212 2877 37 22 the
261 2877 155 22 Government
428 2877 46 22 will
489 2877 66 22 make
574 2885 61 16 some

57 2903 103 26 provision
170 2904 35 22 for
214 2903 37 22 the
261 2903 90 22 widows
363 2904 42 22 and
423 2904 101 23 children
535 2904 25 22 of
572 2905 63 24 those

57 2929 44 22 who
109 2929 42 22 lost
159 2931 57 21 their
224 2931 56 21 lives
287 2931 25 21 in
321 2931 28 21 its
360 2932 96 21 service/

106 2957 40 22 We
155 2957 57 22 have
222 2958 37 21 the
269 2957 71 22 honor
349 2962 22 17 to
382 2959 93 26 remain,

58 2981 55 24 Your
122 2984 153 28 Excellency's
285 2985 106 22 obedient
399 2986 93 22 humble
503 2990 107 22 servants,

403 3012 29 23 D.
449 3013 95 26 Monro,
560 3013 62 22 J.P..

211 3042 3 7 '
343 3048 3 4 •
403 3040 96 21 Alfred
528 3040 107 22 Domett.

58 3063 29 22 To
94 3064 33 23 his
136 3065 137 27 Excellency
283 3065 37 22 the
330 3066 76 21 officer
420 3066 167 28 administering
597 3067 39 22 the

264 3092 162 21 Government.
644 3093 2 28 [

148 3127 114 33 /Colonial
271 3135 136 27 Secretary's
422 3136 77 27 Office,
510 3137 127 28 Auckland,

148 3181 19 5 „„
244 3179 32 4 ...
313 3161 39 22 9th
362 3162 94 26 August,
468 3164 61 21 1843.

83 3188 152 32 Gentlemen,
237 3188 40 21 —I
287 3195 36 15 am
332 3188 97 22 directed
434 3188 30 28 by
471 3189 38 22 the
515 3189 76 23 officer
600 3191 40 21 ad-

58 3214 132 28 ministering
195 3214 39 24 the
242 3214 161 28 Government,
407 3218 24 19 to
436 3215 160 29 acknowledge
601 3217 38 22 the

58 3242 79 28 receipt
147 3242 26 23 of
179 3249 57 20 your
244 3245 126 24 statement,
382 3241 69 24 dated
458 3243 39 22 the
503 3242 38 23 7th
548 3243 90 28 instant,

60 3268 22 21 of
93 3268 35 23 the
137 3275 91 16 reasons
243 3268 26 24 of
279 3275 59 21 your,
349 3268 68 28 being
432 3269 99 27 deputed
544 3270 31 27 by
583 3278 58 20 your

60 3294 66 23 fellow
138 3296 85 22 settlers
239 3299 23 18 at
273 3295 87 23 Nelson
375 3301 22 16 to
411 3296 98 27 proceed
523 3300 23 18 to
560 3297 80 23 Auck-

60 3320 55 29 land,
125 3322 26 22 of
161 3322 58 23 their
228 3323 103 28 opinions
340 3330 59 20 upon
407 3318 38 27 the
456 3323 137 23 lamentable
602 3332 38 14 oc-

61 3355 99 17 currence
175 3352 24 20 at
212 3348 101 28 Wairau,
330 3350 37 22 the
388 3350 57 28 light
460 3350 25 22 in
501 3350 73 22 which
588 3351 19 22 it
621 3352 20 22 is

61 3374 78 24 viewed
147 3376 30 35 by
186 3376 68 28 them,
266 3377 45 22 and
320 3377 26 22 of
353 3377 37 22 the
396 3377 99 28 subjects
501 3385 59 21 upon
567 3378 74 23 which

61 3400 16 22 it
85 3402 70 23 would
165 3404 26 22 be
206 3404 140 28 satisfactory
362 3407 22 19 to
398 3404 63 22 them
476 3407 23 19 to
513 3406 89 21 receive
612 3412 29 16 an

62 3434 109 18 assurance
177 3430 26 22 of
209 3430 38 22 the
254 3431 66 22 views
327 3430 45 23 and
379 3431 121 23 intentions
506 3432 26 21 of
539 3432 102 23 Govern-

63 3459 57 19 ment
127 3456 91 23 relative
228 3461 23 18 to
261 3458 38 22 the
311 3458 129 28 deplorable
452 3458 106 28 calamity
566 3459 74 23 which

64 3487 34 16 nas
105 3482 95 24 befallen
210 3484 49 22 that
269 3485 133 25 settlement.

87 3508 39 23 His
135 3509 135 29 Excellency
286 3512 104 24 received
405 3512 55 23 with
475 3512 57 29 deep
542 3520 98 16 concern

64 3535 31 22 the
104 3536 138 29 intelligence
252 3538 26 22 of
283 3546 30 14 an
321 3542 91 24 outrage
421 3543 40 19 not
471 3539 53 28 only
533 3541 109 22 attended

65 3567 25 25 py
97 3569 12 15 a
118 3563 77 23 fearful
204 3565 45 22 loss
257 3565 26 21 of
290 3565 83 22 human
381 3566 46 27 life,
435 3566 40 23 but
483 3567 126 23 calculated
617 3573 23 17 to

64 3590 71 26 impair
144 3591 37 22 the
190 3591 132 23 confidence
336 3592 73 23 which
424 3593 40 22 has
474 3593 98 24 hitherto
587 3595 54 23 sub-

64 3616 58 22 sisted
132 3617 98 24 between
241 3618 38 23 the
289 3622 44 19 two
347 3626 69 21 races,
428 3620 45 23 and
487 3621 120 28 indirectly
617 3625 23 19 to

62 3643 68 28 Retard
138 3644 36 22 the
189 3646 125 27 prosperity
330 3646 26 22 of
367 3646 37 22 the
419 3647 93 28 Colony.
541 3648 45 24 For
602 3649 38 23 the

65 3671 122 26 irreparable
195 3676 46 18 loss
250 3672 38 22 the
298 3673 87 22 settlers
395 3673 26 22 of
431 3674 84 23 Nelson
523 3675 60 23 have
591 3682 49 16 sus-

66 3695 71 38 tained^
155 3698 24 22 in
198 3706 24 15 so
241 3706 75 21 many,
332 3706 25 16 so
376 3700 78 28 highly
469 3702 45 22 and
528 3710 24 15 so
568 3703 72 28 justly

66 3723 71 23 valued
146 3724 106 29 lives/his
269 3726 137 28 Excellency
417 3727 82 23 desires
508 3736 36 16 me
554 3733 23 19 to
587 3737 54 15 con-

65 3752 37 22 vey
110 3753 22 19 to
140 3751 60 23 them
210 3752 35 24 his
254 3752 58 29 deep
321 3753 46 23 and
374 3751 106 26 Heartfelt
490 3756 126 29 sympathy.

89 3776 38 22 For
136 3778 37 22 the
181 3783 75 19 recent
265 3778 131 29 bloodshed,
404 3781 12 22 I
423 3788 36 15 am
468 3786 23 18 to
501 3783 99 28 observe,
609 3791 30 15 an

66 3803 59 22 •*iul
133 3806 162 29 responsibility
305 3807 41 22 has
355 3807 57 23 been
422 3807 105 25 incurred
534 3818 5 19 ;
550 3810 61 23 what
619 3811 21 22 is

106 3830 76 28 degree
191 3833 27 21 of
223 3833 136 28 criminality
369 3835 26 22 of
406 3834 63 23 those
479 3837 126 24 concerned
613 3837 25 23 in

66 3861 32 15 ««
106 3858 52 22 fatal
167 3859 93 28 conflict,
271 3861 46 22 and
326 3868 30 16 on
366 3861 74 23 whom
446 3861 49 23 that
503 3864 136 29 criminality

66 3884 74 26 ctuefly
148 3887 61 26 rests,
219 3894 37 14 are
265 3888 115 27 questions
389 3896 30 15 on
429 3888 73 24 which
510 3898 29 15 no
548 3892 92 28 opinion

67 3912 35 17 wn
110 3911 25 20 be
135 3919 2 12 >
147 3913 122 27 expressed,
275 3921 24 15 as
302 3914 39 24 the
346 3915 135 23 transaction
488 3924 52 21 may
543 3918 95 23 become

67 3938 20 31 !?
88 3941 11 14 c
107 3938 93 26 subject,
207 3940 28 20 of
240 3940 92 27 judicial
347 3942 163 29 enquiry—but
525 3945 114 23 whatever
644 3956 2 11 i

66 3966 44 21 »»y
119 3964 27 22 be
156 3964 37 23 the
202 3966 74 28 crime,
287 3967 45 27 and
339 3969 52 24 who
407 3976 51 22 may
468 3970 29 23 be
512 3971 38 23 the
562 3972 75 23 crimi-

1312 3529 59 25 The
1393 3531 78 24 Tomb
1492 3538 31 19 of
1547 3529 154 24 Napoleon.
1702 3542 34 4 —
1738 3529 52 23 The
1813 3537 55 16 con-

1278 3564 110 24 struction
1400 3564 28 26 of
1437 3564 38 24 the
1486 3563 62 24 tomb
1561 3563 25 23 of
1602 3562 38 24 the
1652 3562 115 32 Emperor
1788 3562 80 33 Napo-

1278 3596 51 24 leon
1341 3597 21 24 is
1379 3597 72 25 about
1460 3602 25 19 to
1503 3597 28 24 be
1549 3595 153 31 commenced,
1721 3595 44 25 and
1776 3596 37 28 for
1830 3596 38 24 the

1278 3629 46 24 last
1333 3630 43 24 few
1394 3631 58 32 days
1463 3639 15 15 a
1494 3630 75 24 model
1580 3630 26 23 of
1620 3629 39 25 the
1670 3629 63 25 work
1750 3629 43 24 has
1810 3630 58 24 been

1278 3664 101 31 exposed
1390 3668 24 21 to
1425 3664 78 32 public
1513 3664 56 23 view
1581 3668 23 19 at
1613 3663 40 24 the
1666 3663 125 25 Invalides.
1827 3663 41 24 An

1278 3698 130 30 equestrian
1429 3701 76 21 statue
1522 3698 25 22 of
1567 3696 39 24 the
1625 3696 116 33 Emperor
1758 3698 20 22 is
1799 3701 23 19 to
1840 3696 28 25 be

1278 3729 81 33 placed
1368 3731 25 23 in
1412 3731 39 24 the
1462 3730 84 25 middle
1558 3730 25 25 of
1597 3730 39 24 the
1654 3735 66 27 great
1731 3734 71 25 court,
1824 3730 44 24 and

1278 3771 31 17 on
1319 3764 37 34 the^
1365 3764 105 33 pedestal
1482 3764 45 24 will
1538 3764 28 24 be
1576 3763 146 32 represented
1734 3763 39 24 the
1785 3764 83 24 arrival

1278 3796 27 24 of
1312 3797 37 24 his
1367 3798 69 24 ashes
1448 3802 24 20 at
1489 3798 38 24 the
1538 3797 64 33 place
1613 3797 76 24 where
1701 3796 54 32 they
1766 3804 52 17 now
1828 3797 40 24 lie.

1279 3826 51 29 The
1342 3835 109 21 entrance
1463 3831 26 24 of
1504 3831 38 24 the
1554 3835 67 27 crypt
1630 3830 103 29 destined,
1746 3834 23 20 to
1781 3831 87 23 receive

1279 3863 38 24 the
1328 3863 128 33 Emperors
1463 3865 103 23 'remains
1578 3863 43 24 will
1640 3863 29 24 be
1680 3863 146 24 ornamented
1839 3872 29 15 on

1278 3897 57 25 each
1342 3897 50 25 side
1399 3898 33 31 by
1441 3903 44 18 two
1491 3896 104 33 .gigantic
1606 3900 88 20 statues
1701 3896 45 24 and
1757 3901 44 19 two
1810 3896 58 25 lions

1278 3931 122 24 coucliant.
1437 3928 59 27 This
1505 3934 104 20 entrance
1621 3929 49 25 will
1680 3929 28 25 be
1720 3930 148 25 surmounted

1278 3964 56 26 with
1345 3973 33 16 aa
1394 3964 59 24 altar
1464 3971 30 17 on
1515 3963 69 31 spiral
1595 3962 113 26 columns.
1744 3963 51 25 The
1815 3971 53 23 pre-

1871 147 53 19 sent
1934 142 73 31 grand
2018 141 59 23 altar
2086 142 45 22 and
2146 142 32 23 its
2190 141 49 24 rich
2258 148 90 24 canopy
2354 145 62 19 must
2426 141 28 23 be

1871 174 107 23 removed
1990 179 22 18 to
2023 173 71 23 admit
2105 173 26 23 of
2140 173 45 24 this
2197 177 165 26 arrangement.

1905 207 101 24 Advices
2017 205 58 24 from
2086 205 75 24 Tunis
2172 207 27 23 of
2213 207 38 23 the
2263 206 59 25 20th
2333 206 51 28 ult.,
2395 205 61 31 pub-

1871 239 74 24 lished
1964 239 31 31 by
2005 239 39 23 the
2063 237 99 25 Journal
2172 238 40 24 dcs
2222 239 97 30 Debats,
2338 245 125 17 announce,

1871 272 52 24 that
1933 272 40 24 the
1990 272 50 30 Bey
2049 271 52 29 had,
2121 271 24 23 of
2160 271 37 23 his
2209 279 49 16 own
2268 272 48 23 free
2333 271 52 29 will,
2402 278 57 24 pro-

1872 305 97 26 claimed
1980 305 37 23 the
2028 304 102 24 freedom
2140 304 26 23 of
2181 304 38 23 the
2231 304 102 24 children
2343 304 25 24 of
2381 304 76 24 slaves

1871 337 114 24 hereafter
2001 338 57 23 born
2070 337 24 24 in
2104 336 39 24 the
2161 344 106 24 regency.
2301 337 27 25 A
2337 337 121 25 fortuitous

1873 371 162 23 circumstance
2047 370 36 23 led
2094 374 23 20 to
2129 370 38 23 the
2180 370 107 31 adoption
2296 369 26 23 of
2336 370 47 23 that
2394 378 63 16 mea-

1873 410 61 17 sure.
1969 405 25 22 A
2014 403 67 23 black
2100 403 87 30 family,
2211 401 96 24 doomed
2324 406 23 19 to
2363 402 29 23 be
2408 402 52 24 sold

1873 436 135 31 separately,
2028 435 46 24 had
2086 436 69 23 taken
2165 435 81 31 refuge
2263 435 25 23 in
2297 434 41 24 the
2354 434 71 25 house
2435 435 27 23 of

1874 467 37 24 M.
1924 468 28 24 de
1966 468 88 31 Lagau,
2067 468 37 23 the
2114 467 205 32 counsul-general
2328 467 26 25 of
2362 467 100 30 France,,

1873 501 46 23 and
1931 501 95 24 claimed
2036 501 36 23 his
2084 502 134 30 protection.
2254 500 53 25 The
2317 504 56 20 next
2381 507 78 17 morn-

1873 534 42 30 ing
1927 534 37 24 M.
1977 533 27 25 de
2016 533 82 32 Lagau
2108 533 82 25 waited
2201 542 29 16 on
2242 533 39 25 the
2292 533 58 32 Bey,
2368 533 45 24 and
2423 533 37 23 his

1873 566 111 32 highness
1995 574 47 16 was
2055 574 25 15 so
2091 566 80 24 moved
2182 566 31 32 by
2224 567 39 24 the
2274 566 87 32 painful
2371 567 90 31 picture

1875 599 76 24 which
1967 599 40 24 the
2018 599 96 24 counsul
2131 599 60 24 drew
2202 599 26 24 of
2243 599 38 25 the
2291 599 113 24 wretched
2413 599 48 24 fate

1874 632 75 23 which
1962 632 94 24 awaited
2075 632 50 23 that
2141 632 87 31 family,
2246 632 57 29 that,
2322 632 56 24 after
2388 632 73 24 inter-

1875 666 107 29 rogating
1998 665 38 23 the
2054 665 74 23 father
2144 665 46 23 and
2207 665 97 28 mother,
2322 665 28 23 he
2368 665 95 24 ordered

1875 698 37 23 his
1924 698 103 23 minister
2039 703 22 18 to
2072 697 113 31 purchase
2195 697 63 24 them
2270 697 44 24 and
2331 702 57 19 treat
2399 697 63 24 them

1875 731 56 23 with
1943 730 38 24 the
1992 735 99 26 greatest
2102 730 119 29 kindness,
2238 730 44 24 and
2294 730 62 29 then,
2369 732 94 29 turning

1876 768 23 19 to
1919 763 59 24 their
1989 763 69 29 child,
2068 763 30 23 he
2108 763 47 24 told
2173 763 46 23 him
2232 765 50 22 that
2299 763 30 24 he
2348 770 46 16 was
2406 763 55 29 free,

1876 797 45 23 and
1942 797 111 30 solemnly
2065 796 103 24 declared
2189 796 49 24 that
2258 796 30 24 all
2306 796 37 24 the
2362 796 101 24 children

1876 829 51 24 who
1940 829 80 24 should
2037 829 113 24 hereafter
2167 829 29 24 be
2207 829 58 24 born
2275 830 24 23 in
2312 829 38 24 the
2365 836 98 24 regency

1877 862 81 24 should
1975 863 27 23 be
2014 862 55 24 free.
2105 862 58 24 This
2182 862 100 24 decision
2294 871 46 15 was
2357 862 105 24 immedi-

1877 896 60 30 ately
1949 895 163 32 promulgated,
2126 895 43 24 and
2177 904 45 15 was
2235 900 23 19 to
2270 896 28 23 be
2310 896 88 30 strictly
2408 904 55 15 exe-

1879 928 77 23 cuted.

1912 961 143 25 Diffusion
2077 970 29 16 of
2135 961 170 25 Knowledge
2326 969 33 17 at
2376 961 88 24 Hind-

1878 1002 60 17 ley.
1940 1007 32 5 —
1975 995 51 24 One
2039 995 24 23 of
2071 995 37 23 the
2120 999 60 19 most
2192 1002 111 23 generous
2315 999 56 24 acts,
2384 1002 29 15 on
2425 994 38 24 the

1878 1032 53 27 part
1942 1028 25 23 of
1986 1036 13 15 a
2010 1028 86 31 private
2107 1028 139 31 gentleman,
2267 1027 48 24 that
2332 1034 51 17 ever
2402 1034 63 17 came

1877 1060 75 24 under
1964 1068 40 17 our
2015 1061 83 28 notice,
2117 1061 41 22 has
2173 1060 50 32 just
2235 1060 56 24 been
2303 1060 128 32 performed
2442 1065 25 19 at

1881 1093 110 32 Hindley,
2001 1101 55 15 near
2064 1093 92 32 Wigan.
2181 1093 51 24 The
2241 1093 59 25 Rev.
2312 1093 38 25 W.
2362 1093 101 30 Corbett,

1879 1127 38 23 the
1930 1127 97 24 catholic
2044 1127 102 23 minister
2159 1126 26 24 of
2201 1127 50 23 that
2267 1127 72 31 place,
2356 1126 42 24 has
2415 1127 51 31 just

1879 1160 88 31 opened
1995 1168 30 16 an
2047 1161 129 23 institution
2198 1160 35 24 for
2256 1160 37 24 the
2315 1160 105 24 diffusion
2443 1160 25 24 of

1878 1193 135 32 knowledge
2021 1202 7 20 ;
2051 1194 43 23 and
2112 1194 38 23 the
2170 1194 73 23 entire
2261 1201 99 24 expense
2371 1193 26 24 of
2411 1201 54 23 pre-

1878 1227 82 30 paring
1972 1227 37 23 the
2027 1226 110 31 building,
2151 1226 125 31 supplying
2293 1227 19 22 it
2322 1226 53 24 with
2392 1226 75 24 books

1879 1260 45 23 and
1936 1267 90 23 papers,
2038 1260 85 31 paying
2134 1259 39 24 the
2185 1259 103 24 teachers
2299 1259 45 24 and
2355 1259 76 24 others
2442 1260 26 22 in

1880 1293 143 28 attendance,
2043 1293 44 22 and
2098 1300 66 25 every
2178 1293 88 23 further
2278 1297 49 20 cost
2346 1292 122 24 incidental

1880 1330 23 19 to
1926 1325 39 24 the
1987 1326 160 30 undertaking,
2169 1325 30 24 he
2220 1333 111 23 proposes
2350 1325 118 31 defraying

1880 1358 59 24 from
1951 1359 37 23 his
1998 1367 50 15 own
2058 1360 87 29 private
2153 1366 77 23 purse.
2266 1359 25 23 A
2301 1361 65 28 great
2372 1359 96 23 number

1880 1392 27 23 of
1916 1392 39 23 the
1966 1392 139 23 inhabitants
2116 1392 57 28 will,
2187 1391 124 29 doubtless,
2324 1391 57 24 avail
2393 1391 74 24 them-

1881 1424 74 24 selves
1967 1425 25 23 of
2008 1424 45 24 this
2065 1425 78 23 liberal
2156 1424 46 24 and
2217 1424 145 31 enlightened
2371 1433 96 23 genero-

1882 1459 45 29 sity
1937 1467 6 20 ;
1966 1458 89 29 indeed,
2077 1459 62 22 there
2151 1459 19 22 is
2183 1466 30 15 an
2225 1458 114 24 universal
2350 1458 85 31 feeling
2446 1458 24 24 of

1882 1491 113 31 gratitude
2011 1492 122 31 expressed
2144 1492 23 22 in
2180 1492 80 23 favour
2271 1492 25 22 of
2312 1492 37 22 the
2360 1491 110 24 reverend

1881 1525 139 28 gentleman.
2021 1537 34 4 —
2056 1523 148 25 Manchestar
2217 1524 128 24 Guardian.

1915 1565 110 24 Repeal
2052 1573 30 16 of
2108 1573 51 16 the
2183 1565 81 24 Wool
2289 1565 84 24 Duty.
2375 1577 35 5 —
2411 1565 59 24 This

1882 1598 84 31 object,
1988 1607 25 15 so
2031 1598 124 31 extremely
2167 1599 124 30 important
2303 1603 23 19 to
2344 1598 29 24 all
2385 1598 85 24 classes

1882 1631 104 32 engaged
2002 1633 25 22 in
2039 1633 38 22 the
2088 1632 96 25 woollen
2196 1632 163 29 manufacture,
2375 1632 42 23 has
2429 1640 40 15 en-

1882 1666 74 30 gaged
1968 1665 38 23 the
2018 1666 111 23 attention
2140 1665 24 23 of
2180 1664 39 24 the
2230 1665 64 23 trade
2313 1666 24 23 in
2350 1664 120 24 Hudders-

1882 1697 63 30 field,
1976 1699 56 24 from
2055 1698 74 25 which
2151 1698 65 33 place
2239 1707 15 14 a
2277 1698 131 32 deputation
2430 1698 42 23 has

1883 1732 81 23 waited
1978 1740 28 15 ou
2027 1732 38 23 the
2076 1732 67 23 West
2162 1731 91 32 Riding
2269 1733 121 22 members.

1884 1765 114 32 earnestly
2009 1765 60 31 hope
2089 1765 38 23 the
2146 1765 182 24 manufacturers
2348 1765 44 23 and
2410 1772 63 17 mer-

1885 1798 81 24 chants
1979 1799 25 23 of
2018 1798 83 30 Leeds,
2124 1798 45 23 and
2180 1798 30 24 all
2227 1798 38 24 the
2284 1798 64 24 other
2359 1803 72 19 towns
2448 1798 25 24 in

1886 1832 38 23 the
1943 1831 96 25 woollen
2058 1832 94 29 district,
2174 1831 47 25 will
2239 1831 153 31 immediately
2409 1832 65 30 place

1886 1865 135 24 themselves
2040 1866 25 22 in
2077 1865 190 23 communication
2279 1865 54 23 with
2353 1865 58 23 their
2423 1873 49 16 res-

1884 1899 89 30 pective
1983 1899 195 31 representatives,
2192 1899 24 23 in
2228 1899 65 23 order
2303 1903 23 19 to
2338 1906 64 24 press
2411 1906 63 24 upon

1887 1932 64 23 them
1964 1932 38 23 the
2014 1932 55 23 vital
2079 1933 139 31 importance
2228 1932 26 23 of
2263 1932 116 30 obtaining
2387 1931 40 24 the
2437 1939 38 16 re-

1886 1965 76 23 moval
1974 1965 25 23 of
2013 1965 39 24 the
2065 1965 54 30 duty
2131 1973 28 15 on
2171 1965 90 31 foreign
2272 1965 66 25 wool.
2373 1965 64 24 Su«h
2453 1965 22 23 is

1887 1998 40 23 the
1939 1998 86 26 decline
2042 1998 25 23 in
2079 1998 37 23 the
2129 1998 84 30 import
2223 1998 26 23 of
2262 1999 88 30 foreign
2362 1998 58 23 wool
2431 1998 44 23 and

1887 2030 58 23 such
1962 2031 38 23 the
2018 2031 101 23 increase
2140 2031 23 22 in
2183 2030 39 24 the
2241 2036 81 26 export
2333 2031 26 23 of
2374 2031 101 31 English

1887 2064 67 28 wool,
1973 2064 48 23 that
2032 2063 38 24 the
2087 2064 157 24 manufacture
2261 2072 75 16 seems
2353 2069 22 19 to
2387 2064 29 24 be
2427 2065 23 24 in
2462 2073 13 15 a

1887 2097 66 32 rapid
1966 2097 44 23 and
2021 2097 112 32 alarming
2143 2097 70 32 decay
2223 2107 5 19 ;
2243 2098 44 24 and
2294 2097 39 24 the
2345 2097 83 25 classes
2439 2099 36 23 in-

1887 2130 99 24 terested
2002 2131 25 23 in
2038 2132 18 22 it
2068 2139 37 15 are
2117 2130 87 30 bound,'
2220 2131 31 32 by
2263 2139 13 16 a
2287 2130 81 32 regard
2384 2136 24 19 to
2420 2131 55 24 self-

1888 2164 163 30 preservation,
2064 2167 23 20 to
2099 2165 70 22 strain
2183 2172 68 23 every
2263 2172 68 16 nerve
2341 2165 23 23 in
2375 2164 66 24 order
2453 2169 22 19 to

1888 2202 40 26 get
1940 2197 36 23 the
1988 2198 76 30 repeal
2075 2198 25 23 of
2116 2197 38 24 the
2166 2198 64 30 duty.
2232 2210 35 5 —
2267 2197 74 24 Leeds
2352 2197 122 31 Mercury.

1924 2237 96 24 Origin
2039 2245 31 16 of
2091 2245 51 16 the
2162 2238 90 24 Black
2272 2238 74 24 Doll
2346 2250 32 4 —
2380 2245 17 16 a
2416 2245 60 17 sight

1891 2278 32 17 at
1936 2271 157 24 Bag-shops.
2095 2284 34 4 —
2130 2271 59 23 This
2205 2272 53 31 sign
2276 2271 126 31 originated
2421 2271 56 23 with

1890 2313 14 15 a
1914 2312 83 24 person
2008 2304 50 25 who
2070 2304 56 32 kept
2136 2313 13 15 a
2161 2305 57 31 shop
2238 2306 36 23 for
2292 2309 51 27 toys
2362 2304 45 24 and
2423 2313 53 23 rags

1891 2339 23 22 in
1927 2338 193 31 Norton-folgate,
2133 2339 70 23 about
2219 2340 32 22 80
2264 2346 66 23 years
2350 2345 51 24 ago.
2436 2338 41 24 An

1891 2371 38 24 old
1940 2379 87 16 woman
2039 2372 97 30 brought
2156 2372 48 23 him
2223 2380 14 15 a
2256 2372 63 31 large
2340 2371 83 24 bundle
2442 2372 36 23 for

1891 2405 56 29 sale,
1959 2405 41 23 but
2013 2405 88 23 desired
2120 2405 18 23 it
2159 2405 74 31 might
2252 2405 88 24 remain
2357 2405 122 31 unopened

1891 2438 36 24 till
1939 2438 40 24 she
1992 2438 72 23 called
2075 2439 66 31 again
2154 2443 23 18 to
2190 2447 38 15 see
2240 2439 20 23 it
2270 2437 110 32 weighed.
2405 2438 72 24 Seve-

1891 2472 35 23 ral
1948 2471 76 24 weeks
2049 2471 91 32 elapsed
2161 2472 95 24 without
2279 2472 41 24 her
2343 2471 132 32 appearing,

1891 2505 74 24 which
1978 2505 96 24 induced
2084 2506 37 23 the
2133 2510 85 19 master
2230 2506 24 23 of
2265 2505 38 24 the
2317 2505 56 31 shop
2384 2510 23 19 to
2420 2512 59 24 open

1892 2539 39 23 the
1942 2538 91 29 bundle,
2042 2538 64 24 when
2117 2539 27 23 he
2157 2539 71 23 found
2235 2548 14 14 a
2260 2539 68 23 black
2340 2538 53 29 doll,
2401 2538 78 31 neatly

1893 2572 99 28 dressed,
2005 2572 55 23 with
2069 2580 13 15 a
2093 2573 46 30 pair
2147 2572 26 23 of
2183 2572 52 32 gold
2246 2573 102 30 earrings
2361 2572 118 32 appended

1893 2605 59 24 This
1969 2605 28 24 he
2010 2605 63 31 hung
2091 2614 30 23 up
2134 2614 53 15 over
2199 2605 38 24 the
2250 2605 62 29 door,
2326 2607 34 22 for
2371 2604 38 25 the
2421 2613 56 24 pur-

1892 2647 55 23 pose
1958 2639 26 24 of
2000 2639 69 31 being
2080 2639 79 24 owned
2176 2640 30 30 by
2218 2639 39 23 the
2268 2647 89 16 woman
2373 2638 57 24 who'
2435 2638 43 25 left

1893 2673 26 23 it.
1956 2672 94 32 Shortly
2062 2673 57 23 after
2140 2673 46 23 this
2206 2673 40 23 she
2266 2672 80 29 called,
2364 2671 45 25 and
2427 2679 52 25 pre-

1893 2706 80 24 sented
1985 2706 38 23 the
2034 2706 46 23 doll
2100 2711 21 18 to
2134 2706 37 23 the
2191 2706 143 31 shopkeeper
2351 2713 24 16 as
2387 2713 15 16 a
2413 2704 67 25 mark

1894 2740 25 22 of
1935 2739 114 32 gratitude
2068 2739 33 24 for
2121 2739 36 24 his
2176 2739 94 31 having,
2288 2739 32 31 by
2329 2738 45 25 this
2392 2746 88 21 means,

1894 2773 96 24 enabled
2009 2772 41 25 her
2068 2778 23 19 to
2109 2772 48 25 find
2176 2777 40 19 out
2235 2773 42 23 her
2296 2772 91 24 bundle.
2430 2772 51 24 The

1894 2811 63 27 story
1978 2806 83 32 having
2081 2807 81 31 gained
2185 2807 140 28 circulation,
2348 2806 44 24 this
2408 2805 73 32 figure

1894 2839 42 24 has
1956 2840 58 24 been
2032 2840 116 31 generally
2160 2840 56 23 used
2237 2840 30 31 by
2279 2840 86 23 dealers
2384 2840 24 23 in
2428 2847 53 23 rags

1895 2881 53 15 ever
1958 2874 72 22 since.

1929 2913 113 23 Punch's
2078 2913 139 24 Political
2252 2913 137 24 Economy.
2399 2912 83 24 —Or

1894 2946 101 24 Value.
1998 2958 34 5 —
2033 2946 61 24 That
2116 2946 88 32 quality
2221 2946 26 24 of
2265 2954 28 15 an
2315 2946 73 31 object
2408 2945 74 24 which

1894 2979 94 24 renders
1999 2979 19 23 it
2029 2979 93 32 capable
2134 2980 25 22 of
2167 2980 126 31 gratifying
2305 2987 42 15 our
2358 2979 86 23 desires
2462 2979 20 23 is

1894 3013 66 24 value
1970 3021 6 16 :
1995 3012 119 30 therefore,
2128 3012 19 24 if
2162 3021 33 15 we
2207 3013 74 23 desire
2293 3016 23 19 to
2329 3012 65 23 catch
2405 3020 14 15 a
2430 3012 52 29 flea,

1895 3046 44 24 and
1952 3046 38 24 the
2001 3046 45 23 flea
2057 3047 19 22 is
2089 3045 91 31 caught,
2193 3047 18 23 it
2228 3045 105 24 becomes
2343 3045 105 24 valuable
2448 3058 35 5 —

1896 3084 23 19 at
1937 3080 58 23 least
2006 3080 24 23 in
2050 3080 37 23 the
2107 3087 52 23 eyes
2181 3080 25 23 of
2224 3079 101 32 political
2336 3078 145 25 economists.

1896 3113 84 24 Before
1997 3113 101 31 political
2109 3120 109 24 economy
2230 3120 63 16 came
2312 3113 47 23 into
2370 3120 82 23 vogue,
2465 3113 19 23 it

1897 3154 45 15 was
1954 3146 97 32 thought
2068 3146 48 23 that
2135 3147 37 22 the
2195 3146 65 24 value
2274 3147 25 23 of
2315 3146 112 32 anything
2437 3154 47 16 was

1897 3180 90 31 exactly
1998 3180 60 24 what
2070 3181 17 22 it
2100 3179 72 25 would
2184 3179 62 25 fetch
2254 3188 6 15 :
2280 3180 41 23 but
2328 3179 45 24 this
2376 3179 108 29 doctrine

1897 3214 19 24 is
1929 3213 118 32 exploded,
2059 3214 35 23 for
2115 3214 19 22 if
2144 3221 32 16 we
2188 3213 58 24 send
2257 3222 14 15 a
2284 3217 92 20 servant
2387 3218 24 19 to
2423 3213 61 24 fetch

1897 3255 14 15 a
1920 3247 77 31 pound
2009 3247 25 24 of
2044 3251 88 20 mutton
2151 3246 78 33 chops,
2243 3254 33 16 we
2293 3254 38 16 are
2343 3251 39 19 not
2394 3251 23 19 to
2430 3254 54 16 con-

1897 3281 60 23 sider
1979 3280 37 24 the
2037 3280 69 32 chops
2119 3288 24 15 as
2156 3280 38 23 the
2206 3280 68 25 value
2286 3280 25 23 of
2329 3280 38 24 the
2384 3285 99 19 servant.

1897 3315 23 23 A
1933 3314 104 24 valuable
2048 3314 45 31 dog
2103 3313 46 24 will
2169 3313 62 24 fetch
2244 3322 14 15 a
2277 3321 76 24 penny
2362 3313 47 24 ball
2421 3313 20 24 if
2451 3320 33 18 we

1898 3346 71 25 throw
1980 3348 18 23 it
2016 3352 23 19 to
2051 3347 54 29 him,
2119 3347 41 24 but
2171 3355 33 16 we
2225 3352 84 19 cannot
2325 3355 40 24 say
2375 3347 52 24 that
2445 3346 39 25 the

1898 3381 46 31 dog
1954 3381 21 23 is
1987 3381 53 30 only
2052 3380 70 24 worth
2135 3380 60 24 what
2206 3381 29 23 he
2247 3381 46 24 will
2312 3380 67 29 fetch,
2392 3380 36 24 for
2438 3380 46 25 this

1897 3414 76 24 would
1992 3414 68 24 make
2080 3414 49 24 him
2146 3414 74 24 worth
2238 3414 53 32 only
2306 3422 14 16 a
2339 3421 82 24 penny,
2441 3413 43 24 and

1898 3446 118 33 (allowing
2033 3448 35 23 for
2080 3447 38 24 the
2131 3455 61 17 wear
2212 3448 46 24 and
2275 3452 49 20 tear
2336 3447 25 23 of
2369 3447 38 23 the
2427 3445 57 32 ball)

1898 3481 97 31 perhaps
2007 3481 105 31 nothing.

1933 3798 102 25 Income
2048 3797 67 24 Tax.
2117 3809 33 5 —
2150 3795 35 25 At
2196 3803 15 16 a
2218 3795 102 31 meeting
2331 3794 25 24 of
2364 3795 39 24 the
2415 3794 69 26 New-

1899 3832 71 24 castle
1990 3831 97 29 council,
2100 3837 30 17 on
2146 3828 155 32 Wednesday,
2321 3828 47 24 Mr.
2390 3828 40 25 W.
2449 3830 35 24 A.

1899 3865 106 24 Mitchell
2016 3872 56 24 gave
2084 3863 74 24 notice
2174 3862 50 24 that
2246 3861 29 25 he
2294 3861 75 25 would
2385 3870 66 17 more
2452 3876 32 5 —
2484 3867 1 3 '

1923 3898 64 24 That
1997 3897 38 25 the
2048 3896 87 24 council
2149 3895 29 24 do
2196 3896 97 31 petition
2303 3896 136 31 parliament
2448 3897 37 24 for

1899 3931 38 25 the
1949 3931 56 24 total
2016 3931 45 23 and
2071 3929 130 25 immediate
2210 3929 76 31 repeal
2294 3929 26 24 of
2329 3929 38 25 the
2378 3935 107 28 property

1898 3965 45 24 and
1954 3966 89 22 income
2120 3976 33 5 —
2155 3962 62 32 Tyne
2226 3962 121 32 Mercury-.

1933 3519 90 25 Cheap
2041 3519 175 26 Enjoyment.
2218 3533 34 4 —
2253 3519 34 24 At
2304 3519 39 23 the
2361 3517 123 32 Liverpool

1898 3553 74 32 police
1983 3553 73 30 office,
2070 3554 47 24 Mr.
2131 3553 115 29 Bushton,
2258 3552 63 24 while
2331 3550 154 33 adjudicating

1898 3595 62 23 upon
1973 3595 13 16 a
1995 3595 52 16 case
2058 3587 118 31 involving
2188 3587 39 24 the
2245 3585 99 32 keeping
2362 3585 25 23 of
2402 3592 14 15 a
2436 3584 48 24 dis-

1898 3620 90 31 orderly
2000 3620 81 30 house,
2093 3620 121 24 remarked
2222 3619 51 24 that
2284 3619 18 23 it
2314 3625 45 16 was
2402 3625 42 16 one
2461 3618 26 24 of

1898 3654 65 23 those
1973 3654 84 25 houses
2069 3654 74 24 which
2155 3661 46 16 was
2213 3652 83 25 known
2308 3655 23 19 to
2340 3651 56 29 him,
2409 3650 76 25 where

1898 3696 14 15 a
1922 3687 45 32 boy
1980 3687 66 25 could
2065 3694 95 26 procure
2178 3694 15 15 a
2209 3686 61 31 pipe,
2288 3693 12 15 a
2321 3684 60 31 glass
2401 3684 26 24 of
2441 3684 43 30 ale,

1898 3721 43 25 and
1954 3729 14 16 a
1979 3729 65 24 game
2063 3722 26 24 of
2103 3720 73 28 cards,
2198 3719 30 24 all
2245 3719 36 23 for
2299 3717 39 24 the
2361 3717 83 32 charge
2462 3718 25 24 of

1898 3762 43 16 one
2051 3767 34 4 —
2086 3752 128 33 Liverpool
2221 3758 83 25 paper.

544 58 101 47 3%*
668 59 123 43 tfife
815 58 204 42 Zcslanb
1044 58 191 46 ifranttt
1262 58 93 39 ant*
1379 55 303 47 fSKiHtngtoH
1705 52 255 50 Spectator.

1291 144 52 24 The
1353 145 119 31 following
1484 149 48 19 rate
1544 145 25 23 of
1586 144 98 31 freights
1701 148 24 18 at
1745 143 99 24 Manilla

1258 178 27 23 is.
1289 177 83 32 quoted
1385 178 59 23 from
1454 186 13 15 a
1479 177 99 25 Manilla
1585 177 67 23 Price
1661 176 98 25 Current
1771 177 26 22 of
1805 176 39 24 the

1258 210 59 29 25|h
1325 210 127 31 February.
1487 210 47 24 For
1541 210 97 24 London
1639 220 33 5 —
1673 216 76 23 sugar,
1758 210 37 23 £2
1806 211 35 22 ss.

1258 250 41 24 per
1310 247 38 20 ton
1357 252 7 20 ;
1383 243 77 31 hemp,
1472 243 38 25 £3
1528 244 72 23 3s.to
1614 242 38 23 £3
1672 243 52 23 10s.
1735 246 42 28 pjer
1793 241 51 31 fifty

1258 275 66 23 cubic
1344 276 61 29 feet;
1423 276 36 23 for
1480 275 92 31 Sydney
1574 286 32 5 —
1606 282 79 23 sugar,
1698 275 37 23 £2
1756 276 51 22 15s.
1820 279 24 18 to

1258 309 40 24 £3
1308 316 41 23 per
1360 312 48 26 ton,
1418 309 45 23 and
1473 309 39 24 £2
1525 310 52 21 10s.
1587 312 22 19 to
1618 307 38 25 £3
1668 312 41 26 pet
1719 307 50 31 fifty
1778 307 66 23 cubic

1257 341 55 23 feet.
1322 364 5 4 .
1347 340 52 25 The
1409 345 49 19 rate
1470 342 33 28 of.
1512 342 120 22 insurance
1649 345 24 18 to
1692 339 110 31 England
1818 347 26 15 or

1259 373 93 31 Sydney
1362 382 47 16 was
1422 373 33 33 2\
1466 382 42 23 per
1519 378 59 19 cent.
1613 372 53 24 The
1681 377 93 26 exports
1786 372 57 24 from
1851 380 2 23 j

1259 405 99 26 Manilla
1379 411 24 20 to
1427 407 95 31 Europe
1542 406 82 31 during
1647 406 39 23 the
1715 404 78 24 month
1823 404 24 23 of

1258 439 102 31 January
1367 439 46 25 last
1424 439 122 25 amounted
1559 444 21 19 to
1592 441 67 24 950Q
1672 438 78 32 peculs
1759 445 69 23 sugar
1837 447 5 19 ;

1259 474 49 23 400
1331 472 79 32 peculs
1433 472 68 32 hemp
1511 481 6 21 ;
1545 472 44 24 and
1611 477 24 18 to
1656 471 101 31 Sydney,
1779 472 65 23 8600

1258 504 79 33 peculs
1348 511 78 24 sugar,
1439 507 49 23 230
1501 505 79 32 peculs
1590 505 78 28 coffee,
1683 506 64 22 1000
1767 503 78 32 peculs

1258 538 54 28 rice,
1328 540 46 28 1,50
1386 539 79 30 peculs
1476 546 62 24 rope,
1548 538 44 24 and
1604 540 49 23 800
1661 538 73 23 boxes
1743 538 85 30 cigars.

1383 571 101 24 Bishop
1512 574 32 27 o>
1579 571 159 25 Australia.
1750 582 35 5 —
1794 569 52 24 The

1260 602 89 33 Bishop
1361 605 24 22 of
1403 605 120 24 Australia
1539 605 42 23 has
1602 604 124 32 proceeded
1743 610 54 17 over
1809 602 38 25 the

1259 638 129 23 mountains
1400 638 60 23 from
1473 638 40 23 the
1526 637 80 32 Upper
1616 638 95 23 Hunter
1724 636 88 24 district
1823 641 23 19 to

1260 669 119 29 Bathurst,
1392 678 13 15 a
1416 671 99 30 journey
1526 671 26 22 of
1560 671 37 23 the
1607 676 63 18 most
1681 669 97 24 difficult
1790 669 57 24 kind

1259 702 37 23 for
1307 710 44 23 any
1361 711 85 23 person
1458 708 23 18 to
1492 703 135 29 undertake,
1639 702 150 33 particularly
1800 703 25 23 in
1834 711 13 15 a

1261 737 109 29 carraige.
1408 736 47 23 His
1467 735 115 32 Lordship
1591 737 18 22 is
1621 735 112 32 expected
1740 741 22 18 to
1774 736 73 23 arrive

1261 773 23 19 at
1307 768 142 31 Wellington
1471 769 92 31 to-day,,
1578 769 45 23 will
1642 768 112 31 probably
1774 768 30 23 be
1825 773 23 19 at

1261 801 112 24 Bathurst
1393 810 30 15 on
1445 802 94 30 Sunday
1557 806 61 24 next,
1639 801 46 24 and
1708 805 93 27 expects
1825 806 22 18 to

1261 834 73 24 arrive
1344 835 24 23 in
1381 835 93 29 Sydney
1486 835 68 24 about
1566 835 36 23 the
1614 834 59 25 12th
1684 835 94 23 instant.

1297 866 39 25 On
1347 868 115 31 Saturday
1471 868 53 29 last,
1534 877 14 15 a
1559 868 151 28 detachment,
1723 868 125 30 consisting

1261 899 26 25 of
1300 900 95 32 Captain
1409 901 64 28 Best,
1483 901 136 24 Lieutenant
1627 901 109 31 Ormsby,
1746 903 32 22 50
1790 900 58 24 rank

1262 933 44 24 and
1317 933 38 24 file
1367 934 25 23 of
1408 934 39 23 the
1459 934 58 24 80th
1529 935 118 31 regiment,
1661 934 45 23 and
1717 935 131 23 Assistant-

1262 967 106 30 Surgeon
1389 967 130 29 Galbraith,
1541 969 25 22 of
1590 968 37 23 the
1650 968 60 24 90th
1727 968 121 31 Tegiment,

1263 999 123 24 embarked
1398 1008 29 16 on
1440 1000 70 24 board
1529 1001 102 24 H.M.S.
1644 999 80 25 North
1736 1000 65 29 Star,
1814 1000 34 23 for

1262 1033 58 24 Port
1331 1033 136 24 Nicholson.
1469 1046 34 4 —
1504 1033 89 31 Sydney
1606 1032 98 30 Herald,
1716 1033 57 31 July
1785 1036 41 21 30.
