2550 4050
743 134 45 22 Mr.
799 134 108 26 Patchett,
1016 136 12 20 ;
1183 141 5 4 -
1237 141 10 5 '

742 172 3 7 >
745 172 26 5 —
797 160 77 23 James
884 161 106 27 Howard,

742 199 29 4 —
798 188 113 26 Cotterell,

742 225 29 5 —
797 213 62 22 John
870 214 94 27 Brooke,
977 214 140 28 Interpreter,

741 252 31 5 —
798 240 100 23 William
908 241 106 27 Clanzay,

742 279 29 8 !—
797 266 98 25 Thomas
903 267 111 27 Ratcliffe,

742 305 29 6 —
798 293 98 24 William
904 294 119 27 Northans,

742 333 29 5 ~
797 320 98 23 Thomas
904 321 54 27 Pay,
1000 327 4 8 •

743 360 29 6 —
799 347 83 27 Coster,

742 387 30 6 —
798 374 78 22 James
884 374 130 28 M'Gregor,

742 414 29 6 —
799 401 99 22 William
908 401 110 27 Gardner,

742 442 30 5 —
798 427 43 28 Ely
850 428 106 29 Croßper,

743 468 29 6 —
800 454 78 28 Henry
885 454 126 26 Bomforth,

743 496 29 5 —
798 481 97 22 Thomas
903 481 94 28 Tyrrell,

743 524 29 4 —
800 508 63 23 Isaac
872 508 80 22 Smith.

744 551 28 5 —
800 534 61 23 John
872 534 95 25 Burton.

893 579 121 15 WOUNDED.

745 599 45 22 Mr.
801 598 98 23 William
908 598 125 27 Bomforth,

745 626 44 21 Mr.
802 625 95 28 Gapper,

713 673 4 4 .
745 653 45 21 Mr.
801 651 98 23 Richard
910 652 102 26 Burnett,

745 679 45 22 Mr.
801 679 76 21 James
888 679 79 27 Henry
978 678 79 27 Smith,

745 706 44 22 Mr.
800 705 84 23 Robert
894 705 120 26 Crawford,

745 732 69 22 Eram
824 732 127 27 or-Ramee,
962 739 14 15 a
985 731 90 27 Native,

665 759 52 22 And
727 759 86 22 several
823 758 75 22 others
907 759 49 21 who
967 762 60 19 went
1037 765 27 15 on
1075 762 23 18 to
1108 758 93 29 Nelson,
1209 759 41 22 but

664 786 73 22 whose
745 792 78 16 names
832 792 32 16 we
874 792 58 15 were
941 785 83 22 unable
1035 788 21 19 to
1068 785 71 22 learn.

903 825 103 14 MISSING.

745 845 43 22 Mr.
802 844 83 26 Malen,
898 844 68 21 Chief
972 844 125 27 Constable,

745 872 45 21 Mr.
802 871 96 22 Edward
908 871 86 25 Stokes,

698 907 50 24 The
760 907 115 31 following
892 911 96 20 account
1006 908 109 30 agreeing
1132 908 25 23 in
1168 907 32 23 all
1210 908 39 23 the

663 941 104 24 material
778 941 56 23 facts
845 940 56 24 with
912 940 39 24 the
971 940 53 29 last,
1037 941 110 30 appeared
1166 942 26 22 in
1210 941 39 23 the

663 974 87 24 Nelson
762 973 132 29 Examiner,
907 973 45 24 and
969 975 21 22 is
1009 974 137 23 understood
1159 978 22 19 to
1194 982 55 15 con-

664 1008 47 22 tain
722 1007 39 23 the
773 1008 121 22 substance
906 1007 26 23 of
946 1007 39 23 the
997 1011 134 19 statements
1146 1007 27 23 of
1186 1015 65 16 some

663 1041 24 22 of
703 1040 38 24 the
752 1041 123 22 survivors.

714 1078 164 22 HORRIBLE
893 1078 165 22 MASSACRE
1079 1079 42 22 AT
1134 1078 65 22 THE

885 1105 141 22 WAIRAU.

690 1138 48 23 The
747 1138 70 28 tragic
826 1138 46 22 and
879 1138 123 27 altogether
1007 1138 169 28 unanticipated
1184 1142 67 19 event

663 1166 72 22 which
750 1166 40 21 has
806 1165 106 28 deprived
927 1166 86 21 Nelson
1029 1165 25 22 of
1065 1173 24 14 so
1105 1166 107 26 mauyvof
1221 1166 29 22 its

664 1197 58 18 most
736 1192 103 22 valuable
855 1192 116 26 residents,
988 1192 42 21 has
1045 1199 24 14 so
1085 1192 166 23 overwhelmed

663 1227 33 19 us,
707 1220 49 21 that
765 1227 32 14 we
807 1219 48 22 find
864 1218 110 23 ourselves
990 1218 82 23 unable
1088 1222 25 19 at
1126 1223 92 23 present
1227 1223 23 19 to

664 1246 28 22 do
702 1253 61 15 more
773 1246 53 22 than
837 1246 79 27 briefly
925 1249 90 18 narrate
1026 1246 35 21 the
1069 1246 110 28 principal
1186 1247 62 27 facts,

663 1273 73 22 which
746 1273 56 22 have
821 1274 58 21 been
897 1272 107 28 carefully
1020 1273 109 22 collected
1145 1274 56 21 from
1212 1274 38 22 the

663 1300 50 22 best
729 1307 94 15 sources.
855 1300 40 21 We
910 1303 61 18 must
983 1304 110 23 postpone
1109 1303 22 18 to
1146 1307 15 15 a
1176 1300 74 23 future

664 1327 94 22 number
768 1326 38 22 the
816 1326 99 23 remarks
925 1326 74 23 which
1007 1326 18 22 it
1035 1326 54 23 calls
1096 1326 44 23 for.

692 1354 26 21 It-
723 1361 51 19 may
784 1354 28 21 be
822 1361 124 19 necessary,
958 1354 35 21 for
1009 1354 38 21 the
1062 1354 147 22 information
1226 1354 26 22 of

665 1388 40 15 our
715 1380 155 22 non-resident
879 1381 96 25 readers,
983 1383 23 19 to
1016 1383 56 19 state
1083 1380 48 22 that
1141 1381 38 22 the
1190 1381 61 22 Wai-

663 1415 41 14 rau
713 1408 19 21 is
741 1414 30 15 an
785 1408 115 21 extensive
917 1408 67 26 plain,
1002 1407 107 22 intended
1125 1411 23 18 to
1162 1408 59 22 form
1237 1416 14 14 a

664 1434 87 28 portion
768 1436 25 19 of
804 1434 38 22 the
857 1438 95 23 country
969 1435 94 21 sections
1079 1434 26 22 of
1116 1434 44 22 this
1175 1435 76 21 settle-

665 1464 63 19 ment
733 1469 5 19 ;
754 1461 44 22 and
814 1461 47 22 that
874 1461 39 22 the
927 1462 66 21 river'
1001 1461 72 22 which
1088 1469 55 14 runs
1153 1462 98 27 through

665 1488 23 27 it,
700 1489 45 21 and
759 1488 57 21 from
832 1488 73 22 which
919 1488 19 21 it
952 1488 63 22 takes
1030 1488 28 22 its
1073 1495 73 19 name,
1159 1490 92 26 empties

665 1515 62 21 itself
738 1516 47 20 into
803 1515 86 27 Cloudy
904 1516 56 26 Bay,
971 1519 24 17 at
1011 1516 68 20 about
1095 1516 77 26 eighty
1186 1516 65 22 miles

665 1542 85 21 distant
759 1542 56 22 from
825 1542 44 21 this
878 1542 63 27 place
952 1542 121 22 coastwise.
1100 1542 48 22 The
1160 1550 91 20 survey-

665 1576 34 14 ors
710 1568 117 28 employed
835 1569 63 21 there
908 1569 45 21 had
954 1580 25 4 —
981 1570 23 20 in
1015 1577 154 20 consequence
1180 1570 26 20 of
1213 1570 38 21 the

665 1595 92 23 forcible
773 1596 146 27 interruption
935 1596 25 22 of
978 1596 38 22 the
1032 1603 80 20 survey
1127 1596 46 22 and
1188 1597 63 21 other

665 1626 46 18 acts
721 1623 128 21 committed
859 1630 30 14 on
899 1623 61 21 them
977 1623 30 27 by
1017 1622 38 22 the
1072 1623 69 21 chiefs
1159 1623 92 27 Raupa-

665 1650 55 21 raha
730 1650 39 27 (by
778 1657 61 14 some
849 1650 73 21 called
938 1650 110 27 Raupero,
1058 1650 31 27 by
1098 1650 75 22 others
1189 1651 62 21 Rau-

665 1677 69 27 bello)
753 1677 45 21 and
819 1676 159 28 Rangihaeata,
997 1677 34 21 his
1049 1677 136 27 son-in-law,
1206 1678 45 22 and

665 1704 58 21 their
738 1704 109 21 followers
848 1714 28 5 —
877 1704 89 27 applied
981 1707 23 18 to
1019 1704 38 21 the
1074 1704 75 22 Police
1166 1705 85 26 Magis-

666 1734 56 18 trate
741 1731 35 21 for
791 1730 130 28 protection.
952 1731 36 21 On
1010 1731 107 27 Monday,
1135 1731 61 22 June
1218 1733 31 25 12,

666 1761 105 18 wan-ants
788 1765 54 14 were
852 1757 82 27 issued,
945 1765 29 14 on
992 1757 44 23 Mr.
1047 1758 124 22 Cotterell's
1183 1758 68 29 depo-

665 1785 72 26 sition,
747 1785 36 21 for
792 1784 36 22 the
845 1785 164 27 apprehension
1025 1785 26 21 of
1061 1785 63 21 these
1139 1785 71 22 chiefs
1221 1793 29 14 on

665 1818 13 14 a
689 1811 80 27 charge
780 1811 26 21 of
816 1818 64 15 arson
889 1819 5 19 ;
917 1812 45 21 and
977 1819 29 14 on
1026 1811 35 22 the
1078 1811 115 28 following
1207 1813 44 27 day

666 1838 37 22 the
715 1839 155 21 Government
878 1837 49 28 brig
937 1838 40 22 left
989 1839 83 22 Nelson
1079 1839 52 21 with
1139 1839 60 22 what
1206 1847 45 15 was

666 1865 53 21 then
736 1865 130 22 considered
884 1873 14 13 a
913 1865 112 22 sufficient
1040 1866 60 21 force
1118 1869 22 19 to
1158 1872 93 16 execute

663 1891 40 22 ■the
714 1895 112 19 warrants.
854 1892 49 22 The
918 1892 134 22 individuals
1065 1893 51 21 who
1131 1894 120 26 composed

666 1918 37 22 the
712 1923 64 23 party
787 1926 67 14 were:
857 1930 27 4 —
885 1919 32 21 H.
929 1919 28 21 A.
964 1919 135 28 Thompson,
1112 1920 60 27 Esq.,
1180 1920 71 28 judge

665 1945 26 21 of
706 1945 39 22 the
762 1947 87 26 County
865 1947 69 21 Court
950 1946 45 21 and
1012 1946 74 22 Police
1103 1947 132 26 Magistrate
1244 1956 5 17 ;

666 1973 93 26 Captain
770 1973 29 21 A.
811 1973 132 26 Wakefield,
955 1973 71 26 R.N.J-
1034 1973 37 21 the
1086 1973 55 22 New
1150 1974 101 22 Zealand

666 1999 132 28 Company's
810 2000 74 26 Agent
892 2000 37 20 for
946 2000 44 21 this
1004 2000 136 27 settlement;
1159 2001 93 28 Captain

657 2026 121 27 .England,
795 2026 62 27 J.P.;
874 2027 28 21 G.
920 2025 28 23 R.
966 2025 146 28 Richardson',
1124 2027 65 26 Esq.;
1203 2027 57 23 MrJ

657 2053 3 22 fi
666 2053 113 26 CottereiT,
789 2057 109 21 surveyor
903 2059 7 20 ;
926 2053 45 20 Mr.
983 2053 76 21 James
1076 2053 110 26 Howard;
1202 2054 51 20 four

666 2079 130 26 constables,
821 2079 45 21 and
889 2079 85 21 several
1005 2079 80 27 special
1117 2079 134 22 constables.

667 2105 80 22 Whilst
756 2106 23 22 in
797 2105 36 22 the
851 2105 62 26 Gulf,
931 2105 37 21 the
985 2105 50 27 brig
1049 2106 38 21 fell
1103 2106 24 21 in
1145 2105 54 22 with
1214 2106 38 22 the

666 2132 123 27 Compa*y*
790 2142 10 7 w
809 2133 50 27 bj}it
870 2140 27 14 on
907 2133 41 21 her
956 2137 78 17 return
1041 2133 58 21 from
1114 2133 37 21 the
1162 2133 91 22 Wairau

666 2159 52 21 with
734 2154 46 28 M\.
805 2159 102 26 Tuckett,
925 2159 61 22 chief
1007 2166 113 21 surveyor,
1140 2160 46 21 and
1205 2160 46 22 Mr.

667 2181 109 34 Patcheqf,
788 2185 55 28 who,
855 2186 52 22 with
916 2186 39 21 .the
971 2186 71 22 boat's
1058 2194 64 19 crew,
1134 2194 58 14 were
1202 2186 52 22 thus

666 2213 73 22 added
748 2217 23 18 to
782 2213 37 21 the
829 2213 95 22 number
941 2213 91 28 already
1042 2213 121 23 embarked
1177 2214 23 21 in
1210 2213 44 22 this

666 2239 54 23 fatal
731 2240 134 27 expedition.
901 2260 2 5 ,

694 2267 37 21 On
750 2267 37 21 the
805 2268 96 27 evening
916 2267 26 21 of
955 2267 37 21 the
1007 2267 115 28 following
1135 2267 119 28 Thursday

667 2298 58 17 most
734 2294 26 21 of
771 2294 38 22 the
822 2299 63 23 party
896 2295 82 21 landed
992 2297 23 19 at
1032 2295 38 21 the
1084 2295 78 22 mouth
1178 2295 25 21 of
1216 2295 38 21 the

668 2321 96 26 Wairnu,
776 2321 45 21 and
831 2329 57 14 were
899 2322 79 27 joined
988 2321 37 22 the
1042 2326 55 18 next
1111 2322 104 27 morning
1223 2322 31 27 by

667 2347 81 28 others,
765 2348 63 22 when
844 2356 59 14 arms
921 2356 56 14 were
997 2348 137 27 distributed,
1155 2349 45 21 and
1216 2349 38 21 the

668 2375 70 21 whole
748 2375 59 27 body
817 2375 124 28 proceeded
951 2383 29 20 up
990 2375 38 22 the
1037 2375 60 27 right
1108 2375 61 23 bank
1179 2376 26 21 of
1216 2375 38 22 the

667 2402 65 22 river.
761 2402 64 27 They
834 2410 55 14 soon
903 2406 47 18 met
967 2410 13 14 a
995 2402 66 27 chief,
1078 2403 83 22 named
1177 2403 78 21 Puaha

668 2428 104 27 ([nephew
783 2429 27 21 of
816 2429 140 27 llauparaha,
969 2429 45 21 and
1023 2429 38 21 the
1070 2429 125 22 individual
1205 2429 50 22 who

666 2455 19 22 is
694 2455 131 28 favourably
835 2455 131 23 mentioned
975 2456 24 21 in
1007 2456 92 22 Colonel
1110 2456 146 22 Wakefield's

667 2483 62 26 early
739 2482 129 28 despatches
878 2483 73 22 under
959 2483 39 21 the
1007 2490 66 15 name
1083 2483 26 21 of
1116 2483 81 27 Eboa,)
1210 2483 46 22 and

667 2516 60 16 some
739 2509 98 22 resident
847 2510 100 26 Natives,
963 2510 49 21 who
1023 2510 47 22 said
1081 2510 52 27 they
1141 2510 47 22 had
1197 2511 58 21 been

668 2536 102 28 engaged
778 2536 26 22 in
813 2536 97 27 clearing
919 2536 60 27 land,
992 2537 40 21 but
1042 2537 44 21 had
1096 2537 57 22 been
1163 2537 93 28 stopped

667 2563 30 28 by
707 2563 140 28 Rauparaha,
864 2564 50 21 who
928 2563 45 22 had
989 2564 125 28 proceeded
1130 2564 81 27 higher
1225 2572 30 19 up

668 2590 37 22 the
716 2591 65 21 river.
812 2590 77 22 Puaha
903 2590 46 22 and
964 2590 36 22 his
1009 2591 111 21 followers
1130 2598 58 14 were
1202 2598 54 15 con-

668 2616 112 27 siderably
789 2616 99 23 alarmed
903 2624 29 15 on
950 2617 78 26 seeing
1044 2624 29 15 an
1090 2618 77 21 armed
1180 2617 74 28 force;

668 2645 40 21 but
725 2644 58 22 their
792 2644 56 22 fears
858 2650 57 16 were
930 2644 121 22 somewhat
1065 2644 89 27 allayed
1169 2645 31 26 by
1211 2645 45 21 Mr.

668 2671 128 27 Thompson
814 2671 120 27 informing
952 2671 62 22 them
1033 2671 49 22 that
1103 2672 54 27 they
1175 2671 82 28 sought

668 2698 53 26 only
738 2697 134 28 Rauparaha
887 2699 45 21 and
952 2698 160 27 Rangihaeata,
1134 2698 73 22 whom
1226 2699 30 21 he

669 2725 44 21 had
729 2732 62 14 come
808 2728 22 18 to
840 2725 128 28 apprehend
983 2732 30 14 on
1028 2732 13 14 a
1055 2725 81 28 charge
1147 2726 26 20 of
1185 2732 71 15 arson.

669 2751 84 28 Puaha,
765 2754 23 19 at
805 2751 37 22 the
851 2755 91 24 request
952 2752 25 21 of
991 2752 45 21 Mr.
1051 2752 135 27 Thompson,
1202 2751 54 23 then

669 2778 126 22 undertook
814 2781 21 19 to
855 2786 28 20 go
897 2779 96 21 forward
1010 2779 45 21 and
1073 2779 105 27 acquaint
1195 2779 61 22 these

670 2806 69 21 chiefs
748 2805 53 22 with
818 2805 36 22 the
865 2805 80 22 arrival
955 2805 26 22 of
993 2805 38 22 the
1048 2807 147 26 magistrates,
1214 2806 44 21 and

669 2833 49 20 that
729 2832 52 27 they
790 2832 45 21 had
845 2840 64 14 come
924 2836 22 17 to
957 2833 51 21 take
1023 2833 61 20 them
1095 2840 29 13 on
1141 2833 68 21 board
1219 2833 38 21 the

670 2859 55 28 brig,
737 2859 74 22 where
825 2859 38 22 the
879 2859 81 27 charge
971 2859 73 22 would
1060 2860 27 21 be
1102 2859 155 27 investigated.

670 2886 89 27 Higher
776 2893 30 20 up
816 2886 37 22 the
863 2887 64 25 river,
946 2887 94 20 another
1049 2890 63 23 party
1123 2887 25 20 of
1160 2887 99 21 resident

670 2913 94 22 Natives
774 2920 56 14 were
840 2916 54 23 met,
905 2913 49 21 who
966 2920 57 14 were
1030 2913 105 27 similarly
1145 2913 113 22 informed

671 2940 27 21 of
713 2940 38 21 the
770 2940 74 27 object
861 2940 26 21 of
906 2939 39 22 the
964 2940 135 26 expedition.
1139 2940 63 21 Here
1221 2940 38 21 the

670 2967 141 27 magistrates
826 2967 45 21 and
887 2967 58 21 their
960 2966 111 22 followers
1087 2967 124 27 encamped
1226 2967 34 22 for

671 2993 37 22 the
718 2993 71 27 night,
802 2993 42 22 and
854 3001 58 14 were
924 2993 80 27 joined
1013 2993 30 27 by
1054 2994 37 21 the
1101 2994 128 21 remainder
1237 2994 26 21 of

671 3020 38 21 the
719 3024 71 23 party,
809 3020 71 21 which
896 3027 50 14 now
955 3021 121 21 amounted
1094 3024 21 17 to
1126 3021 67 22 about
1203 3021 56 27 fifty,

672 3047 46 22 and
729 3047 60 26 who,,
801 3047 52 22 with
871 3047 37 21 the
919 3047 119 28 exception
1048 3048 24 21 of
1086 3047 50 22 four
1147 3055 26 13 or
1183 3047 42 22 five
1237 3048 26 21 of

672 3074 38 21 the
718 3074 138 27 gentlemen,
863 3081 57 15 were
931 3073 28 22 all
971 3074 83 21 armed.
1085 3074 36 21 On
1129 3074 38 22 the
1175 3074 86 21 follow-

671 3101 41 27 ing
720 3101 110 26 morning,
842 3101 117 27 Saturday,
974 3102 38 21 the
1023 3101 58 27 17th,
1099 3101 38 22 the
1147 3104 65 24 party
1222 3101 38 22 ad-

673 3127 87 22 vanced
770 3135 13 14 a
789 3128 43 21 few
840 3128 64 22 miles
910 3128 94 27 further,
1012 3128 50 26 and,
1073 3128 120 27 observing
1199 3135 61 15 some

673 3154 77 22 smoke
757 3154 84 27 issuing
845 3154 59 22 from
912 3161 12 14 a
930 3154 65 22 small
1002 3155 69 26 wood,
1079 3154 52 28 they
1136 3155 125 22 concluded

673 3181 50 22 that
732 3181 37 22 the
779 3181 70 22 chiefs
855 3189 57 14 were
919 3181 124 27 encamped
1053 3182 69 21 there.
1152 3182 109 22 Proceed-

673 3208 38 27 ing
720 3208 95 22 towards
824 3208 38 22 the
872 3212 55 24 spot,
943 3208 54 28 they
1007 3208 128 22 discovered
1150 3208 49 22 that
1208 3208 53 28 they

675 3242 57 15 were
748 3234 116 28 separated
880 3236 30 26 by
920 3242 14 15 a
948 3242 88 15 narrow
1052 3235 41 22 but
1108 3235 57 27 deep
1180 3238 81 19 stream

673 3262 58 21 from
741 3261 37 22 the
789 3262 105 26 Maories,
905 3262 49 21 who
963 3262 122 22 amounted
1100 3262 126 27 altogether
1239 3266 22 18 to

674 3288 69 23 about
761 3290 48 25 120,
832 3288 118 28 including
973 3296 86 15 women
1083 3288 46 22 and
1153 3288 107 23 children.

674 3315 64 27 They
753 3323 58 14 were
829 3316 110 21 scattered
958 3316 69 21 about
1045 3316 115 27 squatting
1176 3323 30 14 on
1224 3316 37 22 the

674 3342 85 28 ground
774 3342 23 21 in
808 3350 88 20 groups,
912 3342 54 23 with
975 3342 59 22 their
1043 3349 82 15 canoes
1139 3342 83 23 hauled
1232 3350 30 20 up

674 3376 29 15 on
718 3369 38 22 the
771 3369 61 22 bank
841 3370 25 21 of
879 3370 38 21 the
932 3372 82 19 stream
1028 3369 107 27 occupied
1150 3369 30 27 by
1192 3369 69 22 them.

675 3396 32 21 At
724 3396 38 21 the
778 3400 89 24 request
876 3396 26 22 of
911 3396 40 21 the
962 3396 146 28 magistrates,
1125 3396 137 23 Piccawarro

677 3422 24 27 (a
719 3422 92 28 Native)
830 3422 116 23 furnished
964 3423 63 22 them
1046 3422 52 22 with
1113 3430 14 15 a
1145 3430 77 20 canoe,
1237 3423 24 22 in

676 3449 72 22 which
763 3449 46 23 Mr.
819 3450 136 28 Thompson,
966 3449 93 28 Captain
1070 3449 130 27 Wakefield,
1218 3450 43 22 Mr.

675 3476 102 27 Tuckett,
795 3476 45 22 Mr.
858 3476 113 26 Cotterell,
988 3477 45 22 Mr.
1049 3476 111 27 Patchett,
1178 3477 85 22 Brooks

677 3502 48 28 (the
734 3503 145 27 interpreter,)
891 3504 47 24 and
948 3503 89 27 Maling
1047 3503 48 27 (the
1105 3503 63 22 chief
1176 3508 87 18 consta-

676 3530 47 26 ble)
735 3530 88 23 crossed
835 3537 61 16 over.
924 3530 48 23 The
990 3530 76 22 Police
1081 3530 133 26 Magistrate
1225 3530 39 22 ad-

677 3556 92 23 dressed
785 3556 92 23 himself
887 3560 25 19 to
926 3556 143 28 Rauparaha,
1086 3556 120 28 explained
1225 3557 38 24 the

677 3586 79 19 nature
766 3584 26 21 of
805 3583 37 22 the
859 3583 82 27 charge
956 3584 98 26 brought
1070 3584 87 27 against
1172 3584 48 22 him
1233 3584 32 28 by

678 3611 46 21 Mr.
734 3610 111 27 Cotterell,
861 3610 45 22 and
917 3610 87 23 desired
1018 3610 47 22 him
1078 3614 21 18 to
1115 3618 29 20 go
1154 3618 30 15 on
1194 3611 71 22 board

677 3636 38 23 the
724 3636 55 28 brig,
790 3636 53 23 with
851 3637 56 22 such
917 3638 25 21 of
952 3637 35 22 his
997 3637 109 22 followers
1115 3644 24 15 as
1148 3637 30 22 he
1188 3637 74 28 chose,

678 3664 74 22 where
762 3663 37 23 the
809 3666 82 20 matter
899 3664 79 22 should
988 3664 28 22 be
1026 3664 156 26 investigated.
1210 3664 55 23 This

678 3690 136 28 Rauparaha
821 3690 89 23 refused
919 3694 24 19 to
952 3690 36 28 do,
999 3690 40 23 but
1045 3692 72 21 stated
1126 3690 36 23 his
1171 3690 95 28 willing-

679 3725 52 15 ness
739 3721 24 18 to
772 3717 57 22 have
839 3717 38 22 the
887 3720 82 19 matter
977 3717 150 27 investigated
1134 3717 70 27 there,
1220 3718 46 23 and

679 3748 22 18 to
710 3751 45 21 pay
762 3744 35 22 for
806 3744 36 22 the
850 3744 94 27 damage
953 3744 29 22 he
992 3744 47 22 had
1045 3744 66 26 done,
1122 3744 21 22 if
1148 3744 30 22 he
1186 3745 80 22 should

678 3778 98 21 approve
785 3771 28 22 of
823 3771 38 22 the
877 3770 150 28 Magistrates'
1042 3770 104 23 decision.
1176 3772 36 21 On
1228 3772 45 23 the/

678 3798 120 23 reiterated
808 3798 81 22 refusal
898 3799 26 20 of
936 3795 134 29 Rauparaha
1079 3798 73 22 either
1166 3802 22 17 to
1197 3805 30 20 go
1236 3806 30 15 on

678 3825 72 22 board
760 3824 38 23 the
806 3824 50 28 brig
863 3832 25 15 or
896 3827 23 19 to
929 3824 120 32 surrendej
1057 3824 94 23 himself
1156 3824 109 30 prisoner,

679 3852 39 22 the
728 3851 76 23 Police
814 3851 131 27 Magistrate
954 3850 130 23 threatened
1093 3850 55 28 that,
1159 3852 21 21 if
1190 3852 29 21 he
1228 3852 29 22 di<

678 3882 40 19 not
727 3878 123 28 surrender,
861 3878 29 22 he
903 3877 47 22 and
964 3874 109 31 hisjparty
1082 3877 80 23 should
1171 3878 28 22 be
1209 3878 58 23 fired

679 3913 68 20 upon.
774 3905 55 22 This
837 3912 47 15 was
898 3911 30 16 no
938 3903 226 29 soonerinterpreted
1178 3909 22 18 to
1210 3904 55 28 him,

679 3932 56 23 than
745 3932 86 22 sixteen
847 3931 92 23 Natives
953 3937 82 21 sprang
1044 3937 29 16 on
1088 3931 59 24 their
1162 3931 47 22 feet
1222 3934 44 21 and

678 3958 119 29 presented
814 3958 59 23 their
891 3958 108 26 muskets,
1025 3957 45 23 and
1094 3958 170 29 Rangihaeatia,

1272 134 60 28 \rho,
1343 134 58 23 until
1413 134 62 27 then,
1491 134 47 22 bad
1546 137 40 18 not
1596 134 58 21 been
1662 133 88 25 visible,
1768 133 92 27 stepped

1276 161 94 22 forward
1386 160 45 23 and
1454 160 74 23 defied
1546 160 37 22 the
1608 160 151 26 Magistrates'
1777 167 81 19 power.

1277 187 80 22 Words
1371 187 98 27 running
1482 186 61 28 high,
1561 186 78 22 Puaha
1653 186 136 26 interceded,
1806 186 52 27 and,

1277 214 52 22 with
1339 221 12 14 a
1360 213 65 23 Bible
1434 214 25 21 in
1468 213 35 22 his
1511 212 67 28 hand,
1589 212 83 30 prayed
1683 212 62 22 there
1751 212 71 27 might
1830 213 30 22 be

1276 247 29 15 no
1315 240 67 22 strife.
1411 240 94 26 Captain
1514 238 132 28 Wakefield,
1657 238 76 28 seeing
1738 238 38 22 the
1784 246 76 15 neces-

1267 266 2 32 |
1277 266 44 28 sity
1329 266 25 21 of
1366 266 87 26 uniting
1467 265 38 23 the
1514 265 71 23 whole
1596 268 70 24 party,
1684 265 131 27 proceeded,
1829 266 31 27 by
1867 278 3 7 <

1277 293 37 22 the
1325 295 92 20 consent
1422 293 26 21 of
1453 292 38 22 the
1502 292 99 26 Natives,
1613 295 23 18 to
1639 292 41 25 lay
1686 299 15 14 a
1709 299 69 14 canoe
1787 299 73 15 across

1277 319 37 22 the
1333 322 88 24 stream,
1436 322 24 19 to
1474 318 78 23 enable
1564 318 67 22 -those
1645 320 51 21 who
1712 318 45 22 had
1773 318 87 23 crossed

1278 353 53 15 over
1339 351 21 16 to
1374 346 65 21 retire
1447 353 5 14 :
1469 345 47 27 but,
1532 344 79 23 whilst,
1620 345 51 22 thus
1688 345 108 27 engaged,
1809 346 19 21 it
1841 345 19 22 is

1277 372 142 28 conjectured
1434 371 49 22 that
1491 371 39 22 the
1545 371 71 22 chiefs
1624 378 59 15 were
1691 371 46 22 told
1753 371 53 28 they
1815 372 45 22 had

1277 398 58 23 done
1344 405 77 20 wrong
1432 398 26 22 in
1467 398 105 27 granting
1585 397 39 22 the
1640 405 38 14 use
1688 398 28 21 of
1727 397 38 22 the
1782 405 76 21 canoe,

1273 425 50 22 And
1331 425 47 24 that
1389 425 52 27 they
1446 425 80 26 would,
1537 432 31 15 on
1577 425 38 21 the
1623 425 91 27 uniting
1723 425 26 21 of
1755 425 57 22 their
1821 432 39 20 op-
1869 437 2 5 ■

1277 455 100 24 pohents,
1397 451 29 22 be
1441 451 153 27 immediately
1607 451 57 22 fired
1683 458 59 20 upon
1748 459 6 19 ;
1774 458 32 15 we
1820 459 40 20 say

1277 478 148 28 conjectured,
1436 478 43 27 for,
1490 485 29 14 on
1530 477 77 28 seeing
1617 485 13 14 a
1640 480 130 19 movement
1778 484 81 21 among

1277 505 38 22 the
1322 505 107 25 'Maories,
1446 505 38 22 the
1498 508 79 19 nature
1586 505 27 21 of
1625 504 73 22 which
1707 512 33 15 we
1754 504 57 22 have
1821 508 39 18 not

1277 532 56 22 been
1347 531 50 22 able
1413 534 23 19 to
1446 531 117 27 ascertain,
1579 538 30 15 an
1620 531 68 23 order
1698 538 44 15 was
1750 531 110 27 suddenly

1277 559 66 26 given
1356 558 35 21 for
1407 558 38 21 the
1460 565 52 14 men
1528 560 23 19 to
1565 557 109 22 advance.
1704 557 58 22 Four
1776 565 25 14 or
1816 557 44 22 five

1277 585 54 27 only
1341 584 36 22 did
1387 592 31 19 so,
1428 584 46 21 and
1479 584 38 21 the
1528 591 45 20 gun
1579 584 27 21 of
1612 591 60 15 some
1680 591 43 14 one
1731 587 61 18 went
1797 584 36 27 off,
1843 584 19 21 it

1281 611 20 22 is
1309 611 103 22 believed
1422 611 134 27 accidently,
1571 618 25 14 as
1612 618 30 14 no
1656 611 66 21 order
1733 613 24 19 to
1765 611 41 21 fire
1815 611 46 22 had

1279 639 57 22 been
1342 638 75 27 given.
1439 637 49 23 The
1495 637 95 22 Natives
1596 637 109 27 instantly
1710 637 130 27 discharged
1848 644 14 15 a

1278 665 82 27 volley,
1371 664 75 23 which
1459 671 45 15 was
1512 664 107 22 returned
1628 664 30 27 by
1668 663 58 23 their
1736 667 124 24 opponents

1278 692 72 21 Those
1361 691 49 22 who
1420 698 57 15 were
1486 691 81 27 placed
1581 690 103 22 between
1700 691 37 21 the
1753 694 43 18 two
1809 690 52 22 fires

1277 726 51 14 now
1337 717 109 22 hastened
1455 720 22 19 to
1490 718 49 27 join
1555 717 59 22 their
1621 717 91 27 friends,
1723 717 45 22 and
1783 717 79 28 nearly

1277 748 64 24 upset
1349 745 38 21 the
1396 752 71 14 canoe
1475 745 25 21 in
1514 744 92 28 passing
1620 751 52 15 over
1685 744 27 22 it.
1738 743 49 23 The
1796 743 67 28 firing

1277 771 122 25 continued
1413 771 60 22 brisk
1490 778 29 15 on
1535 771 71 21 either
1620 771 47 21 side
1684 770 36 23 for
1728 777 61 15 some
1804 770 58 22 little

1278 799 60 26 time,
1348 798 65 21 when
1424 797 38 22 the
1471 800 87 24 greater
1572 800 50 25 part
1632 797 25 22 of
1664 804 41 15 our
1716 799 146 26 countrymen

1277 825 110 22 retreated
1400 832 30 20 up
1440 832 14 14 a
1470 825 47 27 hill,
1528 824 47 23 and
1587 831 59 15 were
1660 823 105 23 followed
1779 824 31 27 by
1824 823 38 23 the

1279 851 98 28 Natives,
1389 851 49 22 who
1448 851 45 22 had
1503 858 49 15 now
1562 851 88 22 crossed
1658 851 40 22 the
1707 851 64 21 river.
1801 851 61 22 Here

1277 879 37 20 the
1331 882 58 18 most
1403 882 118 18 strenuous
1531 878 74 22 efforts
1620 885 58 14 were
1688 877 66 22 made
1766 878 31 27 by
1806 878 57 27 Cap-

1277 905 47 22 tain
1342 905 131 27 Wakefield,
1493 905 95 27 Captain
1611 905 113 26 England,
1749 905 45 21 and
1817 905 44 22 Mr.

1278 931 104 28 Howard,
1390 934 23 19 to
1422 931 82 23 induce
1514 931 59 22 their
1581 935 65 24 party
1655 935 22 18 to
1687 934 37 19 act
1732 931 24 22 in
1765 934 96 25 concert,

1277 959 40 22 but
1328 959 123 26 altogether
1460 959 94 22 without
1570 958 72 22 effect.
1670 959 95 26 Captain
1780 958 84 23 Wake-

1277 985 54 22 field
1349 985 117 27 therefore,
1481 985 24 22 in
1524 985 66 22 order
1604 988 23 19 to
1641 987 94 26 prevent
1750 992 13 14 a
1777 985 87 22 further

1277 1011 98 23 sacrifice
1385 1011 27 22 of
1418 1011 45 27 life,
1475 1011 95 23 ordered
1577 1011 40 22 the
1626 1011 67 28 firing
1702 1014 23 19 to
1735 1019 71 20 cease,
1818 1011 45 22 and

1279 1039 92 27 Captain
1385 1038 106 27 England
1506 1039 46 21 and
1569 1039 46 21 Mr.
1629 1038 101 22 Howard
1749 1038 115 22 advanced

1278 1065 94 22 towards
1382 1065 38 22 the
1426 1065 99 22 Maories
1534 1065 53 22 with
1594 1072 15 15 a
1617 1065 66 22 white
1693 1065 169 27 handkerchief,

1277 1093 24 21 in
1320 1092 67 22 token
1406 1092 25 21 of
1441 1099 76 20 peace.
1545 1091 75 22 Those
1635 1091 25 22 in
1675 1091 100 22 advance
1790 1093 25 20 of
1825 1092 38 21 the

1277 1119 119 27 retreating
1413 1122 71 24 party,
1502 1119 109 26 however,
1628 1119 55 27 kept
1695 1126 30 20 up
1740 1126 14 14 a
1766 1119 98 27 running

1278 1147 46 26 fire,
1335 1145 73 22 which
1418 1153 43 14 was
1470 1145 106 22 returned
1592 1145 30 27 by
1632 1145 38 22 the
1681 1145 92 22 Natives
1785 1153 28 14 on
1824 1146 37 21 the

1279 1173 70 22 whole
1363 1176 66 24 party
1437 1172 207 27 indiscriminately.
1673 1172 93 28 Captain
1782 1173 82 21 Wake-

1280 1199 53 22 field
1343 1199 46 22 and
1397 1199 39 22 the
1450 1199 127 25 gentlemen
1586 1199 70 21 about
1663 1199 50 21 him
1725 1206 57 14 were
1789 1199 74 22 there-

1278 1227 47 21 fore
1341 1225 124 33 compelled
1479 1229 22 18 to
1519 1226 96 27 proceed
1629 1226 87 21 further
1724 1233 30 20 up
1768 1226 38 21 the
1815 1226 48 27 hill,

1279 1254 24 21 in
1314 1253 69 26 order,
1394 1253 22 21 if
1420 1252 109 27 'possible,
1542 1256 22 18 to
1578 1256 40 23 put
1627 1260 29 14 an
1672 1253 44 21 end
1725 1256 22 18 to
1757 1253 38 21 the
1808 1260 52 14 con-

1279 1280 54 22 flict.
1362 1280 45 21 Mr.
1418 1279 113 27 Cotterell,
1541 1279 59 22 after
1616 1279 178 28 accompanying
1801 1279 63 22 them

1279 1314 14 14 a
1310 1307 61 22 short
1390 1306 108 27 distance,
1509 1306 101 27 stopped,
1620 1306 50 27 and,
1681 1307 25 21 in
1721 1306 37 22 the
1771 1307 57 26 hope
1843 1307 26 20 of

1280 1333 101 27 assuring
1391 1333 38 22 the
1435 1333 94 22 Natives
1535 1333 26 22 of
1566 1333 37 21 the
1611 1333 106 28 sincerity
1725 1333 25 21 of
1752 1333 35 22 his
1793 1336 71 25 party,
1872 1355 4 4 .

1279 1360 80 22 waited
1366 1360 57 21 their
1429 1360 89 27 coming
1523 1367 30 20 up
1559 1366 28 15 an
1590 1359 15 22 d
1611 1359 148 22 surrendered
1763 1360 101 27 himself;

1279 1387 45 22 and
1342 1387 33 22 his
1394 1387 102 27 example
1514 1394 46 15 was
1578 1387 108 26 followed,
1707 1394 28 14 on
1754 1387 38 20 the
1810 1390 55 18 next

1279 1414 123 26 eminence,
1413 1414 30 27 by
1453 1413 92 28 Captain
1556 1413 132 28 Wakefield,
1701 1414 93 26 Captain
1804 1414 62 27 Eng-

1278 1441 60 26 land,
1363 1441 45 21 Mr.
1427 1439 136 28 Thompson,
1582 1441 45 21 Mr.
1648 1439 148 27 Richardson,
1819 1441 46 21 Mr.

1281 1467 104 27 Howard,
1416 1467 93 27 Brooks,
1535 1467 106 27 Cropper,
1665 1467 47 22 and
1735 1467 131 27 M'Gregor.

1280 1494 76 23 Puaha
1372 1494 65 27 again
1453 1494 157 22 endeavoured
1623 1497 24 18 to
1656 1494 93 21 become
1759 1501 13 14 a
1786 1501 80 20 peace-

1281 1521 82 26 maker,
1371 1521 47 21 and
1423 1520 70 27 urged
1500 1528 29 14 on
1533 1521 36 21 his
1573 1524 146 24 countrymen
1723 1521 48 21 that
1777 1521 90 27 enough

1279 1548 66 21 blood
1353 1548 46 21 had
1408 1548 58 21 been
1476 1547 62 22 shed.
1568 1547 54 22 This
1631 1555 46 14 was
1686 1547 112 22 acceeded
1808 1550 21 19 to
1839 1550 28 25 by

1279 1575 140 27 Rauparaha,
1434 1575 45 20 and
1495 1574 37 21 the
1547 1577 44 19 two
1605 1575 82 27 parties
1702 1574 71 21 shook
1787 1574 78 23 hands.

1279 1602 63 27 They
1352 1609 57 15 were
1419 1608 54 15 soon
1484 1601 80 27 joined
1578 1601 31 27 by
1626 1601 168 27 Rangahaeata,
1809 1601 56 27 who,

1279 1628 83 27 having
1371 1628 91 27 already
1472 1628 69 21 killed
1551 1628 38 21 the
1598 1628 111 21 wounded
1725 1635 30 15 on
1764 1628 35 21 his
1809 1635 56 20 way,

1280 1655 126 22 demanded
1422 1655 38 21 the
1476 1655 54 21 lives
1545 1655 27 21 of
1583 1655 39 21 the
1638 1656 53 20 nine
1702 1655 49 21 who
1766 1655 44 21 had
1820 1662 48 15 sur-

1279 1682 116 22 rendered.
1424 1682 33 21 To
1468 1682 44 21 this
1518 1681 136 28 Rauparaha
1662 1686 24 17 at
1696 1682 48 22 first
1752 1682 101 27 objected
1860 1691 6 18 ;

1279 1710 46 26 but,
1347 1717 29 14 on
1401 1709 68 27 being
1491 1708 113 22 informed
1627 1708 50 22 that
1698 1708 36 23 his
1758 1708 111 27 daughter

1281 1736 174 27 (Ranghaeata's
1471 1735 60 27 wife)
1544 1743 45 14 was
1603 1735 76 27 killed,
1695 1735 34 27 he,
1739 1736 85 21 offered
1837 1743 32 14 no

1279 1762 86 23 further
1382 1763 132 27 opposition.
1545 1762 33 21 As
1595 1769 30 15 no
1642 1762 121 22 resistance
1774 1769 93 20 appears

1280 1792 22 19 to
1312 1789 56 22 have
1378 1790 58 21 been
1446 1789 65 22 made
1523 1790 31 26 by
1564 1796 41 15 our
1620 1789 144 22 unfortunate
1775 1789 92 27 friends,

1279 1816 18 22 it
1316 1816 19 22 is
1353 1816 106 28 probable
1475 1816 49 21 that
1540 1815 52 28 they
1610 1823 66 19 were,
1695 1816 95 27 through
1809 1816 60 22 their

1279 1844 122 26 ignorance
1420 1843 26 22 of
1460 1842 38 22 the
1517 1842 84 23 Native
1617 1843 118 27 language,
1752 1843 59 27 quite
1828 1851 41 14 un-

1281 1870 115 22 conscious
1406 1870 26 21 of
1440 1870 37 21 the
1484 1869 96 22 horrible
1590 1870 46 21 fate
1643 1870 48 21 that
1698 1870 94 21 awaited
1799 1870 67 21 them.

1281 1897 109 27 Standing
1409 1897 23 21 in
1449 1897 37 22 the
1502 1896 68 22 midst
1584 1896 26 22 of
1626 1904 14 15 a
1657 1897 62 26 large
1737 1897 95 21 number
1846 1897 26 21 of

1281 1924 104 27 Moaries,
1397 1924 53 26 they
1457 1931 58 14 were
1526 1923 69 27 easily
1603 1923 118 27 separated
1728 1932 5 18 ;
1746 1924 45 21 and
1799 1924 72 21 whilst

1279 1950 24 22 in
1323 1951 42 22 this
1386 1950 136 22 defenceless
1537 1950 113 26 situation,
1665 1950 95 28 perhaps
1775 1950 94 22 without

1281 1985 56 14 even
1347 1985 13 14 a
1369 1977 96 27 thought
1482 1978 25 21 of
1514 1977 125 27 treachery,
1653 1977 39 22 the
1703 1980 98 19 monster
1811 1978 60 21 Ran-

1280 2004 95 26 ghaeata
1390 2004 91 28 silently
1496 2004 75 27 glided
1585 2004 82 26 round,
1683 2004 87 27 getting
1786 2004 85 21 behind

1270 2030 67 22 >aßeh
1352 2031 80 25 singly,
1444 2030 52 25 and,
1512 2030 54 21 with
1582 2030 34 21 his
1632 2030 134 26 tomahawk,
1777 2030 94 21 brained

1281 2052 62 25 tJfeni
1352 2056 31 21 all
1392 2056 26 20 in
1425 2055 133 22 succession.

1310 2092 47 22 Mr.
1377 2091 103 26 Tuckctt,
1500 2091 45 22 Mr.
1565 2091 128 26 Barnicoat,
1714 2091 44 21 and
1781 2099 14 13 a
1819 2098 52 16 man

1282 2119 82 21 named
1375 2119 58 27 Gay,
1444 2118 41 22 left
1494 2118 38 22 the
1542 2123 64 22 party
1616 2119 56 21 after
1683 2118 38 22 the
1726 2119 48 21 first
1780 2119 91 21 ineffec-

1282 2147 47 21 tual
1340 2146 54 22 offer
1405 2146 26 21 of
1442 2145 125 26 surrender,
1583 2145 53 26 and,
1652 2145 55 22 with
1722 2152 68 16 seven
1806 2145 65 22 other

1282 2180 51 14 men
1344 2173 73 21 whom
1428 2172 53 27 they
1491 2171 161 28 subsequently
1662 2172 112 27 overtook,
1792 2179 40 15 one
1848 2172 26 22 of

1282 2199 72 22 whom
1364 2206 46 15 was
1419 2199 70 27 badly
1504 2199 118 26 wounded,
1639 2199 97 22 reached
1749 2199 37 21 the
1801 2203 68 23 coast,

1282 2227 80 26 where,
1382 2226 55 22 with
1455 2230 63 23 great
1537 2225 115 28 difficulty,
1674 2226 54 27 they
1744 2226 104 22 obtained
1857 2234 14 14 a

1281 2253 54 22 boat
1352 2253 58 21 from
1429 2260 14 14 a
1458 2253 99 26 whaling
1572 2253 82 21 station
1671 2256 24 18 to
1709 2256 41 23 put
1764 2253 62 22 them
1841 2260 30 14 on

1282 2280 69 22 board
1361 2280 38 22 the
1409 2279 56 27 brig.
1493 2280 54 21 Two
1558 2280 63 21 boats
1632 2287 56 14 were
1699 2279 53 23 then
1759 2279 112 28 dispatch-

1282 2307 28 22 ed
1320 2311 22 17 to
1350 2307 39 21 the
1398 2307 72 26 shore,
1482 2309 22 19 to
1515 2307 52 26 pick
1576 2314 30 19 up
1617 2314 45 19 any
1668 2306 50 22 who
1726 2307 71 26 might
1804 2307 68 21 reach

1282 2334 24 27 it,
1317 2335 45 26 but,
1375 2340 58 15 none
1443 2334 128 27 appearing,
1582 2335 38 20 the
1637 2333 56 26 brig,
1711 2333 86 27 shortly
1815 2334 57 21 after

1283 2361 63 26 dusk,
1357 2360 71 22 sailed
1437 2360 35 22 for
1484 2360 143 27 Wellington,
1644 2363 21 19 to
1683 2360 76 22 obtain
1774 2360 97 27 surgical

1282 2389 121 21 assistance
1418 2387 34 21 for
1469 2387 36 21 the
1521 2387 119 26 wounded,
1657 2387 46 22 and
1718 2387 36 22 aid
1763 2390 24 18 to
1795 2394 76 15 rescue

1283 2415 55 21 such
1347 2421 24 15 as
1389 2421 57 14 were
1462 2413 106 23 believed
1581 2417 23 19 to
1621 2414 29 22 be
1665 2414 120 27 prisoners.
1824 2415 47 21 The

1282 2442 50 27 brig
1349 2441 97 22 reached
1465 2440 137 27 Wellington
1622 2441 62 26 early
1699 2441 39 21 the
1757 2440 115 29 following

1283 2468 111 27 morning,
1414 2468 46 25 but,
1478 2474 13 14 a
1505 2467 47 22 foul
1566 2467 61 23 wind
1643 2467 83 28 having
1740 2475 84 20 sprung
1834 2475 37 20 up,

1284 2495 39 22 she
1331 2502 44 15 was
1384 2495 85 21 unable
1479 2497 23 19 to
1512 2498 39 23 get
1561 2498 39 18 out
1610 2495 26 21 of
1643 2495 39 21 the
1691 2494 99 22 harbour
1796 2495 75 21 before

1283 2521 118 28 Thursday
1410 2521 123 23 afternoon.
1570 2521 92 22 Colonel
1678 2521 131 27 Wakefield,
1827 2522 44 22 Mr.

1284 2549 75 27 Spain,
1370 2547 38 23 the
1418 2548 55 22 land
1483 2548 176 27 commissioner,
1672 2548 38 22 the
1726 2549 78 21 Police
1820 2548 52 22 Ma-

1283 2577 97 26 gistrate,
1392 2575 45 22 Mr.
1449 2575 88 26 Dorset,
1549 2582 104 20 surgeon,
1665 2575 45 22 and
1716 2575 85 22 several
1807 2575 66 22 other

1283 2603 128 26 gentlemen
1422 2602 107 22 returned
1537 2602 24 22 in
1571 2602 47 27 her,
1628 2601 53 28 and,
1693 2609 30 15 on
1728 2602 58 22 their
1792 2603 81 21 arrival

1284 2631 23 20 in
1319 2629 87 27 Cloudy
1415 2629 55 27 Bay,
1488 2636 57 15 weie
1560 2629 156 27 immediately
1731 2629 103 28 apprised
1850 2629 25 22 of

1285 2657 38 21 the
1342 2655 101 23 dreadful
1462 2656 58 22 deed
1537 2656 74 22 which
1627 2656 47 22 had
1683 2656 80 27 placed
1773 2656 57 22 their
1839 2657 34 21 la-

1285 2683 90 22 mented
1380 2683 242 27 countrymenbeyond
1627 2683 38 22 the
1670 2683 68 22 reach
1746 2683 25 22 of
1774 2690 98 15 succour.

1284 2711 63 26 They
1357 2717 59 15 were
1425 2710 123 27 prevented
1559 2711 30 26 by
1598 2710 39 21 the
1646 2710 99 21 weather
1760 2710 58 21 from
1833 2718 40 13 en-

1286 2738 70 26 tering
1366 2737 38 22 the
1420 2737 78 21 mouth
1513 2737 27 21 of
1556 2737 38 21 the
1610 2737 58 21 river
1681 2737 59 21 until
1756 2737 116 27 Saturday,

1286 2764 50 27 and,
1354 2771 28 14 on
1401 2764 99 27 arriving
1517 2766 23 19 at
1555 2763 38 22 the
1610 2763 55 22 fatal
1679 2767 56 24 spot,
1746 2764 70 21 found
1826 2764 48 22 that

1286 2791 45 22 Mr.
1342 2791 107 26 Ironside,
1460 2791 39 20 the
1510 2790 121 27 Wesleyan
1641 2791 134 27 missionary
1782 2791 92 21 station-

1286 2818 28 22 ed
1324 2821 21 19 at
1356 2817 85 28 Cloudy
1452 2818 55 26 Bay,
1517 2817 47 22 had
1572 2817 125 28 preceeded
1706 2817 69 28 them,
1785 2817 90 28 regard-

1285 2845 45 22 less
1340 2845 24 21 of
1370 2845 38 21 the
1413 2845 105 26 personal
1528 2844 86 27 danger
1623 2844 75 21 which
1707 2845 73 21 others
1790 2844 85 22 shrunk

1285 2872 68 26 from;
1367 2871 29 22 he
1406 2871 45 22 had
1461 2871 129 22 discovered
1600 2874 121 18 seventeen
1730 2871 27 22 of
1764 2871 38 22 the
1813 2871 60 22 dead

1287 2900 46 20 and
1344 2898 95 27 (having
1449 2905 29 14 no
1489 2898 141 27 alternative)
1646 2897 46 22 had
1709 2898 90 27 already
1815 2905 60 16 com-

1288 2925 94 24 menced
1393 2925 37 22 the
1440 2925 121 21 interment
1571 2925 25 21 of
1603 2925 37 21 the
1650 2925 78 21 bodies
1738 2932 29 14 on
1775 2925 36 21 the
1819 2928 56 29 spot.

1287 2953 53 22 Two
1349 2959 62 15 more
1423 2959 56 14 were
1495 2952 129 21 afterwards
1640 2951 71 22 found
1726 2952 45 21 and
1788 2952 87 22 buried.

1288 2980 32 21 To
1328 2980 56 21 have
1394 2978 106 23 removed
1510 2978 38 22 the
1564 2978 79 22 bodies
1651 2978 75 22 would
1741 2978 58 22 have
1816 2979 59 22 been

1289 3006 105 27 difficult;
1420 3006 46 21 and
1483 3005 55 22 such
1559 3013 13 13 a
1589 3005 124 27 procedure
1734 3008 61 19 must
1818 3005 58 22 have

1289 3033 92 27 delayed
1399 3032 38 22 the
1457 3032 117 26 departure
1594 3032 25 22 of
1641 3032 38 21 the
1699 3032 57 27 brig,
1773 3032 46 22 and
1839 3032 37 23 the

1281 3061 127 27 'important
1417 3059 107 22 evidence
1541 3059 73 22 which
1629 3066 45 15 was
1691 3059 130 22 afterwards
1837 3060 40 21 ob-

1288 3087 75 22 tained
1371 3087 25 21 in
1405 3094 14 14 a
1429 3086 116 26 searching
1559 3086 157 26 investigation
1732 3086 98 27 pursued
1848 3086 29 28 by

1288 3114 38 22 the
1344 3114 139 26 magistrates
1502 3112 75 22 would
1591 3112 58 22 have
1672 3113 58 21 been
1754 3112 120 23 unknown.

1289 3141 47 22 The
1346 3140 91 23 brother
1448 3140 25 21 of
1484 3147 41 14 our
1533 3139 117 22 lamented
1658 3142 69 24 agent
1740 3139 48 22 had
1802 3140 74 26 previ-

1289 3168 62 27 ously
1363 3166 118 28 expressed
1491 3166 34 22 his
1535 3166 147 28 approbation
1698 3166 26 22 of
1735 3166 55 22 such
1803 3166 74 23 burial

1289 3194 72 23 under
1370 3194 39 22 the
1419 3194 178 26 circumstances,
1608 3192 45 23 and
1670 3193 32 22 all
1717 3193 40 22 felt
1771 3193 50 22 that
1833 3193 44 22 this

1289 3222 54 21 field
1361 3222 27 21 of
1408 3220 68 23 death
1492 3227 44 15 was
1556 3227 14 14 a
1587 3219 27 22 fit
1631 3220 65 27 place
1716 3220 24 21 of
1759 3220 118 27 sepulture.

1289 3248 68 27 Thus,
1367 3248 24 22 in
1402 3248 74 27 death,
1488 3247 54 27 they
1551 3246 45 22 will
1604 3246 96 28 perhaps
1707 3246 92 23 achieve
1809 3248 35 21 for
1852 3254 26 15 us

1290 3275 57 22 their
1357 3275 112 22 survivors
1479 3274 48 21 that
1536 3273 75 28 object
1627 3273 81 27 which,
1724 3274 23 21 in
1761 3273 47 27 life,
1826 3274 51 27 they

1290 3302 67 22 failed
1366 3306 24 18 to
1401 3300 141 28 accomplish.
1579 3300 25 21 If
1617 3300 37 21 the
1665 3300 73 28 spirits
1748 3300 26 22 of
1787 3302 36 20 the
1841 3300 37 23 de-

1289 3329 78 28 parted
1382 3336 38 15 are
1429 3327 120 29 permitted
1564 3330 21 19 to
1603 3326 94 23 interest
1710 3327 135 22 themselves
1854 3328 24 21 in

1291 3356 38 22 the
1346 3352 73 26 affair's
1429 3356 27 21 of
1467 3354 111 27 morality,
1590 3354 37 21 the
1638 3354 95 27 thought
1741 3361 54 20 may
1804 3354 73 22 afford

1291 3383 61 22 them
1362 3390 13 14 a
1385 3389 109 21 generous
1514 3381 137 22 satisfaction
1659 3388 6 15 :
1686 3384 24 19 to
1728 3388 34 19 us,
1779 3382 55 21 such
1851 3388 28 15 an

1291 3410 122 27 acquistion
1421 3409 27 22 of
1453 3409 38 22 the
1502 3408 90 22 Wairau
1601 3411 61 18 must
1671 3415 53 15 ever
1732 3408 28 21 be
1771 3415 13 15 a
1794 3408 86 28 subject

1292 3437 25 22 of
1328 3436 141 28 melancholy
1479 3434 182 28 contemplation.

1317 3473 47 22 The
1375 3473 78 22 bodies
1465 3473 26 21 of
1498 3472 37 22 the
1545 3471 122 22 murdered
1679 3471 54 22 nine
1744 3478 57 15 were
1810 3471 69 22 inter-

1290 3500 41 22 red
1340 3507 54 15 near
1404 3499 37 22 the
1451 3502 51 24 spot
1510 3499 73 23 where
1594 3499 54 26 they
1658 3499 48 27 fell,
1723 3506 24 14 as
1761 3506 57 14 were
1833 3499 46 21 also

1291 3527 61 22 those
1363 3527 26 21 of
1396 3526 125 27 Bumforth,
1533 3526 84 27 Coster,
1625 3526 58 27 Pay,
1700 3525 44 22 and
1761 3525 117 26 Gardiner,

1291 3554 51 22 who
1350 3553 40 22 fell
1400 3556 24 19 at
1433 3560 14 15 a
1456 3553 63 22 short
1534 3552 102 22 distance
1652 3553 58 21 from
1727 3551 70 22 them.
1836 3552 42 21 Mr.

1292 3580 109 27 Patchett,
1422 3580 50 22 who
1490 3586 45 15 was
1554 3579 77 22 struck
1646 3579 63 27 early
1724 3579 24 21 in
1763 3579 38 21 the
1820 3578 56 27 fray,

1292 3607 64 23 while
1375 3607 107 26 standing
1496 3609 25 19 at
1537 3613 62 14 some
1616 3605 101 22 distance
1733 3605 61 22 from
1810 3605 71 22 either

1292 3638 71 24 party,
1373 3641 46 15 was
1436 3633 80 22 buried
1531 3632 73 22 alone.
1643 3632 80 27 Smith,
1737 3631 84 28 Terral,
1837 3631 44 22 and

1293 3661 110 22 Northam
1412 3667 58 16 were
1484 3660 25 22 in
1523 3659 95 22 another
1632 3666 75 19 grave,
1726 3658 47 23 and
1792 3659 88 22 Clanzie

1293 3688 46 22 and
1347 3687 104 23 Ratcliffe
1461 3687 23 22 in
1494 3694 14 14 a
1516 3686 47 23 foui
1568 3685 32 22 th.
1627 3685 50 22 The
1687 3685 60 28 body
1753 3685 25 22 of
1785 3685 94 28 Maling,

1293 3716 38 21 the
1349 3714 62 23 chief
1427 3713 121 27 constable,
1568 3720 47 14 was
1632 3716 41 18 not
1692 3712 77 27 found,
1795 3712 84 27 though

1293 3742 82 23 known
1382 3744 24 19 to
1411 3740 32 22 -be
1452 3739 102 26 severely
1563 3739 118 22 wounded.
1716 3739 23 21 It
1747 3739 20 22 is
1775 3739 106 28 probable

1293 3769 29 22 he
1332 3771 61 25 crept
1403 3774 63 20 away
1474 3767 48 22 into
1532 3766 38 22 the
1578 3765 66 28 bush,
1656 3765 46 22 and
1711 3765 64 22 there
1780 3765 100 28 expired.

1293 3796 53 22 Two
1364 3794 65 23 other
1447 3801 59 20 men,
1526 3793 84 22 named
1627 3792 81 23 Stokes
1725 3793 47 22 and
1787 3793 93 27 Burton,

1293 3822 57 23 have
1359 3826 40 18 not
1409 3821 63 22 since
1481 3821 59 22 been
1549 3826 62 21 seen,
1622 3819 41 22 but
1676 3819 20 22 it
1710 3819 20 24 is
1746 3819 74 28 hoped
1829 3820 54 28 they

1293 3857 54 20 may
1352 3851 39 25 yet
1399 3848 29 23 be
1438 3848 47 22 safe
1492 3855 6 20 ;
1514 3846 54 27 and,
1577 3846 24 21 in
1611 3845 66 22 order
1692 3849 25 18 to
1731 3847 66 22 assist
1813 3847 67 27 them,

1293 3875 80 24 should
1382 3875 55 27 they
1444 3874 32 23 be
1485 3873 136 28 attempting
1630 3876 24 18 to
1663 3875 39 25 get
1708 3873 71 22 round
1785 3873 30 28 by
1820 3874 61 27 land,

1292 3909 91 22 persons
1393 3902 58 22 have
1462 3902 56 21 been
1529 3903 51 19 sent
1589 3902 40 19 out
1637 3899 55 23 with
1697 3900 130 28 provisions,
1837 3901 46 22 and

1294 3929 53 22 with
1355 3928 144 26 instructions
1509 3930 23 19 to
1541 3927 58 27 keep
1607 3934 32 20 up
1648 3926 62 28 large
1724 3926 61 24 fires.
1822 3927 60 22 Such

1291 3956 28 25 pf
1331 3956 36 23 the
1385 3962 54 16 men
1454 3962 25 15 as
1494 3961 58 16 were
1566 3956 41 20 not
1621 3953 112 23 wounded
1749 3954 24 23 in
1787 3953 38 23 the
1835 3954 49 28 fray.

1887 131 45 22 and
1940 131 40 22 did
1993 134 39 19 not
2039 131 68 22 reach
2116 131 38 22 the
2164 131 55 27 brig,
2229 131 116 22 remained
2358 131 39 22 hid
2411 131 58 22 until
2484 128 5 10 l

1887 157 133 28 Rauparaha
2028 158 46 21 and
2083 157 154 27 Rangihaeata
2242 157 106 27 departed
2352 157 54 22 with
2411 157 59 23 their

1886 184 115 27 followers,
2011 184 66 22 when
2086 184 53 27 they
2148 186 60 19 went
2216 183 65 23 down
2291 187 23 18 to
2321 183 84 28 Cloudy
2412 184 56 28 Bay,

1887 211 46 22 and
1941 210 80 22 waited
2032 211 38 21 the
2080 211 68 26 brig's
2156 213 85 19 return.

1915 237 72 22 When
1997 237 134 27 Rauparaha
2140 237 46 21 and
2199 237 35 21 his
2249 238 70 26 party-
2327 235 41 23 left
2382 237 88 27 Cloudy

1888 263 51 28 Bay
1948 267 23 20 to
1981 270 59 15 cross
2049 263 39 22 the
2098 263 85 28 Straits,
2199 263 73 22 which
2282 263 53 27 they
2343 263 40 22 did
2390 270 30 17 on
2430 263 40 22 the

1885 290 114 28 following
2017 290 111 28 Tuesday,
2146 289 79 24 Puaha
2244 289 113 23 remained
2369 290 26 22 in
2411 289 66 29 Tory'

1887 316 96 23 channel
1997 316 59 23 until
2064 316 44 23 -the
2119 319 80 19 -return
2207 317 27 21 of
2244 316 37 22 the
2290 316 56 27 brig,
2361 318 26 20 to
2399 324 38 14 see
2452 317 22 22 if

1887 350 44 21 any
1941 343 101 22 violence
2052 343 74 22 would
2135 343 29 22 he
2174 343 82 22 offered
2263 346 25 19 to
2296 342 38 23 the
2344 343 93 22 Natives
2446 343 24 23 in

1888 370 86 27 Cloudy
1983 370 49 27 Bay
2041 370 45 21 and
2096 371 80 23 Queen
2185 369 132 22 Charlotte's
2326 369 83 28 Sound,
2419 369 51 23 who

1886 396 46 22 had
1941 397 67 21 taken
2013 404 28 14 no
2047 399 52 25 part
2107 397 24 21 in
2142 396 38 22 the
2189 397 55 27 fray;
2256 404 24 14 as
2286 397 19 21 it
2310 403 45 15 was
2360 396 110 28 believed,

1886 423 24 22 in
1920 423 137 22 accordance
2066 423 54 22 with
2129 423 58 22 their
2196 430 50 15 own
2260 426 93 24 custom,
2368 423 49 22 that
2431 423 39 22 the

1886 449 91 23 murder
1986 449 27 22 of
2023 456 40 15 our
2079 452 145 25 countrymen
2240 449 72 23 would
2322 449 30 22 be
2367 450 102 27 avenged

1887 483 29 14 on
1936 483 45 20 any
2001 476 88 22 natives
2111 476 52 22 who
2182 476 71 27 might
2266 476 30 22 be
2315 475 68 23 found
2399 476 71 23 there.

1888 502 97 26 Finding
1993 510 30 14 no
2037 502 101 22 violence
2154 510 45 15 was
2213 503 90 26 offered,
2319 502 30 23 he
2362 502 109 23 hastened

1888 529 58 22 after
1963 529 142 27 Rauparaha,
2126 532 22 18 to
2166 532 93 24 prevent
2281 536 46 21 any
2347 529 125 24 bloodshed

1888 554 73 23 which
1970 555 72 27 might
2051 556 57 21 arise
2118 559 39 18 out
2166 555 25 22 of
2201 555 49 23 that
2258 555 77 23 belief.

1915 582 24 24 It
1947 581 80 23 should
2034 585 41 19 not
2082 582 29 22 be
2120 581 43 23 left
2171 583 103 21 unstated
2281 583 50 22 that
2339 583 46 22 Mr.
2393 583 77 28 Spain,

1888 607 41 23 the
1946 607 53 23 land
2017 609 175 26 commissioner,
2208 609 47 22 had
2270 609 99 27 engaged
2379 612 23 19 to
2411 612 62 20 meet

1888 635 135 27 Rauparaha
2032 638 24 18 at
2065 635 54 21 Port
2128 635 147 27 Underwood,
2286 635 77 24 within
2369 643 14 14 a
2389 637 83 21 certain

1888 661 85 27 period,
1994 664 23 18 to
2034 661 133 27 investigate
2187 661 38 23 the
2247 662 56 24 title,
2312 663 28 21 of
2357 661 39 24 the
2415 663 58 22 New

1889 687 102 23 Zealand
2010 688 116 27 Company
2145 691 23 19 to
2185 688 38 23 the
2242 689 98 26 Wairau,
2365 689 45 23 and
2433 689 39 23 the

1888 714 71 22 chiefs
1974 713 39 23 did
2028 717 40 19 not
2082 717 64 19 enter
2159 714 38 22 the
2211 715 59 28 plain
2286 715 58 23 until
2358 716 58 23 after
2434 716 38 22 the

1889 741 126 30 expiration
2024 741 25 22 of
2061 741 39 22 the
2110 741 55 23 time
2175 741 126 28 appointed.

1921 774 66 26 Such
1999 782 39 16 are
2049 774 40 24 the
2100 774 52 25 best
2163 779 107 20 accounts
2288 776 27 24 of
2328 776 39 24 the
2378 776 95 24 Massa-

1889 815 39 17 cre
1936 808 26 23 of
1976 807 73 24 which
2067 815 34 16 we
2112 815 38 17 are
2161 808 26 24 in
2196 809 139 31 possession.
2369 809 52 24 The
2433 810 41 23 de-

1888 841 111 31 positions
2009 841 74 24 which
2089 849 59 16 were
2160 842 70 23 taken
2241 842 30 31 by
2278 841 39 24 the
2324 842 150 31 Magistrates

1889 879 24 19 at
1925 874 97 30 Nelson,
2035 874 46 24 and
2099 875 74 23 which
2192 882 33 16 we
2244 875 63 31 print
2324 875 80 30 below,
2416 875 60 32 fully

1890 908 144 24 corroborate
2046 908 70 24 them.
2152 908 50 25 The
2221 908 138 32 depositions
2369 909 70 24 taken
2451 910 25 23 in

1890 941 90 32 Cloudy
1990 941 51 31 Bay
2059 941 46 24 and
2125 946 23 18 at
2166 941 149 31 Wellington,
2334 948 38 18 are
2391 942 25 24 in
2436 942 40 24 the

1889 974 73 24 hands
1975 974 24 24 of
2015 974 38 24 the
2065 974 80 24 Police
2164 974 145 31 Magistrate,
2322 974 49 25 who
2383 974 42 24 has
2436 982 39 18 re-

1889 1007 66 24 fused
1968 1008 74 31 copies
2055 1007 26 23 of
2090 1007 63 23 them
2164 1012 23 18 to
2199 1007 38 23 the
2249 1007 66 24 other
2325 1007 151 32 Magistrates

1890 1040 65 24 when
1967 1040 54 32 they
2030 1040 92 32 applied
2135 1044 23 20 at
2169 1040 38 23 the
2223 1044 93 28 request
2326 1040 26 24 of
2366 1041 39 23 the
2417 1040 59 25 Cor-

1889 1075 106 30 poration
2006 1082 24 16 as
2043 1073 50 25 will
2103 1073 29 24 be
2143 1073 117 32 presently
2277 1073 82 24 stated.
2395 1073 31 25 In
2437 1074 39 24 the

1890 1108 122 23 meantime
2034 1107 108 26 however
2171 1107 37 23 the
2237 1107 79 24 Police
2338 1107 139 31 Magistrate

1890 1138 62 33 (Mr.
1976 1139 151 33 M'Donogh)
2149 1140 121 32 published
2292 1140 38 23 the
2358 1141 119 31 following

1891 1173 122 24 document
2023 1181 25 15 as
2061 1181 13 16 a
2086 1178 88 19 correct
2186 1177 95 19 account
2293 1173 25 24 of
2333 1174 38 23 the
2383 1174 75 23 affair.

1891 1210 34 21 To
1936 1217 45 15 the
1993 1209 161 23 Inhabitants
2169 1218 28 14 of
2208 1209 160 23 Wellington
2384 1218 47 14 and
2443 1218 34 14 its

1920 1237 121 26 Vicinity,
2051 1244 48 14 and
2109 1244 29 14 to
2147 1244 47 16 the
2204 1236 98 22 British
2320 1237 116 23 Settlers
2452 1244 27 15 in

1920 1263 84 23 Cook's
2016 1264 106 22 Straits.

1919 1290 66 22 After
1994 1290 37 22 the
2040 1293 88 19 contest
2137 1293 24 19 at
2169 1290 96 28 Wairau,
2279 1290 101 22 between
2389 1298 15 15 a
2414 1293 66 25 party

1892 1317 26 21 of
1929 1317 77 22 armed
2016 1317 91 22 Settlers
2122 1317 59 23 from
2196 1317 91 27 Nelson,
2298 1317 45 22 and
2361 1325 13 15 a
2387 1317 61 28 body
2457 1317 26 23 of

1893 1344 38 22 the
1940 1343 99 27 Natives,
2048 1343 73 23 which
2127 1344 41 22 has
2177 1344 58 22 been
2245 1344 106 22 attended
2361 1344 54 22 with
2424 1345 57 22 such

1892 1378 14 14 a
1922 1370 143 27 melancholy
2080 1370 45 22 loss
2141 1371 26 21 of
2183 1370 47 28 life,
2244 1371 12 21 I
2273 1371 44 22 feel
2330 1371 19 21 it
2364 1374 23 19 to
2404 1372 28 21 be
2441 1379 40 20 my

1893 1397 56 28 duty
1959 1401 22 18 to
1990 1397 37 28 lay
2033 1397 75 22 before
2119 1405 45 20 you
2174 1405 13 14 a
2195 1400 120 19 statement
2322 1397 26 22 of
2354 1397 37 23 the
2399 1398 81 22 results

1893 1425 26 21 of
1931 1424 49 22 that
1989 1427 93 24 contest,
2095 1425 45 21 and
2150 1425 26 21 of
2185 1424 37 22 the
2232 1424 144 22 information
2384 1425 73 22 which
2469 1425 12 21 I

1893 1451 57 21 have
1960 1451 58 21 been
2028 1451 50 22 able
2096 1454 22 18 to
2136 1451 96 28 acquire.
2260 1451 117 28 Although
2395 1451 11 22 I
2423 1451 57 23 have

1893 1481 40 19 not
1949 1481 24 19 at
1988 1481 91 24 present
2095 1485 45 20 any
2150 1477 167 23 authenticated
2333 1481 107 19 accounts
2457 1479 27 21 of

1893 1505 38 21 the
1941 1505 95 21 number
2045 1505 27 21 of
2081 1512 90 20 persons
2184 1505 48 21 who
2248 1505 57 23 have
2319 1505 58 22 been
2388 1505 67 27 slain,
2469 1505 10 21 I

1893 1539 38 14 am
1940 1531 123 27 compelled
2072 1534 24 19 to
2106 1531 86 23 believe
2209 1531 48 22 that
2273 1531 18 21 it
2307 1531 39 22 has
2357 1532 58 22 been
2425 1539 56 20 very

1894 1565 119 15 numerous
2021 1566 6 19 ;
2042 1559 46 21 and
2106 1559 62 21 there
2183 1558 19 22 is
2216 1559 41 21 but
2274 1562 37 18 too
2323 1559 67 21 much
2401 1566 80 15 reason

1894 1588 23 18 to
1933 1585 130 28 apprehend
2077 1585 50 22 that
2142 1585 44 22 Mr.
2204 1585 132 27 Thompson,
2352 1585 37 22 the
2406 1585 76 23 Police

1894 1612 140 27 Magistrate,
2042 1612 46 22 and
2096 1613 62 26 Capt.
2165 1611 131 28 Wakefield,
2305 1612 37 22 the
2349 1613 134 26 Company's

1894 1639 82 26 Agent,
1995 1639 58 21 have
2070 1639 76 21 fallen.
2182 1639 36 21 No
2235 1646 41 14 one
2293 1646 80 19 among
2385 1646 45 20 you
2440 1646 42 14 can

1894 1669 74 23 regret
1978 1673 61 14 more
2057 1665 109 28 sincerely
2177 1665 53 22 than
2246 1665 82 28 myself
2338 1665 45 23 this
2399 1665 81 23 fearful

1895 1691 99 23 sacrifice
2004 1692 26 22 of
2039 1692 86 22 human
2135 1693 46 26 life,
2193 1700 23 14 or
2227 1700 40 14 can
2277 1692 44 22 feel
2331 1700 60 14 more
2401 1692 82 28 deeply

1896 1719 37 22 the
1940 1719 44 21 loss
1990 1719 72 21 which
2070 1719 35 21 the
2113 1719 128 22 settlement
2247 1719 41 21 has
2295 1719 51 22 thus
2353 1719 114 22 sustained
2476 1727 5 19 ;

1895 1746 40 22 but
1946 1746 11 22 I
1967 1745 80 23 should
2056 1746 41 22 fail
2106 1747 24 21 in
2141 1754 37 19 my
2189 1745 55 28 duty
2260 1746 38 21 did
2309 1746 11 22 I
2336 1749 42 18 not
2394 1746 89 22 declare

1895 1780 39 19 my
1952 1772 132 27 conviction,
2096 1775 59 19 after
2171 1773 115 26 obtaining
2302 1773 106 21 evidence
2424 1773 59 22 from

1896 1800 31 22 all
1936 1803 105 24 quarters,
2055 1799 48 22 that
2118 1800 37 21 the
2172 1800 69 26 affray
2258 1806 45 15 was
2319 1803 39 18 not
2368 1799 38 22 the
2415 1800 69 22 result

1896 1827 27 21 of
1928 1837 2 8 >
1934 1834 45 19 any
1988 1826 162 27 premeditated
2167 1826 78 27 design
2260 1833 29 15 on
2300 1825 37 23 the
2349 1830 48 23 part
2408 1826 24 22 of
2444 1827 39 21 the

1896 1853 100 26 Natives,
2008 1853 40 21 but
2058 1853 48 22 that
2124 1860 30 15 ou
2164 1853 37 22 the
2220 1856 103 23 contrary
2333 1853 53 27 they
2402 1853 82 28 sought

1896 1881 31 26 by
1937 1887 67 20 every
2014 1887 77 15 means
2102 1884 21 18 to
2133 1883 62 19 avert
2210 1880 25 27 it,
2246 1879 45 22 and
2307 1879 37 22 did
2359 1882 39 20 not
2414 1880 39 22 fire
2470 1887 14 15 a

1896 1908 52 21 shot
1956 1907 59 22 until
2023 1907 44 21 live
2078 1907 26 21 of
2116 1907 59 21 their
2182 1911 64 23 party
2255 1907 44 21 had
2309 1906 76 27 fallen,
2395 1906 89 22 includ-

1896 1935 40 26 ing
1947 1934 36 22 the
1999 1934 50 21 wife
2065 1934 27 21 of
2103 1934 159 27 Rangihaeata,
2280 1931 48 25 wlio
2344 1937 24 18 at
2382 1933 36 22 the
2436 1941 48 14 mo-

1896 1964 63 19 ment
1969 1961 52 21 bore
2031 1960 35 22 his
2077 1968 50 14 own
2137 1968 39 14 son
2187 1961 23 21 in
2220 1960 45 22 'her
2275 1967 66 15 arms.
2370 1960 66 27 Upon
2446 1968 36 14 re-

1899 1988 88 26 ceiving
1998 1987 36 22 the
2045 1987 121 22 disastrous
2182 1987 146 27 intelligence,
2338 1987 82 23 feeling
2430 1987 18 21 it
2462 1990 23 19 to

1896 2015 29 19 be
1935 2015 26 18 of
1973 2015 37 19 the
2020 2014 47 20 first
2081 2014 139 25 importance
2235 2017 23 18 to
2275 2013 77 22 obtain
2368 2014 117 22 autnentic

1886 2039 2 4 '
1896 2039 145 22 information
2051 2039 26 19 of
2089 2039 39 20 the
2143 2038 101 26 Natives,
2256 2040 11 20 I
2282 2039 154 26 immediately
2445 2040 40 26 put

1897 2064 83 27 myself
1986 2064 23 21 in
2016 2063 190 23 communication
2211 2065 52 21 with
2270 2064 62 22 those
2338 2069 91 22 persdns
2436 2064 49 23 Who

1898 2098 57 15 were
1965 2092 23 20 in
1998 2098 13 14 a
2020 2090 97 27 position
2129 2095 21 17 to
2161 2091 87 21 furnish
2254 2095 102 17 accurate
2362 2095 85 24 reports
2454 2099 29 15 on

1898 2118 37 22 the
1945 2118 92 27 subject,
2049 2117 46 21 and
2105 2117 12 22 I
2127 2117 57 22 have
2201 2117 38 22 the
2258 2117 138 23 satisfactiou
2415 2119 24 21 of
2451 2118 35 23 in-

1897 2145 98 26 forming
2004 2151 44 20 you
2058 2144 48 22 that
2115 2144 38 22 the
2171 2145 92 21 Natives
2282 2145 27 21 of
2319 2144 130 29 Waikanae,
2462 2150 24 18 at

1898 2171 73 23 which
1981 2171 61 27 place
2054 2171 135 27 Rauparaha
2203 2171 48 22 first
2265 2171 88 27 landed,
2364 2172 88 22 refused
2463 2178 22 17 to

1898 2199 64 22 allow
1978 2198 48 22 him
2048 2201 24 18 to
2093 2199 85 21 remain
2201 2205 81 20 among
2305 2198 68 28 them,
2389 2199 44 23 lest
2448 2199 38 23 the

1897 2225 98 27 friendly
2004 2224 107 22 relations
2121 2225 71 22 which
2207 2225 46 22 had
2267 2225 127 28 previously
2404 2227 82 21 subsis-

1898 2253 38 21 ted
1945 2253 100 21 between
2055 2251 61 22 them
2126 2253 43 21 and
2175 2252 37 22 the
2219 2252 93 27 English
2319 2252 90 23 Settlers
2415 2253 71 28 might

1898 2280 28 21 be
1936 2278 115 27 destroyed
2058 2286 6 19 ;
2081 2279 45 21 and
2135 2279 48 21 that
2193 2279 12 22 I
2221 2279 57 21 have
2296 2286 68 20 every
2373 2287 80 15 reason
2463 2283 23 19 to

1898 2306 86 22 believe
1995 2305 61 22 these
2066 2305 95 27 feelings
2171 2309 22 19 to
2202 2306 30 22 be
2241 2306 80 22 shared
2328 2305 31 28 by
2366 2307 80 22 almost
2454 2307 31 22 all

1898 2334 38 22 the
1947 2333 93 22 Natives
2050 2339 60 20 upon
2122 2332 38 22 the
2171 2337 67 17 coast.
2267 2333 37 21 No
2316 2333 168 28 apprehension,

1898 2360 119 26 therefore,
2029 2359 26 22 of
2065 2364 45 22 any
2119 2360 129 27 aggression
2263 2366 30 15 on
2302 2359 57 23 their
2368 2364 50 23 part
2428 2363 58 20 need

1898 2390 23 19 to
1931 2388 28 21 be
1970 2386 140 22 entertained
2118 2394 6 19 ;
2136 2387 40 21 but
2182 2387 20 21 if
2208 2387 57 21 from
2274 2394 45 19 any
2328 2387 159 23 circumstance

1899 2422 13 14 a
1922 2413 80 23 hostile
2013 2420 94 21 purpose
2118 2413 79 22 should
2207 2414 27 21 be
2248 2413 116 23 cherished
2373 2415 30 26 by
2413 2415 71 27 them,

1900 2441 11 22 I
1928 2441 55 22 have
1999 2440 66 22 made
2082 2443 174 24 arrangements,
2267 2440 73 22 which
2349 2441 45 22 will
2408 2442 80 22 imme-

1899 2468 84 27 diately
1997 2470 40 25 put
2051 2474 37 14 me
2098 2467 22 21 in
2136 2468 124 27 possession
2270 2467 26 21 of
2310 2467 37 22 the
2363 2468 63 28 facts,
2443 2469 43 22 and

1900 2495 78 22 enable
1988 2501 35 15 me
2039 2497 24 18 to
2081 2493 67 23 make
2165 2495 29 21 all
2209 2501 118 20 necessary
2335 2495 154 28 preparations

1900 2526 22 18 to
1933 2522 64 22 resist
2005 2521 24 21 it.
2051 2521 28 21 In
2090 2521 65 21 order
2166 2527 23 16 to
2198 2521 129 27 strengthen
2337 2521 44 22 this
2390 2522 98 28 friendly

1899 2549 89 26 feeling,
2000 2548 12 22 I
2022 2547 58 23 have
2091 2548 118 27 published
2219 2555 29 15 an
2258 2547 91 23 address
2359 2552 23 18 to
2390 2549 39 26 t.he
2439 2550 49 21 Na-

1900 2576 56 21 tives
1965 2576 25 21 in
2000 2575 58 21 their
2068 2582 50 14 own
2129 2575 115 27 language,
2256 2575 44 21 and
2309 2575 57 22 have
2377 2577 81 20 caused
2469 2577 18 21 it

1900 2608 22 16 to
1938 2603 28 21 be
1982 2601 133 23 distributed
2130 2602 24 22 in
2170 2602 29 22 all
2215 2605 59 24 parts
2291 2603 26 20 of
2332 2602 36 22 the
2386 2606 102 25 country,

1901 2629 73 22 which
1984 2629 12 22 I
2006 2632 57 18 trust
2074 2628 45 22 will
2128 2629 57 21 have
2196 2629 46 21 that
2253 2629 71 26 effect,
2331 2629 30 27 by
2368 2629 121 22 maintain-

1899 2657 41 27 ing
1949 2664 13 14 a
1972 2655 131 23 confidence
2114 2656 23 21 in
2155 2655 37 23 the
2204 2656 82 27 justice
2297 2657 26 20 of
2333 2656 38 22 the
2388 2657 103 22 Govern-

1900 2688 63 18 ment
1973 2683 45 22 and
2028 2683 23 21 in
2062 2682 38 22 the
2110 2683 112 27 impartial
2230 2682 178 23 administration
2418 2683 26 22 of
2451 2683 39 22 the

1900 2711 52 22 law.
1981 2711 32 21 At
2024 2709 37 22 the
2072 2716 61 15 same
2144 2710 53 21 time
2208 2709 12 22 I
2230 2709 58 22 have
2296 2709 68 22 taken
2377 2717 112 16 measures

1900 2738 36 21 for
1950 2737 38 22 the
2006 2737 123 27 protection
2145 2737 28 21 of
2181 2744 92 20 persons
2289 2736 45 22 and
2348 2740 103 24 property
2466 2737 23 22 in

1901 2765 44 22 this
1954 2765 70 27 place,
2035 2769 46 16 ana
2100 2763 38 22 the
2154 2763 127 22 immediate
2297 2763 100 28 vicinity,
2416 2764 30 27 by
2455 2764 35 22 in-

1902 2792 102 26 creasing
2020 2790 39 22 the
2075 2790 72 27 police
2162 2791 61 21 force
2240 2794 22 17 to
2279 2797 29 14 an
2324 2794 78 18 extent
2418 2791 72 24 which

1902 2818 45 23 will
1962 2818 12 22 I
1991 2822 56 18 trust
2063 2817 30 22 be
2109 2817 112 22 sufficient
2237 2820 22 19 to
2274 2820 61 19 meet
2350 2817 37 22 the
2402 2822 89 23 present

1902 2846 119 26 exigency.

1931 2873 10 21 I
1957 2872 58 22 have
2031 2871 96 22 deemed
2143 2871 50 22 that
2211 2871 37 22 the
2263 2874 79 19 recent
2356 2878 133 15 occurrence

1902 2907 45 15 was
1957 2899 26 22 of
1997 2906 24 15 so
2032 2898 85 23 serious
2127 2905 14 15 a
2157 2901 79 20 nature
2251 2898 24 21 in
2291 2898 65 27 itself,
2368 2898 45 22 and
2423 2898 25 21 in
2462 2898 29 23 its

1901 2925 108 29 probable
2019 2932 172 20 consequences,
2202 2933 25 14 as
2237 2928 22 19 to
2265 2925 44 22 call
2316 2925 34 22 for
2359 2925 38 22 the
2408 2925 80 22 imme-

1903 2954 59 21 diate
1976 2952 155 28 interposition
2147 2952 28 22 of
2185 2952 38 21 the
2242 2952 68 22 Local
2327 2952 162 23 Government.

1903 2981 12 22 I
1927 2981 57 22 have
1998 2979 110 22 therefore
2117 2978 126 23 forwarded
2252 2982 22 19 to
2284 2978 121 23 Auckland
2414 2978 30 23 all
2454 2978 37 23 the

1903 3006 143 23 information
2060 3006 12 23 I
2089 3006 58 22 have
2157 3006 57 22 been
2225 3006 49 21 able
2284 3009 24 18 to
2320 3005 84 27 collect,
2417 3005 45 22 and
2478 3005 12 24 I

1903 3034 45 23 feel
1964 3033 92 22 assured
2073 3033 55 27 that,
2138 3033 153 27 immediately
2305 3040 59 20 upon
2378 3032 114 28 receiving

1903 3061 38 22 the
1952 3060 150 27 intelligence,
2112 3067 14 15 a
2134 3060 96 27 portion,
2238 3063 22 19 at
2268 3060 63 26 least,
2339 3060 27 21 of
2373 3060 38 22 the
2417 3062 75 25 troops

1904 3092 24 17 at
1938 3088 37 21 the
1985 3086 96 28 disposal
2096 3087 26 21 of
2135 3086 38 23 the
2183 3087 154 22 Government
2346 3086 44 23 will
2403 3087 29 22 be
2441 3090 52 19 sent

1905 3120 23 16 to
1938 3114 43 22 this
1990 3114 72 27 place,
2073 3114 48 21 that
2131 3121 13 14 a
2160 3113 40 22 full
2211 3114 45 21 and
2272 3113 118 28 searching
2402 3114 91 21 investi-

1903 3141 78 28 gation
1991 3140 45 22 will
2044 3141 28 21 be
2082 3140 66 22 made
2160 3140 48 22 into
2220 3140 29 22 all
2264 3138 39 25 fhe
2321 3140 172 23 circumstances

1905 3169 26 21 of
1937 3168 38 21 the
1988 3167 145 27 transaction,
2144 3167 46 22 and
2199 3167 48 22 that
2255 3170 90 25 prompt
2356 3168 81 26 justice
2448 3166 46 23 will

1905 3196 28 21 be
1943 3195 68 22 done.

1935 3222 10 21 I
1962 3221 45 22 will
2022 3223 40 20 not
2076 3220 109 23 conclude
2202 3220 94 23 without
2310 3220 131 28 expressing
2455 3227 38 21 my

1879 3260 2 7 >
1905 3256 64 15 sense
1985 3248 26 21 of
2023 3247 38 22 the
2076 3247 151 27 promptitude
2243 3247 48 22 and
2307 3247 49 22 zeal
2365 3247 73 22 which
2447 3255 46 20 you

1905 3276 59 21 have
1974 3274 115 28 displayed
2098 3274 24 22 in
2131 3274 89 28 coming
2229 3274 95 22 forward
2334 3278 22 18 to
2362 3274 132 26 strengthen

1906 3302 39 22 the
1952 3301 75 23 hands
2036 3301 27 22 of
2072 3301 38 21 the
2129 3301 160 25 Government,
2304 3300 46 22 and
2365 3306 22 16 to
2402 3301 29 22 he
2444 3307 50 20 pre-

1905 3328 70 28 pared
1984 3331 22 18 to
2015 3328 66 22 resist
2089 3335 46 20 any
2143 3327 137 27 aggressions
2288 3334 29 15 on
2326 3327 38 21 the
2369 3330 50 24 part
2426 3325 28 24 of
2455 3327 40 22 the

1907 3356 100 26 Natives,
2018 3354 82 22 should
2115 3354 56 22 such
2180 3361 57 15 nave
2251 3354 59 21 been
2320 3354 175 28 contemplated*

1879 3392 2 9 i
1907 3383 12 22 I
1939 3390 37 14 am
1992 3382 73 27 happy
2074 3380 102 28 in'being
2185 3380 50 22 able
2249 3384 22 18 to
2288 3387 75 16 assure
2381 3388 46 20 you
2445 3380 50 23 that

1879 3414 2 14 ;
1906 3410 63 21 there
1979 3408 19 22 is
2006 3415 30 14 no
2046 3407 136 28 probability
2189 3408 25 21 of
2220 3414 57 20 your
2283 3407 67 27 being
2356 3403 73 26 called
2433 3414 60 20 upon

1906 3437 35 21 for
1950 3434 73 23 actual
2032 3434 92 27 service,
2136 3434 41 22 but
2190 3434 80 22 should
2284 3434 56 22 such
2349 3441 31 15 an
2389 3434 105 23 occasion

1879 3483 2 4 ,
1907 3464 63 25 arise,
1989 3462 12 22 I
2017 3460 57 23 shall
2089 3460 45 23 feel
2143 3460 49 22 that
2206 3460 13 22 I
2235 3467 53 28 may
2296 3460 49 28 rely
2355 3460 54 23 with
2423 3461 71 22 confi-

1879 3506 2 12 ,
1907 3490 70 22 dence
1986 3495 59 21 upon
2050 3495 62 20 .your
2128 3490 96 25 support,
2235 3488 46 21 and
2291 3488 12 21 I
2313 3487 57 23 shall
2380 3488 29 22 be
2423 3488 72 27 proud

1907 3520 22 19 to
1945 3516 63 28 place
2026 3514 83 28 myself
2126 3518 23 18 at
2166 3521 57 20 your
2240 3514 67 22 head.
2336 3514 32 23 At
2383 3514 37 23 the
2432 3521 61 16 same

1907 3544 54 21 time
1978 3542 12 22 I
2006 3541 73 23 would
2095 3540 109 28 earnestly
2217 3540 94 28 impress
2324 3548 62 20 upon
2401 3540 37 23 the
2451 3541 44 22 im-

1906 3573 107 25 portance
2032 3568 26 22 of
2079 3571 40 19 not
2142 3568 68 26 doing
2229 3567 108 28 anything
2351 3567 74 22 which
2441 3575 54 20 may

1879 3612 2 5 .
1897 3607 3 4 -
1908 3600 74 19 create
1997 3602 154 20 unnecessary,
2159 3595 76 26 alarm,
2246 3601 25 15 or
2288 3601 52 20 may
2350 3594 91 28 destroy
2454 3594 40 23 the

1879 3623 2 30 [
1908 3624 126 22 confidence
2045 3622 27 22 of
2078 3622 37 22 the
2122 3620 93 23 Natives
2223 3621 25 22 in
2257 3628 41 15 our
2305 3621 82 27 justice
2396 3621 47 22 and
2448 3621 47 24 for?

1879 3666 2 14 ,
1907 3651 110 22 bearance
2018 3660 28 5 —
2046 3649 30 28 by
2085 3648 92 28 leading
2185 3648 62 25 them
2255 3651 23 19 to
2288 3648 98 27 imagine
2396 3648 48 23 that
2456 3648 42 23 the

1908 3677 79 29 purely
2002 3676 115 23 defensive
2133 3682 114 15 measures
2264 3675 26 22 in
2305 3674 73 23 which
2392 3682 47 21 you
2457 3681 39 16 are

1879 3701 2 8 '
1909 3704 102 28 engaged
2016 3711 39 14 are
2063 3702 108 28 designed
2179 3705 22 19 to
2210 3702 29 22 be
2244 3702 129 23 afterwards
2379 3701 122 29 employed

1879 3747 2 7 ,
1908 3732 24 22 in
1941 3730 127 28 aggressive
2079 3730 101 22 warfare.

2034 3757 105 23 Arthur
2152 3756 103 23 Edward
2268 3755 147 29 M'Donogb,

1910 3785 75 23 Police
2005 3784 135 28 Magistrate
2157 3783 26 22 of
2194 3782 38 23 the
2247 3782 110 23 Southern
2371 3782 96 23 District
2476 3782 26 23 of

1880 3808 2 31 \
2001 3812 56 21 New
2068 3810 109 27 Zealand,
2188 3810 47 22 and
2244 3810 74 23 Cooks
2329 3810 87 23 Straits.

1937 3838 145 27 Wellington,
2094 3838 60 22 June
2162 3838 35 26 26,
2209 3838 61 21 1843.

1879 3862 2 30 !
1910 3870 143 24 ADDRESS
2062 3869 41 23 TO
2112 3869 66 22 THE
2192 3867 139 24 NATIVES
2345 3867 158 23 ALLUDED-

1880 3888 2 34 [
1972 3897 42 23 TO
2028 3896 36 22 IN
2078 3896 67 22 THE
2160 3895 78 23 LAST
2251 3895 185 22 DOCUMENT.

1880 3934 1 15 l
2090 3923 54 23 Port
2154 3921 128 28 Nicholson,
2295 3921 59 25 June
2362 3923 35 26 24,
2409 3922 63 24 1843.

1880 3961 2 14 r
1939 3951 141 27 Frienps,—
2081 3950 80 22 Listen
2176 3952 23 20 to
2212 3949 60 24 what
2286 3948 12 24 I
2309 3948 38 24 the
2361 3948 75 24 Police
2447 3947 54 23 Ma-

216 48 333 37 SUPPLEMENT
579 48 68 35 TO
671 47 104 36 THE
801 48 119 39 NJEW
946 45 247 43 ZEALAND
1212 48 245 39 J&AZETTE
1489 48 108 35 AND
1623 45 344 37 WELLINGTON
1993 45 306 36 SPECTATOR.

50 136 79 28 pistols
137 135 44 23 and
191 143 43 15 one
242 136 166 28 fowling-piece
417 143 83 20 among
508 136 71 21 them.
612 135 22 22 It

50 169 92 26 appear*
151 162 50 23 that
210 162 37 23 the
257 166 65 24 party
331 162 41 22 left
381 162 32 27 by
426 162 44 23 Mr.
488 161 107 23 Cotterell
610 164 25 19 at

52 189 91 22 Wairau
151 188 47 23 had
205 189 57 22 been
271 188 125 28 compelled
405 189 38 27 by,
448 188 37 22 the
500 188 95 22 Natives
610 191 23 18 to

50 215 74 23 follow
133 214 47 23 him
190 223 29 14 on
228 216 36 21 hia
273 223 50 19 way
331 218 24 19 to
365 215 92 26 Nelson,
473 215 24 21 in
516 214 38 22 the
568 214 65 22 Com-

50 242 79 28 pany's
135 241 63 28 large
207 242 59 27 boat,
325 248 58 15 were
393 244 53 19 met.
446 241 30 27 by
483 241 44 21 Mr.
534 240 100 28 Thomp-

50 275 41 15 son
101 276 11 14 »
120 272 71 24 party,
200 268 44 23 and
251 268 109 22 returned
369 267 53 22 with
431 267 61 22 them
502 270 22 19 to
531 267 101 27 Wairau,

50 302 62 15 some
120 302 24 15 in
155 295 37 23 the
202 295 52 22 boat
263 294 46 22 and
318 301 61 15 some
388 293 26 22 in
428 293 36 22 the
478 294 156 21 Government

48 322 52 27 brig
120 322 100 26 Victoria,
241 321 73 24 which
329 320 100 27 brought
446 320 39 23 the
498 320 135 27 Magistrate

34 364 4 4 -
50 348 59 22 from
119 348 95 23 Nelson:
259 351 2 8 '

76 374 49 23 The
135 374 70 23 whole
213 376 65 25 party
286 373 83 23 landed
378 381 31 15 on
418 373 37 23 the
464 374 53 22 15th
526 374 47 22 and
581 373 64 24 16th,,

50 401 28 22 of
95 401 67 27 June,
177 400 45 23 and
235 400 127 27 proceeded
376 407 31 16 on
422 401 37 22 the
475 401 118 22 afternoon
611 401 27 21 of

51 427 90 28 Friday,
152 428 37 21 the
201 427 58 28 16th,
270 428 69 21 about
348 427 44 22 five
402 427 64 22 miles
475 435 31 18 up
515 427 39 22 the
560 427 74 25 banks

51 455 27 21 of
88 454 37 21 the
136 454 58 21 river
203 458 22 17 to
235 461 14 14 a
258 454 72 27 wood,
429 454 53 26 they
490 454 110 28 expected
606 457 28 18 -to

49 481 50 22 ■find
117 480 38 21 the
170 481 102 22 Natives.
310 481 104 22 Muskets
430 481 45 22 and
490 488 15 14 a
513 481 121 22 cartouche

50 508 46 21 box
110 507 24 28 qf,
146 507 46 22 ball
209 507 121 28 cartridges
341 507 55 22 with
410 507 61 28 each,
487 514 58 15 were
560 507 75 22 distri-

49 533 68 22 buted
135 540 30 15 on
183 533 38 22 the
241 534 82 28 Friday
347 533 96 29 evening
459 534 47 22 and
523 534 111 27 Saturday

42 560 116 27 :nv>rning,
169 560 47 23 and
225 560 105 23 cutlasses
341 564 22 19 to
373 567 25 16 as
407 568 68 20 many
487 568 23 14 as
520 560 81 23 choose
611 565 23 18 to

35 590 3 4 '
47 587 61 24 /avail
118 587 137 22 -themselves
271 588 26 21 of
308 588 70 22 them.
418 587 48 22 The
483 587 70 22 whole
569 590 66 25 party

50 613 58 29 slept
122 617 23 18 at
161 621 14 14 a
189 614 63 23 wood
267 615 74 22 called
349 615 49 22 Tau
409 615 110 22 Maatine.
562 615 25 22 It
595 622 40 20 ap-

49 648 65 21 pears
128 641 49 21 that
189 641 37 22 the
240 644 141 19 movements
395 641 25 22 of
440 641 36 22 the
490 644 66 25 party
575 648 59 15 were

43 667 108 22 'watched
162 668 45 21 and
214 668 104 27 reported
327 669 31 27 by
363 670 80 25 scouts,
452 668 23 21 in
483 675 152 20 consequence

51 694 25 22 of
88 694 74 22 which
170 694 37 22 the
216 694 94 23 Natives
320 694 45 23 had
374 694 82 23 moved
464 694 88 23 further
561 702 31 25 up
597 695 38 22 the

49 721 66 26 river,
126 721 44 22 and
179 721 49 22 that
236 721 53 28 they
303 729 60 15 were
375 721 86 27 joined,
474 722 25 21 in
513 722 38 21 the
560 721 73 28 night,

43 748 37 27 •by
89 751 43 18 two
141 754 81 15 canoes
231 748 42 22 full
282 748 26 21 of
318 751 87 25 people.
442 748 64 27 They
516 748 55 23 then
581 755 54 15 con-

43 774 75 23 sisted
125 775 27 21 of
163 775 68 22 about
240 776 27 21 80
276 782 24 15 or
309 776 29 21 90
347 783 60 19 men,
417 776 28 21 40
454 775 26 21 of
490 775 74 22 whom
575 782 58 15 were

50 801 78 22 armed
146 801 54 22 with
222 801 107 28 muskets,
353 802 37 22 the
413 805 44 19 rest
480 801 78 22 armed
581 801 53 24 with

42 827 150 28 'tomahawks,
200 828 87 22 besides
297 836 87 17 women
395 829 47 21 and
449 828 117 23 children.'
597 829 38 21 On

50 854 110 28 Saturday
175 855 110 27 morning,
302 855 77 22 before
395 862 101 20 sun-me,
514 858 43 19 two
570 855 65 22 boats

48 881 83 27 having
137 881 58 22 been
202 881 95 28 brought
303 889 31 21 up
339 882 37 22 the
386 882 64 27 river,
459 882 38 21 the
505 882 130 27 Europeans

49 907 121 26 embarked
187 908 23 23 in
227 909 61 22 them
307 909 47 22 and
372 909 110 22 ascended
497 909 70 21 about
585 909 51 22 four

49 935 64 22 miles
130 934 86 23 further
233 942 38 21 up.
308 935 65 28 They
388 936 55 21 then
456 936 70 21 found
536 935 50 22 that
595 935 39 22 the

49 961 93 22 Natives
158 969 58 15 were
234 962 78 27 posted
331 969 30 15 on
370 968 3 3 '
380 962 39 22 the
433 962 58 28 right
507 963 62 22 bank,
584 963 26 21 of
622 970 13 14 a

37 996 6 6 *
49 988 146 28 deep<rivulet
203 988 73 23 called
285 989 49 22 Tua
350 989 97 26 Marino,
464 990 69 21 about
545 991 29 20 30
588 989 47 22 feet

48 1015 65 27 wide,
123 1018 40 19 not
172 1015 107 27 fordable,
290 1016 46 21 and
344 1016 91 27 flowing
441 1016 47 21 into
496 1016 37 22 the
541 1016 94 22 Wairau

40 1048 37 15 •on
88 1041 38 22 the
135 1042 41 22 left
184 1042 59 22 bank
249 1043 27 21 of
281 1042 24 22 it.
320 1042 49 22 The
379 1043 130 27 Europeans
518 1043 117 21 advanced

40 1068 54 22 'and
103 1068 78 28 placed
192 1069 132 21 themselves
334 1069 101 31 opposite
444 1072 22 18 to
482 1069 38 21 the
536 1069 97 22 Natives

50 1102 28 14 on
89 1095 39 22 the
137 1095 40 22 left
186 1095 61 22 bank
257 1096 26 20 of
293 1095 38 22 the
342 1096 87 27 rivulet,
441 1095 52 22 with
509 1103 13 14 a
537 1095 44 22 hill
594 1096 40 21 be-

49 1121 57 22 hind
115 1121 61 22 them
186 1121 96 22 covered
290 1122 54 21 with
353 1123 50 20 fern
414 1122 42 21 and
468 1122 106 27 manuka,
590 1123 45 22 and

50 1148 86 28 sloping
144 1149 103 27 upwards
258 1149 51 21 with
317 1149 87 21 several
414 1149 70 22 brows
494 1156 24 15 or
528 1152 105 19 terraces.

50 1175 48 22 The
108 1175 94 22 Natives
208 1182 56 15 were
276 1182 28 15 on
315 1175 68 22 about
389 1183 14 14 a
413 1178 89 25 quarter
511 1175 26 22 of
544 1183 30 14 an
584 1183 51 14 acre

49 1202 26 21 of
85 1201 88 23 cleared
181 1202 95 27 ground,
286 1202 55 22 with
350 1210 13 14 a
372 1203 68 21 dense
450 1203 84 22 thicket
550 1202 86 23 behind

49 1228 69 22 them.
160 1228 48 23 The
231 1229 75 22 Police
330 1229 131 28 Magistrate
486 1229 72 22 called
576 1236 60 21 upon

50 1255 135 28 Eauparaha
194 1255 43 22 and
254 1255 162 28 Rangihaeata,
426 1256 44 22 and
486 1257 119 27 requested
622 1264 14 15 a

50 1290 70 14 canoe
131 1285 22 19 to
161 1283 29 21 be
201 1282 77 28 placed
288 1290 74 15 across
371 1283 38 22 the
419 1283 80 22 rivulet
508 1285 22 19 to
547 1283 58 22 form
622 1291 15 14 a

50 1309 85 27 bridge,
146 1309 73 22 which
229 1317 44 14 was
283 1309 58 22 done
351 1310 29 27 by
396 1310 37 21 the
449 1310 102 22 Natives.
586 1310 49 22 The

50 1339 128 24 magistrate
188 1336 52 22 with
249 1336 38 21 the
297 1337 127 21 constables
440 1337 45 21 and
499 1337 136 27 interpreter

50 1363 46 21 and
106 1370 61 14 some
178 1363 26 22 of
214 1363 38 22 the
262 1363 128 27 gentlemen
407 1363 89 22 crossed
513 1371 61 19 over,
591 1364 46 22 and

50 1389 91 22 entered
151 1390 48 21 into
209 1397 13 14 a
231 1390 76 28 parley
316 1390 54 22 with
381 1390 38 22 the
428 1390 99 22 Natives.
557 1390 29 23 In
597 1390 39 22 the

50 1417 120 21 meantime
189 1417 38 21 the
245 1424 52 15 men
313 1424 30 15 on
358 1417 38 22 the
414 1418 62 21 other
491 1417 55 27 side,
563 1417 74 23 under

51 1450 67 15 cover
127 1444 26 21 of
163 1451 14 14 a
186 1443 64 22 small
260 1443 92 28 thicket,
363 1451 58 14 were
431 1444 88 22 divided
528 1444 49 22 into
592 1448 44 19 two

50 1470 88 27 parties,
149 1470 72 22 under
230 1471 38 21 the
273 1471 120 22 command
399 1471 26 21 of
432 1471 91 27 Captain
530 1471 107 27 England

49 1497 44 21 and
103 1497 44 22 Mr.
158 1497 105 22 Howard.
293 1498 45 21 Mr.
349 1497 135 28 Thompson,
492 1498 98 27 through
595 1498 40 21 the

42 1523 144 28 -interpreter,
198 1524 118 27 explained
325 1524 39 22 the
374 1528 102 19 contents
486 1525 25 21 of
522 1525 38 22 the
576 1532 56 15 war-

49 1554 56 17 rant.
135 1551 37 22 He
182 1551 48 22 said
242 1551 47 21 that
297 1551 29 22 he
336 1559 46 14 was
392 1551 37 22 the
445 1552 100 23 Queen's
560 1559 75 21 repre-

52 1578 114 26 sentative,
186 1577 48 22 that
250 1578 19 21 it
285 1577 44 22 had
344 1578 94 27 nothing
452 1582 23 17 to
492 1578 27 21 do
537 1578 54 23 with
598 1579 39 22 the

50 1603 61 28 land,
122 1606 47 20 and
182 1604 70 22 called
269 1611 59 22 upon
344 1605 134 27 Rauparaha
491 1605 46 22 and
552 1606 85 26 Rangi-

51 1630 81 22 haeata
139 1635 23 18 to
172 1631 117 22 surrender
294 1640 6 18 ;
317 1632 45 21 Mr.
377 1632 127 27 Thompson
520 1639 45 15 was
583 1640 54 20 very

50 1657 68 22 much
129 1658 93 27 excited,
233 1658 45 21 and
287 1658 90 28 pointed
388 1663 23 17 to
428 1659 36 22 the
480 1659 77 22 armed
573 1667 60 14 men.

45 1684 56 21 The
115 1684 81 23 Native
212 1685 70 22 chiefs
296 1685 89 22 refused
400 1689 22 18 to
437 1686 130 27 surrender;
584 1686 52 28 they

43 1711 56 21 -said
115 1711 47 22 that
177 1711 53 33 they
245 1712 73 21 would
331 1716 41 18 not
387 1712 61 28 fight,
464 1712 49 23 that
529 1713 54 27 they
597 1721 40 14 ex-

50 1738 79 27 pected
139 1738 38 24 the
186 1738 81 22 arrival
274 1739 25 22 of
306 1739 45 22 Mr.
362 1740 67 27 Spam
438 1740 45 21 and
494 1739 44 22 Mr.
546 1740 89 27 Clarke,

44 1765 51 21 •and
104 1764 73 23 would
186 1765 57 22 have
253 1773 14 14 a
274 1765 47 22 talk
331 1766 65 21 when
412 1766 52 28 they
479 1770 71 19 came;
586 1766 49 23 The

44 1795 101 18 •warrant
153 1799 46 15 was
207 1792 118 28 presented
335 1796 21 18 to
367 1793 38 22 the
416 1793 69 22 chiefs
490 1796 43 19 two
540 1801 25 14 or
574 1794 63 22 three

50 1818 72 27 times,
139 1818 45 23 and
200 1826 28 15 on
239 1819 55 22 each
307 1820 104 21 occasion
421 1820 68 22 about
498 1822 26 20 16
534 1820 101 28 Natives,

49 1845 52 35 why
111 1846 43 21 had
170 1846 56 24 been
240 1846 83 27 sitting,
344 1853 84 21 sprung
442 1854 61 20 upon
518 1847 59 22 their
586 1848 47 21 feet

50 1874 47 19 and
106 1872 95 23 levelled
220 1872 58 23 their
286 1873 104 22 'muskets
405 1878 24 17 at
443 1874 37 21 the
497 1874 138 28 Europeans.

52 1898 44 23 Mr.
111 1898 127 29 Thompson
257 1899 52 22 then
323 1900 94 22 ordered
427 1900 37 23 the
476 1908 53 15 men
541 1905 22 18 to
575 1909 60 14 cross

43 1925 46 22 4he
99 1926 65 26 river,
175 1926 72 22 which
263 1926 53 28 they
331 1927 75 27 began
421 1930 22 19 to
457 1927 35 28 do,
513 1928 66 27 using
598 1928 39 22 the

52 1959 69 15 canoe
131 1960 24 15 as
165 1960 13 14 a
187 1953 85 27 bridge,
283 1954 65 21 when
359 1961 41 15 one
411 1955 26 21 of
443 1954 62 23 them
515 1955 120 27 stumbled,

52 1979 89 23 andftis
149 1980 63 27 piece
221 1985 61 17 went
290 1981 35 21 off
335 1981 154 28 accidentally,
497 1982 41 21 but
548 1981 40 22 did
597 1985 40 18 not

52 2005 40 22 kill
108 2014 25 14 or
154 2007 81 22 wound
260 2014 42 20 any
319 2015 56 20 one;
398 2008 91 28 directly
506 2009 37 21 the
562 2013 76 23 report

51 2039 45 16 was
105 2032 76 29 heard,
193 2034 38 21 the
241 2034 93 22 Natives
341 2035 95 27 jumped
445 2043 37 18 up,
497 2036 46 21 and
553 2036 94 26 poured,-

35 2059 110 29 fnftfAfy
149 2064 103 23 amongst
258 2059 36 23 the
301 2059 139 29 Europeans.
452 2062 49 21 The
509 2062 128 26 gentlemen

51 2086 124 28 attempted
181 2087 53 22 then
243 2091 22 18 to
271 2094 95 15 re-cross
370 2088 39 21 the
414 2088 80 21 rivulet
501 2088 29 27 by
537 2095 14 14 a
557 2095 41 14 can
602 2095 34 19 oe,

51 2114 46 22 and
104 2114 23 21 in
131 2121 24 15 so
162 2114 68 27 doing
234 2118 47 18 met
286 2114 58 22 their
348 2121 48 15 own
402 2121 59 20 men,
468 2114 73 23 which
547 2116 91 21 created

52 2140 122 28 confusion,
190 2140 46 23 and
251 2140 87 23 several
352 2140 39 23 fell
410 2142 109 21 wounded
535 2142 49 21 into
598 2142 39 21 the

50 2171 75 19 water.
169 2168 92 27 Captain
282 2167 126 23 Wakefield
431 2168 71 22 called
518 2175 63 21 upon
600 2168 38 23 his

50 2201 54 16 men
114 2198 21 19 to
144 2195 66 24 retire
220 2202 30 20 up
261 2194 37 23 the
307 2194 42 23 hill
358 2195 47 22 and
416 2195 54 22 form
481 2203 30 14 on
520 2194 38 23 the
569 2196 67 22 brow.

52 2221 64 27 They
125 2222 72 26 began
208 2224 22 19 to
240 2222 29 21 do
285 2229 30 14 so.
359 2222 32 22 At
410 2222 42 21 this
470 2226 101 18 moment
586 2223 19 21 it
617 2222 21 22 is

45 2248 146 22 .ascertained
213 2248 49 22 that
284 2248 38 22 the
346 2248 94 23 Natives
463 2256 56 15 were
544 2256 30 15 on
598 2250 38 21 the

52 2274 63 33 point
124 2276 26 21 of
163 2275 76 27 taking
248 2279 23 18 to
285 2275 70 27 flight,
367 2276 64 21 when
440 2276 134 28 Rauparaha
590 2284 48 14 see-

51 2309 39 21 ing
101 2302 36 22 the
148 2304 87 25 retreat,
246 2302 90 22 excited
345 2302 34 22 his
390 2310 58 19 men,
465 2303 46 22 and
524 2303 85 27 raising
625 2311 13 14 a

51 2336 46 15 war
106 2336 38 20 cry
153 2329 54 27 they
216 2329 77 22 darted
302 2336 73 15 across
384 2329 39 22 the
434 2330 80 22 rivulet
523 2330 46 22 and
584 2337 54 21 pur-

51 2356 55 22 sued
128 2356 38 21 the
189 2356 137 28 Europeans,
342 2356 37 22 the
394 2357 103 28 majority
516 2356 25 23 of
562 2359 75 20 whom

51 2389 69 16 never
135 2382 81 27 halted,
232 2383 41 22 but
287 2383 47 21 fled
349 2384 73 21 round
437 2383 36 22 the
489 2384 59 22 sides
562 2384 28 21 of
600 2384 38 22 the

48 2409 44 22 ■hill
102 2410 42 22 and
154 2409 102 28 escaped.
292 2410 49 21 The
360 2410 132 28 gentlemen,
513 2411 50 22 who
579 2419 58 14 were

47 2436 119 28 ■unarmed,
177 2437 159 27 accompanied
350 2437 31 27 by
396 2445 14 14 a
424 2438 65 22 small
504 2438 98 22 number
616 2439 25 21 of

52 2463 38 22 the
99 2470 61 20 men,
170 2464 88 21 formed
273 2471 61 21 upon
351 2464 37 22 the
404 2464 40 22 hill
459 2464 45 23 and
518 2465 38 27 lay
575 2465 71 22 down'

52 2493 22 20 to
85 2490 65 23 await
158 2490 38 23 the
206 2490 82 23 arrival
296 2491 26 22 of
333 2490 38 23 the
381 2491 101 23 Natives.
510 2492 65 27 They
584 2492 54 22 then

52 2516 115 24 exhibited
176 2525 14 15 a
203 2517 67 23 white
284 2518 165 23 handkerchief
459 2527 25 14 as
501 2526 14 14 a
530 2519 69 21 token
615 2519 27 22 of

52 2552 75 20 peace,
137 2544 73 23 which
219 2553 45 15 was
282 2546 136 22 understood
433 2547 28 27 by
477 2546 39 22 the
533 2546 104 22 Natives.

52 2572 95 28 Captain
156 2572 127 23 Wakefield
291 2573 55 21 then
354 2573 93 21 ordered
454 2573 37 22 the
508 2573 131 27 Europeans

54 2603 22 19 to
86 2600 84 23 deliver
179 2608 31 20 up
219 2600 58 22 their
287 2607 66 20 arms,
370 2600 73 22 which
457 2600 54 26 they
527 2599 47 27 did,
593 2600 46 22 and

53 2627 92 23 became
160 2627 111 28 prisoners
285 2627 25 22 in
321 2627 38 22 the
369 2626 72 23 hands
449 2626 26 22 of
487 2627 37 21 the
536 2626 101 22 Natives.

51 2654 67 29 They
132 2662 57 15 were
205 2654 105 27 standing
326 2654 85 28 quietly
420 2654 23 21 in
459 2661 14 14 a
488 2661 72 19 group,
573 2654 65 22 when

51 2681 163 28 Rangihaeata,
224 2681 50 23 who
283 2680 46 22 had
339 2681 50 26 just
398 2680 129 22 discovered
537 2680 49 22 that
596 2687 43 15 one

47 2709 33 22 *of
85 2709 35 22 his
130 2709 66 22 wives
212 2708 44 22 had
265 2708 58 22 been
339 2707 71 23 killed
424 2708 28 27 by
461 2715 14 14 a
491 2707 86 22 chance
587 2707 51 28 ball,

52 2743 68 15 ■came
128 2743 30 20 up
168 2735 46 22 and
219 2735 48 23 said
276 2737 23 19 to
309 2734 141 28 Rauparaha,
488 2734 72 22 Don't
569 2735 72 26 forget

53 2770 58 21 your
281 2761 135 28 Rauparaha
425 2765 33 18 sat
467 2761 46 22 still
525 2761 47 22 and
585 2768 55 15 con-

53 2789 86 28 tented,
145 2789 45 23 and
196 2789 162 27 Rangihaeata,
365 2789 54 21 with
426 2788 33 22 his
468 2796 48 14 own
523 2788 70 27 hand,
600 2791 42 25 put

53 2820 23 20 to
87 2817 67 22 death
170 2816 39 22 the
222 2816 72 22 whole
304 2816 26 22 of
337 2816 37 22 the
389 2815 116 28 prisoners.
535 2815 67 22 Some
618 2816 27 21 of

54 2844 38 22 the
110 2843 111 24 survivors
239 2843 69 22 found
326 2843 58 21 their
403 2850 47 19 way
467 2846 23 18 to
510 2841 38 23 the
567 2841 73 23 beach

54 2871 96 28 through
169 2871 38 21 the
223 2877 100 20 swamps,
338 2869 46 23 and
399 2876 57 16 were
469 2869 81 28 picked
565 2876 32 20 up
610 2869 30 28 by

54 2898 71 23 whale
139 2899 65 21 boats
219 2897 39 22 the
275 2904 61 15 same
345 2896 72 27 night,
433 2895 73 23 others
520 2896 121 22 wandered

55 2926 48 22 into
113 2925 37 23 the
166 2924 126 23 mountains
301 2923 47 23 and
356 2923 44 22 lost
409 2923 133 22 themselves
554 2923 88 21 several

57 2953 61 27 days.
144 2952 49 22 The
207 2951 42 22 last
264 2951 26 22 of
301 2951 62 21 these
378 2949 97 23 reached
490 2950 53 22 Port
553 2949 90 23 Under-

56 2979 64 22 wood
130 2986 30 15 on
168 2977 148 28 Wednesday,
323 2977 85 26 having
417 2977 72 21 tasted
498 2984 30 14 no
538 2977 55 21 food
602 2977 41 21 but

57 3007 63 22 three
130 3006 91 27 turnips,
231 3005 72 22 which
316 3005 30 21 he
361 3004 81 27 picked
451 3011 31 20 up
490 3011 30 15 on
530 3003 112 28 Tuesday.

59 3034 33 21 As
111 3040 55 15 soon
184 3040 25 14 as
222 3031 39 23 the
279 3031 94 22 Natives
392 3030 45 22 had
449 3030 142 28 perpetrated
605 3030 38 22 the

54 3061 70 26 .deed,
139 3060 54 27 they
207 3057 64 23 rifled
284 3058 39 22 the
337 3057 80 23 bodies
433 3059 24 20 of
468 3064 14 14 a
492 3057 44 22 few
546 3057 96 27 articles,

54 3088 50 24 «nd
113 3085 109 24 retreated
231 3088 23 19 to
264 3085 37 22 the
311 3084 80 23 mouth
406 3084 27 22 of
438 3083 37 23 the
484 3085 67 21 river.
580 3084 64 28 They

59 3114 82 27 shortly
158 3113 58 22 after
229 3111 135 23 abandoned
379 3110 87 28 Cloudy
482 3111 54 28 Bay,
556 3118 88 14 accom-

59 3141 83 29 panied
160 3140 29 27 by
199 3139 30 23 all
247 3138 38 22 the
304 3138 100 22 resident
422 3138 100 22 Natives.
552 3138 38 21 On
605 3138 39 22 the

60 3167 110 28 Saturday
184 3166 124 25 afternoon,
330 3165 44 23 Mr.
389 3165 103 27 Tuckett,
510 3165 45 22 and
570 3165 75 22 others

59 3195 51 24 who
125 3194 45 22 had
187 3193 93 28 escaped
294 3191 97 28 through
407 3191 38 23 the
457 3192 44 22 low
510 3191 98 27 grounds
623 3195 22 18 to

60 3222 39 22 the
115 3220 78 27 beach,
208 3224 34 18 set
256 3219 41 23 sail
312 3219 36 22 for
363 3219 135 27 Wellington
515 3221 22 19 to
551 3226 94 19 procure

61 3249 127 26 assistance,
199 3247 44 22 and
251 3246 90 22 arrived
354 3245 24 23 in
388 3245 38 23 the
437 3245 71 28 night.
536 3245 22 22 A
569 3245 76 27 public

61 3275 97 27 meeting
172 3281 45 16 was
231 3273 71 23 called
319 3273 38 21 the
373 3273 48 21 first
431 3273 63 26 thing
508 3278 29 16 on
553 3272 93 27 Sunday

60 3302 112 27 morning,
183 3301 45 22 and
238 3301 26 22 70
271 3300 127 22 volunteers
405 3299 106 27 enrolled,
518 3302 23 18 to
551 3299 95 27 proceed

60 3332 24 19 to
93 3328 86 28 Cloudy
188 3328 59 27 Bay;
264 3327 37 22 the
312 3327 50 27 brig
370 3326 71 23 sailed
449 3326 38 22 the
497 3332 61 16 same
569 3333 78 15 morn-

60 3356 47 27 ing,
117 3356 41 22 but
172 3355 18 22 it
204 3353 90 28 coming
312 3361 30 15 on
358 3357 23 19 to
400 3353 57 23 blow
473 3360 14 15 a
496 3352 86 22 violent
595 3353 52 26 gale

60 3383 59 22 from
134 3382 37 22 the
184 3381 59 26 S.E.,
260 3381 39 22 she
313 3388 47 15 was
376 3380 88 27 obliged
478 3383 24 18 to
518 3379 85 23 anchor
613 3380 35 22 for

60 3412 51 20 two.
123 3409 61 27 days,
202 3408 64 22 when
281 3407 37 22 the
335 3407 67 22 mode
416 3408 26 20 of
450 3407 138 28 proceeding
602 3414 45 14 was

57 3436 96 27 .altered,
167 3435 45 22 and
231 3442 13 14 a
262 3434 131 28 deputation
412 3434 57 22 from
483 3434 38 22 the
537 3433 74 22 bench
626 3433 25 22 of

60 3463 145 27 .Magistrates
212 3461 106 22 returned
323 3461 24 21 in
353 3461 37 22 the
398 3461 50 27 brig
456 3468 31 15 on
494 3459 152 28 Wednesday.

59 3490 42 24 iOn
110 3489 57 22 their
176 3488 81 23 arrival
266 3491 24 18 at
299 3487 87 28 Cloudy
395 3488 55 27 Bay,
461 3488 54 27 they
522 3487 73 22 found
600 3487 49 22 that

62 3516 49 23 Mr.
125 3515 108 28 Ironside,
247 3514 38 23 the
305 3514 118 27 Wesleyan
442 3515 141 26 Missionary,
602 3513 47 23 had

56 3542 130 32 jprocteded
212 3541 54 23 with
292 3544 44 19 two
362 3541 71 22 boats'
464 3548 130 21 companies
626 3541 26 21 of

57 3568 102 27 '.whalers
169 3572 24 19 to
200 3568 59 23 inter
268 3567 38 23 the
322 3567 85 28 bodies,
417 3568 72 23 which
503 3569 54 27 they
567 3567 38 23 did
621 3574 29 15 on

62 3596 40 25 the
119 3595 86 28 ground
224 3595 71 22 where
311 3594 54 27 they
379 3595 47 22 fell.
441 3593 4 3 '
455 3597 23 20 It
492 3602 94 21 appears
600 3594 50 22 that

59 3624 44 25 .the
116 3622 95 25 Natives
364 3628 58 15 were
438 3623 73 22 seized
522 3621 55 23 with
586 3624 64 25 great

64 3653 77 23 terror,
146 3648 51 25 jmd
207 3648 48 25 .had
272 3648 89 22 formed
377 3648 39 22 the
435 3648 171 23 determination
626 3648 28 22 of

62 3677 94 27 retiring
160 3683 35 25 -up
205 3675 37 23 the
252 3675 137 26 Manawatu,
402 3678 22 19 to
434 3682 13 15 a
455 3675 98 23 fortified
565 3675 46 28 pah
625 3675 24 22 in

63 3704 39 22 the
121 3704 98 25 interior,
230 3698 66 25 there"'
307 3704 23 19 to
346 3701 66 22 await
426 3702 37 23 the
479 3710 131 20 vengeance
627 3701 27 22 of

64 3730 40 23 the
111 3730 65 23 white
185 3736 60 20 men,
253 3728 74 23 which
336 3728 53 27 they
395 3727 55 30 fully
456 3729 113 28 expected,
576 3729 75 22 would

64 3757 83 22 follow.
423 3778 5 8 ,

94 3791 48 23 The
151 3790 111 27 following
272 3789 20 22 is
302 3796 14 16 a
322 3789 39 23 list
372 3788 26 22 of
405 3788 37 23 the
446 3788 76 29 killed,
531 3790 118 27 wounded,

65 3817 46 25 find
120 3818 91 27 missing
217 3828 36 11 .—

313 3856 94 16 KILLED.

148 3888 92 29 Captain
250 3886 132 27 Wakefield,

135 3915 106 28 •Xaptain
246 3913 117 28 .England,

134 3960 4 4 .
149 3941 47 23 Mr.
205 3941 33 23 H.
247 3941 31 22 A.
287 3940 136 27 Thompson,

148 3978 29 12 r-
204 3968 29 24 G,
243 3967 30 24 R.
284 3966 149 27 Richardson,

52 53 23 30 2
