2550 4050
700 143 74 24 Much
781 148 76 21 .stress
867 143 42 25 has
920 143 59 24 been
997 143 45 24 laid
1061 150 61 24 upon
1141 142 39 24 the
1191 142 60 23 acci-

668 176 76 24 dental
764 176 67 24 death
843 177 26 23 of
889 175 39 25 the
941 183 88 18 woman
1040 175 91 25 alluded
1141 179 24 20 to
1177 176 23 22 in
1213 174 38 24 the

668 209 69 24 above
750 209 140 24 documents.
926 209 62 24 That
1007 209 40 23 she
1064 208 45 24 had
1131 216 13 16 a
1156 207 60 25 child
1227 208 24 22 in

668 242 42 24 her
722 250 61 16 arms
793 243 21 22 is
824 250 34 15 we
868 241 87 24 believe
973 245 83 20 untrue
1066 251 7 19 ;
1093 241 45 24 and
1149 241 50 24 that
1211 240 39 23 she

667 282 47 17 was
723 283 15 16 a
748 275 113 24 favourite
870 275 52 23 wife
935 274 25 24 of
969 274 166 32 Rangihaeata,
1147 282 26 15 or
1186 273 65 24 stood

668 308 24 24 in
704 315 14 17 a
727 308 97 24 relation
835 307 97 24 towards
944 306 49 25 that
1012 307 61 24 chief
1088 306 125 25 calculated
1228 310 22 19 to

669 341 68 24 touch
748 341 31 30 by
790 341 41 25 her
843 339 68 25 death
928 348 45 23 any
983 339 85 32 feeling
1087 341 25 23 in
1128 339 37 24 his
1175 339 76 25 breast

670 378 81 27 except
762 378 168 24 covetousness,
943 374 21 22 is
978 373 117 31 generally
1104 372 145 25 disbelieved.

670 406 24 24 It
704 407 20 23 is
737 406 74 24 stated
822 414 29 16 on
871 413 55 24 very
937 406 60 31 good
1016 405 116 32 authority
1141 405 50 25 that
1210 405 40 24 she

668 439 46 24 had
725 439 35 24 till
770 447 55 23 very
837 439 87 31 shortly
930 439 78 24 before
1014 439 39 24 the
1057 436 13 27 '
1070 436 112 27 Massacre
1193 438 58 24 been

668 472 72 31 living
749 472 56 24 with
822 480 15 15 a
855 476 66 27 party
932 472 26 23 of
972 471 103 30 whalers,
1096 479 29 17 an
1143 479 107 22 arrange-

670 510 61 19 ment
741 505 32 31 by
784 505 74 23 which
874 505 39 23 the
934 504 72 24 chiefs
1023 505 54 31 gain
1096 513 12 15 a
1119 505 78 31 profit,
1212 504 39 23 but

669 542 23 20 to
702 538 74 24 which
788 538 54 31 they
851 545 70 16 never
930 537 89 31 subject
1028 545 14 16 a
1050 538 51 23 wife
1110 538 26 22 of
1144 545 45 24 any
1197 537 53 24 cha-

668 575 81 25 racter,
769 578 26 16 or
815 571 36 23 for
870 570 74 24 whom
960 571 54 31 they
1030 570 57 24 have
1105 578 43 24 any
1160 570 89 31 regard.

670 604 40 24 He
726 603 46 24 had
780 603 50 32 just
849 603 106 24 removed
977 603 41 24 her
1035 602 37 33 (as
1092 604 19 23 it
1129 604 19 23 is
1166 602 84 32 stated)

670 637 59 24 from
741 644 43 16 one
791 636 99 31 whaling
899 641 67 27 party
978 640 24 22 in
1014 637 64 24 order
1089 642 23 18 to
1124 637 76 23 barter
1211 637 40 22 her

669 674 22 19 to
703 670 102 29 another,
816 670 74 23 which
910 670 123 24 accounted
1044 670 35 23 for
1089 670 43 23 her
1147 670 71 31 being
1227 670 24 23 in

668 703 36 23 his
717 710 118 24 company.
871 703 48 24 She
930 710 47 17 was
988 711 26 15 so
1033 703 59 23 little
1103 703 112 31 regarded
1226 710 24 16 as

669 744 13 15 a
693 736 50 24 wife
755 736 26 24 of
790 736 167 31 Rangihaeata,
965 743 26 17 as
1002 741 22 19 to
1037 736 27 24 be
1075 736 85 24 known
1170 743 81 24 among

669 768 38 25 the
728 769 97 24 whalers
845 778 26 15 as
889 769 61 25 Mrs.
971 782 32 4 —
1005 787 7 12 ,
1030 769 38 24 the
1086 777 67 16 name
1174 769 25 23 of
1214 769 37 24 the

668 807 66 26 party
751 802 56 25 with
829 802 74 25 whom
924 802 41 24 she
983 802 45 24 had
1048 802 55 31 long
1123 802 126 24 cohabited.

669 835 51 24 The
732 840 50 20 true
793 836 88 31 ground
892 836 26 23 of
932 835 39 24 the
987 835 158 24 cold-blooded
1158 835 93 24 Massa-

669 876 35 16 cre
723 868 74 24 which
816 868 108 24 occurred
943 868 57 24 after
1021 868 38 24 the
1080 873 131 24 encounter,
1232 869 19 22 is

668 901 50 24 said
729 906 24 19 to
765 901 58 24 have
834 902 58 23 been
903 901 40 23 the
950 901 90 24 natural
1047 901 96 31 ferocity
1152 901 26 24 of
1185 901 66 24 Ran-

668 934 113 32 gihaeata,
802 934 45 24 and
868 943 12 15 a
897 934 86 31 feeling
1001 933 135 33 (expressed
1150 934 31 32 by
1191 933 60 33 him)

669 968 49 23 that
723 976 25 15 as
753 967 30 25 he
791 967 44 24 and
840 967 141 31 Rauparaha
988 968 74 23 would
1068 967 111 32 certainly
1183 968 68 24 suffer

667 1001 36 24 for
715 1001 59 24 what
794 1001 55 31 they
868 1001 45 24 had
934 1001 92 31 already
1045 1000 65 30 done,
1122 1002 19 22 it
1160 1001 91 24 became

669 1034 61 24 them
742 1042 25 16 as
780 1035 70 23 chiefs
864 1039 21 19 to
897 1034 58 24 have
966 1039 107 26 payment
1084 1034 35 24 for
1132 1034 59 24 their
1203 1042 48 16 own

668 1068 135 31 anticipated
816 1067 87 29 deaths,
915 1067 26 24 in
953 1067 37 24 the
1002 1067 66 24 blood
1081 1068 25 23 of
1120 1067 39 24 the
1172 1067 79 24 Chiefs

668 1101 25 23 of
709 1101 37 23 the
758 1101 67 23 white
836 1105 67 27 party
912 1110 6 19 ;
939 1109 13 15 a
963 1100 84 31 feeling
1056 1100 73 24 which
1141 1101 20 23 is
1169 1101 82 23 known

668 1139 22 18 to
703 1134 80 23 accord
794 1134 55 24 with
860 1134 59 23 their
931 1134 67 23 usual
1009 1133 63 24 habit
1081 1134 25 23 of
1115 1133 118 32 thinking.

703 1167 38 23 On
763 1167 39 23 the
824 1167 82 23 arrival
925 1167 26 23 of
973 1167 38 23 the
1033 1166 103 24 Victoria
1153 1168 25 23 in
1195 1167 56 24 Port

669 1200 125 24 Nicholson
819 1201 105 30 bringing
948 1200 38 24 the
1010 1200 39 23 sad
1071 1208 63 16 news
1156 1201 25 23 of
1214 1201 37 23 the

668 1241 121 22 massacre,
802 1234 43 23 and
856 1234 78 23 before
946 1234 40 23 her
994 1234 119 31 departure
1120 1234 36 23 for
1164 1234 87 31 Cloudy

668 1267 51 31 Bay
743 1272 22 19 to
788 1268 93 30 enquire
903 1268 48 23 into
976 1267 38 23 the
1036 1267 79 29 result,
1139 1275 14 16 a
1175 1267 76 31 public

668 1301 100 31 meeting
784 1307 47 17 was
850 1300 54 23 held
922 1304 24 20 at
964 1300 38 24 the
1014 1300 126 31 Exchange
1151 1301 25 23 in
1188 1300 63 24 Wel-

667 1334 96 30 lington,
776 1338 24 19 at
817 1333 75 24 which
909 1333 39 24 the
964 1333 46 24 late
1028 1333 113 24 lamented
1161 1333 90 31 George

669 1367 101 30 Hunter,
790 1367 68 31 Esq.,
878 1367 85 30 Mayor
975 1367 24 23 of
1015 1367 38 23 the
1064 1367 117 30 Borough,
1200 1375 51 23 pre-

668 1401 71 23 sided.
787 1401 34 23 At
838 1400 46 23 this
901 1401 102 30 meeting
1014 1405 169 25 arrangements
1195 1408 57 15 were

668 1434 64 23 made
744 1434 37 24 for
792 1434 38 25 the
842 1434 93 23 defence
953 1434 26 23 of
994 1434 38 23 the
1052 1433 137 29 settlement,
1212 1433 37 23 the

668 1472 79 18 nature
768 1467 25 24 of
808 1467 74 24 which
901 1466 48 24 will
966 1467 29 23 be
1011 1467 50 23 best
1071 1467 110 31 gathered
1193 1467 58 22 from

668 1500 38 24 the
718 1505 76 26 report
806 1500 24 23 of
840 1500 37 24 the
890 1500 137 24 Committee
1040 1500 24 23 of
1079 1500 85 24 Public
1174 1500 79 31 Safety

670 1533 52 24 then
730 1533 131 32 appointed,
873 1534 46 23 and
929 1533 75 24 which
1016 1541 45 15 was
1080 1533 98 31 adopted
1198 1538 23 21 at
1241 1541 12 15 a

669 1567 140 31 subsequent
830 1567 78 32 public
928 1567 101 30 meeting
1048 1575 29 15 on
1096 1566 38 25 the
1153 1566 58 24 10th
1232 1566 24 24 of

669 1601 101 30 August.

669 1640 143 25 REPORT
831 1640 44 23 OF
893 1640 74 23 THE
987 1639 211 25 COMMITTEE
1211 1640 43 23 OF

703 1674 130 26 PUBLIC
845 1673 136 24 SAFETY
992 1673 203 24 APPOINTED
1207 1673 45 23 AT

703 1707 73 24 THE
801 1706 129 24 PUBLIC
955 1706 171 29 MEETING,
1157 1706 95 24 HELD

704 1740 47 24 ON
768 1740 73 24 THE
863 1742 64 22 19th
946 1740 96 28 JUNE,
1063 1741 73 23 1843.

703 1773 29 24 In
744 1773 78 31 laying
839 1773 76 24 before
928 1773 46 24 this
993 1773 105 31 Meeting
1114 1780 29 16 an
1161 1778 95 19 account

670 1807 25 23 of
715 1807 38 23 the
775 1815 95 15 manner
887 1808 25 22 in
931 1806 74 24 which
1028 1806 37 23 the
1086 1806 135 24 Committee
1234 1806 23 24 of

671 1840 82 24 Public
765 1840 87 31 Safety,
865 1840 41 23 has
913 1840 100 23 hitherto
1023 1839 110 24 executed
1139 1840 38 23 the
1184 1844 70 19 trusts

671 1874 94 30 reposed
776 1874 24 22 in
812 1874 26 28 it,
860 1874 18 22 it
889 1874 20 22 is
921 1881 120 22 necessary
1054 1877 21 19 to
1088 1873 44 23 call
1148 1878 24 18 to
1183 1872 72 24 recol-

670 1907 83 23 lection
765 1907 38 23 the
814 1907 148 31 proceedings
972 1907 26 22 of
1007 1906 37 23 the
1057 1907 82 23 Public
1151 1906 105 30 Meeting

670 1940 52 23 held
741 1948 29 15 on
791 1940 39 24 the
848 1940 58 24 19th
924 1940 59 23 June
995 1940 51 28 last,
1068 1943 23 20 at
1106 1940 74 23 which
1199 1947 56 23 your

671 1973 136 24 Committee
819 1981 46 15 was
876 1973 130 31 appointed.

704 2006 33 23 At
757 2006 50 23 that
826 2006 106 29 Meeting
954 2006 37 22 his
1011 2005 117 29 Worship,
1137 2006 51 23 -the
1207 2006 57 23 latfr*

671 2037 115 23 lamented
806 2037 82 29 Mayor
912 2037 25 21 of
953 2037 38 21 the
1009 2036 117 30 Borough,
1146 2036 70 31 being
1233 2037 22 23 in

672 2069 38 23 the
730 2069 79 28 Chair,
833 2077 13 14 a
864 2069 126 22 resolution
1008 2076 46 15 was
1073 2069 84 30 passed
1177 2074 21 18 to
1218 2069 37 24 the

672 2102 72 29 effect,
758 2102 50 23 that
819 2102 134 23 Memorials
962 2101 81 23 should
1054 2101 28 23 be
1091 2102 110 31 prepared
1212 2103 44 23 and

671 2135 125 24 forwarded
814 2140 22 19 to
848 2135 40 23 her
906 2135 122 31 Majesty's
1045 2135 117 31 Principal
1174 2136 81 23 Secre-

673 2173 49 26 tary
734 2170 26 22 of
776 2169 64 23 State
853 2168 34 24 for
905 2168 39 23 the
957 2168 113 29 Colonies,
1091 2172 22 19 to
1125 2169 38 23 the
1174 2169 81 23 Auck-

672 2202 53 23 land
738 2202 163 28 Government,
915 2201 44 24 and
975 2206 22 18 to
1020 2202 38 23 Sir
1070 2201 91 32 George
1174 2203 81 31 Gipps,

673 2236 37 22 the
724 2235 120 23 Governor
856 2235 24 23 of
895 2235 58 23 New
965 2235 74 23 South
1051 2234 86 30 Wales,
1150 2236 107 31 detailing

673 2269 38 22 the
729 2268 142 30 melancholy
883 2276 63 15 news
957 2268 25 23 of
998 2268 38 23 the
1054 2276 113 16 massacre
1179 2269 25 23 of
1219 2269 37 23 the

674 2302 69 23 Chief
753 2302 79 23 Police
850 2302 138 30 Magistrate
1000 2301 24 24 of
1034 2301 102 29 'Nelson,
1155 2302 45 23 and
1220 2302 36 23 his

673 2336 127 28 assistants,
819 2336 25 22 in
863 2335 38 23 the
920 2335 120 23 execution
1057 2335 25 22 of
1098 2335 38 23 the
1155 2335 102 26 Queen's

673 2373 105 24 warrant,
791 2369 44 23 and
843 2369 86 30 setting
937 2368 59 24 forth
1008 2368 37 23 the
1054 2368 138 24 defenceless
1200 2373 57 19 state

673 2402 25 23 of
720 2402 37 23 the
779 2402 148 23 Settlements
948 2403 24 22 in
991 2401 84 24 Cook's
1099 2401 91 30 Straits,
1214 2403 43 23 and

673 2436 97 31 praying
781 2436 48 23 that
840 2434 129 24 immediate
981 2436 126 29 protection
1118 2436 35 22 for
1164 2436 40 22 life
1214 2436 44 23 and

673 2473 115 27 property,
800 2468 74 31 might
885 2469 28 22 be
925 2468 112 23 extended
1048 2473 22 18 to
1082 2468 70 24 them.

707 2502 66 24 Your
786 2502 136 24 Committee
941 2501 57 23 have
1017 2509 48 15 now
1078 2506 23 18 to
1112 2506 77 27 report
1210 2502 48 24 that

674 2535 56 24 such
743 2535 133 24 Memorials
887 2535 59 24 have
957 2535 58 23 been
1025 2535 111 31 prepared
1147 2535 30 31 by
1187 2535 69 29 them,

675 2569 44 23 and
729 2568 50 24 that
789 2568 63 24 those
863 2567 121 25 addressed
991 2572 22 19 to
1023 2568 38 23 the
1070 2568 72 24 Local
1153 2569 104 23 Govern-

674 2606 70 25 ment,
765 2602 45 23 and
828 2606 22 19 to
871 2601 37 24 the
927 2601 119 23 Governor
1064 2601 26 24 of
1108 2602 59 23 New
1185 2602 73 23 South

675 2636 85 28 Wales,
780 2636 57 22 have
854 2635 58 23 been
923 2634 124 24 forwarded
1064 2639 22 19 to
1098 2635 59 23 their
1169 2643 89 24 respec-

675 2669 45 23 tive
730 2669 150 23 destinations
889 2678 6 19 ;
910 2668 49 24 that
968 2667 120 25 addressed
1096 2672 22 20 to
1133 2669 37 23 the
1182 2669 76 23 Home

676 2702 164 28 Government,
860 2702 44 23 will
922 2701 29 24 be
964 2701 122 24 forwarded
1105 2702 121 31 according
1236 2707 22 18 to

676 2736 38 23 the
725 2735 84 24 official
826 2735 57 28 rule,
903 2734 100 31 through
1015 2735 37 23 the
1070 2735 72 24 Local
1155 2735 103 24 Govern-

675 2773 71 19 ment.

709 2802 35 23 To
762 2801 39 24 the
820 2801 124 24 Memorial
954 2801 124 24 forwarded
1097 2806 21 19 to
1132 2801 38 24 the
1189 2801 72 25 Local

676 2835 163 29 Government,
864 2835 37 24 the
920 2835 116 32 following
1057 2835 65 32 reply
1141 2834 42 26 has
1203 2836 57 23 been

676 2869 119 23 received:
796 2881 33 4 —
847 2876 5 2 ~

757 2907 128 23 Addressed
899 2910 23 19 to
932 2907 39 22 the
980 2906 137 27 Worshipful
1127 2907 37 22 the
1179 2907 80 28 Mayor

786 2934 25 22 of
824 2934 144 27 Wellington,
986 2933 67 22 dated
1069 2933 100 23 Colonial
1185 2934 76 22 Secre-

785 2961 68 33 tary's
865 2961 78 26 Office,
954 2960 125 26 Auckland,
1092 2960 53 27 July
1157 2962 31 25 10,
1200 2962 60 20 1843.

784 2988 46 22 and
840 2987 84 28 signed,
939 2987 109 22 William
1064 2987 116 22 Connell.

704 3020 47 26 Sir,
754 3031 27 4 —
784 3020 11 21 I
805 3019 59 22 have
872 3019 46 22 had
928 3019 37 22 the
975 3018 72 22 honor
1057 3021 21 19 to
1088 3018 87 22 receive
1184 3019 46 22 and
1240 3022 21 18 to

676 3046 36 28 lay
718 3047 77 22 before
802 3046 38 22 the
847 3046 82 21 Officer
934 3045 176 27 Administering
1117 3045 37 22 the
1162 3045 99 22 Govern-

676 3078 68 22 ment,
765 3074 38 21 the
819 3073 120 23 Memorial
954 3073 59 22 from
1031 3073 37 21 the
1088 3072 139 22 Inhabitants
1242 3072 22 21 of

677 3100 143 28 Wellington,
837 3099 125 23 forwarded
977 3100 30 26 by
1025 3106 56 20 your
1098 3099 65 22 letter
1172 3099 26 22 of
1211 3100 50 21 28th

676 3127 93 27 ultimo.,
786 3126 44 23 and
844 3127 24 21 in
883 3126 63 28 reply
957 3126 12 22 I
983 3133 36 16 am
1030 3125 147 23 commanded
1190 3126 29 28 by
1229 3126 34 22 his

677 3154 145 27 Excellency,
834 3158 22 17 to
867 3160 86 20 convey
963 3156 23 19 to
1000 3160 45 20 you
1055 3153 37 21 the
1103 3153 128 27 expression
1242 3153 24 22 of

676 3180 35 22 his
728 3180 58 28 deep
795 3183 74 25 regret
878 3183 23 18 at
915 3180 38 21 the
964 3180 119 21 disastrous
1098 3183 78 18 nature
1186 3180 26 21 of
1226 3179 36 22 the

676 3207 143 27 intelligence
829 3206 121 23 contained
958 3206 94 28 therein,
1067 3206 45 22 and
1122 3210 23 17 at
1155 3206 37 22 the
1203 3213 59 16 same

678 3234 52 23 time
746 3235 35 24 pis
790 3241 118 16 assurance
918 3234 49 21 that
977 3241 67 20 every
1054 3240 76 15 means
1139 3236 24 19 at
1172 3233 37 22 the
1220 3233 43 22 dis-

677 3260 64 29 posal
750 3261 26 22 of
783 3261 38 22 the
833 3261 162 26 Government,
1011 3259 56 24 shall
1075 3260 28 22 be
1112 3260 55 22 used
1177 3260 35 21 for
1226 3260 37 22 the

678 3288 104 22 effectual
795 3288 164 22 maintainance
970 3288 27 21 of
1007 3287 37 22 the
1054 3286 129 29 tranquility
1193 3286 26 23 of
1226 3287 36 22 the

678 3318 68 19 town.

705 3346 62 23 With
777 3346 44 22 this
826 3346 56 22 view
889 3346 37 22 the
933 3346 116 26 Company
1055 3345 24 22 of
1087 3344 37 23 the
1135 3345 51 22 96th
1197 3346 56 27 Regi
1258 3358 5 5 •

678 3377 69 24 ment,
757 3373 116 25 quartered
882 3375 23 19 at
910 3372 129 28 Auckland,
1049 3372 19 22 is
1077 3372 73 22 under
1157 3373 76 21 orders
1242 3375 21 20 to

678 3400 96 29 proceed
783 3401 24 21 in
817 3400 37 22 the
864 3400 151 22 Government
1021 3399 54 27 Brig
1082 3401 22 19 to
1112 3399 55 22 Port
1172 3400 92 22 Nichol-

679 3435 47 20 son,
744 3435 14 15 a
772 3434 101 16 measure
887 3426 75 22 which
974 3426 19 22 it
1005 3426 19 22 is
1037 3426 74 28 hoped
1125 3426 45 22 will
1183 3426 80 22 relieve

679 3455 38 21 the
730 3454 149 23 memoralists
895 3454 58 21 from
969 3460 45 20 any
1023 3452 180 28 apprehensions,
1221 3454 44 21 and

678 3484 83 20 restore
771 3481 50 22 that
828 3480 127 23 confidence
962 3480 101 22 between
1069 3479 38 23 the
1118 3480 94 22 Natives
1221 3480 44 22 and

680 3508 39 22 the
729 3509 130 26 Europeans
869 3507 73 23 which
950 3506 97 22 hitherto
1057 3506 93 22 existed.

706 3535 45 23 For
760 3535 38 23 the
814 3534 140 27 expressions
964 3533 118 23 contained
1096 3534 22 22 in
1129 3533 38 23 the
1178 3534 86 22 Memo-

679 3562 48 27 rial,
738 3562 48 22 and
794 3561 34 23 for
837 3556 38 27 the
885 3561 56 22 offer
949 3563 23 19 to
981 3560 63 28 place
1054 3563 23 19 at
1089 3560 39 22 the
1138 3560 95 28 disposal
1243 3561 25 21 of

682 3589 155 22 Government
846 3587 57 23 their
932 3587 50 22 best
991 3594 78 15 means
1078 3587 45 22 and
1133 3587 101 27 energies
1244 3590 21 19 to
1272 3582 2 35 {

680 3623 64 20 carry
754 3619 41 19 out
808 3622 45 21 any
863 3621 113 16 measures
984 3614 73 22 which
1070 3621 54 20 may
1133 3614 28 22 be
1174 3614 91 22 deemed

681 3643 112 25 advisable
810 3649 29 15 on
855 3641 43 23 this
908 3641 75 28 trying
1152 3641 13 23 I
1175 3640 58 23 have
1244 3643 21 21 to

681 3673 77 19 return
768 3673 23 19 to
805 3669 38 23 the
859 3668 137 26 subscribers
1009 3667 35 23 his
1054 3667 155 28 Excellency's
1217 3667 49 25 best

682 3696 240 27 acknowledgements,
939 3694 46 23 and
998 3694 14 22 I
1026 3701 37 15 am
1071 3695 112 25 earnestly
1193 3699 23 17 to
1233 3702 33 15 re-

682 3723 121 22 commend
817 3727 23 17 to
853 3722 63 22 them
930 3728 16 16 a
960 3721 146 23 continuance
1120 3721 27 21 of
1159 3719 48 24 that
1223 3721 43 22 for-

682 3750 118 26 bearance,
810 3748 74 23 which
892 3749 41 21 has
942 3755 30 20 up
982 3752 23 18 to
1014 3748 38 22 the
1061 3750 89 25 present
1160 3751 105 24 moment,

682 3776 58 22 been
757 3775 106 24 attended
875 3775 54 24 with
945 3775 55 23 such
1015 3774 120 26 beneficial
1149 3774 82 26 results
1245 3775 21 24 in

682 3803 58 23 their
748 3803 93 28 district,
856 3802 45 24 and
910 3809 14 15 a
932 3801 119 28 departure
1059 3801 60 25 from
1129 3800 73 26 which
1216 3801 29 27 by
1254 3808 14 15 a

683 3829 59 29 body
757 3829 28 24 of
799 3829 38 26 the
857 3828 91 25 Settlers
964 3831 23 19 at
1005 3828 93 26 Nelson,
1117 3827 41 25 has
1172 3828 96 27 brought

682 3856 71 26 about
760 3856 39 24 the
808 3859 79 20 recent
894 3855 54 23 fatal
957 3861 142 19 occurrence.

717 3891 24 24 A
760 3891 49 24 fact
830 3891 72 24 exists
924 3891 26 23 in
972 3890 127 23 connexion
1121 3889 56 24 with
1205 3889 68 29 these.

685 3924 143 29 Memorials,
840 3928 23 20 to
880 3923 82 25 which*
974 3930 57 24 your
1051 3923 134 23 Committee
1202 3922 66 24 think

683 3965 83 24 proper
776 3962 24 19 to
812 3956 85 26 advert.
941 3956 52 25 The
1013 3956 150 32 Corporation
1184 3955 26 24 of
1226 3955 43 24 this

232 55 335 38 SUPPLEMENT
593 56 67 35 TO
686 54 105 40 THE
816 55 118 36 NEW
958 55 239 40 ZEALAND
1217 41 242 54 £L4£ETTE
1491 53 107 35 AND
1626 51 341 39 WELLINGTON
1996 50 305 36 SPECTATOR.

2441 53 29 37 3

56 143 92 32 gistrate
159 143 32 22 of
192 143 53 22 Port
255 142 120 22 Nicholson
383 141 58 22 have
455 144 23 19 to
492 148 40 21 say
549 143 23 20 to
588 148 53 20 you.

57 169 98 23 Remain
165 169 62 27 quiet
236 176 30 14 on
274 168 37 22 the
321 169 86 27 subject
416 168 26 21 of
446 167 46 23 this
506 167 136 23 lamentable

57 198 67 20 event
133 198 24 20 at
166 196 91 22 Wairau
263 203 5 19 ;
278 195 36 22 for
323 195 18 27 I,
352 195 45 22 and
407 194 30 22 all
445 194 39 22 the
491 193 66 23 white
563 194 79 29 people

57 223 26 22 of
91 223 43 22 this
147 222 71 28 place,
228 225 72 24 regret
308 225 59 18 most
382 221 110 27 sincerely
501 220 45 23 this
554 221 88 26 painful

57 256 141 16 occurrence.
226 249 41 21 We
285 255 39 15 are
343 250 40 20 not
399 247 70 23 about
484 250 23 19 to
522 247 66 23 moke
597 254 46 16 war

56 276 55 22 with
118 283 52 20 you.
199 275 13 22 I
222 272 53 25 wish
283 274 82 28 merely
375 277 23 19 to
406 273 65 23 learn
481 273 38 23 the
529 274 47 22 real
581 274 62 22 truth

57 303 27 21 of
91 302 38 22 the
143 301 73 23 whole
230 301 67 27 affair,
308 303 24 19 to
348 300 83 22 submit
440 300 38 22 the
492 308 63 14 same
567 304 24 19 to
604 301 38 22 the

58 329 127 26 Governor,
202 327 48 23 that
264 327 28 22 he
306 334 53 20 may
369 334 65 15 cause
447 327 20 21 it
475 330 23 18 to
508 327 29 22 be
550 327 93 23 investi-

56 355 74 27 gated.
159 355 37 21 Do
212 357 40 19 not
266 354 46 22 fear
325 353 51 22 that
395 360 43 20 any
448 353 67 23 white
529 360 53 16 man
597 354 45 22 will

57 383 73 26 injure
145 388 46 20 you
198 381 25 21 in
233 380 36 22 the
278 380 102 27 slightest
393 380 87 27 degree.
508 380 97 22 Remain
620 384 24 19 at

56 415 58 21 your
129 407 86 24 several
228 407 111 28 positions,
355 407 44 21 and
414 414 82 20 pursue
510 414 57 20 your
576 407 67 23 inter-

55 442 79 16 course
148 433 54 23 with
214 434 39 21 the
266 433 78 28 people
359 433 27 22 of
402 433 54 23 Port
474 434 123 22 Nicholson
616 441 26 15 as

56 461 72 23 usual.
157 461 39 22 Ail
211 460 38 22 the
259 460 75 22 Chiefs
342 460 27 22 of
381 460 54 22 Port
450 460 124 22 Nicholson
584 461 59 27 fully

52 487 143 23 •understand
202 486 60 23 what
276 487 11 21 I
303 486 57 23 have
374 487 49 23 said
436 487 70 22 above
524 491 21 18 to
564 487 27 22 be
602 494 42 15 our

56 515 85 26 feeling
155 513 95 23 towards
263 513 68 23 them.
359 513 124 23 Friends—
482 513 54 23 This
550 513 19 23 is
585 513 31 23 all
630 514 12 22 I

53 541 61 23 .have
123 545 23 18 to
156 548 39 20 say
205 543 23 19 to
236 547 52 20 you.

229 571 101 28 (Signed)
387 572 145 27 M'Donoqh,

417 599 76 22 Police
503 599 138 27 Magistrate.

230 632 53 21 Port
292 632 132 27 Nicholson,
436 632 61 23 June
506 634 35 25 24,
553 633 61 21 1843.

84 665 110 24 Friends,
195 675 29 4 —
225 663 76 23 Listen
319 667 22 19 to
360 663 38 23 the
415 665 72 21 above
501 664 85 28 saying,
598 663 43 23 and

53 691 32 22 >do
103 694 41 19 not
162 691 101 22 mistake.
293 690 65 22 Good
377 691 19 22 is
411 691 37 23 the
465 691 79 28 saying
561 691 25 21 of
603 690 38 22 the

54 718 68 22 white
130 724 54 16 man
190 725 5 20 ;
211 720 23 19 to
244 717 77 23 search
331 720 39 20 out
379 717 38 23 the
427 718 60 22 truth
497 717 27 23 of
530 717 49 23 who
589 717 19 22 is
619 720 23 19 to

54 745 75 22 blame
135 752 6 14 :
155 744 95 29 perhaps
261 744 15 22 it
285 744 19 22 is
314 743 37 23 the
362 744 66 22 white
438 752 54 14 man
499 752 5 19 ;
520 743 96 29 perhaps
623 743 18 22 it

54 771 20 22 is
84 771 37 22 the
139 771 82 22 Maori.
249 771 35 22 Do
297 774 40 18 not
351 771 80 27 spread
446 771 55 22 false
514 774 83 24 reports
607 777 35 15 re-

56 798 101 27 specting
165 798 37 22 the
213 801 79 19 matter
298 806 5 13 :
320 797 28 22 do
357 800 40 20 not
405 797 47 22 talk
463 797 67 23 much
539 797 68 22 about
615 797 25 22 it.

56 824 55 22 And
128 824 32 22 let
174 825 31 21 all
216 825 38 21 the
268 825 97 21 Maories
383 827 24 20 at
421 832 68 20 every
497 824 63 28 place
574 823 68 23 know

56 851 52 22 this.
136 851 67 23 From
213 858 57 20 your
278 851 91 26 friends,

246 884 103 28 (Signed)
410 884 114 23 William
539 884 72 27 Tako,

412 912 127 26 Moturoa,

414 938 104 22 POMARE.

89 974 34 23 At
134 973 39 24 the
186 974 53 23 time
250 973 65 25 when
320 974 38 23 the
368 974 70 23 above
443 973 133 24 documents
583 981 58 16 were

55 1007 159 31 promulgated
224 1007 31 30 by
266 1007 47 23 Mr.
323 1007 147 30 M'Donogh,
480 1007 28 23 he
517 1007 45 23 had
569 1007 24 23 in
604 1007 38 23 his

55 1041 132 31 possession
207 1040 37 23 the
264 1040 127 31 deposition
411 1040 25 23 of
461 1040 49 24 Mr.
530 1040 110 30 Tuckett,

54 1081 45 16 one
115 1074 26 22 of
155 1073 40 23 the
207 1074 110 29 suvivors,
331 1074 74 23 which
416 1074 94 23 differed
529 1074 25 22 in
574 1081 67 23 every

54 1106 106 25 material
169 1107 64 30 point
244 1106 57 23 from
315 1107 38 24 the
374 1112 125 18 statement
516 1112 42 26 put
578 1107 62 23 forth

54 1140 30 30 by
96 1140 47 23 him
154 1149 6 20 ;
181 1140 43 22 and
243 1140 37 22 the
298 1144 123 19 statement
436 1140 29 23 he
478 1140 52 23 thus
543 1140 97 31 thought

54 1181 83 23 proper
149 1177 23 18 to
184 1173 51 30 give
246 1178 22 17 to
282 1173 36 23 the
339 1173 77 31 public
433 1180 47 17 was
500 1173 140 23 understood

54 1211 24 19 to
90 1210 47 19 xest
149 1214 31 16 on
197 1213 29 15 no
247 1206 73 23 better
339 1206 113 31 authority
471 1206 54 24 than
547 1214 14 15 a
577 1206 64 24 loose

56 1239 97 31 hearsay
169 1239 45 24 tale
233 1239 108 24 collected
358 1240 59 23 from
437 1239 38 24 the
496 1239 96 24 Natives
612 1248 29 15 on

54 1273 40 23 the
106 1277 63 19 coast
178 1273 31 30 by
221 1280 13 15 a
244 1273 135 30 missionary
398 1272 51 24 who
468 1272 94 24 retailed
579 1273 19 23 it
617 1278 23 18 to

54 1305 39 24 the
106 1305 80 24 Police
196 1305 146 31 Magistrate.
377 1305 24 24 A
413 1310 80 27 strong
501 1305 87 32 feeling
595 1314 57 18 was,

54 1338 115 32 naturally
191 1339 122 31 expressed
335 1339 30 31 by
389 1339 38 23 the
450 1339 90 23 settlers
559 1344 23 19 at
602 1339 39 24 the

54 1372 140 31 publication
215 1373 25 22 of
265 1372 37 23 the
325 1372 84 24 Native
431 1378 97 18 account
557 1380 24 16 as
611 1381 30 15 an

54 1405 118 24 authentic
193 1409 128 26 statement,
352 1406 24 22 in
398 1406 131 30 preference
554 1411 22 18 to
600 1406 40 24 the

54 1439 89 23 solemn
155 1439 126 31 deposition
301 1439 26 23 of
341 1447 14 15 a
375 1439 141 31 respectable
536 1440 104 23 survivor

53 1472 61 24 from
124 1472 40 23 the
175 1480 120 22 massacre,
308 1472 37 23 the
363 1480 63 16 more
443 1472 148 32 particularly
612 1481 26 15 as

54 1505 40 23 the
115 1505 85 24 former
223 1505 70 23 threw
315 1505 30 23 all
365 1505 40 25 the
424 1505 74 24 blame
520 1514 59 22 upon
600 1506 38 23 the

56 1538 125 31 European
192 1543 73 26 party,
277 1538 66 24 while
353 1538 38 24 the
402 1538 68 24 latter
482 1539 88 23 cleared
579 1540 62 22 them

55 1571 27 24 of
96 1572 27 23 it.
172 1571 51 24 The
238 1571 77 32 public
332 1580 65 23 press
416 1572 72 23 called
505 1572 39 23 the
563 1572 79 25 Police

55 1604 151 31 Magistrates
218 1606 111 23 attention
339 1610 23 19 to
374 1606 25 28 it,
412 1606 41 23 but
470 1606 95 23 without
584 1614 54 15 suc-

55 1646 51 15 cess
115 1647 7 20 ;
141 1638 45 24 and
205 1639 19 23 it
241 1646 45 16 was
303 1642 41 20 not
361 1639 36 23 till
409 1639 38 23 the
459 1643 77 19 return
549 1639 25 23 of
589 1639 51 24 Col.

55 1671 132 24 Wakefield
203 1672 59 23 from
280 1672 38 23 the
336 1672 160 31 investigation
517 1673 22 22 in
553 1672 89 31 Cloudy

55 1704 59 31 Bay,
127 1712 64 16 some
202 1705 75 23 weeks
289 1705 57 23 after
357 1706 30 22 its
398 1705 176 31 promulgation,
593 1705 50 24 that

55 1737 50 24 Mr.
130 1738 139 31 M'Donogh
288 1746 47 16 was
353 1738 97 24 induced
469 1743 23 19 to
510 1739 74 23 notice
603 1739 39 23 the

56 1770 98 32 subject.
191 1771 51 24 The
253 1771 115 31 following
379 1772 193 31 correspondence
584 1772 58 24 then

56 1804 100 25 ensued:
158 1816 35 6 —

263 1843 144 27 Wellington,
419 1843 51 30 15th
482 1843 60 27 July,
555 1844 59 21 1848.

85 1875 47 27 Sir,
134 1886 29 4 —
164 1875 41 27 My
224 1875 107 22 attention
351 1874 40 22 has
410 1874 53 28 only
482 1875 42 21 this
544 1878 100 19 moment

54 1902 59 21 been
123 1902 72 21 called
207 1905 21 18 to
238 1909 28 14 an
279 1902 97 25 address,
388 1902 117 26 published
516 1902 29 27 by
555 1909 50 20 you,
622 1907 21 16 to

55 1929 39 21 the
104 1928 84 22 British
197 1928 90 22 Settlers
296 1928 25 22 in
331 1928 73 22 Cooks
414 1929 85 26 Straits,
515 1929 92 21 relative
618 1932 24 18 to

54 1956 39 21 the
103 1955 44 22 late
157 1955 64 22 affair
231 1958 23 18 at
264 1955 97 26 Waiiau,
377 1955 23 21 in
411 1956 74 21 which
499 1963 45 20 you
555 1955 88 22 declare

56 1989 57 20 your
128 1982 127 22 conviction
271 1982 49 21 that
409 1982 70 27 affray
492 1990 44 14 was
553 1986 39 18 not
605 1982 39 22 the

56 2009 69 21 result
135 2009 28 21 of
168 2008 160 26 premeditated
337 2008 77 26 design
422 2015 29 14 on
461 2009 38 21 the
509 2012 51 23 part
569 2010 26 20 of
605 2009 38 20 the

56 2032 96 26 Nttlveifc
163 2034 44 21 but
212 2034 56 25 th*t,
284 2041 29 14 on
321 2034 39 20 the
370 2034 104 26 contrary
473 2037 4 10 l
476 2049 6 9 ,
499 2038 54 21 th*y
562 2032 82 27 sought

54 2061 32 26 by
96 2067 67 20 every
172 2066 78 15 means
260 2062 22 18 to
295 2062 63 19 avert
372 2059 25 27 it,
412 2058 45 22 and
474 2058 37 23 did
526 2062 40 18 not
579 2059 40 22 fire
631 2065 13 16 a

56 2095 14 14 a
79 2087 50 22 shot
143 2086 60 22 until
212 2086 44 21 five
270 2086 25 21 of
306 2086 59 21 their
379 2088 64 25 party
457 2085 46 22 had
518 2085 76 27 fallen,
611 2086 34 21 in-

57 2113 93 27 cluding
165 2113 42 22 the-
219 2112 51 23 wife
285 2112 27 22 of
323 2112 162 28 Rangihaeata,
503 2112 49 22 who
568 2116 23 18 at
605 2112 39 22 the

57 2143 101 20 moment
167 2140 53 21 bore
230 2140 34 21 his
273 2146 50 15 own
333 2146 39 15 son
382 2140 24 21 in
414 2139 42 22 her

85 2168 33 21 As
126 2174 46 20 you
181 2166 57 22 have
247 2173 48 14 now
301 2166 103 21 received
413 2166 116 22 authentic
538 2166 107 21 informa-

59 2195 55 25 tion,
125 2194 61 21 from
195 2193 38 22 the
248 2193 135 27 depositions
398 2192 66 23 taken
474 2194 29 26 by
513 2194 38 21 the
562 2193 84 26 Magis-

57 2224 68 19 trates
141 2224 24 18 at
181 2219 84 28 Cloudy
280 2220 55 26 Bay,
346 2220 24 21 in
387 2220 165 22 corroboration
562 2220 24 21 of
600 2220 44 22 Mr.

57 2248 117 22 Tuckett's
189 2247 110 25 evidence,
318 2246 72 22 which
405 2254 45 20 you
464 2246 54 23 then
528 2246 51 28 had,
597 2247 49 22 that

81 2274 58 22 after
148 2281 30 15 an
189 2272 123 23 accidental
322 2273 50 22 shot
380 2273 58 22 from
449 2281 14 14 a
472 2273 67 22 white
556 2281 59 19 man,
633 2281 13 14 a

57 2302 76 26 volley
143 2308 46 15 was
198 2300 131 27 discharged
336 2300 57 22 from
403 2300 55 22 each
568 2300 11 22 I
589 2304 57 18 trust

58 2335 46 21 you
114 2328 44 22 will
167 2335 36 14 see
212 2328 26 21 fit
246 2330 22 19 to
278 2330 84 19 correct
376 2327 36 22 the
423 2330 121 19 statement
552 2327 24 22 in
589 2335 57 20 your

59 2355 98 22 address.
188 2353 134 24 Sanctioned
336 2354 29 27 by
376 2361 55 21 your
441 2354 81 22 official
532 2354 115 23 character

57 2382 20 21 it
86 2382 18 22 is
114 2381 124 22 oalculated
254 2384 22 19 to
286 2380 57 22 have
357 2381 83 29 weight
449 2381 54 22 with
517 2381 38 22 the
571 2381 75 27 public

58 2409 25 22 in
94 2408 111 28 England,
216 2408 47 22 and
271 2411 23 18 to
303 2408 87 27 greatly
396 2408 89 22 distress
496 2408 37 21 the
543 2408 103 22 relatives

59 2436 27 21 of
92 2443 39 15 our
141 2436 143 21 unfortunate
294 2438 148 24 countrymen
450 2434 50 23 who
510 2434 57 23 have
577 2435 68 22 fallen

61 2462 45 22 and
114 2462 56 28 who,
188 2462 17 22 it
214 2462 19 22 is
248 2460 112 29 distinctly
369 2461 90 28 proved,
477 2462 46 21 had
536 2469 30 14 no
575 2462 72 22 inten-

59 2490 49 21 tion
126 2489 26 22 of
170 2488 157 26 commanding
350 2495 27 14 an
400 2488 150 28 unprovoked
572 2488 74 23 attack

58 2523 63 21 upon
128 2516 39 22 the
176 2516 99 26 Natives,
282 2523 24 14 as
316 2516 20 21 is
343 2515 93 28 implied
445 2515 25 22 in
478 2515 37 22 the
525 2523 91 20 passage
625 2516 26 21 of

59 2550 57 20 your
125 2543 92 21 address
228 2542 72 22 which
311 2542 11 22 I
333 2542 57 22 have
400 2542 90 28 quoted.

171 2570 12 22 I
192 2570 58 22 have
261 2569 36 22 the
307 2569 72 22 honor
388 2571 23 19 to
421 2569 35 24 be,
468 2570 41 26 Sir,

207 2596 62 22 Your
278 2596 106 22 obedient
393 2596 93 22 humble
496 2598 95 25 servant,

170 2631 102 26 (Signed)
417 2629 35 22 W.
469 2629 150 23 Wakefield.

59 2659 33 22 To
108 2658 29 21 A.
153 2658 28 21 E.
197 2657 139 27 M'Donogh,
348 2657 59 28 Esq.,

116 2685 77 22 Police
203 2685 138 27 Magistrate.

264 2738 145 27 Wellington,
422 2738 52 22 14th
484 2738 62 28 July,
558 2738 62 22 1843.

89 2773 48 26 Sir,
138 2783 29 5 —
169 2772 11 21 I
191 2770 28 22 do
229 2770 82 28 myself
319 2770 37 22 the
365 2770 73 22 honor
449 2773 24 19 to
489 2770 158 27 acknowledge

60 2799 39 22 the
113 2799 83 26 receipt
209 2798 26 21 of
245 2805 56 20 your
314 2798 66 21 letter
395 2797 26 22 of
431 2797 140 28 yesterday's
587 2797 60 27 date,

61 2825 82 28 calling
152 2832 62 21 upon
224 2831 37 15 me
274 2828 23 18 to
312 2821 85 25 correct
410 2823 49 23 that
473 2823 91 28 portion
574 2824 25 21 of
610 2831 39 20 my

61 2852 93 23 address
174 2855 22 19 to
219 2851 38 22 the
275 2852 137 21 inhabitants
426 2850 27 22 of
464 2850 83 22 Cook's
562 2851 84 26 Straits,

61 2879 93 23 relative
164 2882 24 18 to
196 2878 39 22 the
244 2878 45 22 late
297 2877 144 28 melancholy
447 2878 63 21 affair
517 2880 23 19 at
550 2878 97 26 Wairau,

62 2907 25 21 in
97 2905 74 23 which
181 2905 12 23 I
203 2905 79 24 stated,
293 2912 23 14 as
325 2905 68 27 being
403 2912 39 20 my
457 2904 132 26 conviction,
602 2904 47 22 that

87 2933 38 22 the
136 2933 69 26 affray
217 2939 44 17 was
270 2935 39 18 not
320 2932 36 21 the
366 2932 70 21 resxilt
452 2932 26 20 of
489 2931 160 27 premeditated

63 2959 78 28 design
150 2966 31 14 on
191 2958 38 22 the
238 2962 47 24 part
297 2959 26 21 of
336 2958 34 22 the
382 2958 100 26 Natives,
495 2958 39 21 but
550 2958 53 27 that,
620 2965 29 14 on

64 2987 39 21 the
122 2990 111 23 contrary,
254 2985 52 28 they
322 2984 80 28 sought
415 2985 30 27 by
463 2992 67 20 every
539 2991 79 15 means
626 2987 23 19 to

62 3017 63 18 avert
139 3013 24 27 it,
179 3013 44 21 and
236 3012 39 21 did
289 3016 40 17 not
342 3012 40 22 fire
397 3019 13 13 a
424 3012 51 20 shot
489 3011 58 22 until
565 3011 44 22 five
628 3012 24 20 of

62 3040 60 22 their
134 3043 66 29 party
214 3038 46 22 had
272 3039 75 26 fallen,
362 3038 118 27 including
494 3038 38 22 the
553 3038 49 22 wife
626 3038 25 22 of

63 3066 163 27 Rangihaeata,
236 3066 49 21 who
296 3069 23 18 at
329 3066 36 21 the
375 3068 100 18 moment
484 3064 52 22 bore
551 3064 33 22 his
602 3072 48 15 own

63 3101 43 15 son
115 3095 24 21 in
148 3093 43 21 her

89 3121 32 21 •In
141 3127 86 15 answer
245 3122 23 18 to
286 3118 79 27 which,
387 3118 11 22 I
412 3118 45 26 beg
471 3125 45 21 you
530 3118 82 28 clearly
627 3121 22 19 to

64 3146 144 27 understand,
224 3146 48 22 that
286 3149 22 18 at
322 3146 38 21 the
376 3146 54 21 time
445 3146 11 20 I
471 3145 119 28 published
611 3145 38 22 the

64 3175 72 21 above
145 3173 98 27 address,
255 3173 18 21 it
282 3180 45 14 was
336 3179 38 21 my
391 3172 51 22 firm
457 3172 77 26 belief,
549 3172 58 21 from
621 3172 30 22 all

64 3201 145 22 information
224 3200 12 22 I
250 3200 45 22 had
308 3199 54 22 then
376 3199 59 21 been
449 3199 51 21 able
518 3201 24 19 to
562 3198 87 28 collect,

64 3228 50 22 that
128 3234 67 21 every
209 3226 64 28 thing
287 3226 86 22 therein
388 3225 119 23 contained
516 3233 58 15 were
584 3226 64 22 facts.

63 3255 123 26 However,
209 3254 58 21 from
283 3253 39 22 the
337 3252 135 28 depositions
486 3252 68 22 taken
567 3252 33 28 by
613 3252 38 22 the

66 3281 143 28 Magistrates
218 3287 30 15 on
258 3280 37 22 the
304 3283 55 25 spot,
370 3279 73 22 which
453 3280 130 21 documents
593 3279 58 22 have

66 3309 59 22 since
134 3309 60 21 been
202 3307 80 28 placed
290 3306 25 22 in
323 3314 39 20 my
372 3306 89 27 charge,
474 3306 11 22 I
501 3306 49 22 find
565 3306 58 22 from
638 3313 14 15 a

65 3335 85 23 careful
159 3334 89 28 perusal
257 3334 26 22 of
293 3333 69 27 them,
374 3333 50 22 that
437 3333 12 22 I
464 3333 46 22 had
525 3333 58 22 been
598 3333 53 22 mis-

63 3361 115 23 informed
186 3368 29 15 on
225 3361 38 22 the
271 3361 115 26 following
393 3360 81 27 points,
485 3360 90 27 namely
575 3371 27 5 —
604 3360 48 22 that

64 3389 45 22 five
120 3389 26 21 of
156 3387 39 23 the
204 3388 92 22 Natives
311 3387 46 22 had
372 3391 40 18 not
425 3386 71 23 fallen
509 3387 105 27 previous
630 3390 22 19 to

66 3415 57 23 their
132 3414 117 27 returning
257 3414 38 22 the
304 3414 48 27 fire,
361 3413 89 23 neither
464 3413 54 23 does
531 3414 20 21 it
570 3421 82 20 appear

66 3446 26 18 at
103 3441 62 23 what
178 3441 76 28 period
271 3441 25 22 of
313 3441 38 21 the
369 3441 92 21 conflict
479 3440 173 27 Rangihaeata's

66 3469 52 22 wife
127 3475 46 15 was
183 3467 123 32 accidently
315 3467 57 27 shot,
383 3467 50 23 who
448 3468 19 21 it
482 3468 19 21 is
513 3468 86 27 proved
607 3467 45 23 had

64 3499 43 20 not
115 3498 24 20 at
148 3495 40 21 the
196 3494 54 22 time
261 3500 28 16 an
297 3494 72 22 infant
374 3494 24 22 in
406 3494 41 22 her
462 3501 66 15 arms.
572 3495 11 21 I
597 3495 55 21 like-

66 3523 53 23 wise
128 3521 49 23 find
186 3521 30 26 by
224 3520 63 22 those
297 3520 130 22 documents
435 3520 50 23 that
494 3528 31 14 no
535 3521 65 23 order
608 3529 44 15 was

68 3550 67 27 given
143 3548 31 28 by
186 3547 37 22 the
233 3547 129 27 Europeans
372 3550 24 19 to
405 3547 40 22 fire
455 3554 29 16 on
499 3547 39 23 the
552 3548 100 27 Natives,

67 3577 42 21 but
126 3575 50 22 that
194 3574 38 22 the
250 3574 92 26 general
355 3573 90 23 conflict
459 3574 125 27 originated
593 3575 60 23 from

67 3610 31 15 an
108 3600 126 24 accidental
243 3600 50 22 shot
305 3600 59 22 from
379 3607 43 15 one
436 3601 28 21 of
480 3600 38 22 the
533 3601 119 28 European

63 3632 77 25 party.

96 3655 113 26 Trusting.,
230 3653 47 23 that
303 3653 40 23 the
370 3653 72 23 above
466 3654 188 23 communication

68 3682 86 28 (which
163 3688 44 21 you
216 3680 59 22 have
288 3688 39 20 my
340 3680 42 22 full
391 3683 93 20 consent
496 3683 23 19 to
533 3681 51 27 give
598 3682 56 27 pub-

69 3709 63 28 licity
150 3709 35 26 to)
198 3707 45 23 will
263 3707 23 23 in
303 3714 62 16 some
381 3714 104 16 measure
499 3707 103 23 alleviate
617 3708 38 22 the

67 3736 62 28 grief
139 3735 26 22 of
176 3735 38 22 the
236 3734 104 23 relatives
354 3734 25 22 of
400 3741 41 15 our
454 3734 144 22 unfortunate
612 3735 44 22 and

66 3770 57 16 .ever
132 3765 23 19 to
169 3761 29 23 be
212 3760 113 24 lamented
339 3763 148 25 countrymen
499 3760 51 23 who
567 3765 48 19 met
633 3769 23 15 so

70 3789 111 26 untimely
191 3795 13 15 a
214 3787 74 23 death.
296 3786 4 7 '

125 3816 13 24 I
152 3811 59 27 hjave
221 3814 38 23 the
267 3814 70 23 honor
346 3816 23 20 to
377 3814 36 27 be,
424 3814 42 27 Sir,

180 3841 63 23 Your
250 3843 58 20 most
317 3840 105 25 obedient
430 3840 93 24 humble
531 3844 97 25 servant,

125 3872 105 29 (Signed)
353 3872 103 22 Arthur
470 3871 27 23 E.
511 3871 144 24 M'Donoqh.

391 3903 76 23 Police
477 3903 138 28 Magistrate.

66 3937 98 25 •Colonel
179 3930 129 33 Wakefield,
320 3935 115 28 Principal
445 3935 77 28 Agent

126 3965 25 23 of
163 3963 42 24 the'
215 3963 56 24 New
285 3962 98 25 Zealand
398 3962 121 28 Company.

1888 138 133 21 excitement
2039 136 90 23 created
2151 136 30 28 by
2200 136 38 22 the
2260 136 46 23 late
2327 137 143 27 melancholy

1888 164 61 22 affair
1965 167 24 19 at
2004 164 98 26 Wairau,
2113 163 12 22 I
2136 162 80 23 should
2230 163 72 22 retain
2316 162 40 24 the
2368 164 44 28 list,
2422 165 48 25 and

1888 191 28 21 be
1930 190 77 28 happy,
2013 194 23 18 to
2050 190 60 22 avail
2123 190 83 28 myself
2222 190 25 22 of
2262 189 59 23 their
2335 191 96 22 services
2445 198 24 15 aa

1889 217 84 28 Special
1983 216 137 28 Constables,
2130 216 24 22 in
2163 216 38 22 the
2218 219 67 19 event
2301 216 27 22 of
2340 223 44 21 any
2398 225 72 15 emer-

1888 250 72 21 gency
1978 244 117 27 occurring
2111 242 74 23 which
2203 242 104 29 required
2394 243 12 22 I
2425 244 46 22 feel

1888 270 123 27 persuaded
2027 270 49 22 that
2089 276 46 19 you
2152 269 45 22 will
2213 277 67 15 cause
2295 277 39 20 my
2345 269 80 22 wishes
2439 273 30 19 oh

1889 296 42 22 this
1948 296 86 28 subject
2053 299 23 19 to
2094 298 28 21 be
2140 296 112 28 attended,
2270 296 93 23 without
2384 296 86 22 further

1890 322 71 28 delay.

2088 349 13 22 I
2110 349 58 23 have
2179 349 38 23 the
2225 349 87 23 honour
2321 352 24 20 to
2354 349 35 28 be,
2400 350 41 22 &c.

1923 384 64 24 Your
2006 385 136 23 Committee
2163 384 55 24 held
2229 388 21 21 'a
2266 385 102 31 meeting
2385 392 30 17 on
2431 384 39 25 the

1890 417 58 24 26th
1959 417 25 23 of
1993 417 53 31 July
2058 417 53 28 last,
2123 417 73 30 when,
2206 425 30 16 on
2244 417 39 25 the
2291 418 92 31 perusal
2391 418 26 23 of
2422 418 47 24 this

1889 449 73 30 letter,
1975 450 44 23 and
2031 450 25 23 of
2070 450 49 23 that
2136 451 103 23 received
2254 450 60 24 from
2331 451 40 24 the
2386 450 83 25 Auck-

1881 501 2 4 ,
1890 483 53 23 land
1960 482 163 30 Government,
2140 484 24 22 in
2175 483 65 31 reply
2257 487 23 20 to
2291 483 39 24 the
2347 483 124 24 Memorial

1881 507 2 43 |
1891 524 24 15 as
1925 515 78 24 before
2013 515 111 32 reported,
2143 516 39 23 the
2201 516 115 32 following
2333 517 137 24 resolutions

1890 557 56 15 were
1956 549 83 31 passed
2051 557 6 17 :—:
2058 562 35 4 —

1923 581 117 32 Proposed
2049 582 32 32 by
2090 582 46 24 Dr.
2148 582 95 30 Dorset,
2254 582 46 24 and
2311 582 113 24 seconded
2439 582 32 32 by

1889 614 39 26 W.
1940 616 59 28 Fox,
2011 614 68 33 Esq.,
2090 615 45 24 and
2147 615 86 24 carried
2243 615 195 32 unanimously—

1881 659 2 25 j
1917 654 110 22 Resolved
2027 665 27 5 —
2054 653 60 23 That
2130 653 43 22 this
2190 653 99 27 meeting
2305 653 52 22 does
2368 656 40 19 not
2417 659 54 17 con-

1890 680 58 23 sider
1963 681 27 21 53
2006 680 92 23 soldiers
2112 680 110 27 adequate
2238 684 22 18 to
2276 682 84 25 protect
2372 680 39 22 life
2425 680 46 23 and

1890 710 104 25 property
2010 708 25 21 in
2058 706 39 23 the
2119 707 70 22 Town
2213 706 26 23 of
2260 706 142 28 Wellington,
2426 706 45 23 and

1890 737 99 24 suggests
2004 734 38 22 the
2056 733 112 28 propriety
2178 734 26 21 of
2213 741 15 14 a
2237 733 89 27 general
2336 734 99 26 meeting
2448 733 26 22 of

1891 760 36 23 the
1932 761 142 27 Magistrates
2079 760 68 28 being
2154 760 104 26 called,to
2264 760 102 22 consider
2372 760 99 23 whether

1881 784 2 23 I
1891 787 37 22 the
1938 787 92 23 Settlers
2039 794 42 15 can
2086 787 26 22 in
2118 787 72 27 safety
2196 786 38 28 lay
2239 786 65 23 down
2309 786 59 23 their
2377 793 67 16 arms.

1923 821 118 31 Proposed
2057 820 31 31 by
2100 820 77 32 Major
2195 820 86 29 Baker,
2296 820 44 24 and
2358 820 113 24 seconded

1890 854 30 31 by
1932 854 78 31 Major
2029 853 149 29 Hornbrook,
2197 853 45 24 and
2262 853 85 24 carded
2364 854 105 23 unanim-

1891 887 64 30 ously
1956 899 33 4 —

1919 925 110 22 Resolved
2029 936 28 4 —
2057 924 59 23 That
2125 924 43 23 this
2177 924 98 28 meeting
2283 927 83 19 cannot
2373 927 99 25 separate

1893 952 90 22 without
1999 952 145 28 deprecating
2158 952 24 21 in
2193 951 37 22 the
2240 954 109 24 strongest
2357 954 68 19 terms
2434 950 38 23 the

1890 982 148 18 uncourteous
2057 985 95 15 manner
2168 978 25 22 in
2211 977 73 23 which
2303 977 37 22 the
2359 978 68 27 Corps
2451 977 25 22 of

1891 1006 133 21 Volunteers
2039 1006 35 21 for
2089 1006 39 21 the
2143 1005 93 22 defence
2250 1004 31 22 of'
2289 1004 143 28 Wellington,
2450 1004 24 22 in

1891 1036 91 24 support
2001 1033 26 21 of
2042 1032 41 22 her
2105 1031 119 28 Majesty's
2248 1031 159 27 Government,
2427 1030 47 23 and

1891 1060 72 21 raised
1972 1060 34 26 by/
2012 1062 93 19 consent
2115 1059 25 21 of
2148 1058 36 22 the
2196 1058 73 22 Police
2286 1058 136 27 Magistrate,
2433 1058 41 22 has

1891 1086 56 22 been
1958 1086 123 28 attempted
2090 1089 23 18 to
2122 1086 28 21 be
2161 1084 130 23 disbanded.

1924 1119 118 31 Proposed
2050 1119 32 31 by
2088 1119 62 24 John
2157 1118 84 29 Smith,
2249 1118 69 31 Esq.,
2326 1118 44 24 and
2377 1118 95 24 second-

1892 1152 27 24 ed
1929 1153 30 31 by
1970 1153 40 24 W.
2022 1152 75 32 Lyon,
2110 1152 68 31 Esq.,
2190 1152 133 29 Alderman,
2334 1151 44 24 and
2388 1151 86 25 carried

1891 1186 158 31 unanimously
2050 1198 34 4 —

1919 1223 138 23 Resolved—
2057 1223 60 22 That
2131 1223 43 22 this
2191 1223 97 27 meeting
2306 1222 95 22 dissents
2415 1222 59 23 from

1892 1251 37 21 the
1949 1251 90 28 opinion
2057 1249 119 28 expressed
2191 1250 31 27 by
2236 1249 34 23 his
2283 1249 137 28 Excellency
2436 1249 39 23 ad-

1892 1277 140 28 ministering
2045 1277 39 22 the
2101 1277 161 26 Government,
2273 1276 25 22 in
2307 1275 35 23 his
2351 1277 124 21 communi-

1892 1305 72 21 cation
1974 1303 121 23 addressed
2104 1307 24 18 to
2137 1303 38 22 the
2184 1303 45 22 late
2240 1303 81 27 Mayor
2331 1302 26 22 of
2368 1302 107 28 Welling-

1893 1334 44 24 ton,
1949 1331 48 22 that
2013 1331 37 22 the
2066 1327 144 30 melancholy
2220 1333 67 19 event
2297 1332 23 19 at
2329 1329 92 22 Wairau
2431 1336 44 16 was

1893 1358 36 22 the
1938 1361 37 19 act
1984 1358 26 21 of
2016 1358 37 22 the
2060 1357 92 23 Settlers
2161 1361 24 17 at
2191 1356 92 27 Nelson,
2292 1363 24 15 as
2323 1355 38 23 the
2369 1355 106 23 evidence

1893 1385 75 26 shews,
1979 1385 50 21 that
2037 1385 18 21 it
2064 1391 63 15 arose
2135 1387 39 19 out
2181 1383 26 22 of
2213 1390 29 14 an
2252 1385 94 25 attempt
2351 1386 24 18 to
2382 1386 93 20 execute

1893 1419 14 15 a
1921 1414 95 20 warrant
2032 1411 76 22 issued
2121 1411 31 27 by
2163 1410 38 22 the
2217 1409 75 23 Police
2307 1409 132 28 Magistrate
2453 1409 26 23 of

1893 1439 47 21 that
1949 1439 71 28 place.

1926 1474 117 31 Proposed
2060 1474 30 31 by
2102 1472 99 25 Edward
2219 1473 111 28 Johnson,
2349 1472 69 31 Esq.,
2431 1472 44 24 and

1893 1508 111 23 seconded
2016 1508 30 30 by
2058 1507 68 31 Capt.
2140 1506 102 29 Rhodes,
2254 1506 46 23 and
2319 1505 88 24 carried
2417 1513 57 16 una-

1893 1540 114 32 nimously
2008 1553 34 4 —

1921 1579 109 22 Resolved
2031 1590 27 4 —
2058 1578 59 23 That
2136 1586 14 15 a
2173 1578 190 23 Sub-Committee
2385 1578 30 22 be
2437 1585 39 20 ap-

1893 1606 91 27 pointed
1994 1609 23 18 to
2033 1606 59 22 draw
2100 1613 31 20 up
2142 1613 14 14 a
2163 1608 75 25 report
2248 1605 25 22 of
2284 1604 38 23 the
2331 1604 145 28 proceedings

1894 1633 25 22 of
1926 1632 37 23 the
1973 1633 98 22 General
2082 1632 140 26 Committee,
2231 1635 22 18 to
2262 1632 28 21 be
2300 1631 120 22 submitted
2430 1634 22 19 to
2461 1639 14 14 a

1894 1660 73 26 public
1974 1660 105 28 meeting,
2087 1659 45 22 and
2142 1659 50 22 that
2199 1659 35 22 his
2240 1658 102 28 Worship
2349 1658 38 22 the
2394 1658 82 28 Mayor

1900 1694 22 14 ac
1935 1687 119 27 requested
2070 1691 23 17 to
2110 1686 44 23 call
2171 1693 14 14 a
2202 1685 75 27 public
2291 1685 100 27 meeting
2404 1688 25 19 at
2438 1684 38 22 the

1895 1714 120 27 Exchange
2034 1717 23 19 at
2075 1721 29 14 an
2122 1712 62 35 early
2203 1712 50 27 day,
2273 1715 24 19 to
2314 1712 89 22 receive

1894 1744 84 24 report;
2003 1741 45 21 and
2065 1740 50 22 that
2132 1739 55 23 such
2206 1739 131 22 Committee
2356 1738 83 23 consist
2455 1738 26 22 of

1895 1768 57 21 Wm.
1972 1768 100 26 Guyton,
2093 1767 61 27 Esq.,
2175 1766 88 27 Mayor,
2284 1766 84 21 Doctor
2386 1765 89 27 Dorset,

1896 1794 56 22 Win.
1964 1794 54 27 Fox,
2031 1794 52 28 Esq.
2095 1794 45 22 and
2151 1794 26 21 E.
2189 1793 109 27 Johnson,
2309 1792 53 28 Esq.

1928 1828 29 24 In
1968 1835 128 24 pursuance
2109 1827 25 24 of
2143 1827 38 23 the
2198 1827 45 23 last
2264 1826 26 24 of
2305 1825 74 24 which
2390 1825 88 24 resolu-

1895 1863 66 28 tions,
1975 1862 46 22 this
2032 1860 108 31 Meeting
2150 1860 43 24 has
2203 1860 59 24 been
2273 1858 115 25 convened
2401 1858 31 31 by
2443 1858 36 24 his

1895 1895 108 31 Worship
2015 1895 38 22 the
2066 1894 93 30 Mayor.

1928 1929 65 23 Your
2005 1928 137 24 Committee
2154 1928 44 30 beg
2208 1926 102 24 likewise
2321 1930 24 19 to
2352 1929 66 26 state,
2429 1924 50 25 that

1896 1962 53 30 they
1970 1962 58 23 have
2051 1961 74 24 added
2147 1968 63 15 some
2233 1959 118 24 Members
2374 1963 24 19 to
2420 1958 59 24 their

1895 1995 115 27 aiumbers,
2030 1995 45 20 and
2097 1994 48 21 thsA
2156 1994 19 21 it
2186 1998 24 17 at
2229 1996 92 27 present
2339 1992 99 23 consists
2456 1990 26 24 of

1895 2026 116 30 following
2018 2025 139 31 gentlemen,
2170 2025 47 24 viz.
2218 2037 35 4 —

1896 2062 136 28 W.Guyton,
2037 2062 86 26 Mayor,
2125 2061 48 22 J.P.
2202 2061 23 22 J.
2239 2060 79 28 Lewis,

1897 2090 92 27 Captain
1998 2089 97 25 Daniell,
2107 2088 50 22 J.P.
2203 2088 22 22 J.
2237 2088 69 26 Watt,

1898 2115 275 27 W.Fitzherbert,Al.J.P.
2203 2116 29 20 R.
2243 2114 66 28 Park,

1897 2143 33 22 W.
1942 2143 71 27 Lyon,
2021 2142 133 26 Alderman,
2200 2142 30 21 N.
2239 2142 77 26 Levin,

1897 2170 21 22 J.
1924 2170 107 26 Johnson,
2040 2169 131 27 Alderman,
2202 2169 57 21 Geo.
2270 2168 98 28 Hunter,

1897 2197 27 21 It.
1930 2197 74 26 Waitt,
2012 2196 133 26 Alderman,
2201 2196 30 21 K.
2243 2195 111 28 Bethune,

1898 2224 91 27 Captain
2001 2223 35 22 W.
2048 2223 35 22 M.
2093 2222 78 27 Smith,
2182 2229 3 10 '
2202 2223 25 21 C.
2237 2222 98 27 Suisted,

1924 2251 26 21 It.
1952 2251 39 26 A.,
2001 2251 58 26 J.P.,
2203 2250 31 21 H.
2244 2250 64 26 Boss,

1898 2277 73 28 Major
1982 2278 28 22 D.
2021 2278 22 21 S.
2054 2276 78 28 Durie,
2203 2276 24 22 C.
2238 2276 86 27 Penny,

1898 2305 73 26 Major
1981 2305 27 21 R.
2019 2304 80 26 Baker,
2202 2303 22 22 J.
2235 2303 111 27 Boulcott,

1899 2331 72 28 Major
1979 2331 140 26 Hornbrook,
2202 2330 27 22 B.
2241 2330 90 27 Polhill,

1899 2359 91 27 Captain
1997 2358 122 26 Robinson,
2203 2357 29 22 K.
2244 2357 135 27 Mathieson,

1899 2385 91 28 Captain
2001 2385 77 33 Sharp,
2203 2384 35 22 W.
2249 2384 56 27 Fox,

1899 2412 91 28 Captain
2001 2411 96 27 Rhodes,
2203 2411 29 21 A.
2253 2411 66 28 Hort,
2344 2418 54 21 sen.,
2418 2411 62 23 Hon.

1899 2439 22 21 J.
1930 2439 87 27 Dorset,
2029 2439 73 26 M.D.,
2112 2438 61 26 Aid.,
2230 2438 122 27 Secretary.

1931 2472 30 24 fri
1982 2480 153 24 consequence
2156 2472 25 23 of
2196 2480 13 15 a
2226 2472 164 31 proclamation
2407 2472 74 24 which

1900 2505 38 25 has
1950 2506 112 32 appeared
2073 2505 73 24 under
2157 2505 39 24 the
2211 2505 61 23 hand
2291 2505 25 24 of
2331 2505 39 24 the
2387 2509 96 28 present

1901 2539 68 24 Chief
1991 2539 79 24 Police
2100 2538 144 32 Magistrate,
2268 2539 155 31 stigmatising
2444 2538 39 25 the

1900 2577 97 19 musters
2006 2573 24 23 of
2035 2573 39 23 the
2083 2572 130 24 volunteers
2220 2580 24 15 as
2252 2571 78 32 illegal
2337 2572 132 24 assemblies
2474 2580 8 21 ;

1900 2606 43 24 and
1950 2606 75 23 which
2036 2605 87 32 though
2135 2605 163 31 subsequently
2304 2605 119 29 retracted,
2431 2613 53 24 may

1900 2644 59 19 meet
1970 2639 38 24 the
2020 2647 40 24 eye
2073 2639 25 23 of
2112 2646 69 23 many
2192 2639 50 23 who
2258 2646 53 23 may
2331 2643 40 19 not
2388 2646 38 16 see
2443 2638 39 24 the

1901 2673 127 28 retraction,
2039 2680 58 24 your
2109 2672 136 23 Committee
2257 2671 44 24 feel
2309 2671 77 24 bound
2398 2672 24 23 in
2438 2671 46 24 this

1902 2711 57 19 most
1970 2706 76 31 public
2057 2712 96 17 manner
2164 2710 23 18 to
2201 2709 66 25 state,
2284 2705 49 23 that
2350 2704 60 24 their
2429 2712 54 25 pro-

1902 2739 104 31 ceedings
2014 2739 57 24 have
2083 2738 45 23 had
2139 2738 39 24 the
2189 2738 43 23 full
2243 2745 151 17 concurrence
2406 2737 26 24 of
2445 2737 39 24 the

1902 2773 42 23 late
1954 2773 78 23 Police
2044 2772 137 31 Magistrate
2194 2771 49 24 Mr.
2261 2771 146 32 M'Donogh,
2425 2770 60 25 until

1902 2806 27 23 he
1952 2813 46 16 was
2018 2805 146 32 superseded,
2182 2805 31 31 by
2224 2805 39 23 the
2274 2804 83 24 arrival
2368 2805 25 23 of
2408 2803 77 33 Major

1903 2839 136 29 Richmond,
2058 2846 25 16 as
2101 2838 51 24 well
2162 2846 33 15 -as
2211 2838 26 23 of
2251 2838 40 23 the
2308 2838 45 24 late
2370 2837 115 24 lamented

1903 2872 42 24 and
1954 2877 91 27 present
2057 2872 83 30 Mayor
2154 2871 24 24 of
2193 2871 149 31 Wellington,
2355 2871 45 23 and
2411 2871 25 23 of
2451 2871 32 24 all

1903 2905 35 24 the
1949 2906 61 23 local
2020 2905 150 32 Magistrates
2189 2904 50 24 who
2250 2912 39 16 are
2300 2909 40 19 not
2347 2904 26 23 in
2385 2904 38 24 the
2436 2911 47 17 em-

1903 2939 51 32 ploy
1973 2939 26 24 of
2025 2939 157 23 Government
2191 2946 5 21 ;
2222 2945 69 24 many
2312 2937 26 24 of
2352 2937 75 24 whom
2448 2944 37 17 are

1903 2972 111 24 members
2027 2972 24 24 of
2060 2972 38 23 the
2110 2972 91 23 various
2210 2979 74 23 corps,
2297 2971 45 23 and
2349 2970 59 24 have
2416 2970 70 24 taken

1904 3013 13 16 a
1926 3010 61 19 most
1997 3006 72 23 active
2080 3010 51 26 part
2139 3005 24 23 in
2182 3005 39 23 the
2236 3004 134 24 assemblies
2388 3004 95 31 stigma-

1904 3039 57 24 tised
1973 3046 24 16 as
2009 3038 84 32 illegal.

1934 3088 36 24 At
1980 3088 38 23 the
2030 3089 101 30 meeting
2142 3092 24 19 at
2176 3087 75 24 which
2262 3087 38 24 the
2316 3086 89 32 Report
2415 3086 71 25 above

1905 3121 87 31 printed
2011 3129 46 16 was
2077 3121 103 25 received
2192 3120 44 24 and
2252 3119 104 32 adopted,
2367 3119 39 25 W.
2419 3119 65 24 Eitz-

1904 3154 98 30 herbert,
2020 3155 68 31 Esq.,
2100 3154 136 28 Alderman,
2247 3154 25 23 in
2292 3152 38 24 the
2349 3152 69 30 chair,
2434 3151 51 33 (the

1905 3188 82 31 Mayor
2009 3188 70 31 being
2100 3188 80 24 absent
2202 3186 98 31 through
2323 3185 99 32 illness,)
2446 3186 39 24 the

1904 3221 114 32 following
2038 3221 137 24 resolutions
2196 3227 58 17 were
2275 3219 83 34 passed
2379 3219 106 24 unanim-

1905 3255 64 31 ously
1978 3262 6 17 ::
1985 3267 30 4 —
2015 3267 3 5 ■

1930 3287 20 20 1.
1964 3286 60 21 That
2029 3286 43 21 this
2079 3285 101 26 Meeting
2185 3284 112 23 considers
2307 3283 37 23 the
2351 3286 107 20 accounts
2463 3283 26 23 of

1904 3313 36 21 the
1949 3313 46 22 late
2004 3312 136 22 lamentable
2149 3312 63 21 affair
2221 3314 22 18 at
2253 3310 99 27 Wairau,
2369 3311 118 29 published

1905 3340 27 27 by
1942 3339 38 22 the
1992 3339 122 22 Auckland
2121 3339 153 22 Government
2283 3337 44 22 and
2335 3337 29 22 its
2372 3344 115 25 represen-

1905 3366 84 27 tatives,
2006 3373 24 15 as
2038 3366 111 21 incorrect
2161 3365 44 22 and
2218 3365 104 28 unjust—
2322 3364 60 22 That
2395 3367 19 19 it
2421 3363 20 23 is
2450 3366 37 20 not

1905 3396 47 19 true
1962 3393 49 22 that
2018 3393 49 21 that
2075 3392 70 22 'affair
2154 3399 44 14 was
2207 3391 86 27 merely
2331 3398 13 15 a
2354 3393 87 20 contest
2449 3391 39 22 be-

1906 3423 69 19 tween
1987 3420 76 21 armed
2080 3419 90 22 Settlers
2180 3418 56 22 from
2251 3418 85 23 Nelson
2351 3417 46 23 and
2406 3425 14 15 a
2428 3417 60 28 body
2500 3420 2 6 '

1906 3447 25 21 of
2062 3453 42 14 nor
2114 3445 53 27 that,
2202 3445 55 21 both
2265 3445 82 28 parties
2352 3451 58 15 were
2418 3444 26 22 in
2450 3443 38 23 the

2019 3473 41 22 but
2069 3473 48 21 that
2126 3473 38 21 the
2175 3472 108 21 evidence
2299 3471 24 22 in
2335 3471 36 22 the
2384 3471 73 22 hands
2465 3471 26 22 of

1906 3500 36 21 the
1957 3501 155 20 Government
2130 3501 24 19 at
2170 3498 38 22 the
2227 3498 54 22 time
2305 3498 61 22 those
2378 3497 58 23 false
2451 3505 37 15 ac-

1906 3530 77 19 counts
1992 3533 56 16 were
2060 3525 126 34 published,
2200 3532 81 21 proves
2290 3524 116 29 distinctly
2415 3524 48 22 that
2471 3525 19 21 it

1906 3561 43 14 was
1959 3560 29 15 an
1999 3556 35 19 act
2043 3553 27 22 of
2081 3553 119 22 resistance
2210 3555 23 19 to
2249 3552 39 22 the
2298 3551 98 25 Queen's
2410 3551 78 23 autho-
2497 3572 3 3 .

1905 3580 50 27 rity,
1970 3580 46 21 and
2025 3587 14 14 a
2048 3586 82 20 savage
2143 3586 111 15 massacre
2265 3579 25 21 of
2300 3579 63 22 those
2373 3577 51 23 who
2432 3584 56 18 were

1905 3607 99 27 lawfully
2014 3607 44 21 and
2073 3605 104 29 officially
2187 3605 102 28 engaged
2304 3606 24 21 in
2342 3604 148 27 maintaining

1906 3634 27 26 it;
1945 3633 45 22 and
2000 3633 50 22 that
2057 3631 45 24 this
2112 3632 101 28 Meeting
2227 3640 77 19 agrees
2312 3631 56 23 with
2380 3632 38 22 the
2425 3631 64 22 inha-

1907 3660 81 22 bitants
1997 3660 26 22 of
2029 3660 93 27 Nelson,
2133 3660 24 21 in
2166 3659 58 22 their
2232 3659 139 28 expressions
2381 3658 27 22 of
2417 3657 73 26 disap-

1907 3687 113 26 probation
2030 3689 23 19 at
2069 3687 31 22 all
2116 3689 106 24 attempts
2239 3690 23 18 to
2271 3685 59 28 gloss
2340 3692 54 15 over
2403 3691 25 15 or
2442 3682 48 29 pal-

1906 3713 52 24 liate
1973 3713 38 23 the
2026 3720 81 21 savage
2124 3713 112 28 enormity
2251 3713 27 22 of
2293 3712 38 22 the
2347 3711 68 23 crime
2430 3718 59 15 com-

1903 3741 90 21 mitted.

1932 3768 23 21 2.
1971 3767 58 22 That
2043 3767 44 22 this
2098 3767 99 27 meeting
2211 3765 113 23 considers
2334 3766 36 23 53.
2375 3763 92 23 soldier*

1908 3793 75 28 totally,
1992 3794 136 22 insufficient
2136 3793 124 28 protection
2267 3793 35 22 for
2308 3792 37 22 the
2351 3790 139 24 settlements

1907 3821 24 22 in
1941 3820 81 22 Cook's
2033 3821 85 26 Straits,
2129 3828 25 14 or
2163 3827 57 16 even
2229 3819 35 22 for
2272 3817 138 28 Wellington
2417 3816 72 27 alone,

1909 3847 41 22 and
1961 3847 90 27 regards
2060 3847 38 22 the
2109 3849 92 22 attempt
2211 3849 23 19 to
2243 3848 41 25 put
2293 3845 63 22 down
2367 3843 38 23 the
2412 3843 81 23 volun-

1908 3876 46 19 teer
1964 3874 69 22 Force
2043 3874 26 21 of
2080 3873 44 23 this
2137 3875 127 20 settlement
2272 3879 25 15 as
2304 3869 131 30 imprudent
2450 3869 43 23 and

1909 3901 103 22 uncalled
2021 3901 41 26 for,
2070 3901 46 22 and
2125 3901 48 20 that
2182 3899 44 22 this
2236 3898 98 27 meeting
2342 3900 100 26 requests
2455 3895 36 23 the

1910 3927 129 22 Committee
2048 3927 25 22 of
2085 3927 72 27 safety
2166 3930 25 18 to
2199 3926 52 22 take
2261 3925 39 22 the
2309 3923 90 29 opinion
2415 3923 27 23 of
2453 3922 37 23 the

1910 3954 67 23 Local
1997 3955 141 27 Magistrates
2155 3960 59 21 upon
2231 3952 37 23 the
2286 3951 112 29 propriety
2417 3950 27 23 of
2455 3949 37 23 the

1279 141 108 32 Borough
1399 141 97 31 deputed
1506 141 64 24 three
1583 141 25 24 of
1622 141 39 24 the
1681 140 73 25 Local
1770 140 90 31 Magis-

1279 178 77 25 trates,
1380 179 23 19 to
1425 178 93 27 request
1542 174 26 24 of
1594 174 38 23 the
1662 174 78 23 Police
1770 173 89 30 Magis-

1279 211 57 19 trate
1346 207 50 24 Mr.
1403 207 147 31 M'Donogh,
1557 208 77 30 copies
1643 207 26 23 of
1677 207 38 23 the
1723 206 137 31 depositions

1279 240 68 23 taken
1359 240 77 24 before
1447 240 96 23 himself
1551 240 46 23 and
1615 247 62 16 some
1697 239 24 24 of
1744 239 38 23 the
1801 238 61 24 local

1280 272 148 31 Magistrates
1450 273 93 23 relative
1564 277 25 19 to
1611 271 39 25 the
1670 279 127 22 massacre;
1816 276 45 20 two

1279 306 148 31 applications
1437 313 58 16 were
1507 306 24 23 in
1542 313 156 23 consequence
1707 304 66 24 made
1780 304 30 31 by
1822 305 40 23 the

1278 337 149 33 Deputation,
1447 336 39 26 tKe
1504 338 52 24 first
1573 346 15 16 a
1603 342 93 27 request
1715 337 51 24 that
1785 338 76 31 copies

1279 371 73 31 might
1371 371 29 23 be
1422 370 118 25 furnished
1560 371 63 24 them
1623 383 33 5 —
1657 370 38 24 the
1713 370 82 24 second
1812 370 50 24 that

1280 404 52 31 they
1343 404 137 24 themselves
1490 404 75 31 might
1583 403 54 25 take
1655 404 75 31 copies
1741 412 6 20 ;
1766 403 55 23 both
1839 404 25 23 of

1279 437 73 24 which
1372 445 59 16 were
1453 437 92 23 refused
1556 445 6 21 ;
1589 437 43 24 had
1651 437 40 23 the
1710 437 75 30 copies
1803 437 58 22 been

1278 470 96 30 granted
1385 478 58 23 your
1455 470 136 24 Committee
1602 470 75 30 might
1687 469 109 32 probably
1804 469 58 23 have

1278 502 45 24 had
1340 510 76 17 access
1434 507 24 19 to
1474 503 70 29 them,
1568 503 45 23 and
1633 503 58 23 have
1707 503 59 22 been
1777 502 50 23 able
1839 506 23 19 to

1278 543 94 24 prepare
1379 536 39 24 the
1425 536 134 24 Memorials
1568 536 106 23 fromthe
1681 539 61 19 most
1748 535 114 23 authentic

1280 576 79 16 source
1371 569 26 24 of
1409 569 155 24 information.
1600 568 67 24 Your
1678 568 135 24 Committee
1822 576 40 16 are

1279 606 39 19 not
1328 610 72 16 aware
1418 610 32 16 on
1467 602 60 23 what
1537 602 90 31 ground
1637 602 65 23 these
1713 601 149 32 applications

1279 642 57 16 were
1347 635 99 29 refused,
1457 635 42 23 but
1509 635 58 23 have
1578 634 72 24 heard
1660 642 14 16 a
1681 635 49 23 fear
1741 634 121 32 expressed

1278 668 45 23 lest
1333 673 93 27 exparte
1437 672 133 20 statements
1583 668 82 24 should
1675 672 37 26 get
1720 667 91 30 abroad;
1822 668 41 23 but

1279 701 18 23 if
1308 701 44 23 this
1364 709 46 16 was
1426 701 39 24 the
1482 701 89 31 ground
1590 701 26 24 of
1632 701 92 28 refusal,
1747 701 18 23 it
1787 708 75 16 comes

1279 734 54 23 with
1342 742 16 17 a
1368 734 45 24 bad
1423 742 68 23 grace
1503 734 58 24 from
1573 734 50 24 Mr.
1644 734 145 31 M'Donogh,
1811 734 51 23 who

1279 767 120 31 published
1410 774 30 17 on
1452 767 114 31 authority
1578 775 25 15 as
1615 767 37 23 the
1669 772 61 18 most
1747 767 116 23 authentic

1279 801 89 23 version
1380 800 25 24 of
1420 800 39 24 the
1470 808 115 16 massacre
1601 809 14 15 a
1625 800 63 23 loose
1698 800 106 31 hear-say
1817 800 45 24 tale

1280 833 25 23 of
1321 833 37 23 the
1369 834 97 29 natives,
1479 838 23 18 at
1512 833 40 24 the
1563 835 55 22 time
1634 833 66 24 when
1717 833 39 23 the
1776 833 86 23 solemn

1280 866 138 31 depositions
1430 866 26 24 of
1470 866 50 24 Mr.
1533 866 103 24 Tuckett
1646 874 44 15 one
1705 866 26 23 of
1752 866 38 23 the
1810 874 52 15 sur-

1278 900 76 23 vivors
1366 899 70 24 taken
1448 899 78 24 before
1536 899 95 23 himself
1640 899 44 23 and
1697 899 64 23 other
1771 899 91 31 Magis-

1281 937 69 19 trates
1362 932 119 31 distinctly
1498 932 167 31 contradictory
1683 932 25 23 of
1721 932 40 23 the
1780 932 83 23 Native

1280 965 44 24 tale
1336 974 46 16 was
1394 967 22 22 in
1428 965 36 24 his
1476 966 132 31 possession
1615 974 6 20 ;
1639 965 45 24 and
1696 965 72 23 which
1780 965 83 23 Native

1279 1004 122 19 statement
1419 999 30 23 he
1465 998 43 24 has
1531 999 63 23 since
1613 1006 54 16 seen
1682 1006 82 16 reason
1771 998 58 32 fully
1841 1003 22 19 to

1279 1037 90 19 retract.
1426 1032 30 24 In
1479 1032 38 23 the
1540 1032 97 24 absence
1657 1032 26 24 of
1707 1039 63 16 more
1789 1032 74 31 ample

1279 1066 146 23 information
1436 1073 57 23 your
1506 1065 137 24 Committee
1651 1065 58 23 have
1728 1070 22 18 to
1770 1073 93 24 express

1280 1099 58 23 their
1359 1099 125 30 obligation
1505 1103 23 19 to
1548 1098 44 24 Dr.
1618 1098 92 29 Dorset,
1740 1098 49 24 who
1816 1106 47 16 was

1279 1136 92 27 present
1389 1137 22 18 at
1430 1131 39 24 the
1486 1132 154 25 examination
1658 1131 25 24 of
1698 1131 37 24 the
1747 1132 116 23 witnesses

1280 1169 24 19 at
1317 1165 89 31 Cloudy
1418 1165 58 31 Bay,
1490 1165 45 23 and
1547 1165 49 23 who
1610 1164 80 31 kindly
1709 1165 154 23 communica-

1282 1198 39 23 ted
1333 1199 30 22 its
1376 1199 121 23 substance
1509 1202 22 19 to
1544 1206 58 23 your
1613 1198 143 23 Committee.

1316 1232 118 23 Pursuant
1443 1236 23 18 to
1488 1232 95 22 another
1601 1232 123 22 resolution
1742 1232 81 30 passed
1841 1235 24 19 at

1279 1265 48 29 thej
1341 1265 84 24 Public
1445 1265 112 29 Meeting,
1581 1272 56 23 your
1657 1264 133 24 Committee
1809 1265 54 23 took

1279 1299 129 23 immediate
1425 1305 118 16 measures
1558 1298 36 22 for
1611 1297 37 23 the
1665 1298 49 23 best
1734 1297 91 24 defence
1829 1303 7 5 '
1842 1298 25 23 of

1279 1331 39 24 the
1340 1331 130 24 settlement
1487 1330 75 24 which
1583 1331 176 23 circumstances
1770 1331 95 24 enabled

1280 1364 62 24 them
1353 1369 23 19 to
1388 1364 93 31 provide
1489 1373 6 20 ;
1509 1364 35 22 for
1556 1364 46 22 this
1613 1372 104 23 purpose,
1728 1364 39 23 the
1774 1369 60 19 town
1843 1364 24 24 of

1280 1397 142 32 Wellington
1439 1405 45 16 was
1502 1397 90 23 divided
1612 1398 48 23 into
1679 1397 63 24 three
1755 1397 109 24 districts.

1281 1431 50 23 The
1360 1431 98 23 number
1484 1431 25 23 of
1530 1437 55 16 men
1603 1430 101 24 desirous
1724 1430 25 24 of
1771 1430 95 31 bearing

1281 1472 60 15 arms
1363 1465 26 23 in
1406 1464 64 29 each,
1488 1463 45 24 and
1552 1463 38 23 the
1611 1464 102 31 quantity
1735 1464 25 23 of
1770 1471 60 16 arms
1841 1465 24 22 in

1281 1497 58 24 their
1349 1498 119 31 possesion
1477 1505 47 15 was
1535 1496 142 24 ascertained
1684 1506 7 20 ;
1711 1497 45 23 and
1763 1496 37 24 the
1810 1505 55 15 con-

1283 1538 107 16 currence
1413 1531 26 23 of
1463 1529 40 24 Mr
1505 1547 6 10 f
1550 1529 138 31 M'Donogh
1711 1530 39 23 the
1786 1530 79 24 Police

1282 1564 136 31 Magistrate
1427 1564 85 30 having
1523 1564 59 23 been
1594 1563 113 30 obtained,
1720 1571 14 15 a
1742 1563 62 30 large
1811 1571 54 24 pro-

1281 1598 90 30 portion
1392 1605 58 16 were
1470 1604 75 16 sworn
1566 1597 24 22 in
1611 1597 30 30 by
1665 1596 54 29 him,
1739 1596 44 24 and
1801 1597 65 24 other

1282 1630 157 31 Magistrates,
1459 1638 24 15 as
1506 1630 93 31 Special
1611 1630 142 24 Constables.
1792 1630 73 31 Corps

1282 1672 57 15 were
1350 1664 56 25 then
1416 1663 89 24 formed
1514 1664 26 22 in
1552 1663 56 23 each
1626 1663 95 28 district,
1740 1663 72 23 under
1828 1663 38 24 the

1283 1697 118 23 command
1412 1697 25 23 of
1453 1696 77 32 Major
1542 1696 81 29 Durie,
1636 1696 78 31 Major
1724 1696 85 29 Baker,
1822 1697 44 23 and

1284 1731 96 31 Captain
1399 1731 74 30 Sharp
1483 1738 6 21 ;
1511 1729 39 24 the
1573 1729 141 31 Wellington
1733 1729 60 24 Rifle
1807 1730 59 24 Club

1283 1772 45 16 was
1340 1764 71 23 added
1424 1768 23 19 to
1460 1764 37 23 the
1509 1763 82 29 forces,
1604 1763 44 23 and
1658 1763 39 23 the
1708 1762 71 24 whole
1787 1764 80 23 united

1282 1797 60 31 body
1360 1797 80 31 placed
1460 1796 71 24 under
1551 1796 39 23 the
1608 1796 119 23 command
1750 1795 24 24 of
1789 1796 78 32 Major

1283 1830 73 24 Durie
1364 1839 7 21 ;
1385 1830 57 23 such
1451 1830 113 23 members
1577 1829 25 23 of
1618 1829 37 24 the
1665 1829 60 23 force
1737 1837 26 16 as
1774 1829 38 24 did
1828 1835 39 18 not

1282 1871 91 23 possess
1385 1872 61 15 arms
1454 1871 58 16 were
1524 1862 119 24 furnished
1650 1863 54 23 with
1716 1863 68 28 them,
1794 1863 73 23 under

1283 1897 38 24 the
1333 1905 94 23 express
1439 1896 108 24 direction
1556 1896 26 23 of
1592 1896 46 23 Mr.
1650 1896 145 31 M'Donogh,
1808 1896 59 23 from

1284 1931 37 23 the
1339 1934 73 20 stores
1433 1931 25 23 of
1484 1930 39 23 the
1542 1929 58 23 New
1620 1929 101 23 Zealand
1740 1930 125 31 Company.

1283 1963 69 31 Daily
1365 1964 72 28 drills,
1451 1962 42 25 and
1506 1962 90 31 weekly
1602 1968 98 17 musters
1708 1962 25 23 of
1742 1963 126 31 inspection

1273 1996 146 26 ,siave_taken
1424 1995 77 30 -place.
1537 1995 52 23 The
1601 1995 54 22 total
1669 1995 96 22 number
1775 1995 24 22 of
1813 2003 54 15 men

1279 2027 104 24 Enrolled
1392 2027 20 22 is
1425 2028 57 27 669,
1495 2026 38 23 the
1545 2026 96 23 number
1653 2026 90 31 nsually
1750 2026 119 31 attending

1284 2063 87 20 muster
1383 2060 101 23 between
1496 2061 49 22 300
1558 2059 45 23 and
1615 2060 57 22 400.

1316 2093 66 23 Your
1395 2093 135 23 Committee
1542 2093 57 22 have
1611 2092 47 23 also
1671 2096 23 19 to
1705 2096 76 28 report
1792 2093 51 24 that
1855 2101 14 15 a

1284 2126 93 31 Battery
1389 2126 41 23 has
1442 2126 58 23 been
1512 2126 91 22 erected
1615 2133 28 15 on
1656 2126 56 30 Clay
1726 2126 58 29 Hill,
1796 2126 73 24 under

1284 2159 38 24 the
1333 2159 203 32 superintendance
1545 2159 25 23 of
1580 2159 97 31 Captain
1688 2159 38 23 W.
1736 2159 36 24 M.
1783 2159 84 29 Smith,

1285 2192 74 29 R.A.,
1372 2193 44 23 and
1427 2192 63 24 three
1502 2200 60 22 guns
1578 2192 80 31 placed
1670 2192 96 24 therein.
1802 2193 66 23 Ano-

1284 2226 50 23 ther
1345 2226 96 30 Battery
1453 2234 28 15 on
1502 2225 127 24 Thorndon
1647 2225 54 23 Flat
1720 2233 46 16 was
1779 2226 23 23 in.
1814 2234 55 22 pro-

1284 2267 64 23 gress
1366 2264 24 18 at
1408 2259 38 23 the
1469 2258 78 32 period
1568 2259 26 23 of
1615 2258 38 23 the
1677 2259 83 23 arrival
1781 2259 25 23 of
1830 2259 39 23 the

1284 2293 99 30 military
1402 2293 60 22 from
1481 2291 132 30 Auckland,
1632 2292 42 23 but
1691 2291 40 24 has
1753 2296 39 19 not
1811 2292 59 23 been

1284 2326 125 31 proceeded
1436 2326 54 23 with
1514 2326 72 23 since.
1633 2326 31 23 In
1690 2326 104 30 carrying
1821 2326 49 23 into

1286 2359 64 24 effect
1371 2359 63 24 these
1456 2360 158 30 preparations
1636 2359 35 23 for
1695 2358 98 29 defence,
1813 2367 57 22 your

1286 2392 136 24 Committee
1442 2392 121 31 appointed
1583 2401 14 14 a
1618 2392 98 31 military
1736 2392 134 23 Sub-Com-

1286 2427 84 28 mittee,
1379 2426 126 30 consisting
1517 2425 24 23 of
1552 2425 97 31 Captain
1660 2425 101 29 Daniell,
1773 2425 98 31 Captain

1286 2459 83 31 Sharp,
1383 2459 98 31 Captain
1497 2459 86 28 Smith,
1597 2458 77 31 Major
1695 2458 84 30 Baker,
1792 2458 79 32 Major

1287 2493 148 28 Hornbrook,
1455 2492 97 31 Captain
1570 2492 129 28 Robinson,
1712 2491 45 24 Dr.
1777 2492 93 29 Dorset,

1286 2526 44 23 and
1343 2526 47 23 Mr.
1403 2526 85 28 Lewis,
1502 2530 22 19 to
1536 2525 77 24 whose
1631 2525 92 31 activity
1735 2525 43 23 and
1790 2525 81 31 ability

1286 2559 38 23 the
1336 2564 47 18 rest
1395 2559 24 23 of
1434 2567 57 23 your
1503 2559 136 23 Committee
1659 2559 45 30 beg
1724 2562 23 20 to
1759 2559 52 23 bear
1824 2563 47 19 tes-

1286 2592 96 31 timony.

1320 2626 39 23 An
1372 2625 136 32 application
1520 2625 41 24 has
1574 2625 56 23 been
1646 2624 65 24 made
1732 2625 31 31 by
1775 2625 97 31 Captain

1288 2659 83 29 Smith,
1384 2663 24 20 at
1419 2659 38 24 the
1467 2663 92 27 request
1578 2658 25 24 of
1618 2666 57 24 your
1691 2658 145 29 Committee,
1850 2664 22 18 to

1288 2693 47 23 Mr.
1349 2692 138 31 M'Donogh
1499 2692 38 24 the
1550 2692 70 24 Chief
1636 2691 77 24 Police
1727 2692 145 31 Magistrate,

1288 2730 22 19 to
1322 2726 112 23 ascertain
1452 2725 101 24 whether
1564 2725 39 24 the
1624 2725 156 24 Government
1797 2725 75 23 would

1288 2768 43 22 pay
1343 2759 38 23 the
1394 2766 99 24 expence
1514 2759 108 23 incurred
1641 2759 24 22 in
1684 2758 37 23 the
1741 2759 97 23 erection
1851 2758 25 24 of

1288 2793 123 29 Batteries,
1423 2792 44 24 and
1479 2792 38 23 the
1528 2791 112 32 purchase
1652 2791 25 24 of
1693 2799 12 16 a
1724 2791 65 24 small
1801 2799 73 24 quan-

1288 2826 42 31 tity
1340 2826 24 23 of
1370 2826 138 31 gunpowder
1514 2825 44 24 and
1564 2824 149 24 ammunition
1720 2824 73 24 which
1801 2825 19 23 it
1829 2825 45 23 had

1288 2859 58 24 been
1364 2859 98 31 thought
1482 2859 122 31 expedient
1623 2863 23 18 to
1664 2858 93 30 provide
1768 2867 5 19 ;
1792 2866 26 15 as
1837 2866 37 16 re-

1288 2892 68 31 gards
1367 2892 37 24 the
1418 2893 57 30 Clay
1488 2892 53 24 Hill
1559 2892 96 30 Battery
1667 2891 43 23 and
1731 2891 38 23 the
1785 2899 89 16 ammu-

1289 2926 79 29 nition,
1382 2926 48 23 Mr.
1444 2925 140 31 M'Donogh
1596 2924 101 24 declined
1716 2924 109 32 pledging
1837 2925 38 23 the

1291 2959 163 29 Government,
1467 2959 40 23 but
1520 2959 49 23 said
1581 2958 28 24 he
1627 2957 74 25 would
1721 2959 104 23 transmit
1837 2958 39 24 the

1289 2992 53 24 bills
1352 2996 24 19 to
1396 2992 131 24 Auckland.
1562 2991 37 24 As
1617 2991 92 31 regards
1728 2991 38 24 the
1783 2991 92 24 Thorn-

1290 3025 44 24 don
1353 3025 105 32 Battery,
1476 3025 38 24 the
1533 3025 80 24 Police
1632 3025 137 30 Magistrate
1789 3025 85 23 under-

1289 3058 55 24 took
1356 3063 22 19 to
1391 3059 82 31 charge
1494 3058 157 24 Government
1671 3058 54 23 with
1743 3058 37 23 the
1792 3062 51 19 cost
1853 3058 26 23 of

1290 3093 30 22 its
1331 3092 145 32 completion,
1488 3091 110 32 provided
1618 3091 28 23 he
1665 3098 45 16 was
1723 3091 118 23 consulted
1852 3092 24 22 in

1290 3130 90 27 respect
1397 3126 95 23 thereto.
1535 3125 24 23 A
1579 3124 58 24 local
1660 3124 152 32 subscription
1834 3124 42 24 has

1291 3159 133 23 meanwhile
1507 3158 93 24 entered
1611 3158 47 23 into
1677 3161 23 19 to
1711 3162 60 19 meet
1784 3157 39 24 the
1835 3165 41 15 ex-

1290 3199 92 24 pences,
1394 3192 73 23 which
1478 3192 22 23 is
1510 3199 51 16 now
1573 3192 25 23 in
1618 3198 79 16 course
1709 3191 24 23 of
1749 3191 125 23 collection.

1324 3231 66 24 Your
1402 3231 136 24 Committee
1550 3229 47 24 will
1615 3229 85 31 merely
1711 3229 78 24 advert
1803 3233 22 19 to
1837 3229 39 24 the

1291 3264 83 24 arrival
1385 3264 25 24 of
1425 3264 45 23 the'
1485 3264 157 23 Government
1661 3263 52 30 brig
1723 3262 58 24 from
1793 3262 83 24 Auck-

1291 3297 60 29 land,
1363 3298 109 30 bringing
1484 3299 31 22 58
1528 3297 95 23 soldiers
1641 3296 26 23 of
1681 3295 38 24 the
1739 3295 58 24 96th
1806 3296 70 34 ,regi-

1291 3335 70 19 ment.
1398 3331 39 23 On
1450 3330 37 24 the
1503 3330 44 31 day
1565 3329 137 30 succeeding
1718 3328 52 24 that
1785 3329 91 29 arrival,

1292 3372 15 16 a
1317 3364 66 25 letter
1394 3371 46 16 was
1452 3363 104 24 received
1572 3363 32 31 by
1615 3361 78 32 Major
1709 3362 82 29 Durie,
1805 3361 71 24 Com-

1292 3397 109 24 mandant
1412 3397 25 23 of
1453 3397 37 23 the
1508 3396 128 24 Volunteer
1655 3396 81 28 Force,
1756 3395 79 31 signed
1847 3396 29 30 by

1293 3431 37 23 the
1342 3431 73 31 newly
1427 3429 122 32 appointed
1561 3429 70 24 Chief
1641 3428 78 24 Police
1731 3428 145 30 Magistrate,

1294 3464 76 31 Major
1391 3463 133 24 Richmond
1533 3472 7 20 ;
1567 3461 75 25 which
1659 3469 46 16 was
1724 3462 153 30 immediately

1292 3497 46 24 laid
1348 3497 32 31 by
1392 3497 77 31 Major
1481 3496 74 24 Durie
1567 3495 78 24 before
1657 3502 57 24 your
1733 3495 143 28 Committee,

1293 3530 26 24 of
1331 3530 75 24 which
1417 3530 39 24 the
1465 3528 120 32 following
1594 3529 21 23 is
1627 3536 12 16 a
1651 3536 65 23 copy.

1436 3566 74 23 Dated
1521 3566 146 27 Wellington,
1679 3565 54 27 July
1742 3566 34 26 25,
1787 3566 62 21 1843.

1481 3599 102 28 (Signed)
1640 3599 34 22 M.
1689 3599 133 23 Richmond.

1446 3632 129 23 Addressed
1583 3634 23 19 to
1620 3632 37 21 W.
1668 3632 23 22 S.
1701 3631 76 28 Durie,
1788 3631 53 27 Esq.

1323 3667 46 27 Sir,
1373 3678 27 5 —
1400 3667 29 25 In
1450 3665 138 33 compliance
1608 3665 54 23 with
1681 3672 56 20 your
1754 3667 96 25 request,
1867 3664 12 22 I

1294 3693 108 23 herewith
1411 3697 111 23 transmit,
1532 3693 24 22 in
1572 3692 95 27 writing,
1678 3692 37 22 the
1730 3691 150 23 communica-

1295 3720 47 22 tion
1352 3720 12 23 I
1375 3720 65 23 made
1457 3719 100 27 verbally
1566 3723 24 18 to
1607 3726 44 21 you
1667 3718 125 28 yesterday,
1803 3718 19 22 it
1836 3725 44 15 was

1294 3748 25 24 in
1333 3747 121 23 substance
1469 3754 24 14 as
1509 3746 87 22 follows
1604 3754 35 14 :—
1638 3746 60 22 That
1713 3752 24 15 as
1747 3752 14 15 a
1770 3744 111 23 sufficient

1295 3775 60 23 force
1365 3774 46 22 had
1422 3773 88 23 arrived
1527 3773 59 23 from
1596 3772 118 24 Auckland
1730 3772 34 22 for
1776 3772 37 21 the
1830 3779 51 20 pro-

1296 3801 82 23 tection
1389 3801 25 22 of
1421 3800 39 23 the
1474 3804 68 23 town,
1552 3799 19 23 it
1581 3806 44 16 was
1633 3806 30 16 no
1672 3799 79 27 longer
1763 3805 118 21 necessary

1295 3829 36 21 for
1340 3827 38 22 the
1387 3827 138 23 inhabitants
1533 3830 23 19 to
1565 3826 111 23 assemble
1681 3826 33 22 for
1719 3825 49 21 that
1773 3831 94 22 purpose
1874 3832 5 19 ;

1296 3853 44 24 this
1349 3854 11 22 I
1369 3853 119 30 requested
1496 3860 54 21 you,
1561 3860 26 16 as
1594 3853 38 23 the
1648 3852 59 23 head
1717 3852 27 24 of
1756 3852 38 22 the
1804 3852 78 22 armed

1296 3881 150 27 associations,
1458 3884 22 18 to
1490 3887 87 21 convey
1587 3883 23 19 to
1621 3879 68 27 them,
1700 3878 45 23 and
1754 3878 97 22 likewise
1858 3881 23 18 to

1297 3907 71 23 add—
1459 3914 24 15 as
1502 3907 12 21 I
1532 3906 71 23 found
1622 3906 54 22 Mr..
1686 3904 130 28 M'Donogh
1837 3904 46 22 had

1298 3935 100 23 enrolled
1406 3935 39 21 the
1455 3939 77 17 names
1542 3933 26 23 of
1581 3933 30 23 all
1621 3933 49 22 who
1679 3932 45 22 had
1733 3939 25 14 so
1771 3931 112 28 promptly

1299 3968 62 17 come
1377 3960 94 24 forward
1482 3963 23 19 to
1514 3960 38 24 aid
1561 3960 39 23 the
1610 3960 52 22 civil
1671 3965 73 22 power
1754 3958 81 28 during
1842 3958 41 23 the
