2550 4050
66 131 140 27 ■chQoner,a.t
214 131 117 27 T^arwaite,
341 131 51 23 and-
402 134 61 20 went
471 138 30 16 on
509 131 23 22 in
543 131 40 22 her
593 131 55 23 with.

58 160 51 20 'two
118 157 25 23 of
155 164 38 21 my
200 155 65 25 boats
273 161 29 19 to-
306 159 76 21 Ocean
393 157 54 28 Bay,
458 157 73 23 where
541 157 12 21 I
562 157 83 23 landed

66 183 141 33 thrnajjvej.
237 184 50 23 Ido
296 188 40 19 not
344 183 68 25 know,
420 183 98 23 whether
529 183 57 31 they'
592 183 53 29 paid

66 210 35 23 for
117 210 57 24 their
188 218 92 20 passage
296 218 24 16 or
333 213 46 21 not.
412 211 13 21 I
441 210 64 22 knew
521 210 52 28 they
588 217 57 15 were

64 236 71 28 going
151 239 24 21 to
193 237 37 22 the
249 237 90 23 Wairau
357 240 22 18 to
396 239 86 24 protect
499 236 37 22 the
553 241 93 24 country

65 263 92 27 against'
162 263 36 23 the
208 263 67 23 white
284 263 79 28 people
364 274 26 4 —
392 265 11 20 I
412 270 73 18 mean,
494 266 23 18 to
525 267 40 24 put
574 270 15 16 a
597 268 49 23 stop

66 289 71 23 totht
146 290 66 22 white
220 290 79 32 people
308 289 78 27 taking
391 296 25 15 or
421 289 96 28 keeping
521 290 123 27 possession

66 315 32 23 of'
102 316 38 22 the
155 316 59 22 land.
242 316 71 22 Three
330 323 25 15 or
371 317 50 21 four
436 314 54 29 days
503 316 103 25 previous
622 320 23 18 to

65 341 38 23 the
113 343 106 22 schooner
228 342 99 29 crossing
335 342 38 22 the
388 343 78 21 Straits
482 342 11 22 I
503 349 45 15 saw
556 345 43 19 two
608 350 38 14 ca-

66 376 55 15 noes
137 369 42 24 and
196 376 13 14 a
225 369 53 21 boat
296 369 70 26 going
381 369 94 22 towards
491 368 38 22 the
546 368 97 26 Wairau.

66 393 49 24 Saw
125 402 29 15 no
164 402 63 19 arms,
238 395 41 22 but
295 392 133 26 understood
442 395 57 23 from
513 395 37 22 the
560 395 86 23 natives

65 421 50 22 that
130 422 52 27 they
197 421 43 22 had
258 429 65 15 linns.
353 422 66 22 After
433 422 37 22 the
486 421 107 23 schooner
609 429 37 15 ar-

65 448 62 22 rived
138 449 22 21 in
169 448 86 27 Cloudy
266 448 47 28 Bay
324 448 12 22 I
352 453 60 18 went
425 456 29 15 on
468 448 78 26 board,
556 448 45 22 and
610 456 36 14 re-

66 474 91 22 mained
165 474 49 22 four
223 482 25 14 or
258 474 43 22 five
309 475 62 27 days,
381 475 59 22 until
448 475 39 22 she
502 475 41 22 left
552 477 26 21 to,
583 482 29 19 go
622 479 24 18 to

66 500 132 28 Wellington
215 501 35 22 for
269 502 102 27 supplies.
407 502 11 22 I
433 509 65 15 mean
516 501 128 28 provisions.

66 527 92 27 Captain
168 528 67 22 Toms
243 534 74 21 never,
329 532 23 18 to
361 535 38 20 ray
409 528 135 27 knowledge,
555 535 41 19 ga>
606 536 5 6 ■
621 536 25 14 or

63 553 52 23 «old
123 561 43 20 any
175 555 133 26 gunpowder
318 559 23 17 to
359 555 37 21 the
411 555 101 23 Natives.
541 556 66 20 Three
625 562 22 15 tr

49 580 66 26 .four
118 581 82 26 pounds
209 582 114 26 ofpowdtr
331 589 43 14 was
379 583 61 25 given
449 583 26 25 by
487 582 88 26 Captain
586 583 60 21 Toms

66 609 20 21 tat
96 609 36 20 the
140 609 78 21 natives
227 611 25 19 at
260 610 72 25 Mana,
343 616 27 14 on
379 611 56 20 their
449 611 74 21 return
530 609 63 27 from
611 611 35 21 the

68 635 94 25 Wairau,
174 637 24 22 he
208 639 23 18 at
240 637 47 20 that
298 637 49 20 time
356 638 58 25 being
424 642 68 15 aware
501 637 28 25 of
533 638 36 20 the
577 638 69 26 affray

64 663 23 19 at
97 663 35 21 the
144 664 92 25 Wairau,
247 665 43 19 and
304 665 46 19 that
369 665 34 20 the
407 666 67 24 party
481 665 44 19 had
541 665 48 20 been
599 671 47 15 con-

65 690 104 21 cernrd.in
179 692 25 20 it.
226 690 47 23 The
284 691 109 23 schooner
402 699 29 14 on
440 691 90 26 leaving
539 691 107 27 Welling-

64 720 39 18 ton
111 721 60 18 went
181 724 73 15 across
263 721 22 21 tp
294 717 86 28 Cloudy
392 718 45 27 Bay
446 717 45 22 and
500 721 23 18 to
533 717 37 22 the
580 718 66 22 south

65 746 102 19 entrance
178 744 24 21 of
213 743 38 23 the
262 744 81 27 Sound,
355 744 45 22 and
410 745 56 21 from
482 743 79 23 thence
572 752 74 14 across

64 773 23 19 to
98 769 76 23 Mana.
203 771 11 21 I
225 778 45 14 was
278 774 88 28 present
376 771 62 22 when
454 771 66 23 Toms
534 778 57 19 gave
607 771 39 22 the

64 796 88 31 powder
162 800 22 18 to
195 797 36 22 the
241 798 94 26 natives,
346 797 44 23 and
405 797 70 22 heard
492 797 46 21 him
548 804 40 21 say
597 797 50 23 that

64 825 17 19 it
89 830 46 14 was
144 824 22 21 in
176 828 106 23 payment
290 824 34 22 for
339 831 61 15 some
415 825 54 26 pigs.
501 824 21 21 It
531 824 17 21 is
560 831 37 20 my
606 824 39 22 be-

63 849 43 22 lief
115 849 49 23 that
172 850 68 22 Toms
249 854 59 18 must
324 851 57 21 have
397 849 102 23 received
517 858 59 14 some
593 858 53 14 con-

64 875 118 23 sideration
197 877 35 22 for
247 877 78 28 taking
334 877 38 22 the
387 877 86 22 natives
490 876 71 27 down,
578 877 40 22 but
633 877 12 22 I

63 902 59 22 have
131 910 29 14 no
169 903 132 28 knowledge
310 904 27 22 of
346 904 38 22 the
399 904 52 22 fact.
482 903 10 21 I
502 903 87 23 believe
599 903 48 23 that

64 929 67 22 Toms
140 929 76 23 claims
231 938 60 14 some
306 931 92 21 interest
413 931 24 21 in
452 929 54 23 land
522 935 25 17 at
556 930 86 28 Cloudy

57 956 63 27 -Bay,
129 956 24 22 In
164 957 59 27 right
231 957 26 21 of
268 956 34 23 his
316 956 46 23 late
371 957 57 27 wife,
439 964 13 14 a
466 957 82 21 native.
579 957 11 22 I
601 957 45 22 had

62 983 127 28 previously
197 983 71 22 heard
277 983 36 23 the
323 984 86 22 natives
426 990 39 21 say
474 983 48 22 that
532 983 37 21 the
580 983 66 23 white

64 1010 79 31 people
158 1010 79 22 should
253 1011 56 21 have
327 1018 57 14 none
400 1011 26 21 of
442 1011 37 21 the
492 1010 55 22 land
565 1014 25 18 at
607 1010 39 22 the

65 1036 90 22 Wairau
165 1036 92 23 without
266 1037 93 27 fighting
369 1037 33 21 for
411 1037 18 21 it
429 1048 27 4 —
458 1037 48 21 that
522 1044 43 14 was
576 1037 70 21 about

64 1062 37 22 the
113 1062 51 22 time
175 1063 26 21 of
207 1063 37 22 the
253 1070 116 21 surveyors
375 1063 47 21 first
428 1063 68 28 going
503 1063 64 21 down
574 1063 69 22 there.

66 1089 10 21 I
87 1089 68 22 heard
165 1089 66 22 Toms
241 1097 39 20 say
289 1089 50 22 that
346 1089 30 22 he
392 1089 106 23 intended
513 1093 21 17 to
545 1089 50 27 give
606 1089 38 22 the

52 1116 97 22 '■natives
158 1116 61 22 three
230 1116 99 22 muskets
339 1117 22 21 in
371 1120 106 28 payment
485 1116 35 22 for
530 1119 42 19 two
581 1116 62 27 large

63 1143 55 27 pigs.
146 1143 41 22 We
197 1143 52 22 took
259 1147 22 17 to
296 1143 107 21 Tarwaite
420 1143 22 21 in
459 1143 37 21 the
512 1142 106 22 schooner
632 1150 14 14 a

64 1170 75 21 native
148 1170 49 22 who
211 1170 47 22 had
272 1170 57 22 been
344 1173 23 18 at
383 1170 37 21 the
436 1170 89 21 Wairau
540 1170 46 21 and
601 1177 45 14 was

64 1196 108 22 wounded
182 1197 22 21 in
215 1197 38 21 the
263 1196 64 27 neck,
338 1196 45 22 and
394 1197 48 21 who
456 1196 45 22 told
513 1203 36 15 me
560 1196 47 22 that
617 1196 29 22 he

64 1229 45 15 was
125 1230 42 15 one
183 1223 25 21 of
219 1223 39 23 the
274 1227 64 24 party
356 1223 47 21 that
418 1223 44 21 had
479 1222 118 23 murdered
607 1222 38 22 the

64 1250 65 21 white
139 1250 85 28 people.
254 1251 92 27 Captain
358 1250 65 22 Toms
430 1257 45 15 was
484 1257 29 14 on
522 1250 70 21 board
601 1250 45 22 and

63 1284 44 14 was
117 1284 72 15 aware
199 1277 25 21 of
236 1277 37 21 the
284 1277 76 22 native
370 1276 66 27 being
445 1276 70 22 there.

92 1303 63 22 Johh
171 1304 79 22 Lloyd
258 1312 6 14 :
280 1304 11 22 I
306 1303 81 28 belong
404 1307 22 18 to
442 1303 36 22 the
496 1310 55 15 crew
567 1303 26 21 of
608 1303 38 21 the

68 1331 66 21 Three
151 1331 107 21 Brothers.
295 1331 72 21 When
388 1330 11 22 I
415 1330 79 27 joined
513 1330 47 21 that
575 1330 72 22 vessel

66 1357 140 27 Rauparaha,
217 1357 160 28 Rangihaeata,
388 1357 46 22 and
448 1358 28 20 40
492 1364 25 14 or
525 1357 28 21 50
561 1357 86 21 natives

57 1391 3 7 '
67 1384 123 27 (including
198 1392 84 14 women
291 1384 43 22 and
343 1383 118 27 children,)
470 1390 57 16 were
533 1383 111 22 onboard.

68 1411 9 21 I
89 1418 45 14 saw
143 1411 83 22 several
235 1411 99 22 muskets
343 1411 69 26 there,
419 1411 44 21 and
468 1410 105 22 recollect
579 1410 68 22 Toms

66 1437 76 28 giving
151 1438 37 22 the
198 1437 69 23 chiefs
277 1441 42 18 two
326 1437 102 22 muskets
437 1438 23 21 in
470 1437 115 27 exchange
592 1437 34 21 for
633 1444 14 15 a

68 1465 67 22 ilave.
164 1465 41 21 We
214 1465 42 21 left
265 1465 70 24 Mana
349 1464 34 23 for
398 1464 37 22 the
451 1464 92 22 Wairau
558 1464 32 27 by
599 1471 48 20 way

68 1491 25 21 of
104 1491 37 22 the
151 1491 75 23 Sound
237 1491 44 22 and
291 1491 115 26 Tarwaite,
417 1490 72 22 where
506 1498 32 14 we
553 1490 54 22 took
622 1491 25 21 in

61 1532 3 5 ■
68 1517 108 23 Howland
186 1518 45 22 and
240 1518 35 22 his
284 1521 43 18 two
337 1517 68 27 boats,
413 1517 43 22 and
464 1517 53 22 then
523 1517 125 28 proceeded

66 1549 24 17 to
96 1555 4 6 •
106 1544 85 29 Cloudy
200 1545 56 27 Bay.
285 1544 111 22 Howland
412 1544 83 22 landed
509 1544 37 21 the
561 1544 87 22 natives

66 1571 69 22 in'fcis
144 1573 61 21 boats
214 1571 23 22 in
249 1573 76 21 Ocean
337 1572 53 26 Bay.
420 1571 10 21 I
442 1570 37 22 did
489 1575 40 17 not
537 1571 63 21 know
609 1570 39 22 the

67 1605 93 24 purpose
171 1599 25 22 of
207 1598 37 22 the
256 1598 92 22 Native*
357 1598 22 22 in
385 1598 72 27 .going
466 1601 24 18 to
500 1597 38 21 the
548 1597 98 27 Wairau,

67 1623 39 26 but
121 1625 108 28 supposed
246 1625 53 27 they
308 1632 57 14 were
369 1625 78 26 -going
460 1624 62 22 there
537 1627 22 18 to
576 1624 71 23 settle,

69 1651 9 22 I
85 1657 64 17 -wtnt
155 1651 57 22 from
222 1651 86 28 Cloudy
318 1652 47 27 Bay
375 1651 57 22 back
439 1655 21 17 to
471 1651 38 21 the
519 1651 76 22 Sound
599 1651 49 22 -and

69 1678 107 22 Tarwaite
186 1679 21 21 in
219 1686 13 14 a
244 1678 61 26 boat,
317 1678 37 22 the
365 1678 70 21 vessel
449 1678 83 27 having
546 1684 57 20 gone
619 1685 28 15 on

68 1709 23 17 to
107 1705 144 27 Wellington.
289 1705 43 22 She
352 1705 127 21 afterwards
495 1704 105 22 returned
617 1705 30 26 by

58 1731 95 28 •Cloudy
170 1732 46 27 Bay
233 1735 23 19 to
270 1732 115 26 Tarwaite,
402 1731 73 22 where
491 1731 10 22 I
515 1731 79 27 joined
607 1731 41 22 her

68 1758 43 22 and
126 1758 123 28 proceeded
266 1761 23 19 to
305 1759 76 21 Mana.
411 1758 65 21 After
491 1758 67 26 being
572 1763 24 15 at
609 1758 38 22 the

67 1785 66 21 latter
143 1785 61 33 place
220 1793 61 14 some
298 1785 60 27 days,
371 1785 36 21 the
423 1791 81 15 canoes
519 1784 129 28 containing

60 1807 160 32 'Hangiiiaeata
237 1812 45 22 and
296 1811 35 23 his
345 1815 63 24 party
425 1811 94 22 arrived.
546 1811 102 22 :I.after-

68 1838 70 22 wards
146 1839 68 21 heard
223 1839 68 21 Toms
301 1846 38 20 say
347 1839 48 21 that
400 1838 153 27 Itangihaeafa
560 1838 44 21 and
613 1838 35 22 his

68 1869 63 24 party
149 1865 43 22 had
201 1883 3 3 .
211 1865 69 23 killed
298 1866 26 21 85
343 1865 66 22 white
427 1865 85 27 people,
531 1865 117 27 including

69 1892 91 27 Captain
171 1892 124 22 Wakefield
304 1892 44 22 and
365 1891 42 23 Mr.
419 1891 133 28 Thompson.
581 1892 66 22 Some

69 1919 25 21 erf
111 1919 37 21 the
163 1919 96 22 Maories
276 1919 46 21 told
332 1926 42 18 .me
389 1919 49 21 that
456 1918 134 27 Rauparaha

68 1946 184 27 goncto.Kapiti.
280 1945 88 28 Shortly
379 1945 56 22 after
451 1945 153 27 Rangihaeata
610 1952 38 14 -ar-

67 1972 69 27 rived,
146 1972 68 22 Tains
222 1980 61 19 gave-
287 1972 47 22 him
344 1977 42 17 two
401 1972 99 22 mu&kets
510 1972 43 22 and
561 1979 13 15 a
584 1972 64 22 small

68 1999 43 27 keg
122 1999 24 22 of
157 1999 90 27 powder
255 1999 34 22 for
300 2003 41 18 two
351 1999 56 27 pigs,
418 1999 44 22 and
477 2006 29 14 on
516 1999 37 21 the
564 1999 84 21 follow-

68 2025 39 27 ing
117 2026 102 26 morning
229 2033 14 14 a
257 2025 63 22 small
335 2032 69 16 canoe
420 2032 62 14 came
499 2025 44 21 and
560 2025 87 23 fetched

67 2051 61 22 them
139 2059 68 20 away.
227 2052 44 22 -On
282 2052 87 26 leaving
379 2052 69 21 Mana
458 2052 33 21 for
497 2052 107 21 Tarwaite
616 2060 31 13 we

68 2078 52 22 took
130 2085 27 15 on
168 2078 69 22 board
246 2086 15 14 a
270 2079 73 21 Maori
358 2078 44 27 lad,
413 2078 49 22 who
480 2085 44 15 was
539 2079 113 21 wounded,

68 2104 22 22 in
101 2104 38 22 the
148 2105 63 22 neck.
240 2105 37 22 He
294 2105 47 22 said
346 2105 39 21 ■he
399 2105 46 21 had
461 2112 66 14 come-
538 2105 56 21 from
610 2105 37 22 the

63 2131 102 23 -Wairau.
195 2132 35 22 He
241 2132 116 27 appeared-
365 2135 22 18 to
402 2132 28 21 be
440 2133 67 20 about
516 2133 26 20 20
552 2139 64 20 years
625 2133 26 22 of

68 2165 40 21 age
108 2170 3 5 I*—in1
111 2169 24 10 *—
136 2159 23 21 in
172 2159 51 26 fact,
235 2166 43 14 one
296 2159 24 21 of
332 2159 37 21 the
385 2159 54 27 boys
456 2158 48 22 who
519 2166 43 14 row
577 2159 22 21 in
611 2159 36 22 the

67 2186 72 22 boats.
165 2186 68 22 Toms
243 2192 44 15 was
297 2193 28 14 on
340 2185 70 23 board
426 2189 23 18 at
464 2185 37 22 the
512 2186 52 21 time
573 2186 27 20 of
609 2186 38 22 the

69 2213 72 22 Maori
150 2213 44 27 boy
202 2212 69 27 being
280 2212 52 22 with
341 2220 27 14 vs
369 2223 26 5 —
397 2212 51 28 they
458 2219 62 15 came
534 2219 28 15 on
579 2213 68 22 board

66 2239 106 28 together.

94 2267 143 23 Alexander
253 2268 126 24 M'Clune:
401 2268 10 22 I
432 2275 44 15 was
492 2270 60 20 mato
567 2267 26 22 of
609 2267 38 23 the

68 2293 67 23 Three
143 2297 101 19 Brothers
254 2296 63 22 when
327 2295 38 23 the
374 2295 85 23 natives
465 2302 63 16 came
536 2295 110 22 onboard.

67 2321 41 22 We
119 2323 52 22 took
186 2323 132 28 Rauparaha
333 2330 29 14 on
374 2322 68 22 board
456 2325 23 19 at
492 2323 67 21 Toms
576 2322 70 27 place,

68 2347 97 29 Porirua,
186 2349 44 22 and
245 2349 126 22 afterwards
386 2349 153 27 Rangihneata
555 2349 43 21 arid
613 2349 34 21 his

57 2379 73 24 .party
144 2380 23 18 at
181 2376 77 22 Mana.
293 2376 12 22 I
317 2375 69 23 think
402 2375 61 23 there
479 2383 44 14 was
538 2375 67 22 about
619 2378 28 20 32

64 2403 95 26 natives,
167 2403 117 23 including
291 2410 87 15 women
388 2403 45 22 and
444 2402 107 22 children.
580 2402 67 22 From

65 2435 13 15 »
87 2429 154 23 conversation
252 2429 73 23 wnich
335 2429 53 23 took
397 2430 62 27 place
468 2429 100 23 between
579 2429 67 22 Toms

66 2455 45 24 and
121 2457 37 23 the
169 2460 42 19 two
221 2457 77 26 chiefs,
310 2457 10 21 I
335 2456 135 22 understood
486 2456 48 22 that
550 2464 33 14 w«
594 2457 52 21 took

66 2492 28 14 on
106 2483 68 23 board
190 2483 85 25 several
289 2483 101 23 muskets
404 2483 43 22 and
461 2483 143 22 tomahawks.
634 2483 12 22 I

64 2518 44 15 ■aw
119 2519 29 14 no
158 2511 142 28 gunpowder,
311 2511 41 21 but
360 2510 56 22 each
426 2509 25 23 of
461 2509 38 23 the
506 2511 86 21 natives
602 2509 44 23 had

66 2546 12 15 a
94 2537 118 24 cartouche
226 2539 53 24 box,
296 2537 73 22 which
384 2537 11 22 I
410 2536 102 22 believed
526 2537 120 21 contained

65 2565 128 28 cartridges.
221 2565 11 21 I
248 2571 45 15 saw
307 2564 86 22 several
407 2563 99 23 muskets
520 2563 80 23 loaded
615 2564 30 27 by

65 2591 37 23 the
117 2593 93 25 natives,
225 2591 45 22 and
286 2590 53 29 they
355 2598 55 14 were
426 2590 129 27 discharged
570 2593 23 19 at
607 2590 38 22 the

64 2619 67 21 north
141 2622 104 19 entrance
263 2617 24 23 of
299 2617 37 22 the
351 2617 81 22 Sound.
463 2617 40 21 We
519 2617 40 22 left
575 2617 71 23 Mana

54 2653 40 17 ■vn
108 2653 27 15 or
148 2646 68 21 about
230 2645 38 22 the
285 2644 53 22 28th
353 2644 25 22 of
390 2644 55 27 May
459 2644 46 22 and
520 2643 87 23 arrived
621 2648 25 18 at

65 2673 108 22 Tarwaite
183 2680 28 14 on
222 2671 38 23 the
269 2671 116 26 following
393 2670 50 28 day,
449 2670 74 22 where
533 2671 111 21 Howland

62 2699 77 27 joined
147 2706 27 16 us
182 2698 52 23 with
244 2702 43 18 two
296 2697 72 23 whale
377 2697 70 28 boats,
454 2697 46 23 and
505 2705 32 15 we
546 2701 59 19 went
615 2704 28 15 on

66 2730 21 17 to
108 2727 75 21 Ocean
203 2726 55 27 Bay.
296 2725 89 26 During
412 2723 37 23 the
473 2732 91 19 passage
588 2725 56 22 from

66 2753 71 24 Mana
146 2760 71 15 across
226 2751 38 23 the
275 2751 84 26 Straits,
374 2753 68 21 Toms
455 2758 56 20 gave
526 2754 43 19 two
585 2758 60 15 mus-
651 2751 2 21 I

64 2779 49 23 kets
123 2782 22 19 to
152 2779 154 29 Rangihaeata
310 2778 46 23 and
362 2778 132 29 Rauparaha
499 2778 24 22 in
529 2778 115 27 exchange

64 2805 35 26 tor
108 2814 15 14 a
131 2806 59 23 slave
198 2805 122 28 belonging
336 2808 24 18 to
375 2805 68 21 them.
471 2805 66 21 After
551 2804 94 28 landing

64 2833 37 24 the
110 2833 85 26 natives
205 2840 33 14 we
247 2832 105 22 returned
362 2834 22 19 to
399 2831 115 26 Tarwaite,
526 2831 45 22 and
586 2832 58 22 from

63 2859 80 24 thence
162 2864 22 18 to
194 2859 150 27 .Wellington.
378 2859 66 22 From
460 2858 136 27 Wellington
610 2866 33 15 we

56 2887 130 27 .-proceeded
194 2889 23 19 to
232 2886 94 27 Cloudy
332 2886 47 27 Bay
390 2885 44 23 and
448 2885 37 22 the
501 2885 83 28 Sound,
600 2885 44 22 and

64 2911 80 25 thence
154 2921 29 14 on
193 2916 23 19 to
226 2913 77 22 Mana.
332 2912 11 22 I
352 2920 45 14 was
407 2914 92 25 present
507 2911 65 23 when
583 2912 61 22 Ran-

64 2940 120 27 gihaeata's
200 2946 68 15 canoe
289 2939 87 23 arrived
396 2943 23 18 at
442 2939 71 23 Mana
530 2939 58 21 from
606 2939 37 22 the

68 2967 94 22 Wairau.
191 2967 21 23 A
221 2967 77 22 Maori
308 2966 38 22 lad
360 2965 110 23 informed
479 2973 38 14 me
525 2965 49 22 that
584 2965 60 23 Ran-

64 2993 103 23 rihaeata
183 2993 45 23 had
251 2992 120 23 murdered
393 2993 94 28 Captain
512 2992 130 22 Wakefield.

65 3020 151 28 Rangihaeata
231 3027 46 14 was
291 3019 54 22 then
363 3019 75 26 sitting
451 3019 24 22 in
491 3019 152 22 conversation

64 3047 53 22 with
125 3048 68 23 Toms
199 3054 6 19 ;
221 3046 29 22 he
260 3045 109 30 appeared
384 3049 23 19 to
415 3046 29 22 be
453 3045 109 23 wounded
570 3045 25 22 in
604 3045 38 23 the

64 3073 53 23 foot.
146 3074 27 23 11l
183 3073 36 23 the
229 3080 77 15 course
317 3073 26 21 of
354 3073 37 22 the
405 3073 43 26 day
463 3073 12 21 I
491 3071 70 23 heard
575 3073 67 21 Toms

63 3107 40 21 ■ay
111 3100 49 23 that
165 3101 21 22 it
194 3107 44 15 was
247 3107 15 14 a
271 3099 42 22 bad
320 3099 42 28 job
371 3099 37 22 the
419 3099 97 22 Maories
529 3099 113 22 had-com-

64 3127 100 22 menced.
193 3127 27 22 In
231 3126 37 22 the
278 3133 105 22 presence
394 3126 25 22 of
428 3126 73 26 Toms,
509 3125 38 23 the
556 3125 86 23 natives

63 3153 111 23 informed
188 3161 44 19 me,
245 3153 33 28 by
293 3160 78 16 means
386 3153 26 22 of
428 3152 57 22 their
502 3153 82 26 fingers
599 3153 43 22 and

63 3177 55 29 iotu,
129 3181 47 22 that
184 3181 25 23 25
217 3179 48 24 had
275 3180 57 22 been
341 3179 76 23 killed.
438 3179 11 23 I
458 3179 71 22 learnt
537 3175 58 28 from
605 3180 37 22 the
648 3203 3 5 ,

62 3207 75 25 native
145 3207 45 29 boy
199 3207 49 22 that
258 3207 44 26 Mr,.
313 3204 99 24 Ironside
428 3206 45 22 and
489 3206 43 23 Mr.
545 3206 98 29 Wyning

61 3233 61 23 wire
129 3241 58 20 gone
197 3234 65 22 down
272 3236 24 19 to
304 3233 57 27 bury
371 3233 38 23 the
418 3232 85 23 bodies.
531 3233 13 22 I
554 3233 39 22 did
602 3238 40 17 not

63 3267 37 15 see
110 3268 44 21 any
164 3261 64 22 white
245 3261 71 21 men's
324 3259 78 23 bodies
418 3259 23 23 in
457 3266 44 21 any
517 3259 24 23 of
553 3259 39 23 the
605 3268 32 14 ca-

63 3294 62 15 noes.
166 3287 47 23 Tha
231 3287 103 28 morning
349 3286 46 23 this
414 3287 154 21 conversation
586 3286 56 24 'took

61 3313 71 28 place,
150 3313 16 23 a'
174 3313 64 23 small
254 3320 70 15 canoe
344 3314 27 21 of
386 3313 174 27 Rahgihaeata's
576 3321 65 14 came

61 3340 112 29 alongside
182 3341 44 22 and
236 3340 51 23 took
298 3348 61 20 away
369 3348 14 14 a
392 3338 63 27 small
465 3340 44 27 keg
518 3341 25 22 of
552 3341 90 26 powder

62 3367 46 22 and
116 3371 42 20 two
168 3367 99 24 muskets
276 3368 23 21 in
308 3367 114 27 exchange
430 3367 36 24 for
477 3370 42 19 two
529 3367 55 28 pigs.
604 3368 36 23 On

62 3393 37 25 the
113 3394 16 28 4
131 3402 13 15 &
144 3402 14 20 y
171 3395 25 22 °f
213 3394 35 23 bla
260 3398 79 19 return
355 3398 23 18 to
393 3393 78 27 Mana,
488 3393 153 28 Rangihaeata

61 3418 64 29 gave'
128 3421 74 24 orders
211 3421 34 22 for
259 3419 39 24 the
311 3421 100 21 removal
427 3421 25 23 of
463 3419 30 23 all
508 3420 34 22 his
557 3421 82 27 effects,

60 3447 48 22 And
127 3448 100 21 declared
241 3447 36 24 his
294 3447 111 22 intention
425 3447 25 22 of
470 3446 68 29 going
557 3449 22 20 to
602 3447 38 22 the

62 3473 132 24 northward.
216 3474 10 22 I
235 3474 74 23 dofiot
315 3474 66 22 know
387 3473 99 24 whether
489 3481 30 15 «c
524 3477 41 19 not
574 3473 66 24 Toms

61 3501 103 24 leceivpd
171 3504 107 25 payment
289 3501 38 24 far
342 3501 76 27 taking
432 3500 38 23 the
485 3504 65 23 party
565 3504 23 19 to
602 3501 38 22 the

63 3526 100 23 Wairau..
166 3527 42 28 Jbut
216 3527 12 24 I
238 3530 93 28 •upppsfe,
344 3527 20 25 jit
377 3534 45 15 was
436 3527 25 25 in
477 3528 162 24 consideration

61 3553 26 22 of
97 3553 39 23 the
144 3552 54 24 land
214 3551 136 25 at'Ponru'a.
380 3554 11 22 I
404 3553 71 24 heard
489 3550 54 31 tha^,
553 3555 87 25 besides

63 3577 92 30 Captain
166 3577 130 30 Wakefield,
304 3579 48 23 Mr.
358 3580 136 28 Thompson,
501 3581 45 22 and
556 3581 83 22 Brooks

62 3608 56 20 w*Ki
131 3606 75 23 killed.
233 3607 14 21 1
257 3607 70 22 heard
336 3607 38 22 the
385 3611 95 18 natives'
489 3614 38 21 say
538 3607 53 28 thsy
599 3608 40 23 did

61 3636 40 25 pot
110 3633 75 23 intend
194 3636 24 20 to
225 3633 59 28 Agh(
287 3641 122 20 anymore,
419 3633 99 26 andjthat
525 3633 38 27 t]be
571 3635 68 26 white

61 3660 78 27 people
146 3660 74 27 might
228 3667 47 22 now,
287 3660 51 22 take
345 3660 40 24 the
394 3661 96 22 Wairau.
547 3657 5 6 '
623 3659 16 11 '•'"

89 3685 76 24 Riwai
177 3684 121 27 Wait«ne:
309 3683 13 25 I
331 3694 44 16 was
383 3690 26 18 at
416 3687 116 28 Tarwaite,
539 3687 46 23 and
596 3696 43 14 was

63 3711 45 23 tolfl
118 3714 38 27 by.
158 3712 119 23 Werekina
287 3713 49 21 that
350 3720 60 15 some
426 3713 68 22 white'
508 3714 130 23 ntorflehad

61 3739 57 23 been
129 3739 67 23 killed
204 3743 25 19 at
238 3739 38 23 the
287 3739 94 27 Wairau,
392 3740 41 22 but
445 3737 51 25 that
506 3740 29 23 he
546 3741 45 24 had
599 3745 42 18 not

61 3765 56 23 bean
128 3767 60 21 there
197 3765 97 23 himself.
312 3766 38 25 He
358 3765 47 23 said
414 3767 49 22 that
467 3774 64 18 .some
540 3767 98 24 Maories

58 3791 48 25 tad
116 3793 46 23 also
171 3793 57 23 been
239 3792 75 27 killed,
324 3792 41 22 but
374 3793 49 23 that
432 3793 36 23 the
485 3793 66 23 white
558 3795 80 27 people

48 3838 6 4 .
59 3816 73 30 began
146 3819 39 25 the
198 3819 64 29 fight.
288 3819 93 30 lacked
396 3822 24 21 a*
435 3819 57 23 what
506 3820 63 27 place
585 3821 53 28 they

61 3849 57 26 wgi-e
125 3845 80 30 .killed,-
209 3846 49 22 .and
305 3844 48 24 aaid
362 3849 24 19 at
400 3846 38 22 the
445 3845 100 29 Wairau,
555 3847 83 24 behind

60 3875 39 20 tu*
108 3873 122 23 mountain.
256 3873 40 22 He
306 3871 148 29 (Werekina,)
463 3873 55 23 then
532 3881 58 20 gave
598 3874 39 25 ;rije'

62 3897 37 27 ffct
108 3898 112 32 fcpoiKihjg
235 3901 145 23 statement—
382 3899 48 24 that
439 3900 36 24 the
485 3900 87 23 natives
581 3908 61 18 were.

62 3931 72 18 aero**
143 3925 37 23 the
188 3932 85 16 rarer—
275 3925 47 23 that
332 3925 93 28 Captain
435 3925 123 28 Wake^eld
567 3927 71 24 faHed

60 3950 127 24 CHtiGiva
194 3951 63 23 rinJk
266 3953 85 24 canoe/
369 3952 46 24 ami
425 3952 54 23 that*
484 3954 20 22 It
518 3960 42 16 was
569 3955 68 26 given
632 3953 3 6 1

833 1257 123 26 Thursday,
967 1257 59 22 June
1038 1259 32 19 29.

676 1294 93 29 [Before
780 1295 28 22 A.
820 1294 133 23 M'Dokald
963 1294 43 22 and
1016 1294 28 21 D.
1057 1294 95 26 Monro,
1169 1294 86 27 Esqrt.]

702 1327 135 22 Frederick
851 1328 120 21 Tuckett:
987 1326 11 22 I
1017 1327 40 21 left
1077 1327 82 22 Nelson
1178 1328 23 21 in
1220 1328 37 21 the

675 1354 55 22 New
742 1354 100 22 Zealand
853 1353 132 28 Company's
1001 1354 54 21 boat
1070 1361 28 14 on
1114 1353 37 23 the
1167 1354 51 22 27th
1234 1354 26 22 of

676 1381 62 27 May,
749 1381 34 22 for
794 1381 36 22 the
843 1381 95 27 Wairau,
957 1381 35 21 for
1007 1380 37 21 the
1063 1388 94 20 purpose
1175 1381 27 21 of
1219 1388 39 15 ex-

676 1408 100 26 amining
787 1408 36 22 the
834 1411 55 19 state
898 1408 27 21 of
927 1407 45 22 'the
980 1414 90 24 surveys
1081 1411 23 17 at
1114 1407 47 22 that
1171 1408 54 21 time
1234 1408 23 21 in

676 1441 98 21 progress
785 1435 68 22 there.
884 1434 36 22 On
929 1434 37 21 the
975 1433 114 28 following
1099 1434 81 27 Friday
1187 1434 70 27 night,

677 1462 68 26 (June
764 1463 32 25 2,)
818 1462 11 21 I
846 1461 95 22 reached
959 1461 59 27 Tory
1036 1460 108 27 Channel,
1162 1461 72 22 where
1247 1462 10 21 I

676 1488 90 22 learned
778 1489 48 21 that
836 1487 133 29 Rauparaha
984 1487 45 22 and
1043 1487 155 26 Rangihaeata
1213 1488 45 21 had

676 1523 64 14 come
758 1522 53 15 over
830 1515 57 22 from
907 1515 91 22 Porirua
1016 1514 24 21 in
1057 1521 14 14 a
1087 1515 93 27 Captain
1190 1515 68 22 Toms

676 1542 115 26 schooner,
803 1542 44 22 and
857 1542 48 21 that
914 1541 83 22 several
1004 1548 80 14 canoes
1089 1541 41 22 full
1138 1541 27 22 of
1172 1542 86 22 natives

676 1568 43 22 had
730 1568 46 22 also
786 1577 57 19 gone
854 1575 28 15 on
896 1572 23 17 to
932 1568 36 21 the
985 1567 98 22 Wairau.
1120 1567 11 21 I
1152 1575 44 14 was
1212 1568 46 22 also

676 1596 111 21 informed
803 1596 27 26 by
846 1603 61 14 some
923 1595 85 21 natives
1023 1594 47 21 that
1084 1601 28 14 an
1128 1594 129 23 altercation

676 1622 44 21 had
730 1622 90 28 already
830 1622 66 21 taken
911 1622 64 27 place
991 1621 99 21 between
1097 1621 45 22 -the
1161 1622 97 21 Maories

676 1649 45 22 and
731 1656 40 15 our
780 1648 85 28 people,
876 1648 45 23 and
931 1648 51 27 they
991 1647 68 22 asked
1069 1648 21 21 if
1103 1647 9 22 I
1128 1647 65 22 knew
1208 1648 50 22 how

676 1683 68 20 many
755 1683 58 15 were
822 1675 69 22 killed
902 1682 27 15 on
941 1675 72 21 either
1020 1674 56 23 side.
1112 1675 37 22 On
1166 1675 92 27 hearing

676 1702 50 26 this,
748 1702 11 23 I
780 1702 137 23 determined
933 1704 23 19 to
975 1701 95 26 proceed
1089 1701 70 22 direct
1177 1704 24 19 to
1220 1702 37 21 the

677 1729 97 27 Wairau,
784 1729 71 22 which
868 1729 8 21 I
889 1727 93 23 reached
990 1735 28 14 on
1030 1727 37 22 the
1077 1728 113 27 following
1206 1728 51 27 day.

677 1756 35 21 On
724 1756 91 27 landing
825 1759 21 18 at
856 1756 38 21 the
904 1754 76 26 rpouth
992 1755 25 20 of
1028 1755 49 21 that
1084 1755 68 26 -river,
1165 1755 11 21 I
1189 1755 69 22 found

677 1783 45 22 Mr.
734 1782 105 23 Cotterell
848 1782 45 22 and
903 1782 33 21 his
947 1788 51 15 men
1009 1781 68 28 there,
1090 1781 47 22 who
1147 1782 111 23 informed

677 1817 35 14 me
724 1810 47 21 that
775 1817 34 14 on
818 1810 37 21 the
862 1808 132 28 proceeding
1004 1808 43 27 day
1053 1809 37 21 the
1098 1809 75 21 native
1180 1809 77 28 chief's,

678 1837 132 27 Rauparaha
820 1836 43 24 and
879 1835 158 27 R'angihaaata,
1053 1835 45 22 had
1112 1835 57 22 been
1185 1838 24 19 at
1225 1836 33 21 his

677 1864 79 21 station
768 1871 29 14 on
806 1863 37 22 the
853 1863 57 21 river
921 1863 92 26 Opama,
1025 1861 43 22 and
1078 1862 125 27 compelled
1211 1862 46 22 him

676 1893 21 18 to
709 1890 68 22 desist
786 1890 57 22 from
852 1889 129 27 surveying;
996 1889 50 21 that
1063 1889 53 27 they
1133 1889 54 21 had.
1193 1887 73 24 burnt'

677 1917 33 22 his
732 1917 71 22 house
827 1916 44 22 and
896 1920 53 22 tent,
975 1915 116 27 excepting
1109 1915 38 22 the
1166 1923 92 16 canvass

677 1944 112 26 covering,
800 1944 44 21 and
852 1942 91 23 orjdered
953 1942 46 22 him
1006 1947 21 16 to
1034 1949 90 15 remove
1130 1950 5 19 ;
1147 1942 49 22 that
1206 1943 51 27 they

676 1970 92 28 forcibly
778 1970 53 22 took
841 1970 34 22 his
891 1970 74 21 effects
980 1969 44 22 and
1037 1969 105 22 removed
1158 1969 60 23 them
1236 1974 22 17 to

677 1997 37 22 the
732 1997 78 22 mouth
830 1998 25 21 of
874 1996 36 21 the
930 1996 69 27 river,;
1020 1996 43 21 and
1079 1996 47 21 that
1136 1996 37 21 the
1184 1996 74 22 native

676 2024 69 21 chiefs
755 2024 44 21 had
809 2023 109 22 informed
927 2021 46 23 him
983 2023 49 20 that
1041 2023 52 26 they
1109 2023 72 20 would
1198 2023 70 21 com-^

668 2050 44 28 ,pel
723 2050 28 21 all
763 2051 36 21 the
809 2050 63 22 other
881 2056 115 20 surveyors
1005 2052 22 19 to
1037 2049 66 27 bring
1111 2049 58 22 their
1183 2049 75 22 effects

670 2078 72 23 -down
751 2077 104 27 likewise,
866 2076 44 22 and
921 2076 43 22 had
973 2083 57 20 gone
1041 2083 30 20 up
1081 2079 22 18 to
1119 2076 42 21 Mr.
1179 2076 78 21 Barni-

676 2105 69 21 coat's
754 2104 35 21 for
798 2103 47 22 that
855 2111 100 20 purpose.
989 2103 14 21 I
1018 2103 52 24 then
1086 2106 48 20 sent
1150 2103 44 22 Mr.
1206 2103 51 22 Cot-

677 2131 62 21 terell
749 2134 22 18 to
782 2130 82 22 Nelson
874 2130 51 21 with
934 2137 13 14 a
953 2134 52 17 note
1011 2130 34 21 for
1053 2130 61 26 Capt.
1124 2129 133 27 Wakefield,

676 2157 22 22 in
720 2157 70 22 which
808 2157 9 21 I
834 2156 71 22 stated
921 2156 47 22 that
985 2156 12 21 I
1008 2155 80 23 should
1097 2156 128 23 endeavour
1234 2160 23 18 to

676 2184 87 23 remain
773 2188 23 18 at
805 2184 37 21 the
852 2184 91 21 Wairau
953 2183 57 22 until
1020 2185 17 20 1'
1046 2183 103 22 received
1163 2183 101 23 instruct

676 2211 58 23 tions
743 2212 56 21 from
809 2210 54 23 him.
903 2210 9 22 I
930 2212 57 20 went
1001 2217 30 21 up
1041 2210 37 21 the
1088 2217 61 15 same
1155 2210 103 25 .evening

676 2242 21 17 to
708 2238 37 23 the
756 2238 40 22 site
807 2238 26 21 of
844 2238 45 21 Mr.
898 2237 122 22 Cotterell's
1029 2236 88 23 warrie.
1211 2236 45 23 had

675 2264 56 24 been
740 2265 75 22 burnt.
854 2264 36 22 On
905 2264 37 21 the
952 2263 99 22 Monday
1060 2263 103 27 morning
1173 2263 84 23 follow-

667 2292 47 27 ing
725 2292 70 26 (June
805 2292 31 26 5,)
849 2291 10 22 I
871 2294 59 19 went
938 2298 30 20 up
978 2290 37 21 the
1026 2290 62 22 river
1102 2294 22 17 to
1140 2290 45 21 Mr.
1203 2290 50 21 Par-

676 2319 100 22 kinson's
786 2319 88 26 station,
886 2318 71 21 where
967 2324 13 15 a
989 2320 64 24 party
1070 2317 25 21 of
1107 2317 87 22 natives
1206 2317 48 22 had

672 2346 48 27 just
735 2345 93 27 arrived,
844 2344 46 23 and
908 2344 43 22 had
971 2344 68 24 taken
1051 2344 122 27 possession
1191 2344 25 22 of
1231 2344 24 21 it.

675 2372 62 32 They
747 2379 57 15 were
815 2372 28 21 all
854 2371 76 22 armed
938 2370 52 23 with
1000 2370 39 22 fire
1049 2378 59 14 arms
1118 2370 46 21 and
1181 2374 71 18 toma-

674 2399 83 24 hawks.
785 2398 64 28 They
858 2398 110 23 informed
977 2405 36 14 me
1023 2397 48 23 that
1079 2397 52 27 they
1142 2404 57 15 were
1208 2402 49 17 sent

675 2427 28 27 by
715 2426 131 28 Rauparaha
862 2429 22 18 to
899 2428 46 25 stop
960 2424 38 23 the
1013 2431 88 20 survey.
1144 2424 12 21 I
1175 2427 50 20 sent
1244 2432 13 13 a

676 2461 99 19 message
785 2457 22 17 to
817 2452 134 28 Rauparaha
959 2452 30 28 by
999 2452 68 25 them,
1079 2456 21 16 to
1109 2450 82 23 inform
1208 2451 49 22 him

675 2480 48 21 that
733 2480 10 21 I
754 2480 45 21 had
815 2487 62 14 come
893 2483 22 17 to
925 2486 36 14 see
972 2478 38 22 the
1025 2485 91 20 surveys
1131 2478 49 23 that
1190 2478 12 21 I
1211 2485 46 16 wjis

673 2507 68 27 going
749 2510 23 19 to
783 2505 202 29 Kaipara-te-Hau,
996 2504 47 22 and
1052 2504 48 22 that
1110 2505 13 21 I
1131 2504 82 23 should
1222 2511 35 14 re-

674 2537 50 18 turn
740 2541 28 14 on
787 2533 148 27 Wednesday,
952 2532 63 21 when
1031 2532 11 22 I
1058 2531 73 23 would
1150 2538 37 15 see
1202 2531 53 22 him.

674 2560 36 22 On
728 2567 37 21 my
780 2564 76 18 return
870 2560 58 21 from
944 2558 48 22 that
1008 2558 132 28 expedition,
1159 2558 12 21 I
1187 2558 70 22 found

674 2586 134 29 Rauparaha
822 2586 44 23 and
875 2585 160 28 Rangihaeata,
1049 2584 44 23 and
1105 2585 42 22 Mr.
1164 2585 93 22 Parkin-

674 2621 38 14 son
729 2614 42 21 and
790 2613 35 22 his
838 2617 71 25 party.
937 2612 62 28 They
1011 2612 47 26 (the
1069 2611 77 27 chiefs)
1158 2611 48 22 told
1221 2620 36 15 me

673 2640 50 22 that
732 2640 53 28 they
797 2640 72 22 would
877 2644 49 24 stop
935 2639 37 22 the
982 2647 97 18 surveys.
1108 2635 63 31 They
1181 2638 75 22 talked

673 2667 67 22 about
748 2670 46 24 utu,
809 2667 44 22 and
864 2664 93 25 ordered
972 2673 25 15 us
1012 2670 22 17 to
1044 2665 28 22 be
1083 2665 40 28 off;
1140 2665 45 22 and
1195 2673 61 14 some

674 2694 24 21 of
713 2694 37 22 the
759 2694 85 22 natives
855 2694 71 28 began
942 2697 22 18 to
973 2689 47 31 pull
1029 2699 30 21 up
1069 2692 37 22 the
1117 2699 53 20 pegs
1180 2692 26 21 of
1218 2700 38 20 my

672 2723 55 25 tent,
745 2721 44 22 and
803 2720 38 22 did
855 2720 91 28 allthey
955 2719 65 23 could
1035 2724 23 17 to
1074 2718 73 28 hurry'
1150 2726 38 15 me
1197 2718 59 23 from

674 2747 36 22 the
716 2748 94 26 ground.
839 2748 92 27 Feeling
938 2746 122 23 convinced
1067 2746 49 22 that
1123 2746 52 27 they
1182 2745 73 22 would

672 2774 59 22 force
742 2782 36 15 me
787 2778 24 18 to
819 2774 63 22 leave
893 2774 37 22 the
938 2774 71 28 place,
1021 2773 118 32 Imadeup
1146 2779 39 21 my
1193 2772 62 23 mind

674 2805 21 17 to
705 2801 28 22 do
744 2809 31 19 so,
785 2801 84 32 haying
877 2800 163 28 accomplished
1050 2800 37 22 the
1097 2800 76 26 object
1182 2800 24 21 of
1217 2807 38 19 my

664 2841 1 6 i
669 2828 96 28 journey
775 2828 24 21 in
809 2828 89 26 visiting
912 2827 38 22 the
967 2826 83 23 district
1065 2826 25 23 of
1102 2826 153 28 Kai-para-te^

674 2854 59 23 Hau.
763 2855 11 23 I
785 2854 109 23 therefore
904 2854 92 23 ordered
1010 2861 38 20 my
1057 2860 51 15 men
1119 2857 23 17 to
1156 2852 58 28 pack
1224 2861 31 20 up

672 2888 37 20 my
718 2881 76 26 things
807 2881 69 27 ready
885 2882 33 21 for
928 2881 122 27 departure.
1079 2880 63 27 They
1153 2880 48 27 (the
1213 2886 42 16 na-

672 2908 64 27 tives)
749 2908 47 21 told
805 2915 36 15 me
856 2907 12 23 I
878 2912 60 18 must
950 2915 89 14 remove
1048 2907 38 22 the
1095 2906 77 23 effects
1182 2906 26 22 of
1217 2906 38 23 the

672 2941 117 21 surveyors
799 2934 44 22 and
852 2934 58 23 their
918 2942 52 15 men
984 2934 24 22 in
1017 2941 38 21 my
1064 2934 62 27 l&rge
1135 2934 59 25 boat,
1209 2933 46 24 and

672 2968 28 19 go
710 2969 63 19 away
778 2965 28 18 .at
816 2969 54 14 once
883 2965 25 21 tp
918 2962 76 21 Ocean
1005 2962 54 26 Bay.
1071 2958 28 25 ''I
1110 2960 87 27 replied,
1207 2960 48 22 that

664 2988 60 28 •they
742 2988 73 27 might
836 2988 29 22 do
883 2988 59 22 what
959 2988 54 27 they
1032 2988 90 27 pleased
1140 2987 56 22 with
1215 2987 38 22 the

673 3013 81 29 things,
767 3016 48 21 that
820 3015 13 24 I
843 3015 81 22 should-
929 3020 37 17 nor
973 3018 92 24 attempt
1072 3019 21 17 to
1098 3017 92 25 prevent
1197 3014 58 21 their

672 3042 98 21 removal
781 3042 29 27 by
820 3042 64 26 force,
896 3042 40 21 but
946 3042 47 21 that
1004 3041 11 23 I
1023 3041 131 22 should.not
1162 3044 93 19 consent

672 3072 22 17 to
703 3068 25 26 it,
740 3075 24 15 or
773 3068 29 21 be
813 3076 13 14 a
834 3073 64 23 party
909 3072 22 18 to
941 3068 57 22 their
1008 3068 66 26 doing
1083 3075 30 21 so,
1129 3074 41 15 nor
1180 3068 74 23 would

664 3094 19 22 '1
697 3094 65 23 leave
780 3095 36 22 the
830 3096 63 27 place
902 3094 73 25 whilst
987 3095 38 22 the
1043 3095 73 22 others
1130 3094 122 23 remained.

672 3121 11 22 I
693 3121 55 22 then
762 3122 122 28 proceeded
895 3121 63 24 down
972 3122 39 21 the
1017 3122 62 21 river
1084 3125 31 18 'to
1126 3122 37 21 the
1176 3121 44 27 pah
1231 3126 23 17 at

670 3148 28 23 its
717 3148 87 26 month,
828 3148 156 28 accompanied
997 3149 32 27 by
1048 3153 38 18 the
1192 3148 61 22 Rau-

670 3174 84 29 paraha
759 3175 45 24 and
810 3175 161 27 Rangihaeata,
982 3176 55 21 each
1043 3176 52 21 with
1102 3175 34 22 his
1142 3174 111 23 followers

670 3208 22 15 m
702 3209 15 14 a
729 3202 61 26 large
800 3204 74 24 canoe',
891 3202 71 23 where
974 3202 9 22 I
995 3202 114 23 remained
1123 3200 58 24 until
1194 3202 59 21 Sun-

671 3228 50 27 day,
737 3235 73 21 owing
823 3233 24 18 to
851 3241 4 8 i
861 3232 38 19 the
912 3229 45 22 bad
966 3228 103 22 weather.
1097 3228 93 25 J.found
1208 3228 43 22 Mr.

671 3254 121 23 Barnicoat
805 3256 6 13 r
810 3255 69 27 there,
899 3256 48 21 who
965 3255 112 22 informed
1095 3253 35 33 ifif
1149 3256 49 21 that
1212 3255 40 22 iho

669 3282 87 31 natives
769 3280 161 26 IradTeinbved
947 3282 33 22 hfe
998 3282 81 26 effects,
1093 3277 43 26 i>iit
1150 3282 50 21 that
1213 3282 39 22 tiie

670 3307 70 25 cbiefe
815 3309 59 25 used,
882 3309 60 25 their
956 3308 109 23 influence
1079 3309 26 21 in

671 3334 58 23 their
737 3330 360 37 people^rQmafrjpropri^^n^any
1105 3335 25 22 of
1135 3335 36 25 #s
1177 3335 76 22 effects

669 3367 25 16 or
709 3360 138 30 commritlrig
858 3360 189 30 'any'Tioience.*'-
1057 3362 80 24 Before
1153 3364 36 20 we'
1195 3366 2 5 '
1203 3362 50 22 des-

670 3388 86 22 cended
763 3389 112 30 tneriverj
884 3389 33 29 JH
918 3385 37 27 Ad
959 3388 43 29 £Ke
1003 3385 3 17 ;
1012 3388 70 23 chiefs
1093 3388 70 25 that*l
1173 3388 80 23 should

670 3414 105 28 despatch
792 3416 45 23 Mr.
858 3416 122 24 rajMhson
999 3414 110 33 o/e'rjafyd'
1120 3418 23 24 tp
1156 3415 95 27 ST'elßcin,

669 3441 102 32 but'they
780 3442 89 23 refused
877 3445 21 24 to,
908 3442 118 31 alWhii^
1038 3442 114 27 tip'd'epart.
1182 3442 12 22 I
1204 3442 48 22 €bW

669 3467 61 24 them
741 3468 72 23 at'the
823 3470 65 21 iame
901 3470 55 21 time
968 3468 51 23 that
1031 3468 13 22 I
1057 3468 50 23 haft

669 3493 297 26 Mri'Coftereirto'Nefton.
987 3496 9 14 rj
996 3496 36 21 0n
1036 3495 99 28 Sunday,
1142 3496 64 21 Juhe
1215 3497 36 26 11,

669 3522 61 21 Heft
745 3520 38 34 Uje
794 3520 235 29 yv*fliruafpr'ljdsdn,
1041 3522 49 25 %Srd
1093 3519 6 17 !
1100 3526 46 18 met
1150 3522 102 23 rtheJEro'-

669 3546 118 27 vernrne'hlt
798 3547 453 33 hrigen'the•ffillowing^ti&day,"hav-

667 3574 38 27 iilg
715 3576 29 26 qi»
752 3573 73 26 froard
835 3575 45 22 Mr.
898 3571 352 36 Tnompsoo/GB^.^ißefieid,

667 3602 47 23 and
727 3602 65 22 other
806 3602 144 27 magistrate
956 3602 85 22 "'bound
1050 3601 35 22 for
1096 3602 41 22 the
1149 3599 101 26 Wairiiff,'

668 3629 62 24 Capt.
869 3627 127 31 'requested'
1001 3635 36 16 me
1080 3630 32 26 'go
1198 3629 53 22 with

667 3654 69 28 them,
747 3655 54 23 with
810 3663 38 19 my
856 3658 72 26 party,
936 3654 75 30 whSjh
1021 3656 13 21 I
1043 3654 45 23 did.
1166 3653 85 29 'Thur^

667 3682 43 26 day
721 3680 102 29 evening.
835 3682 61 22 Jane
906 3682 32 26 15,
949 3682 37 24 the
996 3682 103 32 majprSty
1107 3682 27 21 of
1140 3681 38 22 the
1184 3685 67 29 party

666 3708 83 22 landed
766 3712 24 20 at
807 3708 36 23 the
855 3706 80 25 triouih
952 3708 30 22 of
994 3705 151 30 tne'-Wairua,
1159 3708 47 23 shd
1221 3714 29 23 d,n

666 3734 37 23 the
713 3730 114 31 following
835 3733 104 28 morning'
952 3735 53 27 ffaey
1015 3736 56 30 wer^
1084 3730 79 34 joifi^d
1173 3735 33 27 by^
1211 3731 39 26 trie

666 3762 133 26 rerttain-der,
811 3761 64 23 when
881 3767 59 19 atfas
944 3758 197 35 weredist^tifea
1147 3766 104 23 Amongst

666 3787 69 29 the'in,
751 3788 45 24 and
807 3795 32 16 we
849 3783 30 27 aU
894 3787 121 29 prbbeeded
1027 3795 32 25 pp
1070 3787 42 22 'the
1121 3786 60 29 right
1190 3788 62 22 battle

666 3814 25 22 of
698 3815 42 25 fhe
749 3814 66 23 river.
844 3818 41 19 We
902 3815 50 22 met'
963 3813 78 24 Piiaha
1055 3814 50 25 »,nel
1120 3821 22 15 a-
1152 3812 102 36 parnr'cfiF

666 3841 86 22 natives
762 3841 50 23 who
820 3841 45 22 had
869 3841 63 22 'been'
943 3841 98 27 clearing
1049 3841 55 22 lafnd
1110 3842 28 21 oh
1145 3841 38 22 the
1187 3842 63 24 .nank

665 3868 26 21 of
702 3867 39 24 tHe
746 3868 70 27 jfVer,
823 3866 44 24 Ijtte
876 3868 45 23 hafl
930 3868 57 21 beeti
996 3864 254 33 niterrpptea'iby'ftau-

665 3894 91 27 paraha,
763 3894 46 22 and
815 3894 47 23 had
867 3894 254 22 setmratea-themselVes
1128 3894 57 22 from
1193 3894 55 23 hiiri.

665 3921 73 22 These
746 3925 89 19 natives
843 3921 114 28 appreareff
961 3921 102 21 frfarmed
1070 3917 29 25 'at
1107 3921 39 21 the
1156 3921 60 27 Bjgfct
1226 3922 27 21 of

665 3945 37 23 thi
713 3948 77 21 arrhid
799 3948 60 22 forci
868 3955 4 6 ■
877 3955 4 6 ■
886 3948 43 21 ¥ut
937 3946 181 28 STf-ThompJori
1128 3943 122 31 •tifl*ia«id

1279 133 22 28 to
1313 133 78 22 Puaha
1399 133 50 24 that
1457 133 38 23 the
1506 135 68 30 object
1583 135 24 23 of
1620 134 34 24 his
1657 135 98 29 journey
1758 156 4 7 ;
1772 135 46 25 had
1828 144 32 14 no

1279 159 114 23 reference
1402 163 24 19 to
1436 158 46 24 Him
1492 167 23 15 or
1524 161 30 21 his
1563 161 179 28 party,hutthat
1750 161 30 22 he
1790 162 45 22 had
1847 170 15 15 a

1280 190 96 18 warrant
1386 187 87 26 against
1478 186 128 34 Rauparaha
1611 186 47 22 and
1667 187 153 28 Rangihaeata
1830 195 31 15 on

1280 220 14 14 a
1304 212 81 27 charge
1395 212 26 22 of
1428 220 72 19 arson,
1511 208 67 26 which
1588 213 28 22 he
1626 213 90 22 showed
1726 214 55 22 him.
1795 217 3 4 '
1811 215 48 22 Mr.

1280 239 127 27 Thompson
1428 239 53 22 then
1501 239 111 28 explained
1630 243 24 18 to
1673 239 77 23 Puaha
1765 240 50 23 that
1831 248 30 16 no

1280 265 61 23 force
1352 265 109 23 would-be
1478 266 53 21 used
1542 266 94 22 towards
1653 266 61 23 these
1731 266 78 27 chiefs,
1820 268 43 22 hut

1280 292 49 22 that
1345 290 54 28 they
1408 296 58 17 must
1483 299 130 20 accompany
1628 292 45 22 him
1691 300 29 14 on
1736 293 70 22 board
1824 294 37 22 the

1281 318 56 26 brig,
1349 318 73 22 where
1431 318 37 22 the
1480 325 46 15 case
1534 318 73 27 wpuld
1621 319 29 21 be
1665 319 148 27 investigated
1831 321 35 27 by.

1281 344 93 22 himself
1385 344 45 22 and
1439 345 37 21 the
1486 344 57 22 other
1553 346 137 26 magistrates
1707 346 49 21 who
1765 346 47 22 had
1822 354 39 14 ac-

1281 370 134 27 companied
1425 370 54 23 him.
1507 371 73 22 Puaha
1588 371 85 28 replied
1682 372 49 23 that
1747 373 111 27 Raupara-

1282 396 30 23 ha
1322 396 45 23 and
1371 396 157 28 .Rangihaeata
1535 398 72 23 would
1618 402 39 17 not
1665 398 42 21 but
1715 398 87 22 believe
1812 399 49 23 that

1282 424 54 26 they
1347 423 48 27 (the
1405 424 144 28 magistrates)
1557 427 75 19 meant
1641 428 22 18 to
1670 424 67 22 make
1747 432 45 15 war
1802 433 58 20 upon

1282 450 62 21 them
1353 449 21 22 if
1383 449 54 28 they
1446 457 45 15 saw
1501 451 32 21 the
1542 450 76 23 armed
1632 457 57 16 men.
1719 451 37 22 He
1766 459 95 15 consen-

1283 476 36 22 ted
1330 479 24 18 to
1364 483 86 21 convey
1457 483 14 15 a
1480 483 93 19 message
1583 481 22 17 to
1616 477 60 22 them
1683 478 130 28 explaining
1823 479 38 21 the

1283 502 74 28 object
1364 502 28 21 of
1403 510 40 15 our
1458 503 59 22 visit.
1540 503 95 22 Further
1651 511 29 24 up
1696 511 33 14 we
1743 506 118 24 perceived

1283 536 13 15 a
1306 533 65 23 party
1381 528 26 22 of
1418 529 85 22 natives
1518 536 23 15 on
1552 529 36 22 the
1604 530 97 27 opposite
1719 530 47 23 side
1783 532 26 21 of
1820 532 38 22 the

1282 556 66 26 river,
1361 554 48 23 who
1416 563 57 14 were
1480 556 91 22 likewise
1578 556 80 28 chiefly
1664 556 97 23 resident
1767 558 93 23 natives.

1282 582 64 31 They
1355 589 57 14 were
1422 582 46 21 also
1484 582 105 22 informed
1606 583 26 22 of
1642 583 37 22 the
1698 584 73 26 object
1786 584 25 22 of
1822 585 38 22 the

1283 608 100 27 mission,
1395 608 45 22 and
1450 608 48 22 that
1507 609 16 21 it
1531 607 36 23 did
1577 612 39 19 not
1626 617 94 14 concern
1730 610 67 23 them.
1819 612 41 21 We

1284 634 123 28 encamped
1426 635 49 22 that
1493 636 90 26 evening
1602 643 54 15 near
1673 636 49 22 that
1740 641 55 24 spot,
1815 638 45 22 and

1283 661 83 27 shortly
1375 661 58 22 after
1442 662 68 26 doing
1524 669 19 14 so
1560 663 37 20 the
1614 663 134 27 Company's
1764 664 52 21 boat
1826 671 35 15 ar-

1283 687 69 22 rived.
1380 688 73 22 These
1463 689 80 21 natives
1559 689 109 22 informed
1678 696 25 15 us
1713 690 48 22 that
1771 691 90 24 Raupa-

1283 714 55 22 raha
1356 714 46 22 and
1419 714 150 27 Rangihaeata
1587 723 57 15 were
1661 716 86 22 further
1769 724 31 20 up
1817 718 40 21 the

1284 740 64 23 river.
1385 741 37 22 On
1439 741 38 22 the
1493 741 105 27 following
1612 742 105 28 morning
1732 750 41 15 our
1787 747 71 25 party,

1284 767 54 22 then
1348 767 120 28 consisting
1485 768 25 21 of
1520 768 63 22 about
1591 769 34 25 50,
1636 769 123 27 proceeded
1775 777 31 21 up
1821 771 39 21 the

1284 794 65 22 river.
1377 794 63 27 They
1451 802 55 14 were
1517 795 23 22 all
1552 796 75 22 armed
1636 795 52 22 with
1696 796 38 21 the
1745 798 116 26 exception

1284 820 26 21 of
1319 820 51 22 four
1378 827 25 14 or
1419 822 43 21 five
1478 821 129 27 gentlemen.
1635 822 140 28 Proceeding
1788 831 14 14 a
1818 824 42 22 few

1284 847 64 22 miles
1366 854 29 20 up
1409 847 38 22 the
1463 848 62 27 river,
1538 855 33 15 we
1590 848 81 23 landed
1689 856 55 15 near
1762 857 14 14 a
1794 851 66 21 small

1284 873 68 26 wood,
1364 875 73 20 where
1447 881 32 15 we
1489 874 101 23 observed
1595 882 60 15 some
1661 876 84 21 smoke.
1776 876 35 22 On
1821 885 40 20 ap-

1284 899 120 28 proaching
1413 901 43 21 this
1466 901 60 27 place
1534 909 32 15 we
1576 902 129 22 discovered
1715 902 48 22 that
1772 903 38 22 the
1819 911 42 14 na-

1284 927 57 21 tives
1355 934 56 15 were
1428 927 69 29 there,
1511 928 35 22 but
1561 928 48 23 that
1622 936 34 15 we
1670 936 57 15 were
1743 930 118 26 separated

1284 953 57 21 from
1351 953 62 22 them
1428 954 30 27 by
1475 962 13 14 a
1504 954 49 28 deep
1569 956 45 21 and
1628 962 87 15 narrow
1731 960 88 24 stream,
1830 964 31 20 up

1284 980 71 21 which
1366 979 59 23 their
1433 988 80 15 canoes
1522 988 51 15 were
1583 982 87 22 hauled.
1691 982 42 21 We
1742 984 118 26 requested

1283 1009 23 19 to
1317 1006 28 21 be
1354 1007 107 27 provided
1472 1008 50 21 with
1530 1015 11 14 a
1552 1015 68 16 canoe
1630 1012 23 19 to
1663 1016 50 20 pass
1723 1009 36 22 the
1769 1014 89 23 stream,

1284 1033 73 22 which
1362 1040 49 15 .was
1419 1033 111 23 furnished
1538 1034 30 28 by
1578 1042 12 15 a
1606 1036 74 21 native
1698 1036 70 21 called
1785 1037 76 22 Picca-

1285 1066 75 20 warro,
1371 1060 24 21 in
1407 1060 70 22 which
1487 1061 35 21 the
1531 1061 72 22 Police
1615 1062 136 28 Magistrate,
1764 1064 94 26 Captain

1287 1086 129 27 Wakefield,
1426 1088 86 26 myself,
1523 1088 40 21 Mr.
1574 1089 110 26 Cotterell,
1694 1089 44 22 Mr.
1750 1090 109 27 Patchett,

1286 1113 85 21 Brooks
1381 1113 48 26 (the
1439 1114 143 28 interpreter,)
1593 1115 44 22 and
1653 1115 36 22 the
1700 1116 62 21 chief
1774 1120 87 19 consta-

1286 1139 34 22 ble
1331 1140 88 21 crossed
1428 1147 59 15 over.
1516 1141 27 21 At
1552 1142 46 21 first
1613 1149 32 14 we
1655 1142 71 21 found
1735 1142 52 28 only
1797 1144 63 21 Rau-

1284 1165 89 31 paraha,
1385 1171 23 17 to
1419 1167 72 22 whom
1506 1167 32 22 the
1554 1172 96 18 warrant
1665 1176 43 14 was
1726 1168 73 23 shown
1815 1170 46 22 and

1284 1197 30 17 Us
1324 1198 91 22 purport
1425 1193 110 28 explained
1545 1195 29 26 by
1585 1195 36 22 the
1638 1195 73 22 Police
1722 1196 138 27 Magistrate,

1286 1219 49 22 who
1345 1220 171 27 requested'him
1526 1226 18 16 to
1553 1229 30 19 go
1592 1229 28 14 on
1632 1222 70 21 board
1711 1222 36 21 the
1755 1223 106 23 .Govern-

1285 1250 63 18 ment
1357 1246 56 27 brig,
1425 1247 71 22 where
1512 1247 32 22 the
1561 1248 79 28 charge
1656 1248 72 23 which
1743 1249 44 22 had
1802 1250 57 22 been

1285 1273 94 26 brought
1389 1274 86 27 against
1486 1273 42 23 him
1535 1275 31 27 by
1576 1275 44 22 Mr.
1632 1276 104 21 Cotterell
1749 1277 73 22 would
1834 1277 27 22 be

1285 1299 154 27 investigated.
1468 1301 127 27 Rauparaha
1611 1302 47 21 said
1674 1302 27 21 he
1720 1309 42 15 was
1778 1303 84 27 willing

1286 1330 21 18 to
1315 1333 30 20 go
1353 1326 47 22 iuto
1411 1327 36 21 the
1465 1330 73 19 matter
1555 1328 67 27 there,
1635 1328 39 22 but
1687 1328 30 22 he
1733 1330 72 22 would
1822 1335 41 17 not

1282 1360 30 20 go
1322 1360 30 14 on
1362 1353 69 22 hoard
1441 1353 37 22 the
1489 1354 48 27 brig,
1550 1355 43 22 and
1610 1355 48 22 that
1671 1355 21 22 if
1702 1356 29 21 he
1746 1357 116 22 wasaatis-

1285 1379 44 22 iied
1338 1379 53 23 with
1401 1380 37 22 the
1449 1381 89 22 decision
1550 1389 28 14 on
1588 1381 37 23 the
1635 1386 54 23 spot,
1696 1382 30 21 he
1735 1383 73 22 would
1817 1391 44 20 pay

1286 1406 36 22 the
1331 1409 40 19 utu
1381 1407 69 21 there.
1479 1407 45 22 The
1532 1408 72 22 Police
1621 1409 129 26 Magistrate
1762 1410 54 21 then
1826 1411 36 21 in-

1284 1433 86 22 formed
1381 1433 45 23 him
1437 1434 47 21 that
1494 1435 26 20 he
1527 1439 55 18 must
1590 1443 28 19 go
1628 1442 29 15 on
1674 1436 68 21 board
1757 1436 37 22 the
1804 1437 55 27 brig,

1286 1461 44 21 and
1338 1460 48 22 that
1396 1460 28 22 he
1434 1461 71 26 might
1514 1461 51 22 have
1576 1469 41 21 any
1627 1462 26 21 of
1663 1462 35 21 his
1713 1463 78 26 people
1802 1468 21 17 to
1833 1472 28 18 go

1285 1487 67 27 along
1363 1487 116 27 with.him,
1487 1488 38 21 but
1531 1487 26 22 he
1568 1489 86 21 refused
1663 1493 22 16 to
1694 1497 37 19 go.
1759 1490 48 21 The
1818 1490 43 22 Po-

1286 1513 40 23 lice
1346 1514 132 26 Magistrate
1498 1515 47 21 then
1567 1515 122 22 demanded
1713 1516 98 22 whether
1833 1517 28 22 he

1285 1539 74 23 would
1367 1548 29 19 go
1406 1547 25 15 or
1446 1544 47 24 not,
1504 1546 20 17 to
1539 1542 70 21 which
1626 1542 28 21 he
1667 1542 87 27 replied
1766 1543 52 24 that
1833 1544 28 21 he

1286 1567 72 22 would
1372 1570 46 19 not.
1447 1567 47 22 The
1511 1568 69 22 Police
1595 1569 131 27 Magistrate
1744 1570 52 22 then
1814 1571 48 22 said

1374 1594 44 21 will
1433 1595 54 21 not?
1513 1595 68 22 There
1597 1603 37 14 are
1651 1603 38 14 our
1708 1597 77 21 armed
1794 1612 4 7 ,
1799 1604 61 21 men,

1286 1620 52 27 they
1354 1620 57 22 shall
1424 1621 39 21 fire
1482 1628 28 15 on
1525 1629 42 20 you
1665 1623 36 21 On
1716 1623 43 22 this
1775 1623 86 24 sixteen

1286 1649 85 19 natives
1380 1654 83 21 sprung
1473 1652 22 17 to
1506 1647 51 23 their
1566 1649 45 22 feet
1625 1649 45 22 and
1685 1650 119 27 presented
1821 1651 40 22 fire

1286 1680 64 16 arms.
1379 1674 23 22 A
1416 1675 74 21 native
1505 1675 23 22 of
1541 1675 38 22 the
1593 1675 48 28 Bay
1657 1676 27 21 of-
1697 1676 96 27 Islands,
1812 1678 49 21 who

1286 1708 43 14 was
1339 1704 95 24 present,
1445 1702 159 27 interprctedto
1614 1706 67 23 them,
1689 1704 45 21 and
1745 1704 46 21 told
1800 1704 61 23 them

1287 1734 65 20 every
1371 1728 61 21 word
1451 1729 49 21 that
1516 1736 39 15 was
1574 1729 53 22 said.
1665 1725 134 32 Rauparaha
1818 1739 44 14 was

1286 1754 64 27 again
1360 1755 72 21 called
1443 1762 28 14 on
1482 1758 23 19 to
1513 1756 119 26 surrender,
1641 1758 158 26 accompanied
1809 1758 53 22 with

1286 1781 36 21 the
1341 1788 60 14 same
1421 1781 79 22 threat.
1526 1783 150 26 Rangihaeata
1694 1784 53 21 then
1764 1785 96 27 stepped

1286 1807 93 22 forward
1395 1808 45 22 and
1456 1809 70 22 defied
1538 1809 38 22 the
1590 1817 75 20 power
1680 1810 27 22 of
1728 1810 37 23 the
1780 1812 80 27 magis-

1286 1837 79 24 trates;
1379 1833 30 23 he
1425 1842 43 15 was
1484 1843 49 20 very
1549 1836 122 27 vehement,
1689 1838 46 21 and
1749 1838 48 21 said
1813 1838 50 23 that

1287 1861 53 28 they-
1349 1861 47 27 (the
1406 1862 102 27 natives),
1514 1863 36 21 did
1555 1868 40 17 not
1608 1871 29 19 go
1647 1868 22 17 to
1680 1864 103 27 England
1793 1868 21 19 to
1826 1866 35 22 in-

1287 1889 77 21 terfere
1376 1888 52 22 with
1439 1889 37 21 the
1487 1889 59 22 white
1565 1890 82 27 people,
1659 1890 44 23 and
1721 1899 60 16 more
1792 1896 21 17 to
1823 1892 38 22 the

1286 1922 59 14 same
1356 1915 70 26 effect,
1438 1916 44 21 and
1494 1916 42 28 why
1546 1917 79 21 should
1633 1917 51 27 they
1693 1918 105 22 interfere
1810 1920 52 21 with

1286 1941 45 22 him
1337 1942 9 21 ?
1374 1941 77 22 Puaha
1460 1943 53 21 then
1523 1950 58 15 came
1595 1944 94 22 forward
1707 1945 52 22 with
1774 1952 13 14 a
1802 1946 59 23 bible

1286 1967 21 22 hi
1317 1968 35 22 his
1360 1967 68 28 hand,
1439 1970 45 21 and
1498 1970 77 27 prayed
1590 1970 60 22 them
1667 1975 22 18 to
1707 1972 81 23 refrain
1804 1973 56 21 from

1285 1995 69 22 strife:
1372 1995 49 22 The
1432 1995 97 28 dialogue
1538 1998 98 21 between
1647 1998 140 27 Rauparaha,
1800 2000 61 21 Ran-

1284 2021 111 26 g&aeata,
1406 2023 44 21 and
1466 2023 37 21 the
1519 2023 69 22 Police
1607 2024 129 26 Magistrate
1752 2026 53 21 then
1822 2027 39 20 be-

1286 2054 60 15 came
1357 2055 22 14 so
1391 2049 88 22 hurried
1496 2050 38 21 and
1551 2050 119 22 vehement
1678 2051 49 22 that
1735 2052 19 21 it
1764 2058 43 16 was
1818 2054 42 20 im-

1284 2075 94 26 possible
1390 2078 22 18 to
1423 2075 73 22 follow
1506 2077 54 20 what
1571 2084 42 14 was
1622 2078 54 21 said.
1706 2077 91 29 Feeling
1807 2087 53 14 con-

1287 2101 77 21 vinced
1374 2102 48 21 that
1439 2110 13 14 a
1466 2103 84 21 conflict
1567 2103 71 22 would
1653 2105 98 27 speedily
1761 2111 74 21 ensue,
1848 2107 11 21 I

1286 2127 52 23 then
1348 2129 170 22 recommended
1527 2134 18 17 to
1562 2131 92 26 Captain
1674 2131 121 24 Wakefield
1813 2133 48 22 that

1287 2162 31 14 we
1327 2154 79 23 should
1416 2160 75 18 return
1503 2160 21 18 to
1528 2157 35 21 the
1570 2157 62 22 other
1639 2158 46 21 side
1693 2158 26 21 of
1726 2159 36 22 the
1769 2164 89 22 stream,

1284 2181 73 22 where
1366 2188 41 15 our
1416 2183 61 21 force
1492 2190 44 15 was.
1567 2183 40 22 We
1618 2184 146 29 accordingly,
1777 2186 84 28 having

1285 2208 101 22 obtained
1396 2209 37 21 the
1444 2214 88 17 consent
1539 2211 27 21 of
1578 2211 35 21 the
1627 2212 90 23 natives,
1730 2212 44 23 laid
1785 2221 41 14 one
1838 2212 25 23 of

1286 2235 56 21 their
1352 2242 79 16 canoes
1440 2243 72 15 across
1521 2237 32 21 the
1564 2241 86 23 stream,
1661 2239 45 21 and
1722 2246 57 15 were
1788 2240 23 21 in
1821 2240 39 21 the

1284 2264 38 19 act
1338 2261 25 22 of
1374 2263 90 27 passing
1480 2271 53 20 over,
1544 2263 62 24 when
1625 2265 92 27 Captain
1737 2266 121 23 Wakefield

1286 2289 118 27 (probably
1414 2290 113 27 observing
1534 2298 12 13 a
1555 2296 163 18 inoveinent-on
1731 2293 36 22 the
1777 2298 50 23 part
1837 2294 27 21 of

1284 2317 38 19 the
1332 2315 77 22 armed
1419 2317 85 21 natives
1517 2321 17 17 to
1549 2318 109 27 interrupt
1668 2320 44 21 Mr.
1722 2320 136 28 Thompson)

1284 2348 82 21 sprung
1374 2349 37 20 up,
1423 2343 42 23 and
1476 2343 65 22 called
1550 2348 37 18 out
1593 2346 23 21 in
1627 2353 13 14 a
1649 2346 53 22 loud
1711 2351 57 21 tone,
1799 2354 59 20 men,

1284 2369 95 21 forward
1385 2369 6 21 !
1407 2370 148 27 Englishmen,
1568 2372 93 23 forward
1667 2373 7 21 I
1715 2373 58 22 Four
1783 2381 24 14 or
1816 2374 44 21 five

1285 2402 51 15 men
1348 2395 52 22 then
1410 2393 114 26 advanced
1531 2405 57 21 upon
1598 2398 37 22 the
1644 2407 76 19 canoe,
1732 2401 44 22 and
1782 2405 23 17 at
1811 2400 49 22 that

1284 2426 99 18 moment
1399 2423 12 22 I
1426 2423 70 22 heard
1510 2424 33 22 the
1561 2425 115 28 discharge
1694 2427 28 21 of
1736 2435 14 14 a
1762 2428 96 26 musket,

1284 2449 40 21 but
1332 2449 59 22 from
1402 2449 57 24 what
1468 2454 60 24 party
1533 2451 11 21 I
1553 2457 82 17 cannot
1645 2461 45 19 say,
1701 2454 44 21 and
1752 2455 108 27 instantly

1284 2482 13 15 a
1315 2475 73 29 volley
1398 2484 44 15 was
1456 2477 56 22 fired
1527 2478 26 27 by
1568 2478 36 23 the
1620 2480 92 27 natives,
1729 2481 71 22 which
1816 2488 45 15 was

1284 2503 113 22 answered
1406 2504 57 21 from
1474 2512 39 14 our
1522 2505 51 22 side.
1602 2506 11 22 I
1625 2506 52 22 then
1687 2511 40 23 got
1740 2511 23 18 to
1773 2508 38 21 the
1821 2515 40 21 op-

1283 2529 70 28 posite
1364 2529 47 23 side
1421 2531 44 21 and
1474 2531 107 22 remained
1594 2533 24 21 in
1632 2533 38 22 the
1687 2534 57 22 bush
1754 2536 34 21 for
1798 2543 62 14 some

1284 2557 61 26 time,
1355 2556 73 22 whilst
1437 2564 13 15 a
1460 2558 59 21 brisk
1531 2559 166 29 fire'waskept
1711 2569 32 19 up
1758 2569 30 14 on
1806 2562 54 21 both

1282 2583 67 22 sides.
1369 2584 67 21 Some
1445 2591 44 15 one
1498 2585 48 22 then
1557 2586 70 22 called
1637 2592 39 17 out
1685 2590 28 22 to.
1717 2595 37 15 me
1762 2588 49 23 that
1820 2595 41 16 our

1282 2613 65 24 party
1357 2617 57 15 were
1423 2612 112 28 retreating
1550 2620 31 20 up
1591 2612 37 23 the
1642 2614 47 26 hill,
1700 2615 22 21 in
1738 2615 71 22 which
1826 2616 35 22 di-

1282 2637 85 21 rection
1375 2637 11 21 I
1394 2637 108 29 followed,
1510 2639 39 22 and
1556 2640 106 23 observed
1668 2641 105 28 Captains
1780 2642 80 22 Wake-

1282 2663 54 22 field
1346 2663 46 22 and
1401 2664 105 28 England
1515 2666 39 21 and
1564 2666 43 23 Mr.
1616 2668 99 22 Howard
1722 2669 138 22 endeavour-

1282 2689 39 28 ing
1331 2692 22 20 to
1363 2690 58 23 form
1431 2693 37 20 the
1477 2699 49 15 men
1534 2700 28 14 on
1579 2693 36 22 the
1631 2694 47 22 first
1686 2696 123 24 eminence,
1820 2696 41 22 but

1284 2716 53 27 they
1347 2718 120 24 continued
1478 2723 23 17 to
1510 2726 55 21 press
1571 2727 36 15 on.
1628 2722 94 26 Captain
1728 2722 130 28 Wakefield,

1282 2742 87 29 finding
1378 2744 48 22 that
1436 2748 83 19 several
1532 2746 44 23 had
1592 2747 88 28 already
1693 2748 76 28 fallen,
1778 2746 3 10 '
1787 2750 73 22 called

1283 2774 39 21 out
1331 2774 22 18 to
1362 2771 37 21 the
1409 2778 52 17 men
1472 2776 22 17 to
1503 2772 31 28 lay
1544 2771 64 24 down
1620 2774 57 22 their
1686 2783 64 19 arms,
1760 2777 24 20 in
1794 2776 66 23 order

1282 2800 23 19 to
1316 2797 64 23 avoid
1392 2798 38 22 the
1439 2799 45 21 loss
1489 2799 26 22 of
1526 2799 33 22 life
1574 2800 119 24 inevitable
1710 2810 28 14 on
1750 2802 57 23 their-

1282 2824 95 27 persion.
1406 2825 48 22 The
1462 2826 122 27 gentlemen
1595 2828 25 21 of
1630 2828 38 22 the
1682 2833 65 23 party
1757 2829 45 22 dnd
1819 2830 37 22 the

1282 2858 53 14 men
1350 2851 49 22 who
1416 2859 54 16 were
1486 2857 83 18 nearest
1583 2854 61 23 them
1660 2854 46 23 laid
1722 2856 64 23 down
1802 2856 58 24 their

1282 2884 60 19 arms,
1357 2878 23 21 in
1397 2877 67 26 token
1481 2880 25 21 of
1517 2881 116 27 surrender,
1646 2882 43 22 and
1707 2883 42 22 Mr.
1760 2883 100 23 Howard

1282 2905 43 21 and
1333 2905 94 25 Captaui
1438 2905 96 28 England
1544 2907 116 23 advanced
1666 2909 96 22 towards
1770 2910 38 22 the
1818 2918 41 14 na-

1283 2931 56 22 tives
1350 2930 92 30 holding
1447 2938 43 17 .out
1500 2941 13 14 a
1521 2933 61 23 white
1597 2934 161 24 handkerchief
1769 2940 23 18 to
1800 2937 60 22 indi-

1282 2960 48 23 cate
1340 2957 121 24 oiuTdesire
1470 2960 26 21 of
1506 2967 69 21 peace,
1586 2961 40 22 but
1635 2962 62 22 those
1708 2963 26 22 of
1745 2971 41 14 our
1794 2967 65 25 party

1282 2985 49 22 who
1340 2992 57 15 were
1407 2986 37 23 the
1454 2990 57 18 most
1524 2986 20 23 in
1554 2987 99 24 advance
1668 2990 96 28 pushing
1780 2997 30 21 up
1820 2991 39 23 the

1281 3011 40 22 hill
1332 3013 121 22 continued
1462 3019 22 16 to
1489 3014 38 22 fire
1533 3021 28 14 on
1572 3014 35 23 the
1617 3016 83 26 native,
1769 3018 56 21 fired
1837 3021 23 21 at

1282 3038 61 22 them
1352 3039 45 22 and
1406 3039 47 23 also
1460 3040 26 21 at'
1494 3039 30 29 iis,
1533 3039 27 24 oh
1571 3041 71 23 which
1652 3049 30 16 we
1692 3044 83 22 started
1785 3046 22 20 to
1814 3047 47 20 'our

1281 3065 49 22 feet
1343 3065 45 23 and
1397 3065 103 24 followed
1509 3074 34 15 our
1557 3075 52 15 men
1623 3075 31 22 up
1667 3069 39 23 the
1719 3070 40 23 hill
1775 3074 22 19 to
1809 3074 50 25 stop

1281 3092 58 22 their
1353 3093 73 27 firing.
1455 3094 62 22 Most
1525 3094 22 22 of
1560 3101 40 16 our
1613 3099 64 25 party
1687 3098 54 21 then
1755 3100 59 19 went
1828 3105 31 21 up

1282 3119 36 21 the
1329 3119 47 22 hill.
1384 3118 4 9 '
1400 3121 18 20 1'
1428 3120 119 24 descended
1556 3120 37 23 the
1602 3121 48 28 hill,
1660 3123 104 23 followed
1774 3124 32 29 hy
1815 3127 44 20 two

1280 3146 26 21 of
1317 3153 41 15 our
1364 3153 74 22 party.
1462 3147 17 22 I
1495 3155 39 15 saw
1544 3148 45 23 Mr.
1604 3149 106 23 Cbtterell
1726 3151 120 23 surrender
1852 3160 5 19 ;

1280 3173 46 21 a»d
1335 3180 29 15 on
1374 3173 38 22 the
1421 3176 54 20 next
1488 3174 108 23 eminence
1609 3176 38 22 the
1654 3178 82 21 tesFof
1747 3178 38 21 tHe
1786 3177 6 6 J
1794 3182 64 24 party

1280 3199 94 22 awaited
1383 3200 38 22 the
1431 3201 89 29 coming
1527 3209 26 20 up
1597 3202 39 23 the
1645 3203 92 24 natives.
1767 3204 92 29 HdVing

1280 3226 116 27 separated
1401 3228 58 21 from
1468 3232 110 24 niyparty,
1588 3229 12 22 I
1608 3230 67 22 made
1719 3233 7 7 1
1729 3231 53 22 hesl
1787 3225 71 29 '6Vv&

1281 3257 45 23 wtfy
1336 3254 96 22 towards
1441 3254 38 23 the
1488 3260 36 17 Sea
1530 3255 70 23 shore',
1628 3253 156 33 Onthewjiyll
1793 3260 65 20 oVer-

1281 3280 51 21 took
1341 3287 66 15 seven
1417 3281 26 22 of
1453 3286 106 19 ©mtnen.
1587 3282 60 23 Near
1656 3284 101 22 White's'
1767 3285 47 27 Bay
1825 3287 33 20 We

1280 3307 69 22 found
1364 3315 14 14 a
1389 3308 69 21 whale
1470 3308 59 28 hoal,
1541 3308 26 23 in
1576 3309 73 22 which
1665 3317 33 15 we
1697 3314 4 5 1
1713 3311 96 23 reached
1820 3312 40 22 the

1281 3334 157 23 Government
1447 3335 57 27 brigf.
1528 3335 52 23 Two
1595 3336 66 23 bdatfr
1671 3344 58 16 were
1731 3340 3 8 1
1743 3339 115 23 serit'frbni

1280 3361 40 22 her
1332 3364 25 18 to
1368 3359 73 30 'rfange
1456 3362 148 27 alongshore,-
1614 3359 25 26 in
1647 3364 171 29 or&£'to''pick
1827 3372 35 23 ujr

1280 3394 44 22 any
1334 3388 26 21 of
1371 3394 47 17 oar
1428 3392 65 28 party
1506 3388 45 23 whd
1567 3390 70 29 might
1651 3390 57 23 hbve
1703 3389 5 9 ;
1722 3392 82 26 gained
1819 3392 38 22 the

1279 3414 78 27 beach,
1375 3415 40 22 but
1428 3423 58 14 none
1504 3419 51 22 wdrje
1571 3416 75 23 foiind.
1675 3418 138 24 AfteYdusk
1825 3422 32 19 tfe

1279 3439 70 24 sailed
1353 3442 37 21 for
1546 3446 24 19 to
1580 3446 92 24 procure
1675 3445 182 23 aUrfeicifl'afcsitft-

1280 3475 55 15 ance
1345 3468 33 22 for
1388 3468 38 22 the
1435 3469 110 27 wounded,
1555 3476 46 16 ana
1607 3470 65 23 aid'bf
1679 3472 178 22 the'authdritrea

1279 3493 63 23 there
1354 3493 27 23 ib
1392 3500 76 17 rescue
1528 3497 148 27 companions.
1707 3498 151 23 We^readliea
1852 3500 4 7 1

1280 3521 135 26 Wellington
1428 3519 41 26 toe
1477 3526 54 19 next
1542 3522 111 29 mtfrrrihg,
1663 3524 65 23 when
1735 3525 15 22 I
1759 3528 57 24 ga#e
1825 3526 31 22 all

1279 3548 38 21 the
1334 3548 145 23 information
1494 3550 126 28 respecting'
1624 3551 45 22 this
1684 3550 70 32 affair.
1792 3550 66 24 After

1272 3597 3 8 ,
1279 3574 85 23 several
1373 3575 62 27 days'
1441 3575 64 32 delay
1510 3576 153 24 fromiadverse
1672 3578 77 26 winds;
1761 3578 38 23 the
1804 3581 3 13 !
1807 3579 51 28 brig

1277 3602 104 22 returned
1397 3599 177 36 to'Clotidyß^y
1585 3604 50 28 with.
1654 3604 200 29 the'M&Hstrates,

1278 3629 44 22 Mr.
1340 3628 67 28 Spain
1419 3628 50 27 {'the
1485 3629 57 22 Land
1558 3627 245 31 Comrnlssidner^anji
1818 3631 38 25 the

1270 3655 123 22 •Protector
1420 3656 30 21 of
1477 3655 134 28 Aborigines.
1660 3660 41 21 We
1715 3661 4 4 '
1728 3661 59 19 we're
1787 3657 3 13 5
1813 3666 43 15 un-

1277 3682 50 22 able
1343 3686 23 18 to
1380 3682 55 22 land
1447 3682 59 22 until
1518 3682 35 23 the-
1568 3683 81 23 second
1664 3683 44 32 <sfiy
1715 3680 121 33 (Saturday
1839 3686 15 26 .)

1270 3708 49 31 ;We
1339 3715 57 16 were
1414 3707 109 24 informed
1536 3707 27 25 of
1570 3708 3 11 '
1579 3709 36 23 the
1634 3710 102 24 dreadful
1754 3710 102 25 minrders

1277 3735 130 22 committed
1414 3743 32 14 on
1462 3734 39 26 tlje
1509 3735 67 25 whole
1585 3736 26 22 of
1623 3735 44 24 dor'
1675 3740 69 29 party
1752 3738 49 24 Who
1811 3739 45 23 had

1276 3762 147 23 surrendered
1428 3766 23 18 to
1461 3762 39 22 the
1509 3763 88 22 natives.
1627 3763 41 22 We
1673 3764 72 22 round
1754 3764 48 23 tbMt
1808 3762 47 28 Mr.

1276 3788 102 23 Ironside
1388 3789 45 22 had
1444 3788 89 30 .already
1541 3790 101 29 Repaired
1658 3793 21 18 to
1689 3790 38 23 the
1741 3795 59 24 spot,
1811 3793 44 23 and

1275 3822 45 15 was
1330 3816 108 32 occupied
1444 3816 27 22 In
1482 3816 110 26 searching
1600 3816 33 22 for
1642 3816 45 23 and
1696 3815 112 31 niteVrmg
1816 3818 40 26 fhe

1275 3842 98 23 remains
1383 3842 26 22 of
1412 3842 41 23 'the
1463 3839 63 26 deWet.
1548 3841 44 23 We
1598 3843 80 27 joined
1686 3843 49 25 him
1743 3842 113 29 on'pahir-

1275 3869 51 26 day.
1355 3869 50 22 The
1418 3866 80 25 fetidfe*
1511 3869 23 22 of
1546 3872 45 19 two
1609 3877 58 20 men,
1682 3869 112 33 Cle^nthy
1808 3865 48 31 2nd

1274 3895 119 27 Radcliffe,
1403 3903 56 15 were
1456 3896 2 7 1
1474 3896 64 22 found
1554 3893 111 26 dfter'we'
1677 3897 100 25 arrived.'
1809 3899 46 23 Mr.

1276 3922 101 23 Ironside
1400 3919 46 25 h*d
1449 3926 9 6 v
1465 3922 124 32 j^revipi|«ly
1613 3922 98 27 iatfrred
1735 3924 121 28 se>en*een

1275 3949 85 23 bodies.
1393 3952 32 18 stt'
1428 3946 7 15 T
1503 3949 120 22 infaoasible
1633 3963 4 7 ,
1643 3953 25 19 to'
1683 3953 92 21 rSmo've
1784 3952 72 23 them

64 50 28 33 $

241 45 331 40 SUPPLEMENT
592 46 72 40 TQ
682 46 106 40 THE
814 46 117 39 NEW
946 47 243 41 ZEALAND,
1211 49 236 39 GAZETTE
1475 49 99 40 AK>
1593 50 348 40 WEJWLIMiITON
1960 50 155 42 S&ECT
2124 52 35 40 A
2172 55 110 37 TOE.

1882 138 101 32 {without
2008 139 102 28 delaying
2126 140 39 23 the
2185 140 117 28 departure
2321 142 26 23 of
2362 142 39 23 the
2417 144 60 28 brig.

1883 172 3 17 ;
1889 165 69 22 Their
1967 165 123 25 interment
2098 173 29 16 on
2143 166 39 24 the
2192 171 56 24 spot,
2265 168 71 23 under
2346 168 30 23 all
2385 169 38 23 the
2433 171 44 23 cir^

1883 192 148 24 'cumsfances
2041 192 25 23 of
2072 192 37 22 the
2119 200 57 20 case,
2187 193 47 23 had
2244 194 36 23 the
2291 196 106 26 approval
2406 196 26 23 of
2437 197 40 23 the

1889 221 87 18 nearest
1992 218 90 23 relative
2091 220 26 21 of
2129 226 44 21 any
2185 221 24 20 of
2222 220 38 23 the
2270 220 116 28 deceased,
2402 222 49 24 and
2463 224 14 22 I

1883 245 3 26 !
1889 243 87 23 believe
1985 252 33 14 we
2029 252 55 16 were
2093 246 79 26 nearly
2181 247 133 24 unanimous
2322 248 23 21 in
2355 248 122 28 regarding

1891 269 36 22 the
1937 269 54 23 field
2001 271 27 22 of
2037 271 63 24 blood
2110 279 24 15 as
2145 273 38 21 the
2192 273 26 22 fit
2225 273 63 27 place
2298 274 36 24 for
2343 275 119 27 sepulture.

674 135 21 18 to
703 131 48 22 him
760 132 32 27 by
802 132 73 22 David
884 130 155 28 (Piccavrarro)
1041 144 27 4 —
1068 131 51 23 that
1124 132 74 22 David
1206 133 48 25 said

762 158 122 27 rangiteras
902 158 145 27 (gentlemen)
1063 165 70 19 come,
1149 159 46 22 and
1208 166 45 25 you

745 196 28 4 —
774 184 47 23 that
836 184 64 22 when
906 184 63 33 .they
986 184 48 26 (the
1051 184 137 28 gentlemen)
1209 186 45 22 had

672 210 95 27 crossed,
779 211 53 27 they
842 210 47 23 said
1022 211 19 21 is
1237 222 24 6 —

670 237 51 25 .that
733 237 135 27 Rauparaha
881 237 66 22 stood
959 244 29 18 up
1006 236 44 23 and
1067 238 47 24 saiq
1146 238 61 22 Here
1218 245 37 14 am

674 264 10 21 I
792 264 92 25 Captain
900 262 122 23 Wakefield
1039 263 53 22 then
1107 264 48 23 said
1232 268 23 18 to

674 290 36 21 the
835 290 6 11 (
847 290 33 21 To
896 290 28 21 do
941 290 59 22 what
1014 294 23 17 at
1052 289 37 22 the
1206 290 49 23 said

674 316 133 28 Rauparaha
807 327 27 5 —
835 316 48 22 that
892 316 91 26 Captain
1001 316 124 22 Wakefield
1140 316 73 23 called
1223 321 31 18 on'

674 342 159 28 Rangihaeata,
842 346 49 19 who
900 342 62 24 stood
971 349 31 20 up
1011 342 45 22 and
1066 342 48 22 said
1146 341 25 28 If
1173 350 35 17 ere
1218 350 37 15 am

709 381 25 3 —
739 369 48 25 that
795 369 93 28 Captain
903 368 124 23 Wakefield
1043 369 47 22 said
1106 373 23 18 to
1143 369 48 22 him
1208 370 47 22 also

747 400 22 17 to
785 396 38 22 the
837 396 52 27 «hip
910 407 27 4 —
938 395 48 22 that
1004 395 151 27 Rangihaeata
1170 396 85 27 replied

773 426 24 18 to
807 422 29 22 do
853 426 22 18 at
892 422 37 22 the
945 422 62 27 ship?
1023 422 11 21 I
1049 422 56 21 shall
1120 425 39 18 not
1173 429 29 19 go
1216 423 39 21 the

673 448 48 28 ship
729 457 7 18 ;
752 448 85 28 enough
848 448 26 23 of
883 457 36 14 me
936 455 29 15 on
981 448 65 22 shore
1161 449 94 26 Captain

674 475 124 22 Wakefield
811 483 45 14 was
870 483 70 19 angry
949 475 53 21 with
1018 475 68 26 them,
1097 475 45 22 and
1158 475 96 23 ordered

667 502 44 21 ■the
721 502 66 22 white
797 502 78 27 people
884 506 23 17 to
915 502 40 22 fire
956 512 27 5 —
984 501 48 22 that
1039 501 74 25 Davjd
1121 505 40 23 got
1171 509 30 20 up
1210 502 45 22 and

671 528 51 22 said
756 528 36 22 No
802 532 39 19 not
857 528 55 27 fight
1027 527 229 28 CaptainWaJkefield

674 555 47 21 said
828 558 21 18 to
940 565 29 5 —
969 555 47 21 that
1030 554 39 21 the
1091 554 66 22 white
1176 555 80 27 people

674 581 52 22 then
745 582 56 21 fired
816 581 42 22 and
873 582 50 21 shot
936 589 14 14 a
966 581 86 22 Mnorie
1061 592 28 4 —
1097 580 48 23 that
1164 582 92 21 another

674 607 65 23 white
749 615 52 15 man
816 608 49 21 shot
881 608 53 25 with
947 615 14 16 a
979 607 156 22 two-barreled
1149 614 46 21 gun
1211 608 45 22 and

667 635 100 21 •another
786 635 86 22 Maorie
891 635 65 22 fell—
958 635 48 22 that
1022 633 74 23 David
1112 637 38 24 got
1165 642 30 20 up
1211 635 45 22 and

674 661 47 22 said
882 662 40 21 but
931 661 52 24 then
995 668 14 14 a
1017 661 66 22 white
1089 667 51 15 man
1152 668 45 14 was
1206 661 50 22 shot

674 699 26 4 —
701 688 49 24 that
759 689 69 20 about
836 690 27 19 10
872 689 26 22 of
908 687 140 29 Rauparaha'
1050 695 9 14 a
1070 694 51 15 men
1136 687 55 22 then
1202 688 52 23 took

674 722 29 20 up
714 715 57 20 their
780 722 64 19 guns,
854 715 46 22 and
915 713 85 26 several
1011 713 25 22 of
1048 713 36 22 the
1099 713 67 22 white
1175 715 80 27 people

674 748 56 15 were
741 741 49 22 shot
797 749 6 20 ;
820 741 59 22 there
891 748 43 16 was
948 741 54 22 then
1018 741 93 21 another
1126 740 73 27 firing,
1210 741 46 22 and

674 768 85 21 several
768 775 62 16 more
839 767 66 24 white
913 767 76 29 people
997 774 56 15 were
1063 767 69 22 killed
1132 778 25 4 —
1161 767 47 22 that
1218 768 38 21 the

674 794 98 22 Maories
782 795 53 21 then
844 794 40 22 left
894 795 56 23 their
959 801 57 20 guns
1029 794 47 21 and
1092 793 63 23 took-*
1160 797 23 19 to
1199 794 57 22 their

675 821 136 22 tomahawks
820 832 26 4 —
857 821 49 21 that
923 821 51 28 they
994 821 53 21 then
1066 821 77 21 bound
1159 821 94 27 Captain

674 847 123 22 Wakefield
807 847 44 23 and
861 848 85 21 carried
955 847 46 22 him
1011 847 72 27 along,
1095 847 64 22 when
1177 847 29 22 he
1222 851 33 18 at-

674 874 99 27 tempted
783 878 21 18 to
813 878 38 23 get
858 874 54 22 hold
923 875 25 21 of
957 874 36 22 his
1001 874 81 27 pistols,
1093 874 40 22 but
1143 874 54 27 they
1207 882 49 19 pre-

675 901 82 21 vented
766 901 47 22 him
813 912 28 4 —
842 901 48 22 that
901 901 52 28 they
968 900 53 22 then
1039 900 73 22 seized
1122 901 44 22 Mr.
1182 901 74 22 Cotte-

674 927 40 22 rell
723 928 23 21 in
757 927 38 23 the
805 936 60 13 same
875 935 94 14 manner
972 938 23 5 —
997 927 48 22 that
1053 927 53 32 they
1115 927 86 22 carried
1209 927 47 22 him

675 954 103 27 (Captain
789 954 132 27 Wakefield)
933 954 43 22 and
985 954 35 22 his
1035 956 78 25 people
1123 956 22 20 to
1161 954 38 22 the
1213 954 43 22 vil-

674 981 49 26 lage
734 980 25 22 of
766 981 140 28 Rauparaha,
917 981 71 22 where
999 980 52 27 they
1058 980 70 22 found
1138 980 48 22 that
1196 981 60 21 Ran-

673 1007 122 26 gihaeata's
805 1008 49 21 wife
865 1007 44 22 had
918 1008 55 21 been
984 1007 69 22 killed
1053 1018 27 5 —
1082 1007 48 21 that
1137 1007 55 27 they
1202 1007 54 22 then

674 1033 68 22 killed
757 1034 40 22 the.
812 1034 116 27 prisoners,
945 1034 49 22 who
1013 1041 57 14 were
1086 1034 75 21 bound
1178 1036 23 19 at
1219 1033 37 23 the

674 1060 60 27 time,
746 1061 39 21 but
795 1060 48 23 that
852 1061 74 21 David
935 1061 45 22 had
994 1060 31 21 let
1036 1060 43 22 Mr.
1094 1060 98 22 Tuckett
1201 1068 28 19 go
1230 1071 28 5 —

675 1087 47 21 that
729 1088 28 20 85
767 1087 66 22 white
843 1087 79 28 people
933 1094 55 16 were
999 1087 69 21 killed
1077 1086 23 22 in
1111 1086 36 22 all.

707 1120 89 33 [Riwai
802 1122 124 24 Waitene's
938 1122 103 23 evidence
1050 1122 67 30 being
1126 1122 54 31 only
1190 1122 66 24 hear-

674 1163 40 23 say
725 1160 25 18 at
759 1156 83 23 second
854 1155 67 29 hand,
934 1155 66 24 could
1018 1160 40 18 not
1077 1155 28 22 he
1124 1155 56 24 usad
1199 1156 23 23 ia
1242 1163 14 16 a

675 1189 72 23 Court
759 1190 25 22 of
799 1187 55 25 Law
866 1189 35 23 for
912 1197 45 22 any
968 1186 120 33 purpose.]

1890 321 94 29 [Before
1995 324 30 22 A.
2036 324 141 27 M'Donald,
2188 322 45 26 and*
2245 326 27 22 G.
2285 326 88 28 Duppa,
2384 327 91 30 Esqn..]

1883 374 2 2 .
1918 352 108 25 Richard
2040 355 121 24 Peanter:
2184 357 15 22 I
2206 365 46 15 was
2268 365 43 15 one
2321 359 25 22 of
2357 359 38 22 the
2410 364 66 24 party

1890 379 48 22 who
1949 385 58 18 went
2024 381 63 23 down
2103 386 22 18 to
2136 383 37 22 the
2184 384 89 24 Wairau
2286 385 32 25 inf
2326 385 37 23 the
2374 386 101 23 Govern-

1890 411 63 17 ment
1970 407 59 28 brig,
2046 409 34 21 for
2099 409 38 22 the
2156 418 95 24 purpose
2266 411 25 22 of
2306 412 170 28 apprehending

1890 433 134 27 Rauparaha
2035 435 43 21 and
2088 434 162 30 Rarigihaeata.
2279 437 12 22 I
2300 438 82 23 landed
2396 447 30 14 on
2436 440 38 22 the

1890 460 104 27 morning
2004 461 26 21 of
2043 460 35 23 the
2090 461 57 29 16th,
2166 461 44 24 and
2220 471 33 14 we
2263 464 124 27 proceeded
2395 473 30 20 up
2435 466 39 23 the

1888 485 59 23 river
1958 491 22 17 to
1989 487 40 22 the
2037 487 61 29 large
2107 489 64 23 wood
2179 490 38 22 the
2227 498 61 14 same
2298 491 49 31 day,
2359 492 72 25 where
2441 500 35 15 we

1889 513 115 22 remained
2020 513 47 23 that
2079 515 71 27 night.
2180 516 26 22 In
2221 523 41 15 our
2271 524 48 20 way
2328 525 36 21 up,
2382 526 33 15 we
2429 527 45 14 saw

1888 538 64 23 three
1961 546 26 16 or
1997 540 48 22 four
2056 548 79 15 canoes
2149 543 45 21 and
2206 550 14 14 a
2230 543 70 22 whale
2314 544 52 23 boat
2379 544 68 30 lying'
2452 550 23 18 at

1888 566 85 21 anchor
1989 567 99 23 between
2098 568 37 22 the
2149 569 64 22 shore
2223 569 45 22 and
2284 570 38 22 the
2331 571 61 27 large
2401 572 72 28 wood,

1889 591 37 22 the
1935 593 87 21 natives
2036 593 80 28 having
2121 595 84 22 landed
2214 604 5 19 ;
2235 595 45 23 and
2290 603 32 16 we
2332 602 45 18 met
2387 605 14 15 a
2410 601 65 25 party

1889 618 26 21 of
1926 619 88 22 natives
2031 619 68 23 under
2108 628 13 14 a
2131 621 63 22 chief
2206 622 71 22 called
2292 623 76 22 Puaha
2384 626 91 26 coming

1888 644 73 23 down.
1991 646 45 22 Mr.
2055 647 129 28 Thompson
2201 649 110 22 informed
2328 651 59 22 them
2396 652 26 21 of
2433 658 46 16 our

1887 671 130 28 intentions,
2034 673 43 22 and
2086 678 50 18 bent
2145 675 61 21 them
2222 675 95 23 forward
2332 680 22 19 to
2368 678 107 28 acquaint

1889 697 151 28 Raupharaha
2062 701 44 21 and
2130 701 156 27 Rangihaedta
2309 703 48 22 that
2380 704 29 22 he
2429 705 45 22 had

1889 732 62 14 come
1968 730 24 17 to
2001 731 68 17 arrest
2085 727 61 22 them
2162 728 24 21 in
2198 728 37 22 the
2250 729 97 23 Queen's
2361 736 67 17 name
2437 732 38 21 for

1889 752 98 27 burning
1994 752 44 22 Mr.
2045 754 123 21 Cotterell's
2178 754 46 22 hut.
2250 755 30 21 At
2287 755 37 23 the
2332 757 62 26 place
2400 758 73 23 where

1888 785 32 14 we
1937 779 95 27 stopped
2045 781 33 21 for
2095 780 38 22 the
2147 781 71 26 night,
2229 788 33 15 we
2279 786 48 18 met
2343 783 52 22 with
2412 784 62 23 three

1889 805 63 21 other
1958 812 81 15 canoes
2046 811 21 17 at
2078 807 90 26 anchor,
2180 807 44 22 and
2234 808 37 21 the
2278 809 85 22 natives
2372 813 22 19 to
2400 811 74 24 whom

1888 831 53 27 they
1960 832 110 27 belonged
2088 833 127 23 afterwards
2236 834 77 27 joined
2332 842 24 16 us
2375 837 45 22 and
2440 845 34 15 re-

1888 858 90 21 mained
1988 859 53 21 with
2057 867 26 14 us
2092 860 57 22 until
2159 860 63 27 dusk,
2234 861 64 22 when
2314 861 51 29 they
2376 867 58 19 went
2443 872 31 21 up

1888 884 37 21 the
1936 884 59 22 river
2012 889 23 18 to
2045 887 49 27 join
2110 886 37 22 the
2157 887 126 23 remainder
2293 889 26 21 of
2330 889 58 22 their
2401 892 73 27 party;

1889 911 21 21 A
1922 912 71 21 watch
2003 919 43 15 was
2056 912 53 22 then
2119 917 41 23 set,
2168 917 23 18 to
2201 915 108 21 ascertain
2317 916 98 22 whether
2421 917 53 29 they

1888 945 64 14 came
1961 938 66 22 down
2043 940 36 21 the
2089 939 58 23 river
2158 941 73 26 again.
2261 942 36 21 On
2314 941 36 23 the
2359 943 115 29 following

1889 964 102 28 morning
1999 972 33 16 we
2043 967 122 26 proceeded
2176 974 29 21 up
2214 967 38 23 the
2262 968 58 22 river
2329 969 22 22 in
2361 970 37 22 the
2408 971 67 22 boats

1888 998 24 14 as
1923 992 35 20 far
1967 999 24 14 as
2001 999 33 15 we
2044 992 65 22 could
2122 997 37 22 get
2170 993 67 28 them,
2254 995 45 21 and
2314 995 51 23 then
2382 996 91 25 landed.

1890 1017 40 21 We
1950 1018 54 21 then
2020 1019 123 27 proceeded
2159 1027 72 15 across
2248 1021 36 21 the
2299 1021 48 23 fern
2366 1023 45 22 and
2427 1023 49 25 flax

1889 1044 95 22 towards
1995 1045 37 21 the
2043 1046 61 31 place
2115 1047 71 21 where
2196 1054 33 14 we
2239 1047 69 22 heard
2318 1048 36 22 the
2366 1050 107 22 Maoriea.

1890 1070 35 21 On
1935 1072 98 26 arriving
2041 1079 23 14 in
2074 1073 59 26 sight
2142 1073 26 21 of
2176 1073 61 23 them
2245 1082 30 14 we
2285 1075 130 23 discovered
2426 1077 49 24 that

1890 1105 32 14 we
1942 1105 57 17 were
2018 1099 112 27 separated
2149 1099 56 23 from
2226 1100 61 23 them
2309 1102 31 27 By
2356 1110 14 14 a
2389 1109 87 19 narrow

1889 1127 88 18 stream.
2014 1125 65 21 Some
2095 1126 25 21 of
2134 1133 40 15 our
2187 1131 64 23 party
2266 1128 53 22 then
2335 1130 87 21 crossed
2438 1130 38 22 the

1889 1150 70 22 brook
1970 1151 29 27 by
2009 1159 77 15 means,
2091 1153 25 21 of
2122 1159 13 15 a
2145 1160 76 15 canoe.
2250 1154 73 22 Those
2329 1156 49 21 who
2387 1157 87 22 crossed

1890 1185 54 14 over
1954 1185 57 14 were
2021 1178 36 22 the
2065 1179 74 21 Police
2147 1180 137 27 Magistrate,
2293 1182 93 27 Captain
2394 1183 82 23 Wake-

1890 1204 61 26 field,
1966 1204 86 23 Brooks
2061 1206 38 21 the
2109 1206 138 28 interpreter,
2263 1209 44 21 and
2317 1210 84 22 several
2412 1211 65 21 other

1888 1232 139 26 gentlemen,
2045 1232 39 22 but
2100 1233 37 21 the
2152 1233 77 23 armed
2243 1234 59 23 force
2318 1236 113 23 remained
2446 1244 29 15 on

1890 1258 43 20 this
1943 1258 55 21 side.
2029 1259 10 21 I
2049 1260 69 21 heard
2134 1260 45 21 Mr.
2194 1260 129 27 Thompson
2339 1270 40 21 say
2389 1263 48 22 that
2446 1263 30 24 he

1888 1284 47 21 had
1951 1285 94 27 nothing
2059 1289 23 18 to
2093 1286 28 22 do
2130 1286 54 22 with
2194 1287 37 22 the
2241 1287 65 28 land;
2323 1289 48 22 that
2387 1289 27 23 he
2429 1291 47 21 had

1890 1317 61 15 come
1964 1315 23 18 to
2001 1316 70 18 arrest
2085 1313 60 22 them
2162 1313 24 22 in
2203 1313 38 23 the
2251 1315 98 23 Queen's
2365 1324 65 15 name
2441 1317 35 22 for

1890 1337 98 28 burning
2003 1339 37 23 the
2054 1339 48 22 hut.
2131 1340 44 22 Mr.
2191 1340 128 28 Thompson
2335 1343 53 22 then
2403 1343 73 24 called

1890 1369 38 16 out
1941 1367 23 19 to
1980 1366 45 21 Mr.
2036 1366 98 22 Howard
2143 1370 23 18 to
2184 1367 65 27 bring
2262 1369 64 21 down
2341 1374 50 23 part
2400 1371 26 21 of
2437 1369 39 23 the

1890 1398 60 19 men,
1961 1399 24 14 as
1996 1392 60 22 there
2068 1400 55 14 were
2138 1400 62 16 more
2210 1395 85 21 natives
2306 1395 62 23 there
2383 1396 53 25 than
2448 1397 28 23 he

1890 1418 115 27 expected.
2036 1419 42 23 Mr.
2091 1420 98 22 Howard
2205 1421 52 22 took
2267 1421 65 23 down
2342 1423 49 21 half
2398 1423 26 22 of
2437 1424 39 22 the

1890 1451 59 20 met),
1968 1446 45 21 and
2022 1446 57 27 ,they
2092 1454 55 14 were
2163 1447 127 23 afterwards
2303 1449 79 26 joined
2397 1451 29 26 by
2436 1451 39 21 the

1890 1472 132 22 remainder.
2056 1473 49 24 The
2125 1481 51 16 men
2194 1481 56 15 were
2265 1476 88 27 passing
2369 1484 54 14 over
2437 1477 39 23 the

1890 1498 69 21 brook
1970 1499 30 27 by
2010 1503 76 20 mean's
2096 1500 25 21 of
2132 1508 12 14 a
2154 1507 68 15 canoe
2232 1508 25 15 as
2267 1510 12 13 v
2290 1502 75 28 bridge
2373 1511 4 13 :
2393 1507 50 24 part
2453 1505 27 21 of

1890 1524 61 22 them
1961 1533 58 14 were
2030 1534 52 14 over
2095 1527 45 21 and
2156 1534 15 14 a
2179 1531 49 24 part
2237 1528 23 22 in
2271 1528 37 22 the
2318 1536 76 21 canoe,
2411 1531 64 22 when

1891 1557 14 15 a
1914 1558 47 20 gun
1971 1559 45 15 was
2026 1553 130 28 discharged
2164 1554 38 27 by,
2219 1555 10 21 I
2240 1555 92 29 believe,
2344 1563 43 15 one
2396 1557 26 22 of
2434 1565 42 15 our

1890 1581 71 24 party,
1970 1579 42 21 but
2022 1578 11 23 I
2043 1580 84 22 believe
2136 1580 18 22 it
2163 1583 23 19 to
2195 1582 58 22 have
2262 1582 56 22 been
2330 1583 28 28 by
2364 1584 111 22 accident.

1890 1604 36 22 On
1937 1605 37 22 the
1981 1606 114 28 discharge
2104 1605 25 23 of
2135 1607 44 22 this
2186 1615 46 20 gun
2240 1609 36 21 the
2284 1609 96 23 Maories
2390 1611 83 27 poured

1890 1638 13 14 a
1919 1632 74 28 volley
2007 1637 102 23 amongst
2123 1641 32 20 us,
2174 1635 73 23 which
2264 1643 43 14 was
2323 1637 152 28 immediptely

1890 1660 113 21 returned.
2032 1660 79 27 Seeing
2124 1668 68 20 many
2203 1662 25 21 of
2241 1670 39 14 our
2295 1667 62 24 party
2373 1665 103 27 standing

1890 1685 58 22 close
1959 1686 29 28 by
1998 1686 38 22 the
2046 1694 76 20 canoe,
2139 1688 10 21 I
2161 1688 46 23 told
2218 1689 60 22 them
2290 1693 21 17 to
2321 1697 28 20 go
2358 1691 84 23 farther
2452 1696 22 17 to

1891 1712 36 21 the
1942 1713 46 26 left;
2007 1713 71 22 where
2092 1714 52 29 they
2154 1715 73 22 would
2245 1716 26 21 be
2288 1716 49 22 able
2352 1721 23 18 to
2389 1724 37 16 see
2436 1718 39 23 the

1890 1739 86 22 natives
1990 1740 78 27 better,
2087 1741 72 21 which
2175 1742 52 27 they
2237 1742 44 25 did.
2309 1743 73 23 Those
2392 1752 28 14 on
2436 1745 38 22 the

1890 1766 99 26 opposite
1999 1768 47 20 side
2056 1768 51 21 then
2119 1769 87 21 crossed
2217 1776 53 15 over
2278 1773 23 18 to
2311 1776 33 21 us,
2352 1778 13 14 a
2373 1775 101 19 constant

1890 1792 38 21 fire
1940 1793 68 27 being
2018 1794 51 27 kept
2078 1802 64 19 upon
2153 1795 52 21 both
2217 1796 64 22 sides.
2311 1796 43 24 Mr.
2364 1798 109 23 Patehert.

1890 1819 151 29 immediately
2052 1821 55 21 after
2117 1822 105 27 crossing,
2239 1830 44 14 was
2293 1823 49 21 sh&t
2356 1825 23 21 in
2389 1825 35 21 his
2433 1825 42 22 left

1890 1846 53 26 side,
1958 1847 76 21 within
2049 1848 61 22 three
2119 1849 67 26 yards
2194 1850 26 20 of
2235 1849 70 23 where
2316 1851 12 21 I
2339 1858 42 14 was
2398 1853 76 24 stand-

1889 1872 46 27 ing.
1964 1873 74 23 There
2047 1881 49 17 was.
2100 1875 53 22 then
2165 1883 12 14 a
2188 1877 91 26 general
2290 1881 82 22 rejreat
2380 1879 94 24 towards

1890 1899 37 22 the
1937 1899 48 23 hill.
2015 1900 44 22 Mr.
2070 1901 98 23 Howard
2179 1903 71 23 called
2259 1906 38 19 out
2309 1908 23 18 to
2343 1905 97 26 Ihe.pien
2451 1910 23 18 to

1889 1926 58 28 keep
1958 1928 107 26 together.
2095 1929 41 21 We
2145 1929 46 22 still
2200 1929 53 29 kept
2263 1930 162 29 advancing.up
2436 1933 38 22 the

1890 1952 39 23 hill
1945 1953 77 23 tilLwe
2031 1955 86 23 arrived
2130 1959 23 19 at
2168 1956 37 22 the
2215 1957 82 24 second
2306 1957 71 24 .brow.
2401 1959 18 24 J
2427 1966 47 16 saw

1889 1980 45 22 Mr.
1953 1982 103 22 Cotlerell
2076 1983 75 27 sitting
2163 1983 80 24 -down.
2281 1983 37 25 He
2338 1985 46 22 said
2401 1991 21 17 to
2436 1995 37 13 me

1994 2008 44 22 this
2044 2009 20 23 is
2081 2016 54 20 poor
2258 2010 11 22 I
2279 2009 48 26 said
2360 2013 67 21 Como
2443 2020 31 17 up

1890 2033 36 22 the
2029 2035 7 21 I
2045 2036 95 24 saw>lr.
2144 2035 139 28 Thompson,
2293 2038 92 27 Captain
2394 2037 80 24 Wakef-

1890 2060 59 26 ield,
1966 2061 44 21 and
2027 2062 36 22 the
2078 2062 62 22 other
2153 2063 126 26 gentlemen
2294 2072 29 15 on
2340 2065 35 21 the
2391 2067 82 21 second

1890 2087 65 22 brow.
1985 2089 91 27 Captain
2088 2089 123 23 Wakefleld
2226 2091 52 21 then
2290 2091 91 23 ordered
2396 2093 28 21 all
2435 2093 38 22 the

1888 2121 52 15 men
1958 2119 22 17 to
1989 2115 70 23 throw
2070 2116 64 22 down
2151 2117 57 22 their
2219 2123 63 21 arms,
2300 2118 70 24 which
2380 2127 61 15 some
2452 2121 22 22 ot

1889 2140 62 22 them
1968 2142 48 26 did,
2036 2143 38 21 but
2093 2150 61 16 some
2170 2143 75 23 others
2254 2145 128 23 .continued
2398 2147 73 26 firing.

1889 2168 93 27 Captain
1993 2169 122 24 Wakefield
2129 2169 110 26 thenrtold
2254 2170 83 25 Brooks
2348 2175 21 19 to
2380 2173 38 21 tell
2434 2173 37 22 the

1889 2194 98 24 Maories
1998 2200 22 18 to
2031 2204 62 14 cease
2102 2196 74 28 firing.
2204 2198 49 22 The
2261 2198 70 22 whole
2342 2204 69 23 party,
2422 2201 51 22 with

1889 2220 37 22 the
1945 2223 127 28 exception.
2078 2224 26 21 of
2118 2231 61 15 some
2194 2224 49 22 that
2255 2226 158 27 accompanied
2428 2234 43 20 me,

1888 2247 54 23 then
1952 2250 110 22 retreated
2072 2250 63 22 down
2147 2258 14 15 a
2172 2251 71 28 valley
2254 2251 93 25 towards
2359 2253 37 22 the
2405 2253 66 28 right,

1889 2279 22 17 to
1921 2276 51 26 give
1982 2277 132 22 themselves
2123 2285 37 23 up.
2191 2279 10 21 I
2212 2286 45 14 saw
2264 2279 44 21 Mr.
2320 2280 102 23 Cotterell-

1888 2302 56 22 liver
1954 2304 92 21 himself
2056 2312 30 19 up
2100 2305 37 21 the
2147 2305 54 23 first.
2228 2305 75 24 .When
2313 2306 12 21 I
2335 2313 43 15 was
2389 2314 28 14 on
2435 2307 38 22 the

1888 2329 40 21 hill
1944 2331 12 21 I
1972 2338 46 14 saw
2036 2331 42 22 Mr.
2095 2332 97 22 Tuckett
2208 2333 122 26 retreating
2347 2340 73 17 across
2434 2334 39 22 the'

1888 2357 68 27 plain,
1967 2357 54 22 with
2031 2358 41 22 five
2083 2366 25 14 or
2123 2359 35 21 six
2168 2359 82 23 others.
2278 2359 12 22 I
2303 2360 43 22 and
2361 2368 37 21 my
2409 2365 65 24 party

1889 2383 53 23 then
1958 2385 113 22 advanced
2081 2386 94 22 towards
2191 2387 66 26 them,
2269 2386 42 22 and
2325 2387 77 27 joined
2411 2387 62 23 them

1888 2418 29 15 on
1933 2412 39 22 the
1989 2411 76 27 beach,
2077 2413 73 21 where
2159 2420 33 15 we
2206 2415 40 26 got
2260 2413 46 22 into
2315 2420 14 15 a
2337 2414 69 22 whale
2421 2415 53 22 boat

1888 2438 44 22 and
1942 2439 94 27 escaped
2052 2441 20 19 t6
2091 2439 35 22 the
2138 2440 155 23 Government
2309 2441 46 27 brig
2384 2442 35 21 On
2434 2441 39 22 the

1888 2473 62 15 same
1960 2466 96 27 evening
2067 2466 36 22 the
2117 2467 49 27 brig
2181 2472 51 17 sent
2242 2472 41 17 two
2297 2462 63 29 boars
2371 2475 28 15 on
2409 2468 65 23 shore

1889 2496 22 18 to
1921 2493 52 21 look
1984 2495 40 19 out
2032 2493 33 22 for
2074 2501 44 20 any
2125 2495 26 21 of
2158 2502 40 15 our
2207 2498 64 27 party
2278 2495 48 22 who
2336 2495 72 28 ipight
2417 2494 57 23 have

1889 2520 102 28 escaped,
2003 2520 38 21 but
2052 2527 57 15 none
2119 2528 57 16 were
2186 2522 83 25 found*'
2471 2523 3 6 '

2074 2576 96 32 .Friday,
2181 2578 60 21 June
2250 2580 34 20 30.

2003 2603 92 29 [Before
2105 2602 182 29 A.'M'Dpnald,
2299 2604 63 29 Esq.]

1910 2639 85 23 ;Peter
2006 2639 67 24 Crew
2079 2648 6 13 :
2102 2640 11 22 I
2121 2639 70 22 sailed
2197 2641 56 21 from
2265 2639 82 24 Nelson
2358 2640 68 23 about
2436 2641 38 26 tjhe

1890 2665 52 25 13th
1951 2666 26 22 of
1983 2666 56 28 May
2045 2666 42 24 last
2096 2670 22 19 to
2125 2666 50 27 join
2186 2668 44 21 Mr.
2245 2666 139 24 Parkinson's
2394 2674 80 22 survey

1888 2692 70 24 at?the
1969 2692 98 25 Wairau.
2092 2693 53 23 Five
2157 2700 25 16 or
2189 2694 34 22 six
2233 2693 54 28 days
2293 2691 56 26 after
2354 2701 47 17 wee
2403 2698 33 18 tar
2437 2695 39 24 ted

1888 2727 33 15 we
1930 2719 89 23 arrived
2029 2724 22 18 at
2060 2719 120 24 Jackson's
2190 2721 72 26 Place,
2278 2721 25 22 in
2316 2721 78 24 Queen
2406 2717 70 31 Char-

1888 2746 54 24 lotte
1954 2747 83 27 Sound,
2047 2752 23 19 at
2084 2748 67 23 about
2161 2754 43 17 one
2215 2747 85 26 o'clock
2317 2747 71 27 uitfee
2399 2755 75 19 morn-

1888 2773 47 28 ing.
1965 2771 32 25 At
2006 2774 68 27 about
2083 2771 60 30 eight
2152 2775 87 22 o'clock
2246 2782 28 14 on
2285 2774 38 23 the
2329 2782 60 14 same
2399 2782 75 19 morn-

1888 2801 44 26 ing,
1943 2808 14 14 a
1966 2807 80 21 person
2055 2801 80 26 named.
2143 2802 89 27 George
2243 2802 67 23 Tpms
2320 2808 123 20 cflrngpver
2452 2806 22 21 to

1888 2827 118 23 Jackson's
2018 2828 72 27 Plage,
2099 2829 73 22 where
2182 2829 28 25 be
2220 2827 112 24 informed
2340 2836 37 14 me
2387 2828 48 26 that
2443 2830 33 24 fee-

1887 2852 45 26 had
1942 2854 58 22 been
2011 2862 52 15 over
2071 2859 24 18 to
2106 2856 93 22 Ponrua
2207 2855 24 22 in
2241 2855 37 21 the
2288 2855 108 26 schoprier
2408 2857 68 24 ThTM

1887 2882 109 25 Brothers,
2007 2884 24 19 to
2040 2882 59 22 fetch
2109 2883 36 21 the
2159 2882 103 25 Maories,
2272 2882 69 22 about
2350 2887 93 24 seventy
2446 2884 27 23 in

1888 2908 37 27 all,
1945 2908 115 29 including
2084 2909 135 28 Rauparaha
2243 2908 44 22 and
2311 2909 163 28 RangiliaeHjX

1890 2933 35 25 He
1936 2935 48 24 said
1993 2935 29 26 he
2032 2943 42 15 was
2083 2936 68 27 going
2161 2940 23 22 po
2192 2936 51 25 take
2253 2935 62 23 them
2325 2935 64 27 dovy»
2404 2940 22 21 fa
2435 2938 39 23 the

1889 2962 98 27 Wairau,
1999 2962 46 25 and
2053 2963 46 25 had
2107 2963 70 23 killed
2186 2970 14 15 a
2208 2962 91 27 bullock
2304 2962 36 24 for
2348 2963 69 28 tbem,
2427 2964 47 24 and

1888 2988 45 23 had
1942 2989 47 24 also
1999 2989 115 24 fiirnished
2123 2990 61 30 th^m
2195 2989 53 26 with
2258 2997 61 18 sprng
2328 2985 145 35 tpmabqwjfc;

1888 3017 21 23 A
1920 3016 76 26 natfve
2006 3016 71 26 called
2086 3017 73 27 Japjcy
2165 3017 47 23 said
2219 3017 30 25 he
2257 3015 86 28 (Tojne)
2351 3016 46 26 bad
2406 3018 67 26 giyen

1888 3042 62 23 them
1967 3046 46 22 ten.
2047 3043 48 26 The
2111 3044 109 25 sphopjjej-
2238 3044 64 25 Th?res
2312 3044 106 30 fyrtfterj
2427 3048 53 21 ws&.

1886 3069 63 28 lying
1956 3069 24 25 in
1992 3070 37 25 the
2039 3070 75 25 Sound
2123 3074 23 21 at
2156 3071 38 24 the
2205 3071 90 25 tintejye
2306 3071 87 24 ajrrived
2403 3071 80 27 the**,.

1876 3100 2 29 ;
1887 3096 90 26 an4di4
1986 3100 42 18 not
2036 3097 63 26 le^e
2107 3097 57 24 untij
2175 3098 38 25 ike
2222 3097 106 27 morning:
2333 3098 62 24 after.
2424 3098 50 24 The

1886 3123 87 26 natives
1981 3130 69 19 never
2059 3123 81 26 landed
2151 3125 48 25 that
2208 3125 69 24 Ism,
2307 3125 12 24 i
2329 3124 69 25 heard
2405 3125 69 24 Toorc

1887 3158 39 20 say
1936 3150 49 21 that
1998 3150 36 22 his
2042 3151 53 22 land
2105 3158 44 17 w.aa
2161 3151 37 24 jail
2204 3149 88 29 right—
2292 3151 48 25 thaf
2353 3151 30 24 fed
2391 3151 83 25 sbonid

1886 3180 39 25 get
1937 3177 19 21 it
1965 3182 50 21 no#
2017 3193 5 6 .
2057 3177 36 22 On
2110 3177 37 26 the
2154 3178 117 27 Mbwing
2287 3178 104 27 jnomi'fig
2405 3178 70 25 JXteew

1887 3203 70 26 sailed
1971 3204 35 25 £>?
2018 3203 39 26 *hs
2073 3202 99 27 Wjujrw*.
2211 3205 39 25 Qtf
2262 3205 40 24 thef
2318 3205 41 27 day
2370 3205 108 25 ft&er'tPf.

1887 3230 83 26 started
1984 3230 35 22 for
2032 3231 87 30 €kudy
2114 3249 5 6 L
2128 3231 56 27 Bay.,
2196 3231 73 25 where
2283 3239 32 16 wje
2332 3231 88 25 armed
2431 3231 43 24 in*

1886 3262 61 21 9MB€
1958 3262 102 22 trmwg-
2090 3258 15 24 I.
2111 3262 45 19 saw*
2162 3256 42 26 $h«
2213 3258 110 25 scbooBe*
2331 3258 61 28 lying
2398 3258 75 26 *he&£

1886 3284 53 25 with
1958 3283 39 26 the
2013 3284 86 25 uatjyejj
2114 3290 29 19 oji
2156 3284 78 27 board,
2250 3285 40 29 bjit
2347 3288 42 26 opt
2401 3285 73 29 leap*

1886 3311 73 31 ijberp
1978 3310 65 33 tb§%'
2052 3318 56 17 vere
2122 3311 88 31 tended,
2246 3311 12 25 I
2273 3311 118 25 temaimed
2403 3311 71 25 abojat

1887 3337 126 28 e^gJ»Td»£s
2025 3338 23 24 j»
2057 3337 83 28 Cloudy.
2154 3338 49 27 Bj»y
2210 3338 49 24 «od
2272 3337 122 26 fcbert'wjwit
2408 3340 66 26 up**

1887 3365 45 25 Mr-
1942 3364 146 25 P*?HinW)Q'3
2099 3365 176 26 sufV/eyfttagon.
2424 3369 10 12 *
2462 3369 8 4 '

2079 3418 112 27 $»t]ir^»y,
2201 3419 52 27 July
2262 3420 20 23 \.

1909 3450 89 27 £Befor«
2008 3451 28 20 A.
2046 3450 119 21 M-'Donald
2173 3452 43 20 and
2229 3452 28 21 6.
2267 3452 85 27 Pupjia,
2362 3452 86 33 9Eeqn^

1912 3483 103 29 Thoma^
2031 3485 109 24 HAJijjrAM
2147 3493 6 12 i
2170 3483 12 23 I
2199 3493 34 14 am
2244 3492 39 15 one
2300 3486 25 21 of
2339 3486 134 26 thepCTsifes

1885 3513 46 20 who
1941 3509 100 24 returned
2050 3509 104 37 $$'*#.
2165 3510 142 24 tu^tett'ind
2318 3507 162 32 Wi^(&Mr

1884 3542 22 18 to
1923 3540 36 20 the
1975 3536 85 25 Wairau
2074 3537 26 24 Ok
2114 3536 36 27 $ht
2165 3537 144 29 Gorerjaivnit
2319 3535 158 36 bftg."*fift?eS'

1885 3567 43 22 Mr.
1935 3563 125 31 Thdtnp'rion
2076 3565 43 23 and!
2126 3568 37 21 tlie
2175 3563 6 12 r
2179 3563 62 26 6tlier'
2259 3569 118 26 gentlentfen
2387 3569 85 20 crossed

1885 3595 36 20 the
1930 3595 64 24 river,
2013 3595 43 21 Mr.
2067 3595 94 21 Howard
2170 3596 148 21 anTXantain
2332 3596 97 26 England
2437 3602 35 15 re-

1883 3622 84 20 mained
1984 3617 78 26 behind
2078 3617 104 27 w-idi'iW
2194 3626 57 22 tiaen,
2247 3617 13 14 T/
2259 3624 48 21 who
2321 3629 53 15 were
2389 3623 84 20 divided

1883 3650 47 20 into
1936 3652 41 18 two
1985 3650 86 26 parties.
2100 3650 12 21 I
2118 3651 67 20 heard
2192 3651 45 21 Mr.
2240 3651 132 26 Thompson,
2379 3650 92 26 through

1884 3677 91 25 Brooks,
1982 3677 38 22 the
2025 3678 134 26 interpreter,
2166 3671 217 34 teliaanpuraiikWd
2392 3676 80 28 Baiigi-

1883 3704 75 28 ha^fM
1966 3705 49 24 tbafc
2058 3706 42 25 h»4
2109 3709 62 23 qqjq£
2183 3706 25 27 jq
2267 3706 96 27 Aw^'s
2373 3711 61 21 *§m
2442 3707 36 25 M

1883 3758 47 22 hut.
1947 3755 87 25 "I'tneii
2043 3754 186 30 nnd^tood'that
2238 3761 50 23 they
2292 3759 50 21 Both'
2355 3763 85 17 refusea
2450 3765 23 15 ro

1883 3783 87 24 submit'-
2052 3775 427 39 tnomison-iSen^le^bmo^Kff/

1885 3813 91 21 How«rd
1982 3815 41 24 4hf
2024 3817 10 18 t
2156 3809 137 32 -g«nCienMSJi)
2301 3817 54 19 Were
2355 3808 59 26 'k^t
2420 3814 57 20 di*P

1883 3847 76 20 gerpus
1966 3842 103 26 ppjitipj^
2079 3842 42 22 and
2185 3843 45 21 ham
2235 3845 27 29 |p
2267 3842 65 26 jidog
2339 3842 138 28 dowaapj^t

1883 3867 73 33 o/^bif
1959 3875 58 15 mw.
2043 3869 46 28 %jr.
2099 3869 93 31 Inward
2200 3869 80 28 iepM
2349 3869 75 28 I**4s
2433 3873 42 23 rm

1876 3937 2 10 i
1883 3923 108 23 scrvancecL
1999 3923 53 21 with'
2060 3924 113 22 iftve*nceeii
2182 3930 49 14 men
2240 3923 90 22 towards
2346 3923 36 21 the
2398 3923 74 20 canoe!

1883 3947 97 30 AVfhef
1984 3950 54 21 wei**
2048 3939 146 38 cfossi^'the
2199 3946 133 31 &*££,"&%'
2335 3946 139 25 wmttt^ifltf
