2550 4050
781 584 86 27 [Before
878 584 95 21 George
984 584 90 25 Di/ppa,
1085 582 61 28 Esq.]

694 619 64 21 John
768 619 91 23 Kjdjon
866 627 4 11 :
886 618 11 20 I
911 624 43 15 was
972 620 23 18 at
1013 611 35 31 jthe
1066 617 85 22 Wairau
1171 624 28 14 on
1216 617 36 23 the

667 654 98 26 morning
773 654 25 22 of
810 654 35 29 fhe
856 659 112 23 massacre.
996 651 70 22 When
1076 652 44 21 Mr.
1130 652 123 26 Thompson

667 688 42 20 and
718 688 35 20 the
763 688 120 29 gentlemen
892 687 85 21 crossed
986 687 36 20 the
1033 687 60 20 creek
1101 686 23 20 in
1132 686 37 23 jthe
1180 692 72 17 canoe,

667 722 12 20 I
690 722 62 20 heard
763 721 36 22 the
812 721 92 22 Maories
914 720 83 26 talking
1005 720 65 21 about
1078 720 36 21 the
1122 722 90 20 warrant
1219 720 35 21 for

668 756 73 26 taking
758 755 124 27 Rauparaha
898 755 43 21 and
960 754 148 26 Rangihaeata,
1124 754 42 22 and
1181 754 74 25 saying

669 791 46 21 that
725 790 49 26 they
783 789 79 22 should
870 791 38 19 not
917 789 27 20 be
961 789 63 23 taken
1033 789 28 26 by
1071 789 35 20 the
1121 788 63 21 white
1192 795 48 14 men
1247 796 6 16 ;

670 823 46 20 that
730 822 50 27 they
798 822 35 20 did
850 824 40 21 not
904 817 54 30 jfish
972 823 23 18 to
1010 821 60 26 fight,
1089 821 38 22 but
1146 825 53 17 were
1217 822 38 19 not

670 854 66 21 afraid
743 862 6 15 ;
765 854 50 26 they
823 860 54 15 were
890 853 106 26 prepared
1010 856 24 17 to
1050 853 62 25 fight.
1141 852 19 23 I.
1165 852 64 21 heard
1243 859 14 13 a

671 882 48 22 shot
728 882 60 23 fired,
804 882 37 21 but
851 881 27 20 do
888 882 38 21 not
942 880 63 21 know
1015 880 56 24 from
1080 880 67 28 lyhich
1156 877 61 23 side.'
1234 878 23 21 It

671 915 41 14 was
723 907 180 27 instantaneously
909 907 99 27 followed
1018 907 28 26 by
1056 914 13 13 a
1078 906 69 27 volley
1155 903 56 24 from
1220 907 36 20 the

672 936 101 24 Maorie3,
789 932 62 23 autifl
866 930 41 25 saw
925 940 14 15 a
954 940 49 14 man
1018 934 75 20 named
1109 933 84 27 Tyrrell
1212 934 43 20 fall.

672 963 61 20 After
740 969 14 14 a
764 962 87 21 number
863 962 23 20 of
897 962 61 20 shots
970 961 45 20 'had
1026 962 55 19 'been
1099 960 52 21 fired
1168 966 28 15 on
1205 960 52 21 both

672 991 61 25 sides;
745 990 36 22 the
789 990 64 20 white
864 995 48 15 men
922 989 103 22 retreated
1035 991 39 18 out
1083 989 24 19 of
1119 985 35 23 the
1163 988 54 20 bush
1229 994 28 20 up
1262 1007 2 5 ,

673 1018 36 20 the
716 1018 45 24 hill,
773 1017 59 20 when
841 1016 45 22 Mr.
893 1016 122 26 Thompson
1025 1016 41 20 and
1076 1015 136 25 Brpoksjield
1221 1017 38 21 out

674 1052 13 12 a
695 1045 63 20 white
775 1041 158 27 handkerchief,
951 1043 42 20 and
1008 1043 58 21 cried
1099 1043 64 22 Peace
1170 1037 7 29 j
1220 1043 39 21 but

671 1073 40 19 the
719 1072 96 22 Maories
831 1071 115 20 continued
962 1071 62 26 firing
1040 1073 22 17 at
1077 1076 32 16 us.
1139 1070 44 20 The
1196 1069 63 25 w,hite

674 1106 49 14 men
732 1099 41 21 had
783 1099 51 20 then
844 1098 42 20 laid
894 1097 62 21 down
965 1097 55 21 their
1027 1104 61 19 arms,
1094 1094 39 24 but
1140 1097 119 21 afterwards
1262 1096 2 6 '

665 1121 2 36 [
674 1127 52 20 took
736 1127 57 20 them
809 1132 29 20 up
847 1126 70 25 again.
946 1125 45 21 Mr.
1008 1125 102 20 CotEerell
1118 1126 2 5 '
1126 1125 51 20 then
1194 1124 66 20 threw

674 1155 87 20 himself
772 1155 46 21 into
828 1153 36 22 the
874 1159 55 15 arms
939 1152 25 20 of
975 1159 12 14 a
1003 1153 68 20 native
1086 1152 34 20 for
1129 1151 128 27 protection,

676 1182 38 20 but
731 1188 40 14 was
791 1180 141 27 immediately
947 1179 68 21 seized
1076 1182 40 18 two
1131 1179 70 21 others
1218 1178 42 20 and

676 1209 90 26 dragged
774 1209 29 26 by
810 1208 35 20 the
853 1207 46 21 hair
909 1207 25 20 of
945 1207 34 20 his
988 1203 59 24 head.
1050 1207 61 21 down
1120 1207 36 19 the
1166 1206 38 20 hill
1213 1207 46 19 into

676 1243 14 13 a
698 1235 92 24 manuka
799 1235 61 21 bush:
890 1235 10 20 I
918 1235 50 19 then
985 1234 84 20 advised
1085 1233 88 27 Captain
1184 1233 76 20 Wake-

676 1263 50 21 field
735 1266 21 18 to
767 1263 89 20 allowtts
866 1262 27 20 all
897 1264 24 18 to
926 1262 61 19 make
992 1268 39 14 our
1034 1268 80 19 escape,
1122 1268 23 13 as
1152 1261 11 20 I
1171 1261 89 25 thought

676 1291 18 20 it
703 1290 69 21 would
780 1290 42 20 end
831 1290 22 20 in
864 1296 12 13 a
890 1295 111 15 massacre.
1030 1289 10 19 I
1047 1289 81 20 believe
1139 1289 45 19 that
1193 1290 22 18 at
1224 1288 36 20 the

677 1318 50 21 time
736 1319 36 19 the
781 1318 63 25 tiring
852 1317 67 26 began
927 1322 29 14 no
965 1317 111 20 command
1089 1316 40 20 had
1139 1316 52 20 been
1200 1316 61 25 given

677 1348 22 17 to
709 1346 43 20 fire.
781 1344 11 20 I
808 1344 64 21 heard
888 1344 44 21 Mr.
949 1344 122 28 Thompson
1081 1350 37 21 say
1131 1343 75 26 during
1224 1343 37 20 the

677 1372 68 26 firing,
807 1372 18 20 it
833 1371 42 20 had
885 1373 38 18 not
932 1371 52 20 been
995 1371 32 20 for
1043 1371 106 25 Pean^er's
1158 1370 63 25 firing
1240 1372 22 21 at

678 1400 35 20 the
724 1399 93 22 Maories
825 1399 47 20 first
883 1398 42 19 this
934 1397 69 20 would
1017 1400 38 18 not
1064 1398 53 21 have

678 1427 11 20 I
697 1428 50 19 then
756 1426 64 20 heard
831 1426 88 20 Peanter
935 1424 80 27 say'M
1026 1425 40 26 beg
1079 1430 51 21 your
1147 1424 86 27 pardon,
1244 1424 18 20 it

678 1461 40 14 was
728 1456 37 19 not
775 1459 33 14 me
818 1453 46 20 who
873 1452 52 21 fired
935 1452 36 20 the
977 1453 51 19 first,
1123 1452 69 20 When
1203 1452 10 19 1
1224 1457 38 14 ran

678 1489 28 19 up
719 1482 35 22 the
765 1481 38 20 bill
813 1484 22 17 to
845 1480 60 21 make
923 1486 35 20 my
968 1486 79 20 escape,
1058 1480 12 21 I
1086 1485 42 14 saw
1135 1480 38 23 .the
1182 1478 80 26 gentle-

678 1515 47 14 men
735 1508 132 21 surrounded
883 1508 26 24 by
921 1507 99 26 Maories,
1033 1511 57 16 some
1100 1507 23 20 of
1134 1507 69 20 whom
1212 1513 50 21 pur-

679 1536 50 21 sued
739 1542 32 13 me
781 1542 29 20 up
819 1536 35 19 the
865 1532 37 22 hill
912 1534 56 20 until
975 1534 13 21 I
995 1534 38 20 hid
1040 1533 76 27 myself
1123 1534 23 19 in
1155 1534 37 20 the
1201 1532 61 23 bush.

679 1563 12 22 I
702 1560 82 23 neither
794 1569 41 14 saw
844 1568 39 14 nor
897 1562 66 19 heard
975 1567 42 21 any
1027 1559 62 23 mdr6'
1102 1561 63 26 firing
1180 1564 23 17 at
1217 1559 46 22 that

679 1591 60 19 time.

1884 141 71 22 courts
1967 137 25 22 of
1998 136 48 28 law,
2057 134 44 24 and
2108 134 36 23 For
2152 134 57 22 their
2218 129 161 36 cpnBidestion
2388 129 72 29 afdnp.

1885 165 46 22 But
1940 171 55 20 your
2011 162 135 28 Excellency
2155 160 44 22 will
2215 160 65 22 allow
2288 165 31 19 .us
2332 162 24 19 fo
2364 162 97 24 suggest,

1885 191 49 21 that
1943 190 61 24 there
2013 189 43 23 'are
2065 195 61 21 cages
2135 187 26 22 of
2169 186 54 23 such
2234 191 14 17 a
2263 189 86 23 nature,
2359 192 45 16 ana
2418 186 47 21 evi-

1885 217 70 25 dence
1965 217 60 21 often
2033 216 25 21 of
2065 212 54 25 Such
2129 221 14 15 a
2150 211 59 29 kind,
2222 212 48 33 tha^t
2279 211 117 29 the'public
2401 211 62 23 mind

1885 251 74 15 comas
1968 240 24 24 at
1999 241 57 24 'onee
2051 238 3 11 1
2065 246 23 17 to
2098 248 12 15 a
2119 240 104 26 (decision,
2234 238 92 23 without
2335 237 128 29 waitingfpr

1885 270 38 22 the
1931 276 60 17 more
2007 264 267 26 formareoriclusibns'of
2289 264 35 23 We
2414 263 56 25 The.

1886 304 50 14 case
1945 293 76 25 before
2027 294 57 23 -usi's
2094 301 42 15 one
2147 293 24 22 of
2177 292 62 23 these
2247 300 6 19 ;
2269 292 45 21 arid
2324 290 64 23 while
2397 297 67 21 every

1886 329 43 15 one
1944 320 72 26 would
2031 320 59 23 moat
2102 320 94 26 heartily
2206 318 117 30 deprecate
2338 324 46 20 any
2392 317 73 22 active

1886 353 49 23 step
1951 348 66 22 taken
2032 354 59 23 upon
2105 346 56 22 such
2173 351 16 16 a'
2196 342 104 30 decision,
2316 344 45 22 and
2375 344 28 21 be
2413 351 53 14 con-

1887 374 141 23 tented'that
2042 374 42 22 law
2100 372 45 23 and
2156 372 81 27 justice
2253 370 78 23 should
2340 370 51 22 take
2408 370 58 22 their

1888 409 85 19 course,
1988 400 44 23 still
2039 401 35 20 'we
2084 398 80 23 should
2176 398 28 22 be
2213 397 139 28 imperfectly
2361 396 107 25 fdlfillipg

1887 428 38 22 the
1942 428 89 21 mission
2046 426 52 22 with
2107 424 71 24 which
2192 431 33 16 we
2241 431 38 15 are
2293 423 119 27 entrusted,
2429 422 38 25 did

1888 462 33 14 we
1999 453 63 22 make
2077 452 81 23 known
2173 454 23 19 to
2213 457 58 21 your
2286 450 134 27 Excellency
2429 449 38 22 the

1888 480 57 28 light
1953 481 25 21 in'
1987 479 71 22 which
2067 473 36 27 the
2113 476 96 23 conduct
2216 477 26 21 of
2248 476 38 22 the
2296 473 130 30 aborigines,
2437 478 30 19 on

1889 508 44 21 this
1934 509 3 8 1
1942 506 110 25 occasion,
2066 505 18 22 is
2096 504 84 21 viewed
2232 503 38 22 the
2281 503 85 22 settlers
2375 503 27 21 of
2412 502 56 22 Nel-

1889 541 47 19 son,
1946 533 51 24 who
2007 532 42 21 feel
2062 530 48 22 that
2118 530 38 22 the
2172 530 109 27 enormity
2290 530 26 21 of
2326 529 58 22 their
2390 529 3 6 '
2399 529 68 22 crime

1889 560 19 21 is
1925 567 24 15 so
1966 558 89 23 distinct
2073 557 48 22 that
2136 556 37 22 the
2189 563 129 19 vengeance
2332 556 26 21 of
2369 555 40 22 the
2425 555 43 22 law

1889 586 80 23 should
1978 584 104 27 certainly
2091 583 103 23 overtake
2204 583 68 26 them,
2283 582 44 21 and
2336 581 133 27 confidently

1891 616 80 24 expect
1985 611 48 22 that
2048 605 53 32 they
2110 609 45 22 will
2169 609 28 21 be
2211 608 97 27 brought
2319 608 75 22 before
2403 609 18 21 it
2429 610 40 20 tn-

1891 640 68 21 bunal
1969 646 25 14 as
2003 644 53 15 soon
2067 644 24 14 as
2102 635 130 22 asufficient
2242 636 59 21 force
2317 634 56 22 shall
2388 634 27 22 be
2425 634 45 22 col-

1891 665 73 22 lected
1974 668 22 19 to
2006 664 78 22 render
2095 663 28 21 its
2133 662 113 22 mandates
2255 661 114 23 irrestible.
2432 666 4 7 '
2440 657 4 13 !

1919 692 47 22 The
1985 691 84 22 settler
2088 690 26 21 of
2134 689 84 21 Nelson
2237 688 52 22 look
2307 687 93 23 forward
2418 685 53 24 with

1891 721 64 25 great
1975 718 94 26 anxiety'
2082 719 22 18 to
2123 715 38 22 the
2178 718 59 24 Steps
2256 714 71 22 which
2346 714 37 22 the
2402 713 70 23 Ldcal

1893 746 154 21 Government
2056 743 56 22 shall
2126 742 73 27 adopt.
2227 740 63 27 They
2299 741 56 21 have
2364 739 108 23 observed

1893 771 53 23 with
1955 770 139 27 indignation
2105 776 29 15 an
2152 771 92 23 attempt
2253 774 29 15 on
2292 767 36 22 the
2339 770 50 25 part
2397 767 26 22 of
2434 766 38 22 the

1895 798 154 23 Government
2060 794 174 29 xepresentative
2245 798 23 17 at
2283 794 52 22 Port
2350 793 122 22 Nichohdn

1894 829 22 18 to
1922 831 76 15 screen
2007 824 38 21 the
2056 821 133 27 aborigines?
2236 820 37 22 the
2283 828 60 14 same
2358 820 51 24 timfe
2423 819 51 23 that

1893 851 29 22 he
1934 851 67 22 threw
2008 851 36 20 the
2051 849 73 24 blame
2124 851 2 8 1
2133 853 58 22 upon
2202 847 37 21 tlie
2246 846 88 27 British,
2342 847 29 24 by
2379 854 13 14 a
2399 845 74 29 public

1893 879 119 20 statement
2022 877 21 20 at
2053 875 101 22 variance
2163 873 52 23 \tfth
2225 873 37 21 the
2271 873 55 21 facts
2335 873 26 22 of
2367 873 37 21 the
2413 880 59 17 case,

1895 904 45 21 arid
1949 903 92 27 directly
2051 901 96 28 opposed
2161 903 21 22 to
2199 899 37 22 the
2247 899 106 22 evidence
2363 899 26 21 of
2400 897 76 24 one"'df

1895 931 40 21 diir
1948 931 59 21 niost
2021 928 134 27 iespectiible
2171 922 85 26 settlers
2272 929 23 19 at
2310 926 91 26 Nelson,
2418 926 56 25 (Mr.

1894 955 113 27 Tuckett,)
2020 955 70 22 which
2105 952 44 24 had
2163 952 133 23 Beentaken
2307 951 29 28 by
2345 951 46 23 him
2400 952 74 22 before

1894 984 35 21 his
1936 983 75 28 public
2022 982 169 22 statemerit'was
2201 979 71 22 made.

1924 1012 40 19 We
1974 1010 63 28 hope,
2055 1008 107 25 however,
2178 1009 21 19 to
2209 1007 28 21 be
2247 1005 93 23 enab'ed
2356 1008 23 19 to
2389 1011 85 22 convey

1896 1040 23 19 to
1929 1037 60 22 them
2001 1043 27 15 on
2044 1035 37 21 the
2091 1036 49 25 part
2149 1034 24 22 of
2183 1040 56 19 your
2249 1030 141 29 Excellency,
2401 1039 29 15 an
2439 1039 36 17 as-

1895 1068 93 18 surance
2004 1063 47 22 that
2060 1061 37 22 the
2113 1068 50 15 ease
2177 1059 57 26 shall
2247 1063 39 17 not
2303 1059 28 21 be
2345 1058 129 29 prejudged,

1896 1091 49 21 that
1954 1089 109 28 impartial
2076 1087 82 28 justfce
2174 1086 55 22 shall
2244 1086 28 22 be
2287 1085 63 26 done,
2366 1085 45 22 and
2426 1086 50 21 that

1898 1117 36 22 the
1943 1116 106 28 penalties
2058 1115 24 21 of
2092 1114 36 22 the
2138 1114 41 22 law
2189 1112 55 22 shall
2256 1112 107 27 certainly
2372 1111 104 23 overtake

1897 1144 61 21 those
1969 1143 72 22 whom
2051 1142 28 21 its
2088 1140 95 23 verdicts
2200 1139 58 22 shall
2272 1145 129 21 pronounce
2410 1142 24 18 to
2448 1138 28 22 be

1896 1170 79 29 guilty.

1925 1196 102 25 Another
2035 1195 74 27 object
2117 1194 27 22 of
2150 1200 39 15 our
2199 1193 129 27 deputation
2338 1199 19 14 is
2370 1195 24 18 to
2403 1197 74 22 repre-

1898 1226 48 21 sent
1952 1226 23 19 to
1982 1228 57 23 yonr
2045 1221 135 26 Excellency
2187 1219 38 22 the
2236 1218 145 28 unprotected
2388 1219 56 21 state
2454 1218 27 22 of

1899 1257 41 15 our
1949 1250 125 22 settlement
2081 1256 6 19 ;
2095 1247 43 23 but
2148 1254 30 14 we
2189 1253 38 15 are
2237 1245 78 28 spared
2324 1245 37 21 the
2367 1245 110 27 necessity

1898 1277 26 21 of
1940 1277 113 26 enlarging
2070 1281 59 25 upon
2145 1273 42 22 this
2206 1272 64 27 point
2287 1272 30 26 by
2334 1272 37 21 the
2390 1278 88 21 promp-

1898 1303 70 26 titude
1985 1302 51 25 with
2052 1301 71 23 which
2147 1306 54 21 your
2220 1298 136 27 Excellency
2373 1298 41 22 has
2434 1298 43 22 dis-

1898 1329 96 28 patched
2002 1329 35 22 the
2049 1328 48 26 half
2105 1327 24 23 of
2136 1326 37 26 the
2183 1329 74 24 troops
2267 1329 24 17 at
2306 1332 56 20 your
2375 1324 102 28 disposal,

1898 1361 23 17 to
1931 1357 80 22 Cook's
2020 1349 82 31 Straps,
2131 1353 42 21 We
2180 1355 63 23 trust,
2251 1351 108 26 however,
2370 1351 48 23 that
2425 1358 54 16 con-

1899 1379 100 31 sidering
2011 1383 48 21 how
2073 1380 69 23 much
2156 1377 38 25 the
2208 1374 87 26 settlera
2305 1378 28 22 of
2342 1377 85 24 Nelson
2442 1385 37 15 are

1900 1409 118 28 dispersed,
2032 1416 64 17 ome
2112 1408 24 21 in
2153 1405 37 23 the
2202 1404 107 27 Waiihea,
2325 1402 74 27 others
2408 1408 24 18 at
2441 1405 37 21 the

1900 1436 115 27 Rlotuaka,
2034 1435 73 22 others
2124 1440 64 21 again
2202 1430 24 24 in
2243 1430 113 31 Massacre,
2375 1430 48 29 Bay
2439 1430 40 30 en-

1896 1463 75 28 gaged
1985 1463 24 21 in
2025 1460 141 29 agricultural
2180 1466 14 21 P
2196 1466 25 14 ur
2222 1462 55 28 ?P*?
2296 1457 44 22 and
2356 1458 122 27 Wer\yise,

1900 1491 75 26 Major
1990 1487 125 28 Richmond
2126 1486 42 23 will
2178 1484 102 25 consider
2293 1484 19 22 it
2326 1487 118 26 expedient
2457 1488 23 18 to

1900 1517 82 21 station
1989 1524 13 14 a
2013 1515 80 23 certain
2103 1517 86 25 portion
2199 1514 25 20 of
2236 1511 38 22 the
2283 1512 61 22 force
2354 1510 78 29 'und^r
2447 1511 34 29 pis

1901 1543 108 26 direction
2018 1545 22 22 at
2050 1542 92 22 Nelson.

1978 1569 57 26 ftaye
2044 1569 41 22 but
2093 1566 113 32 pne.Qjth.er
2215 1566 74 27 object
2298 1567 23 20 to
2328 1565 66 26 bring
2402 1564 79 25 before

1901 1600 37 23 tag
1947 1597 76 24 notice
2031 1596 25 21 of
2066 1593 59 29 jfbur
2134 1590 136 30 Excellency
2276 1600 35 19 ;
2312 1589 85 37 several
2406 1590 31 23 of.
2444 1590 37 23 the

1900 1623 125 24 constables
2033 1621 48 24 who
2095 1621 45 22 lost
2152 1619 57 23 their
2224 1618 56 23 lives
2293 1622 24 24 aj;
2331 1618 42 23 the-
2378 1618 103 29 lyairag,

1900 1646 57 29 liaye
1964 1649 45 24 ,left
2022 1646 83 28 behind
2114 1647 62 24 them
2184 1646 70 28 wiyea
2314 1645 101 22 children
2427 1649 54 24 jii&w

1900 1676 83 28 utterly
1990 1675 134 25 destitute
2125 1672 60 24 these
2194 1680 54 15 jpoen
2260 1679 56 15 were
2325 1671 76 28 acting
2409 1670 74 30 unjler

1899 1703 40 27 ,the
1957 1703 75 26 prdeyg
2046 1702 28 24 of
2091 1701 37 23 the
2241 1697 129 34 Mag%ase
2371 1712 10 13 r
2384 1697 59 23 .and
2460 1698 26 21 of

1901 1726 77 29 c'wrs
1995 1736 29 19 pp
2039 1729 49 26 wise,
2105 1725 143 29 resnoupible.
2276 1725 24 29 If
2316 1733 18 13 is
2348 1725 135 28 copfiaently

1902 1756 85 27 trusted
2002 1752 49 29 JJiat
2061 1755 40 27 4hg
2112 1755 154 26 Government
2279 1752 47 24 will
2338 1755 65 20 make
2417 1758 66 23 Jsoige

1901 1783 110 28 PEQvl&ipn
2020 1783 36 21 for
2062 1781 40 23 the
2112 1779 89 28 widows
2209 1778 46 24 and
2272 1778 97 30 children
2380 1785 22 22 pi
2416 1778 63 22 those

1901 1809 50 28 .who
1960 1806 47 31 loV
2013 1805 55 30 jheir
2075 1805 89 30 siye~iii
2173 1808 28 27 itq
2209 1806 94 29 eryicg
2397 1814 4 5 '

1957 1837 41 26 We.
2008 1836 55 26 hdY,e
2074 1836 36 25 the
2118 1834 71 27 ihonqr
2199 1836 23 25 \o
2232 1840 93 19 remain,
2352 1851 3 4 .

1903 1864 61 22 Your
1973 1862 154 27 Excellency's
2136 1858 105 30 .qbjjjliept
2247 1858 95 29 humbje
2350 1861 109 27 seryajtg,

2012 1894 101 28 (Signed)
2187 1891 6 3 '
2249 1891 34 26 >.
2410 1890 24 29 ?-
2439 1890 16 22 P

2253 1919 36 27 4?*
2291 1926 12 14 F
2305 1917 14 29 4
2321 1925 28 16 BD
2378 1919 106 20 JDOMETT.

1902 1949 33 22 To
1945 1948 35 22 his
1989 1947 135 27 Exce.Uenc,y
2136 1947 34 26 *he.
2181 1946 76 28 ojfi^er
2272 1944 165 26 adnainistering
2448 1942 36 22 the

2109 1974 170 28 rfiovernment*

2013 2016 97 23 Colonial
2121 2016 135 26 Secretary's
2271 2010 76 30 Of&ce,
2359 2011 124 28 Auckland,

2162 2039 213 29 9thA*gustnB43i
2381 2037 6 9 T

1934 2077 152 25 Gentlemen,
2116 2075 12 21 I
2139 2082 35 14 am
2181 2070 98 26 dwee't&d
2285 2072 30 28 by
2318 2073 39 21 'the
2364 2070 123 24 offifcer'-'ad-

1904 2103 179 28 n)ii}lgteringj;he
2090 2098 352 29 6o7ejjin>gut,tp.ackfyo,wjedg^
2448 2097 36 30 thp

1905 2131 83 27 receipt
1993 2130 31 22 -of
2028 2137 13 19 y
2044 2137 41 17 put
2226 2126 77 34 Ps&
2307 2131 8 16 l
2315 2126 32 33 \t
2351 2133 8 29 {
2363 2141 40 21 jTi
2403 2132 13 15 n
2416 2127 69 35 ?^t

1905 2166 22 13 or
1943 2155 134 24 the'reaSons
2093 2156 26 21 of
2129 2162 53 20 your
2196 2154 67 27 being
2263 2154 113 26 "'deputed
2392 2157 93 22 Dy-your

1905 2184 72 22 fellow
1990 2183 84 22 settlers
2090 2186 22 18 at
2122 2181 85 22 Nelson
2223 2185 23 17 to
2260 2178 94 29 proceed
2369 2181 22 19 to
2407 2177 77 22 Auck-

1905 2210 60 27 land,
1976 2210 26 22 of
2013 2209 56 22 their
2079 2209 101 27 opinions
2188 2214 59 20 upon
2255 2211 38 17 the
2303 2204 134 23 lamentable
2447 2211 36 14 oc-

1905 2243 106 16 currence
2027 2239 23 19 at
2064 2235 99 26 Wairau,
2178 2234 37 22 the
2236 2234 57 26 light
2308 2233 23 21 in
2347 2231 72 22 which
2433 2231 18 21 it
2465 2230 18 22 is

1905 2263 85 23 viewed
1999 2263 29 27 by
2037 2263 68 26 them,
2116 2262 45 21 and
2169 2261 25 21 of
2201 2261 37 21 the
2246 2260 95 27 subjects
2347 2265 58 21 upon
2412 2257 72 22 which

1905 2291 19 21 it
1934 2289 74 23 would
2018 2292 24 19 be
2058 2289 136 26 satisfactory
2209 2291 23 17 to
2248 2286 61 22 them
2324 2289 21 18 to
2360 2284 87 23 receive
2457 2291 28 14 an

1907 2324 116 15 assurance
2030 2317 25 21 of
2061 2316 37 21 the
2106 2315 65 22 views
2177 2314 44 22 and
2227 2312 120 23 intentions
2353 2312 24 21 of
2385 2311 99 22 Govern-

1908 2348 62 18 ment
1979 2343 90 22 relative
2080 2347 22 17 to
2113 2343 37 21 the
2161 2340 125 28 deplorable
2300 2338 103 27 calamity
2411 2336 73 23 which

1908 2371 39 21 has
1956 2370 97 22 befallen
2063 2369 47 21 that
2120 2368 131 22 settlement.

1936 2397 42 21 His
1988 2396 133 25 Excellency
2138 2394 101 22 received
2256 2392 53 23 with
2324 2392 55 27 deep
2390 2397 96 16 concern

1908 2423 37 23 the
1955 2423 139 26 intelligence
2105 2421 24 22 of
2136 2429 28 14 an
2173 2424 90 22 outrage
2271 2423 40 18 not
2321 2419 51 32 only
2381 2417 106 23 attended

1908 2451 30 27 by
1948 2458 13 14 a
1971 2449 78 23 fearful
2058 2450 44 20 loss
2110 2449 26 21 of
2142 2448 81 21 human
2231 2447 46 25 life,
2286 2446 39 22 but
2333 2444 122 23 calculated
2463 2449 23 16 to
2497 2461 4 4 .

1909 2477 79 27 impair
1999 2477 35 21 the
2045 2475 128 23 confidence
2187 2474 73 22 which
2274 2473 41 22 has
2324 2472 95 21 hitherto
2434 2470 53 23 sub-

1909 2503 67 23 sisted
1986 2503 98 21 between
2095 2502 37 21 the
2143 2505 41 17 two
2199 2507 68 19 races,
2279 2499 44 22 and
2338 2497 117 27 indirectly
2464 2500 23 19 to

1909 2529 75 23 retard
1993 2530 36 21 the
2044 2528 121 29 prosperity
2182 2528 24 20 of
2218 2526 37 22 the
2272 2526 91 26 Colony.
2392 2524 43 22 For
2451 2523 37 22 the

1910 2556 132 28 irreparable
2052 2556 43 21 loss
2104 2555 38 21 the
2152 2554 85 22 settlers
2247 2553 26 21 of
2284 2552 81 22 Nelson
2374 2551 58 22 have
2441 2557 47 15 sus-

1911 2583 81 26 tained,
2012 2583 23 21 in
2054 2590 23 14 so
2096 2589 73 19 many,
2185 2588 23 14 so
2228 2579 78 27 highly
2322 2578 42 22 and
2378 2585 25 14 so
2419 2576 71 29 justly

1912 2610 80 22 valued
2001 2609 61 26 lives,
2072 2608 35 22 his
2124 2607 133 27 Excellency
2269 2605 81 22 desires
2359 2611 35 15 me
2404 2608 23 17 to
2437 2611 52 15 con-

1912 2644 41 19 vey
1964 2641 22 17 to
1997 2636 59 21 them
2066 2635 34 22 his
2110 2635 55 27 deep
2175 2633 44 22 and
2227 2631 104 24 heartfelt
2342 2630 123 28 sympathy.

1940 2663 43 22 For
1992 2663 36 21 the
2037 2665 75 19 recent
2122 2660 127 26 bloodshed,
2258 2660 11 21 I
2276 2663 36 18 am
2321 2662 22 18 to
2352 2658 99 26 observe,
2459 2663 29 15 an

1913 2690 67 22 awful
1989 2688 161 29 responsibility
2161 2687 38 22 has
2209 2687 57 21 been
2276 2684 115 27 incurred;
2403 2683 59 23 what
2470 2684 19 21 is

1914 2717 36 21 the
1961 2717 77 26 degree
2049 2716 25 20 of
2081 2714 131 26 criminality
2223 2713 25 21 of
2260 2712 62 21 those
2331 2710 125 23 concerned
2464 2710 24 22 in

1914 2743 37 22 the
1961 2743 54 21 fatal
2025 2742 91 25 conflict,
2129 2740 44 22 and
2182 2747 27 15 on
2220 2739 73 22 whom
2300 2738 48 22 that
2357 2736 133 28 criminality

1915 2769 79 28 chiefly
2004 2772 59 23 rests,
2075 2775 37 15 are
2122 2767 112 28 questions
2244 2773 29 15 on
2284 2764 70 23 which
2363 2771 28 14 no
2400 2763 89 28 opinion

1914 2804 41 14 can
1965 2797 28 21 be
2004 2794 122 29 expressed,
2132 2801 23 14 as
2161 2794 35 21 the
2201 2792 135 23 transaction
2342 2798 51 20 may
2397 2790 93 22 become

1914 2823 38 21 the
1962 2823 86 26 subject
2063 2822 26 21 of
2097 2819 91 29 judicial
2202 2819 94 28 enquiry
2324 2818 40 21 but
2380 2817 110 22 whatever

1915 2857 49 20 may
1975 2849 27 22 be
2013 2849 36 21 the
2060 2849 73 25 crime,
2145 2846 44 23 and
2198 2846 48 22 who
2264 2853 50 19 may
2325 2845 27 21 be
2367 2844 37 21 the
2419 2843 72 22 crimi-

1915 2876 55 26 nals,
1981 2877 18 21 it
2008 2876 18 21 is
2033 2876 40 21 but
2083 2879 34 17 too
2128 2874 57 22 clear
2193 2873 48 22 that
2255 2872 37 22 the
2303 2874 72 24 event,
2387 2877 31 15 we
2428 2872 60 19 must
2493 2892 4 3 .

1915 2903 30 21 all
1954 2903 95 27 deplore,
2060 2902 40 21 has
2115 2901 70 21 arisen
2203 2900 57 21 from
2277 2897 85 23 several
2376 2896 81 29 parties
2467 2896 25 22 of

1916 2936 121 21 surveyors,
2044 2928 92 22 without
2141 2927 35 22 the
2181 2925 129 27 knowledge
2317 2932 23 14 or
2346 2930 146 16 concurrence

1917 2957 26 21 of
1954 2956 38 22 the
2002 2956 66 21 Local
2084 2955 160 23 Government,
2254 2951 134 28 proceeding
2403 2953 22 18 to
2441 2949 50 22 take

1916 2983 121 28 possession
2048 2982 25 21 of
2088 2980 43 22 and
2146 2985 22 16 to
2181 2986 79 20 survey
2270 2986 13 14 a
2293 2981 56 19 tract
2359 2978 26 21 of
2397 2976 61 27 land,
2469 2976 23 21 in

1917 3010 122 27 opposition
2055 3012 20 18 to
2092 3008 36 21 the
2146 3006 93 26 original
2254 3005 73 22 native
2343 3010 91 19 owners,
2444 3003 49 22 who

1917 3036 58 22 have
1983 3034 119 28 uniformly
2111 3033 79 22 denied
2201 3032 37 22 the
2248 3031 45 23 sale
2304 3031 25 22 of
2339 3031 24 22 it.

1946 3063 59 21 With
2015 3070 13 14 a
2037 3062 55 21 view
2102 3064 22 18 to
2130 3063 90 24 prevent
2226 3059 37 22 the
2272 3064 127 16 recurrence
2408 3056 26 22 of
2441 3056 54 21 such

1918 3097 29 14 an
1956 3090 51 26 evil,
2018 3088 44 22 and
2071 3088 48 21 that
2129 3094 27 14 no
2166 3093 75 14 reason
2251 3092 50 20 may
2312 3084 26 21 be
2348 3084 67 26 given
2425 3086 23 19 to
2457 3082 38 22 the

1919 3116 54 22 New
1984 3114 131 23 Zealanders
2126 3117 23 18 to
2159 3112 68 23 doubt
2237 3112 37 21 the
2284 3111 57 27 good
2349 3110 56 23 faith
2415 3110 26 21 of
2451 3109 40 22 her

1920 3142 115 28 Majesty's
2045 3141 84 22 solemn
2140 3144 115 17 assurance
2263 3138 48 21 that
2317 3137 56 22 their
2380 3135 118 23 territorial

1919 3170 69 26 rights
1995 3177 23 13 as
2027 3175 83 14 owners
2121 3166 25 22 of
2154 3166 35 21 the
2196 3165 40 22 soil
2244 3164 79 22 should
2329 3164 29 21 be
2364 3161 134 29 recognized

1920 3196 42 22 and
1981 3194 119 28 respected,
2119 3193 35 22 his
2173 3192 134 26 Excellency
2324 3190 40 21 has
2383 3188 81 23 caused
2481 3196 15 14 a

1920 3222 157 26 proclamation
2090 3224 20 17 to
2119 3220 29 21 be
2164 3218 73 23 issued
2251 3217 100 26 warning
2367 3216 30 21 all
2406 3222 91 21 persons

1919 3246 197 29 elai&SiirKlCi
2124 3246 44 21 this
2176 3245 90 26 colony/
2274 3244 22 21 in
2307 3251 59 14 cases
2376 3243 73 22 where
2458 3241 38 22 the

1921 3276 66 21 claim
1996 3276 19 21 is
2025 3273 80 23 denied
2112 3280 25 14 or
2143 3271 100 28 disputed
2248 3271 30 27 by
2285 3270 37 21 the
2327 3269 92 27 original
2422 3268 76 22 native

1922 3309 92 19 owners,
2025 3301 55 21 from
2091 3299 120 26 exercising
2227 3302 47 17 acts
2291 3296 26 22 of
2328 3295 123 24 ownership
2461 3301 37 20 on,

1922 3336 24 14 or
1955 3328 114 21 otherwise
2078 3325 138 29 prejudicing
2227 3323 37 22 the
2274 3323 101 28 question
2385 3322 24 21 of
2415 3320 48 23 title
2474 3323 23 19 to

1922 3355 36 22 the
1968 3362 66 18 same,
2045 3353 57 22 until
2112 3352 37 21 the
2165 3351 101 24 question
2276 3349 26 22 of
2313 3349 121 26 ownership
2444 3348 56 22 shall

1921 3382 57 21 have
1988 3382 55 21 been
2053 3378 69 24 heard
2133 3380 42 20 and
2185 3376 139 23 determined
2333 3376 29 27 by
2372 3382 42 14 one
2425 3374 26 22 of
2460 3373 40 22 her

1923 3408 114 27 Majesty's
2054 3404 180 25 Commissioners
2242 3401 121 29 appointed
2378 3406 23 17 to
2411 3401 91 22 investi-

1922 3438 51 24 gate
1983 3434 76 23 claims
2070 3438 23 16 to
2102 3431 52 22 land
2163 3431 22 21 in
2195 3430 44 21 this
2248 3428 91 29 Colony.

1950 3461 43 22 For
2003 3460 36 22 the
2049 3458 141 23 information
2200 3457 26 21 of
2236 3457 38 21 the
2282 3455 84 23 settlers
2376 3458 23 18 at
2406 3453 91 26 Nelson,

1924 3488 11 22 I
1946 3495 37 14 am
1993 3486 86 23 desired
2089 3490 21 17 to
2121 3487 62 23 state,
2194 3483 49 22 that
2252 3490 43 14 one
2305 3482 25 22 of
2337 3482 39 22 her
2386 3480 116 33 Majesty's

1926 3511 239 25 Commissioners-had
2172 3509 119 29 appointed
2302 3509 36 22 the
2349 3507 45 24 end
2406 3509 23 20 ot
2444 3507 59 21 Juna

1924 3541 50 25 last,
1985 3543 23 18 to
2015 3538 133 28 investigate
2159 3537 76 22 claims
2244 3540 23 18 to
2277 3535 54 23 land
2340 3535 23 21 in
2378 3534 37 22 the
2430 3533 73 26 valley

1923 3568 25 21 of
1961 3567 37 21 the
2015 3566 96 25 Wairau,
2131 3563 51 27 and,
2199 3563 42 22 but
2255 3562 35 22 for
2305 3561 37 22 the
2356 3564 78 18 recent
2449 3559 54 22 fatal

1924 3593 100 23 collision
2034 3592 29 22 all
2072 3592 78 21 claims
2159 3590 23 21 in
2192 3590 49 21 that
2250 3589 85 22 district
2344 3587 72 23 would
2432 3586 24 22 in
2473 3585 30 23 all

1922 3619 134 29 probability
2067 3622 22 18 at
2098 3617 44 22 this
2151 3619 98 20 moment
2260 3617 56 21 have
2330 3615 57 22 been
2402 3612 101 28 disposed

1952 3673 43 22 His
2006 3671 135 26 Excellency
2157 3669 82 23 would'
2249 3666 59 24 avail
2323 3666 90 24 himself
2427 3666 25 21 of
2467 3664 37 22 the

1924 3703 89 26 present
2034 3698 103 22 occasion
2161 3699 22 19 to
2206 3695 89 23 remind
2319 3695 36 21 the
2378 3692 89 24 settler*
2483 3691 26 21 of

1925 3726 92 24 Nelson,
2037 3724 45 23 and
2101 3724 37 21 the
2157 3723 105 22 colonists
2279 3720 121 29 generally,
2420 3719 26 21 of
2466 3719 37 21 the

1924 3752 120 28 principles
2053 3758 59 17 upon
2123 3748 72 25 which
2204 3749 38 22 the
2251 3747 84 23 British
2352 3747 153 22 Government

1925 3778 124 23 undertook
2058 3777 38 22 the
2111 3775 188 24 colonisation-of
2304 3774 53 22 'this
2376 3775 93 23 country
2470 3781 36 11 .~

1925 3806 58 23 That
1993 3805 37 22 the
2040 3805 87 25 Queen,
2138 3804 24 21 in
2172 3809 102 16 common
2280 3801 51 23 with
2338 3800 42 22 her
2389 3799 96 26 Majesty
2495 3804 11 15 g

1926 3832 146 28 predecessor,
2094 3829 128 23 disclaimed
2241 3829 35 21 for
2294 3826 86 27 herself,
2400 3825 45 22 and
2465 3825 42 23 her

1926 3860 104 24 subjects,
2049 3864 66 20 every
2135 3855 126 28 pretension
2279 3857 24 19 to
2320 3853 56 22 seize
2393 3853 61 26 upoh
2469 3852 38 21 the

1926 3885 83 23 islands
2020 3885 24 21 of
2056 3884 54 22 New
2122 3882 105 23 Zealand.
2260 3881 59 23 That
2333 3880 30 27 by
2379 3878 36 22 the
2426 3878 81 26 Treaty

1928 3913 25 22 of
1964 3911 111 27 Waitangi
2086 3911 39 22 her
2136 3909 95 27 Majesty
2241 3908 40 22 has
2291 3905 137 29 guarapteed
2438 3908 22 18 to
2470 3905 39 21 the

1928 3939 71 22 chiefs
2009 3937 44 22 and
2063 3937 66 22 tribes
2136 3936 26 22 of
2173 3935 54 23 New
2239 3933 98 23 Zealand
2350 3932 37 22 the
2403 3932 47 26 full,
2469 3934 41 18 ex-

1273 143 116 31 following
1411 143 189 31 correspondence
1623 141 130 32 published'
1770 141 25 23 in
1818 140 38 23 the

1277 173 148 28 Government
1438 175 94 25 Gazette
1544 175 45 23 will
1600 173 61 25 shew
1675 174 38 23 the
1724 173 73 24 result
1807 182 6 15 :

1383 213 99 22 Colonial
1492 212 132 26 Secretary's
1640 212 77 26 Office,
1729 211 127 27 Auckland,

1517 239 50 22 14th
1581 238 96 28 August,
1689 239 61 21 1843.

1303 271 42 22 His
1355 271 137 26 Excellency
1501 271 36 21 the
1548 270 82 22 Officer
1640 269 169 27 administering
1818 268 38 22 the

1276 299 154 21 Government
1438 297 42 21 has
1486 297 57 21 tbeen
1553 296 122 28 pleasedto
1685 296 70 21 direct
1763 296 49 21 that
1820 296 38 21 the

1276 324 115 27 subjoined
1402 323 187 27 correspondence
1605 323 103 25 between
1722 322 37 22 the
1774 322 85 26 gentle-

1277 358 52 14 men
1339 351 96 25 forming
1445 358 13 14 a
1468 350 125 27 deputation
1607 350 59 21 from
1681 348 39 22 the
1734 349 86 21 settlers
1837 351 22 19 at

1277 377 91 26 Nelson,
1379 383 45 15 ana
1439 376 44 22 this
1499 376 159 26 Government,
1674 374 92 23 relative
1784 379 20 17 to
1821 374 37 22 the

1277 403 44 22 late
1335 402 141 28 melancholy
1485 403 68 27 affray
1562 405 22 18 at
1600 401 99 27 Wairau,
1710 401 84 27 Cloudy
1803 401 55 27 Bay,

1285 437 19 14 >c
1315 429 116 28 published
1440 430 35 20 for
1484 428 87 28 general
1580 428 154 21 information.

1384 454 37 29 By
1430 456 35 22 his
1476 454 153 27 Excellency's
1639 454 125 26 command,

1471 482 51 26 (for
1533 482 36 21 the
1579 480 100 22 Colonial
1689 481 133 26 Secretary,)

1618 510 111 34 William
1744 511 47 21 Con
1795 518 57 18 nell

1508 565 125 28 Auckland,
1644 565 39 23 7th
1694 565 94 26 August,
1800 565 59 21 1843.

1307 598 48 27 Sir,
1386 598 28 22 In
1428 597 136 23 accordance
1580 597 53 22 with
1642 602 57 21 your
1708 596 153 26 Excellency's

1280 625 129 27 permission
1419 631 25 15 as
1452 623 116 23 intimated
1578 623 23 22 in
1611 623 38 22 the
1664 623 118 21 interview
1792 622 71 22 which

1281 659 32 14 we
1323 651 44 22 had
1377 651 52 22 with
1437 658 47 20 you
1493 657 26 16 on
1529 650 111 27 Saturday
1647 650 50 26 last,
1709 656 32 15 we
1752 655 50 16 now
1811 649 52 21 sub-

1282 678 41 21 mit
1332 681 21 18 to
1362 685 45 20 you
1416 678 22 23 in
1449 677 86 27 writing
1544 684 14 15 a
1564 680 121 18 statement
1694 675 25 23 of
1726 675 38 22 the
1773 682 90 15 reasons

1282 704 25 22 of
1320 711 39 16 our
1369 704 66 27 being
1445 703 96 28 deputed
1558 703 30 27 by
1598 710 41 14 our
1655 702 74 22 fellow
1745 701 85 23 settlers
1840 705 24 18 at

1282 731 84 21 Nelson
1386 734 22 18 to
1423 730 94 28 proceed
1532 733 23 18 to
1571 729 128 26 Auckland,
1719 728 43 22 and
1781 727 26 23 of
1827 728 37 22 the

1282 757 95 27 subjects
1387 764 60 20 upon
1463 756 71 22 which
1548 757 18 21 it
1583 756 72 22 would
1670 756 29 21 be
1715 754 77 28 highly
1801 755 64 21 satis-

1282 784 85 27 factory
1378 787 22 18 to
1410 783 62 22 them
1483 787 20 17 to
1513 783 86 22 receive
1616 790 29 14 an
1661 788 119 16 assurance
1790 782 24 24 of
1825 781 38 22 the

1282 810 66 22 views
1358 810 45 22 and
1412 809 119 22 intentions
1541 809 26 21 of
1579 809 163 22 Government.

1310 841 47 22 The
1367 841 47 25 first
1423 840 74 28 object
1506 839 25 23 of
1543 847 40 21 pur
1599 840 92 21 mission
1707 846 50 20 was,
1769 842 23 18 to
1801 845 64 20 carry

1283 870 22 19 to
1316 867 37 22 the
1364 867 87 28 Capital,
1463 867 89 22 without
1562 866 43 21 loss
1623 863 25 24 of
1659 866 60 26 time,
1731 866 38 21 the
1781 865 84 28 deposi-

1283 894 59 22 tions
1353 894 66 21 taken
1433 894 29 26 by
1469 892 40 23 the
1524 892 137 27 magistrates
1679 896 23 17 at
1719 891 92 27 Nelson,
1821 891 45 22 and

1283 921 63 21 other
1357 921 132 21 documents
1497 919 120 22 connected
1628 918 52 22 with
1692 918 37 22 the
1740 918 126 27 deplorable

1283 948 106 26 calamity
1405 946 73 22 which
1492 946 42 21 had
1550 945 96 23 befallen
1664 945 49 21 that
1729 945 136 26 settlement;

1284 973 45 22 and
1339 971 83 29 though
1432 974 18 21 it
1458 980 50 20 may
1519 980 81 20 appear
1615 971 49 22 that
1673 979 14 14 a
1697 972 52 26 lorig
1757 971 76 27 period
1845 968 25 25 of

1283 1001 56 22 time
1346 999 142 28 haselapsed
1498 1001 95 20 between
1604 998 38 23 the
1652 1005 134 15 occurrence
1796 998 26 21 of
1829 997 37 22 the

1285 1027 100 27 disaster,
1397 1032 44 16 and
1451 1026 38 21 the
1499 1025 147 22 transmission
1658 1025 27 21 of
1690 1025 38 21 the
1738 1025 129 22 documents

1282 1053 125 24 .connected
1419 1053 52 22 with
1477 1052 20 23 it
1506 1057 21 17 to
1542 1052 126 25 Auckland,
1680 1051 44 22 still
1741 1051 66 22 when
1821 1051 19 21 it
1849 1051 19 21 is

1285 1080 131 22 considered
1425 1080 48 21 that
1484 1084 34 17 ten
1530 1079 53 27 days
1593 1079 88 24 elapsed
1694 1078 75 25 before
1780 1085 41 20 any
1831 1085 36 14 ac-

1286 1110 68 22 count
1363 1107 25 22 of
1398 1107 18 22 it
1425 1111 24 17 at
1464 1106 29 23 all
1507 1105 94 23 reached
1616 1103 92 28 Nelson,
1726 1101 48 28 that
1789 1105 18 24 it
1824 1112 44 15 was

1285 1134 54 21 then
1349 1136 23 19 at
1381 1133 56 22 least
1453 1140 13 14 a
1480 1132 105 28 fortnight
1601 1132 76 21 before
1692 1131 85 22 several
1795 1131 25 22 of
1830 1129 38 24 tfte

1286 1164 114 18 witnesses
1414 1160 50 21 who
1480 1159 43 22 had
1536 1160 57 21 been
1609 1161 89 25 present
1713 1158 23 21 in
1750 1157 39 22 the
1798 1158 70 27 affray

1287 1186 94 27 arrived,
1392 1194 61 14 some
1464 1186 28 27 by
1501 1193 43 19 sea,
1552 1185 45 22 and
1607 1185 75 21 others
1691 1192 52 15 over
1751 1184 61 27 land,
1819 1184 49 22 that

1286 1211 61 25 there
1358 1214 40 25 has
1404 1214 56 24 been
1469 1220 29 14 no
1504 1212 140 28 opportunity
1651 1212 26 23 of
1683 1211 185 24 communication

1289 1240 52 25 with
1351 1240 37 22 the
1404 1240 82 26 capital
1501 1239 79 27 during
1595 1239 49 21 that
1660 1239 61 26 time,
1732 1237 46 22 and
1795 1237 49 22 that
1852 1238 18 21 it

1287 1266 125 28 ultimately
1422 1273 44 15 was
1476 1273 113 19 necessary
1599 1269 23 18 to
1638 1265 87 21 charter
1741 1272 14 14 a
1765 1263 71 23 vessel
1847 1267 21 19 to

1287 1301 85 20 convey
1377 1301 27 14 us
1410 1296 21 19 to
1442 1292 122 28 Manukau,
1571 1299 33 15 we
1609 1291 58 22 trust
1673 1298 56 20 your
1736 1290 134 28 Excellency

1286 1320 46 22 will
1341 1320 75 28 acquit
1424 1320 39 21 the
1480 1318 122 23 settlement
1619 1319 26 20 of
1655 1319 138 26 negligence,
1805 1324 25 15 or
1847 1317 25 22 of

1286 1346 74 28 losing
1370 1347 53 22 time
1431 1346 25 22 in
1464 1345 134 28 forwarding
1607 1348 22 18 to
1638 1345 37 21 the
1683 1348 46 18 seat
1737 1345 25 21 of
1771 1345 99 22 Govern-

1286 1378 62 19 ment
1359 1373 58 22 what
1426 1373 113 26 authentic
1549 1373 130 21 documents
1690 1372 53 26 they
1753 1378 57 15 were
1821 1371 48 22 able

1287 1400 24 21 to
1322 1398 147 28 collect'upbn
1482 1407 12 14 a
1504 1399 85 27 subject
1604 1399 26 21 of
1640 1399 56 21 su6h
1710 1398 55 22 vital
1775 1397 96 22 Interest

1287 1426 45 23 and
1341 1427 137 27 importance
1485 1425 3 10 !
1489 1430 21 17 to
1520 1425 36 22 the
1566 1425 94 27 Colony.
1819 1425 3 3 '

1316 1459 31 21 At
1364 1458 37 22 the
1416 1466 62 14 same
1494 1458 51 21 time
1562 1457 49 22 that
1623 1464 34 15 we
1673 1456 120 28 presented
1808 1456 63 21 these

1289 1485 130 23 documents
1428 1489 24 17 to
1461 1491 55 21 your
1525 1484 143 27 Excellency,
1679 1484 18 21 it
1712 1490 44 15 was
1769 1483 37 22 the
1816 1482 64 23 wish,

1289 1512 24 22 of
1325 1512 63 22 those
1398 1512 49 22 who
1458 1511 95 28 deputed
1563 1518 25 17 us
1596 1511 50 24 thai;
1663 1517 33 15 we
1708 1510 80 22 should
1797 1516 75 20 repre-

1288 1542 51 20 sent
1347 1538 37 24 the
1393 1538 92 28 general
1494 1538 86 27 opinion
1591 1537 25 22 of
1628 1538 37 21 the
1675 1536 126 25 settlement
1811 1543 60 19 upon
1878 1540 2 12 '

1289 1571 37 17 Hie
1343 1573 140 19 occurrence,
1499 1564 42 23 arid
1562 1564 36 23 the
1615 1563 68 28 light'
1689 1564 24 21 in
1733 1560 71 25 which
1819 1563 19 21 it

1290 1592 62 22 there
1362 1592 92 22 viewed.
1565 1592 2 5 '
1761 1596 3 4 '
1878 1590 3 23 !

1317 1623 47 23 The
1379 1623 135 28 depositions
1529 1621 71 23 which
1615 1629 58 21 your
1689 1621 134 28 Excellency
1832 1621 40 21 has
1879 1624 3 18 I

1289 1650 108 27 received,
1409 1650 106 27 certainly
1529 1649 36 27 lay
1577 1649 77 21 before
1677 1654 46 22 you
1738 1648 37 22 the
1797 1647 75 22 naked

1290 1677 55 23 facts
1356 1677 25 22 of
1391 1677 37 25 the
1439 1684 58 19 case,
1505 1677 43 22 and
1558 1675 120 25 constitute
1685 1675 37 24 the
1732 1675 60 25 basis
1801 1675 26 23 of
1834 1674 37 22 the

1290 1704 90 28 opinion
1391 1700 73 26 wiiich
1473 1711 44 20 you
1527 1703 43 21 will
1579 1703 58 21 form
1653 1709 25 15 as
1732 1701 39 22 the
1781 1701 59 27 right
1849 1708 24 15 or
1880 1713 3 9 i

1290 1731 38 22 th
1330 1731 17 22 6
1434 1731 27 21 (Sf
1477 1730 58 22 what
1550 1729 40 22 has
1605 1729 57 21 been
1680 1729 65 25 done,
1762 1728 43 22 but
1816 1731 57 24 y&uir
1881 1732 2 17 !

1290 1757 136 27 Excellency
1433 1760 60 21 must
1497 1757 28 26 be
1534 1760 24 21 QX
1568 1756 37 25 the
1614 1762 61 24 sam?
1684 1755 52 22 time
1744 1762 71 17 aware
1823 1754 50 31 .thaf

1290 1785 38 21 the
1344 1788 58 18 most
1417 1784 79 27 simple
1579 1782 61 22 often
1656 1781 71 23 admit
1744 1781 27 22 of
1779 1781 94 28 varying
1882 1790 2 10 i

1291 1811 79 23 shades
1379 1811 26 23 of
1412 1807 172 31 interpretation,
1592 1809 43 22 and
1646 1809 49 21 that
1703 1809 22 23 iji
1735 1815 30 15 no
1774 1814 50 16 case
1831 1814 44 19 can,

1292 1846 12 14 a
1310 1839 49 27 just
1367 1837 130 26 conclusion
1511 1837 26 21 be
1549 1836 87 22 arrived
1644 1839 25 19 at
1678 1835 57 23 until
1743 1835 95 30 .mpjiyes
1849 1842 23 23 a?

1292 1865 49 22 well
1350 1872 24 14 as
1384 1861 85 26 action's
1479 1870 36 15 are
1525 1862 133 27 thoroughly

1320 1891 40 23 We
1369 1891 59 22 have
1438 1890 30 22 rid
1485 1890 114 22 hesitation
1604 1886 59 25 %n
1673 1889 21 21 hi
1707 1889 82 26 stating
1794 1889 53 21 'that
1854 1888 19 22 it

1292 1919 18 21 is
1319 1919 38 23 the
1366 1918 91 27 general
1467 1917 88 27 opinion
1567 1917 28 24 of.
1601 1916 40 22 .the
1648 1916 90 25 settlers
1748 1919 23 26 &p
1774 1912 98 30 l&elson,

1292 1945 50 22 that
1356 1952 39 14 our
1410 1948 145 23 countrymen
1570 1940 49 24 who
1642 1950 56 14 were
1715 1942 70 24 killed
1799 1946 23 17 at
1837 1942 36 22 the

1294 1972 90 22 Wairau
1392 1971 68 27 plain,
1473 1971 42 21 lost
1529 1970 56 22 their
1600 1970 56 21 lives
1670 1970 23 20 in
1709 1967 166 28 endeaWnring

1291 1999 151 25 je^dischtnrge.
1455 1997 64 21 their.
1522 1995 58 28 duty'
1584 2002 25 16 as
1615 1996 144 28 magistrates
1767 1994 108 23 -and'Bri-

1294 2025 42 29 tisjj
1345 2025 104 28 subjects,
1464 2023 101 25 obediept
1575 2022 25 22 of
1615 2021 83 25 British
1708 2021 47 28 law,
1771 2021 48 25 and
1826 2021 49 33 fhat

1292 2047 42 26 ftifc
1338 2055 93 24 persons
1438 2053 33 24 *y
1482 2047 70 25 wh'oin
1562 2049 52 28 they
1624 2051 62 19 were'
1691 2047 68 23 killed
1769 2048 107 22 a're'mu'r-
1884 2058 1 17 \

1294 2073 247 30 derertan'the'eyies'-of
1548 2083 103 15 common
1661 2074 119 23 serieettrtd
1786 2075 89 26 justice.

1322 2105 21 24 It
1359 2105 24 27 i?'
1394 2108 39 18 not
1452 2111 41 14 our
1505 2102 191 31 injtefl:tipn,;afiev
1710 2101 38 31 $#
1764 2102 121 23 interview!

1294 2126 52 28 with
1367 2130 71 27 which
1457 2136 60 21 your
1530 2129 147 27 Excellency'
1684 2128 111 22 honored'
1801 2128 31 21 us*
1846 2136 28 14 on
1884 2133 2 22 |

1296 2157 114 28 Saturday,
1422 2155 65 29 i^gairi
1498 2161 20 17 to
1535 2163 67 20 argue
1612 2156 37 21 flic
1660 2157 57 24 cafee,
1732 2155 40 21 bWt
1783 2162 31 14 we
1823 2157 51 24 miey
1884 2162 2 20 |

1295 2186 27 21 Tie
1339 2184 92 22 allowed
1444 2185 23 20 in
1478 2190 14 15 a
1499 2184 41 21 few
1557 2183 71 22 words
1644 2186 22 18 to
1681 2181 144 28 recapitulate
1839 2181 37 22 the

1296 2212 59 22 main
1364 2211 73 28 points
1448 2218 58 20 upon
1517 2209 69 23 which
1593 2209 49 21 that
1651 2209 90 26 opinion
1752 2208 19 22 is
1778 2208 98 22 founded

1297 2243 22 17 at
1329 2239 81 21 Nelson
1420 2245 4 19 ;
1438 2237 53 27 they
1501 2244 35 14 are
1546 2236 78 27 briefly
1634 2243 24 15 as
1668 2235 71 21 follow
1749 2242 5 14 :

1324 2265 27 21 In
1363 2265 37 21 the
1409 2264 48 22 first
1466 2264 68 27 place,
1547 2263 46 21 that
1604 2263 38 21 the
1649 2262 133 26 Aborigines
1791 2262 23 20 of
1821 2261 55 22 New

1299 2291 96 22 Zealand
1404 2298 38 14 are
1452 2290 81 22 British
1549 2289 96 28 subjects
1655 2289 44 21 and
1709 2288 69 22 under
1794 2288 83 22 British

1298 2318 46 23 law.

1326 2345 25 21 In
1371 2344 37 22 the
1427 2343 80 23 second
1527 2343 68 27 place,
1613 2342 48 22 that
1680 2342 53 28 they
1750 2341 45 23 had
1812 2342 66 22 burnt

1300 2371 61 23 down
1379 2379 13 14 a
1407 2371 76 26 house,
1499 2370 56 22 built
1569 2371 28 26 by
1608 2378 14 13 a
1637 2373 87 19 servant
1734 2369 23 21 of
1771 2368 38 22 the
1823 2369 55 21 New

1300 2398 97 22 Zealand
1409 2399 120 26 Company,
1536 2404 58 21 upon
1605 2397 52 21 land
1666 2395 71 23 which
1746 2396 18 21 it
1770 2395 77 21 claims
1858 2399 20 17 to

1299 2425 54 22 have
1363 2424 130 29 purchased,
1510 2423 45 23 and
1565 2423 73 22 which
1652 2422 66 22 claim
1735 2423 39 21 has
1790 2425 37 19 not
1842 2425 38 23 yet

1300 2453 54 21 been
1364 2451 84 26 proved
1459 2456 22 16 to
1492 2451 25 21 be
1527 2450 91 22 invalid.

1308 2482 3 4 '
1329 2479 24 21 In
1364 2478 38 22 the
1412 2477 59 23 third
1482 2477 66 27 place,
1556 2477 48 21 that
1613 2484 13 14 a
1635 2479 93 19 warrant
1734 2476 84 26 having
1823 2475 57 21 been

1301 2505 70 22 issued
1382 2505 33 21 for
1428 2504 39 22 the
1478 2503 159 29 apprehension
1647 2503 24 21 of
1685 2502 37 22 the
1737 2505 144 24 perpstrators

1301 2533 27 21 of
1340 2532 41 22 this
1391 2535 98 22 outrage,
1504 2531 29 21 its
1543 2530 115 22 execution
1669 2536 44 14 was
1727 2528 92 22 resisted
1830 2529 29 27 by
1869 2536 12 14 a

1300 2559 60 27 large
1369 2558 60 27 body
1440 2558 25 21 of
1472 2558 36 21 the
1518 2557 131 27 aborigines,
1661 2556 53 21 with
1724 2562 59 15 arms
1791 2556 22 20 in
1825 2555 57 21 their

1301 2585 69 23 hands
1379 2592 5 20 ;
1395 2584 47 22 and
1451 2584 48 22 that
1506 2591 59 20 upon
1576 2583 36 21 the
1619 2583 142 21 unfortunate
1769 2582 112 26 discharge

1303 2612 26 22 of
1336 2620 11 14 a
1357 2619 50 20 gun,
1419 2611 30 28 by
1459 2611 107 26 accident,
1582 2618 29 14 on
1621 2610 37 21 the
1670 2609 46 21 side
1727 2609 25 21 of
1766 2615 40 15 our
1816 2615 66 15 coun-

1303 2643 90 23 trymen,
1405 2639 40 25 (no
1455 2637 74 22 orders
1542 2641 22 17 to
1573 2637 40 21 fire
1627 2636 84 26 having
1724 2636 59 21 been
1798 2635 83 27 given,)

1303 2665 53 28 they
1365 2665 53 22 fired
1428 2672 59 20 upon
1498 2664 59 22 those
1569 2663 47 22 who
1624 2670 56 15 were
1688 2662 164 26 endeavouring
1863 2665 20 18 to

1304 2696 39 23 put
1360 2692 35 21 the
1410 2691 42 22 law
1460 2691 24 21 in
1501 2690 122 26 execution,
1640 2689 44 21 and
1698 2688 50 22 shot
1763 2689 84 21 several
1861 2688 24 21 of

1304 2720 66 21 them.

1314 2748 6 4 *
1333 2746 27 22 In
1370 2745 35 23 the
1414 2745 78 23 fourth
1502 2744 67 27 place,
1588 2743 48 22 that
1645 2743 38 21 the
1694 2742 102 27 majority
1806 2741 25 22 of
1845 2748 39 15 our

1305 2776 143 24 countrymen
1463 2771 81 26 having
1557 2770 51 27 fled,
1627 2769 61 22 those
1705 2769 49 21 who
1771 2768 114 22 remained

1304 2799 45 22 laid
1361 2799 61 22 down
1433 2798 60 22 what
1502 2805 55 15 arms
1567 2797 52 27 they
1629 2796 44 22 had
1683 2796 43 21 and
1741 2795 144 22 surrendered

1306 2825 130 23 themselves
1452 2825 113 28 prisoners,
1582 2823 46 22 and
1643 2823 47 21 that
1701 2823 55 21 after
1771 2829 14 14 a
1793 2821 61 28 lapse
1864 2821 24 21 of

1306 2860 61 15 some
1377 2853 57 26 time,
1447 2851 137 26 unresisting,
1596 2849 44 22 and
1655 2849 93 22 without
1764 2849 36 21 the
1813 2855 73 20 power

1307 2880 27 21 of
1345 2881 124 22 resistauce,
1486 2879 50 26 they
1547 2884 55 15 were
1619 2877 104 26 savagely
1734 2875 44 22 and
1793 2875 93 21 deliber-

1307 2906 60 28 ately
1376 2905 129 22 massacred.

1337 2933 32 21 As
1384 2936 19 18 to
1420 2931 38 23 the
1474 2931 92 22 motives
1582 2929 73 22 which
1671 2928 98 23 induced
1787 2935 39 15 our
1843 2928 44 22 late

1308 2959 112 22 lamented
1426 2958 73 22 Police
1507 2957 131 26 Magistrate
1648 2960 22 18 to
1676 2956 58 22 issue
1742 2955 36 21 the
1788 2957 98 24 warrant,

1309 2993 33 15 we
1351 2984 182 27 conscientiously
1549 2983 87 23 believe
1652 2982 62 22 them
1730 2985 23 18 to
1762 2982 57 21 have
1832 2982 56 20 been

1309 3020 59 14 none
1379 3012 59 22 other
1448 3011 54 22 than
1513 3012 61 20 those
1584 3010 26 21 of
1617 3009 63 27 duty.

1339 3040 31 21 As
1386 3041 20 19 to
1422 3039 37 21 the
1476 3037 96 28 imputed
1589 3036 82 27 charge
1687 3035 26 21 of
1725 3034 103 22 rashness
1844 3034 46 22 and

1311 3068 59 20 want
1379 3065 22 22 of
1408 3065 152 26 deliberation,
1571 3063 71 22 which
1658 3069 32 15 we
1701 3062 56 20 have
1773 3061 68 21 heard
1852 3060 38 22 ad-

1312 3092 89 27 vanced,
1413 3098 33 15 we
1455 3098 52 20 may
1514 3090 96 25 observe,
1621 3089 50 21 that
1676 3088 37 22 the
1724 3088 74 21 Police
1807 3087 83 27 Magis-

1311 3122 56 19 trate
1378 3119 41 21 had
1429 3118 38 22 the
1477 3117 76 22 advice
1563 3117 24 21 of
1595 3116 62 22 three
1668 3115 62 21 other
1741 3114 147 27 Magistrates,

1313 3146 43 22 and
1365 3145 54 22 their
1428 3144 131 22 unanimous
1568 3149 150 16 concurrence
1725 3149 5 19 ;
1742 3140 46 23 and
1798 3148 31 14 we
1840 3147 51 21 may

1311 3171 86 23 further
1412 3171 106 25 mention,
1538 3170 48 22 that
1610 3169 37 21 the
1666 3168 102 28 question
1788 3174 42 15 was
1848 3174 42 15 one

1311 3199 73 26 JSMfih.
1395 3198 41 26 bad
1447 3195 310 29 nolth^ntothe.JfeULme
1771 3194 120 28 presented

1313 3225 72 25 itself;
1396 3225 18 21 it
1420 3221 227 24 iiadrnonthsDoToie
1653 3223 58 19 been
1718 3221 119 21 examined
1847 3221 44 20 and

1314 3251 223 26 sejiKiMedr-agcsg::
1545 3249 103 27 zvmT
1650 3251 5 7 i
1654 3248 40 26 #
1698 3251 15 7 r
1716 3246 176 27 &&s'&v*
1897 3248 2 7 r
1898 3248 2 24 i

1314 3279 84 21 similar
1415 3280 87 23 outrage
1521 3276 80 24 having
1624 3275 57 21 been
1701 3273 139 28 perpetrated
1862 3273 30 27 by

1315 3305 157 26 Rangihaeata,
1485 3306 21 18 at
1519 3303 52 21 Port
1581 3300 129 27 Nicholson,
1721 3300 44 21 and
1774 3307 15 14 a
1798 3303 95 18 warrant

1314 3332 34 21 for
1363 3331 33 22 his
1405 3329 156 29 Apprehension
1574 3328 83 26 having
1671 3327 56 22 been
1739 3325 97 28 refused,
1848 3326 44 21 Mr.

1314 3358 131 27 Thompson,
1455 3357 25 21 in
1495 3355 150 23 conversation
1654 3354 54 21 with
1722 3360 42 15 one
1775 3353 25 22 of
1810 3359 33 20 us,
1855 3359 38 15 ex-

1315 3385 88 27 pressed
1414 3383 35 23 his
1459 3383 88 28 opinion
1561 3382 48 22 that
1626 3380 54 22 such
1690 3379 98 23 conduct
1796 3386 44 15 wa
1850 3379 44 22 cal-

1316 3411 87 23 culated
1412 3414 21 18 to
1444 3409 91 23 weaken
1546 3409 36 21 the
1598 3408 113 21 influence
1721 3407 27 20 of
1760 3405 83 22 British
1852 3406 41 21 law

1316 3445 59 19 upon
1385 3438 34 22 tlie
1428 3436 75 22 native
1518 3435 68 27 mind,
1596 3434 46 22 and
1655 3437 23 18 to
1688 3432 51 23 lead
1749 3436 23 18 to
1782 3432 37 22 the
1829 3432 68 21 belief

1317 3466 25 20 of
1348 3463 109 28 impunity
1466 3463 24 21 in
1504 3462 37 22 the
1556 3460 142 24 commission
1713 3459 25 22 of
1751 3459 44 22 still
1808 3459 87 22 further

1317 3495 107 23 outrages.

1344 3517 52 23 And
1408 3523 33 15 we
1456 3518 79 20 cannet
1549 3515 40 21 but
1604 3514 91 22 observe
1711 3519 57 20 now,
1784 3513 48 20 that
1850 3513 44 20 had

1317 3544 48 22 that
1374 3544 81 22 former
1465 3542 83 22 offence
1558 3541 25 22 of
1594 3540 36 23 his
1646 3540 58 23 been
1714 3539 60 22 dealt
1782 3538 52 22 with
1843 3539 25 21 in
1882 3545 13 15 a

1318 3570 91 23 decided
1419 3576 98 19 manner,
1535 3575 24 15 as
1567 3568 23 21 in
1600 3568 43 21 law
1653 3566 44 22 and
1711 3565 80 28 justice
1800 3572 32 15 we
1842 3571 53 16 con-

1318 3597 61 22 ceive
1386 3597 19 22 it
1411 3595 81 23 should
1496 3596 55 21 have
1561 3596 65 24 been,
1636 3592 43 23 this
1687 3591 101 24 dreadful
1793 3591 102 22 calamity

1318 3624 71 27 might
1398 3630 67 15 never
1482 3622 54 21 have
1547 3620 113 27 occurred,
1671 3620 28 26 by
1710 3618 73 23 which
1791 3625 24 15 so
1829 3616 66 24 much

1317 3650 39 22 life
1365 3650 38 22 haa
1412 3650 57 21 been
1484 3648 48 26 lost,
1542 3655 25 14 so
1580 3653 68 21 many
1657 3653 53 15 men
1719 3646 25 21 of
1757 3645 38 22 the
1808 3644 89 27 highest

1318 3677 71 22 moral
1405 3676 44 22 and
1468 3674 137 23 intellectual
1628 3672 57 23 rank
1702 3672 57 22 have
1778 3670 119 28 miserably

1317 3702 107 31 perished,
1445 3702 38 22 the
1501 3701 104 22 relations
1614 3700 100 22 between
1729 3698 37 23 the
1777 3702 42 18 two
1835 3705 62 14 races

1320 3733 54 19 been
1389 3728 113 26 rendered,
1518 3731 23 18 to
1556 3734 38 24 Bay
1610 3726 38 23 the
1661 3726 59 21 least
1729 3726 26 21 of
1767 3724 25 26 it,
1801 3724 96 28 precari-

1319 3764 47 19 ous,
1377 3756 41 23 and
1433 3755 39 22 the
1488 3754 133 23 civilization
1632 3753 25 22 of
1671 3752 56 22 New
1741 3750 106 23 Zealand,
1855 3757 42 15 un-

1319 3782 115 29 doubtedly
1447 3781 85 22 thrown
1541 3780 64 22 back.

1346 3810 27 21 In
1382 3812 80 23 Btating
1473 3807 57 22 what
1539 3814 32 15 we
1586 3806 57 23 have
1653 3805 58 22 done
1722 3804 77 26 above,
1817 3811 33 14 we
1861 3810 36 15 are

1319 3843 67 16 aware
1402 3835 49 22 that
1459 3841 33 15 we
1507 3834 57 21 shall
1578 3833 29 22 be
1622 3835 47 20 met
1683 3832 31 26 by
1728 3831 38 22 the
1783 3833 116 24 argument

1319 3863 44 21 that
1371 3863 18 20 it
1398 3862 19 21 is
1426 3865 40 18 not
1477 3860 32 23 for
1523 3867 26 15 us
1558 3863 23 18 to
1595 3858 109 28 prejudge
1718 3857 38 22 the
1767 3864 56 20 case,
1842 3864 26 14 or
1876 3860 23 18 to

1320 3889 73 22 decide
1402 3895 60 21 upon
1473 3886 36 23 the
1519 3884 90 29 legality
1619 3885 26 22 of
1655 3885 61 22 what
1723 3884 41 21 has
1781 3883 84 28 passed,
1876 3890 23 15 or

1320 3919 23 19 to
1352 3914 121 23 determine
1491 3914 36 21 the
1537 3913 85 22 offence
1633 3912 25 22 of
1672 3910 72 23 which
1755 3917 44 21 any
1809 3917 41 14 one
1860 3908 39 27 has

1320 3942 59 23 been*
1390 3941 70 29 guilty
1468 3948 7 19 ;
1494 3939 54 24 such
1563 3938 113 30 questions
1688 3937 122 27 belonging
1824 3940 23 18 to
1864 3937 35 21 the

52 149 152 22 ofthem-were
212 148 44 21 still
265 154 29 15 on
303 148 43 21 this
356 147 52 24 side,
420 143 104 24 amiusket
533 149 55 17 went
598 146 37 25 off,

53 175 10 22 I
80 176 79 26 Relieve
174 175 145 26 accidentally,
329 174 73 25 within
419 174 60 21 three
488 173 62 27 yards
559 173 24 20 of
594 180 41 13 me.

51 203 47 22 The
113 203 80 21 natives
209 200 141 33 imxnefiiatejy
359 200 52 22 fired
424 206 69 21 upon,
492 207 32 18 us,
536 200 11 20 I
556 200 81 21 believe

53 233 24 18 to
87 230 37 21 the
133 230 87 21 number
225 229 29 20 -of
267 225 90 29 sixiy'or
366 230 95 23 seventy.
489 228 39 19 We
538 227 99 21 returned

53 258 36 20 the
98 258 45 23 fire,
153 258 39 19 bat
201 256 12 21 I
218 256 66 21 heard
293 262 27 13 no
328 253 73 23 orders'
408 254 71 26 given.
508 254 60 21 After
577 254 11 19 I
594 254 42 20 had

51 285 54 20 fired
114 285 60 19 three
181 284 68 23 shots,
261 283 10 20 I
282 282 63 21 heard
354 284 58 18 sonle
421 287 41 14 one
472 287 36 20 cry
517 284 38 17 out

49 312 38 22 fpr
96 317 54 21 your
155 311 58 23 lives,
220 310 55 24 lads,
285 316 41 15 run
383 308 11 21 I
402 308 91 25 thought
499 308 18 20 it
522 315 42 14 was
574 307 61 27 Capt.

52 338 105 26 England,
166 338 38 20 but
211 338 54 19 lam
275 339 38 18 not
324 336 87 20 certain.
440 335 68 21 There
517 341 41 14 was
567 335 51 23 then
623 341 14 14 a

54 365 83 27 general
152 365 50 20 rush
216 364 90 21 towards
320 364 35 21 the
369 362 47 21 hill.
446 363 10 19 1
473 361 49 23 then
537 362 100 22 observed

53 393 42 20 two
105 394 80 19 natives
194 390 115 31 advancing
320 390 98 20 between
436 395 34 14 me
479 389 41 20 and
529 389 36 20 the
574 388 62 21 white

54 426 56 18 men,
120 425 23 14 so
155 419 10 20 I
174 418 75 21 turned
259 421 23 16 to
291 418 37 19 the
336 416 61 26 right'
402 416 64 26 along
476 416 36 21 the
521 416 82 21 bottom
615 416 24 20 of

54 447 37 20 the
97 446 46 24 hill,
151 446 41 20 and
197 446 34 25 lay
237 445 61 20 dowa
307 444 23 20 in
335 444 36 19 the
376 444 56 24 fern,
440 444 68 19 where
514 443 10 20 I
532 443 105 20 remained

53 474 57 22 until
119 474 36 22 the
169 472 80 21 natives
265 472 42 20 had
315 471 28 25 ajl
356 477 62 19 gone.
446 470 69 21 When
524 477 40 15 our
577 473 60 26 party

54 501 54 20 Were
118 500 91 25 running
216 505 29 20 up
255 499 36 20 the
301 498 46 26 hill,
355 498 11 19 1
377 498 102 19 observed
487 498 47 19 that
543 497 36 20 the
585 504 53 20 gen-

54 527 79 21 tlemen
143 529 63 25 (none
215 526 24 21 of
251 526 70 20 whom
331 531 52 14 were
392 524 73 21 armed
474 519 110 32 excepting

54 554 106 25 Howard,'
174 554 46 20 who
236 553 81 20 carried
326 559 12 14 a
355 551 87 27 cutlads)
453 557 54 15 were
515 552 37 20 the
558 552 43 19 last

54 584 103 23 (retreat
159 581 36 23 the
211 580 71 22 armed
294 586 49 15 men
359 579 92 21 were^all
467 579 92 26 running
567 579 72 20 before

54 610 66 22 them.
148 608 60 22 After
222 608 38 20 the
268 607 81 20 natives
359 606 41 21 had
416 606 47 25 left,
475 606 11 21 I
496 606 143 21 endeavoured

55 637 23 20 to
87 635 61 21 make
161 641 35 20 my
209 641 45 20 way
263 634 30 20 to'
304 633 79 21 Nelson
399 634 29 26 by
437 633 57 25 land,
505 634 38 19 but
555 639 40 15 was
611 639 28 23 pa

55 657 102 32 tHo'pfyin
162 660 66 22 'seven
244 661 59 27 days,
313 661 61 20 until'
378 660 12 21 l
400 667 42 14 was
449 660 73 26 joined
537 660 27 28 by
573 660 66 21 Pean-

54 693 42 21 tfcr,
103 690 47 20 who
159 689 41 20 Had
209 688 54 21 been
260 685 3 13 1
273 691 47 17 sent
330 694 49 14 over
382 687 64 21 land.

83 722 88 21 Henry
178 720 76 22 Wrat
261 729 4 12 :
283 720 10 21 I
301 727 41 14 was
348 721 23 19 in
377 720 36 20 the
420 719 182 28 Company's'boat
610 725 29 15 on

55 755 36 21 the
102 755 51 20 13th
163 754 24 21 of
195 754 63 21 June.
287 753 70 20 When
373 752 30 21 off
418 750 113 23 Croixelles
540 749 101 23 Harbour

55 795 31 15 we
101 787 120 22 discovered
234 788 36 20 the
286 785 145 23 Government'
439 785 53 26 brig,
503 786 48 23 and,
566 791 27 15 on
602 785 39 20 her

56 822 63 26 firing
127 828 12 14 a
149 820 72 27 signal,
230 826 32 15 we
271 822 57 18 went
338 825 29 14 on
375 818 74 24 board,
460 818 42 19 and
510 816 99 21 returned
615 816 26 20 in

56 855 38 20 her
101 856 25 18 to
135 854 36 20 the
181 853 92 20 Wairau.
303 852 35 20 On
348 851 89 25 landing
446 856 29 14 we
488 849 115 27 proceeded
613 856 28 19 up

57 888 36 20 the
101 888 55 19 river
166 889 22 18 to
197 887 35 19 the
241 886 57 25 large
314 884 67 24 wood,
396 884 69 19 where
482 889 31 13 we
529 882 116 26 encamped

57 920 34 22 for
100 919 36 21 the
145 919 67 25 night.
240 917 46 21 The
293 919 50 18 next
352 916 97 26 morning
454 921 31 14 we
493 914 113 28 proceeded
614 920 28 22 up

57 952 37 20 the
102 952 55 19 river
166 951 23 20 in
199 950 34 21 the
242 949 62 21 boats
313 955 23 14 as
347 949 31 20 far
388 954 23 14 as
421 954 30 14 we
461 947 62 21 could
533 949 34 24 get
578 947 64 24 them,

58 984 42 20 and
119 984 50 20 then
187 982 75 20 landed
278 982 42 20 and
334 980 99 21 marched
446 986 60 15 some
519 980 92 19 distance
621 982 23 17 to

58 1016 68 20 where
135 1021 31 14 we
174 1015 120 20 discovered
307 1014 37 20 the
354 1013 88 24 natives,
453 1013 47 19 who
510 1018 52 14 were
571 1017 28 14 on
609 1011 37 19 the

59 1048 61 20 other
138 1047 45 20 side
198 1046 24 21 of
237 1053 12 14 a
265 1046 62 20 small
347 1042 79 27 brook,'
438 1044 23 20 in
479 1051 13 13 a
507 1044 66 19 wood.
601 1043 43 20 Mr.

58 1081 123 25 Thompson
186 1079 45 21 told
238 1079 36 20 the
283 1079 86 23 natives,
377 1077 94 25 through
479 1077 35 19 the
521 1076 126 26 interpreter

60 1112 90 24 Brooks,
160 1112 46 19 that
214 1112 26 19 he
251 1111 41 20 had
303 1116 59 14 come
370 1112 23 17 to
400 1111 69 18 arrest
475 1109 123 25 Rauparaha
605 1108 43 19 and

61 1146 141 25 Rangihaeata
210 1145 33 22 for
254 1144 93 25 burning
357 1143 43 21 Mr.
412 1142 121 22 Cotterell's
547 1142 47 24 hut,
606 1141 42 20 and

60 1179 42 20 had
113 1180 37 18 not
159 1183 59 15 come
234 1177 66 20 about
319 1176 36 20 the
364 1175 58 23 land.
451 1175 45 19 The
507 1173 80 21 natives
596 1173 52 20 then

61 1210 66 22 called
136 1212 38 24 ou
369 1207 46 22 Mr.
421 1206 122 26 Thompson
554 1206 49 20 then
612 1205 36 20 de-

61 1243 56 21 sired
128 1243 43 22 Mr.
183 1242 90 24 Howard
284 1244 23 18 to
324 1241 61 25 bring
394 1240 63 20 down
467 1239 36 20 the
513 1244 54 19 men,
580 1238 69 20 which

59 1277 29 20 he
105 1277 43 23 did,
165 1277 41 19 and
220 1276 50 26 they
280 1275 28 20 all
322 1274 83 24 entered
421 1274 36 20 the
467 1279 65 14 canoe
547 1272 49 21 with
611 1272 38 19 the

61 1312 111 26 exception
180 1310 24 21 of
211 1310 81 26 myself.
300 1328 3 3 .
321 1310 12 20 I
340 1315 40 15 was
388 1309 46 24 just
440 1307 96 26 entering
543 1307 35 23 the
583 1312 66 14 canoe

61 1346 61 20 when
133 1345 45 22 Mr.
188 1345 121 25 Thompson
318 1350 50 20 gave
378 1343 73 20 orders
460 1344 22 17 to
493 1342 45 19 fire.

97 1382 114 33 [Witness
223 1390 45 16 was
287 1383 26 25 in.
330 1382 37 24 the
378 1382 61 24 bush
458 1382 45 24 and
522 1380 66 26 could
609 1384 40 20 not

63 1416 117 31 distinctly
192 1424 36 16 see
240 1416 61 25 jvhat
313 1423 44 16 was
369 1415 71 31 going
451 1413 53 33 on.]

62 1460 51 21 Two
124 1465 24 15 or
155 1459 59 20 three
225 1458 24 21 of
256 1459 36 19 the
302 1458 62 20 white
377 1457 74 26 people
466 1457 62 25 being
544 1456 49 20 shot
608 1455 43 21 and

63 1486 110 24 wounded,
184 1486 58 20 there
252 1492 41 14 was
303 1492 12 13 a
329 1485 83 25 general
420 1486 80 20 retreat
509 1483 89 20 towards
614 1484 35 19 the

63 1514 47 22 hill.
138 1514 61 20 After
207 1519 30 14 we
247 1513 41 22 had
297 1516 37 24 got
343 1518 57 14 some
414 1512 94 19 distance
519 1517 28 20 up
557 1511 35 19 the
602 1510 47 23 hill,

64 1542 90 25 Maling,
165 1542 35 19 the
209 1540 57 21 chief
274 1537 114 27 constable,
398 1545 42 14 was
453 1539 50 20 shot
512 1538 55 20 close
578 1537 26 26 by
615 1544 34 19 my

63 1569 54 20 side.
146 1568 45 22 Mr.
199 1568 125 25 Thompson
336 1566 66 22 called
416 1565 38 22 but
463 1568 23 18 to
496 1566 36 19 the
547 1571 54 18 men,
613 1565 36 20 de-

61 1596 70 26 airing
142 1596 58 20 them
213 1596 33 19 for
261 1594 66 21 God's
337 1594 50 21 sake
396 1596 24 18 to
432 1594 54 25 keep
488 1587 113 31 together,-
610 1592 40 19 but

62 1624 53 26 they
131 1624 43 19 still
190 1624 50 25 kept
258 1622 120 25 retreating.
408 1617 47 25 Mr.'
463 1621 122 25 Thompson
599 1620 50 19 then

63 1651 74 25 pulled
145 1657 12 13 a
167 1651 61 19 white
238 1648 152 22 handkerchief
395 1650 40 19 out
443 1648 25 21 of
475 1648 33 19 his
517 1648 84 25 pocket,
609 1646 42 21 and

66 1678 91 24 Brooks,
167 1679 37 19 the
221 1677 133 26 interpreter,
374 1676 68 21 called
456 1678 38 17 out
535 1674 74 26 Iati.','
639 1673 12 21 I

66 1712 42 14 was
119 1705 45 20 told
173 1705 46 20 that
237 1704 45 21 Mr.
291 1704 122 26 Thompson
423 1709 42 14 was
479 1698 108 28 wounded.
608 1701 43 21 .He

67 1730 42 23 and
119 1729 88 29 Captain
216 1731 117 21 Wakefield
342 1731 51 20 then
402 1730 68 21 called
479 1732 38 18 out
526 1731 22 19 to
559 1730 34 20 the
601 1735 50 14 men

66 1763 25 17 to
105 1760 65 20 desist
189 1760 53 20 from
260 1759 69 25 firing.
359 1758 44 22 Mr.
414 1758 130 26 Thompson,
561 1756 89 27 Captain

67 1787 125 24 Wakefield,
202 1787 40 20 and
254 1787 31 19 all
295 1786 38 20 the
350 1785 60 21 other
426 1785 119 26 gentlemen
555 1784 50 20 then
617 1784 36 26 lay

67 1815 69 20 down.
169 1814 41 22 Mr.
219 1814 123 25 Thompson
352 1813 65 21 asked
426 1818 58 15 some
495 1812 24 20 of
526 1812 92 24 the'nien
628 1815 24 17 to

66 1839 50 29 give
123 1842 45 20 him
178 1848 13 14 a
199 1848 42 19 gun
251 1841 42 20 and
307 1848 12 13 a
328 1841 97 26 bayonet,
437 1840 34 20 for
481 1839 34 21 the
524 1844 92 21 purpose
629 1838 25 20 of

68 1870 71 25 facing
148 1870 35 20 the
201 1869 100 23 Maories,
316 1867 39 21 but
369 1863 84 31 nobody
467 1866 69 21 would
550 1872 45 20 give
608 1865 45 21 him

69 1903 48 14 one.
148 1896 44 22 Mi*.
207 1892 93 24 Tuckett
313 1895 51 21 then
376 1890 56 25 Went
444 1895 62 19 down
513 1893 89 21 towards
618 1894 37 19 the

69 1924 84 26 right
155 1923 10 21 l
183 1923 98 21 followed
296 1923 44 20 him
354 1923 33 19 for
400 1928 13 16 a
423 1922 61 20 short
612 1921 42 19 and

69 1952 58 22 then,
131 1951 36 20 hid
179 1951 75 26 myself
267 1951 24 19 in
305 1956 57 14 aome
376 1949 51 31 hjgh
437 1949 45 21 fern
493 1949 33 24 for
535 1949 64 21 about
612 1951 41 19 two

69 1978 120 25 hours/but
199 1978 62 20 heard
270 1977 97 26 nothing,
375 1976 43 21 aii'd
427 1977 62 26 being
494 1982 58 14 some
562 1976 95 20 distance

68 2005 65 21 could
141 2012 35 14 see
192 2005 88 26 nothing
291 2001 53 24 th'af
346 2010 41 14 was
396 2003 71 27 going'
472 2003 108 24 forward';'
590 2003 38 20 but
644 2002 10 20 I

70 2034 66 19 heard
143 2029 61 25 ihots
211 2032 58 23 $cc&
280 2033 65 19 about
359 2038 63 19 every
430 2031 42 20 five
475 2031 96 20 'minutes
580 2030 34 20 for
628 2036 27 13 an

71 2061 55 20 hour
139 2060 42 22 end
194 2067 13 14 a
222 2060 54 21 half.
283 2058 4 8 '
303 2059 12 20 I
326 2059 50 21 then
390 2058 76 21 looked
482 2059 37 20 out
528 2058 25 21 of
564 2058 35 21 the
609 2058 47 20 fern

72 2088 43 21 and
124 2094 41 13 saw
173 2088 36 19 the
219 2087 148 26 canoet-going
376 2092 59 20 away
444 2086 62 20 down
515 2086 36 19 the
561 2086 60 19 river.
644 2085 12 21 I

73 2115 52 22 then
140 2118 37 23 got
193 2121 35 20 up,
238 2114 43 23 apd
289 2120 42 14 was
344 2110 142 34 immediately
492 2113 73 25 joined
578 2113 28 26 by
615 2115 41 17 two

74 2140 60 22 other
143 2142 56 24 m'en,
196 2135 6 14 :
209 2138 53 24 wiftf
347 2138 11 23 1
440 2140 61 22 down
505 2136 3 9 !
510 2143 23 18 to
543 2140 114 21 the'beach

74 2170 36 19 the
126 2176 56 13 same
199 2169 88 25 evening
296 2168 89 21 towards
399 2169 37 20 the
449 2168 69 20 native
532 2166 47 28 pat,
590 2165 68 22 wh'efe

74 2203 31 14 we
121 2203 42 14 saw
176 2197 35 20 the
226 2197 66 20 whole
310 2196 24 20 of
351 2196 35 20 the
405 2196 81 19 natives
501 2195 56 20 leave
571 2195 22 19 in
607 2194 50 20 nine

76 2230 74 14 canoes
160 2224 41 21 and
211 2224 34 20 the
256 2224 128 26 Company's
393 2224 58 19 boat.

265 2280 109 24 Saturday,
385 2279 53 26 July
450 2279 21 21 1.

191 2308 86 25 [Before
287 2308 27 19 A.
332 2306 142 26 M'Donald,
486 2306 60 26 Esq.]

105 2342 64 20 John
180 2340 108 21 Miller:
303 2340 12 19 I
333 2345 39 14 was
389 2345 40 14 one
446 2339 25 19 of
484 2338 42 20 Mr.
538 2336 122 22 Cotterell's

77 2376 56 19 men,
143 2375 29 14 on
181 2368 32 20 his
223 2369 72 19 return
304 2367 23 20 in
336 2367 35 19 the
387 2366 141 20 Government
537 2366 46 24 brig
592 2367 23 18 to
624 2365 36 19 the

78 2396 92 24 Wairau,
194 2395 50 20 with
267 2395 37 20 the
328 2394 69 20 Police
422 2394 131 25 Magistrate,
573 2391 88 27 Captain

78 2423 122 24 Wakefield,
219 2422 41 20 and
281 2422 59 20 other
358 2421 126 26 gentlemen,
503 2423 21 17 to
543 2419 118 27 apprehend

79 2451 124 26 Rauparaha
211 2449 40 21 and
262 2449 147 25 Rangihaeata.
441 2448 34 20 On
488 2448 35 20 the
533 2447 96 25 morning
639 2446 24 20 of

80 2478 108 25 Saturday,
199 2477 56 21 June
265 2477 33 23 17,
310 2477 35 19 the
360 2475 66 20 whole
442 2477 61 24 party
518 2477 55 18 went
587 2481 29 19 up
627 2474 35 19 the

79 2507 55 19 river
141 2505 56 20 from
206 2507 35 17 the
251 2504 59 25 place
319 2503 68 20 where
397 2509 30 13 we
439 2503 40 19 had
489 2502 112 26 encamped
609 2502 53 19 dur-

79 2534 37 25 ing
125 2533 36 20 the
171 2532 96 26 previous
278 2531 66 25 night.
373 2530 61 20 After
451 2530 77 25 having
542 2535 53 20 gone
605 2535 58 14 some

79 2561 94 20 distance
183 2566 27 19 up
220 2559 36 20 the
273 2559 62 23 river,
345 2564 30 13 we
390 2557 77 20 landed
483 2557 41 20 and
540 2556 78 21 walked
632 2561 30 14 on

79 2588 56 20 until
143 2593 30 14 we
183 2593 57 14 came
249 2588 23 18 to
282 2586 66 20 where
359 2585 35 19 the
405 2585 80 20 natives
495 2590 61 14 were.
584 2583 34 20 On
628 2589 35 14 ar-

79 2615 69 25 riving
164 2615 64 25 there,
240 2613 44 20 Mr.
294 2613 129 25 Thompson,
435 2612 89 26 Captain
540 2610 122 24 Wakefield,

79 2643 42 19 and
136 2642 29 20 all
181 2641 35 21 the
232 2641 129 25 gentlemen,
372 2639 10 20 I
399 2639 86 24 believe,
496 2639 106 26 excepting
620 2637 42 21 Mr.

81 2669 98 24 Howard,
190 2668 84 21 crossed
284 2674 49 14 over
342 2674 12 13 a
371 2667 62 20 small
442 2669 77 17 stream
535 2667 22 19 in
571 2672 11 14 a
599 2671 65 14 canoe

80 2700 23 17 to
114 2698 34 19 the
158 2696 58 27 place
221 2696 69 19 where
296 2695 37 19 the
340 2694 80 20 natives
429 2700 60 17 were,
498 2693 38 21 but
543 2693 36 20 the
585 2693 79 19 natives

80 2724 70 20 would
159 2726 38 17 not
206 2723 59 20 allow
275 2729 41 19 any
326 2722 38 20 but
379 2721 36 20 the
432 2721 118 26 gentlemen
567 2724 22 16 to
604 2726 59 14 cross

80 2758 51 14 over
140 2754 23 17 to
171 2751 64 20 them.
263 2750 45 20 Mr.
317 2749 123 25 Thompson
457 2749 51 19 then
524 2747 108 27 explained
643 2749 33 21 to.

81 2778 125 28 Rauparaha
213 2778 36 19 the
259 2779 75 18 nature
342 2776 24 20 of
376 2776 34 20 his
421 2776 56 25 visit,
487 2776 41 20 and
538 2775 44 21 said
590 2775 27 19 he
623 2774 43 20 had

82 2813 58 14 come
152 2809 23 17 to
185 2807 66 18 arrest
266 2804 44 20 him
328 2804 33 20 for
376 2803 93 26 burning
486 2803 42 21 Mr.
547 2802 119 21 Cotterell's

81 2835 47 25 hut,
138 2833 42 20 and
189 2833 45 20 that
243 2832 27 20 he
282 2834 54 17 must
352 2837 26 20 go
397 2837 28 14 on
441 2830 65 21 board
520 2830 36 20 the
573 2829 94 21 Govern-

82 2863 58 19 ment
150 2861 53 25 brig.
231 2859 125 25 Rauparaha
365 2858 45 21 said
420 2858 26 20 he
456 2858 68 19 would
535 2860 45 17 not.
609 2856 57 20 Ran-

82 2889 96 25 gihaeata
187 2888 49 19 then
246 2893 59 13 came
322 2886 96 26 forward,
430 2885 106 25 bouncing
552 2885 64 19 about
625 2883 42 20 and

84 2916 81 25 talking
173 2916 23 19 in
204 2921 12 14 a
225 2920 50 19 very
284 2914 80 19 violent
373 2919 96 18 manner,
475 2912 41 20 and
526 2912 44 19 said
602 2910 67 21 What

84 2944 17 20 is
112 2943 36 20 the
158 2942 73 22 Queen
241 2943 22 18 to
274 2947 25 14 us
307 2941 7 19 ?
323 2940 14 12 ''
367 2940 10 20 I
394 2940 65 20 heard
474 2940 43 19 Mr.
529 2938 90 21 Howard
629 2938 40 20 call

84 2973 23 18 to
118 2970 43 20 Mr.
171 2970 130 24 Thompson.
335 2968 57 20 Shall
408 2967 12 20 I
430 2967 62 25 bring
509 2967 59 19 down
584 2968 47 23 part
648 2966 23 19 of

85 2999 36 19 the
131 3004 47 14 men
187 2997 8 19 ?
244 2996 69 19 There
322 2995 50 20 then
383 2994 103 27 appeared
496 2997 21 16 to
526 2995 27 18 be
562 2993 107 20 consider-

84 3025 47 20 able
140 3024 120 23 confusion,
269 3023 43 20 and
322 3022 35 20 the
366 3022 120 26 gentlemen
495 3020 142 21 endeavoured
648 3022 21 17 to

86 3058 57 15 cross
154 3055 22 17 to
187 3057 38 14 our
233 3050 53 20 side.
314 3050 43 19 Mr.
366 3049 92 20 Howard
465 3049 42 20 and
512 3048 35 20 his
554 3050 59 24 party
620 3048 50 19 then

86 3086 38 14 ran
134 3079 60 20 down
203 3078 21 20 io
234 3077 36 20 the
281 3077 82 20 water's
373 3076 59 26 edge,
442 3076 42 20 and
495 3075 142 21 endeavoured
648 3076 21 18 to

86 3113 59 15 cross
154 3112 50 14 over
213 3105 36 20 the
258 3110 75 18 canoe,
342 3104 93 26 meeting
445 3104 36 19 the
490 3103 117 25 gentlemen
616 3102 55 19 half-

86 3140 52 20 way,
149 3134 60 20 when
218 3139 12 13 a
239 3138 45 19 gun
292 3133 55 19 went
362 3131 30 20 off
404 3131 24 20 in
444 3131 37 19 the
490 3136 72 19 canoe,
574 3130 9 19 I
593 3129 79 20 believe

86 3160 144 26 accidentally.
267 3159 47 19 The
336 3158 93 20 Maories
450 3156 141 26 immediately
619 3156 53 20 fired

87 3191 97 23 amongst
190 3194 31 14 us.
241 3186 41 20 We
291 3185 98 21 returned
399 3185 56 20 their
463 3185 46 21 fire.
530 3184 43 20 Mr.
580 3184 92 25 Thomp-

88 3223 46 19 son,
144 3215 77 25 having
229 3213 90 21 reached
328 3218 39 15 our
376 3213 53 23 side,
441 3211 68 21 called
524 3215 38 16 out
571 3213 22 18 to
603 3217 13 14 a
624 3217 48 20 per-

88 3250 40 14 son
138 3243 68 20 whom
216 3242 10 19 1
237 3241 37 20 did
284 3242 38 18 not
336 3246 41 19 see,
413 3239 42 26 Oh,
467 3239 45 20 who
530 3239 46 20 told
589 3244 46 20 job
651 3242 22 16 to

88 3271 39 20 fire
133 3271 7 19 ?
173 3270 40 20 but
221 3269 12 19 I
241 3267 67 21 heard
315 3274 28 14 no
359 3273 89 14 answer.
476 3264 50 22 JWftt
535 3261 137 29 ife*reTh,

89 3298 44 21 Mr.
147 3297 104 22 Patchett,
267 3301 43 14 was
326 3295 48 19 shot
390 3294 58 20 close
465 3293 28 26 by
508 3299 35 20 my
559 3293 50 23 side,
624 3292 29 26 by
662 3298 13 14 a

90 3325 72 22 Maori
170 3324 68 20 whom
248 3323 12 20 I
270 3327 42 16 saw
322 3321 99 26 standing
428 3327 30 14 oa
467 3321 37 20 the
513 3321 60 19 other
582 3319 52 21 side.
663 3318 11 21 I

90 3359 43 14 aw
145 3351 44 22 Mr.
199 3350 133 21 Richardson
341 3351 61 24 stoop
413 3349 61 19 down
486 3350 21 18 to
518 3347 44 22 Mr.
571 3347 103 25 Patchett,

89 3380 47 20 who
147 3378 45 21 said
202 3380 21 18 to
233 3377 44 21 him
333 3383 33 13 am
382 3375 99 26 mortally
489 3374 108 21 wounded.
626 3373 50 21 You

90 3413 41 14 can
145 3406 28 21 do
191 3411 26 14 no
236 3404 56 26 good
312 3404 33 20 for
364 3410 33 14 me
425 3402 62 21 make
505 3408 53 21 your

92 3434 61 21 Most
162 3432 26 21 of
199 3439 24 13 us
232 3432 53 19 then
302 3437 37 14 ran
356 3437 29 20 up
402 3430 37 20 the
455 3429 47 21 hill.
530 3428 44 22 Mr.
584 3428 92 20 Howard

92 3461 51 20 then
154 3459 65 22 called
228 3463 39 16 out
276 3462 23 16 to
309 3458 36 20 the
361 3464 48 14 men
428 3459 22 18 to
467 3457 30 20 fix
512 3455 55 21 their
576 3456 100 26 bayonets

91 3488 44 21 and
143 3493 60 15 come
212 3489 22 18 to
243 3486 38 20 the
290 3485 81 26 charge.
392 3485 46 19 The
446 3490 57 18 men,
512 3483 103 24 however,
625 3483 52 26 kept

92 3514 115 26 retreating
215 3520 29 19 up
256 3513 36 20 the
302 3512 45 21 hill.
376 3511 11 21 I
397 3512 52 20 then
460 3510 100 21 observed
569 3510 44 21 Mr.
624 3509 53 21 Cot-

92 3542 62 21 terell
162 3542 47 25 give
217 3539 88 22 himself
312 3545 28 20 up
347 3540 22 19 to
382 3544 41 15 one
433 3538 24 20 of
469 3538 36 20 the
514 3537 87 24 natives,
610 3537 67 21 whom

93 3570 12 21 I
116 3568 122 26 recognized
248 3573 22 14 as
289 3572 40 15 one
344 3568 23 18 to
383 3566 69 19 whom
472 3565 44 21 Mr.
526 3565 101 19 Cotterell
636 3564 42 20 had

92 3598 73 19 shown
173 3595 109 21 kindness.
311 3594 11 19 1
333 3592 100 21 observed
446 3592 29 20 all
484 3592 35 20 the
528 3592 60 20 other
596 3591 81 26 gentle-

90 3625 53 20 taen
153 3622 96 26 standing
259 3620 96 26 together
364 3626 14 14 a
387 3620 60 20 short
464 3619 93 20 distance
573 3618 54 21 from
636 3624 41 20 me,

93 3652 42 20 and
144 3649 90 25 Brooks,
243 3648 38 21 the
289 3648 134 25 interpreter,
428 3646 88 26 holding
524 3652 12 14 a
543 3646 61 19 white
611 3646 58 20 hand

91 3677 98 22 kerchief
201 3683 27 20 up
244 3675 44 21 and
303 3674 100 26 shouting
548 3672 11 21 I
576 3673 48 20 then
640 3679 38 14 ran

94 3706 61 20 down
165 3705 36 20 the
209 3703 47 24 hill,
266 3702 43 21 and
318 3702 37 20 hid
370 3701 79 27 myself
461 3702 95 24 amongst
571 3700 36 20 the
622 3700 55 24 fern,

93 3733 69 21 where
171 3732 12 20 I
192 3730 106 21 remained
307 3730 64 20 about
380 3729 61 20 three
454 3728 72 21 hours.
556 3727 10 20 I
582 3733 41 15 was
638 3733 40 14 one

93 3760 26 20 of
126 3760 36 20 the
171 3761 61 24 party
241 3758 47 19 who
297 3758 57 19 went
362 3756 62 26 along
434 3755 51 20 with
496 3754 43 23 Mr.
550 3754 96 20 Ironside
655 3756 23 18 to

93 3788 57 25 bury
164 3786 36 20 the
215 3784 81 21 bodies.
324 3784 40 19 We
379 3782 123 21 discovered
516 3782 38 19 the
568 3781 72 21 bodies
656 3782 24 19 of

96 3814 47 22 Mr.
166 3813 129 25 Thompson,
321 3810 90 27 Captain
442 3808 123 25 Wakefield,
588 3808 91 27 Captain

94 3840 105 27 England,
210 3839 45 21 Mr.
265 3838 137 25 Richardson,
412 3836 44 22 Mr.
467 3836 99 24 Howard,
575 3835 44 22 Mr.
626 3836 53 20 Cot-

95 3868 67 24 terell,
174 3867 74 21 Coster
257 3866 43 20 and
310 3865 106 21 Gardener
423 3864 46 26 (the
475 3862 133 27 constables,)
617 3862 62 22 Mac-

93 3901 84 20 gregor,
187 3893 90 25 Brooks,
289 3892 45 27 (the
342 3890 144 28 interpreter,)
496 3890 41 21 and
547 3890 49 26 Pay.
616 3890 62 20 From

96 3923 36 20 the
141 3926 127 23 appearance
279 3920 24 20 of
315 3919 36 21 the
361 3919 80 24 bodies,
451 3918 12 21 I
472 3919 52 20 have
534 3923 60 21 every
604 3923 74 14 reason

95 3952 24 18 to
129 3950 79 20 believe
216 3948 46 20 that
277 3947 36 20 the
329 3946 66 22 whole
410 3946 26 20 of
447 3946 61 20 those
522 3951 87 21 persons
625 3950 54 15 were

707 1650 97 24 GgQRGE
814 1649 114 23 BasiptqS
935 1656 6 13 :
954 1649 12 22 I
975 1655 33 15 am
1018 1654 40 15 one
1065 1648 28 21 .of
1100 1649 35 22 the
1145 1650 62 24 party
1216 1648 47 20 who

679 1678 99 20 returned
789 1677 50 20 with
848 1677 45 21 Mr.
901 1676 93 26 TuckeJs
1001 1676 40 21 and
1046 1676 72 25 joined
1124 1676 37 26 thg
1170 1676 94 24 GoYfcrp-

679 1706 58 19 meht
745 1700 79 32 tirigat
841 1704 115 20 Croixelleg
971 1703 105 21 Harbour.
1106 1703 10 22 I
1131 1709 43 15 was
1187 1709 40 17 one
1243 1702 24 22 of

679 1733 43 19 the'
726 1726 60 32 jlar'ty
786 1735 3 5 1
796 1732 45 20 who
851 1731 46 20 'left
913 1728 37 23 this
963 1729 50 22 New
1017 1731 13 20 '
1030 1731 91 20 Zealand
1137 1730 109 27 Company
1249 1730 16 26 '
1281 1726 16 32 9

679 1760 54 20 boat'
738 1766 51 14 near
795 1758 88 26 Cloudy
956 1757 41 21 arid
1003 1755 38 24 did
1051 1755 39 24 tioi
1100 1758 47 26 join!
1154 1758 40 21 the
1203 1758 62 26 party

680 1787 23 21 at'
712 1787 35 20 the
757 1784 87 22 Wairau
853 1786 55 20 until
913 1785 79 27 Txiday
1002 1781 96 31 evening,
1108 1785 56 21 June
1172 1786 36 20 16.
1228 1784 36 21 On

680 1814 36 20 the
726 1813 108 26 following
841 1813 100 26 morning
953 1808 12 27 j
973 1817 56 18 went
1037 1813 49 24 with
1096 1813 35 21 the
1142 1813 42 20 rest
1191 1812 26 21 of
1222 1813 44 20 .the

679 1845 59 23 party,
749 1848 13 13 U
762 1848 15 20 P
788 1841 35 21 the
833 1841 54 26 4^^
897 1841 86 22 Wairau
986 1855 5 9 ,
1000 1841 55 19 until
1064 1846 31 14 we
1103 1840 68 22 found
1181 1840 85 26 Raupa-

681 1869 50 20 raha
745 1868 206 24 arid'Raneihaeata,
963 1874 70 14 across
1048 1874 14 14 a
1080 1868 60 20 small
1159 1867 39 24 but
1215 1867 52 26 deep

681 1893 83 24 strelm.
779 1897 3 6 '
792 1895 45 21 The
850 1889 328 33 Tolice^MagU'trate/Captaui'
1188 1893 78 22 Walie-

682 1923 107 24 field.and
799 1923 78 20 several
886 1923 63 20 ofiher'
957 1919 118 28 gentlemen
1092 1923 83 20 crossed
1185 1919 82 23 o'ver'to

682 1952 63 21 them,
756 1951 41 21 and
808 1957 32 15 we
852 1949 111 22 lemaioed.
970 1956 28 14 on
1004 1950 45 20 this
1064 1950 52 23 side,
1126 1950 70 20 drawn
1203 1955 31 21 vcp
1243 1949 24 20 in

683 1985 12 13 a
703 1979 49 24 line,
764 1977 42 21 and
815 1978 28 20 all
851 1977 79 21 armed.
952 1977 10 19 I
973 1977 64 21 heard
1047 1977 43 21 Mr.
1101 1977 121 26 Thompson
1227 1979 41 23 sa'j

683 2006 47 20 that
738 2005 79 29 he^had
825 2005 94 32 b^on^hj
926 2004 38 23 .the
982 2005 55 21 book
1051 2005 26 21 of
1088 2005 38 22 the.
1133 2004 143 23 Queenf-and-

683 2029 46 24 feat
737 2033 27 19 he
770 2033 45 20 had
825 2038 39 14 not
871 2038 60 14 come
939 2028 64 24 about
1012 2038 25 14 or
1044 2031 43 21 Had
1096 2028 103 27 anything
1208 2033 23 18 to
1241 2030 26 21 do

684 2060 49 20 with
743 2055 115 25 ihe'la&d:"
870 2056 14 23 1
893 2053 117 33 al'^o^eaVd
1021 2052 138 28 soinVoff'Sie
1177 2056 90 22 Mao'rifcS

684 2094 37 19 say
728 2087 121 26 something
859 2086 64 21 about
929 2081 97 31 fighting,
1034 2087 42 19 but;
1082 2086 63 20 heard

709 2114 33 21 No
752 2114 57 26 good
815 2114 36 23 the
859 2114 78 26 Sght.f!
958 2114 10 23 {
978 2114 64 21 heard
1051 2114 44 22 Mr.
1098 2114 124 26 Thompson
1227 2113 42 20 call

686 2144 37 23 OUt
731 2142 27 20 to'
764 2135 44 30 Jr.
815 2142 94 21 Howard
919 2142 47 23 that
973 2139 35 30 $'p
1010 2147 22 14 re
1046 2147 53 14 were
1113 2144 36 22 top
1160 2144 62 22 matiy
1230 2146 37 19 pa-

687 2170 51 19 fives
748 2169 33 20 for
789 2168 67 21 them.'
869 2168 43 21 Mr.
922 2169 89 20 Howard
1018 2164 86 30 replied,
1137 2168 10 20 I
1154 2168 59 20 don't
1223 2173 46 14 care

686 2198 46 19 how
748 2203 70 19 many,
835 2196 19 20 if
872 2196 59 20 there
948 2201 34 14 are
1006 2198 36 17 ten
1226 2194 41 21 Mr.

686 2224 121 26 Thompson
817 2224 50 20 then
877 2223 67 20 called
953 2226 22 17 to
987 2223 42 20 Mr.
1039 2223 90 20 Howard
1138 2226 22 17 to
1167 2222 60 26 bring
1234 2222 35 20 the

688 2258 47 13 men
740 2259 5 16 ;
761 2251 42 20 and
820 2250 44 21 Mr.
876 2250 91 21 Howard
977 2250 87 21 ordered
1078 2251 57 19 them
1149 2253 23 17 to
1182 2250 29 19 fix
1220 2250 47 25 bay.

688 2281 58 18 oneta
757 2278 41 21 and
808 2281 22 18 to
841 2285 26 19 go
878 2278 68 20 dawn.
976 2278 46 20 One
1032 2278 46 20 half
1086 2278 24 20 of
1118 2278 35 19 the
1163 2284 48 13 men
1221 2278 49 19 then

688 2309 54 17 went
752 2306 61 20 down
830 2308 22 17 to
864 2306 34 19 the
913 2304 45 21 side
977 2305 24 20 of
1018 2306 36 19 the
1067 2307 83 22 stream,
1166 2305 41 20 and
1219 2311 51 14 were

689 2334 139 25 immediately
835 2333 72 25 joined
917 2332 28 26 by
955 2332 35 20 the
1000 2333 122 20 remainder.
1140 2332 44 21 Mr.
1192 2332 77 21 Thom-

690 2367 37 14 son
737 2361 86 20 ordered
833 2361 36 19 the
880 2367 47 14 men
938 2362 23 17 to
970 2366 27 19 go
1006 2366 49 14 over
1065 2360 36 20 the
1111 2362 83 18 stream.
1224 2360 47 19 Part

690 2387 22 21 of
721 2389 59 19 them-
788 2394 52 14 were
849 2389 22 18 in
882 2388 35 19 the
927 2389 35 18 act
971 2387 25 20 of
1003 2387 85 26 passing
1094 2394 49 14 over
1152 2387 37 20 the
1199 2387 71 23 c'aaoe,

690 2415 58 20 when
765 2422 12 13 a
797 2421 43 19 gun
861 2417 53 18 went
924 2415 36 19 off.
990 2414 11 20 I
1014 2415 79 19 believe
1102 2415 17 19 it
1128 2417 21 17 to
1159 2415 53 19 have
1221 2414 50 20 been

690 2443 122 20 accidental.
831 2442 45 20 The
884 2448 47 14 man
940 2441 120 27 whose-gun
1067 2444 56 18 went
1132 2442 29 19 off
1170 2448 41 13 was
1218 2441 53 20 close

690 2470 27 26 by
728 2476 34 19 my
771 2470 46 20 side
826 2471 22 19 at
858 2470 35 19 the
907 2469 60 24 time,
981 2469 41 20 and
1032 2475 57 14 some
1103 2469 61 26 yards
1173 2469 53 20 from
1236 2469 36 19 the

691 2501 81 17 stream.
803 2497 143 25 Immediately
954 2503 26 13 on
987 2497 36 19 the
1033 2503 43 19 gun
1086 2497 64 25 going
1158 2497 29 19 off
1195 2497 33 19 the
1236 2502 35 14 na-

691 2525 51 20 tives
752 2525 52 20 fired
814 2531 13 13 a
836 2524 68 25 volley
914 2527 96 21 amongst
1020 2530 31 18 us,
1062 2524 66 20 which
1138 2530 30 14 we
1177 2523 95 20 immedi-

691 2553 54 25 ately
752 2551 107 21 returned.
888 2551 45 20 The
942 2551 65 20 whole
1017 2551 24 20 of
1046 2551 35 20 the
1087 2554 60 23 party
1152 2551 51 20 then
1210 2551 63 25 began

692 2582 21 17 to
733 2581 77 18 retreat
829 2585 29 20 up
877 2579 35 20 the
931 2579 46 23 hill,
987 2579 62 25 firing
1058 2585 23 13 as
1096 2579 49 25 they
1159 2581 61 22 went,
1234 2578 39 20 but

691 2607 78 21 several
789 2607 24 19 of
823 2607 38 19 the
877 2612 49 14 men
939 2612 38 14 ran
991 2612 56 19 away
1055 2612 52 19 very
1116 2612 52 14 soon
1178 2605 51 21 after
1238 2605 36 21 the

692 2635 61 24 firing
763 2633 140 21 commenced.
933 2633 11 19 I
954 2633 63 20 heard
1027 2633 89 26 Captain
1128 2633 99 26 England
1236 2633 39 19 and

693 2662 44 21 Mr.
744 2661 91 20 Howard
843 2661 76 25 calling
924 2662 39 18 out
969 2663 22 17 to
999 2661 36 19 the
1042 2666 48 14 men
1095 2664 21 17 to
1123 2662 36 24 get
1162 2666 29 20 up
1198 2661 35 19 the
1238 2660 38 20 hill

693 2688 40 20 and
742 2691 22 17 to
773 2688 52 26 keep
834 2688 103 25 together.
966 2688 38 20 We
1012 2688 50 20 then
1069 2688 114 26 attempted
1190 2690 21 17 to
1218 2688 57 20 make

693 2723 12 13 a
716 2716 61 21 stand
787 2722 28 13 on
825 2716 36 19 the
870 2716 46 19 first
925 2715 66 24 brow,
999 2715 37 20 but
1042 2717 55 18 most
1104 2715 23 20 of
1134 2715 37 20 the
1178 2721 47 14 men
1234 2715 42 20 still

693 2744 50 26 kept
761 2742 122 26 retreating.
923 2742 35 21 On
977 2742 36 20 the
1027 2742 78 21 second
1121 2742 64 25 brow,
1208 2742 9 20 I
1238 2748 38 14 was

694 2770 96 26 standing
800 2770 50 20 with
863 2770 42 21 Mr.
917 2769 128 27 Thompson,
1055 2769 89 26 Captain
1154 2769 121 24 Wakefield,

697 2798 40 21 Mr.
749 2797 140 24 Richardson,
901 2796 45 22 Mr.
959 2796 98 24 Howard,
1069 2796 89 27 Captain
1172 2796 104 27 England,

695 2825 40 20 and
744 2831 13 14 a
776 2824 114 25 constable,
900 2824 40 20 but
959 2824 60 20 there
1037 2830 54 14 were
1105 2824 79 21 several
1202 2825 24 19 of
1243 2824 35 21 the

695 2859 47 14 men
751 2852 73 21 within
834 2858 12 13 a
857 2852 38 19 few
905 2851 70 27 yards.
1004 2851 11 20 I
1026 2857 41 14 was
1074 2852 45 24 just
1127 2852 65 25 going
1201 2854 23 18 to
1233 2852 45 23 fire,

695 2880 59 20 when
763 2880 88 26 Captain
857 2878 115 21 Wakefield
978 2878 44 21 told
1033 2885 33 14 me
1073 2881 22 18 to
1105 2879 67 20 throw
1177 2880 61 19 down
1245 2885 34 19 my

696 2914 63 17 arms,
773 2907 68 20 which
850 2907 13 20 I
872 2906 44 21 did.
945 2906 89 24 Brooki,
1046 2907 37 19 the
1095 2906 132 26 interpreter,
1237 2906 44 20 and

697 2934 88 26 Captain
800 2933 119 22 Wakefield
931 2934 49 19 held
996 2940 28 19 up
1039 2934 64 19 white
1112 2933 167 24 handkerchiefs,

697 2963 40 18 and
747 2962 66 20 called
823 2964 37 17 out
894 2960 51 21 Kati
1004 2961 44 20 The
1058 2960 79 21 natives
1149 2961 50 20 then
1209 2961 72 20 ceased

697 2989 61 26 firing
766 2992 22 17 at
797 2995 32 17 us,
841 2988 38 21 but
888 2988 45 21 still
942 2988 51 20 fired
999 2991 21 17 at
1031 2988 59 20 those
1100 2988 45 20 who
1153 2995 55 13 were
1217 2988 65 20 below

698 3017 40 19 and
747 3016 92 26 running
848 3022 63 19 away.
943 3016 89 26 Captain
1041 3014 118 22 Wakefield
1168 3016 51 20 then
1235 3015 46 20 told

698 3044 35 20 the
742 3050 49 14 men
802 3046 21 17 to
839 3043 47 25 give
895 3049 29 20 up
934 3043 55 19 their
1004 3049 62 18 arms,
1077 3043 42 20 and
1129 3042 11 20 I
1149 3049 51 20 gave
1209 3049 29 20 up
1248 3049 35 20 my

698 3070 84 22 musket
792 3073 22 17 to
824 3076 41 14 one
874 3069 24 21 of
905 3070 37 20 the
951 3069 87 21 natives.
1069 3069 10 21 I
1089 3070 43 20 also
1143 3076 41 14 saw
1195 3070 88 26 Captain

699 3097 116 22 Wakefield
829 3097 46 26 give
891 3104 28 19 up
936 3103 13 14 a
958 3097 64 26 pistol
1037 3099 23 18 to
1071 3103 40 14 one
1119 3097 25 20 of
1151 3097 36 21 the
1196 3097 87 21 natives.

700 3125 10 21 I
721 3125 50 21 then
785 3127 56 18 went
855 3131 28 20 up
893 3125 37 20 the
939 3125 39 19 hill
986 3131 13 13 a
1014 3125 60 19 short
1087 3125 93 20 distance
1193 3125 23 19 in
1226 3130 58 15 com-

700 3159 54 20 pany
763 3152 52 20 with
824 3151 29 21 all
864 3153 34 19 the
903 3152 126 25 gentlemen.
1060 3151 60 22 Most
1129 3152 24 20 of
1161 3152 36 20 the
1204 3152 80 20 natives

700 3181 51 19 then
761 3186 57 14 came
836 3185 36 20 up,
889 3179 42 21 and
946 3185 53 14 were
1017 3179 142 26 immediately
1173 3179 72 26 joined
1257 3179 29 26 by

702 3207 130 26 Rauparaha,
841 3207 43 23 ajid.
897 3207 57 23 J&gn
973 3206 139 25 RaffgihfiClUa
1130 3212 59 16 r-^mn
1201 3213 29 19 up
1244 3206 44 16 anA,

698 3234 73 23 joined
780 3235 65 22 them,
856 3233 41 21 and
907 3233 50 24 they
964 3235 33 18 sat
1006 3233 60 20 down
1074 3233 23 20 in
1104 3240 13 13 a
1123 3233 71 20 circle.
1224 3233 10 20 I
1245 3239 41 14 saw

700 3246 269 36 tw^fcaveiMwa&
977 3255 91 25 iem
1064 3267 27 19 as
1093 3273 2 6 ,
1100 3255 9 9 r
1107 3254 181 32 ts&&iJx*i&

701 3289 67 20 field's
778 3289 41 19 and
829 3288 43 20 Mr.
883 3288 144 26 Thompson's
1043 3290 66 21 coats,
1119 3287 41 21 and
1171 3287 10 21 I
1191 3287 44 21 also
1246 3294 40 14 saw

702 3321 57 15 some
778 3315 25 20 of
820 3316 36 20 the
875 3315 81 21 natives
975 3315 22 19 in
1013 3315 37 20 the
1069 3317 34 17 act
1119 3315 25 19 of
1160 3315 72 26 taking
1242 3315 43 20 Mr.

702 3343 141 26 Thompson's
864 3343 73 19 watch.
968 3341 10 21 I
998 3342 50 20 then
1065 3342 82 26 slipped
1155 3348 57 19 away
1221 3342 66 20 under

702 3370 36 20 the
753 3372 99 25 pretence
870 3369 23 21 of
911 3369 87 26 making
1013 3370 70 23 water,
1094 3369 40 20 and
1150 3371 37 23 got
1196 3369 45 21 into
1251 3370 35 19 the

702 3397 45 21 fern
759 3397 42 20 and
817 3396 37 21 hid
870 3397 85 25 myself.
983 3396 84 21 Almost
1081 3395 141 27 immediately
1234 3397 52 19 after

703 3424 83 26 getting
795 3424 46 20 into
850 3424 36 20 the
895 3424 47 19 fern
952 3423 12 20 I
971 3423 65 21 heard
1040 3429 58 15 some
1107 3429 87 20 persons
1204 3424 84 26 passing

703 3458 51 14 near
770 3457 41 18 me,
822 3451 42 20 and
879 3450 65 21 heard
959 3456 41 14 one
1013 3450 25 21 of
1049 3450 58 20 thm
1121 3450 21 27 (I
1155 3450 78 21 believe
1243 3450 43 21 Mr.

722 3478 82 26 toward)
814 3477 37 27 'say
892 3478 42 20 For
950 3477 65 20 God's
1032 3477 56 24 sake,
1098 3477 20 21 if
1128 3484 32 14 we
1170 3484 34 14 are
1213 3480 22 18 to
1246 3478 40 24 die,

721 3509 13 18 it
742 3513 26 13 us
778 3506 33 20 die
971 3505 11 19 1
999 3506 78 19 cannot
1086 3511 36 20 say
1130 3505 48 23 who
1187 3506 19 19 it
1214 3511 41 14 was
1265 3506 23 19 in

719 3539 88 21 ompany
815 3532 52 21 with
876 3532 36 21 the
926 3537 77 21 person
1011 3532 69 20 whom
1090 3532 11 20 1
1117 3532 79 21 believe
1204 3534 23 18 to
1236 3533 52 20 have

720 3567 37 14 een
768 3560 45 21 Mr.
820 3559 99 21 Howard.
949 3559 10 20 I
969 3558 42 21 had
1019 3564 39 15 not
1067 3559 45 20 lain
1120 3559 24 20 in
1152 3560 37 20 the
1198 3560 46 19 fern
1253 3562 35 18 ten

717 3588 79 20 linutes
804 3586 61 21 when
879 3586 11 21 I
899 3586 67 21 heard
973 3586 65 20 about
1046 3586 41 20 five
1095 3593 54 19 guns
1157 3587 60 20 fired.
1245 3587 43 20 Im-

716 3615 101 25 aediately
826 3614 54 21 after
900 3614 37 20 the
952 3614 63 25 firing
1024 3613 12 20 I
1044 3614 65 20 heard
1124 3620 14 13 a
1147 3614 75 24 sound,
1236 3620 22 15 as
1271 3614 19 21 it

714 3642 93 28 ippeared
817 3643 22 19 to
848 3647 42 19 me,
900 3640 25 21 of
939 3647 13 14 a
961 3640 84 26 beating
1054 3647 25 15 or
1093 3641 113 27 chopping,
1220 3641 68 21 which

713 3670 4 19 [
736 3669 105 27 supposed
857 3670 23 18 at
896 3669 38 20 the
950 3668 51 20 time
1010 3670 23 18 to
1049 3668 27 20 be
1080 3668 41 20 -the
1131 3668 82 21 natives
1222 3670 66 19 toma-

712 3697 91 25 lawking
820 3697 36 20 the
873 3696 64 20 white
952 3695 75 26 people
1036 3702 5 17 ;
1056 3696 41 19 but
1106 3696 11 19 I
1125 3696 66 20 heard
1199 3702 28 14 no
1238 3696 51 20 cries

710 3730 35 14 nor
754 3723 134 25 screamings.
917 3722 11 20 I
942 3728 42 14 was
993 3722 64 20 about
1067 3724 78 24 twenty
1154 3723 61 26 yards
1227 3723 37 23 off,
1278 3722 10 21 I

709 3751 83 24 believe,
810 3750 55 21 from
881 3750 38 20 the
936 3752 48 24 spot
999 3750 67 20 where
1081 3750 55 20 their
1150 3750 72 21 bodies
1238 3756 52 15 were

708 3778 65 20 found

739 3812 25 25 A
775 3812 130 31 deputation
915 3811 121 31 appointed
1044 3815 25 19 at
1080 3819 14 16 a
1102 3811 79 31 public
1191 3812 99 30 meeting

707 3850 23 19 at
740 3845 89 24 Nelson
841 3849 23 19 to
873 3852 87 23 convey
971 3849 23 19 to
1015 3844 158 24 Government
1192 3845 37 23 the
1251 3844 39 24 de-

707 3879 111 31 positions
840 3877 67 24 taken
932 3877 71 29 there,
1024 3877 44 24 and
1089 3881 23 19 to
1134 3885 95 23 express
1253 3877 38 24 the

707 3912 133 24 sentiments
856 3911 25 23 of
895 3911 40 23 the
957 3911 145 30 community,
1122 3910 126 31 proceeded
1268 3915 23 19 to

707 3943 123 25 Auckland
842 3943 87 31 shortly
938 3943 59 24 after
1011 3943 39 24 the
1069 3943 126 25 Massacre.
1241 3943 51 24 The

230 55 336 43 SUP&LEMfiMf
595 61 68 35 TO
690 60 106 36 TH3B
819 54 359 41 EW2EALANB
1478 56 104 36 AND
1607 52 345 44 WELLINGTON
1977 49 303 38 SPECTATOR.

663 138 144 29 tomahawked
822 144 54 22 after
892 146 51 25 they
957 145 41 20 had
1015 144 145 21 surrendered.
1190 144 11 21 1
1211 144 38 20 did.

664 176 38 17 not
711 173 95 27 perceive
815 179 42 19 any
864 173 104 25 gun-shot
982 172 86 20 wounds
1085 177 29 14 on
1125 177 41 20 any
1176 171 24 20 of
1211 172 36 19 the

664 200 71 21 bodies
749 201 75 25 except
831 214 3 6 .
840 200 133 21 Gardener's.
1008 199 63 21 None
1086 199 26 20 of
1123 199 37 20 the
1174 198 73 20 bodies

664 233 53 15 were
726 227 101 26 stripped,
831 227 40 20 but
879 226 89 27 Captain
974 225 135 22 Wakefield's
1116 228 55 21 coat,
1178 225 69 20 waist-

664 256 55 24 coat,
729 254 42 20 vhd
780 254 67 20 watch
862 259 53 14 were
925 254 94 25 missing.
1047 253 46 20 The
1110 252 72 21 bodies
1194 257 53 15 were

664 281 67 20 found
746 279 125 28 apparently
888 280 23 20 in
927 280 37 20 the
980 280 93 26 position
1086 280 27 19 in
1121 280 68 19 which
1198 278 52 26 ttiey

664 308 45 21 fell.
737 308 40 20 We
781 308 71 20 -found
862 307 35 20 the
912 307 74 20 bodies
1001 307 24 20 of
1038 306 45 22 Mr.
1093 306 98 21 Patchett
1207 306 42 20 and

664 335 87 26 Tyrrell,
763 334 112 25 Northam,
885 334 41 20 and
944 334 76 24 Smith,
1032 334 21 19 in
1071 334 89 20 another
1170 335 48 25 part
1227 332 25 20 of

665 363 35 19 the
710 362 82 26 ground
798 368 7 19 ;
815 361 59 21 these
882 367 54 16 were
945 362 37 20 the
991 367 94 21 persons-
1090 361 46 20 who
1146 360 41 21 had
1196 360 53 21 been

665 390 48 20 shot
723 389 22 21 in
756 389 36 23 the
801 389 58 26 early
866 391 49 23 part
924 388 25 20 of
961 388 37 20 the
1006 389 143 24 engagement.
1171 387 79 20 Whilst

665 416 60 26 lying
733 416 28 20 in'
765 416 36 20 the
810 415 47 21 fern
867 415 12 20 I
976 421 63 20 many
1048 415 60 20 shots
1123 414 54 20 fired
1185 416 22 19 at
1216 414 33 20 in-

665 442 78 22 tervals*
751 443 24 20 of
787 443 65 20 about
861 443 39 19 five
910 443 100 19 minutes.
1038 441 11 20 I
1055 441 65 20 heard
1125 441 37 20 the
1170 441 80 20 natives

665 471 75 25 during
749 471 37 19 the
795 469 67 21 whole
871 469 24 20 of
906 469 44 20 this
966 469 54 19 time
1036 468 100 26 shouting
1146 468 41 20 and
1203 467 48 21 hal-

665 498 79 25 looing,
754 497 40 22 but
801 497 38 21 .did
848 498 38 19 not
902 496 84 21 discern
1003 496 36 20 the
1055 495 69 21 voices
1141 495 24 20 of
1176 500 41 21 any
1228 494 24 21 of

666 531 40 14 our
715 527 69 24 party.

2437 50 27 35 f
