3278 4250
199 51 407 366 Hot
742 51 678 366 Lakes
1556 51 1357 366 Chronicle.

651 364 613 50 TOURISTS'

2068 372 606 47 CTOTTI^ILT^Xj.

967 553 375 61 Circulating
1410 552 374 65 throughout
1854 556 147 50 New
2067 557 268 50 Zealand.

93 648 78 26 VOL.
185 649 13 23 3
211 646 50 26 iNO
274 645 45 25 153

1118 647 193 31 ROTORUA,
1333 646 77 31 N.Z.,
1432 646 231 29 WEDNESDAY
1686 649 223 27 NOVEMBER
1923 652 22 26 6,
1969 652 59 22 1395

2741 654 412 31 PRICE—THKEEPENCE

80 738 26 25 BY
118 738 84 24 SPECIAL
228 738 73 41 Hgg
313 736 146 25 APPOINTMENT

110 786 58 27 ASK
192 785 143 26 GROCERS
361 785 55 24 FOR

111 1051 157 26 CEYLON

113 1086 129 26 INDIAN
273 1086 30 26 &

111 1121 179 26 BLENDED
327 1128 14 3 -

186 1160 150 20 AWARDED

87 1189 67 25 GOLD
164 1188 55 25 AND
230 1188 95 23 SILVER
336 1187 107 24 MEDALS

102 1230 56 26 Why
172 1230 44 25 buy
231 1228 94 20 Inferior
339 1228 56 20 Teas
409 1228 63 20 when

58 1263 41 21 you
113 1262 39 15 can
166 1257 36 25 get
215 1255 24 20 N.
255 1255 27 20 M.
298 1254 16 20 &
331 1254 53 21 Co.'s
398 1254 24 20 at
436 1254 36 20 the

58 1289 57 16 Mme
129 1283 63 26 price.
225 1281 34 20 All
273 1281 76 20 others
367 1286 38 14 are
421 1281 48 25 only

58 1310 69 26 topics
144 1310 23 19 in
185 1314 70 17 name,
270 1307 44 20 and
335 1312 37 15 are
388 1306 83 26 pushed

58 1336 33 21 Iti
103 1336 62 21 extra
178 1334 71 27 profit.

103 1371 14 12 A
125 1369 43 18 proof
178 1369 16 13 of
205 1369 26 12 the
243 1367 91 18 superiority
345 1367 16 13 of
369 1366 19 14 N.
400 1366 21 14 M.
430 1366 10 14 &

89 1387 37 14 _».'s
136 1387 36 12 Tens
178 1386 13 13 is
200 1386 26 12 the
236 1385 30 13 fact
276 1384 32 14 that
317 1382 74 17 although
397 1383 43 12 there

86 1407 26 9 ire
120 1401 76 14 hundreds
207 1402 16 12 of
233 1401 53 16 packet,
296 1402 31 11 teas
338 1403 19 10 on
368 1399 27 13 tho
404 1403 29 9 roar-

87 1419 30 15 ket,
134 1419 18 13 N.
164 1418 21 14 M.
198 1418 11 13 &
224 1418 39 13 Co.'s
278 1418 37 12 Teas
330 1420 25 9 aro
371 1414 14 15 fa
404 1416 36 12 such

87 1435 62 14 demand
158 1434 33 14 that
204 1434 36 16 they
251 1433 28 14 sell
291 1433 51 16 nearly
353 1432 87 14 one-f"'"-"'

87 1451 15 15 Of
118 1451 25 14 the
160 1451 47 13 whole
225 1450 15 13 of
256 1449 27 14 the
300 1451 24 12 tea
341 1452 52 10 consul

57 1471 98 27 SOLD
191 1468 274 26 EYERYWHERF

240 1541 114 18 ORTHERN
388 1540 86 18 STEAM-

214 1557 18 26 N
261 1563 56 17 SHII*
355 1561 119 19 COMPANY.

281 1585 109 18 LIMITED.

179 1628 61 19 TIME
265 1628 83 18 TABLE.

56 1651 77 18 Weather
139 1651 32 17 and
178 1652 47 17 other
232 1652 128 17 circumstances
368 1650 106 24 permitting,

96 1693 73 14 Srpnmpr
221 1693 2 24 j
279 1694 17 17 D
298 1701 8 11 a
308 1696 16 15 te
333 1694 17 17 of
365 1694 70 21 Sailing'.

55 1734 76 16 LEAVE
137 1734 133 16 AUCKLAND
280 1735 47 15 FOR
336 1734 134 16 TAUR.sNGA

54 1766 90 17 Waiotihi
188 1766 142 22 Every.Tuesday
338 1769 17 14 at
364 1768 9 14 6
381 1772 41 15 p.m.

54 1788 110 16 Chelmsford
209 1800 12 9 ~
252 1788 64 21 Friday
325 1790 18 14 at
352 1790 10 14 3
371 1793 41 16 p.m.

252 1809 102 22 Passengers
366 1809 45 21 only.

52 1844 75 17 LEAVE
139 1842 134 19 TAUBANGA
280 1842 48 16 FOR
336 1841 138 17 AUCKLAND.

54 1875 111 15 Cjielmsfohd
209 1885 11 9 ~
262 1875 77 18 lucsday
356 1875 18 13 at
383 1875 9 11 ±
400 1875 40 16 p.m.

54 1896 91 16 WiiOTAHi
209 1907 10 7 „
251 1894 64 20 Friday
345 1894 18 15 at
389 1894 8 13 i
413 1897 41 15 p.m.

134 2004 49 27 Do
197 2004 61 26 not
272 2002 125 34 Forget

92 2114 197 40 curiosity'shop
339 2123 108 33 museum;

108 2180 122 26 Opposite
240 2178 86 22 Grand
336 2178 87 26 Hotel,

87 2225 122 26 PRINCES
219 2225 55 30 ST.,
287 2223 158 28 AUCKLAND.

262 2366 7 19 :
297 2366 152 19 HOTEL.

167 2395 90 22 Wakefield
269 2396 31 26 St.,
310 2396 92 22 Auckland.

104 2430 132 34 Newman
284 2432 122 31 Meider

184 2734 42 29 m
248 2734 2 30 ■
259 2738 11 13 *
289 2739 48 25 m

64 2867 3 26 '
73 2874 62 19 Having
145 2872 47 16 taken
202 2871 27 15 tlio
243 2871 51 14 above
304 2870 108 16 well-known
424 2867 44 16 Hote

65 2893 22 16 •ill
97 2893 17 15 be
125 2893 36 19 glad
170 2893 16 14 to
196 2895 24 11 see
231 2890 32 15 and
273 2890 76 15 welcome
360 2889 22 15 all
402 2888 25 15 bis
447 2886 24 16 old

222 2909 66 17 friends.

136 2938 50 18 ONLY
196 2937 39 18 THE
241 2936 53 18 BEST
302 2935 80 19 BRANDS

108 2966 16 16 of
130 2966 53 15 Wines
188 2965 31 15 and
227 2965 61 19 Spirits
295 2964 40 20 kept
344 2963 16 15 in
368 2962 49 16 Stock

94 2993 106 18 SPARKLING
208 2992 55 18 XXXX
271 2992 38 17 ALE
316 2996 21 13 on
351 2990 78 21 draught.

56 3022 47 14 Ererv
110 3020 101 16 convenience
222 3020 86 16 combined
318 3018 40 16 with
366 3017 63 19 civility
439 3016 32 16 and

72 3041 64 16 comfort
143 3041 24 14 for
174 3041 67 17 country
254 3039 64 15 visitors
325 3038 33 15 and
365 3037 86 16 Boarders.

118 3150 86 19 EDWIN
222 3149 177 19 ROBERTSON'S

141 3356 147 20 TELEGR
303 3356 16 21 1
328 3356 17 20 P
353 3356 22 19 II

61 3379 38 48 R
100 3380 70 22 OYAI
218 3382 56 47 M
275 3382 50 20 AXL
373 3379 43 51 L
419 3380 11 21 I
431 3380 21 21 N
453 3380 19 21 E

219 3435 78 18 —or—

109 3466 294 44 COACHES

57 3523 61 20 Leave
132 3525 31 19 the
177 3525 89 26 Booking
285 3525 69 23 Office,
373 3525 98 24 Rotorua,

104 3550 30 19 i'or
255 3559 57 15 every
328 3551 91 26 Monday

190 3578 36 20 and
246 3578 79 26 Friday.

59 3601 87 27 Buggies,
160 3604 91 24 Coaches,
262 3605 37 19 and
311 3604 73 20 Saddle
396 3604 75 19 Horses

99 3636 22 13 on
132 3630 39 19 hire
181 3633 19 17 at
210 3631 35 19 the
255 3631 88 19 shortest
352 3631 73 19 notice.

153 3683 72 16 TERMS
235 3683 135 17 MODERATE.

82 3730 104 25 Telegrams
201 3732 116 26 punctually
332 3731 96 20 attended
445 3733 26 18 to.

80 3782 31 20 No
125 3784 72 25 parcels
211 3785 59 19 taken
285 3789 69 16 unless
382 3784 89 26 prepaid.

130 3836 95 21 EDWIN
241 3838 176 20 ROBERTSON.

323 3864 122 26 Proprietor.

125 3937 139 21 INSURE
292 3939 106 21 WITH

61 3965 43 16 THE
118 3967 70 15 SOUTH
200 3968 92 16 BRITISH
303 3969 53 15 FIRE
369 3968 13 16 &
396 3970 75 15 MARIN

127 3994 40 16 Coy.
175 3995 28 15 OP
212 3995 53 16 NEW
275 3996 112 17 ZEALAND.

55 4018 68 16 Cahtal
376 4022 96 19 .£1.900,000

110 4043 84 16 Unlimited
203 4045 61 19 libality
269 4045 18 16 of
292 4045 121 17 Shareholders.

56 4065 48 20 Being
111 4071 9 10 a
127 4066 67 17 Colonial
201 4068 94 16 jfnstitution
304 4069 58 16 Profits
366 4074 29 11 are
398 4069 73 17 invested

226 4088 62 21 locally.

59 4112 44 16 Head
116 4114 51 19 Office,
388 4118 83 14 Auckland

64 4138 45 16 local
123 4139 52 21 Agent
339 4143 47 16 J.W.

500 2224 64 19 Under
579 2224 30 20 the
618 2224 140 26 distinguished
763 2225 112 25 Patronage
881 2227 23 23 of
910 2225 42 21 His
960 2225 117 25 Excellency
1091 2226 54 20 Lord
1158 2226 119 27 Carrington,
1291 2227 92 19 Governor

577 2253 24 23 of
607 2252 49 19 New
666 2251 61 20 couth
739 2251 118 27 Wales,and
866 2253 54 18 Lord
932 2253 82 23 Onslow,
1027 2252 98 20 Governor
1134 2253 25 26 of
1162 2253 47 20 Sew
1217 2254 87 19 Zealand

498 2322 327 67 STMR
882 2293 497 100 IhOTBU

675 2399 45 42 T
743 2401 44 40 A
814 2401 114 40 UR
952 2401 43 40 A
1023 2401 41 42 N
1094 2401 41 42 G
1162 2402 56 46 A.

495 2485 98 71 TH
602 2485 24 31 E
671 2485 105 31 STAR
862 2485 166 32 pronounced
1040 2485 34 33 by
1087 2487 33 23 it&
1135 2487 108 24 Patrons
1257 2495 25 16 to
1295 2486 31 25 be
1340 2486 43 24 the

579 2519 58 24 best
648 2519 69 23 built
724 2518 51 24 and
783 2519 57 23 best
851 2518 137 26 furnished
1000 2519 81 24 Hotel
1093 2519 27 24 in
1129 2521 44 23 the
1186 2520 87 25 North
1286 2519 97 25 Island.

529 2562 139 28 Private
682 2562 112 27 Suites
807 2563 27 23 of
846 2564 168 30 Apartments
1025 2563 39 24 for
1078 2564 128 25 Families.

665 2601 136 33 Sample
812 2601 126 27 Sooms
948 2602 41 25 for
1002 2603 169 24 Commercial
1185 2603 162 25 Gentlemen.

679 2641 147 32 Telegrams
838 2641 100 24 receive
950 2643 104 30 prompt
1063 2642 136 24 attention.

530 2684 112 25 Coaches
659 2684 73 25 leave
745 2682 45 26 the
802 2683 82 24 Hotel
889 2683 43 25 for
942 2684 45 24 tin
1006 2681 80 28 Lakes
1098 2692 33 16 ou
1150 2685 96 23 arrival
1266 2685 27 23 of
1314 2684 35 25 all

570 2720 131 22 steamers.
738 2716 102 33 .Special
853 2717 114 31 Buggies
980 2717 51 24 and
1044 2718 92 23 Saddle
1150 2718 92 24 Horses
1256 2726 45 16 can

661 2751 32 24 be
703 2749 120 26 obtained
838 2750 37 23 for
889 2750 34 24 all
936 2752 70 30 parts
1019 2750 27 25 of
1058 2751 45 24 the
1114 2752 116 30 country.

533 2789 144 26 First-class
696 2789 98 32 Sailing
812 2789 51 24 and
884 2789 7 23 1
900 2789 93 31 'owing
1013 2790 77 23 Boats
1108 2789 40 25 for
1166 2789 120 25 Pleasure
1300 2789 49 24 and

820 2822 109 32 Eishing
942 2823 107 23 Parties.

527 2866 53 24 The
594 2866 138 24 Saltwater
746 2864 113 32 Bathing
872 2865 118 24 Pavilion
1001 2865 21 23 is
1035 2864 92 26 within
1139 2866 74 23 three
1226 2864 121 25 minutes'

794 2897 69 26 walk
874 2897 28 25 of
910 2898 47 25 the
976 2898 106 26 ''Star."

494 2967 125 48 3ML.
736 2937 642 86 KEiIEALY,

739 3040 410 31 PROPRISTOR.

492 3144 177 67 THE
715 3141 302 70 GIUND
1075 3140 303 67 HOTEL.

525 3452 150 26 First-class
685 3451 93 32 family
790 3450 89 24 Hotel.
920 3448 131 26 Situation
1069 3447 174 32 unsurpassed
1289 3447 75 22 Patro-

492 3490 73 24 nised
577 3490 35 33 by
625 3490 69 24 their
708 3487 181 26 ifxcellencies
905 3487 45 25 the
968 3487 135 24 Governor
1115 3485 51 24 and
1178 3483 126 25 Admiral.

604 3577 148 30 Telegrams
774 3574 52 24 and
849 3574 90 24 letters
948 3572 133 33 promptly
1093 3570 122 25 attended
1226 3572 35 22 to.

917 3626 10 12 o

564 3658 91 39 MRS
684 3655 273 41 GALLAGHLR.
989 3654 284 51 Proprietress.

515 3776 70 46 W.
611 3772 289 54 THOMAS,

517 3837 255 23 MONUMENTAL
783 3836 118 22 MASON

539 3880 139 20 VICTORIA.
689 3878 104 21 STREET
803 3878 74 23 EAST,

623 3920 171 21 AUCKLAND.

525 3974 94 24 Orders
638 3973 30 24 in
689 3972 110 28 Marble,
819 3970 108 25 Granite

491 4008 50 23 and
550 4008 87 28 Stone,
647 4006 132 32 promptly
790 4004 50 24 and
847 4004 66 24 faith-

492 4041 67 32 fully
572 4040 134 25 executed.

518 4101 112 31 Designs
642 4100 51 24 and
706 4099 82 33 prices
797 4098 55 24 free
866 4105 34 16 on

625 4132 167 34 application.

981 3744 30 31 J.
1035 3743 38 31 H.
1096 3739 250 38 BUCHANAN,

986 3790 118 23 STONE
1119 3788 216 23 MERCHANT.

1044 3824 170 18 ESTABLISHED
1224 3825 46 15 1892.

946 3875 106 20 Statuary,
1072 3872 143 19 Monumental
1237 3871 38 19 aed
1294 3868 87 20 General

1119 3894 78 18 Mason.
1338 3912 15 4 _

974 3916 119 20 MAEBLE
1109 3916 62 19 AM)
1190 3912 164 23 FREESTONE

987 3983 129 32 VICTORIA
1137 3982 63 31 STRi

1039 4026 247 31 AUCKLAND-

972 4092 67 24 Desig
1080 4090 39 19 and
1140 4090 66 19 Trices
1223 4089 113 20 forwarded
1354 4094 26 13 no

737 875 4 32 •
746 879 98 26 fvonx
857 875 165 31 'ftotovizct,
1035 881 186 26 acZjtii7hZ7tr/
1233 880 138 21 interest

603 915 505 50 CKEJ^SIEIR,

1282 917 436 47 HOTEL.

967 1001 30 20 P
1023 1001 29 20 A.
1084 1001 28 20 T
1136 1001 32 21 II
1199 1001 23 20 O
1249 1000 39 21 JST
1312 1000 41 20 S:

497 1032 82 21 TSclvl
592 1033 38 26 of
637 1033 154 26 JZintore,
802 1035 87 21 Earl
899 1035 38 26 of
947 1035 145 25 Oizslo'xv,
1102 1035 208 27 2£cn^qiiisof
1318 1034 188 25 Dror/7ieolct,
1513 1051 8 4 .

598 1089 94 19 HOTEL
704 1090 34 20 has
750 1092 89 24 recently
850 1091 50 21 b:en
911 1092 140 26 considerably
1058 1093 102 24 enlarged,
1171 1093 116 23 renivoted,
1298 1092 38 20 and
1348 1091 127 19 refurnished
1486 1091 112 24 regardless
1609 1091 21 20 of
1640 1099 94 19 expense,
1811 1091 14 19 i?

565 1115 71 26 widely
647 1116 72 20 known
732 1117 33 19 for
774 1117 26 19 its
809 1118 99 20 excellent
918 1119 178 22 accommodation,
1106 1119 87 24 Cuisine,
1204 1120 33 19 etc.

783 1152 87 21 Here
882 1158 56 16 are
953 1152 55 23 the
1023 1152 99 28 Chief
1131 1152 121 27 Sights
1263 1154 37 25 of
1310 1152 54 23 the

532 1185 63 21 The
607 1185 172 26 Wonderful
791 1187 96 21 Steam
898 1188 57 20 atari
969 1188 59 20 E3ot
1040 1188 99 20 Water
1150 1188 158 27 Petrifying;
1323 1188 121 24 Geysers
1459 1187 83 24 playing
1552 1187 70 24 nearly
1633 1189 38 19 100
1680 1187 44 21 feet
1733 1188 53 25 high.

650 1211 202 28 JPet-nifyirtg
869 1213 151 27 G-eysers,
1038 1208 243 30 Cu.zzlclroixs'of
1290 1214 143 24 cEoitirtc/
1447 1213 93 26 JMu.rl
1550 1213 71 21 cuzcL
1633 1208 60 32 Oil,

683 1239 107 25 Spout
804 1239 106 26 qFjclUl,
925 1239 54 22 Oil
985 1240 104 25 J3at7t,
1103 1240 117 26 Jllxltix
1229 1241 93 20 Ecttlt
1332 1240 70 21 cuicL
1414 1238 120 22 J'acJ-c's
1545 1239 99 25 cTjo.tfi

497 1263 77 19 Known
584 1263 33 19 for
624 1263 35 20 the
665 1265 152 26 extraordinary
825 1273 57 13 cures
892 1268 18 17 ol
922 1267 143 22 Rheumatism,
1076 1267 115 24 Neuralgia,
1203 1267 111 26 Lumbago,
1322 1267 93 23 Sciatica,
1425 1266 86 24 Kidney,
1520 1266 61 19 Liver
1592 1266 39 18 and
1640 1266 58 19 other
1706 1266 119 25 complaints

663 1312 52 52 C.
755 1313 49 52 E.
1126 1346 20 4 -
1220 1346 20 4 -
1315 1346 21 4 -
1411 1346 8 18 .
1449 1346 9 18 .

941 1380 90 27 Guide
1100 1391 11 6 -
1181 1395 11 6 -
1260 1380 123 35 Sophia.

925 1504 40 25 On
984 1505 44 23 the
1049 1503 90 26 Direct
1153 1505 84 24 Route
1251 1505 26 24 to
1296 1505 123 30 Rotorua,

790 1535 38 21 For
841 1536 91 24 Scenery,
946 1536 96 20 Curative
1050 1536 114 23 Properties
1176 1537 22 20 of
1205 1538 35 19 the
1249 1537 70 24 Baths,
1327 1537 40 20 and
1378 1536 184 25 Accommodation,

553 1560 153 25 EXCEL
730 1562 100 28 JILL
853 1562 178 23 PLACES
1054 1562 56 23 OE
1131 1563 92 23 THE
1245 1559 125 28 EIjSTS)
1388 1562 64 29 IjV
1476 1562 92 24 THE
1585 1561 190 30 COLOjYT,

522 1657 64 22 These
593 1658 94 28 Springs,
699 1660 64 23 which
773 1660 32 21 for
816 1660 53 22 their
880 1660 97 22 Curative
988 1660 116 27 Properties
1115 1661 40 22 and
1169 1661 141 22 Comfortable
1325 1660 96 28 [Fittings,
1436 1660 49 23 have
1495 1662 51 21 been
1557 1661 130 27 pronounced
1700 1661 26 27 by
1741 1656 28 26 all
1788 1660 44 22 who

497 1691 48 15 uavs
556 1688 72 19 Tisued
640 1698 53 10 kuclu
703 1693 66 15 eicoiiui
779 1691 16 16 to
809 1694 46 15 none
866 1695 21 13 in
897 1688 47 20 Iscw
1079 1698 40 11 xua
1130 1695 107 15 numerous
1247 1688 135 22 testimonials
1396 1688 90 22 received
1498 1696 21 14 as
1531 1693 19 16 to
1562 1689 53 21 their
1625 1695 59 15 cures
1693 1698 40 11 nun
1744 1691 88 18 coEuort

496 1711 70 21 should
577 1713 24 20 be
612 1713 101 22 sufficient
723 1717 21 18 to
755 1715 73 20 induce
840 1716 92 20 Tourists
942 1715 41 21 aud
994 1715 70 21 others
1076 1717 20 19 to
1107 1715 48 21 visit
1165 1716 61 21 them.
1254 1716 34 21 No
1303 1719 58 19 extra
1371 1716 73 27 charge
1459 1715 18 22 is
1487 1716 56 21 made
1555 1716 35 20 for
1600 1716 34 20 the
1646 1723 34 14 use
1690 1716 21 20 of
1722 1716 34 20 the
1773 1715 58 21 baths

497 1743 19 16 to
527 1746 82 20 persons
621 1741 81 27 staying
712 1744 21 18 at
743 1742 34 21 the
786 1742 61 21 hotel.

831 1799 91 31 THE
959 1799 217 32 OKOROIRE
1214 1800 280 32 SANATORIUM

522 1834 21 20 Js
553 1836 110 20 connected
675 1836 48 20 with
736 1837 34 19 the
780 1837 133 26 Telegraphic
924 1838 80 25 System
1016 1837 21 19 of
1045 1837 33 19 the
1087 1837 84 26 Colony,
1181 1838 35 20 the
1226 1839 105 26 telegraph
1343 1838 62 20 Office
1415 1838 104 26 adjoining
1529 1838 34 21 the
1574 1838 70 21 Hotel,
1673 1838 27 20 all
1709 1838 117 25 Telegrams

497 1862 100 26 promptly
609 1863 76 26 replied
697 1866 26 17 to.

523 1919 96 24 Coaches,
634 1921 98 24 Buggies,
743 1921 38 19 and
795 1928 142 19 wonvoyanccs
949 1921 22 20 of
981 1921 26 20 all
1018 1921 59 19 kinds
1092 1921 54 19 leave
1157 1921 40 20 this
1212 1922 55 20 hotel
1277 1930 26 12 on
1313 1922 110 25 Tuesdays,
1433 1922 117 26 Thursdays
1562 1923 39 19 and
1617 1923 120 25 Saturdays,
1746 1928 22 13 or
1778 1921 54 27 daily

497 1945 15 19 if
522 1947 98 24 required.
649 1947 87 20 Persons
746 1954 21 12 en
778 1951 53 15 route
840 1947 33 20 for
883 1949 92 18 Kotorua
986 1954 32 13 are
1028 1947 103 20 therefore
1145 1949 84 19 enabled
1247 1952 19 16 to
1278 1949 47 19 visit
1335 1949 34 19 the
1386 1949 93 19 wonders
1496 1950 23 19 of
1533 1949 106 21 Okoroire.
1658 1949 39 20 and
1716 1949 61 25 enjoy
1799 1949 33 19 the

499 1971 85 21 Natural
595 1973 45 19 Hot
650 1973 65 21 Baths
725 1974 38 19 and
776 1981 11 12 a
797 1974 57 26 day's
864 1977 41 17 rest
921 1975 93 24 prerious
1024 1976 21 17 to
1061 1974 134 26 undertaking
1205 1982 11 12 a
1230 1975 85 25 journey
1326 1977 21 17 to
1357 1975 35 20 the
1403 1975 73 20 Lakes.

1025 2026 103 24 THIS
1161 2027 166 25 HOTEL

668 2057 43 19 Has
721 2057 92 26 recently
823 2058 49 19 been
884 2057 88 25 erected,
984 2057 39 20 aud
1033 2057 16 19 is
1061 2057 77 26 replete
1149 2057 48 19 with
1212 2065 59 19 every
1281 2058 86 20 comfort
1377 2058 32 19 for
1419 2058 92 20 Tourists
1522 2058 38 20 and
1571 2058 97 19 Invalids.

523 2112 192 21 Note.—Tourist's
725 2116 21 17 to
757 2112 102 28 Jfotorua!
889 2115 29 18 Be
930 2121 45 12 sure
990 2116 21 17 to
1021 2114 48 20 take
1078 2121 51 19 your
1139 2114 81 26 railway
1230 2115 76 20 tickets
1317 2115 33 19 for
1365 2114 120 21 OiconoiKii.
1516 2116 142 24 Conveyances
1670 2116 53 19 meet

497 2138 105 25 Okoroire,
613 2147 95 18 carrying
718 2147 118 18 passengers
845 2142 21 17 to
877 2141 62 19 Hotel
955 2140 43 20 free
1009 2140 21 19 of
1039 2140 79 26 charge.

1407 2302 177 31 HOBSON
1644 2303 159 31 STREET-

1452 2391 52 35 -22
1529 2389 71 37 Bed
1635 2389 146 38 Rooms.

1618 2511 28 29 ai
1669 2511 11 29 i
1713 2511 92 29 Ktn^i

1434 2608 120 37 Jtot&
1574 2608 83 37 Cold
1676 2609 116 41 Baths.

1402 2826 142 38 Terms
1559 2826 50 39 £1
1628 2838 68 38 per
1709 2826 118 37 week,

1403 2927 150 43 P.KELLY,

1401 3006 117 21 Jelefhoni
1532 3007 36 15 290.
1723 3007 104 19 Jjllliarde

1435 3036 189 31 Clarendon
1680 3037 116 34 Hotel,

1421 3077 78 18 Junciton
1517 3077 54 19 Quesn
1588 3078 35 17 and
1638 3078 90 17 Waxefiew
1736 3077 71 20 Streets,

1482 3113 184 39 AUCKLAND}
1680 3125 27 19 N.
1722 3124 23 20 Z,

1399 3177 143 18 First-class
1558 3179 220 17 accommodation
1794 3181 37 16 for

1553 3200 146 18 Travellers.

1464 3229 52 19 HOT
1525 3230 59 18 AND
1593 3230 66 18 COLD
1673 3230 94 19 BATHS.

1399 3259 49 17 BEST
1458 3259 65 17 WINES
1528 3259 12 17 &
1550 3259 81 17 SPIRITS
1637 3259 44 17 ALW
1682 3260 9 16 A
1699 3259 23 17 YS
1730 3260 21 16 IN
1758 3260 71 18 STOCK'

1461 3290 38 16 Hot
1517 3289 61 18 Lunch
1600 3291 19 16 12
1644 3292 17 14 to
1680 3292 9 14 i
1713 3290 52 23 dai'.y.

1398 3320 31 17 W.
1438 3320 97 21 LYNCH,
1707 3321 121 21 Proprietor.

1506 3354 54 18 (Jead
1571 3353 48 15 Mile
1632 3352 89 22 J^aitihe.

1426 3398 345 57 HHM

1399 3565 89 40 Ladies
1504 3566 49 39 and
1577 3565 147 41 Gentlemen

1428 3622 110 51 Seeking
1560 3634 14 28 a
1591 3623 96 50 change
1709 3624 26 38 of
1744 3624 37 38 air

1454 3678 23 41 &
1500 3690 106 39 scenery
1635 3691 45 29 can
1720 3680 51 40 find

1543 3737 219 40 accommodation
1805 3739 24 39 at

1399 3805 78 37 JWps
1538 3803 290 42 Cpuicksfeank's

1471 3866 291 61 SOMOJMA,

1402 3936 405 46 fsncraciiim^

1400 4050 95 39 Hot
1507 4050 39 38 &
1560 4050 103 39 cold
1673 4049 153 40 baths.

1433 4134 75 26 Letters
1522 4133 38 27 and
1569 4133 106 31 telegrams
1686 4132 114 32 repliedjo.

2430 741 137 36 VTFM

2480 741 147 65 EM
2707 743 186 64 SANA

2223 814 592 62 ROTORUAJJEWZEALAND.

1899 884 117 21 OTORUA.
2019 885 74 18 —This
2105 885 111 20 wonderful
2220 886 79 19 district
2308 886 16 18 is
2334 886 138 25 unparalleled
2476 886 21 19 in
2509 886 110 21 ehoknowu
2630 887 62 19 world
2702 887 71 20 fortlio
2783 887 87 20 number
2879 888 40 19 and
2929 888 76 26 variety
3015 891 21 17 of
3044 893 25 16 its
3091 891 96 19 Thermal

1878 914 16 18 SL
1925 910 91 26 Springs.
2044 911 28 18 As
2082 917 12 12 a
2103 911 71 20 health
2183 914 63 17 resort
2255 912 24 18 its
2291 911 112 26 popularity
2415 912 16 18 is
2439 912 80 26 rapidly
2529 913 119 25 increasing,
2660 913 40 18 and
2708 913 45 20 that
2768 914 86 24 entirely
2863 921 26 12 on
2898 914 26 19 its
2935 921 43 12 own
2988 916 73 18 merits,
3072 923 21 12 as
3101 917 88 19 hitherto

1846 936 87 26 nothing
1946 937 36 18 lias
1992 936 50 20 been
2053 937 52 18 done
2114 937 20 19 in
2146 937 32 20 the
2189 945 43 17 way
2247 937 21 20 of
2277 937 130 25 advertising.

1872 962 92 20 Patients
1973 962 100 26 suffering
2081 963 53 19 from
2154 962 92 25 Chronic,
2263 963 107 24 Articular,
2387 963 40 18 and
2444 964 104 19 Muscular
2566 964 148 23 Rheumatism,
2731 965 60 25 Gout,
2798 965 123 21 Rheumatic
2931 965 59 24 Grout,
3015 966 49 19 Skin
3088 968 97 24 Diseases,

1847 988 91 25 Sciatica,
1949 988 112 25 Lumbago,
2072 988 120 27 Nueralgin,
2204 990 93 18 Nervous
2315 989 133 24 Exhaustion,
2469 990 86 19 Uterine
2572 990 105 24 Ailments,
2689 992 40 18 and
2738 992 61 24 tardy
2814 992 152 19 couvalescense
2975 992 52 19 from
3036 995 57 17 acute
3102 994 87 19 diseases

1847 1021 45 18 may
1906 1014 43 25 rely
1958 1020 55 20 upon
2022 1014 107 27 obtaining
2139 1016 96 18 immense
2245 1014 63 25 relief,
2320 1016 39 18 and
2369 1015 21 19 in
2400 1015 34 19 the
2443 1016 96 25 majority
2550 1018 21 17 ol
2580 1023 55 12 cases
2644 1024 12 11 a
2665 1018 97 24 complete
2771 1025 54 12 cure.

1874 1077 8 8 j
1893 1077 36 8 in;
1943 1077 98 8 xjiui-u.
2052 1077 13 9 u
2076 1077 81 9 ii.uiL.
2160 1079 24 2 —
2188 1077 47 9 _i.iu.-j
2245 1077 17 9 u>
2270 1077 88 15 au.-uiig.tj
2372 1077 49 12 uuiu,
2434 1068 120 23 uiuminous,
2566 1068 83 25 ssulphar
2656 1070 68 23 water,
2735 1069 68 26 acting
2813 1076 22 12 as
2846 1077 10 11 a
2867 1070 99 25 powerful
2976 1070 46 18 skin
3032 1070 112 20 stimulant,
3157 1072 32 19 110

1846 1093 39 18 and
1896 1093 43 18 cold
1949 1090 87 22 showers
2046 1091 36 20 and
2094 1093 88 19 douches
2192 1100 33 12 are
2235 1093 97 25 provided
2346 1093 38 19 and
2395 1093 133 25 comfortably
2538 1094 91 18 enclosed
2638 1094 91 26 dressing
2738 1102 71 12 rooms.

1872 1117 123 21 MADAME
2007 1117 137 21 RACHEL'S
2157 1119 83 20 BATH.
2242 1119 76 19 —This
2336 1118 113 20 celebrated
2468 1119 74 26 Spring
2561 1120 16 18 is
2587 1128 12 10 a
2610 1120 66 18 Saline
2697 1122 59 18 water
2775 1121 47 20 with
2841 1122 96 23 Silicates,
2949 1122 40 18 and
3007 1122 36 19 has
3062 1129 26 12 an
3102 1122 88 19 alkaline

1846 1145 94 18 reaction.
1969 1144 43 18 The
2022 1145 61 17 water
2092 1145 17 18 is
2119 1145 41 18 nlso
2169 1145 49 19 used
2227 1145 109 24 internally
2350 1145 31 19 for
2399 1145 26 19 its
2439 1145 104 19 beneficial
2554 1146 66 18 action
2629 1152 26 14 on
2664 1146 34 19 the
2708 1147 90 25 kidneys.

1873 1170 57 20 THE
1940 1170 75 18 BLUE
2025 1169 158 20 BATH.—This
2194 1171 15 18 is
2220 1171 34 19 the
2262 1171 76 24 largest
2347 1171 80 18 natural
2434 1171 114 25 swimming
2557 1171 50 20 bath
2617 1179 21 11 m
2648 1173 33 17 the
2689 1171 101 22 Southern
2802 1173 138 26 Hemisphere.
2968 1174 20 18 It
2997 1173 75 21 affords
3080 1175 110 18 rheumatic

1847 1197 86 18 invalids
1943 1203 12 12 a
1964 1202 69 12 means
2043 1195 21 20 of
2073 1195 73 26 taking
2159 1196 88 25 painless
2258 1196 92 24 exercise,
2362 1197 62 18 which
2437 1197 47 24 tiny
2494 1197 71 26 highly
2575 1198 120 24 appreciate.

1873 1221 58 20 THE
1937 1221 136 20 SULPHUR
2078 1221 117 20 VAPOUR
2204 1222 160 20 BATH.—This
2370 1222 17 19 is
2397 1230 11 11 a
2418 1223 80 18 natural
2512 1224 35 18 hot
2556 1230 82 18 vapour,
2655 1224 71 25 highly
2735 1225 88 24 charged
2834 1226 47 18 with,
2899 1225 85 24 sulphur
3001 1232 63 17 gases,
3081 1226 109 19 conducted

1848 1248 41 19 into
1900 1256 10 11 a
1921 1248 94 24 properly
2025 1248 125 19 constructed
2160 1249 61 23 chest,
2238 1249 19 18 in
2281 1248 65 20 which
2354 1248 35 19 the
2397 1249 80 25 pationt
2485 1249 43 24 sits,
2547 1249 59 19 while
2616 1256 11 12 a
2646 1253 73 16 stream
2729 1251 21 18 of
2760 1251 95 25 palpable
2874 1251 85 26 sulphur
2965 1251 17 19 is
3002 1252 61 24 being
3078 1253 112 24 constantly

1847 1274 104 25 deposited
1960 1281 25 11 on
1995 1274 34 19 the
2039 1273 51 20 shin.

1874 1300 58 19 THE
1940 1299 173 22 ELECTRICAL
2126 1300 272 19 DEPARTMENT.—This
2407 1300 128 26 department
2550 1302 16 17 is
2574 1302 75 24 replete
2660 1302 48 19 with
2726 1303 34 18 the
2771 1306 50 16 most
2834 1303 82 19 modern
2930 1302 114 26 appliances
3056 1304 30 18 Cor
3097 1303 93 26 carrying

1848 1330 36 15 out,
1897 1326 81 19 various
1991 1326 63 18 forms
2069 1326 21 19 of
2100 1326 85 19 medical
2202 1326 99 19 electrical
2315 1329 106 16 treatment
2432 1328 20 17 in
2465 1327 52 20 their
2540 1328 92 20 entirety.

1849 1378 97 19 Resident
1956 1378 114 22 Engineer:

1927 1404 107 20 CAMILE
2047 1404 141 25 MALFROY,
2202 1406 48 19 Esq.

2701 1380 98 20 Resident
2809 1381 87 18 Medical
2906 1380 182 26 Superintendent:

2771 1407 112 19 ALFRED
2897 1406 130 24 GENDERS,
3042 1408 62 22 M.D.,

2036 1500 69 25 Hot
2121 1500 111 25 Lakes
2248 1500 35 24 of
2295 1499 85 25 New
2394 1498 158 32 Zealand,

2112 1557 9 14 »
2269 1560 8 10 t
2286 1557 9 16 §

2467 1554 158 55 House

2083 1624 21 33 j§
2117 1631 11 20 a
2142 1623 130 34 Firsi-fitese
2286 1623 143 32 Teißperancs
2443 1621 68 36 Hotel.

1959 1655 222 25 HINEMOA
2204 1655 178 27 STREET,
2401 1653 228 26 ROTORTJA,

1851 1702 75 38 THIS
1939 1702 58 20 NEW
2011 1702 53 19 AND
2077 1702 190 21 COMFOBTABLE
2280 1700 217 21 ESTABLISHMENT
2505 1700 15 19 is
2529 1700 82 20 situated
2619 1699 20 20 in
2647 1700 31 19 the
2695 1705 41 14 new

1905 1727 94 24 township
2006 1728 20 17 of
2034 1726 89 25 Rotorua,
2134 1727 49 19 close
2196 1729 20 16 to
2228 1727 33 18 the
2274 1726 127 19 Government
2413 1724 120 20 Sanatorium
2546 1725 38 19 and
2596 1724 65 23 Bnths,
2675 1724 61 19 which

2179 1751 91 23 comprise
2283 1751 31 17 the
2328 1749 104 19 celebrated

1854 1770 150 26 (Priest's
2019 1774 103 26 J3a.ni,
2136 1773 164 24 Madame
2312 1772 131 24 Ra.ch.el
2456 1771 119 29 ogaVxs
2599 1769 114 26 Chame-

1880 1799 75 25 leon.
1971 1801 136 22 JJoztclie
2123 1801 104 26 J3ath,
2251 1800 110 27 Large
2382 1799 92 26 qLjUvc
2495 1799 211 26 S-wlmming

1890 1827 102 26 Hath,
2007 1828 159 26 Sulplvizr
2182 1827 136 28 VajpovLV
2325 1825 104 27 J3ath,
2439 1826 72 22 and
2525 1825 171 23 Galvanic

2161 1854 149 26 cßattery
2323 1852 94 22 JBath

1852 1881 71 17 OYER
1935 1880 92 20 WHICH
2039 1880 86 19 LARGE
2139 1881 118 17 BATHING
2278 1878 139 20 PAVILIONS
2436 1879 73 17 HAVE
2527 1879 72 17 BEEN
2617 1878 119 18 ERECTED

1966 1904 45 18 with
2020 1909 101 15 numerous
2128 1905 92 21 Dressing
2229 1904 75 21 Rooms,
2314 1905 35 15 etc.
2376 1902 74 18 Besides
2458 1902 52 18 these
2519 1902 51 17 there
2577 1902 15 17 is
2601 1902 31 18 the

1877 1932 103 22 Pain-killer
1987 1932 47 26 Bath,
2044 1932 97 26 Coffee-pot,
2151 1932 94 21 Cameron's
2255 1931 30 21 and
2297 1931 89 21 Hinemaru
2395 1930 49 21 Baths
2455 1930 17 21 in
2483 1930 26 21 the
2517 1930 106 21 Sanatorium
2632 1930 79 21 Grounds.

1853 1981 145 25 Bathgate
2011 1981 93 24 House
2116 1981 45 24 has
2173 1981 66 24 been
2253 1980 99 32 greatly
2374 1978 119 32 enlarged
2513 1978 40 24 for
2575 1978 113 25 Tourists
2711 1987 25 16 as

1954 2014 59 25 well
2027 2022 25 16 as
2065 2015 40 23 for
2116 2015 90 31 people
2219 2013 92 32 taking
2324 2020 14 17 a
2350 2020 88 16 course
2451 2012 28 24 of
2490 2013 45 23 the
2549 2012 89 24 Baths.

2134 2071 121 24 Terms
2277 2070 185 24 Moderate.

2099 2184 395 31 PKOPEIETOR.

2294 2221 11 10 o
2397 2221 1 10 ■

1851 2238 127 17 N.B.—Most
1987 2238 19 17 of
2015 2238 53 17 those
2076 2238 43 17 who
2128 2239 44 17 visit
2180 2239 76 17 Brent's
2264 2238 24 17 do
2297 2243 20 12 so
2326 2236 83 23 through
2421 2236 32 18 tlie
2465 2236 48 17 kind
2525 2234 181 19 recommendations
2718 2234 18 18 of

2190 2262 87 22 previous
2290 2262 108 17 customers.

2764 1474 230 41 IMPERIAL
3032 1475 158 43 HOTEL,

2798 1533 128 27 FORT
2945 1532 194 26 STREET

2867 1567 210 28 AUCKLAND,

2794 1628 122 33 Splendid
2926 1627 218 29 accommodation
3153 1627 40 26 for

2759 1663 115 25 Tourists
2886 1663 51 25 und
2956 1662 149 26 Travellers.

2796 1705 173 35 High-class
2988 1703 97 29 Wines
3100 1702 58 30 and

2878 1746 106 36 Spirits
2996 1747 78 35 kept.

2794 1808 58 31 W.
2891 1808 30 31 H
2940 1791 218 54 IPEARCE,

2877 1848 197 33 Proprietor*

2822 1909 183 41 BRITOMART
3026 1907 118 43 HETEL,

2763 1973 148 37 Custom
2928 1973 120 37 House
3060 1973 129 46 Street,

2856 2030 243 31 AUCKLAND.

2761 2065 49 18 Close
2815 2068 19 15 to
2841 2066 81 22 Itailway
2928 2067 69 15 Station
3010 2066 33 16 aud
3057 2066 41 17 Post
3112 2067 13 15 0
3135 2067 44 15 ilice.

2782 2095 80 22 Superior
2878 2095 144 17 accommodation
3043 2095 28 16 fur
3089 2096 81 16 Tourists

2804 2116 96 17 Traveller*
2916 2117 35 14 and
2970 2117 76 20 Couuliy
3062 2116 86 17 Farmers.

2828 2143 100 20 TERMS
2954 2143 170 20 MODERATE.

2763 2177 71 17 None
2855 2177 44 17 but
2919 2177 133 17 first-elass
3061 2178 93 17 brands
3173 2178 24 18 of

2783 2199 63 21 Ales,
2856 2199 87 16 Wines
2952 2199 49 16 and
3009 2199 88 20 Spirits
3107 2200 63 22 kept,

2810 2271 111 38 Thos.
2967 2270 175 48 IVicEwin,

2796 2333 94 28 CITY
2987 2333 171 30 BUFFET.

2860 2378 66 33 Nexii
2944 2378 63 26 Union
3039 2378 53 26 Bank

2887 2420 83 26 Queen
2989 2420 87 24 Street,

1960 3137 173 33 ALBERT
2159 3137 184 35 STREET,
2381 3137 217 33 AUCKLAND-

2031 3233 129 38 LOUIS
2184 3233 154 45 DOYLE,
2371 3233 196 48 Manager.

1952 3408 157 39 QUEEN
2143 3409 191 38 STREET,
2365 3409 269 32 AUCKLAND,

2067 3477 102 21 UNDER
2197 3478 68 21 NEW
2289 3476 237 22 MANAGEMENT.

2037 3523 241 49 JOSEPH
2282 3509 49 4 -
2335 3509 211 63 :McRAE

1924 3579 71 32 (Late
2008 3579 25 24 of
2046 3579 40 24 the
2099 3580 67 23 Lake
2177 3581 86 23 House
2272 3579 46 24 and
2333 3579 83 24 Palace
2431 3579 95 29 Motels,
2540 3579 127 32 Rotorua),

2117 3614 38 25 Has
2166 3614 43 30 just
2221 3614 58 26 taken
2293 3619 46 19 over
2352 3613 40 25 tills
2402 3613 63 31 Hotel,

1847 3646 134 21 Travellers
1994 3646 48 20 will
2062 3647 49 19 find
2129 3653 68 19 every
2216 3647 98 20 Modern
2337 3647 168 20 Convenience
2526 3646 132 21 combined
2675 3647 56 19 with

2099 3674 91 25 Civility
2202 3674 48 20 and
2265 3674 99 25 Prompt
2374 3674 132 20 Attention.

1873 3725 42 21 The
1926 3726 97 19 situation
2042 3726 21 19 of
2077 3726 35 20 the
2266 3726 82 20 renders
2363 3726 16 19 it
2397 3725 96 26 specially
2516 3725 119 21 convenient
2649 3726 32 19 for
2699 3726 33 19 the

1847 3752 117 25 Travelling
1973 3752 73 19 Public
2063 3752 40 19 and
2118 3752 86 20 Visitors
2220 3755 20 17 to
2254 3753 35 19 the
2305 3753 47 24 City
2366 3752 52 20 ircm
2432 3753 35 18 tlio
2486 3752 90 25 Country
2594 3752 28 25 by
2641 3752 53 18 train
2712 3758 20 13 01

1847 3781 94 16 steamer.

1848 3803 113 26 Special
1981 3803 236 27 Arrangements
2239 3803 84 24 made
2349 3803 43 21 for
2412 3804 49 20 Iho
2489 3803 196 21 convenience
2707 3803 25 21 ol

2217 3831 144 21 Families.

1849 3911 133 40 finrt-cfass
1993 3918 101 32 l&Ufiarß
2109 3918 91 34 glooms.
2234 3921 81 28 Valines
2334 3927 41 20 ano
2391 3920 87 33 %iciis
2493 3920 23 27 of
2528 3921 35 30 tijc
2574 3920 46 27 best
2635 3920 97 28 Hranbs.

1989 3951 123 33 Imnfoch's
2127 3953 63 31 pvt;c
2254 3951 3 35 :
2263 3955 13 26 V
2289 3954 45 28 Etc
2347 3953 82 31 alfoap
2442 3961 25 18 on
2481 3953 113 33 gvauaiit.

1870 4031 205 52 PCi,
2094 4031 49 38 R
2181 4028 410 43 ROBERTSON'S
2617 4027 115 38 Line

1849 4122 261 46 Tauranga,
2174 4125 215 39 Rotorua
2428 4123 94 38 and
2568 4121 164 44 Taupo

2855 2528 46 17 Mca
2910 2534 9 11 s
2943 2528 20 17 at
2987 2526 26 18 ;ill
3038 2526 67 19 liuurs.

2763 2590 24 12 ••/
2801 2587 3 20 1
2848 2587 12 15 L
2891 2587 13 15 E
2935 2587 16 14 X
2982 2587 14 14 A
3026 2587 13 15 L
3070 2587 14 16 V
3115 2590 13 13 u
3159 2588 22 19 X,

2862 2625 108 18 SYJJONBS
2982 2625 90 17 STKEET.

2773 2652 87 20 (Eoriuorlj
2871 2652 26 15 Sir
2903 2652 51 15 Fred.
2968 2652 100 16 Whitukw's
3081 2652 103 20 Residence),

2898 2680 93 20 Tolefhouo
3003 2681 34 14 oil.

2783 2714 14 14 A
2807 2714 36 15 Few
2852 2714 58 16 Ladies
2918 2714 32 16 and
2959 2713 157 16 Geiitleincuciuilio
3121 2718 60 12 accomo-

2762 2733 49 15 dated
2820 2736 39 12 witli
2867 2733 77 21 Superior
2952 2734 55 15 Beard
3018 2735 33 14 and
3064 2733 92 16 Residence.

2782 2758 34 15 The
2823 2759 50 16 house
2882 2765 13 9 is
2907 2758 70 16 situated
2992 2765 18 8 sn
3022 2759 44 20 Ltfgc
3077 2759 78 20 grounds,
3163 2763 28 11 one

2762 2778 94 15 coaiiuuuds
2862 2779 104 17 magnificent,
2975 2778 48 15 views
3033 2780 16 13 oi
3061 2780 29 14 the
3098 2778 78 16 harbour.

2780 2805 61 18 Xenujs
2850 2806 56 14 Lawn.

2781 2833 34 16 Ton
2824 2833 74 16 minutes'
2909 2833 42 17 walk
2964 2834 42 15 from
3011 2834 28 15 the
3051 2834 35 15 Post
3097 2834 55 17 Office.

2782 2860 38 16 Oars
2828 2861 31 16 and
2869 2862 61 15 Busses
2937 2867 37 14 paws
2982 2862 27 14 iliu
3023 2865 77 12 eiitiance
3110 2865 44 17 gate.

2771 2923 8 24 |
2916 2922 83 25 visiting
3023 2923 103 19 Auckland
3154 2923 37 19 wili

2783 2966 6 4 .
2807 2954 40 12 una
2855 2949 168 19 ucconiinodutiau
3032 2953 19 15 ut
3062 2949 56 19 JJeila
3131 2952 6 16 \
3145 2954 46 19 i*ta,

2843 2996 118 21 Waterloo
2974 2997 132 26 Quadrant,

2827 3046 91 32 Opposite
2932 3046 130 26 Government
3075 3046 69 27 House.

2787 3102 49 21 And
2859 3107 58 16 near
2948 3101 116 21 Northern
3093 3102 69 21 Club.

2830 3156 79 37 .Mps
2942 3155 174 48 .Norman,

2822 3226 285 45 Proprietress.

2759 3294 57 19 THE
2860 3293 144 20 NATIONAL
3053 3292 136 21 CARBOLIC

2759 3356 49 20 The
2818 3356 56 21 best
2884 3357 48 19 and
2945 3357 121 24 cheapest
3077 3356 112 20 Carbolic

2761 3384 162 20 Disinfectant
2961 3384 98 19 Powder
3105 3384 82 20 before

2896 3411 42 20 the
2959 3411 90 25 public.

2759 3439 89 25 Strong
2858 3445 22 14 in
2900 3440 91 22 action,
3013 3439 130 25 agreeable
3164 3440 23 20 in

2931 3466 82 24 suit!!,

2760 3494 103 16 Purines
2880 3493 41 16 the
2940 3493 38 16 air
3000 3494 49 15 and
3073 3494 114 20 prevents

2869 3514 207 58 CaRBTtIUMP.

2883 3579 99 21 WAKNOCK
3017 3579 45 26 Bros,

2833 3604 58 21 Works
2900 3605 41 20 Coxs
2949 3604 54 20 Creek.
3014 3603 97 23 Richmond.

2759 3629 99 21 Warehouse
2892 3629 71 20 Durham
2998 3628 60 26 Street,
3093 3628 91 22 Auckland.

2761 3682 110 28 ]TOFF
2881 3682 18 15 JI
2910 3682 14 14 A
2936 3682 14 15 X
2982 3681 38 14 AN
3032 3681 16 15 1)
3084 3681 6 20 (

2805 3720 178 19 QUEEN-STREET,
2995 3720 131 16 AUCKLAND.

2792 3748 176 19 WILLIS-STREET,
2992 3748 158 17 WELLINGTON.

2776 3789 35 16 The
2822 3789 62 18 largest
2891 3787 32 16 and
2931 3788 40 15 Best
2975 3787 73 16 Selected
3055 3787 50 16 Stock
3113 3787 18 14 if
3141 3786 33 18 Eng-

2757 3809 70 15 lishaml
2836 3808 69 16 German
2917 3807 65 20 Pianos,
2990 3806 31 16 and
3029 3807 85 15 American
3122 3807 62 17 Organs

2757 3829 16 14 in
2832 3827 77 16 Zealand.

2776 3868 38 15 Sole
2821 3867 63 18 Agents
2891 3866 26 14 for
2928 3866 43 14 Jolm
2986 3864 98 18 Brinstnead
3094 3864 32 15 and
3137 3862 45 16 Sons'

2757 3887 66 15 Collard
2830 3886 34 15 and
2872 3885 65 16 Collard
2945 3885 70 19 English
3022 3885 64 17 Pianos,
3095 3883 36 15 Carl
3138 3883 44 14 Ecko

2757 3907 56 15 Berlin
2815 3902 1 21 1
2835 3906 67 17 Pianos,
2921 3904 106 16 Schwechten
3045 3904 57 16 Berlin
3118 3902 64 17 Pianos,

2757 3925 72 17 Bonordi
2850 3924 55 17 Bsriin
2927 3924 65 18 Pianos,
3010 3923 48 19 Story
3080 3922 32 15 and
3135 3920 48 15 Clark

2757 3945 88 17 American
2856 3945 71 17 Organs,
2935 3943 17 15 F.
2961 3943 60 15 Bessou
3028 3944 33 13 aid
3068 3941 34 17 Co.,
3110 3939 71 19 Londou,

2759 3966 49 15 Brass
2815 3963 49 17 Baud
2870 3962 116 16 Instruments.

2797 3984 49 15 Come
2853 3982 33 16 and
2898 3987 25 10 sod
2934 3986 30 11 our
2977 3981 41 15 New
3031 3979 83 21 Shipment
3126 3978 18 15 of

2879 4002 87 15 Briudsmo
2972 4000 16 16 id
2996 4000 26 16 Pia
3031 4005 27 10 >•>■••

2776 4030 92 17 Fac-smile
2881 4030 19 15 of
2911 4029 27 15 the
2945 4026 110 18 Instruments
3069 4024 81 18 oxhibitsd
3163 4023 17 15 at

2757 4048 147 18 Hobart-Exhihiti
2916 4054 17 9 n.
2945 4047 82 18 receiving
3034 4046 42 15 I.old
3089 4044 51 16 .Medal
3149 4043 33 14 and

2757 4071 63 18 lligcst
2833 4068 69 16 Awards
2912 4068 27 14 for
2949 4067 66 18 Beauty
3028 4066 18 14 of
3058 4066 49 16 Tone,
3122 4062 58 18 louch,

2757 4088 32 16 and
2800 4089 78 20 Superior
2888 4086 122 17 Construction.

2803 4115 80 17 VIOLIN
2890 4113 96 17 STRINGS
2989 4113 16 16 A
3013 4109 125 18 SPECIALTY.

2757 4136 76 16 Tuuines
2841 4135 33 15 and
2881 4134 61 18 repairs
2949 4132 77 17 attended
3038 4132 16 14 U>
3062 4130 21 19 by
3095 4130 28 14 the
3135 4131 45 17 year.
