3278 4220
123 106 62 18 TWO
199 105 123 19 CURIOUS
335 105 149 19 FUNERALS.

119 157 42 19 One
171 158 21 18 of
198 157 34 19 the
240 160 52 16 most
298 158 127 18 remarkable
434 158 90 18 funerals

93 190 24 12 on
140 183 67 19 record
225 183 47 20 toot
291 183 56 26 place
365 185 19 17 in
400 184 34 18 the
447 184 27 18 IT'
484 183 38 19 iter!

93 315 27 18 fo<
148 321 39 12 *f;v.
196 316 27 16 r>ii
258 315 36 17 e-ir-
319 313 59 19 t.i.ken
393 313 34 19 the
444 317 80 22 doepest

93 341 64 18 iutt-re
169 343 8 16 t
193 341 20 18 in
233 346 54 13 woiiu
296 339 30 19 u's
340 339 60 18 work.
429 339 40 19 She
484 339 39 18 hud

94 366 74 19 started
183 372 12 13 a
211 366 94 18 woman's
324 364 51 24 club,
391 365 34 18 the
435 364 89 20 cardinal

93 394 55 17 tenet
157 392 21 19 of
197 392 64 18 which
276 398 39 12 was
333 392 45 17 that
392 398 25 12 no
435 390 90 21 member

93 418 72 19 should
181 418 35 19 ask
233 424 12 12 a
254 423 46 14 man
310 419 21 17 to
345 417 25 19 do
385 416 99 26 anything
493 417 32 18 for

93 444 37 20 her
148 444 44 19 that
211 443 35 19 she
271 443 57 20 could
347 443 25 18 do
390 443 81 18 herself.
499 442 25 19 In

93 470 88 19 acwda;
191 477 21 11 ce
221 470 47 18 with
282 469 40 18 this
338 469 49 22 rule,
399 469 39 18 and
457 469 68 24 acting

94 503 25 12 on
129 496 34 19 the
173 495 107 25 expressed
297 495 50 18 wish
364 495 21 18 of
400 494 53 20 their
463 496 51 24 presi-

94 522 53 23 dent,
159 522 52 19 after
220 521 36 19 her
263 520 59 20 death
330 521 36 19 her
373 520 45 20 club
427 520 97 20 members

93 548 48 19 took
151 548 74 25 charge
237 548 21 18 of
276 547 33 19 the
324 546 59 25 bod}-,
401 546 97 27 prepared
509 548 16 18 it

94 574 32 19 for
148 574 35 19 the
213 573 86 23 funeral,
326 573 48 19 read
397 573 34 19 the
454 573 70 20 Burial

94 599 79 20 Service
183 606 47 13 over
237 599 21 24 it,
276 599 84 19 lowered
371 599 34 19 the
415 600 57 18 coiiin
482 599 42 19 into

94 626 34 18 the
152 626 84 25 ground,
256 625 40 19 and
313 625 49 19 then
376 625 54 19 filled
448 632 28 18 up
490 625 34 19 the

94 658 61 19 grave
166 652 47 19 with
223 651 54 19 their
286 658 43 12 own
338 651 72 19 hands.

120 678 56 19 Near
191 677 112 25 Pittsburg,
319 677 155 26 Pennsylvania,
490 677 34 20 the

94 704 58 19 other
170 704 44 24 day,
232 703 40 19 Leo
289 703 35 19 Jin
338 703 57 23 Mun,
412 710 9 12 a
439 704 85 19 Chinese

93 729 127 21 Freemason,
237 729 51 23 died,
300 729 39 19 and
350 729 64 19 would
425 729 99 26 probably

93 755 52 20 have
164 755 97 19 attracted
284 762 25 12 n>
324 755 78 19 further
425 757 98 18 attention

94 782 78 19 outside
190 781 31 19 his
240 788 42 12 own
302 781 51 19 little
367 782 58 18 circle
439 782 38 18 had
489 785 34 16 not

92 807 32 20 his
146 807 80 20 funeral
257 807 68 19 struck
357 807 34 20 the
416 808 107 20 American

91 834 92 25 journals
206 840 21 13 as
255 837 107 21 grotesque
385 840 49 13 oven
458 835 31 18 for
512 842 10 12 a

92 860 85 19 Chinese
211 867 110 17 ceremony.
371 860 59 19 After
461 864 62 16 secret

92 886 121 19 ceremonies
222 888 21 17 at
253 886 33 19 the
296 886 68 23 house,
375 886 34 19 the
419 886 53 25 body
482 894 40 12 was

92 912 102 25 deposited
209 912 21 18 in
248 918 12 12 a
277 912 73 18 casket.
378 912 19 18 A
411 912 54 19 table
482 919 40 12 was

92 938 71 24 spread
171 937 47 19 with
235 938 34 18 the
287 937 112 25 provisions
413 938 64 19 which
488 945 34 12 are

90 966 20 15 to
120 964 77 18 sustain
213 963 34 19 tho
258 963 57 25 spirit
333 964 20 17 in
363 963 25 18 its
399 970 42 12 new
456 964 66 20 home.

90 990 65 19 These
173 989 94 19 included
285 996 12 12 a
314 989 55 25 piece
386 990 21 18 of
420 991 30 17 fat
468 994 54 15 roast

89 1016 58 25 pork,
178 1015 85 19 another
293 1016 21 18 of
338 1021 41 13 raw
403 1016 55 24 pork,
483 1019 39 16 two

90 1042 93 19 chickens
206 1041 74 19 cooked
299 1041 48 19 with
358 1041 35 19 the
416 1041 52 20 head
482 1042 39 19 and

91 1067 43 24 logs
154 1074 32 17 on,
206 1067 39 19 and
260 1067 26 19 all
300 1067 60 19 kinds
374 1067 21 19 of
413 1068 51 18 fruit
482 1068 39 19 and

89 1095 131 17 sweetmeats.
247 1093 28 19 At
285 1100 37 12 one
341 1093 38 19 end
392 1094 21 18 of
423 1094 33 18 tho
467 1094 54 18 table

89 1125 40 13 was
140 1126 12 12 a
169 1119 41 19 box
223 1119 23 19 of
263 1119 49 19 sand
330 1119 21 19 in
367 1119 65 18 which
442 1119 78 19 burned

89 1145 94 19 coloured
213 1145 80 19 candles
320 1144 40 19 and
383 1144 45 19 Joss
451 1145 68 19 sticks.

89 1171 73 19 Before
172 1171 39 19 this
221 1171 34 19 the
265 1171 82 18 oflieials
362 1171 54 18 knelt
426 1171 39 18 and
476 1171 43 19 said

89 1197 54 19 their
165 1203 88 19 prayers.
281 1197 27 18 At
330 1196 35 19 tho
383 1197 52 18 head
451 1197 20 19 of
486 1197 35 19 the

89 1223 113 25 procession
224 1229 42 13 was
284 1229 12 13 a
318 1222 106 19 horseman
446 1223 48 18 with
509 1230 12 12 a

89 1249 113 25 triangular
217 1249 36 19 red
276 1249 77 19 banner
372 1249 47 19 with
435 1248 85 20 Chinese

89 1275 118 19 characters.
235 1275 56 18 Then
305 1275 92 18 followed
407 1275 82 18 Ma-ons
498 1275 21 18 in

89 1302 106 24 carriages.
214 1301 33 19 All
256 1301 33 18 the
299 1307 44 17 way
352 1303 21 16 to
380 1300 33 19 tho
421 1302 98 23 cemetery

87 1329 42 17 torn
151 1330 51 17 toms
221 1333 51 12 wero
291 1326 78 19 beaten.
404 1326 59 19 After
485 1326 22 19 de-

87 1353 67 25 ciding
173 1356 19 16 to
207 1353 56 25 place
281 1352 34 19 tho
329 1352 58 19 coffin
402 1352 85 19 endwise
498 1353 21 18 in

86 1378 34 21 the
130 1385 67 19 grave,
216 1379 12 19 I
247 1385 10 12 o
267 1379 48 19 Tom
329 1378 42 21 Ma.
391 1378 69 19 Grand
469 1378 37 19 Mis-

88 1405 85 25 sionary,
185 1405 38 20 deli
226 1412 15 11 v.
254 1404 31 21 red
300 1404 34 19 the
343 1404 80 19 funeral
433 1405 84 19 oration.

87 1431 87 20 Candles
192 1431 40 19 and
250 1431 46 20 Joss
310 1431 61 19 sticks
388 1437 50 13 were
457 1432 60 23 again

87 1456 83 25 bnrned,
179 1457 38 20 and
228 1457 57 20 small
295 1457 54 19 coins
360 1463 50 13 were
420 1458 97 18 scattered

87 1489 25 15 on
122 1483 34 21 the
167 1484 77 26 ground
255 1486 20 17 to
286 1483 49 26 keep
354 1483 33 20 the
397 1483 51 20 devil
466 1483 52 27 busy

87 1510 82 27 picking
187 1510 55 20 thera
257 1516 27 20 up
303 1516 21 14 so
338 1509 44 20 that
400 1510 25 19 ho
441 1509 40 20 will
491 1510 25 19 let

86 1537 40 21 Lee
136 1536 35 21 Jin
181 1535 51 22 Mun
246 1540 40 17 rest
293 1536 20 20 in
323 1542 66 20 pence.
417 1536 57 20 Then
484 1537 34 20 tho

87 1562 84 28 worldly
193 1562 122 28 possessions
334 1563 21 19 of
369 1562 34 21 tho
423 1562 94 21 deceased

88 1595 51 16 Were
155 1589 69 27 placed
234 1589 20 21 in
273 1592 39 18 two
321 1589 50 26 piles
390 1591 20 18 at
421 1589 48 21 each
480 1589 37 21 fad

88 1616 20 21 of
118 1616 34 21 the
159 1616 56 21 coffin
225 1615 38 22 and
271 1615 84 26 burned,
364 1616 38 21 and
413 1616 33 20 tho
457 1621 61 21 grave

86 1648 41 17 ttas
137 1641 54 22 filled
200 1648 34 21 up.

86 1693 67 23 HOW
167 1695 34 21 TO
211 1694 75 21 KEEP
297 1693 79 21 YOUR
390 1692 73 22 HAIR
474 1693 36 21 ON

112 1747 87 22 Women
225 1748 55 19 often
298 1748 81 20 wonder
402 1747 46 25 why
466 1747 53 21 their

87 1773 45 21 hair
141 1775 47 19 falls
198 1776 40 22 out,
253 1774 39 19 and
310 1781 10 13 r
327 1774 50 24 irely
396 1772 97 21 attribute
503 1775 16 17 it

86 1803 21 17 to
117 1801 34 19 the
160 1801 54 19 chief
227 1806 64 16 caiue,
312 1796 64 24 which
395 1801 23 22 is,
429 1806 46 18 says
484 1801 35 18 the

87 1826 79 27 Family
181 1827 79 23 Doctor,
280 1827 34 19 the
333 1828 53 18 want
400 1827 21 18 of
439 1826 70 19 cleanli-

86 1859 52 14 ness.
166 1852 60 21 Often
236 1850 48 28 they
298 1856 34 17 ai'G
341 1855 33 17 too
381 1850 53 28 busy
444 1855 19 16 to
474 1852 45 26 give

87 1879 53 19 their
149 1879 45 19 hair
213 1879 33 18 the
261 1881 82 17 amount
360 1879 20 18 of
394 1878 100 26 brushing
504 1879 15 18 it

87 1906 67 18 needs.
183 1901 45 24 Still
258 1906 77 18 oftenor
359 1904 47 23 they
430 1911 33 12 are
486 1907 33 16 too

87 1931 104 27 negligent
222 1937 22 12 or
263 1932 24 17 do
307 1933 33 16 not
355 1930 58 21 know
436 1930 44 20 that
494 1937 25 12 on

88 1958 55 19 strict
153 1957 117 20 cleanliness
289 1958 21 18 of
322 1957 35 19 the
367 1957 54 25 scalp
430 1957 89 25 depends

87 1984 53 19 their
150 1985 84 17 chances
253 1984 19 18 oi
283 1982 76 26 having
378 1982 52 27 good
445 1982 44 20 hair
500 1986 20 16 at

88 2009 117 26 thirty-five.
249 2008 125 21 Housework
398 2008 74 20 should
494 2008 26 20 be

89 2036 51 19 done
160 2035 49 19 with
241 2042 12 12 a
263 2036 73 19 muslin
359 2041 36 19 cap
419 2042 22 12 or
461 2035 59 19 towel

88 2062 68 19 folded
167 2064 19 17 to
199 2068 57 13 cover
275 2062 33 18 the
327 2061 45 19 hair
385 2064 21 17 to
416 2061 33 19 the
459 2064 60 16 roots.

88 2088 71 19 House
176 2088 52 23 dust,
252 2088 62 18 which
331 2088 16 18 is
370 2087 76 26 mainly
469 2087 50 19 dead

89 2114 64 19 aninr:
174 2118 72 14 innMer
261 2113 75 19 ihmwn
357 2113 28 20 off
393 2113 27 24 by
430 2113 91 25 clothing

89 2140 38 19 and
140 2139 3 25 1
179 2147 14 16 s,
206 2140 15 18 is
237 2140 56 18 dead]
319 2142 19 17 to
357 2146 50 18 imps
418 2139 38 19 and
469 2139 50 19 hair.

88 2165 142 21 Housemaids'
241 2165 138 26 consumption
390 2166 16 19 is
417 2165 103 26 generally

89 2193 39 19 due
138 2196 20 16 to
167 2192 109 26 breathing
289 2192 35 19 tho
340 2192 47 19 dust
401 2192 40 18 and
451 2192 39 18 line
500 2191 21 21 of

89 2217 80 28 ill-kept
200 2215 110 25 chambers,
341 2218 40 19 and
409 2218 34 19 the
467 2217 54 26 layer

89 2245 65 19 which
165 2244 78 19 collects
262 2247 20 16 at
294 2244 34 19 the
337 2247 54 16 roots
402 2245 20 17 of
432 2244 35 19 tho
476 2243 45 21 hair

89 2271 39 19 and
139 2271 46 19 kills
195 2271 15 18 it
220 2277 68 12 causes
298 2270 60 19 much
374 2271 21 18 of
406 2270 33 19 the
447 2269 74 25 falling

89 2299 35 17 out
133 2297 22 19 of
164 2297 65 19 which
243 2300 88 16 matrons
342 2296 100 26 complain
451 2296 70 19 before

87 2323 61 24 forty.

115 2374 68 19 Sound
207 2374 159 22 advice.Now,
399 2374 73 24 Moses,
500 2380 21 14 as

88 2400 69 26 you're
176 2400 63 26 going
257 2401 41 18 into
310 2400 92 19 business
420 2400 32 20 for
462 2407 47 17 your-

88 2427 43 22 self,
143 2426 101 19 whatever
258 2433 40 18 you
311 2426 32 19 do.
355 2426 55 19 don't
421 2433 25 16 go
456 2426 52 19 bank-

87 2452 62 26 rupt.'
179 2452 47 19 'No
244 2453 80 19 father.'
369 2454 33 21 Or,
413 2452 16 19 if
439 2459 39 18 you
489 2452 31 22 do,

89 2485 33 13 see
132 2478 44 20 that
185 2485 40 18 you
243 2479 59 19 make
320 2485 13 12 a
347 2479 52 24 good
417 2478 59 26 profit
487 2481 34 16 out

89 2505 21 19 of
120 2504 29 20 it.'
179 2504 3 23 '
191 2504 46 23 Yes,
249 2504 80 20 father.'

2805 112 19 18 A
2839 111 67 20 NEW
2921 111 141 20 SURGICAL
3081 111 123 20 WONDER

2893 169 28 14 AN
2930 170 116 14 ABTIFICIAI
3057 170 64 13 VOICE.

2819 198 19 19 A
2860 198 127 19 remarkable
3010 199 106 19 invention
3142 198 17 19 is
3182 198 42 19 that

2795 224 64 19 which
2876 224 36 19 has
2931 225 51 18 been
2992 224 91 26 brought
3097 225 42 18 into
3155 230 35 13 use
3199 224 25 24 by

2796 250 104 19 Professor
2922 251 106 18 Anderson
3051 251 76 22 Stuart,
3152 250 21 18 of
3194 250 30 19 the

2796 276 80 25 Sydney
2886 276 124 25 University,
3019 277 67 18 which
3095 276 37 19 has
3142 276 83 19 enabled

2796 310 11 11 a
2817 309 47 12 man
2874 302 45 19 who
2929 302 27 24 by
2966 303 104 25 operation
3080 302 21 19 in
3111 302 34 19 the
3161 301 64 20 throat

2796 328 41 19 had
2846 328 52 19 been
2907 328 97 19 rendered
3020 328 101 23 voiceless,
3132 330 21 17 to
3166 328 60 24 speak

2797 355 31 18 for
2834 354 62 19 hours
2902 354 49 19 with
2959 355 76 24 perfect
3044 360 53 13 case.
3124 354 44 19 The
3175 354 41 24 prin-

2797 380 51 25 ciple
2858 380 21 19 of
2889 380 34 19 the
2933 380 104 19 invention
3047 380 17 19 is
3074 380 45 19 that
3135 387 12 11 a
3157 380 46 18 reed
3212 380 15 19 is

2798 406 95 26 adjusted
2910 406 21 19 in
2941 413 12 11 a
2963 406 48 19 tube
3025 406 113 25 occupying
3153 412 12 12 a
3178 406 41 25 posi-

2799 432 42 20 tion
2851 432 20 19 in
2881 432 35 19 the
2924 432 72 25 larynx
3007 439 21 13 so
3039 432 45 19 that
3100 438 12 12 a
3121 433 80 17 current
3210 433 18 18 of

2799 458 73 20 breath
2881 464 47 13 over
2938 458 15 18 it
2962 464 69 13 causes
3041 459 16 18 it
3067 460 20 17 to
3104 457 78 19 vibrato
3192 459 37 18 and

2799 484 87 25 produce
2896 490 12 13 a
2926 484 64 19 sound
3001 484 71 23 which,
3088 483 102 26 governed
3205 483 24 26 by

2801 511 33 18 the
2844 510 130 25 articulating
2984 516 74 19 organs
3069 510 40 18 and
3121 509 35 19 the
3165 516 54 12 reson-

2801 542 48 13 ance
2858 536 22 18 of
2890 536 34 18 the
2934 536 70 19 mouth
3013 535 40 20 and
3063 542 53 17 nose,
3130 535 72 19 results
3212 535 17 19 in

2801 569 12 11 a
2823 562 129 24 remarkably
2970 561 53 26 good
3046 562 56 18 voice
3114 561 59 25 being
3188 566 31 21 pro-

2802 587 70 20 duced.
2908 588 42 18 The
2973 589 56 18 voice
3046 588 17 18 is
3085 594 12 12 a
3119 589 110 22 monotone,

2802 613 84 25 slightly
2896 614 87 18 metallic
2992 615 21 17 in
3023 614 109 22 character,
3142 613 38 19 but
3189 620 31 18 per-

2803 639 60 25 fectly
2873 639 126 25 intelligible,
3017 639 59 23 clear,
3092 639 40 19 and
3142 639 89 25 pleasant

2803 668 20 16 to
2832 665 59 19 listen
2901 667 27 17 to.
2956 666 26 18 In
2991 666 34 19 the
3036 666 103 18 invention
3151 665 57 18 there
3217 666 14 19 is

2803 698 25 12 an
2839 691 105 25 ingenious
2954 691 127 20 contrivance
3086 690 29 26 by
3125 691 65 18 which
3199 690 32 21 the

2803 718 146 19 accumulation
2959 718 21 18 of
2998 718 35 19 the
3043 717 81 19 natural
3139 716 59 20 fluids
3214 718 18 19 of

2803 744 34 18 the
2855 743 71 19 mouth
2940 744 40 18 and
2998 744 31 18 air
3051 749 97 19 passages
3170 742 62 21 which

2804 769 66 19 would
2892 770 73 24 impair
2989 770 34 19 the
3047 769 93 24 working
3158 769 21 18 of
3201 768 31 20 the

2804 795 72 24 larynx
2900 795 16 18 is
2939 795 116 25 prevented.
3093 794 42 19 One
3158 794 22 19 of
3201 794 31 20 the

2805 822 88 18 features
2910 822 21 18 of
2947 821 35 19 tho
2996 821 104 19 invention
3116 827 17 12 is
3151 820 45 19 that
3210 819 23 27 by

2804 846 103 25 changing
2917 848 34 18 the
2961 848 47 18 reed
3025 847 35 19 tho
3069 853 48 13 man
3133 846 45 19 who
3188 848 46 18 used

2805 873 34 19 tho
2847 876 109 22 apparatus
2963 873 57 19 could
3031 873 62 25 e<piip
3100 872 82 19 himself
3189 873 45 19 witli

2806 906 12 12 a
2827 906 92 18 soprano,
2940 906 11 12 a
2961 901 62 21 tenor,
3036 906 12 11 a
3061 898 104 24 contralto,
3186 904 22 13 or
3224 906 10 12 a

2806 925 47 19 bass
2862 925 55 19 voico
2924 932 21 12 as
2956 925 25 19 lie
2988 925 88 25 pleased.
3105 925 42 18 The
3154 924 81 20 medical

2806 951 76 24 faculty
2893 951 16 18 is
2927 951 60 19 much
2997 950 110 20 interested
3123 951 21 18 in
3154 951 40 18 this
3209 950 17 19 in-

2806 977 87 23 vention,
2905 977 66 19 which
2989 977 17 19 is
3016 976 43 20 said
3070 979 20 16 to
3101 976 24 20 be
3135 976 34 19 the
3187 980 48 16 most

2807 1003 76 24 perfect
2892 1003 105 25 appliance
3006 1006 34 21 yet
3051 1002 82 20 devised
3150 1003 33 18 for
3192 1003 35 18 arti-

2808 1028 72 24 ficially
2886 1029 103 24 replacing
2996 1036 12 11 a
3013 1029 73 23 larynx
3093 1029 45 18 that
3145 1028 38 19 has
3188 1028 47 20 been

2808 1054 98 18 removed.

2848 1114 19 19 A
2883 1113 66 20 NEW
2966 1114 54 19 USE
3035 1113 58 20 FOR
3111 1114 89 20 MAIZE

2971 1140 111 20 STALKS.

2809 1199 105 13 STOLTIXCI
2933 1198 68 15 LEAKS
3021 1199 28 13 ON
3075 1198 161 18 BATTLE-SHITS.

2836 1227 67 20 When
2914 1234 36 13 our
2971 1227 80 20 modern
3072 1228 103 24 rapid-fire
3190 1235 46 18 guns

2809 1259 55 14 came
2874 1253 44 19 into
2929 1260 35 13 use
2981 1253 16 20 it
3008 1260 40 13 was
3058 1254 39 19 felt
3107 1254 43 20 that
3161 1254 20 20 in
3192 1255 44 19 view

2809 1280 21 17 of
2839 1278 35 20 the
2884 1281 57 23 groat
2951 1280 88 25 rapidity
3055 1280 49 19 with
3114 1280 65 20 which
3193 1281 44 26 they

2809 1304 76 20 deliver
2903 1305 61 19 shells
2982 1313 55 12 some
3057 1306 58 19 other
3134 1313 68 13 means
3220 1308 17 19 of

2810 1331 119 26 preventing
2947 1339 40 16 any
3009 1332 68 19 inflow
3100 1332 21 20 of
3137 1335 62 18 water
3220 1334 17 20 in

2813 1356 100 26 warships,
2938 1358 21 19 in
2973 1358 91 20 addition
3082 1360 21 18 to
3117 1359 121 25 water-tight

2810 1383 130 24 subdivision,
2964 1391 41 13 was
3041 1391 113 19 necessary.
3200 1385 37 22 The

2809 1409 82 25 general
2901 1410 82 20 method
2997 1410 21 20 of
3035 1410 157 27 accomplishing
3202 1412 36 21 this

2809 1435 63 20 result
2890 1435 37 21 has
2945 1436 52 20 been
3015 1439 21 17 to
3049 1437 23 20 fit
3088 1443 12 14 a
3114 1437 62 21 coffer
3189 1437 48 29 dam,

2810 1468 21 13 or
2852 1461 73 21 double
2948 1462 51 24 skin,
3024 1463 32 20 for
3077 1469 54 14 some
3154 1463 84 24 distanco

2810 1488 63 20 above
2892 1488 40 20 and
2946 1488 65 21 below
3029 1489 35 21 the
3078 1489 117 26 water-line,
3207 1491 30 22 the

2810 1520 58 21 space
2891 1514 91 21 between
3009 1515 63 27 being
3103 1516 54 21 filled
3193 1518 44 20 with

2810 1541 92 20 material
2923 1541 63 21 which
3011 1542 67 21 would
3102 1543 78 27 expand
3202 1544 35 22 and

2810 1567 51 27 keep
2880 1570 35 19 out
2933 1571 62 18 water
3008 1569 60 20 when
3082 1575 12 14 a
3112 1569 45 22 shot
3171 1569 66 28 passed

2811 1593 94 28 through.
2933 1594 42 21 The
2994 1595 94 22 material
3102 1596 48 21 used
3160 1596 21 21 in
3190 1600 47 19 most

2811 1620 54 27 ohips
2876 1621 55 27 (says
2946 1628 11 14 a
2968 1622 160 27 contemporary)
3147 1622 17 21 is
3178 1623 58 23 called

2809 1647 100 26 Cellulose,
2933 1648 40 21 and
2991 1649 17 20 is
3025 1648 96 21 obtained
3134 1649 52 21 from
3208 1650 29 22 tho

2809 1674 63 20 husks
2896 1675 21 20 of
2946 1678 114 18 cocoanuts.
3101 1675 42 21 The
3166 1676 71 22 United

2810 1700 66 21 States
2886 1700 59 27 Navy
2954 1702 38 21 has
3001 1702 43 26 just
3058 1702 94 26 reported
3161 1703 66 20 favour-

2809 1727 48 26 ably
2875 1734 26 13 on
2910 1735 12 13 a
2931 1735 45 13 new
2994 1728 94 21 cellulose
3102 1730 105 25 composed
3220 1730 17 21 of

2809 1756 34 17 tfie
2865 1754 45 26 pith
2941 1755 22 19 of
2994 1755 118 24 cornstalks,
3137 1755 65 20 which
3222 1757 14 20 is

2809 1781 120 24 granulated
2965 1781 28 26 by
3028 1782 122 25 machinery.
3201 1782 35 21 Our

2808 1806 110 27 battleship
2936 1807 108 20 Inflexible
3063 1808 17 19 is
3098 1808 102 26 protected
3213 1809 23 25 by

2808 1833 61 19 coffer
2887 1833 57 19 dams
2960 1834 56 20 fitted
3032 1835 49 18 with
3099 1841 12 13 a
3124 1835 86 19 mixturo
3220 1835 16 20 of

2808 1859 47 19 cork
2865 1859 40 19 and
2915 1859 80 25 oakum,
3014 1861 66 19 which
3090 1863 119 23 aggregates
3218 1862 18 19 in

2809 1885 74 24 weight
2895 1887 34 17 143
2947 1888 50 18 tons.
3026 1886 42 20 Tho
3078 1887 107 19 American
3194 1894 42 13 corn

2808 1911 83 24 product
2910 1912 66 19 would
2995 1915 40 21 not,
3048 1913 15 19 it
3082 1913 18 19 is
3113 1913 49 23 said,
3175 1914 61 25 weigh

2807 1943 48 13 ovor
2864 1938 24 18 25
2899 1939 50 21 tons,
2966 1939 40 19 and
3015 1939 67 19 would
3096 1939 81 20 furnish
3186 1944 50 16 mora

2807 1963 82 19 reliable
2900 1965 116 23 protection.

2827 2025 57 20 THE
2893 2026 120 20 LONDON
3023 2028 116 21 MINING
3150 2028 52 21 MAR-

2999 2054 61 19 KET.

2832 2105 42 20 The
2899 2106 81 26 Sydney
3004 2107 98 27 Morning
3122 2107 77 21 Herald
3218 2108 16 20 o?

2806 2131 94 21 October
2922 2134 32 24 12,
2978 2134 21 19 in
3015 2140 24 13 an
3063 2134 72 21 article
3157 2142 25 13 on
3206 2135 28 20 the

2808 2158 84 19 London
2903 2160 77 26 mining
2987 2160 85 25 market,

2806 2184 81 20 months
2910 2193 37 17 ago
2973 2186 35 19 the
3041 2186 80 26 leading
3152 2188 81 25 English

2806 2210 95 21 financial
2922 2219 73 19 papers
3016 2214 82 19 warned
3119 2214 33 19 the
3171 2214 62 26 public

2805 2237 81 23 against
2896 2238 34 19 the
2941 2239 42 20 risk
2991 2239 22 19 of
3022 2240 96 26 entering
3128 2248 24 12 on
3163 2242 70 24 mining

2804 2263 7 24 I
2821 2264 79 20 usiness
2911 2265 87 20 without
3006 2266 101 24 adequate
3122 2266 112 26 kuowledge

2805 2290 21 19 of
2841 2290 36 20 the
2891 2292 123 26 properties.
3042 2293 45 19 But
3110 2300 27 19 up
3157 2296 20 17 to
3195 2294 39 19 that

2807 2316 48 20 time
2879 2318 63 19 about
2962 2320 128 23 3,000,000
3109 2321 123 22 represented

2806 2343 34 19 the
2852 2344 74 25 capital
2938 2346 21 19 of
2969 2346 34 19 the
3014 2347 115 24 companies
3144 2346 46 20 that
3200 2346 32 20 had

2806 2369 49 19 been
2865 2370 84 21 formed.
2978 2372 60 19 Since
3048 2367 48 25 tiien
3116 2373 34 20 the
3169 2373 53 25 regis-

2805 2398 87 18 trations
2903 2397 21 19 of
2935 2405 43 13 new
2994 2398 113 25 companies
3118 2399 50 20 have
3188 2400 44 19 been

2805 2423 120 26 proceeding
2936 2427 20 16 at
2975 2431 24 13 an
3020 2424 75 20 almost
3114 2426 117 20 accelerated

2806 2454 52 17 pace.
2886 2450 29 19 To
2926 2451 34 20 the
2971 2451 39 20 end
3021 2451 22 20 of
3055 2453 56 22 1594,
3131 2453 101 24 according

2805 2475 19 17 to
2836 2475 34 20 the
2889 2476 122 25 Economist,
3032 2478 62 19 about
3114 2480 118 23 0,54G,000

2805 2501 37 18 had
2854 2501 49 21 been
2915 2503 60 20 asked
2988 2504 22 19 of
3020 2504 35 19 the
3072 2505 75 20 British
3169 2505 62 25 public

2804 2532 31 14 tor
2846 2528 78 26 mining
2935 2530 38 20 and
2989 2530 127 25 exploration
3131 2538 99 19 purposes.

2804 2553 59 20 Since
2874 2554 48 20 then
2933 2557 116 25 companies
3069 2557 49 20 have
3137 2558 50 19 been
3206 2565 16 12 re-

2805 2579 87 21 2i'stered
2903 2581 33 21 for
2945 2583 97 25 carrying
3052 2591 25 12 on
3089 2584 114 26 operatoina
3213 2584 17 19 in

2806 2606 94 20 Wes-tern
2908 2609 111 24 Australia,
3028 2610 48 19 with
3084 2611 73 24 capital
3169 2614 20 16 to
3200 2610 30 20 the

2803 2636 83 16 amount
2905 2634 22 20 of
2945 2635 54 26 fully
3035 2637 142 23 21,000,000.
3206 2637 24 19 Of

2803 2665 71 13 course
2884 2660 26 20 all
2921 2661 41 19 this
2971 2663 75 24 capital
3057 2663 17 19 is
3091 2666 37 17 not
3145 2663 44 24 paid
3201 2670 29 18 up.

2805 2685 51 19 Even
2869 2685 17 19 if
2896 2688 47 24 only
2954 2695 38 13 one
3012 2689 45 18 fifth
3068 2689 21 20 of
3099 2690 17 19 it
3128 2696 50 13 were
3188 2690 32 20 sub-

2804 2712 84 24 scrihed,
2897 2713 34 19 the
2941 2717 84 17 amount
3034 2716 67 19 would
3112 2724 24 15 pe
3155 2718 37 18 out
3211 2715 18 20 of

2802 2739 25 18 all
2841 2740 119 24 proportion
2981 2744 20 16 to
3025 2743 117 19 reasonable
3161 2749 57 18 expec-

2804 2764 64 20 tation
2892 2766 22 18 of
2947 2767 85 25 payable
3063 2771 89 17 returns.
3192 2769 37 19 The

2803 2790 48 19 total
2874 2791 54 24 yield
2955 2793 21 19 of
2999 2793 49 25 gold
3063 2795 53 19 from
3138 2795 92 19 Western

2803 2816 102 21 Australia
2927 2818 21 20 in
2974 2821 56 22 1894,
3055 2827 41 13 was
3118 2821 73 19 valued
3213 2824 17 16 at

2804 2844 106 22 787,097,
2922 2845 40 19 and
2971 2846 33 18 for
3013 2846 35 19 the
3057 2847 44 19 first
3114 2847 30 19 six
3154 2848 76 18 mouths

2802 2869 21 19 of
2843 2870 48 18 1895
2900 2870 17 19 it
2933 2877 41 13 was
2989 2871 109 25 411,465.
3127 2873 58 19 Since
3199 2874 31 19 the

2802 2895 102 25 discovery
2914 2896 21 19 of
2944 2898 48 24 gold
2999 2898 21 19 in
3032 2900 56 23 188G,
3097 2899 34 19 the
3141 2902 88 17 out-turn

2802 2921 37 20 has
2844 2922 51 19 been
2901 2922 37 19 but
2946 2923 131 25 2,139,889.
3105 2925 20 20 It
3133 2932 46 19 may
3189 2926 40 20 well

2802 2948 25 19 be
2837 2948 87 19 doubted
2933 2949 92 20 whether
3032 2951 56 20 there
3098 2951 17 20 is
3125 2958 39 16 any
3173 2952 47 23 justi-

2802 2974 79 19 fication
2892 2974 31 20 for
2930 2975 34 19 the
2973 2976 110 21 formation
3093 2978 21 19 of
3119 2979 110 25 companies

2802 3002 19 17 to
2830 3000 34 19 the
2883 3003 68 17 extent
2965 3002 102 20 indicated
3077 3004 28 24 by
3118 3004 34 19 the
3168 3004 61 20 above

2801 3026 80 26 figures,
2899 3026 66 21 which
2975 3034 34 13 are
3023 3029 101 20 exclusive
3142 3030 21 19 of
3181 3037 36 14 com-

2802 3052 68 26 panies
2879 3053 78 19 formed
2975 3057 20 16 to
3006 3055 76 25 exploit
3100 3056 79 26 mining
3187 3063 33 19 pro-

2801 3078 72 26 perties
2879 3079 21 19 in
2907 3079 34 20 the
2948 3080 58 19 other
3011 3080 119 21 Australian
3139 3083 89 24 colonies,

2801 3105 20 19 of
2830 3105 66 19 which
2914 3106 34 19 the
2957 3106 51 19 total
3021 3106 75 26 figures
3113 3109 67 19 would
3194 3115 35 14 run

2800 3131 42 19 into
2851 3131 63 20 about
2924 3132 138 22 1,500,000.'

2825 3189 18 18 A
2853 3191 54 24 story
2917 3196 65 14 comes
2996 3190 53 20 from
3063 3191 60 20 India
3139 3193 61 19 about
3217 3199 11 14 a

2933 3215 46 21 who
2996 3217 63 19 hunts
3078 3218 61 25 tigers
3151 3219 28 25 by
3196 3219 32 20 the

2800 3240 77 20 electric
2887 3242 52 25 light
2949 3245 21 17 at
2979 3243 66 25 night.
3074 3243 33 20 He
3125 3244 36 20 sits
3180 3252 25 12 ou
3217 3252 11 12 a

2798 3267 66 19 raised
2878 3268 95 24 platform
2991 3269 21 19 in
3039 3269 35 19 the
3100 3270 72 25 jungle
3190 3271 38 20 and

2798 3294 98 19 suspends
2928 3301 11 12 a
2966 3295 120 20 five-candle
3115 3302 67 20 power
3200 3298 18 18 in-

2798 3319 118 20 candescent
2925 3320 55 26 lamp
2990 3327 48 13 over
3047 3322 35 19 the
3095 3322 49 23 bait,
3164 3323 63 21 which

2798 3343 16 19 is
2824 3344 70 26 placed
2904 3346 61 20 about
2981 3348 24 17 30
3008 3348 17 18 ft
3038 3354 64 19 away.
3130 3348 96 21 Batteries

2798 3370 73 26 supply
2885 3375 80 17 current
2982 3374 33 18 for
3033 3373 34 20 the
3083 3374 58 25 light,
3160 3375 40 20 and
3217 3381 10 13 a

2797 3396 71 19 switch
2887 3404 25 13 on
2930 3399 35 19 the
2979 3398 92 21 hunter's
3088 3400 44 19 riflo
3148 3401 78 20 onables

2797 3419 42 22 him
2848 3424 21 17 to
2879 3423 65 20 throw
2954 3431 25 12 on
2986 3425 34 19 the
3035 3426 54 24 light
3099 3426 58 20 when
3176 3426 25 21 he
3210 3428 16 18 is

2796 3447 62 25 ready
2867 3450 21 18 to
2897 3449 63 20 shoot.
2989 3451 43 18 The
3057 3452 53 25 light
3134 3453 57 19 tends
3207 3455 18 17 to

2797 3473 131 27 temporarily
2937 3476 57 20 blind
3001 3477 33 19 the
3042 3477 58 25 tiger,
3108 3478 40 19 and
3156 3485 12 13 a
3175 3479 51 25 good

2796 3498 45 20 shot
2852 3506 36 13 can
2898 3501 25 19 bo
2937 3502 42 20 had
2994 3502 71 20 before
3081 3504 32 19 his
3131 3511 46 19 eyes
3193 3505 22 20 be-

2795 3530 54 14 come
2859 3529 125 19 accustomed
2993 3532 21 16 to
3024 3529 21 20 it.

2905 3562 42 20 said
2959 3563 30 25 he,
2998 3562 52 22 "I'm
3059 3571 11 12 a
3078 3572 43 12 man
3131 3565 22 20 of
3161 3572 62 17 peace,

2796 3585 38 19 and
2845 3586 31 19 I'll
2888 3586 50 23 have
2946 3589 23 24 it,
2980 3590 17 19 if
3005 3590 12 19 I
3027 3590 50 21 have
3095 3593 22 18 to
3126 3592 51 25 fight
3196 3593 29 19 for

2823 3639 20 19 \\
2852 3639 36 20 hen
2904 3640 35 21 the
2953 3642 54 21 color
3017 3643 71 26 begins
3103 3646 20 18 to
3132 3645 66 20 desert
3215 3652 10 12 a

2797 3665 92 20 woman's
2898 3667 44 20 face
2953 3669 34 20 she
2994 3670 55 20 often
3057 3671 57 19 takes
3125 3673 21 17 to
3156 3672 57 25 paint-

2796 3697 38 19 ing,
2845 3692 39 19 and
2895 3692 48 21 then
2963 3696 35 19 she
3016 3703 62 13 never
3097 3697 77 21 deserts
3189 3697 35 20 her

2795 3718 60 19 color.

2821 3752 79 26 Cholly:
2958 3756 50 20 shall
3027 3758 53 19 blow
3099 3765 31 20 my
3149 3759 75 20 hwains

2796 3781 34 17 out
2841 3779 16 19 if
2866 3786 39 18 you
2916 3781 69 21 refuse

2968 3809 47 26 days
3043 3810 21 20 of
3083 3811 89 21 miracles
3192 3819 31 13 aro

2817 3866 25 17 Of
2858 3866 100 21 Auckland
2971 3870 90 24 Hospital
3076 3871 82 19 troubles
3175 3873 50 18 thorn

2794 3896 77 17 appears
2887 3892 20 16 to
2922 3892 13 17 b
2937 3898 9 12 9
2958 3899 24 12 no
2998 3895 42 17 end.
3066 3895 33 18 We
3112 3897 113 18 understand

2794 3913 42 18 that
2849 3914 67 22 owing,
2927 3915 15 18 it
2956 3917 16 17 is
2988 3917 80 22 alleged,
3083 3920 19 16 to
3111 3918 87 19 breaches
3207 3920 18 17 of

2794 3936 95 24 discipline
2899 3938 31 17 the
2945 3941 75 17 matron
3029 3941 34 17 has
3072 3941 77 19 deemed
3165 3943 15 17 it
3193 3950 21 10 ex-

2794 3960 74 22 pedient
2885 3962 19 16 to
2914 3963 80 21 suspend
3004 3970 36 11 one
3048 3965 21 16 of
3076 3965 33 17 the
3114 3971 69 16 nurses,
3189 3966 34 18 and

2794 3985 18 15 to
2821 3985 118 18 recommend
2945 3986 42 17 thnt
3000 3986 31 19 the
3048 3988 84 23 training
3141 3990 20 16 of
3175 3995 49 12 some

2793 4007 52 17 other
2853 4012 65 13 nurses
2926 4008 23 18 bo
2956 4009 137 18 discontinued.

1198 50 59 22 the
1271 53 59 21 hot
1345 54 93 20 lakes
1454 55 175 25 chronicle,
1646 57 193 26 Wednesday,
1863 58 163 21 November
2040 60 21 24 g,
2074 59 50 20 im.

2793 4057 68 18 Printed
2873 4063 33 11 nnu
2918 4059 91 21 published
3027 4061 28 16 for
3072 4062 29 16 the.
3116 4063 100 21 proprietor,

2813 4081 18 15 at
2847 4079 26 17 his
2892 4080 95 19 registered
2992 4082 133 20 printiufrofflco
3138 4084 77 17 Eotorua

2812 4101 22 20 by
2843 4101 57 16 Percy
2911 4101 58 17 James
2979 4103 99 21 Hamkond,
3092 4105 17 15 of
3122 4104 77 19 Rotorua

2812 4126 162 24 WEDNESDAY,
2984 4128 137 20 NOVEMBER
3128 4131 17 21 6,
3156 4132 49 23 1895,

538 1690 20 17 of
570 1689 35 17 the
614 1689 41 18 Jato
665 1689 35 17 Mr
710 1689 26 16 A,
748 1688 23 17 L.
786 1688 82 22 Wright
887 1688 40 15 will
949 1688 22 15 be

538 1713 86 22 adhered
635 1715 27 22 to,
671 1713 38 19 and
721 1717 39 20 any
771 1712 39 19 left
821 1711 114 20 uniiuished
945 1710 24 25 by

538 1740 44 20 that
594 1739 113 27 gentleman
720 1738 40 20 will
780 1739 24 19 be
821 1737 111 26 completed
945 1737 24 24 by

631 1767 34 18 the
675 1773 43 12 new
729 1767 148 24 management.

543 1792 109 27 Felephone
663 1792 45 21 657.

588 1843 165 38 RotoFua
766 1842 161 43 Library.

539 1905 113 47 OPEN
668 1904 53 21 from
735 1907 22 16 10
771 1911 10 13 a
792 1910 23 14 in.
826 1906 20 16 to
858 1905 10 17 5
877 1909 45 20 p.m.
933 1902 38 20 and

599 1934 12 17 6
619 1933 25 18 30
654 1935 19 15 to
684 1933 24 17 10
718 1938 46 19 p.m.
776 1931 94 23 Sundays
879 1929 31 19 till
919 1931 53 23 9p.m

540 1962 193 23 Subscription:
742 1962 53 19 SOs
809 1967 48 17 p<-r
870 1966 99 12 annum

564 1995 88 20 Visitors
673 2001 43 17 may
736 2001 85 18 procure
838 1992 67 20 Bucks
920 1991 52 20 from

539 2022 33 19 the
590 2021 85 24 Library
694 2027 25 12 on
737 2020 82 25 making
838 2027 11 12 a
863 2019 79 23 deposit
953 2018 20 19 of

539 2049 36 18 not
590 2047 40 19 less
649 2047 48 19 than
716 2048 29 21 ss,
764 2046 40 19 and
820 2044 121 28 purchasing
952 2046 21 18 Is

539 2082 9 12 c
562 2081 55 17 upon
628 2074 32 18 for
670 2080 61 18 every
743 2074 56 19 Four
810 2072 70 19 books.

565 2105 40 20 The
627 2105 86 26 Library
732 2105 18 20 is
774 2111 51 19 open
849 2104 71 25 during
940 2103 33 20 the

539 2131 89 26 evening,

562 2194 44 39 M
615 2194 13 14 K
658 2192 46 35 W
738 2192 40 37 J.
811 2190 38 39 N
856 2190 81 21 APIEB>

590 2235 152 19 BARRISTEE
754 2236 17 17 &
780 2234 142 19 SOLICITOR.

540 2256 146 20 Commissioner
695 2257 20 17 of
724 2256 33 19 the
774 2256 91 24 Supronie
881 2256 59 17 Court
953 2255 20 18 of

732 2279 56 24 Fiji.)

541 2304 86 18 Solicitor
640 2305 19 16 to
668 2303 31 18 the
709 2303 25 18 N.
745 2303 20 18 Z-.
776 2303 128 18 Uovernment
918 2302 55 18 under

647 2327 98 17 Advances
753 2329 20 16 to
783 2326 76 17 Settlers

541 2363 96 19 Victoria
646 2363 91 22 Aitc.vuE,
745 2363 117 20 Queen-st.,
870 2361 103 19 Auckland.

642 2400 19 17 to
670 2398 52 17 lend
732 2404 24 11 on
765 2397 84 19 freehold
863 2398 80 22 security
957 2400 16 15 at

540 2423 36 18 low
586 2423 49 17 rates
640 2422 20 18 of
663 2422 84 18 interest.
774 2422 72 22 Money
855 2422 84 17 invested
948 2421 25 18 for

542 2446 67 18 clients
619 2446 38 16 free
666 2446 21 16 of
696 2445 74 20 charge.

542 2678 80 19 Losses
646 2677 63 19 Paid.

826 2678 149 23 .20,000,000

541 2730 54 19 FinE
603 2730 106 19 Premium
719 2728 100 21 Exceeds
862 2730 73 24 I,SCU
949 2730 27 20 00

541 2784 161 19 Ac'CUMUE\TED

541 2809 88 20 Exceed
865 2810 111 19 IOOOOOO

541 2862 24 21 W.
582 2862 58 21 WARD
649 2860 66 23 BAKER
775 2860 25 23 W,
817 2861 17 21 A.
849 2861 101 24 WILLIAMS

576 2887 70 22 District
661 2886 66 25 Manger
816 2886 48 21 Local
874 2886 52 27 Agent

626 2910 103 23 Aucklaautl.
854 2911 78 26 Rotorua,

567 2983 382 46 W.Blomfield&Co,,

541 3041 209 21 TOTALISATOR
770 3041 181 25 PROPPJTORS-

568 3074 40 18 .Are
616 3073 97 26 prepared
723 3075 19 17 to
757 3073 56 19 malce
821 3073 154 24 arrangements

541 3106 24 12 on
586 3099 119 19 favourable
724 3101 63 18 terms
811 3099 32 19 for
859 3098 35 20 the
904 3105 38 13 use
954 3098 21 19 of

542 3125 53 20 tbeir
604 3126 107 19 machines.

542 3200 46 38 W,
625 3198 187 38 Blomfield
847 3198 37 36 &
919 3198 55 40 Go,

610 3271 105 34 QUEEN
778 3270 129 34 STREET,

671 3318 172 25 AUCKLAND.

136 2563 158 51 Steele
333 2563 140 52 Bros.

92 2650 191 41 MARAEROA
342 2650 175 43 SAWMILL,

90 2731 47 28 \_J
169 2738 45 23 past
223 2736 66 20 favors
297 2736 38 20 and
344 2737 38 24 beg
390 2739 19 17 to
416 2744 106 13 announce

90 2762 44 22 that
151 2763 74 22 having
244 2770 11 11 a
277 2763 55 24 large
351 2763 58 20 stick
429 2764 21 19 of
470 2764 41 20 well-

90 2790 93 19 seasoned
204 2789 106 19 first-ehiss
328 2788 74 20 timber
419 2796 24 13 on
464 2790 55 20 hand

90 2815 47 28 they
148 2823 31 12 are
190 2815 95 26 preparnd
307 2822 20 12 to
346 2815 51 21 fulfil
414 2817 69 19 orders
496 2821 20 15 at

90 2842 84 20 reduced
185 2846 59 16 rates.

103 2954 161 21 barrister
280 2955 59 20 and
351 2955 156 25 solicitor,

104 2989 44 24 118)
159 2988 109 20 YICTOKIA
278 2989 94 22 Ar.CADfc,
384 2989 124 19 ATX'KIiAA'D.

278 3024 56 19 Also

92 3052 101 22 Barrister
204 3054 38 19 and
254 3051 92 23 Solicitor
356 3053 22 20 of
385 3056 33 17 the
426 3055 96 24 Supreme

170 3081 70 23 Court,
252 3079 92 26 Ontario,
355 3080 87 20 Canada.

132 3130 7 26 {
140 3128 27 49 T.
202 3131 48 46 B.
283 3128 65 46 W

364 3131 19 18 A
398 3130 17 19 L
431 3130 19 19 K
466 3130 17 19 E
499 3130 23 19 R.

130 3187 93 21 STOCK
234 3188 15 20 &
261 3187 221 24 SHAREBROKER,

92 3225 64 22 I,A?rt),
169 3227 5 12 J
183 3225 64 15 S-'TATE
256 3227 40 13 and
307 3224 131 16 commis-iok
444 3225 78 20 agent,

91 3254 40 19 No.
143 3255 30 22 S3,
186 3252 148 26 Queen-Stret
346 3252 87 24 (Arcade
452 3254 57 20 BuiM-

275 3279 62 26 ings,)

246 3314 125 18 Auckland.

115 3405 268 66 WHERE
429 3405 86 64 TO
578 3403 377 66 PURCHASE

475 3499 117 28 FROM

286 3556 149 63 mm

90 3671 162 45 Lamps
539 3669 155 35 Cruets

323 3715 194 36 Brushes
799 3714 169 36 Knives

90 3763 177 39 Trunks
540 3762 165 45 Spoons

379 3809 139 35 Locks
829 3806 140 36 Forks

89 3859 162 37 Razors
539 3855 138 44 Trays

330 3903 187 44 Teapots
797 3899 174 36 Churns

190 3955 73 34 LAWN
285 3954 122 36 MOWERS,
430 3953 78 35 HOES,
525 3952 89 35 RAKES,
639 3951 112 35 SPADES,
775 3951 92 35 FORKS,

138 4000 58 34 At
254 3997 185 43 Greatly
500 3994 203 36 Eeduced
767 3993 158 35 Prices.

86 4080 81 51 or.
216 4080 80 47 &c
338 4054 626 81 j-TryxcittErz:,

143 4139 87 29 (Fourth
239 4139 50 28 shop
612 4142 49 22 304
677 4139 16 18 &
710 4136 48 26 306
769 4134 90 28 QUEEN
872 4134 40 23 ST.

1018 1852 73 23 Under
1107 1854 34 19 the
1159 1853 151 26 distinguished
1326 1854 116 26 Patronage
1458 1854 21 21 of
1495 1855 31 18 bis
1536 1854 120 26 Excellency
1667 1855 35 20 the
1712 1856 108 20 Governor
1830 1857 36 19 the

1350 1880 49 19 Earl
1414 1881 21 19 of
1446 1881 87 20 Onslow.

1053 1943 141 64 HOT
1228 1940 301 67 SPRINGS
1576 1941 248 75 HOTEL,

1232 2037 90 28 TO
1378 2038 39 27 7S
1435 2037 91 29 RO
1544 2037 41 28 H
1604 2037 49 28 7X.

1061 2096 54 24 The
1129 2096 59 24 Lest
1212 2096 129 28 Situated,
1363 2096 46 24 the
1423 2098 68 22 most
1504 2096 185 30 Comfortable,
1703 2097 46 24 the
1762 2097 58 24 best

1229 2129 140 32 appointed
1381 2130 81 24 Hotel
1472 2129 28 24 in
1512 2130 34 23 Te
1564 2130 96 25 Aroha.

1028 2167 112 32 Adjoins
1165 2167 74 32 (with
1263 2167 104 24 Private
1392 2167 143 32 Entrance)
1560 2167 46 25 the
1636 2168 125 25 Thermal
1783 2167 107 33 Springs

995 2201 122 26 Domain.
1129 2201 95 24 Tennis
1239 2200 80 25 Court
1329 2200 28 25 in
1369 2201 120 24 Domain.

1182 2287 95 24 Terms
1278 2288 62 22 Gs
1357 2294 46 25 per
1422 2286 57 33 day,
1499 2287 44 23 30s
1561 2294 46 24 per

996 2355 48 38 W.
1074 2355 40 38 Ji,
1143 2353 161 48 MOCK,,

1662 2354 224 43 Proprietor.

1021 2440 41 20 The
1081 2440 60 19 baths
1161 2439 39 20 and
1221 2438 96 23 drinking
1336 2441 65 17 water
1420 2444 33 13 aro
1469 2437 109 26 especially
1598 2438 114 21 efficacious
1732 2439 20 19 in
1776 2438 57 19 Gout
1850 2444 29 12 am

994 2466 124 21 Rheumatic
1129 2466 115 21 affections,
1254 2465 89 19 Chronic
1352 2465 122 24 Dyspepsia,
1486 2465 108 19 Disorders
1612 2465 22 19 of
1644 2466 35 18 the
1689 2465 91 25 Urinery
1802 2465 77 24 Organs

994 2494 104 19 Cutanous
1110 2493 101 23 Diseases,
1228 2491 80 26 Splenic
1319 2491 40 19 and
1376 2492 88 25 Ilopahc
1477 2491 117 24 Disorders,
1611 2492 94 19 Diseases
1721 2492 38 19 due
1776 2493 21 17 to
1813 2490 64 20 Exees

996 2520 88 18 Aciditv.
1094 2519 120 19 NeuraJizia.
1226 2518 95 20 Sciatica.

1101 2587 74 20 Public
1190 2586 49 20 Hall
1250 2585 38 21 and
1302 2586 79 25 Sample
1393 2586 78 19 Rooms
1486 2585 111 21 connected
1613 2585 43 21 with
1667 2585 35 20 the
1712 2585 71 24 Hotel,

1000 2752 456 62 GEYSER
1477 2750 384 60 HOUSE

1044 2827 331 48 Hydropathic
1406 2826 154 41 Hotel,
1578 2825 258 40 Wairakei.

1197 2873 35 20 Six
1242 2874 58 18 miles
1310 2874 52 18 from
1372 2873 57 19 Lake
1439 2873 69 24 Taupo
1521 2872 99 25 (Rotorua
1630 2872 59 25 side).

1124 2905 219 33 SUPERIOR
1375 2904 386 31 ACCOMMODATION

1192 2945 56 19 ALL
1257 2944 57 19 THE
1324 2943 144 20 COMPORTS
1479 2943 35 19 OP
1525 2943 17 19 A
1551 2942 81 20 HOME
1642 2943 55 19 FOR

1232 3005 156 27 Tourists
1406 3004 69 26 and
1505 3002 165 28 Invalids.

1413 3047 53 19 %&&

996 3094 72 27 Hot
1088 3090 210 32 Swimming
1310 3089 119 32 Baths,
1444 3088 195 26 Kiri-o-Kai
1653 3093 40 20 or
1707 3086 82 27 New
1804 3083 84 28 Skin

1049 3126 102 31 Bath,
1171 3125 71 26 Hot
1266 3122 138 28 Douche
1427 3121 116 32 Baths,
1558 3121 119 26 Grand
1691 3121 150 27 Climate.

1104 3162 312 32 Elevationl,3so
1426 3161 68 27 feet
1507 3160 109 27 above
1629 3166 59 21 sea
1700 3157 96 29 level.

1432 3206 29 14 -

997 3241 259 33 COMPETENT
1274 3239 160 28 GUIDES
1446 3246 155 24 accompany
1613 3237 106 25 tourists
1729 3238 27 23 to
1764 3235 45 25 the
1820 3234 53 24 vari-

1096 3287 46 16 ous
1156 3277 86 32 places
1254 3275 27 25 of
1293 3275 116 30 interest,
1423 3272 87 26 which
1519 3272 74 24 baffle
1606 3271 45 24 the
1663 3272 66 23 most
1740 3269 77 25 facile
1827 3275 58 25 pen,

1095 3312 52 24 and
1161 3319 48 16 can
1221 3309 60 32 only
1293 3308 31 23 he
1336 3306 110 25 realized
1458 3306 77 24 when
1552 3312 68 17 seen.

1354 3350 197 19 -tr-r~&&z4kJSZ'~*~r-
1646 3354 19 5 '

997 3409 197 27 GEYSER
1208 3408 194 24 VALLEY
1413 3406 93 21 contains
1514 3405 35 20 the
1555 3404 108 26 following
1672 3401 122 28 unequalled
1805 3399 80 20 Natura

1075 3435 261 22 wonders:Tuhuatuhi,
1357 3441 23 12 or
1399 3434 66 19 Great
1485 3433 131 23 Champagne
1635 3430 119 23 Cauldron;
1769 3429 34 18 the
1821 3427 64 18 Groai

1190 3453 92 34 Geyser;
1291 3461 35 19 the
1337 3460 88 20 Donltev
1435 3459 81 25 Engine
1524 3453 4 34 ;
1540 3458 34 19 the
1585 3457 84 20 Pairies'
1679 3456 51 20 Bath
1742 3453 3 34 ;
1756 3455 35 19 the
1802 3453 72 24 Lightn-

1076 3491 38 19 it
1126 3479 61 33 Tool;
1199 3488 36 19 the
1246 3488 50 18 Case
1310 3487 25 19 de
1345 3488 85 24 Geyser,
1446 3493 21 12 or
1479 3484 103 25 Dragon's
1593 3484 69 19 mouth
1673 3479 4 33 ;
1688 3482 35 20 the
1731 3481 59 20 black
1802 3479 83 24 Geyser;

1075 3518 35 18 the
1119 3516 51 19 Mud
1182 3516 92 22 Geyser;
1293 3512 34 21 the
1337 3512 53 21 Blue
1399 3512 57 20 Lake
1465 3521 5 17 ;
1479 3511 36 20 the
1534 3510 34 21 Oil
1578 3509 54 21 Bath
1640 3519 5 15 ;
1664 3510 36 19 the
1721 3507 80 26 Eagle's
1820 3506 66 21 iNest;

1077 3544 36 19 the
1123 3542 79 20 Devil's
1213 3540 70 20 Punch
1295 3540 55 19 Bowl
1361 3534 3 29 ;
1376 3539 35 20 the
1423 3539 71 19 Prince
1509 3537 21 19 of
1541 3536 76 20 Wales'
1628 3535 153 24 Feathers;the
1798 3534 87 22 Mirror;

1077 3570 34 19 the
1120 3568 56 20 Twin
1187 3568 78 24 Geyser
1275 3559 4 33 ;
1290 3566 35 19 the
1336 3566 59 19 Coral
1407 3566 78 25 Geyser
1496 3559 4 33 ;
1512 3563 34 20 the
1557 3563 66 19 Green
1639 3562 48 20 Pool
1698 3559 4 33 ;
1721 3559 131 23 Terekerehe,
1865 3565 20 12 or

1077 3596 49 20 Hell
1137 3596 91 22 Geyser;
1239 3592 35 20 the
1285 3593 69 18 Steam
1365 3593 103 18 Hammer.
1497 3589 86 21 Guide's
1594 3590 31 19 fee
1635 3591 22 17 to
1669 3589 79 24 Geyeer
1768 3585 78 25 Valley,
1856 3586 28 23 ss;

1077 3623 94 19 distance
1180 3620 52 19 from
1244 3619 33 19 the
1288 3618 62 25 hotel,
1360 3625 38 13 ono
1409 3618 46 19 mile

996 3676 100 24 THE
1116 3673 94 26 ARE
1218 3671 96 25 ATE
1321 3671 97 24 AXE
1425 3670 30 24 A
1486 3677 22 12 or
1520 3669 79 19 Ladder
1610 3668 84 26 Rapids.
1722 3667 42 20 The
1782 3666 102 21 Grandest

1077 3702 80 24 Rapids
1168 3700 20 19 in
1199 3698 35 20 the
1245 3698 101 19 Southern
1358 3696 137 26 Hemisphere
1504 3693 4 33 ;
1518 3695 74 24 falling
1602 3695 21 19 in
1643 3695 30 19 six
1691 3693 86 21 distinct
1794 3693 90 20 cascades

1077 3728 96 24 amongst
1188 3725 61 20 weird
1261 3724 40 19 and
1312 3724 75 25 rugged
1403 3730 90 17 scenery.
1521 3721 98 21 Distance
1629 3721 52 19 from
1693 3720 35 19 the
1747 3720 63 24 hotel,
1830 3719 55 20 three

1078 3755 63 20 miJe3.
1171 3750 75 21 Saddle
1256 3751 69 19 horses
1339 3752 22 17 to
1372 3749 48 20 visit
1430 3750 33 19 the
1472 3749 83 25 Rapids,
1566 3747 23 21 7b
1599 3747 25 21 6d
1634 3748 55 20 each.

997 3804 27 17 \
1034 3799 187 28 F-,RAPITI
1249 3805 22 13 or
1281 3798 35 19 the
1326 3798 77 20 Devil's
1414 3797 98 25 Trumpet
1522 3796 16 19 is
1555 3796 42 20 said
1618 3797 21 18 to
1660 3796 50 19 emit
1729 3802 13 12 a
1762 3801 93 18 pressure
1864 3794 20 19 of

988 3820 4 29 k
1076 3829 72 20 ISOIuh
1159 3827 21 18 of
1194 3830 64 15 steam
1269 3827 21 17 to
1300 3824 35 20 the
1341 3824 54 24 inch,
1411 3824 52 19 from
1474 3830 25 12 an
1515 3825 96 23 aperture
1621 3822 21 19 of
1662 3822 64 20 about
1744 3821 25 20 12
1785 3820 68 20 inches
1864 3821 19 18 in

1074 3855 106 19 diameter.
1209 3851 98 20 Distauce
1318 3851 9 19 f
1330 3858 41 12 ro.n
1383 3850 54 20 hotel
1446 3850 57 19 three
1514 3850 38 18 and
1565 3857 11 11 a
1587 3848 42 20 half
1640 3848 55 20 miles
1703 3857 5 15 ;
1728 3847 71 20 saddle
1815 3846 68 21 horses

1074 3884 23 16 to
1110 3881 47 19 visit
1167 3879 35 19 the
1212 3879 67 23 above,
1291 3877 56 20 2s(3d
1357 3877 56 20 each.

1409 3909 53 13 ALSO

998 3933 97 26 THE
1116 3931 133 25 HUKA
1268 3930 155 24 FALLS
1455 3928 36 21 the
1622 3926 56 21 falls
1687 3928 22 19 in
1729 3926 33 19 the
1783 3926 98 20 Southern

1076 3963 141 25 Hemisphere.
1246 3961 42 20 The
1298 3961 55 19 Palls
1363 3967 45 19 may
1424 3961 24 19 be
1457 3959 72 20 visited
1537 3965 25 13 on
1572 3957 34 21 the
1616 3965 54 13 same
1677 3956 115 26 expedition
1806 3964 22 13 as
1848 3957 35 21 tho

1076 3990 79 21 Devil's
1161 3990 104 23 Trumpet.
1294 3987 96 19 Distance
1401 3987 52 19 from
1465 3985 52 20 hotel
1528 3984 59 20 three
1595 3985 39 19 and
1646 3991 10 13 a
1667 3984 43 19 half
1721 3983 62 20 miles.
1808 3985 74 19 Saddle

1077 4018 60 19 horse
1155 4023 21 12 or
1186 4016 68 24 buggy
1268 4013 49 20 2?9d
1328 4013 55 20 each.

1131 4056 88 27 MRS
1233 4055 37 27 R.
1289 4052 195 32 GRAHAM,
1504 4051 241 33 Proprietress.

2416 154 9 13 I

2411 214 14 11 -'.

2384 428 52 26 mple
2456 428 44 20 Eoo
2544 428 31 19 for
2586 424 195 22 COMMERCIAL

2383 465 130 21 .VELLERS
2531 472 37 14 ava
2569 465 6 11 :
2577 465 58 20 lable
2654 467 21 17 at
2684 464 29 19 all
2721 464 38 19 tim
2771 469 11 13 e

2377 566 72 26 hargcs
2498 567 111 22 Moderate.
2668 567 117 20 SPECIAL

2383 604 40 20 :es
2439 605 35 19 to
2499 605 175 21 permanent
2698 605 67 21 boar-

2383 641 30 21 is.

2460 743 39 37 C.
2536 742 223 45 CAULTON,

2462 865 207 41 Proprietor.

2375 970 278 70 HUM,

2381 1179 23 27 h
2434 1180 112 27 Coach
2578 1187 39 21 or
2638 1181 133 27 steame

2374 1220 106 22 Coach.

2373 1262 24 22 t,
2409 1257 49 24 and
2470 1257 44 24 has
2526 1257 90 31 special
2638 1258 152 31 advantages

1548 1408 125 28 Cusine
1769 1410 208 28 attendance
1997 1411 36 27 of
2053 1412 59 28 the
2119 1406 36 36 lb
2159 1415 59 31 est.

1454 1449 73 25 jdical
1541 1450 52 24 Hot
1606 1450 102 33 Springs
1720 1453 51 23 and
1784 1452 82 25 Baths.
1903 1453 36 24 As
1952 1452 40 26 the
2008 1453 101 35 Springs
2121 1456 48 24 and
2183 1456 73 28 Baths
2270 1467 40 16 are
2321 1460 41 24 the
2375 1465 115 30 property
2503 1460 25 26 of
2541 1461 39 26 the
2594 1462 85 29 Hotel,
2693 1462 86 27 visitor
2781 1461 10 17 s

1454 1491 33 16 :an
1498 1486 55 21 take
1564 1491 29 16 an
1607 1484 127 27 unlimited
1747 1486 103 25 number
1863 1486 25 25 of
1901 1486 73 25 Baths
1987 1492 25 19 at
2024 1495 47 25 any
2084 1488 59 26 time
2155 1490 26 24 of
2190 1490 40 26 the
2243 1491 47 33 clay
2305 1493 78 29 FREE
2396 1494 64 25 from
2472 1502 46 27 any
2526 1495 89 35 charge
2627 1495 123 28 whatever

1453 1525 90 41 'ER
1556 1525 142 51 DAY,
1719 1526 53 44 7s
1791 1529 66 48 8s;
1905 1528 120 42 PER
2040 1530 192 52 WEEK,
2253 1534 64 42 1
2366 1535 79 43 15s
2463 1539 49 39 to
2538 1538 71 42 2
2628 1539 67 42 3s.

1453 1580 108 35 ttages
1573 1582 36 28 to
1621 1581 49 29 let
1682 1582 47 35 by
1742 1583 59 28 the
1820 1584 105 33 week,
1938 1585 130 34 month,
2084 1592 39 23 or
2143 1587 56 30 the
2218 1595 131 25 season,

1453 1639 41 18 ase
1507 1631 71 34 apply
1591 1638 25 20 to
1629 1632 146 35 Proprietor.

1549 1674 59 47 A.
1637 1675 52 41 A.
1718 1676 203 50 SMITH,
2044 1679 277 49 Proprietor.

2039 2451 97 24 IWOLD
2145 2451 63 24 SPECH

2040 2645 166 32 |P.d.L'.BRAKD
2212 2645 1 32 ;

2136 2709 87 60 s=gd
2257 2717 178 46 Proprietors
2437 2740 7 13 :
2446 2743 15 7 -

2224 2776 40 23 I*.
2289 2766 138 33 niQTll
2452 2771 6 30 f
2481 2772 57 29 r:o

2642 1931 121 52 Us/O)

2686 2513 64 36 m

2314 2844 167 38 Msmv,
2502 2849 143 34 scor/nm

1905 2908 269 31 WHOLESALE
2193 2910 183 40 AGENTS,

2196 2950 50 38 L.
2274 2952 53 40 D.
2357 2954 259 43 NATHAN
2642 2962 116 42 &Co.

1907 3188 873 77 COACHINGLINE

2091 3329 528 53 BETWEEN

2018 3441 265 52 Rotorua
2320 3443 114 52 and
2467 3446 210 69 Taupo.

2173 3695 341 30 TKURHNGK

1903 3729 80 41 Smith
2013 3731 48 40 and
2080 3730 112 49 Carriage
2214 3730 103 46 Works,
2348 3732 81 40 Coach
2454 3730 45 40 and
2528 3730 110 53 Waggon
2673 3738 103 51 Factory

2108 3790 211 23 ESTABLISHED
2335 3794 81 20 OVER
2432 3794 25 21 10
2472 3792 101 21 YEARS.

1925 3839 34 16 lTie
1966 3839 116 20 undersigned
2091 3845 29 12 arc
2127 3839 136 17 manufacturers
2271 3843 18 11 oi
2296 3839 35 24 i~.,
2400 3851 13 5 ~,
2432 3851 18 6 ~.
2540 3851 62 5 .......,,
2615 3851 34 7 ~,,.,,
2663 3839 2 24 ,
2669 3839 6 24 i
2677 3839 2 24 .
2682 3855 9 7 |l
2702 3839 1 24 ,
2717 3855 12 8 (ji
2745 3856 7 6 n
2757 3839 2 24 ,

1922 3860 37 16 Our
1967 3860 110 16 well-known
2086 3860 97 22 reputation
2193 3865 17 10 as
2218 3859 83 16 Pinctic.il
2316 3860 102 20 Mechanioa
2434 3863 32 16 and
2480 3860 53 19 W.P's
2545 3861 19 17 27
2580 3867 50 15 years
2642 3862 100 25 expcrio~nce
2761 3871 15 15 iu

1901 3881 28 17 the
1933 3880 120 17 Australasian
2060 3881 86 21 Colonies,
2154 3881 64 22 justify
2225 3886 19 11 us
2251 3881 19 16 in
2286 3880 84 23 olniming
2380 3884 41 18 that
2435 3890 25 10 we
2476 3888 29 11 can
2518 3882 67 16 furnish
2601 3889 10 10 a
2626 3885 56 20 bette
2697 3891 45 17 class
2760 3893 18 15 of

1901 3902 73 17 vehicles
1983 3902 94 17 consistent
2104 3904 24 15 itli
2138 3904 59 15 liouest
2206 3902 45 16 work
2260 3902 18 15 at
2286 3907 10 10 a
2305 3902 74 22 cheaper
2390 3908 37 14 rate
2435 3906 40 16 than
2485 3909 30 15 any
2523 3904 18 14 of
2548 3908 32 10 mir
2589 3909 110 18 competitors

1921 3924 36 16 The
1964 3923 63 16 Publio
2033 3923 35 16 will
2081 3925 35 15 find
2125 3925 14 15 it
2150 3926 17 14 to
2181 3924 44 15 their
2240 3923 97 20 advantage
2353 3926 18 14 to
2386 3924 143 20 ENCOURAGE
2548 3924 79 18 LOCAL
2646 3928 125 22 INDUSTrIY

1901 3945 54 17 where
1963 3945 39 21 they
2021 3940 31 21 ban
2060 3944 45 17 have
2110 3946 30 16 the
2145 3945 78 21 ploasuro
2229 3944 19 17 tf
2254 3944 59 20 seeing
2329 3944 90 21 first-clasa
2435 3947 73 17 material
2521 3951 19 10 an
2548 3946 5 15 I
2569 3946 127 21 workmanshin
2711 3956 34 11 i-
2759 3947 16 20 ,-.!

1920 3966 40 21 del?
1967 3966 51 16 made
2024 3966 19 16 to
2049 3966 46 16 their
2100 3966 63 18 valued
2169 3966 63 17 orders.
2687 3961 9 12 t'
2712 3961 33 14 put
2759 3961 17 11 id

1920 3988 45 19 N,li.
1967 3987 101 16 Vehicles
2076 3988 17 15 of
2100 3988 22 15 all
2131 3988 111 20 descriptions

1900 4012 17 15 to
1924 4015 45 11 new.

1899 4056 201 28 WILLIAId
2119 4057 180 29 PAHKER,
2321 4057 248 31 Coachbuilder.

2249 4093 138 28 JAMES
2407 4097 126 31 HAUA,
2553 4095 220 37 Blacksmith

2156 4125 145 22 DEVONPORT
2312 4124 74 21 ROAD.
2401 4130 128 18 TAUIIAGA.
