3248 4168
951 3683 196 21 BIMETALLISM
1173 3686 58 19 AND
1260 3689 124 18 CHINESE

1060 3711 210 22 COMPETITION.

974 3763 24 18 In
1006 3763 34 19 the
1050 3763 99 19 National
1156 3764 85 20 Keview
1251 3766 18 19 is
1278 3766 104 25 published

949 3788 52 19 what
1020 3789 16 19 is
1050 3789 65 19 called
1130 3788 3 29 '
1144 3790 20 18 A
1184 3790 105 27 Dialogue
1309 3799 25 12 on
1349 3793 22 19 Bi-

949 3815 117 24 metallism,'
1078 3816 24 23 by
1114 3815 34 19 Mr
1157 3815 96 21 Leonard
1273 3819 109 25 Courtney,

949 3841 35 17 but
994 3841 39 19 this
1044 3842 16 18 is
1070 3849 12 11 a
1090 3842 113 20 misnomer.
1233 3846 57 18 Some
1298 3852 37 12 one
1347 3846 35 19 has

947 3866 61 19 asked
1019 3867 35 19 Mr
1065 3868 107 22 Courtney
1186 3876 12 11 a
1208 3870 61 19 scries
1280 3871 21 19 of
1320 3878 49 19 ques-

949 3892 51 19 tions
1024 3900 25 12 on
1072 3893 140 26 bimettalism,
1234 3903 39 13 ana
1297 3898 24 19 he
1346 3899 34 19 has

948 3919 100 19 answered
1064 3919 61 23 them,
1136 3926 64 20 quary
1215 3922 40 20 aud
1271 3930 78 14 answer
1360 3926 19 18 in

947 3945 81 25 parallel
1040 3945 96 20 columns.
1165 3947 42 21 The
1222 3949 105 26 following
1346 3952 22 19 ob-

948 3972 111 19 servations
1076 3972 23 19 of
1109 3972 35 19 Mr
1158 3973 102 26 Courtney
1271 3984 23 11 as
1304 3979 22 17 to
1345 3978 35 19 the

947 3997 87 25 possible
1050 3998 144 25 improvement
1210 4001 63 21 which
1290 4004 79 19 biuietal-

947 4023 73 20 tallism
1032 4025 63 23 might
1106 4026 57 19 make
1171 4027 20 18 in
1202 4027 132 28 diminishing
1344 4031 33 19 the

946 4051 62 18 stress
1027 4051 21 18 of
1071 4053 132 23 competition
1218 4055 22 18 of
1259 4056 35 18 the
1307 4057 70 23 yellow

947 4083 44 13 man
1012 4077 47 20 with
1073 4077 36 20 the
1128 4080 61 20 white
1204 4087 71 20 money
1292 4089 45 19 may
1354 4083 25 20 be

946 4103 64 21 worth
1020 4104 72 26 aotiDg
1103 4113 32 15 ;

1443 2554 5 10 1
1458 2553 26 22 So
1501 2554 33 19 far
1545 2560 21 13 as
1577 2553 62 20 silver
1649 2554 49 21 falls
1714 2564 20 12 in
1747 2558 58 20 value
1824 2558 34 19 the

1415 2582 62 19 effect
1487 2582 20 19 in
1520 2580 131 26 silver-using
1662 2584 106 20 countries
1788 2585 16 20 is
1814 2585 46 25 just

1415 2609 37 18 the
1476 2613 79 14 reverse
1575 2607 21 19 of
1612 2607 53 19 what
1686 2609 17 18 is
1724 2611 132 25 experienced

1414 2636 68 19 under
1505 2633 145 26 appreciation.
1689 2635 93 24 Charges
1802 2638 21 19 of
1848 2645 11 12 a

1416 2662 51 19 fixed
1489 2661 49 20 kind
1550 2660 106 25 becoming
1672 2660 46 22 less,
1738 2665 37 18 and
1793 2671 65 19 wages

1416 2689 89 25 altering
1516 2687 75 25 slowly,
1604 2687 58 19 there
1672 2688 17 19 iR
1709 2696 11 12 a
1729 2691 97 19 stimulus
1837 2692 21 17 to

1416 2714 131 26 production.
1576 2713 42 20 Tbe
1629 2720 117 15 movement
1767 2718 61 23 being
1837 2717 20 20 in

1415 2742 95 25 opposite
1521 2740 110 20 directions
1648 2740 19 19 in
1679 2742 46 24 gold
1744 2744 39 19 and
1796 2744 62 20 silver

1413 2768 62 24 using
1486 2767 108 22 countries,
1606 2766 57 20 there
1678 2768 17 19 is
1707 2769 19 19 in
1746 2773 78 17 respect
1836 2770 21 19 of

1412 2794 140 20 commodities
1570 2793 74 20 which
1660 2800 34 14 are
1716 2797 101 22 pror'u-ed
1837 2797 21 20 in

1414 2822 47 19 both
1481 2828 24 12 an
1524 2820 127 25 aggravated
1667 2821 147 25 disadvantage
1836 2827 19 16 to

1413 2849 35 19 the
1458 2848 46 24 gold
1517 2848 98 18 standard
1636 2850 93 24 country.
1762 2850 83 19 Bimetal-

1415 2876 41 18 lism
1468 2878 21 16 at
1501 2874 34 20 the
1545 2874 89 24 existing
1646 2874 51 20 ratio
1711 2876 64 19 would
1788 2879 66 17 arrest

1415 2902 33 18 the
1456 2901 122 24 divergence
1587 2901 38 18 and
1639 2903 84 22 prevent
1730 2904 34 17 the
1772 2902 83 20 further

1414 2928 141 22 development
1566 2927 21 19 of
1597 2927 141 25 competition,
1759 2930 38 17 and
1809 2930 18 19 it
1838 2930 15 19 is

1414 2958 19 16 :tt
1446 2954 52 19 least
1507 2960 50 18 open
1569 2955 22 18 to
1599 2953 84 26 inquiry
1693 2955 90 20 whether
1791 2963 50 12 some-

1413 2981 59 25 thing
1484 2980 64 25 might
1555 2984 37 15 not
1602 2981 24 18 be
1637 2979 53 21 done
1700 2984 20 16 to
1731 2986 78 15 retrace
1821 2983 34 19 the

1415 3014 80 17 process
1515 3007 87 24 through
1613 3006 66 20 which
1696 3014 29 12 we
1736 3008 50 20 have
1803 3009 49 20 been

1416 3034 87 24 passing.
1533 3032 45 20 Not
1588 3033 61 19 India
1659 3033 65 25 alone,
1739 3034 64 21 China
1814 3036 37 18 and

1413 3060 66 24 Japan
1490 3059 45 26 (the
1543 3059 62 19 latter
1611 3059 21 19 in
1644 3067 11 11 --i
1667 3067 47 18 v<-ry
1724 3062 128 25 noteworthy

1414 3087 81 25 degree)
1507 3093 34 12 are
1552 3092 38 13 our
1601 3086 60 18 rivals
1672 3087 21 19 in
1705 3088 147 20 manufacture.

1441 3113 3 21 '
1456 3113 21 19 It
1498 3114 16 18 is
1530 3113 97 19 admitted
1645 3113 46 19 that
1709 3113 17 20 if
1744 3121 25 13 an
1785 3115 57 19 inter-

1414 3140 91 19 national
1515 3142 117 20 agreement
1640 3140 127 20 established
1775 3148 10 12 a
1794 3142 57 22 ratio,

1413 3166 40 20 and
1465 3166 47 20 ilius
1520 3165 87 19 ensured
1616 3174 12 11 a,
1641 3166 101 20 universal
1754 3168 96 20 standard

1413 3193 21 19 of
1445 3193 65 22 value,
1522 3192 45 19 that
1577 3191 100 20 standard
1698 3194 64 19 would
1775 3194 42 19 still
1828 3195 23 18 bt>

1413 3219 59 19 liable
1492 3221 22 17 to
1536 3219 76 24 cbangt;
1623 3226 5 16 ;
1655 3219 36 19 but
1716 3220 34 19 the
1775 3221 76 24 change

1414 3245 65 20 would
1499 3245 63 20 affect
1571 3245 26 18 all
1613 3245 83 19 nationt
1707 3253 22 11 so
1740 3253 21 13 aa
1782 3250 19 15 to
1816 3254 22 11 re-

1413 3278 58 13 move
1480 3271 34 19 the
1526 3274 81 23 present
1615 3272 133 24 aggravation
1761 3272 22 20 of
1793 3273 47 18 inter-

1413 3299 92 19 national
1521 3298 134 24 competition
1666 3307 6 15 ;
1686 3299 40 19 and
1743 3306 26 16 as,
1787 3305 49 12 more-

1412 3332 54 16 over,
1476 3325 35 19 the
1521 3324 99 19 standard
1629 3324 34 19 the
1675 3325 96 19 standard
1783 3325 22 19 of
1815 3325 35 18 the

1412 3351 72 19 future
1509 3350 66 20 would
1596 3350 24 19 be
1641 3351 113 19 controlled
1775 3351 26 24 by
1816 3351 33 19 the

1413 3378 59 19 metal
1499 3377 63 19 which
1582 3376 17 19 is
1614 3377 89 25 tending
1728 3379 20 17 to
1769 3377 80 19 become

1412 3404 91 24 cheaper,
1520 3403 35 19 the
1566 3402 61 20 effect
1638 3403 22 19 of
1675 3403 35 19 tbe
1721 3403 87 25 changes
1829 3403 21 19 of

1412 3431 34 19 the
1456 3431 71 19 future
1540 3429 100 24 (common
1656 3433 22 15 to
1689 3429 37 21 all)
1743 3429 65 20 would
1826 3430 23 19 be

1411 3459 22 17 to
1456 3456 108 23 stimulate,
1586 3455 68 20 rather
1675 3455 51 20 than
1749 3458 99 20 contract,

1412 3483 163 25 enterpriseto
1593 3481 57 19 make
1663 3482 98 25 industry
1778 3489 60 18 every-

1407 3509 69 21 where
1514 3515 53 12 more
1611 3508 110 24 energetic,
1764 3508 85 20 because

1406 3537 18 18 di
1434 3535 107 21 minishing
1552 3533 36 20 the*
1600 3534 74 24 weight
1684 3534 21 19 of
1719 3535 36 19 the
1766 3535 82 24 charges

1406 3570 31 19 tp
1448 3570 17 11 in
1477 3562 23 19 it.
1578 3560 36 19 the
1621 3567 81 12 reasons
1711 3561 10 18 I
1729 3561 53 19 ha?e
1789 3569 58 18 given

1407 3591 9 18 1
1442 3588 75 20 believe
1528 3586 35 19 the
1573 3586 47 24 gain
1640 3586 45 19 that
1700 3588 66 19 would
1787 3595 61 12 ensue

1404 3616 33 19 for
1453 3612 95 26 Englnii.'l
1563 3612 65 19 would
1647 3612 32 19 far
1689 3615 102 24 outweigh
1809 3622 38 18 any

1405 3642 39 19 loss
1461 3639 22 20 of
1493 3639 78 20 tribute
1586 3644 25 13 on
1626 3638 34 19 the
1671 3642 47 22 part
1734 3642 19 18 oi
1767 3648 68 18 money-

1405 3668 88 23 lend.'ng
1504 3664 138 25 Englishmen.

1890 87 41 20 AN
1944 87 148 20 ARCADIAN
2107 84 157 21 EXISTENCE.

1898 151 43 18 Tho
1959 150 121 24 interesting
2094 147 68 21 island
2177 147 122 24 community

1867 176 21 19 of
1905 176 81 19 Tristua
2009 175 107 20 d'Acunlia
2139 174 22 19 in
2183 172 35 19 the
2236 172 65 19 South

1867 202 90 19 Atlantic
1983 208 42 13 was
2047 200 73 21 visited
2143 199 28 24 by
2198 199 35 18 the
2255 199 46 25 ship

1868 228 90 19 Gronsav
1967 235 26 12 ou
2007 228 38 19 her
2059 232 79 19 voyage
2152 225 53 19 from
2217 224 84 20 London

1868 257 21 16 to
1903 254 87 25 Sydney.
2018 253 19 19 A
2052 253 49 19 boat
2117 252 52 18 from
2186 251 34 19 the
2235 251 65 19 island

1869 287 55 12 came
1934 280 28 19 off
1971 284 20 14 to
2001 279 36 19 the
2053 279 46 24 ship
2113 278 23 18 in
2149 277 75 24 charge
2234 277 20 19 of
2264 283 37 13 one

1869 306 73 19 named
1951 306 65 23 Glass,
2028 304 103 26 grandson
2141 303 22 19 of
2171 303 36 19 the
2216 303 87 24 original

1869 332 87 19 founder
1965 332 21 18 of
1995 331 35 19 the
2039 331 122 18 settlement.
2189 329 63 19 There
2269 335 34 13 are

1871 360 23 17 63
1904 358 28 19 all
1941 357 43 20 told
1993 364 26 12 on
2028 357 35 18 the
2072 356 73 23 island,
2156 355 40 19 and
2205 355 34 19 the
2247 361 56 13 sexes

1871 391 33 13 are
1927 384 63 19 about
2012 382 68 25 equal.
2134 377 66 23 There
2222 387 34 13 are
2280 383 23 17 15

1870 410 94 23 families,
1976 409 40 19 and
2025 408 22 19 of
2056 408 57 19 these
2122 407 57 19 there
2190 413 34 13 are
2244 413 59 13 seven

1871 435 88 21 married
1980 435 88 25 couples.
2118 433 58 25 They
2202 433 52 19 have
2279 440 26 12 no

1871 462 92 20 minister
1971 466 76 19 among
2055 460 62 24 them,
2128 460 39 18 but
2176 466 12 12 a
2197 459 108 19 venerable

1872 488 33 19 old
1914 494 48 12 man
1974 487 70 24 (Peter
2053 486 76 24 Green)
2145 485 53 25 joins
2213 485 55 20 them
2284 486 21 19 in

1871 514 35 19 the
1915 512 65 20 bonds
1989 512 22 19 of
2019 512 49 25 holy
2075 512 128 24 matrimony.
2225 512 81 24 Among

1871 540 36 18 the
1923 538 89 26 supplies
2028 538 61 26 given
2107 538 56 19 them
2177 544 52 13 were
2243 538 63 24 hymn

1872 565 70 23 books,
1953 571 73 19 prayer
2041 564 69 24 books,
2122 564 40 19 and
2169 571 12 12 a
2191 564 64 21 Bible,
2266 564 41 19 and

1873 593 20 17 at
1903 591 35 18 the
1946 597 56 12 same
2011 591 48 18 time
2074 597 12 12 a
2096 590 51 19 little
2157 590 53 25 good
2219 590 87 19 counsel.

1873 617 61 19 Their
1951 618 66 18 wants
2040 623 52 13 were
2114 623 67 18 many,
2197 616 40 19 and
2255 621 53 14 were

1873 642 95 21 attended
1978 644 21 18 to
2009 649 22 12 as
2047 643 33 19 far
2098 649 22 13 as
2136 649 40 13 was
2191 642 114 23 consistent,

1873 669 49 19 such
1930 675 22 12 as
1962 668 96 26 clothing,
2077 669 95 23 eatables,
2193 668 115 23 medicines,

1875 695 50 19 wine
1943 695 32 18 for
1992 694 54 19 their
2063 695 49 24 sick,
2130 695 41 19 and
2185 694 83 19 utensils
2287 694 22 18 of

1873 721 81 18 various
1963 720 67 20 kinds.
2058 721 40 20 For
2112 721 53 19 their
2183 720 61 20 wives
2261 719 48 24 they

1875 753 51 13 were
1940 747 93 25 supplied
2049 747 47 20 with
2112 749 80 21 corsets,
2210 746 97 25 hairpins,

1874 773 41 19 and
1927 772 58 20 other
2000 773 68 20 useful
2082 780 24 13 or
2120 772 128 21 ornamental
2262 771 38 20 arti-

1874 799 46 20 cles.

1888 847 57 20 THE
1955 848 85 20 TIMES
2051 847 40 21 ON
2100 848 58 19 THE
2165 846 107 20 GOTHEN-

1988 874 80 19 BURG
2080 873 115 20 SYSTEM.

1903 917 43 19 The
1953 919 68 24 report
2028 918 22 18 of
2056 917 35 19 the
2097 917 68 19 Times
2171 916 140 18 commisioner

1875 945 21 17 to
1906 943 135 26 Gothenburg
2054 943 18 19 is
2228 941 69 19 favour-

1875 969 47 19 able
1944 972 20 17 to
1985 969 35 19 the
2146 974 22 12 as
2186 967 16 19 it
2216 967 94 19 discloses

1875 996 70 19 fifteen
1955 1002 54 19 ways
2019 995 21 19 in
2051 995 66 19 which
2131 994 36 19 the
2175 993 68 25 liquor
2252 993 58 20 trade

1875 1022 17 18 is
1901 1022 67 19 better
1977 1021 101 26 managed
2088 1021 22 19 in
2120 1020 134 24 Gothenburg
2260 1019 50 20 than

1875 1048 16 18 it
1900 1048 17 19 is
1927 1048 21 18 in
1957 1048 102 24 England.
2087 1047 22 19 It
2118 1048 126 18 enumerates
2253 1046 58 19 these

1876 1080 22 13 as
1907 1073 79 20 follows
2028 1073 21 20 It
2063 1073 18 20 is
2096 1072 109 20 fox-bidden
2219 1073 20 18 to
2254 1079 57 12 serve

1875 1106 47 13 men
1932 1100 65 19 under
2006 1100 95 25 eighteen
2110 1105 59 19 years
2179 1099 23 18 of
2219 1099 50 26 age;
2284 1105 26 12 no

1878 1133 75 12 women
1963 1133 23 12 or
1991 1126 91 19 children
2092 1132 34 13 are
2136 1131 47 13 ever
2192 1131 47 12 seen
2246 1127 20 16 at
2276 1124 35 20 the

1876 1151 58 27 bars;
1944 1152 35 19 the
1988 1152 60 26 spirit
2057 1152 49 19 bars
2115 1157 34 14 are
2160 1151 66 19 closed
2235 1153 20 16 at
2266 1152 11 17 6
2287 1157 23 13 or

1877 1180 10 18 7
1898 1185 47 20 p.m.
1955 1186 5 16 ;
1970 1185 26 12 no
2005 1178 122 19 intoxicants
2138 1183 33 13 are
2181 1176 44 19 sold
2234 1176 52 20 after
2300 1178 10 17 8

1875 1211 62 20 p.m.;
1952 1204 86 20 vendors
2048 1206 55 17 must
2112 1204 36 19 sell
2158 1204 32 18 for
2200 1203 46 19 cash
2256 1203 54 24 only;

1877 1238 25 12 no
1911 1237 73 19 person
1993 1237 48 18 may
2051 1230 52 19 have
2117 1229 78 20 several
2204 1229 76 25 glasses
2289 1229 22 19 in

1876 1257 111 19 succession
1995 1255 4 25 ;
2009 1257 35 19 the
2059 1256 93 19 kitchens
2162 1262 34 13 are
2205 1255 56 19 clean
2272 1255 39 19 and

1877 1283 92 25 spacious
1979 1283 40 18 and
2028 1282 35 20 the
2073 1282 47 19 food
2138 1281 53 26 good
2199 1290 5 15 ;
2226 1281 34 19 the
2274 1281 37 19 bar

1877 1309 57 19 trade
1943 1309 113 19 conducted
2065 1308 87 20 without
2161 1307 103 26 loitering;
2275 1307 35 19 tho

1877 1336 73 19 houses
1960 1334 52 20 have
2022 1341 27 13 an
2054 1334 154 27 unpretentious
2218 1334 92 24 exterior;

1877 1361 48 26 they
1931 1367 34 14 are
1972 1361 89 20 situated
2068 1361 19 19 in
2099 1367 51 20 open
2160 1360 69 26 public
2237 1359 74 26 place-;

1876 1394 26 13 no
1913 1388 68 25 spirits
1991 1394 34 13 are
2035 1387 44 20 sold
2089 1388 21 19 in
2120 1389 85 22 country
2214 1385 97 26 districts;

1876 1413 108 27 monopoly
1992 1413 87 26 granted
2086 1416 20 17 to
2113 1413 26 20 be
2145 1413 50 19 used
2202 1412 32 20 fur
2243 1412 68 27 publio

1876 1440 93 25 welfare;
1992 1440 35 20 the
2050 1440 107 27 publicans
2184 1439 51 20 have
2258 1438 53 21 fixed

1876 1467 93 24 salaries;
1993 1466 49 27 they
2065 1467 60 19 make
2144 1465 60 27 profit
2225 1464 47 28 only
2286 1472 25 14 on

1875 1493 163 21 nonintoxicants
2048 1491 4 28 j
2077 1493 57 20 there
2157 1498 34 14 are
2215 1498 25 15 no
2270 1491 41 22 tied

1875 1520 80 21 houses.

1902 1563 42 20 Tho
1954 1562 116 27 proverbial
2087 1562 117 26 expression

1876 1588 34 22 the
1921 1589 86 21 Tliame
2023 1596 26 14 on
2139 1588 65 26 ought
2219 1590 20 18 to
2255 1589 53 24 read,

1936 1616 41 20 will
1993 1618 35 18 not
2044 1618 30 18 set
2088 1610 35 25 the
2139 1617 63 17 temse
2219 1622 26 12 on

1878 1650 37 13 a
1926 1646 62 17 temse
2003 1643 63 26 being
2075 1649 13 13 a
2105 1641 53 21 sieve
2167 1642 33 19 for
2209 1641 102 26 cleansing

1875 1669 58 21 meal,
1963 1672 15 18 A
1983 1677 9 13 s
2002 1669 33 20 the
2042 1669 103 20 workman
2152 1667 80 21 rubbed
2241 1669 15 19 it
2264 1674 47 14 over

1875 1696 35 20 the
1924 1697 71 19 mouth
2011 1697 22 19 of
2051 1696 35 19 the
2103 1694 68 21 barrel
2187 1694 42 20 into
2246 1694 65 20 which

1875 1723 35 19 the
1920 1723 53 20 meal
1981 1729 42 15 was
2033 1722 66 22 sifted,
2111 1722 35 19 the
2155 1721 82 19 friction
2245 1721 65 20 would

1876 1749 58 20 when
1945 1749 110 24 unusually
2065 1755 75 17 severe,
2159 1749 29 17 set
2198 1747 34 19 tho
2242 1747 38 19 rim
2290 1747 21 20 of

1875 1776 35 19 the
1920 1778 63 18 temse
1993 1782 26 14 on
2028 1775 43 19 fire.
2106 1775 70 19 Hence
2186 1774 35 19 the
2231 1780 69 20 expres-

1875 1802 51 24 sion,
1974 1803 45 24 lazy
2029 1808 47 13 man
2093 1801 41 20 will
2148 1806 62 14 never
2229 1803 29 17 set
2276 1801 35 19 the

1875 1831 63 17 temse
1948 1836 26 12 on

2142 1862 106 20 otherwise
2257 1861 53 20 Haw

1875 1889 63 25 Pond,
1964 1897 12 12 a
1999 1890 57 19 sheet
2079 1890 22 19 of
2124 1890 63 19 water
2204 1890 107 18 seventeen

1875 1916 58 19 miles
1942 1917 43 18 east
1995 1916 21 19 of
2032 1916 92 23 Cordela,
2145 1915 43 23 Ga.,
2208 1915 19 19 ia
2245 1914 64 24 small,

1874 1942 38 20 but
1922 1942 119 24 wonderful,
2051 1942 64 25 being
2129 1940 101 27 regarded
2239 1947 21 13 as
2274 1948 37 12 one

1875 1969 21 18 of
1910 1968 33 19 tlio
1959 1970 89 24 greatest
2063 1968 82 19 natural
2161 1967 111 20 cux-iosities
2290 1968 21 18 in

1875 1995 99 19 America.
1990 1994 21 19 It
2019 1994 58 20 takes
2086 1995 26 18 its
2120 2001 60 12 name
2189 1994 22 18 of
2218 1993 80 20 'Vanish-

1874 2021 37 25 ing
2007 2022 53 18 from
2077 2021 34 18 the
2128 2021 41 18 fact
2185 2020 45 19 that
2248 2026 60 18 every

1874 2053 54 18 year,
1940 2053 54 13 some
2004 2048 49 18 time
2063 2047 92 19 between
2164 2046 35 19 the
2210 2046 47 18 10th
2268 2046 39 19 and

1875 2073 49 18 20th
1933 2074 22 17 of
1962 2074 54 24 May,
2026 2073 26 18 its
2059 2075 72 18 waters
2137 2072 81 19 become
2227 2072 84 24 terribly

1875 2098 97 26 agitated,
1997 2098 41 20 and
2053 2098 71 20 within
2141 2104 13 12 a
2166 2098 40 19 few
2223 2098 88 19 minutes

1874 2125 72 25 totally
1955 2121 113 30 disappear,
2085 2125 83 24 sinking
2178 2124 89 25 through
2277 2125 34 18 tho

1874 2151 79 20 bottom
1961 2147 50 24 with
2021 2158 12 12 a
2048 2153 57 24 great
2113 2157 53 13 roar.

1901 2184 73 26 Owing
1990 2185 21 18 to
2025 2184 36 19 the
2075 2183 123 20 insufficient
2213 2182 64 20 width
2291 2190 11 12 o

1875 2211 35 20 tho
1919 2210 85 20 Corinth
2014 2210 70 24 Canal,
2092 2210 35 19 the
2137 2211 102 23 steepness
2249 2209 21 19 of
2286 2209 25 19 its

1875 2238 58 23 sides,
1946 2237 40 19 and
1996 2236 34 20 the
2041 2239 86 21 current,
2139 2236 65 19 which
2215 2238 20 17 at
2253 2236 58 19 times

1875 2264 92 19 becomes
1977 2262 133 26 exceedingly
2126 2265 76 21 strong,
2222 2268 52 13 none
2289 2263 22 18 of

1875 2290 35 19 the
1920 2292 58 23 great
1987 2289 111 25 steamship
2112 2289 51 18 lines
2173 2288 21 19 of
2203 2288 34 19 the
2248 2288 51 19 Medi-

1875 2318 108 17 terranean
1994 2315 38 20 Sea
2047 2316 52 19 have
2117 2316 35 24 yet
2168 2314 87 26 adopted
2269 2315 41 19 this

1876 2344 64 17 route,
1951 2341 100 25 although
2061 2342 16 19 it
2093 2341 67 20 would
2174 2340 63 19 result
2247 2340 20 19 in
2277 2341 34 19 the

1877 2369 72 25 saving
1959 2368 21 19 of
1989 2368 60 19 much
2061 2368 48 19 time
2119 2367 40 19 and
2168 2367 143 25 consequently

1877 2401 93 20 expenso.
1998 2394 8 18 T
2010 2395 8 7 T
2020 2394 50 19 nder
2079 2394 35 19 the
2128 2393 158 24 circumstances,
2296 2394 15 19 it

1876 2421 57 19 looks
1941 2427 49 18 very
2007 2420 61 19 much
2079 2427 22 12 as
2113 2420 17 19 if
2139 2420 41 18 this
2195 2420 115 25 enterprise,

1877 2448 69 25 begun
1969 2448 63 19 about
2049 2447 34 19 the
2098 2446 49 19 time
2164 2446 21 19 of
2201 2445 54 19 Nero
2272 2446 39 19 and

1877 2474 90 25 brought
1976 2476 22 16 to
2007 2481 13 12 a
2035 2473 130 20 termination
2184 2472 47 25 only
2249 2472 62 20 about

1876 2503 39 18 two
1924 2507 59 19 years
1994 2507 44 19 ago,
2049 2500 18 19 is
2083 2499 92 20 destined
2183 2500 21 18 to
2218 2499 63 19 result
2291 2499 20 19 in

1877 2535 12 12 a
1898 2527 94 20 financial
2005 2526 82 20 failure.

1904 2561 47 25 Dog
1957 2561 91 25 farming
2051 2561 17 19 is
2072 2559 77 21 carried
2154 2566 26 14 on
2187 2560 124 26 extensively

1877 2589 21 19 in
1921 2587 72 20 China.
2021 2587 66 20 There
2105 2593 34 13 are
2161 2586 111 20 thousands
2291 2587 20 19 of

1877 2615 56 24 largo
1940 2613 98 26 breeding
2042 2613 163 20 establishments
2213 2613 98 20 scattered

1877 2647 47 13 over
1928 2641 34 18 the
1966 2641 97 18 northern
2070 2639 88 20 districts
2164 2639 21 19 of
2191 2639 120 20 Manchuria

1877 2667 40 19 and
1927 2666 110 25 Mongolia,
2050 2666 39 19 and
2100 2673 26 12 110
2136 2665 97 25 dogskins
2246 2666 19 18 in
2277 2666 33 19 tlio

1877 2692 63 21 world
1958 2699 37 13 can
2011 2699 94 19 compare
2123 2687 50 24 with
2188 2692 58 19 those
2263 2692 46 19 that

1877 2725 54 14 come
1949 2719 53 19 from
2020 2719 58 20 these
2096 2719 57 25 parts
2178 2724 22 13 as
2225 2718 83 23 regards

1877 2746 63 19 either
1950 2746 46 23 size,
2007 2746 86 25 quality,
2105 2751 22 12 or
2144 2744 72 24 length
2228 2744 20 19 of
2257 2744 51 19 hair.

1902 2779 19 19 A
1931 2779 68 19 school
2014 2779 40 25 girl
2073 2778 71 19 named
2155 2777 61 19 Janet
2228 2777 80 25 Dwyer,

1875 2806 46 20 who
1930 2812 41 13 was
1980 2806 40 18 lost
2029 2805 21 19 in
2060 2805 33 19 tho
2103 2803 54 20 bush
2165 2803 32 19 for
2206 2803 38 19 five
2252 2804 56 25 days,

1876 2833 21 19 in
1907 2832 34 19 the
1958 2832 79 19 Merino
2048 2831 82 23 district,
2150 2829 96 24 Victoria,
2265 2837 33 12 suc-

1875 2858 73 20 ceeded
1957 2858 21 19 in
1988 2857 86 26 making
2082 2857 37 19 her
2128 2862 43 18 way
2181 2857 20 17 to
2211 2862 12 12 a
2246 2856 62 20 house

1875 2892 54 12 some
1941 2885 23 17 16
1971 2884 57 19 miles
2039 2884 75 18 distant
2130 2883 53 19 from
2202 2881 33 20 the
2251 2883 57 25 place

1875 2912 66 18 where
1951 2911 35 19 she
1997 2911 42 18 first
2049 2911 39 17 lost
2098 2908 80 20 herself.
2207 2908 42 20 Tlie
2268 2909 39 26 girl

1874 2939 58 24 spent
1938 2937 43 19 foui
1995 2936 68 24 nights
2073 2935 20 19 in
2104 2935 34 19 the
2148 2934 60 24 bunh,
2220 2935 36 19 but
2267 2942 40 12 was

1873 2963 121 26 apparently
2003 2965 76 21 strong,
2091 2961 40 19 and
2140 2961 22 19 in
2171 2961 61 19 much
2242 2961 65 20 better

1873 2989 101 20 condition
1981 2988 51 20 than
2042 2987 97 26 expected
2155 2987 51 20 after
2225 2987 49 20 such
2293 2994 12 13 a

1872 3015 80 26 painful
1962 3015 124 25 experience.

1897 3048 19 19 A
1934 3047 118 19 cloudburst
2079 3045 94 20 occurred
2192 3052 49 14 near
2261 3045 44 20 Toll

1872 3074 76 23 House,
1960 3073 76 19 Frenso
2046 3072 87 25 County,
2143 3071 83 24 U.S.A.,
2234 3072 67 25 lately,

1872 3100 66 20 which
1945 3099 89 25 deluged
2042 3099 63 19 about
2125 3100 23 18 12
2159 3104 72 20 square
2249 3097 57 21 miles

1872 3127 21 18 of
1908 3126 56 19 land.
1992 3125 70 19 Roads
2088 3125 40 19 and
2154 3125 82 25 bridges
2254 3131 52 13 were

1871 3152 81 19 washed
1969 3158 62 18 away,
2053 3151 40 19 and
2112 3158 78 12 narrow
2207 3151 60 25 strips
2286 3151 21 19 of

1870 3178 53 19 level
1932 3178 48 18 land
1991 3179 58 24 lying
2056 3179 62 24 along
2128 3179 43 22 JJiy
2181 3178 64 18 Creek
2255 3184 50 12 were

1870 3203 82 20 washed
1959 3203 42 20 into
2012 3203 34 20 the
2056 3204 40 19 bed
2114 3204 22 19 of
2155 3203 33 19 tho
2212 3203 58 19 creek
2284 3210 22 12 or

1869 3230 84 19 covered
1964 3230 50 19 with
2021 3237 13 12 a
2043 3230 79 25 deposit
2132 3230 22 18 of
2162 3229 56 23 sand,
2228 3235 36 15 etc.

1895 3261 42 19 The
1941 3261 141 27 weighbridge
2087 3268 40 13 was
2132 3261 49 19 used
2186 3263 20 17 at
2211 3261 94 24 Glasgow

1868 3287 98 27 recently|i
1969 3295 11 11 n
1985 3288 56 20 deter
2043 3288 78 24 mining
2124 3288 21 18 th
2148 3293 11 13 e
2163 3287 52 26 price
2220 3287 85 25 payable

1868 3314 32 18 for
1910 3316 75 23 twenty
1995 3314 105 20 Canadian
2110 3314 70 19 horses
2192 3313 113 26 purchased

1868 3340 32 18 for
1910 3346 12 12 a
1932 3339 72 20 Scotch
2015 3341 64 24 buyer
2096 3342 21 17 at
2132 3339 39 19 9Ad
2188 3346 37 19 per
2233 3339 21 19 lb
2264 3339 39 19 livo

1868 3365 82 26 weight.
1980 3367 43 19 The
2032 3367 69 19 horses
2111 3365 101 25 averaged
2233 3367 66 22 10cwt,

1868 3392 40 19 and
1916 3399 34 12 are
1956 3392 106 20 describod
2068 3399 22 13 as
2094 3392 89 20 suitable
2188 3392 33 18 for
2224 3391 81 25 driving

1868 3424 105 19 purposes,

1894 3448 42 20 Tho
1964 3448 89 27 surgical
2081 3450 108 18 treatment
2214 3448 21 18 of
2259 3454 33 13 con-

1868 3475 103 25 sumption
1989 3475 38 19 has
2046 3475 48 25 long
2112 3475 52 19 been
2183 3481 12 12 a
2203 3474 69 19 dream
2283 3474 20 18 of

1867 3501 109 26 European
1986 3508 105 19 surgeons.
2119 3501 21 19 It
2150 3501 16 19 is
2185 3499 117 20 announced

1868 3527 51 23 that,
1925 3534 22 12 as
1957 3527 35 19 the
2002 3527 113 24 beginning
2134 3527 21 19 of
2174 3533 12 12 a
2202 3527 61 18 series
2282 3526 21 18 of

1869 3553 141 26 experiments,
2022 3553 34 19 the
2066 3553 92 19 diseased
2168 3559 50 18 opex
2237 3553 21 18 of
2268 3552 34 18 the

1867 3579 51 24 lung
1927 3580 22 18 of
1958 3586 13 12 a
1978 3579 78 26 patient
2066 3579 100 24 suffering
2173 3579 51 18 from
2232 3578 56 19 tuber-

1867 3605 72 19 culosis
1950 3605 36 19 has
1997 3605 51 19 beon
2061 3605 132 24 successfully
2202 3604 98 18 removed.

1893 3636 19 19 A
1921 3636 76 19 farmer
2006 3637 21 18 in
2038 3636 105 25 Michigan
2160 3635 87 24 recently
2265 3635 24 19 ob-

1867 3662 68 19 tained
1947 3664 49 17 1600
2006 3662 79 26 pounds
2094 3662 20 19 of
2130 3657 110 24 unwashed
2249 3661 49 19 wool

1866 3689 53 18 from
1948 3690 36 16 112
2005 3689 68 25 sheep.
2102 3689 42 18 Tho
2162 3694 86 18 average
2264 3694 36 18 per

1867 3714 52 18 head
1929 3720 41 13 was
1980 3721 12 12 a
2001 3714 52 19 little
2063 3721 47 12 over
2122 3716 22 16 14
2155 3713 84 23 pounds,
2260 3713 38 19 and

1867 3739 34 18 the
1910 3739 77 25 largest
1997 3739 59 20 fleece
2067 3739 93 25 weighed
2170 3740 22 17 31
2213 3738 83 25 pounds.

1866 3765 42 19 The
1919 3765 38 26 clip
1965 3766 17 18 is
1993 3771 25 13 an
2030 3765 153 25 extraordinary
2194 3771 43 13 one.

1892 3796 42 18 The
1945 3796 136 19 Government
2090 3796 17 19 is
2127 3798 20 16 to
2175 3794 102 19 introduce
2287 3801 9 12 a

1866 3821 41 19 Bill
1924 3824 21 16 to
1963 3822 84 25 provide
2065 3822 31 18 for
2123 3822 36 18 tlio
2178 3820 72 25 taking
2277 3820 19 19 of

1866 3847 85 20 mineral
1960 3848 58 18 lauds
2028 3855 26 11 on
2063 3847 78 20 similar
2155 3847 51 18 lines
2224 3850 20 15 to
2263 3846 33 19 tlio

1866 3873 67 19 Lands
1943 3874 32 18 for
1985 3873 119 20 Settlement
2113 3874 44 18 Act.

1888 3906 120 18 Hallenstein
2023 3907 60 20 Bros.,
2106 3906 98 20 Clothiers,
2226 3905 70 18 Tailors

1866 3930 37 16 and
1911 3930 100 21 outfitters,
2022 3931 34 16 2I!G
2063 3930 38 17 and
2108 3931 40 18 225,
2157 3930 64 18 Queen
2229 3928 67 21 Street,

1866 3952 104 18 Auckland.
1996 3954 39 16 The
2051 3954 50 16 most
2113 3952 77 18 reliable
2206 3952 57 17 house
2278 3952 18 17 in

1866 3975 30 17 the
1905 3976 89 22 province
2002 3977 30 16 for
2041 3977 71 21 variety
2126 3975 38 17 and
2181 3975 53 17 value
2243 3975 18 17 in
2271 3976 24 16 nil

1866 3998 133 22 departments.
2024 4000 88 17 Patterns
2121 3998 38 17 and
2167 3998 25 17 all
2207 3998 78 17 informa-

1866 4022 39 16 tion
1921 4022 87 22 supplied
2020 4024 20 15 to
2061 4024 80 20 country
2154 4022 101 17 customers
2272 4028 23 11 on

1866 4044 119 23 application.
2010 4046 32 16 Mr
2058 4045 66 22 Jaggs,
2135 4045 43 16 who
2194 4045 102 22 supervises

1866 4067 30 18 the
1910 4068 97 22 Tailoring
2018 4069 126 22 Department
2156 4067 15 18 is
2186 4073 35 12 one
2229 4068 20 17 of
2265 4069 31 16 the

1866 4092 48 16 most
1933 4091 76 18 reliable
2030 4092 70 17 cutters
2124 4091 19 17 in
2164 4091 33 18 the
2217 4090 78 24 Colony,

1866 4113 138 25 N.Z,Clothing
2010 4114 86 24 Factory,
2101 4114 194 20 Auckland,AdVl.

2410 93 137 20 PARISIAN
2562 94 79 19 MEAT.

2346 157 40 10 mo
2532 159 11 12 H
2545 151 97 22 <.xagrapb
2663 153 87 19 appears

2319 174 20 19 in
2353 174 35 19 the
2407 174 87 19 London
2515 172 63 27 Daily
2596 174 111 24 Telegraph
2719 181 32 11 :

2320 200 103 19 Parisians
2447 206 75 18 appear
2540 202 20 16 to
2574 200 25 19 he
2617 199 63 27 going
2698 199 52 20 from

2319 226 38 19 bad
2376 229 21 16 to
2409 233 61 12 worse
2480 226 20 19 in
2511 225 35 20 tha
2562 229 74 17 matter
2655 226 22 19 of
2693 227 58 18 meat.

2320 252 54 25 Only
2393 255 21 16 at
2433 252 35 19 the
2484 252 59 25 shops
2558 252 22 19 cf
2598 254 35 18 the
2647 252 105 19 Srst-elass

2321 278 93 20 butchers
2431 285 37 13 can
2487 279 64 24 prime
2566 279 88 23 sirloins,
2673 278 43 26 legs
2730 277 22 20 of

2322 307 85 22 mutton,
2415 305 69 20 steaks
2491 304 39 19 and
2541 304 61 25 chops
2611 306 24 19 be
2645 304 107 27 procured,

2320 332 34 19 the
2365 338 84 18 average
2459 331 77 25 quality
2550 332 61 25 being
2629 331 123 25 deplorable.

2322 358 104 19 Cow-beef
2444 358 39 19 and
2498 357 110 20 horseflesh
2632 358 51 19 have
2706 357 48 25 long

2322 384 77 25 Sgured
2409 384 77 25 largely
2496 383 21 19 in
2527 384 35 19 the
2572 384 62 25 cheap
2648 383 95 20 establish-

2323 414 64 16 ments
2398 409 4 26 ;
2417 410 39 20 and
2467 416 43 13 now
2522 417 11 12 a
2547 416 34 19 cry
2597 410 21 19 of
2628 410 71 20 horror
2715 409 38 20 and

2323 437 79 25 disgust
2425 436 17 20 is
2460 436 61 25 being
2543 436 71 24 raised,
2634 443 22 13 as
2679 436 74 20 several

2323 463 94 20 butchers
2427 463 51 19 have
2484 462 51 19 been
2546 463 75 24 caught
2631 462 123 20 red-handed

2323 490 20 19 in
2353 490 35 19 the
2399 496 32 12 act
2440 489 22 19 of
2472 488 73 25 selling
2555 489 75 19 cutlets
2645 489 40 19 and
2695 489 59 19 other

2326 517 89 23 portions
2435 515 21 19 of
2472 514 35 20 the
2522 515 56 25 dogs.
2606 515 48 20 This
2669 515 86 26 apology

2324 543 32 19 for
2364 544 52 17 meat
2425 541 36 19 has
2467 541 49 19 been
2525 542 65 18 seized
2601 542 26 23 by
2635 541 34 20 the
2682 542 62 19 veteri-

2325 576 51 17 nary
2385 568 114 24 inspectors
2506 567 21 19 of
2538 567 33 19 the
2580 568 123 25 metropolis,
2712 569 43 17 who

2324 602 35 12 are
2369 594 26 20 all
2414 595 36 18 the
2461 600 51 12 more
2527 595 108 19 convinced
2653 594 45 20 that
2708 594 48 24 they

2325 628 33 12 are
2368 626 25 13 on
2407 621 33 18 the
2520 620 58 19 track
2595 621 85 20 because
2690 621 22 19 of
2721 621 36 19 the

2326 647 42 19 fact
2392 647 45 18 that
2463 647 76 19 several
2560 647 56 24 largo
2639 647 50 25 dogs
2713 647 44 19 well

2327 673 73 19 known
2410 673 20 19 in
2442 672 34 20 tht;
2489 673 164 24 neighbourhood
2663 673 38 19 had
2719 673 29 19 dis-

2326 699 106 25 appeared,
2443 699 39 19 and
2492 699 44 19 that
2553 699 34 20 the
2597 700 61 19 heads
2673 699 22 19 of
2705 706 53 13 some

2326 726 21 18 of
2358 729 6 9 f
2365 726 50 19 .hese
2425 725 84 19 animals
2520 725 37 20 had
2569 727 49 19 been
2637 726 120 20 afterwards

2327 751 116 20 discovered
2454 751 75 20 stuffed
2541 753 43 19 into
2595 753 33 19 the
2646 752 80 20 mouths
2737 753 22 18 of

2327 779 74 19 drains.
2430 779 57 18 Some
2510 777 21 20 of
2550 779 34 19 the
2606 779 96 19 butchers
2725 785 34 13 are

2327 805 76 25 alleged
2414 807 22 16 to
2446 804 50 19 have
2506 805 49 24 said,
2566 805 26 25 by
2607 812 41 18 way
2660 805 21 19 of
2691 812 25 12 an
2727 812 22 12 ex-

2327 838 55 16 cuse,
2392 831 45 19 that
2447 831 49 25 they
2506 838 50 13 were
2567 833 37 18 not
2614 831 68 20 versed
2693 832 20 19 in
2727 831 32 20 the

2329 857 104 25 mysteries
2457 857 22 19 of
2502 859 135 25 comparative
2658 861 102 21 anatomy,

2327 884 40 19 and
2386 884 46 19 that
2447 884 48 25 they
2519 884 78 24 bought
2615 884 86 20 without
2717 891 32 12 sus-

2329 910 64 25 picion
2414 910 54 19 what
2479 917 40 13 was
2533 911 76 20 offered
2620 914 21 17 to
2653 911 53 19 them
2726 911 32 18 for

2327 937 47 20 sale.
2404 937 14 18 A
2440 937 115 25 veterinary
2569 944 86 18 surgeon
2670 937 37 20 has
2716 937 44 25 just

2327 963 92 20 declaied
2439 962 44 20 that
2494 964 33 19 the
2538 959 48 24 flesh
2602 964 21 19 of
2643 964 34 19 the
2687 964 39 25 dog
2745 964 15 18 is

2329 992 35 17 not
2374 990 91 19 harmful
2484 997 21 12 so
2515 990 48 26 long
2577 997 21 13 as
2609 990 16 19 it
2635 990 16 19 is
2666 990 95 25 properly

2329 1016 82 23 cooked,
2423 1017 38 18 and
2472 1016 42 19 also
2526 1023 25 12 on
2558 1016 35 21 the
2602 1016 103 20 condition
2715 1016 46 19 that

2329 1042 34 20 the
2386 1043 73 19 animal
2480 1050 39 12 was
2543 1044 37 18 not
2602 1043 85 20 affected
2713 1042 47 19 with

2328 1070 65 19 rabie3
2414 1076 22 12 or
2450 1070 139 19 tuberculosis.
2617 1070 71 22 Those,
2707 1068 42 19 how-

2328 1103 51 16 ever,
2406 1096 44 19 who
2470 1096 49 19 have
2534 1095 156 25 unconsciously
2713 1095 37 19 ban-

2327 1122 75 26 queted
2422 1129 25 12 on
2459 1129 71 13 canine
2545 1124 60 22 meat,
2626 1121 98 25 procured
2740 1124 20 16 at

2329 1150 35 18 the
2383 1148 61 26 shops
2454 1149 22 19 of
2485 1148 34 20 the
2534 1148 94 19 butchers
2649 1148 44 19 who
2712 1148 50 19 have

2328 1176 44 24 just
2383 1177 35 23 got
2428 1177 43 18 into
2486 1175 87 23 trouble,
2584 1174 39 20 will
2641 1174 72 26 hardly
2729 1174 24 19 do

2329 1202 40 19 rive
2390 1202 59 19 much
2465 1201 122 20 consolation
2604 1201 51 19 from
2675 1200 40 19 this
2729 1207 22 12 ex-

2331 1228 112 24 planation.
2472 1228 21 19 It
2503 1228 16 19 is
2529 1229 45 18 true
2585 1227 45 19 that
2642 1227 75 25 during
2727 1227 35 18 the

2329 1254 54 25 siege
2394 1255 33 19 the
2439 1254 47 20 flesh
2498 1254 21 19 of
2529 1254 35 19 the
2574 1254 39 25 dog
2627 1260 39 13 was
2677 1255 36 17 not
2723 1252 29 21 dis-

2329 1281 78 23 dained,
2446 1280 38 20 and
2531 1287 49 12 even
2623 1280 77 24 figured
2737 1285 24 13 on

2329 1308 21 19 of
2360 1308 34 19 the
2406 1308 64 19 tables
2481 1306 22 21 of
2514 1306 50 26 good
2579 1308 135 22 restaurants,
2724 1305 38 20 but

2330 1334 102 20 Parisians
2453 1341 33 12 are
2497 1334 25 24 by
2538 1339 25 13 no
2580 1339 68 13 means
2665 1339 61 19 eager
2741 1334 21 18 to

2330 1364 70 22 repeat
2410 1361 33 20 the
2453 1360 125 26 experiment
2593 1360 20 19 in
2623 1359 57 21 these
2691 1359 71 27 piping

2329 1387 48 20 time
2388 1387 21 20 of
2419 1393 65 21 peace.

2329 1459 56 22 THE
2401 1458 125 22 BIGGEST
2538 1458 83 21 WOOL
2637 1458 101 21 STATIO

2436 1486 33 20 IN
2486 1485 170 21 AUSTRALIA.

2357 1543 17 19 A
2395 1539 158 28 correspondent
2574 1539 21 20 of
2609 1539 34 21 the
2665 1538 95 21 Dunedin

2329 1567 47 22 Star
2402 1567 66 21 writes
2498 1574 21 13 as
2548 1565 79 22 follows
2638 1565 122 25 :Momba,

2329 1595 64 21 where
2413 1594 34 21 the
2463 1593 99 22 wooisbed
2578 1593 35 21 has
2633 1593 51 21 been
2700 1593 60 20 burnt

2329 1623 65 23 down,
2415 1621 15 20 is
2442 1621 34 21 the
2487 1622 74 25 largest
2576 1620 61 26 sheep
2647 1619 76 21 station
2741 1620 19 19 in

2331 1649 49 20 New
2397 1649 64 19 South
2472 1645 77 27 Wales,
2566 1647 15 19 if
2592 1649 36 19 not
2637 1647 21 20 in
2676 1648 72 19 Austra-

2329 1675 33 21 lia.
2480 1675 36 19 the
2531 1674 94 26 frontage
2644 1675 22 19 of
2687 1673 72 20 Mount

2331 1703 123 23 Murchison,
2466 1700 63 21 which
2540 1701 83 25 belongs
2639 1703 21 17 to
2672 1699 88 23 Momba,

2328 1735 41 20 you
2379 1727 60 22 could
2459 1728 43 20 ride
2512 1728 21 19 in
2544 1735 10 11 a
2570 1727 86 26 straight
2674 1727 40 19 line
2728 1726 32 20 for

2329 1756 62 20 about
2399 1758 39 17 two
2447 1755 91 20 hundred
2548 1753 62 21 miles.
2639 1754 20 19 It
2667 1753 17 21 is
2691 1753 68 20 owned

2329 1783 25 25 by
2365 1783 32 19 Sir
2408 1783 85 19 Thomas
2502 1780 62 21 Elder
2574 1781 38 19 and
2625 1780 41 25 Co.,
2678 1781 21 19 of
2708 1780 39 19 Ade-

2329 1809 58 23 laide,
2400 1809 42 19 who
2462 1814 39 14 was
2512 1807 33 20 the
2559 1807 43 20 first
2613 1809 20 18 to
2653 1807 107 20 introduce

2328 1836 62 19 camel
2398 1839 61 16 teams
2468 1837 21 17 to
2498 1833 46 21 take
2555 1833 77 20 rations
2639 1836 19 17 to
2670 1833 89 24 Momba,

2328 1863 38 19 and
2378 1865 70 17 return
2466 1861 46 19 with
2524 1860 55 20 wool.
2607 1861 21 19 It
2642 1861 17 19 is
2670 1860 77 19 wonder-

2329 1889 30 19 ful
2369 1889 44 19 how
2423 1888 54 20 little
2494 1887 49 20 food
2553 1887 57 20 these
2628 1886 85 21 animals
2723 1893 36 13 can

2329 1915 38 21 live
2392 1922 64 13 ona
2475 1915 36 19 few
2526 1913 90 20 saltbush
2637 1912 64 21 sticks
2720 1912 39 20 and

2329 1943 66 19 '.eaves
2416 1941 59 25 being
2489 1940 105 20 sufficient.
2628 1940 91 22 Momba,
2739 1939 20 19 in

2328 1969 50 25 good
2386 1974 90 16 seasons,
2486 1967 35 19 has
2531 1967 48 19 been
2588 1967 73 19 known
2670 1968 21 17 to
2702 1966 58 19 shear

2329 1995 51 19 from
2400 1995 86 23 300,000
2496 1996 21 16 to
2531 1994 86 21 500,000
2637 1992 68 25 sheep,
2724 1992 36 19 but

2328 2021 86 26 drought
2425 2021 39 19 and
2476 2020 77 19 rabbitp.
2565 2020 48 19 have
2628 2018 87 21 reduced
2726 2018 34 19 the

2328 2049 94 18 numbers
2442 2046 146 25 considerably.
2616 2046 35 19 Mr
2661 2044 98 24 Hogarth,

2328 2074 34 19 the
2372 2080 95 19 manager
2477 2073 21 19 of
2508 2073 86 23 Momba,
2606 2075 15 16 is
2632 2079 10 12 a
2656 2072 52 25 good
2718 2078 28 12 em-

2329 2100 150 25 ployernone
2489 2100 66 19 better
2566 2101 20 16 to
2597 2098 30 19 his
2639 2105 50 12 men.

2364 2161 200 34 GENERAL
2592 2160 133 33 NEWS.

2356 2229 83 21 Pumice
2462 2229 17 19 is
2502 2228 63 26 being
2592 2228 95 27 exported
2709 2228 51 18 from

2330 2256 120 26 Wanganui
2468 2258 20 17 to
2507 2254 110 25 Australia,
2637 2253 40 21 and
2693 2260 13 13 a
2714 2253 46 19 trial

2329 2283 103 26 shipment
2445 2283 17 19 is
2477 2284 21 17 to
2511 2282 26 19 be
2547 2284 44 17 sent
2601 2284 19 17 to
2634 2279 99 26 England.

2355 2309 86 20 Whales
2452 2314 34 14 are
2496 2307 61 26 again
2566 2314 48 19 very
2629 2306 94 27 plentiful
2733 2305 27 19 off

2329 2336 35 19 the
2383 2335 119 20 Austra'ian
2521 2336 59 21 coast,
2599 2334 40 19 and
2655 2339 53 13 some
2721 2333 39 18 fine

2329 2362 112 25 specimens
2450 2361 53 20 have
2510 2358 250 27 beenpassedrecentlyby

2328 2387 82 21 vessels.

2356 2423 31 20 On
2405 2423 38 19 her
2460 2423 49 18 next
2527 2420 41 27 trip
2587 2423 20 17 to
2625 2419 85 20 London
2726 2419 34 20 the

2329 2451 88 17 steamer
2434 2448 109 20 Buteshire
2561 2446 42 21 will
2620 2446 47 20 take
2684 2453 11 12 a
2706 2446 43 25 ship-

2330 2479 56 16 ment
2396 2476 21 18 of
2428 2476 50 17 1200
2488 2474 40 19 livo
2542 2474 60 25 sheep
2616 2474 53 18 from
2683 2472 66 25 Lyttel-

2330 2502 40 19 and
2393 2502 35 19 the
2450 2500 63 19 Bluff.
2554 2499 73 20 Messrs
2653 2498 106 24 Turnbull,

2331 2528 77 19 Martin
2422 2527 40 20 and
2477 2526 34 20 Co.
2526 2533 33 12 are
2573 2525 86 25 making
2668 2524 35 20 the
2712 2531 36 13 ven-

2329 2556 53 17 ture.

2356 2589 19 19 A
2394 2588 85 20 medical
2497 2587 65 20 officer
2580 2593 59 18 urges
2658 2585 72 26 people
2740 2587 20 17 to

2328 2615 47 19 well
2384 2615 56 19 wash
2450 2616 119 21 watercress,
2580 2619 54 13 cases
2645 2613 21 18 of
2674 2612 86 25 typhoid

2328 2641 57 19 fever
2394 2641 77 25 having
2480 2639 82 21 occured
2571 2639 52 19 after
2633 2639 69 25 eating
2709 2644 51 13 cress

2336 2667 54 20 alien
2400 2667 52 19 from
2461 2665 90 28 polluted
2560 2667 68 17 water.

2354 2702 44 19 The
2407 2701 59 20 value
2484 2700 21 19 of
2523 2698 50 21 wool
2592 2698 98 26 exported
2706 2698 54 20 from

2328 2728 82 26 Sydney
2421 2728 53 19 since
2483 2725 91 25 January
2582 2726 8 18 1
2603 2725 16 19 is
2627 2725 133 24 2,171,289.

2353 2763 34 20 Mr
2396 2761 77 21 Duthie
2481 2762 64 18 wants
2554 2759 35 19 the
2598 2759 92 20 Premier
2699 2761 20 18 to
2730 2760 20 19 in-

2327 2790 65 19 dicate
2402 2794 54 13 more
2464 2786 78 25 exactly
2550 2785 140 20 whereabouts
2696 2787 22 18 in
2726 2787 34 19 the

2326 2816 93 20 Uriwera
2429 2815 83 22 country
2521 2812 49 25 gold
2583 2812 26 19 he
2622 2812 71 20 knows
2708 2813 21 19 of
2743 2813 17 19 is

2326 2845 20 17 to
2361 2842 26 19 bo
2399 2840 70 20 found.

2352 2877 30 19 Dr
2391 2874 88 24 Haweis,
2483 2872 89 26 'Why
2580 2874 18 18 is
2606 2874 103 25 marriage
2718 2874 41 19 like

2326 2911 11 12 a
2347 2902 95 26 besieged
2453 2900 54 25 city?'
2535 2899 91 20 Because
2638 2900 58 19 those
2714 2900 45 19 who

2325 2936 34 13 arc
2367 2928 78 20 outside
2455 2928 52 17 want
2518 2929 19 16 to
2548 2929 34 22 got
2598 2926 28 24 in,
2643 2926 41 19 and
2701 2926 58 19 those

2326 2956 44 19 who
2377 2961 33 13 are
2420 2953 64 20 inside
2494 2954 54 17 want
2557 2954 20 17 to
2588 2954 34 24 got
2638 2954 41 17 out.

2349 2991 42 19 The
2413 2994 105 18 necessary
2540 2987 61 19 funds
2628 2987 53 20 have
2707 2987 52 20 been

2324 3017 67 19 raised
2400 3018 20 17 to
2431 3014 71 20 enable
2511 3013 22 19 M
2554 3014 15 18 A
2574 3013 56 24 ndre,
2648 3015 21 18 of
2687 3013 58 20 Stock-

2323 3042 60 23 holm,
2396 3045 19 16 to
2425 3040 60 20 make
2497 3046 24 12 an
2531 3041 86 24 attempt
2626 3043 21 17 to
2656 3040 61 20 reach
2723 3039 34 20 the

2324 3068 67 21 North
2401 3067 49 20 Pole
2460 3066 27 25 by
2497 3066 87 19 balloon.

2351 3103 19 20 A
2383 3101 58 21 Paris
2452 3101 54 19 lover
2519 3100 82 21 became
2610 3100 49 21 bald
2669 3100 89 26 through

2323 3129 72 20 illness
2405 3126 96 26 recently.
2530 3126 39 20 His
2590 3127 119 20 sweetheart
2726 3133 20 12 ac-

2325 3155 107 24 cordingly
2442 3154 114 19 renounced
2561 3153 49 20 him.
2638 3153 34 20 He
2679 3149 77 28 bought

2323 3189 12 12 a
2344 3183 45 24 wig.
2431 3181 41 20 She
2495 3179 90 26 laughed
2608 3184 21 15 at
2652 3180 41 19 him
2716 3178 39 19 and

2323 3207 95 20 snatched
2436 3207 17 19 it
2472 3205 28 20 off
2517 3206 32 19 his
2567 3206 59 19 head.
2661 3205 95 24 Growing

2326 3240 72 20 angry,
2410 3233 25 19 he
2450 3232 85 20 stabbed
2544 3232 43 20 her.

2351 3269 33 19 An
2395 3267 114 20 exhibition
2519 3267 21 19 of
2548 3267 21 19 of
2578 3267 56 19 hotel
2640 3266 115 26 equipment

2322 3295 41 19 and
2372 3293 65 20 travel
2447 3293 37 19 has
2495 3293 52 19 been
2554 3293 77 26 opened
2639 3293 21 18 in
2667 3293 75 18 Amster-

2323 3321 52 19 dam.
2417 3320 43 19 One
2474 3319 80 20 feature
2573 3319 16 20 is
2610 3326 12 12 a
2641 3326 11 11 r
2665 3319 89 18 itaurant

2322 3346 67 20 where
2399 3346 34 19 the
2443 3352 29 13 sei
2479 3345 50 20 .'ices
2539 3345 21 20 of
2573 3345 80 20 waiters
2668 3351 32 12 are
2714 3344 30 17 dis-

2322 3372 76 26 pensed
2410 3372 52 23 with,
2474 3372 35 19 the
2520 3374 69 22 guests
2607 3371 61 25 being
2685 3375 52 14 serve
2742 3368 11 19 i

2322 3399 49 20 with
2382 3398 99 19 electrical
2495 3398 141 19 contrivances.

2347 3431 43 19 The
2399 3430 47 20 wife
2456 3431 21 18 of
2486 3430 34 18 the
2530 3430 72 24 Mayor
2613 3429 21 19 of
2653 3428 51 19 Gore
2722 3433 20 12 re-

2321 3457 67 24 cently
2399 3463 51 18 gave
2459 3456 57 20 birth
2525 3459 20 16 to
2556 3462 11 12 a
2577 3462 41 16 son,
2632 3454 39 20 and
2685 3455 21 17 at
2718 3453 35 18 the

2321 3485 49 17 next
2384 3483 90 24 meeting
2483 3483 21 18 of
2514 3482 34 19 the
2561 3481 96 25 Borough
2671 3478 81 21 Council

2321 3509 34 19 the
2365 3509 106 24 following
2480 3508 109 19 resolution
2603 3513 39 13 was
2658 3504 70 21 tabled

2321 3535 52 19 That
2383 3535 35 19 the
2428 3534 116 20 unmarried
2558 3532 116 21 councillors
2686 3531 26 18 be
2722 3531 20 18 in-

2320 3561 90 19 structed
2417 3563 19 17 to
2447 3561 77 25 inspect
2531 3560 34 19 the
2574 3559 60 19 latest
2643 3556 108 25 municipal

2319 3587 81 23 arrival,
2425 3587 40 19 and
2474 3588 68 24 report
2556 3588 20 16 at
2585 3586 47 18 next
2653 3583 95 24 meeting.

2319 3613 42 19 The
2380 3613 78 24 Mayor,
2478 3612 104 24 assuming
2596 3617 23 12 an
2636 3609 30 19 air
2674 3608 64 19 becom-

2319 3639 36 23 ing'
2365 3639 87 25 gravity,
2473 3639 44 18 said
2531 3638 25 19 ho
2565 3636 57 20 could
2630 3637 34 16 not
2683 3636 66 23 accept

2318 3666 34 18 the
2366 3666 84 22 motion,
2470 3664 66 21 which
2558 3669 40 14 was
2613 3660 56 26 quite
2684 3662 35 17 out
2729 3660 22 18 of

2318 3692 65 18 order.

2343 3730 56 19 Thus
2410 3736 11 13 a
2431 3728 86 21 London
2526 3724 138 29 paper:One
2680 3724 21 19 of
2714 3724 34 18 the

2317 3758 52 17 most
2387 3755 128 20 remarkable
2533 3753 101 19 Scotsmen
2654 3750 21 19 in
2697 3750 51 19 New

2316 3782 91 19 Zealand
2416 3782 18 18 is
2444 3782 34 18 the
2488 3780 53 19 Hon.
2552 3778 24 19 R.
2588 3776 18 25 J.
2617 3776 85 23 Seddon,
2714 3776 34 18 tlie

2315 3808 98 19 Premier.
2442 3807 33 19 lie
2494 3806 17 19 is
2526 3812 11 12 a
2551 3804 36 24 big
2606 3809 51 16 man,
2676 3802 40 18 and
2731 3802 17 18 is

2315 3834 106 25 generally
2439 3831 92 28 reported
2546 3832 22 16 tn
2587 3829 24 19 be
2625 3827 45 20 able
2680 3830 20 16 to
2710 3834 37 12 use

2316 3860 31 19 his
2357 3860 44 19 lists
2411 3867 26 12 on
2447 3858 95 20 occasion.
2569 3855 34 19 He
2617 3853 73 26 speaks
2707 3854 30 18 for-

2315 3886 60 23 eibiv,
2392 3886 40 19 and
2442 3885 49 19 with
2497 3890 10 12 a
2519 3885 69 21 strong
2594 3879 71 21 Scotch
2672 3882 75 17 accent.

2316 3912 32 20 He
2358 3913 86 19 reeoives
2451 3918 11 12 a
2490 3910 55 23 1,000
2551 3915 11 11 a
2569 3913 47 19 year
2623 3912 22 13 as
2651 3906 91 19 Premier

2341 3954 44 19 The
2395 3954 103 19 Governor
2508 3951 21 18 of
2537 3950 33 19 the
2580 3949 59 19 Bank
2656 3949 21 18 of
2692 3949 42 24 Eng-

2315 3982 48 18 land
2382 3980 59 20 bears
2460 3977 68 27 public
2545 3975 108 24 testimony
2675 3977 21 16 to
2714 3974 34 20 Mr

2314 4006 85 20 Ward's
2411 4003 94 21 financial
2519 4001 72 25 ability
2604 4001 40 19 and
2655 4006 46 20 says
2715 4000 32 19 his

2315 4033 53 24 good
2390 4030 119 27 judgement
2531 4027 37 19 has
2589 4026 85 19 assisted
2696 4026 52 19 Now

2314 4058 91 20 Zealand
2422 4059 20 17 to
2451 4055 71 25 regain
2531 4060 13 12 a
2560 4053 88 25 position
2662 4052 20 19 of
2695 4052 44 19 first-

2314 4085 51 19 class
2380 4083 61 20 cred't
2465 4087 24 14 on
2517 4079 34 21 the
2564 4078 85 22 London
2675 4085 73 19 money

2315 4110 86 21 market,

2804 82 219 20 ENTERTAINING
3030 82 56 20 THE
3100 82 66 26 BAR-

2927 109 118 20 BARIAN.

2836 162 57 19 THL
2916 162 123 19 AMBER'S
3061 160 76 21 SON'S

2897 187 177 21 BEHAVIOUR.

2797 247 19 19 A
2826 246 56 20 cable
2889 248 19 18 to
2917 247 35 19 the
2961 247 50 20 New
3020 247 58 19 York
3089 248 43 19 Sun
3140 247 57 21 under

2771 274 46 18 date
2827 273 55 19 June
2893 275 17 21 8,
2921 280 45 19 says
2977 274 45 19 that
3032 274 96 20 Nasrulla
3142 273 54 21 Khan

2773 301 33 17 has
2828 299 112 25 completed
2960 301 30 19 his
3001 301 129 28 experiences
3140 300 24 25 by
3174 304 24 16 at.

2771 326 85 25 tending
2864 332 37 13 one
2912 326 21 18 of
2943 326 35 19 the
2997 325 127 21 fashionable
3141 327 56 21 music

2773 353 55 23 halls,
2848 352 39 19 and
2905 353 78 19 started
3002 360 26 12 on
3044 360 10 12 a
3070 355 46 18 tour
3130 353 23 19 of
3168 354 29 21 the

2773 379 105 25 provinces
2889 385 25 12 on
2931 379 33 19 the
2974 379 42 24 9th,
3026 381 21 17 to
3056 379 35 19 the
3103 379 95 25 profound

2773 405 59 19 relief
2846 404 22 20 of
2889 404 71 20 official
2978 402 40 23 and
3039 406 60 19 social
3112 405 86 28 London,

2774 431 65 19 where
2848 431 25 19 he
2891 431 38 19 had
2947 433 96 24 managed
3056 435 21 16 to
3088 432 57 20 make
3155 432 44 21 him.

2773 457 39 21 self
2835 464 47 18 very
2896 458 122 25 unpopular,
3039 465 50 13 even
3112 461 21 17 to
3147 459 53 28 being

2774 484 72 19 hooted
2856 483 21 19 in
2891 483 36 20 the
2943 487 74 17 streets
3039 492 26 12 on
3080 485 30 19 his
3126 491 42 19 way
3182 489 17 17 to

2774 510 33 19 the
2818 510 105 19 Guildhall
2938 517 25 13 on
2972 511 55 19 June
3037 511 42 19 6th.
3108 511 64 21 There
3180 513 20 21 he

2774 536 80 21 refused
2865 536 34 19 the
2915 537 58 25 Lady
2990 538 105 24 Mayoress
3114 538 31 20 his
3155 539 46 21 baud

2774 565 38 18 and
2823 562 91 19 snubbed
2925 563 34 19 the
2969 563 52 20 Civil
3032 564 125 26 dignitaries,
3168 565 31 21 but

2774 590 26 19 he
2821 589 58 19 made
2893 596 12 11 a
2915 591 47 18 neat
2984 590 55 20 little
3053 591 77 25 speech,
3141 591 18 19 if
3173 593 28 19 the

2776 617 130 23 interpreters
2934 623 34 12 are
2995 619 22 16 to
3051 617 24 19 be
3109 617 92 22 believed,

2776 642 80 19 Several
2871 644 79 22 reports
2974 645 53 17 state
3043 643 48 20 that
3105 644 24 19 he
3144 645 57 20 drank

2776 668 45 24 only
2840 670 61 17 water
2915 669 40 18 and
2980 676 45 18 very
3042 670 52 19 little
3116 670 24 20 of
3158 671 44 25 that,

2776 695 39 18 and
2826 695 46 18 that
2883 694 60 20 which
2956 694 24 19 he
2999 698 33 17 ate
3048 703 39 12 was
3109 699 92 23 prepared

2778 722 25 24 by
2814 721 30 18 his
2854 727 44 12 own
2919 720 143 26 Afgbanfcook
3082 723 39 19 and
3140 724 62 24 placed

2778 747 68 20 before
2857 747 39 19 him
2908 747 26 25 by
2951 748 34 18 the
2995 748 101 20 undefiled
3108 750 63 19 hands
3187 752 15 19 of

2778 774 29 19 his
2821 780 44 13 own
2881 774 169 20 butler-in-chief.
3079 776 76 20 Others
3176 777 18 20 de-

2778 800 53 19 clare
2842 800 44 19 that
2907 799 34 20 the
2952 807 68 18 young
3044 808 48 13 man.
3114 803 55 20 when
3180 802 16 21 hi
3198 815 5 11 8

2779 826 97 25 guardian
2887 832 39 13 was
2938 830 36 15 not
2984 827 83 26 looking
3079 830 69 19 tossed
3161 831 28 20 off
3197 840 6 12 a

2778 852 54 26 glass
2859 852 22 19 of
2907 853 125 25 champagne
3057 855 39 19 and
3126 859 78 22 partoifc

2780 878 87 26 heartily
2877 878 21 20 of
2913 885 53 13 some
2976 880 63 19 turtle
3061 887 57 19 soup,
3135 884 68 22 besides

2778 906 83 23 salmon,
2873 904 77 20 lobster
2959 906 62 23 salad,
3032 906 42 20 cold
3088 911 73 23 tongue
3171 914 32 19 and

2779 931 90 24 chicken,
2880 931 38 20 and
2934 934 39 17 two
2992 936 39 15 lots
3041 933 22 19 of
3072 934 30 19 ice
3122 937 82 28 pudding

2781 958 37 19 His
2834 958 82 20 soldiers
2934 965 51 13 were
3003 959 98 27 carefully
3114 964 83 19 watched

2779 984 39 20 and
2829 984 34 19 the
2874 984 113 20 Grenadier
3006 986 82 20 Guards
3098 988 39 19 and
3148 990 56 24 police

2780 1011 48 26 kept
2852 1010 70 20 within
2945 1011 40 19 hail
3009 1015 22 15 at
3058 1012 31 21 his
3113 1015 91 27 lodgings,

2781 1037 60 19 News
2852 1037 23 19 of
2884 1044 54 12 some
2946 1037 21 19 of
2976 1037 34 20 the
3020 1037 100 27 A'ghans'
3129 1044 75 21 strane

2780 1063 71 26 doings
2861 1063 35 19 has
2911 1063 70 20 leaked
3001 1069 42 20 our,
3062 1067 39 18 and
3119 1068 33 20 the
3171 1070 33 22 fact

2780 1090 35 19 has
2826 1096 21 13 so
2861 1091 131 24 exasperated
3009 1091 35 20 the
3057 1092 74 21 Indian
3151 1095 54 23 Office

2781 1117 45 19 that
2836 1117 69 19 orders
2921 1116 50 20 have
2986 1117 49 20 been
3045 1118 67 21 issued
3124 1120 81 23 forbidd.

2780 1143 35 25 ing
2822 1149 49 13 even
2882 1143 33 18 the
2926 1144 101 24 approach
3046 1145 22 19 of
3077 1149 101 23 reporters
3188 1153 16 18 to

2781 1169 113 19 Nasrulla's
2919 1169 97 26 lodgings.
3066 1173 32 19 An
3122 1174 33 20 old
3173 1178 32 20 and

2782 1195 104 26 respected
2908 1202 54 13 news
2985 1197 93 24 gatherer
3101 1202 104 25 attempted

2781 1225 20 16 to
2816 1221 62 20 sneak
2898 1221 43 20 into
2961 1222 34 20 tho
3017 1226 109 24 courtyard
3142 1233 24 13 on
3179 1230 26 21 the

2782 1248 58 25 night
2850 1248 22 19 of
2881 1247 34 21 the
2925 1248 36 20 7th
2978 1249 61 24 June,
3060 1251 36 20 but
3108 1259 39 13 was
3166 1262 39 15 Feer.

2781 1275 39 19 and
2828 1275 65 19 seized
2905 1275 24 25 by
2945 1275 34 20 the
2994 1276 64 25 police
3074 1279 40 19 and
3133 1279 72 25 hustled

2781 1301 58 19 down
2854 1301 117 26 Piceadilly,
2996 1305 140 25 accompanied
3154 1307 24 27 by
3198 1317 7 13 j

2781 1327 89 26 howling
2893 1329 69 19 crowd.
3010 1329 33 21 He
3067 1338 40 13 was
3127 1332 79 28 charged

2781 1354 47 20 with
2845 1355 60 26 being
2915 1354 68 20 drunk
2994 1357 38 18 and
3044 1357 117 28 disorderly,
3172 1363 33 21 and

2782 1388 38 13 was
2830 1381 66 20 bound
2920 1388 47 12 over
2991 1384 21 18 to
3034 1382 50 28 keap
3108 1385 35 21 the
3154 1393 51 21 peace

2781 1407 46 21 Ibis
2833 1407 122 26 gentleman,
2965 1408 43 21 who
3016 1409 71 28 enjoys
3096 1412 109 28 afairrepu.

2782 1435 64 20 tation
2858 1434 31 20 for
2908 1435 93 26 veracity,
3018 1444 45 13 savs
3074 1438 45 21 that
3136 1440 26 20 all
3179 1443 26 20 the

2781 1465 42 17 cats
2832 1461 21 21 in
2861 1461 34 19 the
2901 1460 152 27 neighborhood
3060 1465 22 19 of
3088 1465 117 27 Dorchester

2783 1487 69 21 House
2864 1487 48 21 have
2936 1488 140 28 disappeared,
3093 1492 33 21 the
3142 1494 63 28 simple

2783 1515 96 21 heathens
2892 1515 72 26 having
2984 1519 97 24 captured
3099 1520 38 21 and
3155 1526 50 19 eaten

2781 1542 60 25 them,
2852 1541 63 21 under
2929 1542 35 20 the
2981 1542 120 27 impression
3112 1546 45 23 that
3166 1549 40 27 they

2781 1575 51 14 were
2842 1576 11 13 a
2863 1569 75 26 species
2948 1569 22 19 of
2991 1569 53 23 hare.
3081 1573 35 20 All
3127 1581 79 22 arrang*

2781 1599 65 17 ments
2861 1602 49 14 were
2926 1597 56 19 made
3000 1604 25 14 on
3049 1597 55 24 June
3119 1602 47 21 14th
3180 1605 25 21 for

2783 1622 96 20 Nasrulla
2901 1625 20 17 to
2936 1623 49 20 visit
3010 1626 39 20 and
3073 1626 79 27 inspect
3179 1632 26 20 the

2781 1650 69 19 thread
2865 1648 64 22 works
2940 1654 21 16 at
2976 1651 74 27 Bisley,
3065 1654 40 20 and
3116 1655 34 21 the
3169 1658 37 20 shit

2782 1676 90 26 building
2882 1677 60 26 yards
2957 1684 25 13 on
3008 1679 34 19 the
3062 1681 69 26 Clyde,
3147 1684 35 20 but
3192 1686 13 19 in

2780 1705 32 18 the
2834 1703 92 25 morning
2950 1703 33 21 the
3012 1705 72 22 Prince
3107 1709 98 28 positively

2780 1731 80 19 refused
2873 1732 20 17 to
2903 1730 57 20 leave
2976 1731 30 20 his
3018 1732 36 21 bed
3071 1738 22 15 at
3104 1736 35 19 the
3159 1737 45 22 hotel

2780 1757 56 19 when
2851 1757 24 19 he
2891 1763 39 13 was
2949 1759 86 19 aroused
3054 1762 39 19 and
3113 1760 91 25 ioformed

2780 1783 44 20 that
2841 1783 119 26 everything
2976 1791 39 13 was
3030 1787 21 19 in
3067 1789 102 21 readiness
3179 1792 25 20 for

2780 1810 29 20 his
2823 1809 85 26 coming.
2937 1813 34 17 An
2990 1812 102 23 elaborate
3112 1816 92 24 luncheon

2780 1837 37 19 had
2824 1837 51 19 been
2885 1838 103 25 prepared,
2996 1840 39 20 and
3046 1847 10 13 a
3066 1841 57 27 large
3129 1846 76 23 numbej

2779 1863 21 19 of
2815 1863 83 19 notable
2927 1871 84 16 persons
3037 1867 42 20 who
3101 1870 38 20 had
3162 1872 42 21 been

2780 1889 83 24 invited,
2875 1891 91 23 together
2973 1893 47 19 with
3030 1893 35 21 the
3077 1895 127 27 Corporation

2779 1915 88 25 officials,
2883 1922 51 14 were
2954 1919 95 27 awaiting
3060 1920 34 21 the
3105 1924 71 20 arrival
3189 1926 16 20 of

2780 1943 34 19 the
2825 1943 80 24 Prince,
2921 1943 57 21 when
2994 1946 47 27 they
3053 1954 50 14 were
3113 1949 91 24 informed

2780 1969 46 19 that
2837 1969 24 19 he
2870 1976 40 13 was
2924 1971 41 19 still
2979 1973 22 18 in.
3016 1973 43 21 bed.
3095 1976 20 19 A
3129 1978 65 26 deputa-

2780 1996 42 18 tion
2834 1996 20 20 of
2865 1998 69 23 guests
2954 1998 39 19 and
3008 1999 76 22 officers
3101 2005 103 22 proceeded

2780 2025 20 16 to
2810 2021 35 21 the
2855 2022 55 20 hotel
2921 2024 38 19 and
2970 2025 86 21 induced
3072 2028 30 19 his
3122 2030 83 22 barbaric

2781 2048 101 25 Highness
2897 2053 20 15 to
2936 2053 37 22 get
2994 2059 26 18 up
3043 2054 39 20 and
3107 2055 50 27 keep
3179 2058 25 20 bis

2778 2078 134 21 engagement
2935 2078 22 17 to
2971 2081 80 18 luopeci
3067 2081 33 19 .he
3119 2083 85 25 building

2778 2101 59 25 yards
2847 2100 65 21 which
2937 2103 24 19 he
2986 2103 40 22 did,
3042 2104 34 20 the
3091 2107 51 20 hour
3153 2108 51 27 being

2778 2134 22 12 so
2816 2127 40 20 late
2879 2127 44 20 that
2938 2129 34 19 the
2990 2130 48 20 visit
3053 2134 21 16 to
3088 2134 34 19 the
3141 2135 63 21 thread

2780 2153 62 20 works
2853 2161 40 12 was
2904 2157 36 17 not
2950 2157 64 19 made.
3042 2158 96 23 Nasrulla
3155 2162 49 21 acted

2778 2180 21 19 in
2822 2187 12 12 a
2857 2180 76 21 similar
2956 2189 85 15 manner
3054 2185 21 19 in
3096 2187 101 27 Liverpool

2780 2206 64 20 where
2855 2206 24 21 he
2889 2208 50 26 kept
2950 2209 34 20 the
2997 2214 70 21 guests
3076 2214 83 27 waiting
3172 2218 32 19 two

2779 2233 61 20 hours
2847 2240 26 13 on
2884 2237 33 17 the
2924 2236 92 20 occasion
3027 2238 21 19 of
3058 2238 30 21 his
3098 2241 105 26 inspection

2778 2259 22 20 of
2815 2260 34 19 the
2873 2261 81 20 electric
2970 2263 83 26 railway
3063 2266 20 19 in
3107 2268 45 20 that
3161 2269 37 24 city

2780 2286 40 19 The
2837 2286 47 20 visit
2898 2288 21 19 of
2934 2288 34 20 the
2988 2291 82 25 Afghan
3082 2293 73 22 Prince
3176 2296 27 20 has

2779 2315 43 16 cost
2834 2314 33 19 the
2877 2314 85 26 English
2971 2317 40 19 and
3020 2318 74 21 Indian
3103 2323 100 24 taxpayers

2778 2340 86 23 250,C00
2879 2340 82 26 dollars,
2978 2343 36 20 but
3033 2338 115 31 Nasrulia's
3163 2349 41 21 only

2779 2367 96 19 donation
2894 2368 54 20 since
2971 2369 30 21 his
3020 2371 72 22 arrival
3107 2373 21 21 in
3149 2376 55 20 Great

2779 2392 81 19 Britain
2875 2393 35 20 has
2926 2395 49 20 been
2994 2403 10 12 a
3024 2406 19 17 gl
3046 2398 19 20 ft
3086 2401 22 19 of
3118 2401 57 21 4OO
3188 2405 16 18 to

2780 2419 33 19 the
2823 2420 85 19 Moslem
2919 2422 88 27 Mosque
3021 2425 21 19 in
3056 2425 114 27 Liverpool.

2820 2476 86 20 ALUM
2915 2477 57 21 FOR
2989 2480 57 21 BAD
3062 2482 101 23 WATER.

2806 2530 41 20 Uio
2867 2537 34 13 use
2920 2533 21 19 of
2955 2534 55 20 a'um
3034 2537 21 19 to
3073 2537 54 21 clear
3137 2538 67 27 muddy

2781 2558 60 19 water
2852 2559 34 18 has
2896 2557 50 27 long
2956 2560 49 20 been
3020 2561 80 28 known,
3113 2566 36 19 but
3163 2567 31 20 Pro-

2779 2583 64 20 fessor
2853 2584 70 24 Leeds,
2934 2586 20 20 in
2977 2587 35 20 the
3022 2596 70 14 coarse
3107 2592 22 19 of
3139 2600 24 12 an
3182 2601 22 12 in.

2780 2610 120 25 vestigation
2911 2618 24 13 on
2947 2620 25 12 an
2982 2615 99 21 outbreak
3100 2618 22 19 of
3141 2622 46 22 tvpo
3194 2621 10 20 d

2780 2636 56 20 fever
2859 2641 21 15 at
2904 2637 75 21 Mount
3000 2641 68 27 Holly,
3094 2635 110 32 discovered

2780 2664 84 19 another
2885 2664 57 20 value
2962 2666 21 20 in
3008 2668 34 20 the
3066 2676 34 14 use
3111 2672 22 19 of
3155 2672 48 21 alum

2781 2690 68 22 which,
2864 2690 16 19 if
2891 2690 21 32 hi
2922 2690 11 32 3
2943 2690 114 32 observation
3073 2704 71 18 proves
3168 2706 27 13 cor-

2780 2719 49 21 rect,
2843 2724 44 20 may
2902 2717 24 21 be
2949 2726 47 20 very
3018 2726 118 21 important.
3177 2727 27 22 He

2779 2744 62 19 found
2852 2745 44 18 that
2911 2745 34 19 the
2954 2749 63 19 water
3032 2749 63 22 which
3111 2759 38 13 was
3162 2761 42 16 sup*

2779 2770 53 26 plied
2846 2773 21 17 to
2890 2770 34 21 the
2947 2772 126 24 inhabitants
3093 2778 21 19 of
3134 2780 70 21 Mount

2781 2797 59 25 Holly
2859 2804 38 13 was
2920 2801 107 26 swarming
3050 2803 47 21 with
3113 2805 90 27 bacteria,

2778 2824 61 18 about
2850 2825 24 18 15
2885 2824 58 26 drops
2954 2825 59 28 being
3028 2831 83 24 capable
3119 2834 21 18 of
3147 2833 46 20 form-

2778 2856 34 20 ing
2822 2850 50 19 8100
2882 2851 88 21 colonies
2978 2855 21 18 of
3014 2855 55 21 these
3080 2858 124 26 microscopic

2779 2877 101 23 vegetable
2890 2884 71 19 germs,
2975 2881 56 20 when
3043 2886 71 21 spread
3126 2893 53 18 upon
3194 2894 8 12 a

2777 2903 87 19 suitable
2873 2905 85 20 surface.
2987 2908 33 19 He
3044 2909 52 21 tried
3120 2912 33 20 the
3175 2920 28 13 ex.

2776 2929 128 25 perimentof
2922 2932 76 27 aiding
3011 2942 11 12 a
3040 2937 76 21 minute
3125 2941 79 19 amount

2776 2961 22 14 or
2815 2956 55 19 alum
2888 2959 21 18 to
2923 2958 39 20 this
2983 2964 62 17 water
3062 2963 19 19 in
3099 2971 11 12 a
3127 2971 66 20 propor-

2777 2986 40 15 tion
2828 2983 21 18 of
2863 2984 48 24 only
2925 2985 44 19 half
2979 2994 10 11 a
2999 2989 59 24 grain
3076 2993 21 17 to
3107 2998 12 13 a
3137 2994 65 23 gallon

2776 3009 37 18 and
2825 3009 63 20 found
2899 3013 36 16 not
2951 3013 47 25 only
3013 3021 39 13 was
3061 3016 33 20 the
3109 3018 41 20 dirt
3166 3019 35 20 and

2775 3035 90 25 coloring
2881 3039 74 18 matter
2965 3041 142 28 precipitated,
3122 3045 36 20 but
3175 3046 18 19 in-

2775 3062 57 19 stead
2843 3062 21 19 of
2879 3062 34 20 the
2931 3070 53 15 same
2994 3069 95 26 quantity
3109 3071 21 19 of
3144 3074 58 19 water

2775 3090 116 24 containing
2906 3090 50 20 8100
2966 3093 89 21 colonies
3071 3097 23 19 of
3113 3098 89 24 bacteria,

2775 3116 17 17 it
2804 3116 107 19 contained
2921 3118 49 26 only
2980 3120 30 24 80,
3026 3123 40 19 and
3081 3123 56 21 these
3156 3131 48 14 were

2774 3142 27 18 ad
2811 3142 22 18 of
2842 3149 11 12 a
2867 3142 54 25 large
2934 3143 60 23 form.
3024 3148 32 20 On
3067 3149 89 26 filtering
3170 3152 32 20 the

2775 3170 59 17 water
2845 3169 87 26 through
2947 3173 39 19 two
2994 3173 105 23 thickness
3109 3177 22 20 of
3142 3178 53 20 filter-

2775 3199 35 19 ing
2825 3201 65 18 paper,
2904 3196 24 19 he
2943 3197 64 22 found
3017 3202 45 19 that
3073 3203 33 20 the
3125 3204 77 20 filtered

2775 3222 59 17 water
2848 3223 107 20 contained
2966 3232 27 13 no
3008 3227 94 26 bacteria,
3119 3231 36 19 but
3166 3238 36 13 was

2787 3253 21 12 as
2819 3248 68 19 sterile
2897 3255 21 14 as
2929 3250 17 19 if
2956 3251 17 20 it
2983 3252 37 20 had
3033 3254 48 20 been
3092 3257 80 23 subject
3182 3260 19 16 to

2775 3272 106 27 prolonged
3016 3279 48 21 This
3081 3288 82 15 amount
3182 3283 20 21 of

2773 3300 52 18 alum
2836 3306 17 13 is
2862 3304 33 16 too
2906 3304 57 19 small
2975 3307 21 17 to
3005 3305 24 20 be
3038 3308 82 20 evident
3135 3312 20 18 to
3170 3311 31 18 the

2774 3328 59 21 taste,
2843 3328 37 18 and
2892 3335 17 12 is
2930 3335 36 14 not
2985 3332 89 22 harmful
3098 3339 20 16 te
3130 3336 71 20 health.

2774 3354 19 16 It
2805 3354 29 18 his
2844 3354 143 23 observations
3006 3359 51 20 shall
3071 3362 76 20 remain
3167 3369 23 13 un-

2773 3379 85 25 refuted,
2878 3381 48 26 they
2948 3390 45 20 may
3012 3386 53 20 form
3085 3395 10 12 a
3111 3389 90 20 valuable

2773 3407 78 19 method
2862 3407 22 19 of
2895 3410 106 28 purifying
3009 3413 90 25 polluted
3109 3415 91 26 drinking

2773 3435 60 15 water
2868 3434 28 19 Of
2906 3442 70 14 coarse
2995 3439 17 18 it
3029 3439 47 20 does
3087 3443 36 17 not
3134 3442 64 20 follow

2772 3460 50 21 that,
2842 3460 85 21 because
2941 3462 90 23 bacteria
3052 3473 33 13 are
3104 3469 95 24 removed,

2772 3486 102 19 therefore
2881 3488 34 19 the
2926 3489 86 21 obscure
3019 3499 69 13 causes
3096 3494 22 19 of
3123 3495 77 20 disease

2838 3538 17 9 j-
2875 3516 91 19 removed
2970 3516 4 31 .
2999 3518 11 18 b
3059 3519 90 21 bacteria
3162 3522 38 19 and

2770 3539 56 17 these
2836 3539 87 22 diseases
2932 3548 75 19 npnpar
3018 3547 20 17 to
3049 3546 24 19 be
3089 3547 111 21 coincident

2770 3569 47 13 even
2829 3565 15 19 if
2856 3568 36 17 not
2901 3567 69 21 linked
2980 3571 72 19 almost
3061 3579 22 12 as
3095 3580 59 13 cause
3161 3575 39 19 and

2770 3592 67 22 ettect,
2869 3595 106 25 according
3004 3599 21 17 to
3056 3598 34 21 the
3119 3601 81 19 modern

2771 3618 93 23 theories,
2882 3620 39 19 and
2935 3623 18 17 it
2972 3622 16 19 is
3005 3626 36 17 n->t
3050 3626 35 18 too
3104 3627 58 19 much
3179 3631 21 16 to

2770 3644 50 23 hope
2831 3645 51 24 tjat,
2893 3646 18 19 if
2921 3648 33 19 the
2966 3648 87 21 bacteria
3062 3658 34 13 are
3107 3653 91 20 removed

2769 3671 32 16 the
2813 3676 54 15 virus
2877 3673 22 19 of
2923 3674 55 20 these
3001 3676 89 21 diseases
3113 3679 41 20 will
3176 3680 23 20 be

2770 3697 91 20 removed
2873 3699 47 20 with
2930 3700 61 20 them.

1169 33 57 21 THE
1240 31 60 23 HOT
1314 31 94 22 LAKES
1423 31 175 25 CHRONICLE,
1615 30 191 24 WEDNESDAY,
1829 30 118 21 AUGUST
1962 31 33 26 14,
2007 31 60 24 1895,

2787 4037 75 20 Printed
2874 4047 32 10 m
2919 4043 89 21 published
3027 4046 28 15 for
3070 4047 30 16 the
3107 4050 86 19 proprieto

2787 4063 18 12 at
2821 4063 27 14 Uls
2870 4065 94 25 registered
2969 4066 79 21 printing
3054 4068 48 17 office
3115 4069 77 17 Rotorua

2789 4086 22 16 oy
2817 4084 60 16 .fEBCY
2888 4087 57 14 JAjtua
2954 4086 100 21 JHasoiond,
3067 4090 18 15 of
3092 4090 82 17 Rotorua.

2809 4106 161 27 WEDNESDAY,
2981 4112 96 21 AUGUST
3087 4116 25 20 14,
3123 4116 41 18 1895

191 94 634 59 WAIWERA
937 91 774 69 SANATORIUM,

892 157 122 36 AND

486 204 166 75 HOT
726 203 348 77 SPRINGS
1155 203 277 75 HOTEL

48 307 103 35 -Only
179 308 42 26 30
254 306 97 28 miles
384 306 112 27 North
527 307 37 26 of
590 308 192 30 Auckland,
814 305 87 28 with
930 305 96 33 daily
1057 306 295 27 communication
1382 304 86 27 with
1496 303 112 28 Coach
1639 310 40 21 or
1698 303 152 28 steamer

386 347 54 21 See
454 348 167 21 advertised
633 349 83 21 Time
732 348 78 21 table
821 347 31 20 of
861 353 45 14 s.s.
922 347 78 21 Rose
1010 348 98 26 Casey
1120 347 57 20 and
1195 347 128 21 Butler's
1334 347 31 20 R.
1379 346 38 21 M.
1435 345 106 22 Coach.

55 385 104 64 fHE
184 384 118 24 ABOVE
316 383 299 26 ESTABLISHMENT
624 384 139 25 STANDS
777 383 232 24 UNRIVALLED
1023 392 26 15 as
1066 392 14 14 a
1091 383 93 24 Health
1193 392 27 15 or
1233 383 109 33 pleasure
1355 383 98 26 Resort,
1466 379 47 26 and
1526 381 43 24 has
1581 381 88 31 special
1700 380 152 32 advantages

143 418 37 23 for
193 418 78 23 either
294 417 112 23 Tourists
422 426 27 14 or
464 418 117 28 Invalids,

417 524 174 28 Beautiful
610 524 156 34 Scenery,
788 524 240 33 Sea-Bathing,
1056 525 157 33 Boating.
1233 523 150 37 Fishing,
1398 522 55 30 &c.

612 558 125 27 Cusine
751 559 70 26 and
836 558 207 27 attendance
1063 558 37 27 of
1121 559 60 26 the
1203 559 82 28 best.

53 599 94 24 Famed
157 599 37 24 for
207 599 31 24 its
252 599 95 24 urative
360 600 94 23 natural
468 599 105 24 medical
588 600 52 23 Hot
652 600 103 32 Springs
767 601 50 23 and
833 600 82 25 Baths.
951 600 36 23 As
1000 599 40 24 the
1056 600 102 33 Springs
1171 600 47 23 and
1233 599 73 24 Baths
1318 606 42 15 are
1370 597 42 24 the
1424 600 114 28 property
1551 596 25 23 of
1588 596 40 23 the
1654 595 86 28 Hotel,
1754 595 87 24 visitor
1843 593 11 15 s

86 640 41 16 are
137 632 111 32 supplied
258 632 58 24 with
325 633 106 28 Towels,
443 633 49 23 and
504 641 44 15 can
557 633 57 24 take
624 642 30 14 an
667 634 128 24 unlimited
808 635 103 23 number
924 633 25 24 of
962 633 73 23 Baths
1048 639 25 18 at
1085 642 47 23 any
1144 634 60 23 time
1216 633 26 23 of
1250 633 41 23 the
1304 632 47 30 day
1366 630 78 27 FREE
1456 630 64 23 from
1533 637 46 23 any
1586 630 89 32 charge
1687 629 133 24 whatever.

290 674 224 39 TARIFF
532 675 278 45 PERjDAY,
831 677 54 38 8s
900 677 71 40 6d;
1007 675 120 40 PER
1141 674 195 45 WEEK,
1357 673 71 38 2
1479 672 93 38 10s.

467 730 159 32 Cottages
641 731 34 26 to
689 730 48 27 let
749 731 47 33 by
810 731 59 27 the
887 730 106 31 week,
1006 730 131 32 month,
1152 737 39 19 or
1211 729 57 26 the
1288 734 124 21 season

57 781 49 25 For
123 788 47 24 any
184 779 160 25 information
358 780 115 31 required
487 780 83 32 please
582 780 73 33 apply
668 786 25 19 to
706 781 129 33 Manager.

613 823 58 44 A.
701 823 52 38 A.
782 823 203 45 SMITH,
1107 820 279 47 Proprietor.

226 990 42 7 ........

152 1014 40 17 s?*s

294 1102 26 22 tfi

560 1289 30 17 Sfes

355 1298 3 12 .
366 1298 22 12 i.i

223 1306 47 18 *Wk

658 1667 5 9 '
669 1668 24 12 \~

809 1714 42 38 m

849 1767 35 31 m

883 1783 29 16 '>

698 1880 38 32 m

448 1936 282 68 distillers
769 1944 46 61 c
847 1944 51 67 1?

91 2019 19 21 *
134 2001 286 53 m^a^ps,
477 2014 169 32 amm#
668 2019 142 30 scemm

53 2086 272 33 WIiOLcSALE
347 2090 180 39 AGtNTS,

354 2131 48 39 L.
432 2132 52 39 D.
513 2133 263 43 NATHAN
801 2138 113 41 &Go.

53 2193 17 15 m

54 2212 515 51 SjP-tLiOI.A.IL,
627 2220 306 49 S.A.Xj:E3

473 2288 51 26 OF

99 2342 192 45 Cutlery,
317 2343 255 45 Hardware,
599 2347 288 46 Brasswares,

188 2395 148 35 House
355 2396 280 49 Furnishing
650 2402 142 37 Goods

331 2448 53 32 (in
395 2451 99 30 great
506 2452 146 33 variety)

49 2483 156 38 Niekle
232 2486 86 34 and
345 2486 95 35 E.P.
468 2489 165 44 Spoons
669 2493 87 35 and
790 2495 140 36 Forks

351 2533 35 34 E
390 2560 8 7 t
403 2533 42 40 P.
475 2536 155 37 Cruets

190 2583 87 35 Tea
303 2583 113 43 Pots,
443 2587 155 35 Butter
628 2589 156 38 Dishes

51 2635 102 36 Jam
173 2636 164 45 Spoons
593 2641 155 37 Eutter
767 2644 165 38 Knives

309 2689 145 46 Sugar
504 2692 147 46 Tongs

228 2747 79 33 etc.
451 2750 78 36 etc.
673 2754 79 32 etc.

160 2894 226 49 r.&j.
421 2899 386 51 zdxcikzie

259 2956 91 41 234,
386 2957 146 43 Queen
570 2963 141 34 Street

129 3022 55 40 %*
194 3022 57 35 73
261 3025 26 32 4.
291 3021 8 13 c
402 3023 120 35 73
532 3024 58 38 W
599 3025 38 37 Q
654 3032 21 26 /
680 3026 9 13 c
691 3030 22 32 >.
825 3028 42 34 O

52 3159 118 73 CO
194 3161 439 73 ACHING
664 3168 269 69 LINE

235 3302 533 50 BETWEEN

164 3415 265 50 Rotorua
465 3418 116 49 and
614 3421 214 66 Taupo.

316 3674 346 30 THURHNCH

49 3706 81 40 Smith
158 3707 48 39 and
224 3706 114 50 Carriage
361 3708 103 46 Works,
494 3708 80 41 Coach
601 3711 48 38 and
678 3711 111 51 Waggon
824 3712 105 52 Factory

250 3770 212 21 ESTABLISHED
478 3772 81 19 OVER
576 3773 26 19 10
617 3772 107 21 YEARS.

42 3816 8 20 |
56 3816 43 17 iTlie
108 3816 116 20 underpinned
233 3821 29 11 are
270 3817 138 17 manufacturers
415 3818 18 16 of
441 3819 23 16 all
473 3819 61 16 classes
543 3820 18 15 of
569 3820 80 16 Vehicles
657 3821 14 15 &
680 3821 123 21 Agricultural
810 3822 33 20 Imj
851 3822 72 16 lements

43 3838 59 20 jOur
109 3838 112 16 well-known
229 3838 99 19 reputation
336 3843 19 10 as
362 3838 85 18 Practical
461 3840 102 17 Mechanica
578 3842 33 15 and
626 3842 58 15 W.P's
696 3843 20 16 27
731 3848 51 15 years
793 3844 101 20 experience
911 3845 18 15 in

42 3860 30 15 the
82 3859 118 16 Australasian
209 3859 84 19 Colonies,
302 3859 63 21 justify
373 3866 19 9 u-
401 3861 17 15 in
434 3862 83 16 claimintr
529 3863 39 15 that
583 3868 25 10 we
623 3868 32 10 can
668 3863 70 17 furnish
752 3870 10 10 a
778 3865 57 16 better
849 3865 45 16 class
911 3866 19 16 of

42 3882 81 18 vehicles,
131 3881 95 16 consistent
235 3880 41 16 with
283 3884 61 12 nonest
354 3882 46 15 work
407 3885 19 13 at
434 3889 10 9 a
452 3883 75 20 cheaper
537 3886 37 13 rate
582 3885 41 14 than
633 3890 34 14 any
674 3885 19 16 of
701 3890 31 11 our
740 3887 117 19 competitors.

64 3903 36 15 Tho
108 3902 61 16 Public
177 3902 35 15 will
224 3902 35 15 iind
268 3902 15 15 it
294 3904 17 13 to
325 3902 44 15 their
384 3903 99 21 advantage
498 3906 19 14 to
531 3905 149 17 ENCOURAGE
699 3906 80 17 LOCAL
797 3907 130 21 INDUSTRY,

43 3924 56 15 where
111 3924 41 19 they
163 3929 32 10 can
203 3923 44 16 have
253 3923 30 16 the
288 3923 79 21 pleasure
374 3924 18 15 tf
400 3924 59 21 seeing
473 3925 92 17 first-elasa
581 3927 78 16 material
670 3929 35 15 and
720 3929 129 21 workmanship
864 3931 33 19 put
911 3930 17 15 in

42 3945 80 17 Vshiolc*
129 3945 48 15 made
186 3946 18 14 to
212 3944 45 16 their
263 3945 62 15 valued
333 3945 64 17 orders.

62 3965 149 20 N.B.Vehicle
218 3967 19 15 of
243 3965 24 17 all
275 3966 115 21 descriptions
400 3967 85 21 repaired,
495 3968 79 20 painted,
584 3970 94 16 renovated
687 3971 35 16 and
731 3971 49 17 made
796 3972 18 16 to
829 3972 41 16 look
884 3978 44 15 equa

43 3989 18 16 to
69 3993 45 10 new.

44 4035 201 30 WILLIAM
263 4035 56 28 PA
325 4037 21 26 H
350 4022 105 41 KER~
469 4038 256 33 Coachbuilder,

396 4074 140 28 JAMES
556 4077 133 31 HAIFA,
710 4078 217 30 Blacksmith

287 4106 148 19 DEVONPOKT
447 4108 33 17 KO
483 4108 41 21 AD,
541 4108 148 20 TAUEANGA..

1116 950 221 26 OFFICIAL.
1363 948 289 27 TESTIMONY.

1069 1009 244 40 HirCHEN'S
1340 1009 150 38 BLOOD
1514 1004 242 42 RESTORER

1085 1064 39 10 oars
1132 1060 19 15 at
1157 1060 30 15 the
1195 1058 75 16 Cclonial
1278 1058 92 15 Industrial
1378 1057 99 16 Exhibition
1488 1056 38 16 held
1533 1058 18 14 in
1561 1056 108 19 Wellington,
1679 1053 33 17 and
1731 1058 13 10 n
1758 1052 27 15 the
1806 1051 52 16 officii,

1003 1077 57 16 redort
1066 1079 91 15 submitted
1164 1081 18 13 to
1189 1079 28 15 tho
1225 1079 113 15 Government
1348 1077 29 16 the
1384 1077 88 19 following
1478 1077 85 16 reference
1571 1081 32 10 was
1611 1075 47 15 made
1665 1075 18 14 to
1690 1074 37 14 it.
1743 1081 6 3 -

1061 1098 20 16 A.
1093 1098 24 15 H.
1125 1098 52 16 Hitch
1178 1103 34 14 ens,
1217 1096 96 20 Auckland,
1321 1097 47 15 sends
1373 1102 11 10 a
1391 1097 53 18 small,
1453 1097 31 15 hut
1491 1096 78 15 valuable
1576 1094 70 19 exhibit,
1653 1093 92 18 consisting
1759 1093 19 14 of
1791 1096 10 10 a
1808 1095 40 15 vege-

964 1115 44 16 table
1015 1118 93 18 compound
1116 1119 43 15 from
1167 1118 42 15 New
1217 1117 73 15 Zealand
1296 1117 53 17 herbs,
1356 1116 27 15 for
1388 1117 29 14 the
1424 1121 38 10 cure
1471 1117 17 14 of
1502 1115 108 19 Indigestion,
1624 1112 121 17 Rheumatism,
1759 1112 100 14 Rheumatic

964 1134 46 17 Gout
1021 1136 32 15 and
1061 1137 97 20 Impurities
1164 1138 19 14 of
1188 1138 28 14 the
1223 1136 60 16 Blood.
1304 1136 35 15 The
1344 1136 57 16 maker
1410 1135 33 17 and
1450 1135 82 15 exhibitor
1546 1134 56 16 claims
1616 1134 27 15 for
1659 1133 32 14 this
1703 1131 81 16 medicine
1796 1131 62 14 several

963 1154 92 20 important
1061 1157 84 19 qualities,
1152 1157 34 16 and
1193 1157 30 15 has
1230 1155 60 20 gained
1297 1156 28 15 the
1336 1155 37 16 first
1380 1155 48 15 order
1434 1155 19 16 of
1463 1155 49 15 merit
1519 1155 44 15 from
1570 1154 29 15 the
1609 1153 65 20 judges.
1703 1152 35 15 The
1753 1151 105 19 preparation

963 1173 13 16 is
983 1176 30 14 not
1021 1176 18 14 to
1046 1176 20 15 be
1073 1176 107 16 confounded
1187 1176 39 15 with
1234 1175 78 20 ordinary
1320 1175 55 20 quack
1382 1175 95 19 medicines,
1485 1174 86 16 inasmuch
1577 1178 19 10 as
1602 1173 14 15 it
1629 1173 14 15 is
1657 1172 28 15 the
1691 1171 72 19 product
1777 1174 17 11 o*
1808 1174 50 14 many

963 1199 47 14 years
1018 1195 18 14 of
1046 1196 52 19 study
1105 1197 33 14 and
1146 1195 118 19 investigation
1270 1196 21 18 by
1298 1201 22 9 an
1327 1196 73 14 eminent
1408 1194 84 20 physician
1500 1194 18 15 of
1523 1194 28 15 the
1566 1195 44 17 \rmy
1618 1191 71 16 Medical
1701 1190 48 18 Staff,
1756 1190 40 14 with
1805 1190 52 14 whom

964 1214 27 14 the
999 1215 83 15 exhibitor
1089 1216 58 15 served
1154 1215 61 19 during
1222 1215 29 15 the
1264 1214 41 16 New
1312 1214 72 15 Zealand
1396 1219 35 10 war
1444 1220 18 9 as
1475 1214 79 15 assistant
1565 1213 88 18 Dispenser
1660 1212 18 14 to
1695 1210 28 15 the
1738 1210 41 14 New
1787 1210 72 13 Zealand

964 1232 63 17 Forces.
1048 1234 28 15 Mr
1083 1235 83 15 Kitchens
1173 1234 75 20 explains
1256 1235 38 14 that
1300 1235 29 14 the
1336 1238 48 11 cures
1391 1234 17 15 of
1417 1233 120 19 Rheumatism,
1545 1234 31 16 etc,
1584 1231 69 15 effected
1660 1230 23 19 by
1697 1230 25 14 his
1733 1229 87 17 medicine,
1831 1232 27 10 are

963 1253 31 14 due
1000 1253 71 21 entirely
1076 1256 19 14 to
1102 1255 22 14 its
1131 1254 93 16 wonderful
1232 1254 48 15 effect
1287 1258 45 14 upon
1339 1253 27 15 the
1374 1253 49 15 blood
1437 1254 21 18 by
1472 1253 23 16 its
1502 1252 90 20 cleansing,
1599 1249 92 22 purifying,
1704 1249 33 15 and
1747 1249 112 19 invigorating

963 1275 50 13 ower*
1036 1273 18 16 It
1068 1274 15 15 is
1091 1274 48 16 made
1147 1275 44 14 from
1199 1274 42 15 New
1248 1273 74 16 Zealand
1332 1273 49 15 herbs
1387 1274 34 15 and

1203 1333 223 25 NOTABLE
1462 1331 162 27 CURES.

965 1385 90 21 Mention
1064 1388 17 19 is
1091 1388 59 20 made
1161 1388 21 20 of
1192 1388 34 19 the
1236 1387 106 26 following
1349 1394 22 12 as
1382 1394 11 13 a
1402 1387 40 21 few
1450 1387 21 20 of
1479 1387 34 20 the
1523 1384 108 22 multitude
1641 1383 21 20 of
1672 1389 57 14 cures
1739 1382 91 20 effected:

982 1420 137 22 SciaticaGapt
1143 1423 93 19 Farquliar,
1245 1427 13 11 a-
1267 1427 14 10 s.
1301 1422 102 16 'Clansman'
1423 1434 7 10 B
1432 1429 39 15 tant
1478 1427 106 19 Dysentery,
1594 1425 63 17 caused
1668 1424 23 22 by
1700 1423 80 19 working
1789 1423 18 16 in
1825 1422 33 17 bad

963 1440 88 17 Auckland
1056 1441 56 17 whose
1119 1447 36 11 case
1162 1447 34 11 was
1201 1441 96 17 considered
1303 1443 18 15 to
1326 1441 20 16 be
1352 1442 51 20 hope-
1423 1451 25 15 air
1457 1450 34 17 and
1514 1453 9 14 e
1526 1451 5 14 t
1539 1448 55 17 mines
1603 1449 17 14 at
1627 1446 28 17 the
1660 1445 120 17 ThamesD,
1798 1444 59 18 Elkin.

982 1471 21 17 io'.
1114 1481 23 5 ~,
1190 1482 7 6 ~
1218 1481 12 7 r,
1287 1481 7 7 r
1350 1482 5 6 i
1444 1468 174 20 RheumatismMr
1626 1467 60 19 James
1694 1467 55 21 Poolt,
1759 1465 98 18 Auckland,

963 1479 439 36 dafe'
1444 1493 99 17 Cancerous
1570 1491 52 18 Ulcer
1641 1490 18 17 in
1679 1488 97 18 Faee-Mr
1792 1486 28 19 W.
1839 1486 18 17 C.

982 1520 101 17 Khoumatio
1090 1521 53 21 Gout,
1151 1526 17 12 so
1175 1521 35 17 bad
1217 1522 38 15 that
1261 1509 29 29 tie
1296 1521 67 22 patient
1370 1520 33 18 had
1423 1514 79 21 Walker,
1512 1514 99 16 Auckland.

963 1540 35 14 oba
1005 1540 50 16 lifted
1062 1540 18 17 in
1088 1542 34 15 and
1130 1543 30 14 out
1168 1542 18 15 of
1193 1540 81 19 bedMr
1282 1540 27 18 W.
1325 1541 76 21 Hunter,
1444 1536 105 18 Rheumatic
1568 1533 97 18 GoutMr
1685 1532 85 17 Edwards
1785 1533 66 15 Waters

963 1559 73 17 Ormoud
1043 1559 74 21 Poverty
1128 1561 43 21 Bay.
1422 1557 127 20 Confectioner,
1566 1555 94 19 4uctfland;
1671 1555 28 15 Mr
1705 1555 101 15 Alexanuer
1817 1555 40 13 Kar-

984 1579 104 18 Rheumatio
1096 1575 108 23 i'everMr
1222 1580 69 22 Brown,
1309 1580 93 19 Britannia
1422 1583 38 16 rett,
1472 1578 59 21 Queen
1549 1577 61 21 Street,
1627 1575 91 19 Auckland
1729 1575 48 20 ;Mr
1796 1575 15 15 E
1834 1575 23 15 I).

964 1599 73 23 Height,
1053 1601 73 19 Nelson.
1422 1601 92 20 Halstoad,
1524 1599 105 22 Veterinary
1638 1599 85 20 Surgeon,
1737 1596 99 17 Auckland.

984 1622 104 19 Rheumatic
1104 1624 54 22 Gout,
1176 1623 76 24 Dropsy,
1273 1626 59 20 Ague,
1349 1623 52 19 Liver
1432 1623 122 17 Rheumatism
1563 1622 17 17 in
1586 1621 30 17 the
1622 1618 59 19 Knees
1686 1619 35 17 and
1726 1617 48 22 Foet,
1782 1617 76 21 brought

963 1644 103 21 Complaint,
1076 1647 35 16 and
1119 1647 83 17 Stomach
1219 1646 69 23 Cough,
1307 1649 45 14 most
1363 1648 36 15 dis*
1422 1650 21 12 on
1451 1646 23 21 by
1484 1649 15 9 w
1501 1644 63 21 orkiftg
1572 1644 17 16 in
1599 1641 106 19 waterMr
1718 1640 87 16 Matthew
1820 1640 38 16 Box

963 1667 127 21 iressingMr
1106 1668 79 21 Waugh,
1203 1667 85 23 .Bombay,
1310 1668 90 18 Walkato'
1421 1667 81 17 Thames,
1627 1667 3 23 #

963 1688 50 19 given
1023 1694 28 15 up,
1062 1695 22 11 no
1093 1689 44 22 hope
1145 1690 42 17 held
1196 1693 36 18 out,
1243 1690 132 17 recommended
1384 1693 17 14 to
1443 1688 129 17 Rheumatism,
1584 1685 73 22 causing
1667 1685 69 16 intense
1744 1685 49 20 pain,
1802 1685 55 14 which

962 1714 21 15 go
992 1710 49 16 home
1050 1712 34 16 and
1096 1712 35 17 die.
1421 1710 94 22 prevented
1524 1710 29 16 the
1562 1709 67 21 patient
1638 1709 44 15 from
1690 1707 54 19 being
1751 1705 106 17 overturned

984 1730 131 19 Inflammation
1130 1734 18 16 of
1163 1735 29 15 the
1208 1733 52 17 Liver
1281 1734 33 16 and
1331 1733 70 17 Gastric
1421 1738 18 11 in
1448 1732 32 17 bed
1504 1731 29 17 Mr
1541 1729 58 18 David
1610 1729 61 21 Barry,
1681 1728 82 16 Newton,

961 1752 50 16 Juice
1018 1754 17 15 of
1043 1754 29 16 the
1085 1754 135 17 StomachMr
1234 1756 77 16 Thomas
1328 1756 70 21 Macky,
1443 1754 75 17 Chronic
1526 1754 100 19 Dysentery
1628 1750 50 16 Mr
1686 1751 23 15 A,
1718 1749 83 22 Bettany,
1812 1749 43 15 Pon-

962 1773 97 23 Merchant,
1068 1777 101 17 Auckland.
1420 1776 54 20 sonby
1483 1775 56 17 Road,
1557 1773 96 17 Auckland.

982 1795 62 22 Lupun
1050 1798 18 15 of
1073 1799 29 15 the
1108 1798 98 17 FaceMr
1211 1799 84 20 Dickson,
1305 1798 95 17 Auckland
1443 1797 76 16 Chronic
1534 1795 123 17 Rheumatism
1676 1792 18 17 in
1714 1792 30 17 the
1752 1792 56 21 spine,
1820 1791 36 21 hip,

983 1818 105 18 Rheumatic
1096 1820 101 17 GoutMr
1216 1821 103 20 Blackman,
1334 1820 65 16 *Even-
1421 1819 49 20 knee,
1477 1818 61 21 joints,
1552 1816 34 17 calf
1594 1816 19 16 of
1623 1816 30 16 the
1665 1815 36 20 leg,
1723 1814 33 16 and
1777 1816 36 14 toes
1832 1814 25 16 !,

961 1838 29 20 ing
1000 1839 45 17 Star'
1055 1841 54 21 office,
1123 1842 101 16 Auckland.
1420 1840 81 21 Morgan.
1511 1839 63 16 Mount
1582 1838 49 16 Eden
1641 1837 56 19 Road,
1707 1836 98 15 Auckland,

983 1860 122 19 Rheumatism
1114 1863 18 16 of
1148 1865 20 15 23
1188 1863 56 21 years'
1262 1863 139 21 standingMr
1420 1862 106 16 Rheumatic
1534 1860 53 19 Gout,
1599 1858 58 17 which
1665 1856 80 18 confined
1754 1856 30 18 the
1791 1857 67 20 patient

963 1881 75 18 William
1047 1884 86 21 McKvoy,
1143 1886 37 16 Pitt
1188 1886 81 23 Terrace,
1276 1885 101 17 Auckland.
1421 1886 17 12 to
1447 1884 27 15 his
1482 1883 32 16 bed
1522 1883 28 15 for
1562 1880 107 18 weeksMr
1676 1879 22 16 T.
1707 1879 19 16 J.
1743 1878 113 21 Bainbridge,

982 1904 80 21 Sciatica,
1070 1907 35 15 and
1114 1907 144 20 .LumbagoMr
1267 1907 23 16 N.
1297 1907 101 19 McMillan,
1421 1904 98 21 Ponsonby,
1528 1902 99 19 Auckland.

961 1924 66 18 Vulcan
1036 1926 55 21 Lane,
1101 1928 99 17 Auckland.
1448 1926 75 16 General
1542 1924 79 21 Debility
1633 1923 34 15 and
1688 1923 117 19 Indigestion,
1824 1923 34 14 and

982 1947 153 22 LumbagoMrs
1145 1951 53 19 Mary
1206 1950 60 20 Knox,
1276 1950 74 20 Rokeby
1363 1949 34 17 St..
1420 1948 84 21 inability
1511 1949 18 14 to
1537 1947 44 20 keep
1587 1945 87 19 anything
1688 1949 23 10 on
1719 1943 30 16 the
1757 1943 100 16 stomach-

960 1968 99 19 Auckland.
1421 1970 29 15 Mr
1457 1968 66 17 Gerald
1531 1968 62 19 Graoe,
1603 1966 60 21 Kyber
1669 1966 48 19 Paes,
1725 1964 99 17 Auckland.

981 1990 135 18 SciaticaMrs
1123 1993 17 17 J.
1150 1993 92 20 Renwick,
1257 1994 60 16 Drake
1333 1993 64 19 Street,
1454 1989 127 18 SciaticaMr
1596 1989 47 16 John
1658 1987 51 19 Ross,
1726 1986 52 16 Duke
1793 1986 63 17 Street.

961 2011 97 19 Auckland.
1421 2012 100 17 Auckland.

981 2034 121 17 Rheumatism
1110 2036 18 16 of
1137 2036 19 17 20
1165 2037 56 20 years'
1238 2037 85 19 standing
1340 2036 57 16 which

1029 2058 36 14 ton
1072 2058 75 16 Asthma
1155 2059 34 15 and
1196 2058 71 22 Dropsy
1291 2058 28 17 Mr
1326 2058 70 16 Samuel
1408 2056 32 15 'T.
1451 2055 93 20 Aldridge.

1421 2012 101 17 Auckland.

1443 2034 96 20 Discharge
1544 2033 19 16 of
1571 2032 42 16 8100
1619 2032 6 15 l
1634 2032 45 15 from
1685 2030 30 16 the
1721 2029 137 21 BowelsCapt

959 2076 54 18 Field,
1025 2077 46 17 Lorn
1079 2079 59 16 SUeet.
1145 2081 98 15 Auckland.

1443 2077 53 16 Great
1504 2076 78 17 Debility
1590 2075 34 16 and
1629 2075 87 18 Bleeding
1725 2076 19 12 at
1751 2076 30 13 tno
1789 2077 57 11 JMOse-

980 2097 173 20 RlieumatismMr
1159 2101 25 16 H.
1194 2101 64 20 Lewis,
1269 2100 61 20 Queen
1339 2100 60 17 Street
1420 2098 29 17 Mr
1456 2098 76 16 Thomas
1539 2094 83 22 Peliican,
1637 2095 100 19 Ponsonby.

959 2119 97 18 Auckland.
1441 2119 98 20 Neuralgia
1548 2119 34 16 and
1590 2117 81 17 Nervous
1679 2116 141 21 DebilityMrs
1831 2116 24 15 H.

980 2140 73 18 Sciatica
1062 2143 34 16 and
1104 2142 147 22 LumbagoMr
1260 2144 51 18 Chas.
1322 2145 74 19 Honey-
1422 2141 63 20 Waite,
1495 2139 99 18 Auckland,

959 2163 65 21 combe,
1036 2164 97 19 Auckland.
1442 2163 52 16 After
1501 2162 60 16 efiects
1575 2161 18 16 of
1600 2160 104 17 Rheumatic
1723 2159 62 18 lever,
1802 2159 55 15 which

985 2184 105 19 Rheumatic
1107 2187 99 17 GoutMr
1222 2187 62 21 Elliot,
1304 2188 93 20 McGuire,
1419 2184 34 17 left
1461 2185 30 16 the
1498 2184 70 21 patient
1575 2181 128 22 helplessMr
1711 2180 49 17 Joha
1768 2180 26 16 H.
1803 2179 55 17 Jones

957 2204 107 25 Contractor,
1074 2209 101 16 Auckland.
1420 2206 100 16 Auckland.

978 2227 74 18 Chronic
1072 2229 175 18 RheumatismMr
1267 2232 71 16 Ronald
1357 2231 39 17 Mc-
1441 2227 71 21 Kidney
1521 2226 72 17 Disease
1602 2225 33 16 and
1643 2224 93 20 Lumbago
1749 2223 19 16 of
1777 2224 19 15 20
1806 2227 51 17 years

957 2247 72 22 Donald,
1039 2251 90 16 Rolleston
1142 2252 62 19 Street,
1217 2252 83 17 Thames.
1419 2248 135 20 standingMr
1566 2247 79 17 William
1657 2246 10 16 T
1678 2251 37 11 rice
1728 2246 3 25 ,
1744 2246 66 19 Poplar
1825 2249 32 11 -.'in

977 2270 115 22 Indigestion,
1105 2272 75 18 Geueral
1196 2274 88 22 Debility,
1300 2275 35 16 and
1349 2274 47 17 Con-
1420 2276 42 10 near
1470 2270 81 16 Howick.

956 2304 64 20 These
1028 2312 58 13 cures
1095 2306 69 20 aroall
1173 2307 89 20 attested
1274 2309 26 24 by
1309 2306 146 24 testimonials,
1464 2306 66 19 which
1540 2305 35 19 tho
1589 2302 153 22 manufacturer
1752 2303 43 23 has,
1807 2301 51 21 with

1192 2332 106 22 hundreds
1309 2334 21 19 of
1340 2333 78 24 others,
1427 2333 22 19 in
1455 2333 32 19 his
1497 2331 120 28 possession.

1040 2399 40 17 Sold
1091 2400 23 21 by
1126 2399 24 17 all
1154 2401 110 21 respectable
1274 2401 86 16 Chemists
1366 2401 37 16 and
1417 2399 128 23 Storekeepers,
1555 2398 34 17 and
1600 2398 24 21 by
1636 2398 29 16 tho
1673 2397 104 21 proprietor,

1057 2440 29 20 H.
1096 2440 25 20 A.
1133 2440 29 21 11.
1174 2441 154 24 HITCHENS,
1340 2443 24 17 50
1389 2442 130 20 Suoktland
1530 2441 86 23 Stkeet,
1627 2438 123 20 Auckland.

953 2553 115 36 Advice,
1090 2554 155 16 personally
1263 2555 30 15 or
1304 2554 30 16 by
1346 2553 45 17 let

1130 2575 53 18 TKR,
1193 2573 66 17 FREE.

971 2612 36 16 DR.
1024 2611 56 17 NEIL
1092 2614 31 15 has
1139 2614 77 19 pleasure
1230 2613 17 16 in
1262 2613 92 20 informing
1368 2613 25 16 his

951 2633 72 19 patrons
1030 2634 34 15 and
1070 2634 31 15 the
1109 2634 57 19 public
1173 2634 38 15 that
1220 2633 21 15 lie
1248 2633 30 15 litis
1288 2634 69 14 secured
1364 2634 29 15 the

951 2652 69 15 services
1026 2653 18 14 of
1055 2659 9 8 a
1070 2655 96 18 competent
1172 2657 80 16 manager
1262 2653 27 16 for
1299 2653 26 15 bis
1336 2654 15 15 A
1357 2659 9 11 j=
1372 2653 20 16 ck

953 2671 38 16 land
1009 2672 80 20 business,
1108 2674 56 14 whoso
1181 2673 70 15 medical
1267 2673 74 19 training
1359 2673 34 15 and

951 2690 72 21 hospital
1036 2693 99 19 experience
1145 2693 68 16 enables
1230 2693 34 14 him
1282 2694 17 14 to
1310 2692 38 20 give
1364 2693 28 14 the

951 2711 35 14 best
993 2711 57 16 advice
1058 2713 27 14 for
1093 2713 28 15 the
1132 2713 90 15 treatment
1228 2713 18 14 of
1253 2712 77 15 diseease.

970 2730 64 16 BALM
1052 2732 30 15 OF
1101 2732 92 16 GILEAD.
1218 2732 31 15 The
1265 2733 74 18 greatest
1350 2731 41 16 Cold

950 2754 48 11 curer
1015 2752 17 13 of
1042 2751 29 15 the
1082 2756 42 15 age;
1141 2751 31 16 has
1186 2752 49 15 cured
1252 2752 45 15 colds
1315 2752 17 15 of
1347 2752 44 15 from

951 2774 47 10 seven
1005 2771 18 14 to
1030 2772 29 14 ten
1070 2776 50 15 years
1131 2771 83 20 standing.
1237 2772 54 19 Price,
1301 2772 18 14 2s
1329 2771 22 16 Cd
1361 2775 30 15 per

951 2789 56 16 bottle.

970 2809 63 16 LUNG
1047 2810 93 16 BALSAM
1142 2810 60 16 Will
1212 2815 39 11 cure
1269 2810 121 20 Consumption

951 2828 16 15 in
975 2829 21 15 its
1004 2829 45 19 early
1057 2834 18 11 or
1086 2830 62 15 middlo
1158 2832 61 17 stages.
1242 2830 45 17 Miss
1299 2831 90 18 Russell,

952 2848 73 15 Wooilen
1044 2849 52 19 Mills,
1114 2849 98 20 Orehunga,
1231 2850 65 19 speaks:
1356 2854 35 10 was

951 2872 49 15 gsven
1008 2873 23 14 up
1038 2869 22 19 by
1066 2871 34 14 two
1114 2869 65 16 doctors
1193 2869 56 15 defore
1264 2870 9 15 X
1284 2869 106 16 commenced

951 2888 58 19 taking
1023 2892 42 15 your
1079 2889 50 19 Lung
1148 2890 73 17 Balsam,
1240 2890 33 14 and
1298 2889 9 15 1
1324 2890 66 15 declare

951 2906 72 17 without
1033 2913 33 15 any
1077 2909 120 19 exaggeration
1209 2909 37 15 that
1263 2909 14 14 it
1294 2909 50 15 saved
1362 2913 28 14 my

951 2927 34 15 life.
1007 2928 38 19 Any
1065 2928 71 16 sufferer
1146 2928 59 16 should
1216 2928 121 16 communicate
1350 2928 41 15 with

1017 2947 48 16 Price
1072 2949 18 15 2s
1098 2948 20 15 Gd
1124 2953 29 14 per
1160 2949 57 18 bottle;
1236 2949 32 14 live
1279 2949 27 14 for
1317 2949 32 14 10s.

970 2972 103 17 CASCARA
1090 2973 153 16 BITTERSThe
1254 2975 40 19 only
1304 2975 37 14 real
1351 2979 21 10 cu
1374 2981 8 11 r

951 2991 26 16 for
993 2993 105 19 costiveness,
1116 2993 110 20 Indigestion,
1242 2993 94 17 Headache
1357 2994 34 16 and

951 3012 101 19 .Flatulence,
1063 3013 69 20 making
1146 3019 11 9 a
1173 3013 88 16 miserable
1278 3014 30 15 life
1325 3014 65 20 lni,ppy:

951 3032 36 15 well
998 3033 59 14 named
1068 3033 22 19 by
1101 3033 46 15 those
1158 3033 37 15 who
1205 3033 42 14 have
1259 3033 42 15 used
1311 3034 15 14 it

951 3051 109 17 Sufferer's
1183 3052 47 16 Price
1237 3053 18 14 2s
1263 3053 21 15 6d
1291 3057 29 14 per
1327 3054 63 15 bottle-

971 3072 66 15 Ladies
1064 3073 131 15 Complexions
1223 3072 91 15 beautified
1339 3074 52 15 niade

951 3090 52 19 cloan,
1011 3091 69 19 pimples
1090 3092 33 14 and
1134 3092 75 15 blotches
1219 3092 77 14 removed
1306 3093 23 18 by
1340 3097 52 15 using

951 3115 30 10 our
992 3111 69 15 LIVER
1071 3111 76 19 TONIC,
1158 3111 55 16 which
1224 3111 13 16 is
1248 3111 34 15 also
1299 3112 28 15 the
1345 3111 4 19 i
1357 3116 36 12 oost

951 3130 87 16 successful
1046 3135 39 11 cure
1094 3130 26 16 for
1125 3131 103 15 Biliousness
1238 3131 33 15 and
1282 3131 22 16 all
1316 3132 77 16 dise;ises

951 3150 18 15 of
977 3149 28 14 the
1014 3149 45 16 livnr.
1082 3150 48 15 Price
1136 3151 16 14 2s
1158 3151 21 14 (U\
1186 3156 30 9 nor
1222 3149 4 18 I
1232 3155 10 9 o
1251 3151 29 15 tie:
1286 3151 32 16 live
1326 3152 27 15 for
1366 3152 27 15 10s

971 3168 62 17 IRISH
1051 3169 58 16 MOSS
1126 3170 48 15 AND
1186 3166 57 20 'COD
1259 3170 72 16 LIVER
1348 3172 45 16 OIL

951 3188 173 17 EMULSIONThe
1132 3191 36 16 best
1174 3191 32 14 and
1212 3190 82 19 Cheapest
1299 3191 49 16 Emul
1357 3191 35 16 tsion

951 3208 16 15 in
974 3208 28 15 the
1011 3208 71 20 market;
1090 3214 10 10 a
1114 3209 61 19 special
1188 3214 38 11 cure
1241 3210 27 14 for
1275 3210 71 20 wasting
1360 3212 33 14 and

954 3228 77 19 debility.
1054 3228 48 16 Price
1110 3230 17 13 2b
1137 3233 30 15 per
1178 3229 59 16 bottle.

972 3247 32 16 DR
1016 3248 81 18 NEIL'S,
1117 3248 154 20 Wellesley-street
1284 3248 42 16 East
1362 3250 31 20 (tw

952 3266 49 16 doors
1009 3267 53 16 above
1069 3268 53 15 Milne
1130 3268 32 15 and
1167 3268 86 19 Chnyce's,
1259 3269 13 14 is
1280 3269 28 15 the
1315 3269 18 16 ch
1344 3275 49 14 eapes

951 3286 51 15 house
1005 3288 19 14 to
1028 3287 33 19 buy
1065 3287 63 16 Patent
1134 3288 33 14 and
1171 3288 119 19 Homeopathic
1294 3289 99 17 Medicines

951 3306 54 16 Toil'Jt
1024 3307 95 19 Requisites
1139 3309 33 13 and
1194 3308 91 19 Druggists
1305 3308 22 15 Su
1339 3309 54 16 udries

950 3325 54 16 Herbs
1010 3326 33 15 and
1050 3326 62 15 Herbal
1121 3327 124 16 Preparations.

1085 3346 85 16 ADVICE
1186 3347 59 15 FREE

972 3386 44 39 M
1023 3386 16 14 H
1064 3385 63 36 W.
1160 3385 40 38 J.
1227 3386 131 37 N-

999 3428 151 17 BARRISTER
1161 3428 17 17 &
1187 3428 116 19 SOLICITO
1312 3431 23 18 R.

948 3447 153 25 (Commissioner
1110 3449 20 17 of
1138 3450 32 16 the
1187 3449 89 23 Supremo
1291 3451 66 21 CJourt
1369 3455 20 17 of

948 3495 87 18 Solicitor
1047 3498 20 15 to
1075 3496 33 17 the
1117 3496 23 17 N.
1150 3496 21 17 Z.
1181 3497 133 19 Government
1329 3499 59 19 under

1053 3519 97 19 Advances
1159 3522 20 15 to
1187 3519 77 19 Settlors

947 3550 97 18 Victobta
1053 3552 89 22 Abcade,
1151 3552 117 21 Queen-st.,
1277 3553 108 20 Auckland.

970 3583 69 22 Money
1048 3586 19 14 to
1075 3583 52 18 lend
1136 3589 25 11 oil
1173 3583 85 18 freehold
1271 3588 83 22 security
1366 3591 21 14 at

947 3604 36 19 low
992 3608 49 15 rates
1046 3606 21 18 of
1069 3607 84 18 interest.
1179 3608 73 22 Money
1265 3611 85 18 invested
1356 3611 31 18 for

956 3629 46 18 liens
1011 3629 38 18 free
1059 3630 20 17 of
1089 3630 79 22 charge.

1429 3723 46 19 T!ie
1499 3721 131 26 Queensland
1653 3722 139 20 Government
1813 3722 35 19 ha

1403 3749 43 20 deci
1453 3749 36 20 derl
1505 3751 21 17 to
1538 3748 52 19 issue
1602 3754 11 12 a
1623 3749 146 23 proclamation
1783 3749 65 19 under

1403 3775 34 19 the
1455 3777 96 19 Diseases
1568 3775 20 18 in
1599 3775 94 19 Animals
1709 3776 47 22 Act,
1767 3775 68 25 provid-

1402 3801 34 26 ing
1446 3804 8 18 i
1455 3802 5 9 :
1461 3810 23 12 or
1510 3801 34 19 the
1555 3801 124 25 application
1695 3801 22 19 of
1727 3801 35 19 the
1778 3802 58 18 tuber-

1401 3830 54 17 culin
1479 3831 47 17 test
1543 3827 21 19 in
1581 3827 34 19 the
1630 3834 45 12 case
1686 3828 23 18 of
1728 3827 64 20 cattle
1806 3827 39 19 and

1401 3854 34 19 the
1446 3855 71 19 mallei
1525 3862 11 11 n
1548 3855 42 17 test
1600 3853 33 19 for
1643 3853 69 19 horses
1726 3853 90 25 arriving
1826 3854 20 18 in

1401 3881 44 24 Que
1454 3880 89 21 enslarjd
1564 3879 51 19 from
1630 3886 40 19 any
1691 3880 57 25 place
1769 3880 76 25 beyond

1401 3907 32 19 the
1467 3905 123 23 Australian
1614 3906 100 24 Colonies,
1740 3907 106 18 Tasmania

1401 3934 36 18 and
1464 3934 52 20 New
1531 3932 97 19 .Zealand.
1665 3932 22 19 If
1702 3938 40 19 any
1761 3932 26 19 do
1810 3934 35 17 not

1401 3966 39 12 com
1451 3960 35 25 ply
1506 3959 25 19 wi
1537 3958 21 19 th
1576 3958 49 20 such
1640 3960 52 18 tests
1708 3959 49 25 they
1767 3958 41 19 will
1822 3958 24 19 be

1401 3987 34 18 reti
1448 3987 57 19 irned
1525 3990 23 14 to
1564 3985 35 18 the
1618 3985 56 25 place
1695 3984 82 20 whence
1799 3984 46 24 they

1401 4019 34 13 wet
1470 4011 94 26 shipped,
1582 4018 22 11 or
1615 4011 39 18 will
1665 4012 23 18 be
1703 4010 110 26 destroyed
1824 4017 29 19 or|

1401 4038 29 19 oth
1446 4039 68 20 erv-ise
1524 4037 58 20 dealt
1592 4036 54 20 with.

1418 4064 11 14 1-,
1445 4069 39 14 very
1491 4068 37 16 pera
1538 4063 37 14 uin
1584 4062 32 16 lliis
1632 4062 66 16 district
1725 4062 58 16 should
1806 4061 40 16 send

1401 4083 26 15 hco
1442 4089 21 15 py
1481 4084 17 15 of
1512 4083 29 16 the
1558 4082 44 15 New
1625 4082 71 15 Zealand
1712 4081 76 16 Cookerv
1799 4081 47 16 Book

1401 4103 22 15 nei
1442 4109 6 12 r
1456 4102 67 17 friends.
1545 4102 16 14 A
1579 4105 46 13 more
1639 4101 56 17 useful
1714 4105 68 16 presont
1797 4100 49 17 could

1401 4122 15 17 to
1444 4123 21 20 Jjo
1472 4121 134 20 fguad.Abvt

2794 3752 41 21 Ihe
2845 3759 84 22 imports
2939 3758 23 20 of
2969 3759 46 25 gold
3022 3760 42 20 into
3075 3761 35 21 the
3120 3762 77 22 United

2770 3781 101 24 Ivingdom
2881 3784 73 26 during
2971 3786 35 19 the
3031 3787 38 19 last
3093 3789 24 19 21
3141 3797 56 18 years

2768 3808 72 17 exceed
2846 3808 34 20 the
2886 3816 80 19 exports
2974 3812 25 25 by
3007 3819 46 13 over
3061 3815 136 25 50,00'!,000

2767 3834 91 25 stening.
2886 3837 83 26 During
2985 3839 33 20 the
3029 3843 44 21 past
3083 3848 48 14 year
3140 3843 57 20 alone

2768 3862 33 15 tlie
2809 3865 68 16 excess
2889 3870 38 13 was
2942 3868 62 17 about
3014 3867 138 25 12,000,000

2792 3885 50 21 Less
2852 3888 50 20 than
2924 3892 33 18 ten
2982 3899 57 18 years
3049 3900 37 18 ago
3107 3896 90 24 17,300

2768 3912 22 30 a
2801 3912 10 30 9
2822 3912 75 30 refused
2917 3916 32 19 for
2971 3925 12 12 a
3006 3926 71 13 corner
3100 3912 57 30 hotel'
3176 3923 21 19 in

2768 3939 80 24 George
2863 3940 72 26 Street,
2947 3944 85 26 Sydney.
3074 3947 50 20 Last
3142 3949 54 19 week

2768 3966 33 17 the
2815 3969 48 17 ,\ew
2872 3969 63 19 South
2952 3970 70 20 Wales
3041 3973 85 26 Savings
3137 3975 57 19 Bank

2766 3992 43 18 sold
2820 3995 22 20 it,
2851 3999 21 13 as
2883 3998 118 23 mortgagee,
3012 3997 32 21 for
3053 3999 79 22 4GOO.
