3260 4260
197 351 414 66 Hot
749 351 691 66 Lakes
1578 351 1381 66 Chronicle.

450 492 449 87 Circulating
922 493 454 86 throughout
1399 492 127 69 the
1551 492 288 71 Tourist
1884 494 305 73 Resorts
2236 501 79 66 of
2350 502 126 69 the
2522 503 266 71 World.

70 647 54 20 VOL.
138 648 19 17 4.
186 646 40 20 No.
244 646 35 19 187

1305 644 139 21 EOTOEUA,
1460 644 60 21 K.Z.,
1538 644 185 21 WEDNESDAY,
1740 645 75 19 JULY
1829 646 17 19 1,
1863 647 49 18 IS9C

2843 658 256 27 PBICE—THHEEPEN
3103 666 32 19 CE

69 731 21 24 BY
103 729 85 24 SPECIAL

300 730 150 24 APPOINTMENT

96 778 57 26 ASK
178 778 145 26 GROCERS
349 778 56 26 FOR

96 1044 161 27 CEYLON

97 1080 133 25 INDIAN
263 1080 29 26 &

96 1115 184 25 BLENDED

174 1155 152 18 AWARDED

74 1181 67 25 GOLD
151 1181 56 25 AND
218 1182 97 24 SILVER
326 1183 109 23 MEDALS

86 1223 58 25 Why
158 1223 47 26 buy
219 1223 97 20 Inferior
329 1223 57 20 Teas
400 1223 64 21 when

50 1255 32 22 you
96 1254 41 15 can
151 1251 38 24 get
203 1249 25 21 N.
244 1250 27 19 M.
288 1249 17 20 &
320 1249 55 21 Co.'s
389 1251 25 19 at
428 1250 36 20 the

50 1281 48 16 same
111 1276 68 25 price.
212 1275 36 21 All
263 1275 77 21 others
358 1281 39 15 are
412 1277 52 24 only

50 1303 61 24 copies
128 1302 23 20 in
171 1308 73 18 name,
259 1302 45 20 and
325 1308 39 14 are
379 1302 85 25 pushed

50 1330 25 20 for
87 1329 62 20 extra
163 1328 75 26 profit.

50 1465 91 24 SOLD
179 1463 257 25 EVERYWHEf?

125 1580 49 25 Do
187 1580 56 24 not
256 1579 119 31 Forget

90 1691 164 21 CURIOSITY
274 1691 80 19 SHOP
372 1690 47 19 and

182 1718 141 23 MUSEUM,

112 1759 113 24 Opposite
233 1758 78 20 Grand
318 1757 77 23 Hotel,

77 1800 124 25 PRINCES
213 1800 43 25 ST.
268 1798 169 26 AUCKLAND.

125 1923 142 17 INSURS
293 1923 92 15 InilTH

47 1957 126 18 THESOUTH
185 1956 181 17 URITJSHTTRE&
375 1955 97 17 MARINE

112 1979 42 17 Coy.
166 1979 29 15 OF
207 1978 56 16 NEW
270 1977 122 17 ZEALAND.

46 2001 66 16 Capital
368 1999 104 18 £1,900,000

84 2022 93 16 Unlimited
192 2021 75 20 liability
275 2020 18 16 of
301 2020 127 17 Shareholders.

46 2043 48 21 Being
102 2049 8 9 a
120 2041 78 23 Coluiiini
212 2042 101 16 Institution
328 2041 62 17 Profits
404 2046 29 11 are
446 2041 18 16 in-

188 2063 56 17 vested
253 2063 67 21 lot-ally.

46 2086 41 16 Head
103 2086 53 16 Office
381 2083 91 16 Auckland

46 2107 42 16 Wml
98 2110 50 13 HL-ent
329 2105 11 16 J
359 2105 26 17 W.
393 2104 79 19 Wrisley

49 2170 202 45 Rotorua
275 2164 196 48 Sawmill

127 2224 247 57 Company.

53 2312 112 18 rTTHITE
180 2312 52 18 AND
254 2311 49 18 UED
321 2311 64 17 PINE
405 2310 20 18 of
441 2310 32 18 tho

55 2328 29 26 VV
124 2336 57 18 finest
189 2335 74 21 quality
272 2334 38 18 and
325 2333 92 23 oarofully
434 2335 38 16 cut.

225 2358 62 18 ALSO

46 2386 80 26 Matai,
159 2386 127 28 Pukatea,
315 2385 52 23 and
394 2385 79 22 Tawa

79 2417 128 29 Shingles,
219 2416 115 29 Palings,
349 2415 97 23 Blocks

181 2447 52 23 and
242 2446 82 23 Posts-

65 2479 17 19 A
95 2479 52 25 good
159 2479 38 19 and
211 2478 89 19 assorted
312 2477 73 25 supply
396 2476 77 26 always

46 2511 19 13 on
74 2505 52 19 hand
136 2507 21 18 at
168 2505 34 19 the
213 2504 82 19 Timber
308 2503 61 24 Yard,

160 2537 184 17 ROTORUH,

46 2566 153 26 N.li.—Special
209 2572 45 13 care
265 2565 62 20 taken
339 2565 19 19 in
378 2565 34 19 tho
429 2571 34 12 sea-

214 2592 78 25 soning.

46 2631 98 18 PRICES
157 2631 40 18 AT
211 2629 144 19 CURRENT
368 2628 104 19 RATES.

79 2662 35 19 W.
130 2660 168 23 HBNSHAW,
309 2660 119 23 Manager.

133 2712 27 40 F.
206 2710 172 46 GOODSON,

47 2808 75 32 GOAL
140 2808 26 31 &
186 2805 169 34 FIREWOOD
375 2805 95 36 YARD,

124 2853 144 19 PUKUAT'UA
282 2852 101 20 STREET,

65 2936 60 17 Goods
133 2934 95 19 delivered
237 2934 50 18 after
300 2933 69 17 arrival
383 2933 19 17 of
416 2933 58 17 trains

46 2959 15 17 to
69 2959 24 18 all
101 2960 52 22 parts
163 2959 20 16 of
191 2958 32 17 the
233 2959 51 16 town
293 2956 47 17 with
348 2956 126 23 promptness.

46 2995 54 22 Lugo
108 2995 58 17 Slock
180 2994 20 18 of
216 2994 46 18 C<.>al
279 2993 38 17 and
333 2992 99 18 Firewood
446 2992 19 17 al-

107 3024 53 17 ways
169 3024 23 12 on
202 3017 51 18 hand
264 3017 37 16 and
310 3015 96 19 delivered

164 3041 20 18 at
192 3040 33 19 tho
238 3041 82 16 shortest
330 3041 20 15 at

47 3080 148 23 GREATLY
200 3079 153 24 REDUCED
359 3079 22 22 R
387 3079 15 22 A
408 3078 66 23 TES-

47 3207 427 36 CARPENTEB,

145 3250 105 18 FENTOX
267 3249 102 21 STREET,

133 3283 100 19 Opposite
262 3285 11 7 li
283 3283 80 17 Ghaxd.

47 3432 108 20 BARBER
177 3433 60 19 AND
268 3431 207 25 HAIRDRESSER,

46 3463 87 44 BEGS
143 3467 21 17 to
175 3471 105 12 announce
291 3464 45 19 that
343 3464 25 18 ho
380 3464 37 18 lins
424 3470 40 12 com-

108 3492 84 19 menced
204 3491 92 19 business
307 3490 20 18 in
340 3490 33 18 the
390 3490 51 24 shop
456 3490 21 18 in

47 3519 29 19 the
91 3518 33 19 old
140 3520 60 19 town,
221 3516 97 25 formerly
338 3516 95 25 occupied
450 3516 27 25 by

47 3544 28 20 Mr
84 3542 124 26 McFadyeh,
218 3542 86 23 saddler,
322 3542 40 18 and
379 3542 63 25 Lopes
457 3544 20 17 to

47 3572 53 19 merit
111 3577 11 12 a
133 3572 59 17 share
204 3569 21 19 of
235 3568 35 19 the
280 3568 70 25 public
360 3571 90 22 support.

123 3602 160 21 RAZORS
313 3601 76 20 SET.

66 3672 20 18 A
94 3671 85 19 Choice
190 3668 153 20 Assortment
357 3668 26 18 of
394 3668 70 18 Tobac-

47 3699 40 18 cos,
98 3695 87 26 Cigars,
195 3692 132 24 Cigarettes
334 3691 20 18 &
362 3691 115 18 Smoker's

47 3717 134 25 Requisites.
195 3717 4 25 ■,

59 3765 12 17 A
86 3762 160 20 UCKLAXD
258 3760 220 18 ADVERTISING

47 3777 40 30 A.
199 3784 113 21 AGENCY,

66 3819 98 17 Victoria
176 3817 91 19 Akcade,
280 3814 74 20 Queen
370 3814 84 18 Street.

96 3848 123 24 Advertising
225 3847 20 18 in
254 3847 25 16 nil
293 3847 24 16 its
325 3845 98 19 branches.

47 3873 47 21 New,
108 3873 77 22 Unique
202 3871 38 17 and
253 3869 85 18 Tasteful
355 3869 123 23 Advertising

214 3894 93 17 Medium.

66 3920 68 17 Orders
143 3920 49 16 from
201 3918 26 17 all
235 3916 53 24 parts
297 3915 91 18 attended
396 3916 21 16 to
432 3915 46 17 with

47 3948 36 11 cure
93 3943 37 17 and
138 3941 116 23 expedition.

68 3993 40 45 G
121 3993 47 18 EO
171 3991 76 44 'M
263 3991 14 16 C
286 3989 46 44 A
345 3988 102 18 UIEY
450 3988 4 50 '

47 4062 117 25 Plumber
183 4062 21 23 &
214 4058 114 26 General
340 4057 138 24 Mechanic

134 4122 133 19 Tuta-nekai
286 4117 94 21 Street,

783 905 281 49 ROTORUJI,
1110 905 126 45 .NEW
1274 905 274 45 ZEJILJIND.

491 994 37 42 I)
536 994 179 17 OTOBUA.—This
724 994 106 18 wonderful
837 995 74 18 district
919 995 15 16 is
943 994 129 23 unparalleled
1081 995 20 16 in
1109 995 32 17 the
1150 995 70 16 known
1230 994 60 17 world
1299 995 29 16 for
1336 994 33 17 the
1377 995 80 16 number
1465 995 38 16 and
1512 995 73 22 variety
1595 995 19 16 of
1623 995 24 16 its
1655 994 86 19 Thermal
1753 995 85 21 Springs.

517 1017 17 19 \j
560 1018 25 16 As
595 1023 10 11 a
614 1017 65 17 health
687 1018 61 16 resort
755 1018 25 16 its
788 1018 110 23 popularity
907 1019 15 16 is
931 1018 74 22 rapidly
1014 1018 111 22 increasing,
1136 1018 38 17 and
1187 1018 43 17 that
1245 1018 80 21 entirely
1343 1023 24 12 on
1380 1018 24 17 its
1421 1023 44 12 own
1482 1018 71 21 merits,
1571 1025 21 10 as
1607 1018 83 17 hitherto
1706 1017 83 24 nothing
1806 1018 33 17 has

490 1041 47 17 been
547 1041 48 17 done
603 1041 21 16 in
632 1041 32 16 the
673 1046 42 16 way
723 1041 21 16 of
752 1040 123 25 advertising.

513 1064 86 17 Patients
609 1063 90 23 suffering
708 1063 47 17 from
765 1063 87 21 Chronic,
863 1065 100 17 Articular,
974 1063 36 18 and
1019 1063 98 18 Muscular
1125 1064 129 20 rheumatism,
1265 1063 57 21 Gout,
1332 1064 101 17 Rhumatic
1440 1064 58 20 Gout,
1512 1064 45 17 Skin
1567 1065 91 19 Diseases,
1676 1064 86 19 Sciatica,
1779 1064 45 17 Lum-

490 1086 56 22 bago,
567 1087 109 21 Neuralgia,
694 1087 85 17 Nervous
796 1087 126 19 Exhaustion,
941 1087 78 17 Uterine
1035 1087 99 20 Ailments,
1152 1087 38 16 and
1206 1087 57 21 tardy
1280 1087 140 18 convalescense
1437 1087 50 18 from
1503 1089 56 16 acute
1576 1087 79 18 diseases
1671 1093 44 16 may
1732 1087 40 22 rely
1788 1093 52 16 upon

490 1110 101 22 obtaining
599 1110 90 16 immense
698 1110 58 20 relief,
767 1110 38 17 and
813 1112 20 15 in
840 1111 33 16 the
882 1110 90 23 majority
981 1110 19 17 of
1009 1115 50 12 cases
1068 1116 11 11 a
1088 1110 92 23 complete
1190 1115 49 12 cure.

513 1171 54 16 THE
581 1170 111 17 PRIEST'S
702 1171 146 17 BATH.—This
857 1171 15 17 is
881 1171 88 22 strongly
977 1171 47 17 arid,
1038 1171 113 19 aluminous,
1167 1171 81 22 sulphur
1264 1171 64 20 water,
1347 1171 65 22 acting
1428 1177 20 11 as
1465 1178 12 10 a
1493 1171 93 23 powerful
1603 1171 42 17 skin
1661 1171 105 17 stimulant.
1799 1171 43 17 Hot

490 1194 39 16 and
538 1194 42 17 cold
589 1193 88 20 showers,
687 1193 37 17 and
734 1193 81 19 douches
824 1201 31 10 are
864 1194 91 22 provided
963 1194 37 17 and
1009 1194 127 22 comfortably
1144 1194 87 17 enclosed
1239 1194 87 22 dressing
1334 1199 63 12 rooms

515 1216 114 18 MADAME
650 1216 125 18 RACHEL'S
795 1218 76 16 BATH.
874 1218 68 16 —This
951 1217 105 17 celebrated
1065 1217 71 22 Spring
1143 1217 16 17 is
1168 1223 11 11 a
1195 1217 63 17 Saline
1273 1218 58 16 water
1344 1217 47 17 with
1407 1216 92 22 Silicates,
1513 1218 39 17 and
1565 1218 34 17 has
1616 1223 24 11 an
1653 1217 81 18 alkaline
1751 1218 89 17 reaction.

490 1239 40 19 The
541 1241 57 15 wilier
606 1240 16 16 is
631 1240 40 16 also
680 1245 21 12 us
706 1239 19 18 3d
734 1240 101 23 internally
845 1241 30 17 for
883 1241 24 17 its
916 1241 96 16 beneficial
1022 1241 62 15 action
1094 1246 23 11 on
1127 1241 31 16 the
1167 1240 85 21 kidneys.

515 1263 52 17 THE
589 1263 69 16 BLUE
678 1263 146 17 BATH.—This
840 1264 16 17 is
872 1264 32 17 the
921 1264 72 22 largest
1008 1263 76 17 natural
1102 1263 108 23 swimming
1226 1263 47 17 bath
1287 1263 20 17 in
1322 1263 32 17 the
1371 1263 94 18 Southern
1473 1264 132 22 Hemisphere.
1631 1264 20 17 It
1659 1264 69 17 affords
1736 1263 106 18 rheumatic

491 1286 81 17 invalids
581 1292 12 10 a
601 1291 64 12 moans
674 1286 20 16 of
702 1286 67 22 taking
777 1287 83 21 painless
868 1287 87 20 exercise,
966 1286 60 17 which
1036 1286 46 22 they
1090 1286 68 22 highly
1167 1286 114 22 appreciate.

515 1310 53 16 THE
577 1309 124 17 SULPHUR
709 1309 105 18 VAPOUR
824 1310 146 17 BATH.—This
976 1310 16 16 is
998 1316 10 10 a
1015 1309 76 17 natural
1097 1310 34 16 hot
1136 1315 79 16 vapour,
1221 1308 70 25 highly
1296 1309 83 22 charged
1384 1309 45 18 with
1437 1310 80 22 sulphur
1525 1315 61 18 gases,
1599 1310 103 17 conducted
1716 1310 41 17 into
1772 1315 11 11 a
1796 1315 34 17 pro-

492 1333 54 22 perly
555 1332 120 17 constructed
683 1332 58 20 chest,
751 1333 20 16 in
779 1333 62 17 which
847 1335 5 15 1
857 1333 23 17 he
887 1333 32 17 the
924 1333 74 22 patient
1007 1333 39 19 sits,
1056 1333 57 17 while
1121 1339 11 11 a
1139 1334 69 16 stream
1214 1333 20 16 of
1239 1332 88 23 palpable
1336 1333 80 21 sulphur
1420 1333 16 17 is
1441 1333 59 22 being
1506 1333 108 22 constantly
1619 1333 97 22 deposited
1722 1339 24 11 on
1753 1333 33 17 the
1793 1333 48 17 skin.

516 1356 53 16 THE
589 1355 60 17 NEW
671 1355 122 18 SULPHUR
814 1357 75 16 BATH.
892 1356 68 17 —This
972 1356 16 17 is
1000 1362 11 11 a
1024 1362 44 16 very
1082 1356 65 22 strong
1160 1355 59 18 acidic
1231 1357 60 16 water
1303 1356 19 17 of
1334 1355 47 23 high
1394 1357 133 21 temperature,
1541 1356 37 17 and
1596 1356 86 22 strongly
1699 1356 143 17 recommended

492 1379 19 16 in
529 1385 50 10 cases
596 1378 21 17 of
632 1378 123 19 rheumatism
764 1380 38 16 and
810 1379 57 18 allied
876 1380 86 16 diseases.
988 1379 38 17 The
1035 1379 47 17 bath
1097 1379 58 17 house
1172 1379 15 17 is
1204 1379 76 16 divided
1296 1379 41 17 into
1353 1379 68 17 Ladies
1437 1380 38 16 and
1492 1380 122 17 Gentlcmeus
1630 1380 129 22 departments
1773 1380 38 16 and
1827 1379 15 17 is

492 1401 78 23 capable
579 1402 20 16 of
607 1401 164 23 accommodating
777 1403 36 17 400
822 1402 77 18 bathers
908 1402 57 22 daily.

516 1425 54 17 THE
579 1425 163 17 ELECTRICAL
750 1425 254 17 DEPARTMENT.—This
1014 1425 120 23 department
1149 1426 16 17 is
1182 1426 71 22 replete
1270 1425 46 18 with
1330 1426 33 16 the
1379 1427 49 16 most
1442 1426 78 17 modern
1538 1427 106 22 appliances
1661 1426 29 17 for
1706 1426 89 23 carrying
1810 1427 32 15 out

493 1449 76 16 various
578 1448 58 17 forms
646 1448 20 17 of
674 1448 77 17 medical
761 1448 93 19 electrical
864 1450 103 16 treatment
974 1449 19 16 in
1003 1449 49 16 their
1063 1449 87 23 entirety.

518 1471 53 18 THE
578 1470 189 19 HYDROPATHIC
775 1472 117 17 PACKING
897 1472 54 17 AND
959 1472 119 17 MASSAGE
1084 1472 226 17 DEPARTMENT.—A
1317 1472 54 17 series
1378 1472 19 17 of
1403 1478 62 12 rooms
1472 1479 31 10 are
1513 1473 98 17 furnished
1619 1472 38 17 and
1665 1474 28 15 set
1699 1474 56 21 apart
1761 1473 30 16 for
1798 1472 44 17 each

494 1500 38 15 sex,
540 1495 20 16 in
566 1494 55 18 order
626 1496 20 15 to
656 1499 53 18 carry
715 1496 33 16 out
756 1495 37 17 this
800 1495 104 23 important
911 1495 79 22 adjunct
995 1496 20 16 to
1022 1496 108 17 treatment.
1136 1495 39 19 The
1181 1496 78 17 services
1267 1496 20 17 of
1292 1502 10 10 a
1308 1495 88 23 qualified
1403 1495 96 18 Masseuse
1505 1496 38 17 and
1548 1496 85 17 Masseur
1641 1502 31 11 are
1680 1495 115 18 obtainable.

495 1550 90 18 Resident
595 1550 95 21 Engineer
697 1550 4 21 :

565 1574 116 17 CAMILLE
694 1574 132 18 MALFROY,
837 1575 46 17 Esq.

1390 1552 91 17 Resident
1489 1552 82 17 Medical
1580 1552 169 22 Superintendent:

1466 1575 105 17 ALFRED
1585 1575 119 17 GINDERS,
1719 1575 53 17 M.D.

723 1717 625 68 fifflM&Msftftl

703 1843 58 24 Two
774 1843 71 24 miles
859 1843 75 32 from
953 1844 122 28 Rotorua,
1097 1845 134 31 adjoining
1246 1845 151 31 interesting
1406 1846 83 23 native
1501 1846 143 23 settlement.

704 1907 10 4 _
807 1908 12 3 _
844 1909 10 2 _
880 1906 28 5 _
1115 1891 31 20 4b>
1170 1886 34 25 tf?
1214 1889 36 22 .gfe
1328 1909 9 2 _
1412 1909 21 2 _

1444 1909 222 53 'TEL

1020 2009 68 23 PA
1113 2010 24 22 T
1152 2010 24 22 It
1197 2009 21 23 O
1237 2010 33 22 N
1286 2010 21 22 S
1317 2018 10 16 ;

640 2039 53 19 Earl
717 2039 27 18 of
765 2039 106 23 Kintore,
900 2041 53 18 Earl
979 2041 26 18 of
1027 2041 100 23 Onslow,
1150 2041 106 23 Marquis
1277 2042 26 18 of
1321 2041 128 24 Drogheda,
1474 2042 62 18 Lord
1557 2042 145 24 Carrington.

497 2063 89 19 rsiHTS
600 2062 94 21 HOTEL
704 2063 36 18 has
751 2064 89 22 recently
852 2065 51 18 been
913 2064 141 24 considerably
1064 2064 103 24 enlarged*
1179 2066 117 22 renovated,
1308 2066 40 17 and
1358 2066 130 19 refurnished
1499 2066 113 25 regardless
1622 2068 20 16 of
1658 2072 94 19 expanse,
1773 2066 40 19 and
1829 2067 18 18 is

503 2085 24 25 JL
565 2089 72 25 widely
648 2089 73 18 known
732 2089 32 18 for
774 2089 26 19 its
810 2090 100 19 excellent
920 2089 178 23 accommodation,
1111 2090 87 22 Cuisine,
1212 2092 33 18 &c.

873 2125 73 23 Here
959 2134 45 14 are
1016 2125 40 23 the
1070 2125 82 31 Chief
1160 2126 90 31 Sights
1262 2126 33 31 of
1302 2126 40 23 the
1354 2126 119 23 District.

628 2165 46 18 The
832 2165 81 19 Steam
922 2165 47 19 and
978 2165 48 19 Hot
1035 2165 83 19 Water
1127 2166 131 23 Petrifying
1267 2166 100 24 Geysers
1381 2166 80 25 playing
1473 2167 67 22 nearly
1559 2168 32 16 100
1608 2168 38 16 feet
1661 2167 54 23 high.

496 2187 133 24 Petrifying
638 2188 105 23 Geysers,
755 2188 129 18 Cauldrons
893 2189 27 17 of
926 2189 91 23 Eoiling
1025 2189 58 18 Mud
1092 2189 46 18 and
1148 2189 41 19 Oil.
1216 2190 76 23 Spout
1302 2189 65 23 Bath,
1378 2186 40 22 Oil'
1423 2190 66 22 Bath,
1501 2191 71 17 Alum
1581 2190 60 18 Bath
1651 2190 19 18 &
1684 2190 80 18 Jack's
1777 2191 67 18 Bath.

496 2212 83 19 Known
590 2212 33 19 for
630 2212 34 18 the
672 2212 154 20 extraordinary
835 2219 57 12 cures
899 2215 21 16 of
931 2212 147 24 Rheumatism,
1090 2212 119 26 IS'euralgia,
1219 2213 114 25 Lumbago,
1342 2214 91 22 Sciatica,
1442 2214 90 22 Kidnov,
1545 2214 61 19 Liver
1614 2214 39 19 and
1659 2214 59 19 other
1726 2215 120 24 complaints

613 2245 43 47 C.
683 2246 40 45 E.
746 2245 238 51 .NELSOJI
1097 2273 16 5 -
1202 2273 18 7 -
1309 2273 18 7 -
1447 2248 281 56 Proprietor.

909 2304 103 26 Guide
1117 2320 8 4 -
1197 2320 11 4 -
1310 2305 125 32 Sophia.

645 2447 936 61 [i];fii.i<ii;i*;i>fe^iJiTT7l

920 2521 39 24 On
983 2522 39 22 the
1047 2522 90 23 Direct
1160 2523 82 23 Route
1262 2527 23 19 to
1305 2523 118 23 Rotorua-

732 2561 46 18 For
795 2562 108 22 Scenery,
920 2561 109 19 Curative
1040 2562 132 23 Properties
1182 2563 26 17 of
1214 2563 41 17 the
1265 2563 72 18 Baths
1346 2563 46 18 and
1401 2563 208 23 accommodation,

642 2593 121 25 EXCEL
795 2593 71 26 ALL
900 2593 139 26 PLACES
1071 2594 47 25 OF
1148 2594 74 25 THE
1258 2594 86 26 KIND
1378 2595 31 25 IN
1441 2595 76 25 THE
1550 2594 160 26 COLONY.

523 2658 66 18 These
601 2657 92 26 Springs,
705 2657 65 19 which
781 2657 33 19 for
824 2657 54 19 their
897 2656 95 20 Curative
1004 2657 92 26 Propt_~

497 2684 52 19 have
569 2683 75 19 visited
663 2684 56 18 them
736 2689 76 13 second
830 2689 24 13 to
871 2689 55 13 none
943 2689 22 13 in
981 2683 52 19 New
1050 2683 105 20 Zealand.
1184 2684 42 18 The
1241 2690 110 12 numerous
1361 2685 135 19 testimonials
1506 2685 93 19 received
1609 2692 21 11 as
1643 2688 20 16 to
1673 2685 54 19 their
1736 2692 58 12 cures
1805 2686 41 18 and

497 2710 86 18 comfort
595 2709 74 19 should
689 2710 25 18 bo
731 2710 100 18 sufficient
849 2712 21 16 to
886 2709 72 19 induce
974 2709 91 19 Tourists
1082 2710 40 18 and
1135 2713 69 15 others
1221 2713 20 16 to
1252 2711 47 18 visit
1310 2710 61 19 them.
1400 2711 32 18 No
1444 2714 58 16 extra
1512 2711 75 25 charge
1598 2711 17 19 is
1625 2711 58 19 mode
1694 2712 31 18 for
1735 2712 34 18 the
1779 2718 37 13 use
1826 2713 21 18 of

497 2736 34 19 the
543 2736 62 19 baths
614 2739 21 15 to
645 2742 83 19 persons
738 2735 83 26 staying
831 2739 21 15 at
861 2735 35 19 the
906 2735 62 19 hotel.

817 2782 84 26 THE
1176 2783 284 27 SANATORIUM

523 2824 23 19 Is
556 2824 109 19 connected
675 2824 50 19 with
735 2824 34 19 the
780 2824 136 25 Telegraphic
927 2827 73 21 system
1011 2824 22 19 of
1042 2824 35 19 the
1087 2824 82 25 Colony,
1180 2826 34 17 the
1223 2824 115 26 Telegraph
1350 2825 61 18 Olfico
1421 2826 110 24 adjoining
1541 2826 34 18 the
1586 2826 69 18 Hotel.
1684 2826 36 19 All
1727 2826 119 26 Telegrams

497 2850 103 26 promptly
610 2850 79 24 replied
698 2854 26 15 to.

524 2876 97 23 Coaches,
633 2876 97 25 Buggies,
743 2876 40 19 and
794 2876 143 24 Conveyances
946 2876 21 18 of
977 2875 27 20 all
1014 2875 61 20 kinds
1093 2876 57 19 leave
1169 2876 40 20 this
1227 2876 64 19 Hotel
1307 2883 25 12 on
1351 2877 111 25 Tuesdays,
1484 2877 124 25 Thursdays,
1627 2878 39 17 and
1686 2877 120 26 Saturdays,
1825 2885 22 12 or

497 2903 56 24 daily
563 2903 16 18 if
591 2903 102 24 required.
735 2902 88 19 Persons
843 2909 24 12 en
887 2904 57 16 route
964 2902 31 18 for
1013 2901 91 20 Rotorua
1119 2909 34 12 are
1173 2903 103 18 therefore
1296 2902 85 20 enabled
1402 2907 19 16 to
1441 2904 48 18 visit
1499 2904 35 18 the
1551 2904 91 19 wonders
1651 2904 21 18 of
1686 2904 104 24 Okoroire,
1807 2905 40 18 and

497 2929 63 26 enjoy
570 2929 35 19 the
616 2925 88 23 Natural
715 2928 43 20 Hot
767 2928 25 19 Bi
800 2929 34 18 ths
844 2928 40 19 and
892 2935 11 11 a
913 2928 58 25 day's
981 2931 41 15 rest
1032 2928 93 25 previous
1136 2932 20 16 to
1168 2929 139 25 undertaking
1317 2935 12 13 a
1338 2929 87 26 journey
1436 2932 20 17 to
1467 2930 35 18 the
1514 2930 72 18 Lakes.

1059 2977 84 16 THIS
1168 2977 121 16 HOTEL

671 3005 45 19 Has
724 3005 90 24 recently
825 3005 50 19 been
887 3004 85 23 erected,
981 3004 40 18 and
1035 3005 17 17 is
1063 3005 76 24 replete
1150 3006 49 18 with
1216 3012 61 17 every
1287 3007 85 17 comfort
1383 3006 31 18 for
1423 3007 94 18 Tourists
1527 3007 39 18 and
1577 3006 97 19 Invalids.

527 3031 187 19 Note.—Tourists
723 3035 21 15 to
754 3031 103 19 Rotorua!
887 3031 30 18 Be
927 3037 45 11 sure
986 3033 21 15 to
1023 3030 48 19 take
1090 3038 51 17 your
1159 3033 85 23 raiway
1263 3032 72 18 tickets
1354 3033 31 18 for
1401 3032 116 20 Okokoire.
1555 3033 142 24 Conveyances
1712 3035 52 17 meet
1784 3033 64 19 trains

498 3058 105 22 Okoroire,
616 3058 94 22 carrying
720 3064 122 16 passengers
852 3060 20 15 to
883 3056 63 19 Hotel
957 3057 42 18 free
1014 3057 21 18 of
1045 3057 81 23 charge.
1329 3056 4 24 <

1162 3283 176 30 usssssaa

1213 3337 22 52 4
1302 3337 164 54 AND
1514 3337 207 56 CO.'S

759 3399 246 42 EXPRESS
1040 3398 136 40 LINE
1212 3399 71 41 OF
1320 3401 265 39 COACHES.

501 3453 230 57 Carrying
750 3453 96 46 Her
873 3450 254 57 .Majesty's
1162 3450 138 47 .Mails
1331 3463 52 36 as
1421 3464 84 43 per
1536 3452 312 54 Time-tables,

664 3523 276 19 TAURANGA-ROTORUA
953 3523 70 16 LINE,

661 3565 63 22 lepart
771 3563 87 22 Tuesday
867 3563 38 17 and
914 3561 93 23 Saturday

767 3655 87 23 Monday
870 3655 38 17 and
924 3654 71 23 Friday

1064 3563 10 16 8
1083 3568 44 12 a.m.

1023 3586 51 16 10.30
1083 3592 43 11 a.m.

1022 3609 27 16 10.
1051 3610 22 15 -io
1082 3615 44 11 a.m.

1063 3634 10 14 I)
1080 3637 46 17 p.m.

1063 3655 9 17 T
1082 3660 43 12 a.m.

1020 3678 5 16 ]
1030 3678 42 17 2.30
1079 3683 46 17 p.m.

1019 3701 51 17 12.45
1079 3706 46 17 p.m.

1030 3725 41 15 ;j.l<3
1080 3729 45 17 p.m.

1176 3563 85 17 Rotorua

1176 3585 97 18 Ateaiauri

1174 3633 72 21 Taupo,

1174 3655 72 23 Taupo,

1174 3678 95 18 Wairalcei

1174 3700 105 21 Ateamuri,

1174 3725 91 19 Rotorua,

1354 3523 218 17 ROTORUA-TAUPO
1589 3523 69 17 LINE,

1344 3563 39 21 part
1567 3562 37 17 and
1626 3563 95 22 Saturday

1432 3654 101 22 Thursday
1547 3654 38 17 and
1601 3654 84 22 Monday

669 3781 126 32 Special
808 3781 231 31 Conveyances
1052 3780 158 32 arranged
1223 3780 49 25 for
1286 3780 33 25 at
1331 3779 54 25 the
1399 3779 148 26 Shortest
1559 3778 121 25 Notice.

827 3816 200 28 STABLES:
1046 3817 169 25 Tutanekai
1246 3817 110 30 Street,
1380 3816 144 25 Rotorua.

665 3860 113 32 Buggies,
797 3859 119 31 ©caches
933 3858 51 24 ar->d
1002 3857 96 28 Saddle
1117 3857 93 34 Pjjor§es
1226 3866 31 24 or?
1275 3857 51 32 tyre
1344 3866 30 14 Gr-i
1392 3857 46 24 tf-ie
1457 3857 120 31 Shortest
1595 3855 94 33 I^otice.

987 3900 130 16 TERMS
1145 3899 218 18 JUVODERKT6.

852 3930 145 31 Telegrams
1009 3928 54 24 and
1072 3929 99 24 Letters
1180 3928 150 32 punctually
1344 3928 118 23 attended
1470 3931 30 20 to.

501 4000 77 26 NB.
615 3998 114 26 Please
741 3997 76 25 note
830 3996 133 26 address

621 4040 60 64 e.
732 4034 462 69 ROBeRTSON
1242 4034 49 65 &
1326 4034 127 67 CO.,
1493 4041 233 47 Rotorua.

832 4117 308 46 contractors
1162 4109 79 47 for
1255 4109 182 51 .Messrs
1458 4108 54 52 T„
1527 4107 126 47 Cook
1674 4107 47 47 &
1743 4107 103 48 Son.

2062 742 59 26 Hot
2149 743 96 26 Lakes
2265 744 33 25 of
2314 744 71 25 New
2403 745 144 26 Zealand.

2523 823 188 55 RWCT

2002 892 27 18 IS
2043 893 21 17 A
2077 893 193 19 FIRST-CLASS
2283 893 207 20 TEMPERANCE
2502 895 107 21 HOTEL.

2206 932 197 24 STREET,
2424 933 238 24 RGTORUR.

1863 995 84 18 THIS
1959 994 59 18 NEW
2031 996 53 17 AND
2098 996 190 17 COMFORTABLE
2302 996 217 18 ESTABLISHMENT
2527 997 15 17 Is
2552 998 80 17 situated
2641 999 19 16 in
2669 999 33 16 the
2710 1003 41 13 new

1870 1015 21 22 X
1924 1018 96 22 township
2028 1019 20 17 of
2056 1018 90 23 Rotorua,
2157 1019 49 17 close
2215 1020 20 16 to
2244 1019 33 17 the
2285 1018 127 19 Government
2427 1019 121 19 Sanatorium
2561 1020 37 19 and
2611 1022 65 20 Baths,
2690 1021 61 18 which

2185 1041 90 24 comprise
2284 1042 31 18 the
2324 1043 105 17 celebrated

1863 1069 92 19 Priest's
1964 1070 66 22 Bath,
2042 1070 108 18 Madame
2159 1070 87 18 Rachel
2255 1070 78 22 Baths,
2343 1070 141 20 Chameleon
2493 1072 96 18 Douche
2598 1072 64 23 Bath,
2679 1072 73 24 Large

1933 1093 56 18 Blue
1999 1093 137 24 Swimming
2145 1093 66 22 Bath,
2229 1093 101 23 Sulphur
2343 1093 95 24 Vapour
2447 1095 61 18 Bath
2517 1095 46 18 and
2572 1095 111 19 Galvanic

2220 1116 97 23 Battery
2326 1117 66 22 Bath,

1863 1140 69 17 OVER
1945 1140 91 17 WHICH
2052 1140 86 17 LARGE
2156 1140 118 17 BATHING
2291 1140 139 17 PAVILIONS
2451 1141 73 17 HAVE
2545 1142 70 17 BEEN
2634 1142 118 17 ERECTED

1968 1163 45 17 with
2023 1168 101 13 numerous
2132 1163 92 21 Dressing
2240 1163 74 19 Rooms,
2325 1164 34 17 etc.
2385 1164 77 17 Besides
2470 1164 53 18 these
2531 1164 53 19 (here
2592 1165 16 17 is
2617 1165 31 17 the

1864 1185 133 19 Pain-killer
2009 1185 66 23 Bath,
2091 1185 134 24 Coffee-pot,
2240 1186 131 18 Cameron's
2385 1187 47 17 and
2447 1186 128 20 Hinemaru
2589 1188 72 18 Baths
2675 1188 23 18 in
2712 1189 40 17 the

2168 1209 149 18 Sanatorium
2335 1210 113 19 Grounds.

1865 1253 112 19 Bathgate
1996 1253 73 19 House
2086 1253 37 19 hns
2139 1253 53 19 Wen
2211 1253 79 26 greatly
2307 1254 97 24 enlarged
2420 1255 31 18 for
2468 1255 93 19 Tourists
2577 1262 22 12 as
2618 1255 46 19 well
2681 1262 22 13 as
2722 1256 31 19 for

2102 1279 71 26 people
2187 1279 73 25 taking
2270 1286 11 12 a
2291 1286 68 13 course
2370 1281 21 17 of
2401 1281 34 18 the
2446 1281 71 18 Baths.

2119 1314 133 19 TERMS
2272 1315 231 20 MODERATE.

2041 1359 53 35 S.
2142 1360 54 34 T.
2221 1347 72 47 ~B
2319 1348 111 48 R~e
2455 1363 45 33 N
2524 1363 53 38 T,

2189 1405 242 18 PROPRIETOR.

1865 1429 126 19 N.B.—Most
2000 1432 20 16 of
2028 1432 54 18 those
2090 1433 43 17 who
2142 1434 45 17 visit
2195 1435 74 17 Brent's
2278 1436 24 17 do
2311 1443 20 10 so
2340 1437 84 24 through
2434 1439 31 16 the
2481 1439 45 17 kind
2540 1441 180 18 recommendations
2737 1443 16 16 oi

2206 1459 87 20 previous
2302 1462 108 16 customers.
2424 1459 1 20 .

1968 1642 166 37 QUEEN
2162 1645 203 35 STREET,
2384 1646 274 33 AUCKLAND,

2095 1693 109 19 UNDER
2217 1694 75 18 NEW
2304 1694 226 20 MANAGEMENT.

2085 1725 221 61 cJOSEPJ?
2330 1726 211 64 jTeRJfE,

1995 1802 60 19 <Tate
2066 1803 21 18 of
2096 1803 35 19 the
2141 1804 57 19 Lake
2209 1804 70 19 House
2296 1804 37 19 and
2349 1804 74 21 Palace
2435 1806 78 21 Hotels,
2525 1806 108 26 Rotorun,)

2115 1835 50 18 Has
2171 1835 51 23 just
2231 1835 72 18 taken
2315 1841 54 13 over
2379 1836 47 18 this
2436 1837 76 19 Hotel.

1869 1856 128 18 Travellers
2005 1856 47 19 will
2061 1857 47 18 find
2118 1863 71 18 every
2198 1858 96 19 Modern
2304 1859 161 19 Convenience
2475 1860 122 19 combined
2602 1860 58 20 with
2666 1861 92 24 Civility

2174 1882 45 18 and
2226 1882 96 22 Prompt
2330 1883 124 19 attention.

1895 1924 42 18 The
1949 1924 97 19 situation
2057 1926 21 18 of
2093 1926 35 19 the
2144 1926 125 19 Wavkhi.ky
2288 1927 81 20 renders
2390 1928 15 18 if.
2425 1927 97 26 specially
2540 1929 119 19 convenient
2677 1929 31 19 for
2724 1930 34 18 the

1869 1950 118 25 Travelling
1997 1950 72 20 Public
2080 1952 40 19 and
2139 1952 87 20 Visitors
2243 1956 20 15 to
2280 1953 35 19 the
2332 1953 46 25 City
2393 1954 54 19 from
2463 1954 34 19 the
2620 1955 27 25 by
2667 1956 53 18 train
2737 1962 21 12 or

1869 1979 92 16 steamer.

1870 2002 102 30 Special
1982 2002 207 30 Arrangements
2200 2006 74 22 made
2285 2005 38 23 for
2337 2005 44 23 the
2398 2006 177 24 convenience
2588 2007 28 23 of
2628 2007 130 24 Families.

2062 2042 201 18 NIGHT
2308 2045 263 16 PORTER.

1871 2082 175 26 First-class
2062 2084 117 26 Billiard
2198 2085 117 25 Rooms.
2352 2086 101 26 Wines
2466 2088 61 25 and
2543 2088 109 28 Spirits
2666 2089 32 25 of
2704 2089 54 25 the

1949 2116 69 25 best
2034 2117 125 26 Brands.
2205 2118 170 27 Hancock's
2398 2120 82 25 Prize
2495 2121 103 25 XXXX
2613 2121 67 26 Ales

2142 2151 113 32 always
2274 2159 37 18 on
2339 2152 141 32 draught.

2773 722 216 46 IMPERIAL
3046 729 126 44 MOTL

2815 778 123 24 PORT
2961 782 195 26 STREET.

2907 810 159 22 AUCKLAND.

2799 867 96 25 Splendid
2911 873 166 20 accommodation
3090 875 30 19 for
3132 876 48 19 Tour-

2773 893 37 19 ists
2819 894 40 18 and
2868 895 116 22 Travellers.

2791 928 181 32 High-class
2991 932 109 27 Wines
3121 936 61 25 and

2885 962 113 32 Spirits
3011 965 82 33 kept.

2820 1032 40 26 W.
2894 1034 29 25 H.
2954 1035 202 34 PEARCE,

2900 1071 176 32 Proprietor.

2855 1119 16 17 L
2897 1120 17 16 E
2940 1121 17 16 N
2989 1123 16 16 A.
3034 1122 16 17 L
3081 1124 18 16 V
3130 1125 14 17 O
3177 1126 22 19 X,

2879 1162 110 17 SYMOXDS
3004 1165 95 21 .STREET,

2778 1190 93 21 (Formerly
2879 1191 28 15 Sir
2917 1191 49 18 Fred.
2980 1192 104 19 Whituker's
3096 1196 105 19 Residence,)

2919 1221 94 20 Telephone
3027 1225 37 14 01,.

2799 1249 16 15 A
2824 1249 39 16 Few
2871 1249 62 16 Ladies
2940 1251 34 16 and
2983 1251 99 18 Gentlemen
3095 1258 31 12 can
3140 1255 20 15 bo
3174 1260 18 10 ac-

2778 1269 115 18 commodated
2899 1272 39 15 with
2942 1274 75 18 superior
3022 1274 54 15 Board
3083 1274 14 17 &
3104 1274 97 18 Residence.

2799 1300 37 15 The
2844 1300 51 16 house
2904 1301 13 15 is
2925 1302 74 16 situated
3006 1303 16 14 in
3082 1305 81 18 grounds,
3170 1305 32 16 and

2779 1321 96 15 commands
2883 1322 108 21 magnificent
3001 1324 51 16 views
3059 1325 18 15 of
3086 1325 29 17 the
3123 1325 78 17 harbour.

2800 1351 64 15 Tennis
2871 1350 61 18 Lawn.

2801 1380 35 16 Ten
2845 1381 80 16 minutes'
2935 1382 43 15 walk
2987 1382 44 16 from
3040 1383 28 16 the
3076 1383 41 16 Post
3125 1384 57 17 Office.

2801 1409 41 16 Car*
2852 1411 32 14 and
2893 1410 61 18 Bosses
2963 1417 38 15 pass
3010 1413 29 15 the
3045 1415 80 14 entrance
3135 1418 44 15 gate.

2781 1453 149 23 JELEPHPJIE
2937 1455 35 17 290.
3064 1457 141 21 J3JJ_L[ARPS.

2799 1482 225 29 CLARENDON
3060 1487 130 31 HOTEL,

2810 1523 80 17 Junction
2900 1525 56 18 Queen
2965 1527 33 15 and
3014 1527 93 17 Wakefield
3116 1529 60 16 Street.

2886 1554 138 32 /Tucklar->d.
3043 1557 61 29 I?.Z\

2782 1611 145 23 First-class
2944 1615 199 24 accommodation
3161 1617 48 30 for

2930 1645 146 25 Travellers.

2864 1684 48 19 Hot
2920 1686 45 18 and
2980 1686 56 19 Cold
3048 1688 79 19 Baths.

2804 1716 41 15 Best
2853 1716 58 16 Wines
2919 1717 33 16 and
2960 1718 61 20 Spirits
3033 1719 64 21 always
3105 1720 16 16 in
3131 1721 55 17 fttoe'e.

2876 1745 36 17 Hot
2921 1746 58 16 Lunch
2989 1749 19 14 12
3020 1750 18 13 to
3046 1749 8 14 2
3063 1749 53 21 daily.

2782 1774 38 20 W.
2839 1775 109 22 LYNCH,
2985 1787 8 3 -
3029 1787 9 4 -
3073 1778 136 24 Proprietor.

2889 1808 51 17 PKAD
2953 1808 61 20 JVIILLE
3026 1810 13 19 f
3042 1815 76 10 AILTME.

2783 1853 48 26 W.
2845 1853 36 24 H.
2902 1852 28 25 &
2948 1853 37 25 H.
3013 1854 31 25 C.
3074 1855 135 32 Wright,

2857 1902 129 19 SUEGEON
2999 1902 137 20 DENTISTS.

2827 1972 122 25 (Successors
2959 1974 20 16 to
2990 1973 24 18 A.
3026 1973 22 18 L.
3065 1973 101 26 Wright.)

2809 2006 73 22 Notify
2890 2006 45 18 that
2944 2006 47 24 they
3001 2013 34 12 are
3044 2007 119 26 continuing
3175 2008 34 19 the

2784 2032 96 19 Business
2890 2034 20 16 at
2918 2032 34 19 the
2962 2032 99 20 Premises
3071 2036 34 22 top
3112 2034 20 18 of
3140 2033 59 21 Short-

2784 2058 125 19 land-street.
2937 2058 41 19 The
2989 2058 111 25 high-class
3117 2060 55 19 work
3189 2061 21 18 of

2784 2084 33 18 the
2827 2084 41 19 late
2879 2084 31 18 Mr
2919 2083 24 18 A.
2954 2084 22 19 L.
2988 2084 84 26 Wright
3083 2085 40 20 will
3133 2086 24 19 be
3175 2086 24 19 ad-

2784 2110 60 18 hered
2855 2112 25 20 to,
2892 2110 39 18 aud
2941 2117 40 17 any
2996 2110 37 19 left
3051 2112 114 19 unfinished
3183 2112 27 24 by

2784 2138 43 17 that
2837 2136 115 24 gentleman
2964 2136 39 19 will
3013 2136 25 19 bo
3054 2138 111 24 completed
3182 2138 28 24 by

2876 2162 33 18 tho
2916 2168 43 13 new
2968 2166 147 21 management.

2784 2196 112 24 Telephone
2907 2197 42 18 657.

2817 2250 23 24 J.
2862 2250 30 25 H.
2914 2250 261 32 BUCHANAN,

2856 2300 94 26 Stone
2964 2300 171 26 Merchant.

2874 2346 175 18 ESTABLISHED
3068 2348 48 18 1892.

2807 2395 115 23 Statuary,
2950 2395 160 20 Monumental
3142 2397 45 19 and

2899 2418 95 20 General
3004 2420 88 19 Mason.

2783 2454 106 18 MARBLE
2898 2454 16 18 &
2918 2454 149 19 FREESTONE
3077 2456 133 18 CHIMNEY.

2807 2477 95 21 PIECES,
2919 2478 125 22 MANTELS,
3059 2479 84 19 VASES,
3155 2480 30 18 &c.

2812 2512 135 25 VICTORIA
2965 2512 118 26 STREET
3100 2514 81 28 EAST,

2787 2550 422 38 KUCKLKND,

2810 2612 87 26 Designs
2916 2613 39 19 and
2972 2613 67 19 Prices
3057 2614 113 20 forwarded
3188 2616 22 18 to

2784 2646 39 17 any
2833 2642 44 21 part
2888 2639 20 19 of
2917 2639 33 19 tho
2961 2639 97 20 Province
3068 2646 22 13 or
3098 2641 75 24 Colony
3183 2647 27 12 on

2785 2665 127 26 application.

2834 2722 159 45 Steele
3016 2722 138 46 Bros.

2797 2820 187 43 MARAEROA
3027 2822 172 41 SAWMILL,

2785 2884 132 43 DESIRE
2926 2885 24 17 to
2959 2884 73 18 thank
3041 2884 40 18 the
3090 2884 77 23 public
3176 2886 34 17 for

2853 2908 52 22 past
2920 2907 76 18 favors
3011 2907 45 18 and
3072 2908 44 23 beg
3133 2909 26 17 to
3173 2914 25 12 an-

2785 2936 90 13 nounce
2884 2930 51 19 that
2943 2930 86 23 having
3037 2936 14 12 a
3065 2930 62 25 large
3143 2931 67 18 stock

2785 2954 26 18 of
2821 2953 170 19 well-seasoned
3000 2954 121 18 first-class
3129 2954 81 18 timber

2785 2983 31 12 on
2825 2977 60 18 hand
2894 2977 55 22 they
2957 2982 38 12 are
3004 2977 112 22 prepared
3123 2978 24 18 to
3154 2977 56 19 fulfil

2786 3001 77 16 orders
2872 3002 24 15 at
2905 3000 98 17 reduced
3013 3001 68 16 rates.

1870 2275 80 18 Under
1957 2275 40 18 the
2003 2276 172 23 distinguished
2181 2278 128 23 patronage
2317 2278 26 18 of
2346 2278 43 18 His
2396 2279 139 24 Excellency
2544 2280 61 18 Lord
2613 2281 145 24 Carrington,

1893 2307 120 18 Governor
2022 2308 26 18 of
2054 2308 101 23 N.S.W.,
2166 2309 46 18 and
2221 2309 61 18 Lord
2299 2309 95 19 Onslow
2403 2310 120 19 Governor
2531 2312 27 17 of
2564 2312 57 18 New
2630 2312 104 20 Zealand.

2671 2465 8 29 8
2696 2472 19 18 ®

2031 2583 577 37 T7SURMNGA,

1871 2665 9 14 r
1884 2664 72 23 PHE
1997 2665 85 23 STAR
2114 2665 17 19 is
2143 2665 129 26 pronounced
2283 2665 26 26 by
2325 2667 25 17 its
2363 2666 87 20 Patrons
2468 2669 20 17 to
2502 2667 26 19 bo
2543 2667 34 20 the
2595 2667 44 19 best
2653 2668 52 18 built
2720 2668 39 19 and

1876 2689 17 18 J
1938 2691 43 19 best
1991 2691 107 19 furnished
2111 2691 62 19 Hotel
2183 2691 20 19 in
2215 2692 34 18 tbe
2259 2692 66 18 North
2337 2692 76 20 Island.

1903 2722 136 26 Private
2053 2722 107 27 Suites
2170 2724 20 18 of
2201 2723 131 26 Apartments
2342 2724 32 19 for
2387 2724 99 19 Families.

2187 2756 102 30 Sample
2303 2757 95 24 Sooms
2420 2759 31 19 for
2466 2758 132 20 Comniercial
2608 2759 125 19 Gentlemen.

1871 2789 87 20 Coaches
1968 2790 56 18 leave
2034 2790 35 19 the
2079 2790 63 19 Hotel
2151 2791 32 18 for
2199 2792 34 17 the
2246 2792 67 18 Lakes
2331 2799 26 12 on
2373 2793 76 18 arrival
2465 2794 21 17 of
2503 2793 25 18 all
2547 2795 103 17 steamers.
2679 2794 80 25 Special

1978 2816 92 26 Buggies
2086 2817 40 19 and
2138 2817 75 19 Saddle
2223 2816 78 21 Horses
2311 2825 36 12 can
2364 2818 25 19 be
2406 2819 98 19 obtained
2521 2819 31 19 for
2563 2819 26 19 all
2601 2824 56 20 parts

2227 2844 21 18 of
2259 2844 34 18 the
2309 2844 96 25 Country.

1871 2876 186 26 First-class
2070 2877 127 32 Sailing
2210 2878 62 25 and
2285 2878 137 32 Rowing
2436 2879 98 26 Boats
2547 2879 48 26 for
2607 2880 152 26 Pleasure

2135 2911 62 25 and
2215 2911 135 32 Fishing
2363 2912 135 26 Parties.

1871 2951 63 25 The
1967 2951 164 26 Saltwater
2162 2952 127 32 Bathing
2324 2953 127 26 Pavilion
2489 2954 22 25 is
2547 2954 99 25 within
2671 2955 88 25 three

2074 2985 139 25 minutes'
2236 2985 75 26 walk
2332 2987 33 24 of
2380 2987 55 24 the

2090 3026 120 25 Telegrams
2229 3027 79 18 receive
2335 3030 81 22 prompt
2436 3029 106 18 attention.

2181 3128 282 27 PROPRIETOR.

1964 3246 230 48 ROBERT
2227 3248 256 48 FURMESS
2516 3249 47 46 &
2594 3250 82 50 Co.,

1909 3348 380 28 MANUFACTURERS
2326 3350 113 26 AND
2479 3350 252 33 IMPORTERS,

2066 3442 183 35 fort
2283 3443 292 34 sTßeer.

2010 3564 160 23 KOTORUA.

1895 3797 48 21 (One
1950 3797 89 17 minute's
2047 3797 49 17 walk
2105 3797 50 17 from
2162 3797 33 18 the
2200 3797 74 18 Govern

1992 3923 189 21 Teß7vrS:

1898 3964 45 23 35s
1951 3971 46 23 per
2124 3966 30 22 6s
2169 3972 45 22 per
2223 3966 50 29 day

1899 4002 61 23 Two
1973 4003 90 22 weeks
2072 4010 27 16 or
2110 4003 99 29 longer,
2226 4004 47 23 30s

1908 4085 26 30 C.
1969 4085 134 31 HAWKER
2133 4085 140 37 WILSON,

2000 4138 186 20 PEOriUETOK.

2361 3566 112 22 Visitors
2485 3566 26 22 to
2525 3566 45 22 tlic
2585 3565 53 24 Hot
2646 3566 91 23 Lakes.

2377 3672 287 37 S/riRUpJBSmi

2333 3732 92 20 Situst'd
2450 3733 20 18 in
2496 3733 34 18 the
2554 3732 48 19 New
2626 3733 136 20 Grovernment

2332 3759 107 23 Township
2456 3759 18 19 in
2493 3765 52 13 Ci-isp
2564 3759 105 25 proximity
2689 3764 21 14 to
2730 3759 32 19 the

2332 3785 72 22 Baths,
2421 3785 135 22 Panat.oiaru,
2575 3785 49 18 Fost
2646 3785 60 20 Office
2724 3786 38 19 a:,d

2332 3811 92 25 ltaLwuy
2432 3812 87 18 Station.

2358 3863 42 18 The
2410 3862 62 20 Hotel
2485 3863 15 18 is
2516 3862 127 25 luxuriously
2657 3862 105 21 furnished

2331 3889 40 18 and
2382 3890 78 20 replete
2471 3889 46 18 with
2525 3895 57 18 every
2592 3889 133 18 convenience
2733 3890 29 17 for

2332 3915 86 18 tourists
2429 3915 38 18 and
2478 3914 74 20 others.
2582 3914 19 18 It
2622 3915 116 20 commands
2754 3921 8 12 a

2332 3941 93 24 splendid
2436 3942 48 17 view
2494 3942 22 16 of
2526 3940 35 19 the
2568 3940 56 19 Lake
2633 3941 38 18 and
2680 3941 17 18 is
2706 3941 45 19 with-

2331 3967 21 19 in
2363 3973 46 18 easy
2420 3973 67 13 access
2499 3966 22 19 of
2537 3966 34 19 the
2587 3967 77 24 Geyser
2679 3967 83 26 Springs

2333 3993 21 19 of
2365 3993 186 20 Wbakarewarewa
2561 3992 39 19 and
2610 3993 27 18 all
2649 3993 33 20 the
2700 3993 62 25 sights

2333 4019 21 19 of
2365 4019 34 19 the
2409 4019 85 19 district.

2345 4045 35 19 All
2389 4046 106 24 telegrams
2507 4043 103 26 promptly
2619 4045 96 20 attended
2725 4048 26 17 to.

2400 4113 86 31 JOHN
2514 4112 182 38 .JOHNSTON,

2467 4158 169 18 PEOPEIETOE.

3029 3067 117 19 aiiuikox,
3160 3067 45 18 b.a.

2822 3130 141 17 BARKISTEK
2975 3130 54 17 AND
3038 3130 139 19 SOLICITOR,

2801 3170 37 21 US,
2859 3170 97 17 Victoria
2975 3170 89 21 Arcade,
3085 3170 117 17 Auckland.

2788 3250 91 17 Barrister
2891 3248 37 18 and
2942 3249 86 18 Solicitor
3042 3249 20 18 of
3078 3250 32 16 the
3127 3250 87 22 Supreme

2880 3273 62 19 Court,
2951 3271 82 22 Ontario,
3041 3273 81 17 Canada.

2789 3504 71 17 Losses
2869 3503 51 17 Paid
3097 3502 82 23 £20,000,

2787 3535 51 17 Fire
2851 3534 97 20 Premium;
2965 3534 94 18 Exceeds
3111 3534 68 22 £1,500,

2787 3567 150 16 Accumulated
2939 3565 70 18 Funds
3015 3565 82 18 Exceed
3106 3565 73 22 £I,OOO,

2857 3605 37 18 W.
2918 3605 92 17 WARD
3029 3605 110 22 BAKER,

2820 3644 96 18 District
2925 3644 115 23 Manager,
3050 3644 129 18 Anokln.nd.

2873 3684 37 18 W.
2923 3684 28 18 A.
2965 3683 165 24 WILLIAMS,

2846 3723 69 18 Local
2934 3724 84 22 Agent,
3046 3724 108 18 Rotorua.

2841 3801 106 41 DAVID
2978 3800 180 46 SHERRIFF,

2873 3875 110 20 FAMILY
2999 3875 135 23 BUTCHER,

2840 3926 80 18 AIiAWA
2942 3926 91 21 iSxiIEET,
3055 3924 103 19 BOTORUA.

2813 3974 21 19 Is
2853 3980 45 13 now
2916 3973 94 25 carrying
3027 3979 25 12 on
3070 3972 34 18 the
3119 3971 92 20 business

2787 4008 62 25 lately
2870 4007 109 19 conducted
2998 4007 27 24 by
3041 4006 73 18 Messrs
3132 4005 79 20 Jecklin

2787 4042 41 19 and
2838 4042 73 22 Cotter,
2923 4041 40 18 and
2973 4041 16 18 is
3000 4039 97 26 prepared
3107 4041 19 16 to
3139 4039 72 26 supply

2787 4075 35 19 the
2832 4075 68 26 public
2909 4075 47 21 with
2968 4075 62 24 prime
3038 4073 76 25 quality
3125 4073 21 19 of
3159 4076 53 17 meat

2788 4110 40 19 and
2836 4110 58 19 small
2904 4109 62 25 goods

2859 4153 36 18 AT
2908 4151 116 20 LOWEST
3038 4150 104 20 PEICES.
