3218 4272
1056 357 124 17 VISITORS'
1194 357 52 17 LIST.

1068 404 83 17 Geyser
1167 404 77 16 Hotel.

962 435 106 18 Mesdames
1096 434 88 23 Findlay,
1208 433 147 22 Johannesburg
1368 433 4 24 ;

940 458 87 23 Hartley,
1034 458 94 18 Dnnediu.
1141 458 67 17 Misses
1218 456 154 21 Brimblecombe,

940 482 100 19 Brisbane;
1056 480 245 23 Findlay,Johannesburg.
1327 479 45 17 Rev.

940 504 108 21 Gottwaltz,
1058 503 87 23 Sydney;
1161 504 65 18 Canon
1234 502 74 24 Godby,
1324 502 36 17 Mel-

940 528 71 17 bourne
1018 526 3 22 ;
1036 528 70 17 Messrs
1115 527 91 17 Ailhusen
1220 526 33 22 (2),
1267 526 92 16 Tarauaki
1368 526 4 22 ;

940 551 93 17 Goulston
1056 550 33 24 (2),
1108 548 87 26 Sydney;
1218 548 154 20 Brimblecombe,

940 573 95 21 Brisbane;
1046 573 88 22 Findlay,
1140 571 158 24 Johannesburg;
1308 571 64 20 Joircs,

941 597 81 21 Deacon,
1031 596 102 24 England;
1153 595 79 22 Hartley
1251 596 38 15 and
1301 594 71 17 Master

940 620 87 22 Hartley,
1037 619 87 19 Dunedin
1132 616 4 26 ;
1150 618 100 22 Morrisby,
1261 616 111 26 Transvaal;

941 643 108 22 Pettigrew,
1060 643 95 22 Glasgow.

1006 687 89 17 Brent's
1108 687 102 17 Bathgate
1223 687 77 17 House.

963 721 105 18 Mesdames
1075 721 62 18 Krull,
1146 718 112 27 Wanganui;
1266 717 106 21 Merchant,

941 744 45 18 New
1008 743 102 25 Plymouth
1121 740 4 28 ;
1148 741 77 21 Martin,
1253 740 118 23 Wairarapa;

941 767 100 20 MiHward,
1056 765 127 24 Wellington;
1203 764 77 21 Barker,
1294 764 68 17 Canter-

941 791 53 17 bury.
1024 790 46 17 Miss
1084 789 97 19 Cameron,
1200 787 113 23 Wanganui.
1346 787 28 17 Dr

941 814 21 16 B.
972 809 20 21 t.
1005 813 80 18 HurscU,
1102 811 86 21 Ireland;
1209 811 70 16 Messrs
1296 811 77 17 Martin,

941 836 119 22 Wairarapa;
1075 834 104 21 Millward,
1185 834 22 17 P.
1222 833 81 20 Telford,
1317 834 56 21 Gray,

941 859 121 22 ■Wellington;
1077 858 76 19 Barker,
1165 856 123 23 Canterbury;
1297 857 76 19 Cowan,

941 881 101 23 Copoland,
1053 881 106 20 Bellhouse,
1174 879 98 18 Auckland
1279 879 3 25 ;
1304 879 56 24 Camp-

941 905 42 20 bell,
998 904 82 18 Hawkes
1104 905 51 21 Bay;
1178 903 75 21 Luskie,
1272 902 103 25 Englana;

941 928 66 20 Beath,
1029 927 121 20 Melbourne-;
1172 926 45 18 Rev.
1234 926 52 17 Jolm
1306 926 67 19 Smith,

941 950 104 18 Auckland.
1072 951 66 17 Misses
1146 949 49 22 Fall,
1203 949 95 23 England;
1307 949 66 20 Beath,

941 973 115 19 Melbourne.

1072 1019 43 17 The
1129 1019 113 17 Langham.

964 1050 105 19 Mesdamcs
1094 1050 79 21 Joshua,
1193 1050 76 22 Taupo;
1296 1049 77 22 Corlett,

941 1074 103 21 Tokaanu;
1058 1074 75 21 Parata,
1143 1074 107 22 Tauranga.
1275 1072 47 18 Miss
1327 1072 38 18 Bat

943 1100 35 19 Icy,
988 1096 82 18 Polvi'iio.
1095 1096 64 23 Judge
1168 1096 76 18 Wilson.
1263 1095 110 24 Auckland;

941 1121 69 16 Messrs
1027 1120 75 22 Parata,
1128 1121 110 21 Tauranga;
1266 1119 107 18 Tan.whiti.

942 1143 80 23 Huntly;
1037 1143 71 23 Sleigh,
1119 1143 97 19 Scotland;
1231 1142 85 18 Skinner.
1326 1142 36 22 Syd-

941 1173 36 16 ney
984 1164 3 25 ;
1013 1166 107 18 Richmond
1277 1164 96 22 Lichfield,

942 1189 92 19 Lisiaore.

1078 1236 87 17 Mokoia
1176 1235 66 17 View.

965 1268 68 17 Messrs
1055 1267 115 20 McDonald,
1193 1267 47 17 New
1261 1266 112 24 Plymouth;

941 1291 60 22 Lyod,
1027 1292 48 19 Tiiit,
1103 1290 110 23 Auckland;
1240 1290 67 20 Smith,
1329 1290 46 17 New

941 1314 56 21 Lynn
1005 1314 3 21 ,
1024 1314 115 21 Soinerville,
1149 1314 76 21 Napier.

941 1371 56 19 THE
1016 1371 56 19 HOT
1091 1371 94 19 LAKES
1204 1371 169 19 CHRONICLE

1127 1415 35 12 A
1172 1414 12 13 ND

1043 1444 107 19 Tourists'
1169 1444 99 23 Journal.

988 1503 171 20 WEDNESDAY,
1172 1503 67 18 JULY
1251 1505 13 16 1,
1277 1503 50 18 1896.

969 1564 72 18 KING
1052 1564 95 18 LOGOS
1159 1563 73 19 KING
1239 1563 109 19 STORK?

940 1616 45 20 The
1004 1617 71 25 Frogs,
1092 1617 64 25 iEsop
1174 1616 45 20 tells
1234 1624 29 14 us,
1282 1617 50 19 tired
1354 1618 20 18 of

940 1643 34 18 tin;
1123 1643 104 25 inactivity
1277 1643 21 18 of
1316 1643 58 25 Xing

940 1668 44 24 Log
995 1668 100 26 besought
1114 1668 81 26 Jupiter
1213 1672 19 17 to
1252 1670 48 18 send
1319 1676 54 12 some

940 1695 57 19 other
1008 1695 78 25 variety
1097 1696 20 18 of
1126 1695 101 19 monarch.
1248 1695 58 25 King
1313 1695 59 20 Stork

941 1720 175 26 wnsaccordingly
1125 1722 123 18 vouchsafed
1258 1725 48 15 unto
1317 1722 55 19 them

940 1747 39 18 and
998 1747 101 25 promptly
1117 1750 29 17 set
1164 1750 19 16 to
1201 1748 53 17 work
1274 1753 51 19 upon
1343 1748 30 18 his

941 1772 88 26 subjects
1049 1774 39 17 and
1111 1773 88 25 gobbled
1220 1774 53 19 them
1293 1774 26 19 all
1340 1781 32 18 up.

940 1799 42 18 The
993 1799 62 19 morn]
1067 1802 20 16 to
1098 1799 24 20 be
1140 1799 68 19 drawn
1228 1801 51 17 from
1297 1800 41 18 this
1357 1801 16 18 is

941 1825 43 18 tiiiit
995 1826 56 17 when
1063 1825 69 25 things
1143 1831 33 13 are
1189 1825 42 20 well
1247 1826 13 17 it
1273 1826 15 17 is
1300 1825 42 20 best
1354 1830 19 15 to

941 1850 55 20 leave
1006 1852 55 18 them
1072 1850 90 27 severely
1173 1851 63 20 alone.
1262 1854 26 17 An
1299 1859 10 11 a
1320 1858 39 13 com-

941 1877 77 24 munity
1037 1883 28 13 we
1085 1877 51 20 have
1154 1877 74 20 drifted
1248 1877 61 26 along
1326 1885 47 18 very

941 1903 86 25 placidly
1038 1903 22 19 iu
1074 1903 90 20 Kotorun
1182 1903 46 20 with
1247 1904 85 25 nothing
1352 1905 20 18 iu

940 1929 34 18 tiio
984 1930 22 18 sh
1021 1936 24 19 po
1064 1929 20 19 of
1094 1933 53 16 rates
1163 1932 19 16 to
1201 1929 68 21 harass
1285 1937 22 11 us
1325 1930 48 20 with

942 1955 32 19 the
986 1955 104 25 exception
1110 1955 20 19 of
1147 1955 44 20 that
1208 1956 31 19 for
1258 1958 67 20 water,
1340 1957 33 19 the

942 1988 12 17 p
968 1986 69 19 yment
1047 1983 21 17 of
1079 1982 63 18 which
1159 1988 63 12 seems
1239 1988 19 12 to
1275 1982 23 19 be
1319 1989 54 12 more

942 2007 87 19 honored
1040 2007 20 19 in
1071 2007 34 19 the
1117 2007 72 20 breuch
1200 2007 49 20 than
1260 2009 19 18 in
1291 2008 33 19 the
1335 2008 24 19 ob-

941 2040 100 12 servance.
1076 2034 65 18 There
1158 2040 34 12 are
1209 2041 49 15 now,
1274 2034 98 25 however,

941 2059 119 19 indications
1079 2060 45 18 that
1143 2060 35 18 the
1204 2061 92 24 peaceful
1323 2061 49 18 ciilm

941 2085 89 19 hitherto
1041 2085 86 25 enjoyed
1137 2085 18 19 is
1170 2086 62 18 about
1251 2090 20 14 to
1290 2086 23 19 be
1333 2087 30 18 dis-

940 2111 80 18 turbed.
1048 2111 43 18 The
1102 2111 58 19 other
1168 2112 59 24 night
1233 2113 20 18 in
1262 2113 34 18 the
1304 2112 69 19 House

941 2136 32 20 Mr
983 2137 91 19 William
1084 2136 68 26 Kelly,
1164 2137 48 20 with
1223 2144 37 13 one
1271 2142 91 21 penetrat-

941 2164 34 23 ing
985 2164 53 24 optic
1048 2164 52 18 lixed
1111 2169 26 13 on
1152 2164 33 18 the
1196 2164 145 24 requirements
1350 2165 20 18 of

940 2190 34 17 the
992 2192 60 20 town,
1079 2190 40 18 and
1144 2190 34 18 the
1201 2191 58 18 other
1278 2190 95 26 glancing

940 2215 65 19 ahead
1016 2219 20 15 at
1055 2215 35 19 the
1107 2216 80 24 coming
1203 2216 90 23 election,
1311 2217 62 19 asked

940 2241 33 19 the
985 2242 138 18 Government
1134 2242 17 17 if
1161 2242 15 18 it,
1185 2242 16 19 is
1220 2243 35 18 the
1270 2243 99 19 intention

963 2272 19 13 to
993 2267 51 18 alter
1054 2268 34 18 the
1097 2267 131 20 constitution
1239 2269 21 18 of
1269 2269 34 18 the
1311 2268 61 19 Town

941 2294 65 17 Hoard
1017 2294 20 18 of
1052 2294 90 18 lvotorui
1159 2294 54 19 from
1226 2301 13 12 a
1255 2294 118 20 nominated

940 2322 19 16 to
970 2326 25 12 an
1004 2319 84 19 elective
1099 2320 59 23 body,
1179 2327 21 11 so
1219 2327 23 12 as
1262 2324 20 15 to
1301 2320 71 21 enable

940 2346 33 18 the
984 2346 99 19 residents
1093 2346 21 18 of
1124 2346 35 18 the
1169 2346 78 19 district
1260 2350 21 15 to
1298 2346 53 20 have
1362 2354 11 12 a

940 2372 54 18 voice
1004 2371 21 19 in
1044 2372 34 18 the
1097 2372 163 19 administration
1278 2374 21 17 of
1319 2372 51 20 local

1059 2397 29 19 To
1097 2398 42 19 this
1150 2398 15 18 it
1176 2404 39 12 was
1234 2398 77 25 replied
1328 2400 45 18 that

939 2424 15 18 it
965 2430 39 12 was
1015 2424 118 18 considered
1144 2424 26 22 by
1181 2425 34 18 the
1234 2424 137 21 Government

961 2450 43 18 that
1015 2458 9 10 a
1036 2451 79 24 change
1137 2456 40 12 wtis
1196 2456 111 19 necessary,
1328 2451 45 19 that

940 2475 33 19 the
984 2476 57 24 place
1051 2476 41 19 had
1112 2480 104 20 outgrown
1236 2477 35 18 tho
1289 2480 81 22 present

940 2505 73 20 system
1024 2502 22 19 of
1055 2503 169 22 administration,
1245 2503 40 18 and
1304 2503 46 19 that
1360 2510 13 12 a

941 2527 38 19 Bill
991 2529 65 17 would
1068 2529 24 18 be
1111 2529 117 18 introduced
1246 2529 40 19 this
1297 2530 75 18 session

940 2558 19 13 to
970 2553 61 25 bring
1041 2555 63 17 about
1111 2554 34 18 the
1152 2560 104 19 necessary
1265 2555 107 24 changes.''

965 2579 20 19 It
994 2580 37 19 has
1041 2579 51 21 been
1104 2582 98 23 apparent
1212 2581 32 18 for
1260 2588 54 12 some
1325 2582 47 18 time

938 2605 44 20 that
993 2606 34 19 the
1039 2607 94 25 majority
1152 2607 21 18 of
1190 2607 99 19 residents
1305 2608 68 19 would
1373 2605 1 27 l

939 2632 92 19 welcome
1036 2633 47 18 with
1089 2633 124 18 satisfaction
1219 2633 94 23 aehange
1319 2634 53 18 from

940 2658 33 19 the
989 2661 80 21 present
1087 2661 77 22 system
1179 2659 21 18 of
1217 2659 155 26 administering

938 2684 50 18 local
999 2694 7 8 ;.
1010 2685 57 18 flairs
1079 2684 26 26 by
1116 2690 13 13 a
1135 2684 137 20 Government
1279 2686 93 19 nominee

938 2709 58 25 body,
1008 2717 50 12 even
1069 2711 15 18 if
1094 2711 34 18 tho
1138 2717 43 12 new
1192 2711 76 24 regime
1279 2711 91 25 brought

937 2736 20 18 in
968 2736 26 18 its
1006 2736 52 19 train
1069 2736 34 19 the
1113 2736 114 24 imposition
1239 2738 21 17 of
1269 2742 52 14 rates
1330 2738 40 19 and

937 2764 62 17 taaes.
1029 2762 54 19 That
1093 2762 40 19 this
1148 2762 64 19 desire
1230 2769 25 12 on
1272 2764 34 17 tho
1326 2767 46 22 part

937 2789 21 17 of
968 2788 99 19 residents
1072 2789 36 18 has
1115 2788 51 19 been
1175 2789 130 24 represented
1311 2793 20 15 to
1338 2790 34 19 the

938 2815 136 18 Government
1083 2815 17 18 is
1111 2821 47 17 very
1175 2814 44 19 well
1230 2815 79 22 known,
1326 2816 40 19 and

938 2840 39 18 had
1001 2839 32 20 Mr
1053 2840 54 19 John
1127 2840 128 19 McKenzie's
1274 2841 97 20 intended

937 2865 47 19 visit
1006 2868 36 17 not
1057 2866 51 19 been
1132 2866 127 20 interrurjted
1282 2867 91 26 through

937 2891 69 19 illness
1024 2893 16 18 it
1055 2892 67 19 would
1143 2892 53 19 have,
1218 2893 50 18 been
1291 2893 67 20 demon-

937 2918 76 18 strated
1022 2919 45 17 that
1077 2922 44 21 part,
1131 2919 21 17 of
1162 2919 25 17 its
1196 2922 85 21 purport
1291 2926 40 12 was
1351 2924 21 15 to

937 2945 81 22 acquire
1028 2945 92 17 informal
1126 2945 31 17 ii>n
1169 2946 30 16 for
1207 2945 34 17 the
1249 2945 91 25 drafting
1348 2947 21 18 of

937 2969 34 19 the
985 2976 90 13 measure
1093 2971 66 18 which-
1175 2971 15 17 it,
1207 2971 21 18 is-
1241 2977 44 13 now
1305 2973 66 18 stated

938 2995 39 19 will
989 2996 22 18 be
1027 2996 125 19 introduced.
1186 2996 94 25 Looking
1297 3000 20 16 at
1337 2998 35 19 the

937 3024 73 16 matter
1018 3023 53 18 from
1083 3029 59 17 ever}-
1152 3023 58 24 point
1226 3023 21 18 of
1257 3024 56 22 view,
1330 3025 40 18 and

938 3047 47 19 with
997 3054 59 18 every
1067 3053 77 19 respect
1157 3049 31 18 for
1205 3049 34 18 the
1255 3049 115 24 gentlemen

938 3073 44 19 who
992 3075 51 18 form
1054 3081 32 12 out
1102 3074 51 19 local
1164 3074 61 19 board
1238 3075 15 18 it
1263 3079 73 15 cannot
1347 3076 25 18 be

937 3099 73 20 denied
1019 3100 45 19 that
1074 3100 34 19 the
1128 3100 89 25 existing
1236 3101 102 19 condition
1355 3103 17 17 is

938 3125 31 18 far
983 3126 51 19 from
1054 3126 134 24 satisfactory.
1216 3126 21 19 It
1255 3127 118 26 practically

938 3154 93 17 amounts
1046 3155 21 16 to
1085 3159 35 12 our
1138 3152 68 19 affairs
1223 3152 63 26 being
1304 3156 21 16 at
1338 3154 34 19 the

938 3177 96 19 dictation
1044 3178 21 19 of
1075 3178 46 19 four
1131 3178 136 19 Government
1281 3179 89 24 officials,

938 3204 31 17 for
980 3204 73 18 should
1064 3204 33 19 the
1112 3204 84 24 solitary
1211 3206 159 23 representative

938 3229 21 18 of
968 3229 34 19 the
1011 3230 71 24 people
1093 3230 32 18 lift
1136 3230 30 18 his
1184 3232 54 17 voice
1255 3230 21 19 in
1291 3232 70 24 opposi-

938 3254 42 19 tion
990 3258 20 16 to
1022 3262 38 18 any
1071 3256 169 25 departmentally
1255 3258 104 23 propound-

938 3280 23 19 ed
973 3281 78 19 scheme
1061 3282 25 18 he
1097 3282 66 18 would
1173 3282 41 18 iind
1225 3282 81 19 himself
1321 3284 21 17 iu
1359 3291 12 11 a

939 3307 92 24 hopeless
1051 3308 103 24 minority.
1182 3308 54 19 Such
1254 3315 12 12 a
1282 3313 51 15 date
1351 3310 23 18 of

939 3333 69 18 aSui/rs
1018 3334 17 18 is
1051 3333 89 19 irksome
1157 3337 24 15 to-
1192 3334 34 18 the
1243 3334 71 25 people
1333 3336 40 18 and

939 3357 100 21 therefore
1050 3359 48 25 they
1108 3366 34 18 cry
1152 3362 35 16 out
1197 3360 41 18 like
1246 3361 34 17 the
1288 3362 55 23 frogs
1352 3362 20 18 in

939 3384 34 18 the
983 3385 55 18 fable
1047 3385 32 19 for
1088 3392 12 12 a
1111 3392 43 12 uew
1164 3385 54 19 ruler
1229 3392 49 12 even
1289 3387 15 18 if
1314 3387 58 25 King

939 3411 60 17 Stork
1010 3411 73 19 should
1097 3411 24 19 be
1133 3414 44 16 sent
1186 3413 140 20 accompanied
1345 3413 28 24 by

939 3435 31 19 hia
980 3436 68 19 Grand
1058 3437 129 19 Vizier—the
1194 3441 44 15 rate
1246 3438 98 18 collector.

1036 3493 76 18 THAT
1125 3493 145 19 ANALYSIS.

940 3542 45 17 The
994 3541 90 19 member
1094 3542 32 18 for
1145 3542 34 19 the
1195 3542 87 23 district,.
1296 3542 33 19 Mr
1339 3543 34 20 W.

941 3568 67 24 Kelly,
1020 3567 106 25 following
1141 3574 27 18 up
1185 3568 35 18 the
1236 3568 86 24 promise
1336 3569 25 19 ob-

940 3594 68 18 tained
1019 3594 51 18 from
1080 3593 35 19 the
1127 3594 138 19 Government
1281 3594 39 19 last
1330 3601 30 12 ses-

941 3620 43 18 sion
1032 3620 33 18 Mr
1075 3620 23 18 T.
1109 3619 111 19 McKenzie
1231 3626 22 12 as
1262 3622 20 17 to
1293 3621 34 18 the
1338 3620 24 19 de-

940 3646 100 24 sirability
1049 3646 22 18 of
1085 3645 109 26 procuring
1210 3652 12 12 a
1240 3649 75 15 correct
1334 3647 40 19 and

940 3672 119 23 up-to-date
1069 3671 90 25 analysis
1178 3671 21 18 of
1215 3671 34 19 the
1267 3674 71 16 waters
1353 3673 22 18 of

941 3697 40 19 this
990 3697 88 25 locality,
1092 3694 63 22 ai-ked
1163 3697 20 19 in
1194 3697 34 18 the
1248 3697 76 23 House,
1336 3699 35 18 the

940 3723 59 19 other
1018 3723 66 25 night,
1104 3723 17 19 if
1130 3730 40 17 any
1190 3728 54 19 steps
1261 3723 41 19 had
1320 3724 51 19 been

940 3749 62 19 taken
1013 3749 21 18 in
1042 3749 34 19 the
1084 3751 74 17 matter
1167 3749 75 24 during
1257 3749 34 19 the
1301 3756 72 12 recess.

940 3774 24 18 In
974 3775 64 25 reply,
1049 3775 35 18 the
1094 3775 94 18 Minister
1204 3775 31 18 for
1244 3774 69 20 Lands
1330 3776 45 18 said

940 3800 44 19 that
1015 3796 27 30 by
1053 3807 54 12 some
1117 3800 104 25 oversight
1251 3801 35 18 the
1303 3801 60 25 analy-

940 3826 27 17 sis
977 3826 41 19 had
1028 3829 35 16 not
1073 3827 51 18 been
1135 3827 59 18 mado
1207 3827 75 24 during
1299 3827 34 18 the
1343 3834 21 12 re-

940 3857 48 17 cess,
999 3852 38 19 but
1053 3852 26 19 he
1095 3852 66 19 would
1177 3852 46 18 t«ke
1240 3859 44 12 care
1298 3853 45 18 that
1357 3853 18 18 it

940 3877 66 18 would
1016 3878 26 18 be
1060 3878 58 18 done.
1147 3878 54 22 This,
1223 3885 28 11 we
1269 3885 99 18 presume,

940 3902 15 18 is
968 3903 35 18 the
1013 3908 201 14 re-commencement
1226 3903 20 20 of
1256 3904 33 18 the

939 3935 26 12 on
994 3932 32 21 63'
1026 3932 43 21 stem
1080 3930 21 17 of
1109 3930 106 24 attending
1223 3933 20 14 to
1253 3936 36 12 our
1297 3933 75 21 urgent

939 3955 116 18 necet-sities
1065 3955 65 18 which
1141 3961 40 12 was
1192 3955 66 18 meted
1268 3958 35 15 out
1319 3959 21 15 to
1350 3963 24 12 us

939 3980 40 19 last
997 3987 54 18 year.
1090 3980 21 18 It
1129 3980 42 19 will
1189 3980 25 20 bo
1234 3981 139 19 remembered

940 4007 45 18 that
994 4013 12 11 a
1017 4007 82 18 distinct
1108 4007 87 24 promise
1214 4012 41 12 was
1273 4007 60 19 made
1353 4010 21 16 to

940 4032 33 18 Mr
983 4031 112 21 McKenzie
1105 4033 28 23 by
1150 4032 33 18 Mr
1198 4031 79 19 Reeves
1307 4033 42 19 thai
1362 4040 13 12 a

940 4057 102 26 thorough
1053 4058 89 24 analysis
1157 4057 72 19 should
1244 4057 25 20 be
1279 4059 57 18 nir.de
1348 4059 25 24 by

940 4090 12 11 a
962 4087 114 21 competent
1091 4084 80 24 analyst
1189 4090 25 13 cm
1232 4083 35 19 the
1284 4088 50 20 s-pot,
1352 4092 23 11 as

940 4116 47 12 soon
999 4116 22 12 as
1031 4110 34 18 tho
1075 4111 89 17 weather
1181 4116 41 12 was
1238 4110 105 19 favorable
1354 4114 20 15 to

1395 93 164 19 such—towards
1577 94 34 17 the
1628 92 39 19 end
1685 92 22 19 of

1395 120 69 19 When
1474 119 82 18 Winter
1566 118 43 20 had
1612 118 84 25 merged
1703 118 43 18 into
1754 118 76 24 Spring

1395 153 12 11 a
1417 145 72 19 second
1508 145 87 24 promise
1612 151 41 12 was
1671 144 59 18 made
1748 143 47 19 that
1814 144 16 18 it

1395 171 68 19 would
1473 170 66 25 surely
1551 171 25 18 be
1584 170 96 19 attended
1697 172 21 16 to
1728 170 21 18 in
1760 175 12 12 a
1781 176 49 16 very

1395 198 56 18 short
1461 197 55 22 time,
1527 197 40 18 and
1581 197 49 18 then
1690 195 78 19 session
1784 202 35 12 con-

1394 223 73 19 cluded
1476 223 40 18 and
1526 230 25 11 no
1562 228 54 13 more
1626 222 98 18 attention
1733 228 41 12 was
1781 221 49 24 paid

1395 253 21 15 to
1426 249 34 18 the
1471 252 79 15 matter.
1577 249 20 17 Jt
1608 249 16 17 is
1636 247 44 19 well
1689 247 75 19 known
1783 247 47 18 that

1395 275 34 18 the
1440 278 71 14 waters
1529 274 48 18 here
1595 273 92 24 undergo
1705 273 90 23 changes
1808 273 22 17 in

1395 301 54 18 their
1458 300 97 18 chemical
1565 299 112 25 properties
1687 306 22 12 as
1720 299 45 18 well
1776 305 22 12 as
1808 299 20 19 in

1395 328 142 23 temperature;
1558 325 39 19 and
1617 325 45 18 that
1681 324 79 19 several
1781 331 49 17 very

1396 351 94 21 valuable
1498 351 83 25 springs
1591 351 52 20 have
1660 355 35 14 not
1714 350 49 19 been
1780 357 38 12 ana-

1396 378 55 24 lysed
1462 379 21 18 at
1492 377 35 19 all.
1556 377 39 18 For
1609 377 90 18 instance
1710 377 34 18 the
1755 376 59 19 Manu-

1396 404 58 25 pirau
1465 404 71 24 spring
1554 409 25 13 on
1597 404 34 17 the
1652 402 59 19 fhore
1731 402 21 18 of
1774 402 56 19 Lake

1396 430 82 23 llotoiti,
1490 430 18 18 is
1515 428 87 21 credited
1612 428 47 19 with
1668 428 97 24 effecting
1772 434 58 13 cures

1396 456 64 18 which
1472 455 101 26 approach
1584 455 72 18 almost
1666 458 21 15 to
1704 454 35 19 the
1757 454 61 19 mirac-

1396 482 65 22 ulous,
1471 486 35 20 yet
1517 488 29 11 we
1555 481 92 24 question
1656 480 16 18 if
1682 481 26 17 its
1717 485 57 14 exact
1783 480 36 18 che-

1396 508 58 18 mical
1476 506 133 20 constituents
1626 513 34 12 are
1685 506 81 18 known.
1804 506 25 19 Iu

1395 534 73 24 justice
1478 536 20 15 to
1518 535 34 16 the
1570 532 87 19 invalids
1674 532 46 18 who
1736 538 35 12 use
1794 532 35 19 the

1397 560 59 18 baths
1472 558 84 25 seeking
1575 558 119 19 restoration
1713 560 21 16 to
1751 557 78 24 health,

1395 588 36 15 not
1442 585 47 24 only
1499 584 72 18 should
1579 585 93 22 analyses
1678 584 22 18 of
1706 585 35 17 the
1750 584 80 19 various

1396 610 117 25 i-pringa-be
1522 609 59 21 made
1591 616 24 12 on
1626 610 34 18 the
1670 614 44 20 spot
1729 616 52 17 now,
1793 610 37 18 but

1396 643 12 12 a
1425 637 116 24 laboratory
1557 636 73 18 should
1647 636 24 18 he
1688 636 56 18 fitted
1764 643 26 17 up
1809 642 21 12 so

1396 663 45 18 that
1451 663 48 17 such
1510 662 57 18 could
1579 661 24 19 bo
1621 661 58 19 made
1698 661 131 26 periodically

1396 695 23 11 or
1429 688 106 18 whenever
1545 689 15 17 it
1570 688 67 24 might
1654 694 54 12 seem
1729 687 101 20 desirable

1396 717 21 15 to
1427 715 25 17 do
1463 720 29 12 so.

1397 786 105 23 LOCAL
1513 786 96 23 NEWS
1632 786 71 23 AND
1717 786 106 23 NOTES.

1420 858 88 17 Tou'ists-
1525 858 102 21 travelling
1642 857 86 19 between
1747 858 85 17 Rotorua

1396 882 38 16 and
1443 881 100 17 Auckland
1552 887 35 11 can
1600 881 40 22 rely
1653 887 51 16 upon
1719 882 76 21 getting
1809 887 22 10 an

1397 905 93 16 excellent
1499 904 34 18 hot
1544 904 93 17 luncheon
1651 906 20 15 at
1688 904 32 18 the
1735 901 96 21 Frankton

1396 927 66 21 Hotel,
1484 927 97 18 Frankton
1595 927 97 20 Junction,
1715 927 65 18 where
1800 927 32 17 the

1397 952 50 15 train
1455 952 52 20 stops
1516 952 23 15 20
1549 951 97 16 minutes.*

1420 991 39 17 The
1474 991 76 21 Sydney
1563 990 82 17 Bulletin
1655 996 34 11 can
1704 990 23 17 be
1743 990 90 17 obtained

1396 1014 72 22 weekly
1476 1014 21 18 at
1505 1014 32 17 the
1546 1014 117 17 CitnaNier.j;

1421 1054 16 17 A
1446 1052 72 20 reward
1525 1054 16 17 is
1550 1053 68 17 offered
1628 1054 28 16 for
1668 1054 68 16 return,
1743 1053 21 17 of
1777 1053 56 22 sheep

1397 1077 48 22 dog..

1421 1115 39 16 The
1479 1114 90 22 shooting
1584 1119 65 12 season
1668 1113 33 18 for'
1714 1113 64 18 nntire
1795 1113 38 17 and

1398 1137 92 23 imported
1498 1143 55 16 game
1562 1137 61 17 closed
1632 1137 105 22 yesterday.

1421 1169 102 17 Constable
1543 1169 78 16 Whelan
1641 1169 15 16 is
1675 1167 104 24 appointed
1800 1169 22 16 In-

1397 1194 74 21 spector
1483 1192 20 18 of
1511 1192 80 22 weights
1600 1192 37 16 and
1650 1197 94 12 measures
1758 1192 30 17 for
1801 1192 32 16 the

1398 1219 68 14 county
1476 1216 20 17 of
1508 1216 89 16 Rotorua.

1421 1247 38 16 The
1472 1248 109 21 prospectus
1596 1246 21 17 of
1631 1246 33 17 the
1744 1246 39 17 Jim
1796 1246 37 17 and

1398 1270 49 18 Cecil
1463 1270 74 17 Rhodes
1557 1269 72 24 Special
1647 1269 69 17 Claims
1746 1270 17 17 ii
1784 1270 37 21 pub-

1398 1293 66 17 lished.
1496 1293 73 17 What's
1577 1293 19 17 in
1605 1299 11 11 a
1624 1299 56 11 name
1688 1293 9 16 if

1421 1326 38 16 The
1475 1331 42 11 new
1536 1325 128 16 Government
1677 1326 80 15 steamer
1770 1326 20 15 to
1804 1330 20 11 re-

1397 1349 53 22 place
1464 1348 33 17 the
1515 1348 94 17 Hinemoa
1623 1348 15 16 is
1651 1347 60 17 called
1723 1348 109 16 Tutane-ai.

1397 1372 51 22 Very
1457 1371 126 23 appropriate.

1421 1404 31 16 Mr
1464 1403 19 17 J.
1502 1403 25 17 11.
1544 1402 68 23 Taylor
1629 1402 67 18 inserts
1710 1402 123 23 preliminary

1396 1427 63 17 notice
1468 1427 102 21 regarding
1579 1432 10 11 a
1600 1426 96 17 clearance
1713 1426 38 16 sale
1768 1426 20 17 of
1804 1426 29 17 his

1399 1449 59 18 whole
1468 1449 52 17 stock
1538 1451 19 16 to
1575 1449 43 17 take
1633 1449 52 22 place
1704 1451 20 15 at
1741 1455 24 11 an
1782 1449 51 23 early

1397 1473 49 16 date.

1422 1508 10 6 '•
1442 1505 7 16 1
1459 1504 38 18 will
1507 1505 31 22 get
1548 1504 66 22 justice
1623 1504 19 16 in
1650 1503 73 17 heaven
1740 1504 15 16 if
1764 1504 10 16 I
1783 1504 50 16 can't

1398 1529 31 22 get
1440 1528 68 22 justice
1517 1527 19 18 in
1628 1527 96 17 remarked
1740 1533 11 11 a
1765 1526 56 24 loqua-

1397 1552 50 16 cious
1457 1551 77 22 litigant
1543 1550 106 23 resignedly
1663 1550 95 17 the-other
1767 1551 37 22 day
1813 1557 20 10 as

1397 1575 26 16 sL.
1437 1574 34 17 left
1480 1575 33 16 the
1522 1573 137 18 witnessstand.

1421 1606 38 17 The
1474 1606 45 17 Rev.
1536 1606 63 17 Canon
1620 1604 68 23 Godby
1708 1605 21 17 of
1742 1605 89 20 Victoria,

1397 1630 41 16 who
1449 1630 14 16 is
1477 1632 17 14 at
1503 1630 76 21 present
1587 1634 24 11 on
1623 1635 11 10 a
1646 1628 44 18 visit
1705 1629 20 16 to
1740 1628 93 20 Rotorua,

1397 1651 92 24 preached
1511 1652 19 17 in
1550 1651 31 18 the
1600 1651 94 23 Anglican
1710 1651 75 17 Church
1808 1657 24 11 on

1398 1676 77 21 Sunday
1494 1675 93 23 morning.

1420 1707 67 18 Divine
1497 1707 73 17 Service
1588 1712 38 11 was
1642 1706 106 17 conducted
1764 1706 19 18 in
1801 1706 32 18 the

1397 1730 116 18 schoolroom
1538 1734 23 13 on
1587 1729 77 22 Sunday
1682 1730 90 22 morning
1793 1729 38 18 and

1397 1754 81 20 evening
1491 1754 25 19 by
1527 1753 33 17 the
1575 1753 32 16 the
1630 1753 45 16 Rev.
1694 1752 35 17 Mr
1739 1752 61 19 Smith
1814 1753 19 16 of

1398 1776 105 17 Auckland.

1419 1809 39 16 The
1468 1808 63 17 native
1541 1808 43 17 land
1594 1809 53 16 court
1656 1808 86 16 resumed
1758 1807 24 18 its
1798 1808 26 16 sit-

1398 1832 50 21 tings
1457 1837 23 12 on
1492 1831 83 22 Monday
1584 1831 37 17 last
1635 1831 35 17 His
1685 1831 68 17 Honor
1769 1830 64 23 Judge

1398 1855 69 17 Wilson
1476 1855 101 22 presiding.
1603 1855 32 15 Mr
1647 1854 56 17 Pratt
1716 1856 39 15 acts
1769 1860 20 10 as
1804 1854 19 17 in-

1397 1878 96 23 terpreter,
1511 1877 37 18 and
1565 1879 31 16 Mr
1616 1877 104 18 Tarawhiti
1735 1883 23 11 as'
1769 1877 64 18 native

1397 1907 85 10 assessor.

1421 1934 16 16 A
1444 1933 44 17 wire
1498 1931 82 19 received
1593 1931 44 19 here
1651 1933 88 16 recounts
1754 1931 32 18 the
1801 1932 21 16 de-

1397 1957 39 16 feat
1456 1957 20 16 of
1493 1956 32 16 the
1543 1955 84 18 Rotorua
1643 1956 52 16 team,
1710 1955 19 17 in
1745 1955 31 17 the
1792 1955 41 17 first

1397 1979 63 18 match
1476 1979 20 16 of
1512 1979 32 16 llio
1563 1979 75 21 present
1655 1979 49 16 tour.
1730 1978 39 17 The
1785 1978 48 17 local

1397 2009 40 10 men
1453 2002 79 23 playing
1538 2001 74 23 against
1622 2001 74 18 Matata
1707 2007 47 11 were
1766 2002 66 16 beaten

1396 2026 25 23 by
1430 2026 14 17 &
1446 2025 64 24 points
1520 2027 19 15 to
1548 2026 16 16 .'3.

1420 2058 17 16 A
1455 2057 78 21 solitary
1546 2055 135 20 bacchanalian
1697 2062 38 11 was
1749 2055 84 23 brought

1396 2081 64 17 before
1469 2080 33 17 the
1511 2080 59 17 bench
1580 2085 24 11 on
1613 2079 95 22 Saturday
1719 2079 37 17 last
1764 2079 38 17 and
1813 2085 20 11 as

1396 2104 15 16 it
1421 2110 37 10 was
1471 2103 29 17 his
1512 2103 40 17 first
1566 2103 52 22 lapse
1630 2103 48 16 from
1692 2102 32 18 the
1741 2103 56 21 paths
1814 2103 19 16 of

1397 2127 25 16 -k>l
1428 2126 51 23 iriety
1487 2127 29 16 for
1526 2132 54 16 many
1589 2125 77 18 months
1674 2125 23 17 he
1707 2131 38 11 was
1753 2125 66 18 admon-

1399 2150 52 17 ished
1460 2150 38 16 and
1506 2148 117 23 discharged.

1420 2181 89 18 Weather
1517 2180 81 24 prophet
1606 2180 68 17 Edwin
1691 2180 58 17 wired
1762 2186 24 11 as
1796 2180 28 17 fol-

1396 2205 47 17 lows
1451 2205 21 16 at
1482 2205 8 16 1
1499 2210 46 16 p.m.
1555 2204 105 21 yesterday.
1713 2204 119 17 North-west

1396 2230 20 15 to
1425 2229 46 16 west
1480 2227 37 17 and
1527 2227 54 17 south
1592 2226 42 24 gale
1643 2226 47 18 with
1705 2226 63 18 colder
1782 2233 38 11 wea-

1396 2251 48 17 ther.
1479 2251 54 16 After
1551 2251 20 15 10
1586 2250 57 17 hours
1660 2251 50 16 from
1724 2256 44 11 now
1783 2250 50 22 glass

1480 2273 76 24 Right!.

1420 2306 30 17 Oil
1459 2305 71 22 Friday
1538 2305 37 17 last
1584 2305 32 17 the
1631 2305 46 17 oath
1693 2305 20 17 of
1730 2305 103 21 allegiance

1396 2329 37 17 and
1442 2329 33 17 the
1486 2329 45 17 oath
1545 2329 20 16 of
1578 2328 52 17 office
1639 2334 47 11 were
1700 2328 133 17 administered

1396 2353 25 21 by
1439 2352 115 17 Lieut.-Col.
1567 2352 80 16 Koberts
1672 2353 20 15 to
1710 2352 33 16 Mr
1762 2351 70 22 Joseph

1397 2375 59 23 Wylie
1466 2381 24 11 on
1499 2375 29 17 his
1545 2374 131 23 appointment
1691 2381 20 10 as
1727 2374 73 18 Justice
1814 2375 19 17 of

1396 2399 32 17 the
1437 2399 69 17 Peace,
1536 2399 31 16 Mr
1577 2398 18 17 S.
1610 2399 24 15 T..
1646 2397 59 18 Brent
1717 2404 38 10 was
1772 2404 61 10 sworn

1396 2423 17 16 in
1434 2428 23 11 on
1477 2421 32 18 the
1530 2420 99 23 following
1643 2421 37 22 day
1694 2421 37 17 and
1746 2421 46 17 took
1804 2421 29 17 his

1396 2447 40 15 seat
1443 2451 24 11 on
1476 2445 32 16 the
1516 2444 67 17 bench.

1418 2476 38 17 The
1466 2476 25 17 Te
1501 2475 63 17 Aroha
1575 2475 57 17 News
1646 2475 15 16 is
1675 2481 44 11 now
1732 2474 100 24 published

1395 2499 53 18 three
1456 2499 55 18 times
1516 2504 12 12 a
1534 2498 52 18 week
1590 2498 75 18 instead
1674 2498 20 17 of
1702 2499 55 16 twice
1764 2504 20 11 as
1794 2498 29 17 for-

1395 2522 65 23 merly.
1484 2522 17 18 A
1507 2521 76 19 marked
1590 2522 139 22 improvement
1734 2522 34 16 has
1775 2521 57 18 taken

1395 2546 53 22 place
1456 2545 19 17 in
1486 2545 24 17 its
1519 2551 50 11 ii«s
1578 2545 85 17 columns
1672 2545 90 21 recently.
1794 2545 38 17 The

1395 2568 61 19 Waihi
1467 2568 103 18 Miner*has
1583 2568 40 17 also
1635 2568 96 17 increased
1748 2568 25 17 its
1790 2568 40 17 size.

1395 2592 32 17 All
1435 2592 21 17 of
1465 2592 61 17 which
1536 2597 44 16 goas
1589 2592 20 16 to
1618 2597 57 16 prove
1689 2591 44 17 that
1747 2591 20 17 in
1782 2597 50 11 some

1394 2615 92 17 localities
1496 2615 32 17 the
1537 2614 46 18 lines
1593 2614 20 18 of
1621 2620 110 17 newspaper
1744 2620 43 11 men
1801 2620 31 11 are

1395 2640 39 16 cast
1443 2639 19 16 in
1471 2638 86 21 pleasant
1565 2637 68 22 places.

1418 2670 38 17 The
1474 2670 26 17 Te
1516 2670 64 16 Aroha
1596 2669 57 17 News
1669 2670 54 16 notes
1740 2669 43 17 that
1799 2669 33 17 the

1395 2693 105 17 caretakers
1516 2693 20 17 of
1552 2693 32 16 the
1601 2692 48 17 local
1665 2692 83 17 Domain

1395 2716 119 18 commenced
1529 2715 90 23 thinning
1632 2717 33 16 out
1682 2715 33 17 the
1733 2715 99 23 unsightly

1394 2740 55 22 pinus
1456 2740 79 21 insignis
1544 2740 53 17 trees,
1608 2739 60 16 which
1676 2745 48 10 were
1730 2739 87 16 threaten-

1394 2766 20 14 to
1423 2762 76 23 destroy
1508 2762 32 18 the
1555 2768 57 15 many
1627 2761 117 19 ornamental
1762 2762 67 16 shrubs

1395 2786 87 22 growing
1500 2785 61 17 under
1579 2785 49 17 their
1789 2785 40 17 The

1394 2808 158 24 example-might
1559 2808 24 18 he
1598 2808 89 18 followed
1694 2808 44 18 here
1751 2809 20 16 to
1781 2814 51 11 some

1394 2832 113 23 advantage.

1418 2864 38 17 The
1465 2864 54 17 other
1533 2863 37 22 day
1587 2869 28 11 we
1628 2868 52 12 were-
1697 2863 66 17 shown
1780 2868 52 12 some

1394 2887 51 23 good
1453 2887 81 22 samples
1542 2888 20 15 of
1570 2886 54 17 horse
1634 2888 71 15 carrots
1722 2886 38 17 and
1776 2892 41 11 man-

1394 2910 55 22 golds
1458 2916 66 17 grown
1532 2910 25 22 by
1564 2910 31 16 Mr
1602 2909 105 23 Callaghan
1714 2911 20 15 at
1740 2909 92 17 Okoroire

1394 2934 30 16 for
1440 2933 111 18 horse-feed.
1576 2933 39 17 The
1628 2933 101 22 mangolds
1747 2938 30 11 are
1794 2938 38 17 any

1394 2957 72 22 weight
1474 2962 26 16 up
1508 2957 20 16 to
1538 2956 51 17 2Blbs
1598 2955 37 18 and
1644 2955 32 18 the
1686 2957 71 16 carrots
1770 2961 27 17 up
1811 2957 21 16 to

1394 2980 47 17 81bs.
1466 2980 52 21 They
1527 2979 76 17 are-fine
1612 2979 98 17 succulent
1717 2979 66 17 tubers
1792 2978 37 17 and

1394 3003 106 20 admirably
1509 3002 60 18 suited
1578 3004 20 16 to
1607 3002 32 17 the
1646 3008 81 17 purpose
1735 3002 29 17 for
1769 3002 63 17 which

1394 3027 46 20 they
1448 3032 32 11 are
1487 3032 72 15 grown.

1417 3063 17 17 A
1442 3063 68 17 choice
1515 3062 87 18 selection
1616 3062 19 17 of
1649 3062 29 17 oil'
1689 3062 99 22 paintings
1805 3062 27 22 by

1394 3087 32 16 Mr
1435 3087 20 17 C.
1466 3086 100 17 Blomfield
1574 3091 44 16 may
1626 3091 43 11 now
1677 3086 25 16 be
1710 3091 44 12 sean
1762 3086 20 16 at
1799 3085 33 17 the

1394 3110 118 18 CtuioxiCLE
1521 3109 63 17 Office.
1609 3109 52 21 They
1670 3109 92 22 comprise
1774 3109 58 16 views

1394 3133 20 17 ir.
1423 3133 38 17 this
1470 3132 150 22 neighborhood,
1630 3131 100 22 Wairakei,-

1394 3162 107 14 rewarewa,
1511 3156 39 19 <£c,
1564 3155 37 17 and
1618 3156 52 16 from,
1680 3155 49 17 their
1742 3155 82 16 faithfuL-

1394 3185 42 11 ness
1457 3178 37 18 and
1513 3178 95 18 attention
1623 3181 20 14 to
1664 3178 58 17 detail
1743 3183 37 11 are-
1789 3177 43 18 well

1394 3203 62 16 worth
1469 3202 138 16 the-attention)
1613 3204 19 14 ot
1641 3201 66 17 lowers-
1716 3201 20 17 of
1745 3202 37 16 art.
1808 3201 24 17 In

1394 3225 86 17 addition
1489 3226 20 16 to
1518 3225 52 17 these
1579 3225 52 16 there
1645 3230 31 11 are
1693 3230 12 11 a
1717 3224 82 17 number
1812 3224 20 17 of

1395 3249 59 16 water
1460 3248 52 17 color
1520 3248 174 17 sketches-suitable
1703 3248 30 16 for
1740 3247 92 22 birthday

1394 3277 22 11 or
1423 3271 68 17 Easter
1496 3270 77 18 Cards-i.*

1418 3312 17 16 A
1444 3311 96 17 favorable
1548 3310 124 23 opportunity
1681 3310 55 17 offers
1745 3310 52 17 itself
1811 3312 20 15 to

1394 3340 74 17 anyone
1484 3333 83 19 desirous
1584 3334 20 16 of
1623 3333 113 23 embarking
1757 3333 20 17 in
1797 3333 34 17 the

1395 3360 59 15 steam
1463 3357 38 17 and
1510 3357 68 22 sailing
1586 3357 46 16 boat
1640 3357 98 16 service-in
1751 3362 68 11 connec-

1395 3382 40 15 tion
1449 3380 46 18 with
1510 3380 32 17 the
1559 3380 68 17 tourist
1722 3381 20 15 at
1759 3380 71 21 Taupo.

1394 3404 39 17 The
1445 3405 77 20 present)
1537 3403 105 22 proprietor
1659 3403 129 22 relinquishes'
1797 3403 33 16 the

1394 3427 85 17 business
1496 3432 25 11 on
1536 3427 80 16 account
1634 3426 21 17 of
1674 3425 98 18 ill-health
1793 3425 37 17 and

1395 3450 66 17 wishes
1468 3452 19 15 to
1493 3449 73 22 dispose
1571 3449 20 17 of
1594 3449 33 17 the
1629 3448 97 24 goodwill,
1734 3448 96 18 launches,

1395 3473 59 19 boats,
1461 3473 58 17 house
1527 3472 37 17 and
1571 3472 77 23 garden,
1657 3473 32 16 &c.
1715 3470 117 19 Particulars

1395 3496 39 18 will
1442 3496 23 16 be
1474 3495 60 17 found
1542 3495 109 17 elsewhere..

1418 3528 39 16 The
1475 3527 91 17 bailsmen
1583 3527 21 16 of
1617 3526 81 17 Thomas
1717 3526 87 19 Downes,
1820 3531 12 11 a

1394 3550 70 20 native,
1474 3550 43 17 who
1526 3550 64 16 stands
1599 3549 111 18 committed
1718 3549 30 17 for
1762 3549 58 17 break-

1395 3574 34 22 ing
1437 3573 38 17 and
1484 3573 86 22 entering
1575 3573 33 17 the
1616 3573 91 21 dwelling
1712 3573 20 16 of
1747 3572 85 17 Porcival

1395 3597 66 19 Thorn,
1471 3597 71 21 having
1550 3596 78 17 notified
1637 3596 42 16 that
1693 3596 23 16 he
1723 3601 38 10 was
1775 3595 57 22 likely

1395 3621 20 15 to
1424 3619 83 17 abscond
1515 3618 77 18 accused
1602 3624 38 12 was
1648 3618 88 18 arrested,
1750 3618 38 17 and
1798 3618 33 16 the

1395 3643 39 16 bail
1442 3642 119 17 withdrawn.
1585 3642 31 16 He
1626 3648 38 10 was
1670 3641 86 22 brought
1766 3641 66 17 before

1395 3665 32 18 the
1435 3665 61 17 bench
1510 3671 24 11 on
1543 3665 94 21 Saturday
1650 3665 89 21 morning
1751 3663 37 18 and
1801 3669 20 12 re-

1395 3688 82 17 manded
1486 3688 32 17 till
1522 3688 68 21 to-day
1599 3693 24 11 on
1630 3694 11 10 a
1646 3688 70 17 second
1729 3687 70 22 charge
1811 3687 21 16 of

1395 3711 93 23 breaking
1496 3711 37 17 and
1542 3711 86 22 entering
1635 3710 31 17 the
1675 3710 89 23 premises
1774 3710 20 17 of
1808 3710 22 17 P.

1395 3735 86 21 Mcllroy
1494 3734 37 17 and
1549 3734 81 22 stealing
1646 3734 104 16 therefrom
1763 3739 12 11 a
1790 3733 42 17 half

1395 3757 99 21 sovereign
1503 3757 37 17 and
1547 3764 10 10 a
1566 3757 35 16 silk
1609 3756 141 17 handkerchief.

1420 3789 67 19 Music,
1498 3789 65 19 Music,
1571 3788 61 17 Music
1640 3787 46 21 :—A
1696 3787 63 18 choice
1774 3787 49 17 selec-

1395 3812 41 17 tion
1445 3812 21 17 of
1479 3812 33 17 the
1526 3812 57 16 Litest
1597 3817 63 16 songs,
1675 3810 27 23 by
1717 3810 46 18 such
1780 3816 39 11 eom-

1395 3841 65 16 2>osers
1482 3840 21 12 as
1522 3834 80 19 Pinsuti,
1622 3833 91 17 Bcrthold
1728 3834 66 19 Tours,
1810 3834 21 16 C.

1396 3858 90 22 Godfrey,
1498 3857 89 21 Sherwin,
1597 3857 64 17 Banks
1670 3856 79 21 Winter;
1764 3857 68 21 Henry

1397 3881 63 18 Klein,
1469 3880 89 20 Juncker,
1567 3880 108 20 Caraccioli,
1686 3879 89 21 Braham,
1783 3880 48 15 Ivan

1396 3904 70 22 Caryll,
1476 3904 73 22 Angola
1562 3902 115 21 Rawlinson,
1688 3903 66 21 Gatty,
1768 3902 63 20 Birch,

1396 3927 85 20 Barnett,
1500 3927 115 18 Dcsommes,
1634 3925 111 20 Offenbach,
1763 3926 27 16 &c
1799 3926 32 16 &c.

1396 3950 45 17 Also
1450 3949 87 21 Waltzes,
1547 3949 93 19 Marches,
1650 3949 98 19 Gavottes,
1764 3948 57 17 Seren-

1396 3973 50 17 ades.
1465 3972 106 20 Bondeaus,
1582 3972 38 17 and
1638 3972 102 17 Overturns
1754 3971 29 17 for
1799 3971 33 16 the

1396 3996 109 17 Pianoforte
1513 3996 25 21 by
1548 3994 76 23 Gung'l,
1636 3994 98 19 D'Albert,
1750 3993 81 22 Rossini,

1397 4018 82 23 Stephen
1508 4018 75 19 Glover,
1608 4017 77 21 Ketten,
1715 4017 115 18 Beethoven,

1396 4041 89 20 Lardelli,
1503 4040 122 19 Heunerbein
1650 4040 94 17 Harrison
1761 4040 63 17 White

1397 4064 111 21 Pechotsch,
1519 4064 76 19 Bonser,
1607 4065 25 15 &c
1641 4064 33 17 &c.
1700 4063 77 17 Francis
1793 4062 39 18 and

1395 4088 53 21 Days
1467 4087 44 17 11th
1530 4087 64 17 Comic
1608 4087 81 19 Annual,
1708 4086 62 17 words
1794 4085 38 17 and

1396 4111 60 15 music
1469 4112 21 14 at
1499 4109 117 17 CiIEOXICTE
1625 4109 74 17 Office.*

1875 93 31 17 Mr
1924 92 28 18 W.
1967 93 72 21 Rogers
2053 92 16 17 is
2084 91 113 22 developing
2216 97 11 11 a
2242 97 42 11 new

1851 116 71 16 branch
1939 115 19 17 in
1976 115 110 17 connection
2108 115 45 16 with
2167 115 29 15 his
2214 114 71 22 bakery

1851 137 91 19 business.
1976 139 19 16 It
2011 137 101 23 comprises
2132 137 67 17 Scotch
2219 137 55 18 Short-

1851 162 64 19 bread,
1942 160 131 24 gingerbread,
2094 162 45 15 soda
2154 166 70 14 scones,
2241 160 44 20 and,

1851 184 37 18 last
1899 184 35 18 but
1943 187 33 15 not
1985 185 53 19 least,
2046 184 40 23 pies
2095 184 20 16 of
2130 179 32 22 the
2175 184 41 16 true
2231 183 44 18 Cale-

1852 207 70 19 donian
1944 208 65 16 flavor.
2035 207 52 22 They
2108 207 49 16 have
2174 206 44 17 each
2240 206 45 18 been

1852 231 47 22 duly
1907 228 84 26 Sampled
1999 230 26 23 by
2033 237 12 10 a
2054 231 106 21 competent
2173 229 83 17 member
2266 230 21 17 of

1852 260 34 11 our
1896 254 45 17 stuff
1944 254 37 17 ami
1990 252 123 25 prononnced
2116 250 100 21 excellent.

1875 285 165 23 Representations
2056 285 55 17 made
2133 285 20 16 to
2173 284 32 17 the
2222 284 63 17 Postal

1851 309 125 22 Department
1994 309 49 16 from
2059 308 103 23 Tanranga
2177 308 51 16 show
2244 307 42 17 that

1851 332 33 16 the
1897 333 75 20 present
1985 332 45 16 mail
2048 331 69 17 service
2132 331 86 17 between
2234 330 53 17 there

1851 355 38 17 and
1898 355 99 17 Auckland
2005 355 42 21 lays
2054 354 86 17 business
2154 353 67 23 people
2238 358 49 17 open

1851 379 21 16 to
1880 377 56 18 much
1951 377 151 18 inconvenience.
2128 377 18 16 It
2164 377 15 16 is
2194 376 93 17 therefore

1850 401 82 22 possible
1941 399 42 19 that
1991 406 12 12 a
2011 400 52 17 third
2071 400 45 17 mail
2125 400 39 17 will
2176 400 23 16 be
2214 399 73 22 shortly

1851 430 34 10 run
1896 423 83 19 between
1996 424 86 16 Rotorua
2096 423 37 17 and
2147 423 99 22 Tanranga
2261 421 26 23 by

1851 447 33 17 the
1899 447 59 17 direct
1972 446 59 22 Oropi
2047 447 47 16 road
2110 446 76 23 leaving
2202 445 44 18 here
2263 451 23 11 on

1852 470 117 21 Wednesday
1977 470 39 16 and
2030 470 100 21 returning
2145 475 23 12 on
2182 467 104 24 Thursday.

1876 501 23 16 In
1913 500 67 23 regard
1990 503 19 15 to
2018 501 33 17 the
2064 502 103 16 treatment
2180 501 19 16 of
2215 504 72 18 sewage

1852 530 24 11 an
1894 524 81 22 English
1982 529 65 18 paper,
2059 524 63 17 which
2131 524 15 16 is
2153 530 25 10 an
2190 523 97 22 authority

1852 553 25 12 on
1887 547 108 20 sanitation,
2006 553 51 16 says:
2136 546 30 18 far
2179 553 20 11 as
2214 547 61 20 experi-

1852 576 45 11 ence
1903 576 44 16 goes
1953 571 19 16 in
1981 571 33 16 the
2022 572 62 15 towns
2097 569 74 18 around
2183 570 32 16 the
2229 571 58 17 coast,

1852 594 53 17 there
1922 593 15 17 is
1960 599 24 11 no
2000 593 78 18 method
2096 593 25 23 by
2136 593 60 16 which
2216 598 72 16 sewage

1853 623 35 10 can
1901 616 23 17 be
1937 616 113 22 discharged
2063 617 42 16 into
2113 617 33 16 the
2163 621 28 12 sea
2208 615 81 18 without

1854 645 50 11 some
1915 640 78 18 amount
2002 640 21 16 of
2035 640 87 18 mischief
2134 639 99 22 resulting.
2259 638 29 17 On

1853 663 33 16 the
1899 663 54 16 other
1965 663 58 21 hand,
2040 663 26 19 by
2081 663 84 21 treating
2179 667 72 16 sewage
2265 668 23 10 on

1853 685 51 18 land,
1918 692 39 16 you
1967 692 34 11 can
2016 686 68 17 render
2094 687 16 16 it
2125 686 113 17 inuoceuous
2252 685 37 18 and

1854 708 115 22 inoffensive,
1978 706 40 20 and
2024 708 16 19 it
2048 715 11 12 a
2073 707 89 20 nuisance
2177 714 14 12 is
2209 706 78 23 created,

1854 733 14 15 it
1878 732 14 16 is
1902 732 42 21 only
1955 738 10 11 a
1974 732 66 22 timely
2054 732 87 23 warning
2155 732 40 18 that
2210 732 53 16 there
2274 732 15 16 is

1854 755 108 23 something
1969 762 66 16 wrong
2045 754 47 20 with
2101 762 49 16 your

1877 786 38 17 The
1925 786 86 18 decrease
2019 788 19 16 in
2052 788 33 16 the
2094 788 126 22 temperature
2229 786 20 18 of
2258 788 35 16 the-

1856 809 78 21 Kuirau,
1944 811 82 17 referred
2035 812 21 16 to
2067 811 20 17 in
2096 810 36 18 last
2139 811 54 16 issue,
2200 811 37 16 still
2245 816 33 11 con-

1854 833 62 17 tinues
1925 839 19 11 so
1954 833 29 18 far
2000 840 19 11 as
2036 834 33 17 the
2085 835 51 16 main
2153 833 44 23 pool
2214 833 14 18 is
2245 840 33 11 con-

1855 856 72 17 cerned.
1962 856 39 18 The
2010 857 77 17 outflow
2105 858 20 16 of
2133 858 59 15 water
2200 857 34 16 has
2247 862 43 11 now

1855 879 79 23 entirely
1943 880 64 17 ceased
2014 880 38 17 and
2060 880 34 17 the
2113 880 48 17 level
2178 880 19 17 of
2205 880 33 18 the
2246 880 43 22 pool

1855 903 34 16 has
1897 903 80 17 lowered
1991 903 60 17 about
2061 905 21 15 12
2089 904 70 16 inches.
2185 903 38 17 The
2237 903 53 22 pools

1854 925 58 23 along
1920 927 33 16 the
1962 927 76 17 Tarewa
2047 927 45 16 road
2101 932 30 11 are
2137 927 20 16 of
2164 932 19 11 as
2189 927 46 21 high
2241 928 36 15 tem-

1855 950 86 21 perature
1950 955 19 12 as
1979 955 43 12 ever
2030 950 74 21 though
2114 950 32 16 the
2155 956 66 15 geyser
2228 950 62 17 action

1855 970 109 20 observable
1972 973 53 17 there
2034 973 15 17 is
2058 974 34 16 not
2101 979 8 11 s
2116 979 5 11 i
2130 973 77 17 marked
2221 979 21 12 as
2256 973 22 17 be-

1855 995 46 17 fore.
1926 996 58 17 Much
1993 997 21 16 of
2020 997 32 16 the
2062 997 56 16 scrub
2127 996 33 16 has
2169 997 46 16 heen
2231 996 49 17 clear-

1856 1018 22 17 ed
1888 1024 44 11 near
1938 1019 38 17 this
1986 1020 54 21 point
2049 1019 26 21 by
2084 1019 32 17 the
2125 1019 72 17 natives
2207 1020 42 17 who
2259 1025 31 12 are

1855 1042 40 17 also
1917 1043 131 21 constructing
2064 1042 57 18 bat'.s
2145 1043 38 16 and
2207 1043 84 22 erecting

1855 1065 71 18 whares
1935 1065 49 18 close
1992 1066 32 22 by.

1878 1095 39 19 The
1940 1097 45 18 Rev.
2007 1097 72 22 Joseph
2103 1095 103 25 Campbell.
2230 1096 59 23 ST.A.,

1856 1120 74 19 F.G.S.,
1949 1127 39 14 <xc,
2004 1120 93 24 principal
2122 1121 21 17 of
2159 1120 22 18 Si
2202 1121 89 17 Nicholas

1857 1142 82 24 College,
1950 1143 109 19 Kondwick.
2075 1142 76 20 3ST.S.W.
2162 1144 37 17 and
2211 1144 80 18 lecturer

1856 1173 23 12 on
1891 1167 84 22 geology,
1986 1167 44 22 paid
2039 1173 9 12 a
2058 1167 62 23 flying
2128 1167 43 18 visit
2181 1169 19 15 fo
2207 1168 84 17 Rotorua

1856 1190 85 23 arriving
1948 1196 24 13 on
1987 1191 94 22 Saturday
2096 1190 58 23 night
2161 1190 37 18 and
2216 1191 75 22 leaving

1856 1219 23 13 on
1894 1214 83 22 Monday
2001 1214 95 21 morning.
2122 1214 28 16 On
2170 1214 76 18 Sunday
2259 1214 32 18 Mr

1857 1235 103 25 Campbell,
1975 1237 134 23 accompanied
2124 1235 92 25 ftyMrT.
2229 1239 60 21 Ryan.

1856 1266 19 11 as
1894 1260 63 20 guide,
1974 1261 68 16 visited
2061 1261 104 16 Tarawera.
2182 1266 11 13 a
2214 1261 76 23 locality

1857 1284 60 16 which
1927 1289 40 12 was
1974 1284 82 17 familiar
2073 1286 21 15 to
2108 1284 38 17 him
2161 1284 51 22 prior
2225 1286 20 15 to
2259 1286 32 16 the

1856 1307 93 22 eruption.
1983 1307 36 17 His
2043 1307 63 22 object
2122 1313 38 11 was
2184 1310 20 15 to
2228 1313 63 13 secure

1857 1330 44 17 data
1914 1331 29 16 for
1958 1331 63 17 future
2035 1331 95 21 lecturing
2139 1336 95 18 purposes.
2261 1332 30 16 Mr

1857 1352 103 24 Campbell,
1982 1354 43 17 who
2043 1352 84 20 lectured
2146 1355 20 16 at
2183 1355 26 16 To
2228 1353 63 20 Aroha

1856 1376 37 18 last
1899 1376 58 20 night
1962 1383 25 12 on
1994 1376 34 19 the
2041 1383 46 16 very
2101 1378 81 21 popular
2194 1378 63 17 theme
2272 1379 20 16 of

1885 1399 112 18 Gold—and'
2011 1400 50 17 How
2078 1403 20 14 to
2121 1400 36 18 Get
2174 1400 24 21 It,
2245 1404 46 14 next

1857 1423 87 22 proceeds
1954 1424 19 17 to
1980 1423 34 18 the
2018 1423 64 19 Waibi
2088 1423 74 19 district
2172 1426 20 15 to
2206 1425 85 17 examine

1857 1446 70 18 certain
1936 1447 75 21 mining
2019 1447 105 23 properties
2132 1448 30 17 for
2171 1448 31 16 the
2211 1454 81 16 purpose

1856 1469 23 18 of
1884 1470 97 22 reporting
1989 1476 24 11 on
2021 1470 57 17 them.

1898 1501 76 17 Itisnot
1982 1501 23 18 all
2011 1502 74 22 pumice

1856 1525 62 16 writes
1934 1530 11 12 a
1962 1524 66 23 Tanpo
2042 1526 151 22 correspondent,
2217 1532 23 12 an
2261 1526 31 19 old

1856 1547 68 24 digger
1931 1548 21 18 of
1958 1554 47 12 over
2011 1548 24 18 20
2045 1554 55 17 years
2114 1549 114 23 experience.
2262 1550 30 17 He

1856 1571 33 16 has
1897 1571 37 17 had
1944 1577 10 12 a
1963 1572 66 22 couple
2037 1572 19 18 of
2071 1578 43 12 men
2124 1574 33 15 out
2171 1574 122 21 prospecting

1856 1595 29 17 for
1894 1600 50 11 some
1953 1595 45 17 time
2007 1595 37 18 and
2059 1596 70 17 several
2145 1595 71 18 leaders
2230 1597 49 17 show-

1856 1619 34 21 ing
1898 1618 41 17 well
1948 1618 48 17 have
2013 1618 46 17 been
2069 1619 90 22 partially
2174 1619 72 23 opened
2259 1621 33 16 out

1856 1642 36 17 and
1907 1642 53 16 stone
1970 1643 42 15 sent
2025 1648 54 17 away
2091 1642 29 18 for
2133 1643 87 18 analysis,
2253 1644 39 16 The

1856 1665 57 17 result
1922 1665 21 16 of
1951 1665 32 16 fire
1993 1672 64 10 assays
2067 1666 20 16 of
2094 1667 37 16 two
2146 1666 81 21 samples
2244 1668 47 19 sent,

1856 1688 53 17 made
1926 1688 25 22 by
1965 1689 31 16 Mr
2011 1688 18 18 J.
2046 1688 104 18 Kitchener
2164 1689 77 21 Wilson,
2260 1696 22 11 ac-

1856 1712 78 21 cording
1953 1712 19 17 to
1990 1712 102 17 certificate
2111 1713 82 17 inclosed
2214 1714 20 15 in
2258 1719 35 11 our

1856 1734 161 23 correspondent's
2031 1736 61 19 letter,
2115 1736 14 16 is
2144 1743 20 10 as
2183 1736 85 18 follows:
2270 1734 23 23 —■

1856 1759 29 16 No
1896 1759 5 15 1
1913 1758 79 20 bullion,
2009 1761 69 18 traces;
2092 1759 31 17 No
2132 1761 10 15 2
2155 1759 51 22 gold,
2221 1761 59 16 traces
2288 1758 4 23 :

1856 1781 55 18 silver
1932 1781 62 18 l'.'alwt
2014 1783 55 19 Ifigrs
2085 1788 35 17 per
2135 1784 40 16 ton.
2201 1783 23 17 In
2245 1783 46 17 both

1855 1805 52 16 these
1923 1804 94 19 instances
2031 1804 77 25 sinking
2124 1812 24 11 on
2168 1809 19 14 to
2205 1806 32 17 the
2254 1807 39 16 reef

1857 1827 61 19 would
1932 1828 24 17 bo
1969 1828 85 22 through
2070 1829 47 17 hard
2131 1829 44 17 rock
2186 1830 38 16 and
2241 1835 51 12 more

1856 1851 68 22 capital
1934 1851 46 17 than
1990 1852 33 16 the
2037 1854 108 20 prospector
2160 1853 33 17 has
2207 1854 20 16 at
2240 1859 39 11 com-

1857 1874 54 17 mand
1929 1874 63 18 would
2007 1875 23 17 ho
2046 1875 87 23 required
2148 1876 29 17 for
2186 1875 33 19 the
2233 1876 58 17 work.

1857 1897 59 17 Other
1926 1900 118 19 prospectors
2053 1905 32 10 are
2094 1905 43 11 now
2146 1900 33 17 out
2188 1905 20 10 as
2217 1900 32 16 the
2263 1905 20 11 re-

1856 1921 47 17 sults
1928 1927 20 10 so
1965 1921 35 22 far;
2027 1922 75 23 though
2120 1922 59 21 small,
2203 1928 31 12 are
2257 1929 24 11 en-

1856 1945 108 19 couraging.

1880 1976 25 16 At
1919 1976 33 16 the
1965 1977 84 21 opening
2064 1977 21 17 of
2100 1977 33 17 the
2150 1977 68 18 Native

1856 1999 57 17 Court
1923 2005 24 11 on
1956 1998 83 23 Monday
2049 2000 32 17 the
2091 2000 70 23 parties
2166 2000 103 19 interested
2272 2001 20 18 in

1856 2023 32 15 the
1904 2022 90 23 partition
2017 2024 20 16 of
2057 2024 124 21 Mangorewa
2205 2024 87 18 Kakaroa

1855 2045 55 17 block
1916 2046 57 17 failed
1982 2048 20 15 to
2011 2051 72 19 appear
2089 2047 37 17 and
2132 2047 42 18 that
2180 2049 69 16 matter
2255 2054 38 11 was

1856 2068 34 17 left
1898 2069 20 16 in
1927 2068 101 23 abeyance.
2054 2070 31 17 On
2100 2070 33 17 tfio
2151 2070 59 17 Court
2225 2071 69 21 asking

1857 2092 14 16 if
1880 2092 31 16 the
1921 2091 93 19 Okataina
2024 2093 67 22 people
2098 2099 47 11 were
2159 2094 57 21 ready
2231 2095 19 15 to
2268 2101 25 14 go

1856 2121 24 10 on
1889 2115 45 17 with
1944 2115 49 17 their
2002 2122 41 11 case
2062 2117 26 16 Te
2102 2117 71 17 Oraora
2189 2117 71 22 replied
2273 2118 19 16 in

1856 2138 32 17 the
1895 2138 89 23 negative
1992 2139 38 18 and
2045 2140 62 17 stated
2122 2140 43 17 that
2180 2140 30 17 his
2226 2141 67 21 people

1856 2161 86 22 objected
1952 2163 19 15 to
1977 2162 33 17 the
2018 2162 120 23 Jurisdiction
2149 2164 19 16 of
2178 2164 32 16 the
2227 2163 65 18 Court.

1856 2185 16 16 A
1879 2185 37 17 few
1924 2186 105 16 succession
2039 2186 38 16 and
2086 2188 71 15 trustee
2166 2186 64 18 orders
2244 2193 49 12 were

1856 2207 54 18 made
1917 2208 37 18 and
1961 2209 33 17 the
2003 2209 59 17 Court
2072 2209 112 22 adjourned.
2215 2209 66 18 Tester-

1856 2231 37 22 day
1912 2232 91 22 morning
2018 2232 56 17 when
2091 2233 32 17 the
2145 2233 59 17 Court
2221 2233 72 20 opened

1856 2254 52 17 there
1917 2260 79 12 wereno
2006 2256 73 16 natives
2085 2257 81 21 present.
2191 2256 87 17 TbeMan-

1856 2283 74 18 gorowa
1940 2277 89 19 Kakaroa
2038 2285 51 10 cases
2098 2285 48 11 were
2160 2279 55 23 again
2233 2280 59 18 called

1856 2301 35 16 and
1900 2307 24 12 no
1931 2306 35 13 one
1971 2302 105 22 appearing
2077 2301 1 24 l
2082 2302 99 23 thejrwere
2189 2303 103 18 dismissed.

1857 2324 17 17 It
1884 2324 15 17 is
1908 2325 111 16 considered
2027 2325 41 17 that
2078 2325 38 18 this
2121 2325 139 19 disinclination
2269 2333 23 11 on

1856 2348 32 16 the
1896 2350 44 19 part
1949 2348 20 16 of
1977 2348 33 17 the
2025 2349 73 17 natives
2115 2350 20 16 to
2151 2349 79 22 proceed
2246 2350 47 17 with

1857 2371 48 16 their
1914 2371 64 17 claims
1987 2372 57 16 arises
2053 2372 49 17 from
2112 2373 70 17 certain
2192 2373 61 17 action
2260 2373 22 17 de-

1857 2393 52 18 cided
1918 2400 23 11 on
1951 2396 20 15 at
1980 2394 32 17 the
2022 2397 63 15 recent
2094 2397 84 22 meeting
2189 2396 20 16 of
2218 2396 31 17 the
2258 2402 23 12 na-

1857 2417 38 17 tive
1901 2416 112 23 parliament
2024 2420 19 15 at
2052 2418 97 18 Tokaanu.
2175 2419 38 17 The
2222 2419 59 23 Ngati-

1856 2440 73 17 waFiiao
1949 2447 49 11 wore
2015 2443 76 21 present
2105 2448 23 11 on
2154 2442 84 23 Monday
2255 2444 37 16 and

1856 2464 91 22 prepared
1956 2470 20 11 to
1985 2471 25 16 go
2025 2471 23 11 or,
2066 2465 46 17 with
2127 2466 50 16 their
2193 2472 50 11 cases
2258 2466 35 18 but

1855 2487 64 21 owing
1929 2489 19 15 to
1961 2488 31 17 the
2010 2487 78 18 absence
2106 2489 20 16 of
2142 2487 31 19 the
2189 2489 101 23 applicant,

1855 2510 52 17 Meta
1916 2510 116 23 Tiiupopoki,
2043 2512 43 16 who
2095 2512 15 17 is
2119 2518 23 11 on
2151 2512 47 22 duty
2206 2519 21 10 as
2232 2519 50 11 asses-

1855 2539 31 11 sor
1894 2534 20 16 at
1923 2539 10 11 a
1940 2534 91 18 northern
2041 2536 55 16 court
2105 2541 25 11 no
2138 2534 84 19 business
2237 2536 55 17 could

1855 2556 23 16 be
1886 2557 54 15 done.

1879 2587 30 17 Mr
1917 2588 51 17 John
1979 2589 16 16 T.
2010 2588 80 21 Phillips
2108 2590 20 16 of
2143 2590 32 17 the
2193 2590 98 18 Auckland

1855 2610 62 19 Lands
1928 2611 37 18 and
1975 2612 71 22 Survey
2056 2613 131 21 Department,
2202 2613 42 17 who
2258 2614 33 16 has

1854 2634 46 17 been
1911 2635 48 16 from
1969 2635 45 17 time
2024 2637 19 15 to
2053 2635 46 18 time
2108 2635 88 25 engaged
2202 2636 20 18 in
2235 2638 55 17 much

1855 2663 66 16 survey
1930 2658 53 17 work
1991 2659 19 16 in
2025 2659 38 16 this
2077 2658 80 22 district,
2173 2660 33 17 has
2216 2660 74 19 severed

1853 2681 29 16 his
1891 2682 110 16 connection
2012 2682 46 17 with
2069 2682 32 18 the
2102 2681 3 20 1
2109 2682 128 19 Government
2253 2684 40 17 and

1855 2703 69 19 started
1934 2705 18 16 in
1962 2703 84 20 business
2056 2712 20 9 as
2093 2705 107 19 authorised
2218 2707 73 22 mining

1854 2727 37 16 and
1899 2728 45 16 land
1953 2729 82 16 transfer
2048 2735 95 16 surveyor.
2175 2729 29 18 On
2221 2729 70 23 Friday

1853 2750 38 17 last
1899 2751 32 17 the
1940 2751 61 18 whole
2010 2752 20 16 of
2039 2752 32 17 (he
2081 2758 67 15 survey
2163 2752 45 19 staff
2220 2759 59 11 assem-

1853 2773 43 17 bled
1911 2774 19 16 in
1948 2775 31 16 (he
1993 2775 100 17 Auckland
2109 2771 52 21 office
2175 2778 20 15 to
2210 2776 32 17 bid
2260 2776 31 18 Mr

1854 2797 79 22 Phillips
1942 2798 89 17 farewell.
2057 2799 32 16 Mr
2102 2799 87 19 Mueller,
2199 2800 78 17 Commis-

1853 2820 62 17 sioner
1923 2821 20 16 of
1952 2821 68 17 Crown
2029 2822 70 19 Lands,
2116 2822 86 22 presided
2216 2823 38 17 and
2269 2823 20 18 in

1853 2843 33 17 the
1894 2849 55 11 name
1961 2845 21 16 of
1994 2844 33 17 the
2041 2845 71 17 officers
2129 2846 20 16 of
2165 2846 32 16 (he
2214 2846 66 22 depart-

1853 2868 52 15 ment
1914 2867 98 21 presented
2022 2867 31 18 Sir
2063 2868 79 22 Phillips
2152 2868 45 18 with
2210 2875 10 11 a
2229 2868 49 18 hand-

1853 2895 51 12 some
1914 2896 40 11 ease
1963 2891 112 19 containing
2091 2891 59 23 pipes,
2166 2892 124 22 cigar-tubes,

1853 2913 40 19 &C,
1902 2914 21 16 at
1931 2913 33 18 the
1973 2920 50 11 same
2040 2915 46 16 time
2100 2915 110 22 expressing
2223 2915 20 18 in
2257 2916 33 17 the

1853 2937 50 16 most
1911 2937 157 22 complimentary
2077 2939 58 16 terms
2143 2937 32 19 the
2193 2940 87 21 apprecia-

1853 2959 40 17 tion
1902 2959 19 17 in
1931 2960 60 17 which
2002 2961 28 16 his
2039 2961 80 17 services
2133 2967 49 11 were
2196 2962 43 16 held
2253 2962 38 18 and

1853 2982 73 22 hoping
1947 2983 43 17 that
2011 2984 31 17 (Ik;
2064 2984 64 17 future
2145 2990 61 12 career
2222 2985 21 17 of
2258 2985 33 18 the

1853 3006 90 21 recipient
1968 3007 62 16 would
2053 3008 24 16 be
2100 3013 117 16 prosperous.
2259 3009 32 17 Mr

1853 3029 127 21 Kensington,
1990 3030 51 17 chief
2049 3030 143 22 draughtsman,
2203 3032 87 17 followed

1853 3052 19 17 in
1881 3052 32 17 the
1922 3058 50 11 same
1990 3053 59 18 strain
2067 3054 92 22 speaking
2173 3055 20 16 of
2207 3055 32 17 the
2253 3055 41 17 loss'

1853 3075 62 17 which
1935 3076 32 17 the
1984 3076 94 23 draughts
2091 3077 120 23 department
2225 3079 65 16 would

1854 3098 56 17 suffer
1917 3098 20 17 in
1945 3099 58 22 being
2018 3100 90 21 deprived
2122 3100 20 17 of
2158 3101 29 16 his
2204 3102 87 17 valuable

1854 3121 84 17 services.
1962 3122 33 17 Mr
2004 3122 80 23 Phillips
2094 3124 82 22 suitably
2185 3124 106 22 responded

1854 3144 37 17 and
1900 3143 33 19 the
1942 3146 83 22 meeting
2034 3147 113 16 terminated
2157 3147 45 17 with

1854 3168 117 21 expressions
1989 3169 20 17 of
2023 3169 96 21 goodwill'.
2150 3170 141 19 Presentations

1854 3196 48 12 were
1914 3192 21 16 at
1949 3192 34 16 the
1996 3198 51 11 same
2061 3193 46 16 time
2120 3193 54 17 made
2189 3195 20 16 to
2222 3194 69 17 Messrs

1853 3213 90 23 Harding
1950 3215 39 17 and
1997 3215 52 24 Rigg
2058 3216 44 17 who
2115 3222 31 11 are
2161 3216 40 18 also
2215 3217 76 23 leaving

1855 3237 31 16 the
1896 3237 125 23 department.

1877 3268 70 18 Messrs
1967 3270 23 17 E.
2011 3270 106 18 Robertson
2137 3271 37 17 and
2190 3271 33 17 Co.
2243 3271 48 19 have

1855 3291 39 22 just
1903 3292 79 18 finished
1991 3293 80 22 making
2080 3294 73 17 farther
2161 3294 95 18 additions
2272 3298 19 14 to

1855 3314 49 17 their
1922 3317 96 16 extensive
2036 3317 60 17 stable
2116 3317 140 18 accomodation
2270 3319 21 16 in

1855 3338 104 18 Tutanekai
1968 3340 68 16 Street.
2063 3339 46 18 Part
2131 3340 21 17 of
2168 3340 33 17 the
2222 3341 57 17 coach-

1854 3361 58 17 house
1921 3362 34 16 has
1971 3363 47 17 been
2034 3363 117 22 partitioned
2167 3364 27 16 off
2208 3364 38 17 and
2260 3364 20 17 di-

1855 3383 55 18 vided
1921 3385 41 16 into
1976 3386 71 17 several
2064 3386 53 22 large
2131 3387 37 16 and
2180 3387 41 22 airy
2236 3387 55 17 loose'

1852 3406 64 18 boxes.
1950 3408 26 18 To
1986 3409 90 22 make-up
2083 3410 29 17 for
2126 3409 33 18 the
2168 3410 120 17 curtailment

1853 3430 21 16 of
1878 3430 32 17 the
1919 3432 57 17 coach
1985 3432 58 17 house
2052 3432 62 18 ashed
2121 3432 35 18 lias
2163 3432 47 18 been
2217 3434 73 16 erected

1853 3453 42 17 able
1903 3455 21 15 to
1929 3455 141 17 accommodate
2076 3462 44 10 over
2125 3462 11 11 a
2145 3456 58 16 dozen
2209 3455 81 19 vehicles

1853 3476 21 17 of
1881 3477 26 16 all
1914 3477 128 23 descriptions.
2069 3479 50 16 With
2127 3484 23 11 an
2157 3485 32 16 eye
2197 3481 20 14 to
2227 3479 63 17 future

1853 3500 135 21 requirements
2002 3502 37 16 this
2048 3502 89 24 building
2151 3502 34 17 has
2206 3501 47 18 been
2268 3509 21 10 so

1853 3524 119 16 constructed
1980 3530 21 11 as
2013 3526 21 15 to
2042 3524 61 18 admit
2111 3525 20 17 of
2140 3525 24 17 its
2179 3525 109 17 conversion

1853 3545 40 17 into
1902 3552 10 11 a
1921 3547 55 21 grain
1985 3549 49 15 store
2043 3548 46 16 with
2099 3547 46 17 door
2154 3548 36 16 and
2199 3548 91 18 windows

1853 3569 66 22 facing
1926 3570 104 17 Tutanekai
2040 3571 28 16 St.
2093 3571 17 16 A
2119 3572 85 16 concrete
2217 3571 29 22 pit
2260 3572 31 17 for

1853 3593 32 17 the
1900 3594 95 21 reception
2010 3594 20 16 of
2044 3599 79 11 manure
2136 3595 42 17 etc:,
2192 3593 34 18 has
2242 3594 48 17 been

1853 3617 47 16 sunk
1919 3617 20 15 at
1956 3616 32 17 the
2004 3622 42 11 rear
2062 3617 25 16 of
2098 3617 33 16 the
2147 3617 50 17 main
2221 3617 66 19 stable.

1853 3637 44 20 This
1910 3639 103 22 receptacle
2035 3639 16 17 is
2072 3639 123 23 periodically
2208 3641 82 22 emptied

1853 3662 38 17 and
1896 3662 32 16 the
1935 3662 47 17 staff
1989 3662 64 17 carted
2062 3664 20 15 to
2095 3662 33 17 the
2142 3664 48 16 farm
2206 3664 29 16 for
2250 3664 29 17 fer-

1853 3684 73 23 tilising
1934 3691 96 16 purposes.
2056 3685 56 17 From
2123 3692 11 10 a
2140 3686 83 23 sanitary
2232 3688 56 21 point

1853 3709 20 16 of
1881 3708 47 17 view
1933 3708 39 16 this
1980 3708 16 16 is
2004 3714 25 11 an
2043 3709 93 17 excellent
2152 3712 135 19 arrangement

1854 3731 36 18 and
1900 3731 77 21 permits
1987 3731 32 17 the
2034 3731 69 18 stables
2117 3733 20 16 to
2150 3733 23 16 be
2186 3732 46 21 kept
2245 3733 20 17 in
2278 3740 12 11 a

1854 3754 52 17 clean
1915 3754 36 16 and
1961 3754 113 17 wholesome
2080 3755 103 17 condition.
2208 3756 80 22 Though

1854 3777 37 17 this
1900 3778 15 16 is
1924 3777 33 17 the
1966 3777 40 17 dull
2021 3783 67 12 season
2101 3784 20 12 so
2135 3779 29 16 far
2177 3785 20 11 as
2211 3780 79 16 tourists

1853 3806 31 11 are
1898 3800 110 20 concerned,
2025 3801 86 17 business
2124 3801 35 18 has
2171 3802 47 16 been
2233 3803 57 21 fairly

1853 3824 51 16 brisk
1928 3824 29 16 for
1977 3829 51 12 some
2045 3824 46 17 time
2105 3826 49 20 past.
2187 3825 39 16 The
2248 3825 42 18 first

1853 3846 71 18 vehicle
1933 3848 20 15 to
1961 3847 83 17 traverse
2058 3848 33 16 the
2103 3848 120 17 Kotorua-Te
2238 3848 51 17 Teko

1854 3869 51 19 road,
1915 3875 20 11 as
1944 3869 30 17 far
1982 3876 20 10 as
2011 3870 32 17 the
2058 3870 49 17 head
2122 3871 20 17 of
2150 3871 77 19 Ilotoiti,
2234 3872 55 16 made

1853 3893 33 16 the
1905 3892 80 22 journey
2005 3893 37 17 last
2056 3893 58 20 week,
2132 3893 37 18 and
2186 3894 48 17 from
2252 3895 32 17 the

1853 3915 115 17 encomiums
1981 3916 67 21 passed
2062 3922 24 11 on
2094 3917 32 16 the
2147 3923 75 16 scenery
2230 3918 59 17 alon<r

1853 3938 33 17 the
1894 3938 38 17 lino
1941 3938 21 17 of
1969 3940 54 16 route
2030 3940 54 16 there
2093 3939 15 17 is
2117 3945 55 17 every
2187 3946 65 12 reason
2267 3943 21 15 to

1853 3967 80 17 suppose
1946 3961 44 17 that
2004 3962 32 16 the
2052 3962 61 17 Lakes
2128 3963 45 17 road
2187 3963 39 17 will
2241 3963 22 17 be
2277 3970 11 11 a

1853 3984 79 17 favorite
1945 3984 52 17 drive
2011 3985 47 17 with
2070 3986 75 16 visitors
2159 3987 47 15 next
2215 3992 71 10 season.

2331 89 33 17 Mr
2371 89 98 17 Robinson
2478 88 86 24 Spencer,
2574 89 91 21 formerly
2677 88 21 18 of
2711 88 33 17 th*»

2309 113 40 21 Bay
2359 113 19 16 of
2388 112 81 19 Islands,
2479 112 85 18 succeeds
2573 113 32 16 Mr
2613 112 64 17 Geaeh
2686 113 20 15 at
2712 112 32 16 the

2309 135 98 18 Fraukton
2430 135 65 20 Hotel,
2521 135 97 18 Fmnkfon
2644 134 99 18 Junction.

2308 157 138 20 Tilßexcellent
2451 160 141 19 arrangements
2599 159 84 16 hitherto
2690 157 55 17 made

2309 183 29 16 for
2347 182 31 17 the
2389 180 117 24 regalement
2514 182 20 16 of
2547 182 98 17 travellers
2658 181 86 17 between

2309 206 84 16 Rotorua
2402 203 38 18 and
2449 204 99 17 Auckland
2557 204 39 18 will
2604 205 23 16 be
2642 204 103 18 continued

2308 228 60 18 under
2376 228 33 16 the
2418 233 42 11 now
2469 228 138 22 management.

2332 259 56 18 Some
2403 259 68 17 twelve
2490 258 76 17 months
2582 265 37 15 ago

2309 283 76 23 Young,
2397 282 19 16 of
2426 283 32 16 the
2476 281 97 18 Salvation
2582 282 64 21 Army,
2664 281 55 18 made
2734 287 11 11 a

2308 305 110 23 protracted
2431 307 43 20 stay
2493 305 20 17 in
2528 305 84 17 Rotorua
2623 306 73 20 testing
2712 305 33 16 the

2309 328 64 19 health
2383 329 94 22 restoring
2490 329 101 16 influences
2600 329 20 15 of
2634 334 34 11 our
2681 327 63 18 baths.

2310 352 75 23 During
2393 353 30 18 his
2431 352 78 22 sojourn
2521 352 44 16 here
2574 351 31 16 Mr
2615 351 77 22 Young,
2703 350 42 18 who

2310 381 37 12 was
2356 376 26 23 by
2391 376 53 17 trade
2453 381 12 12 a
2473 375 62 19 tailor,
2545 373 77 18 worked
2630 374 30 16 for
2668 375 33 16 the
2707 374 39 17 late

2309 399 26 16 H.
2345 399 28 17 W.
2385 399 117 24 Neighbour.
2536 398 19 16 It
2564 397 14 17 is
2588 402 43 12 now
2640 397 107 21 gratifying

2309 423 20 16 to
2338 423 38 16 find
2387 423 48 17 from
2447 428 9 11 a
2467 423 64 16 recent
2543 421 49 16 issue
2606 420 20 17 of
2640 419 32 18 the
2702 420 45 17 War

2309 444 38 24 Cry
2374 446 45 17 that
2425 444 77 24 though
2509 449 26 12 no
2548 443 89 22 startling
2652 443 59 17 result
2726 444 20 16 at

2310 467 40 19 first
2371 468 79 19 accrued
2469 468 31 17 the
2521 467 137 22 improvement
2681 466 21 18 in
2717 466 30 16 his

2310 490 64 19 health
2385 492 80 23 steadily
2477 489 100 20 continued
2587 489 30 17 till
2630 489 23 17 he
2667 489 16 16 is
2698 489 47 21 able,

2310 514 47 17 with
2365 515 29 17 his
2404 516 49 17 wife,
2469 516 20 15 to
2500 519 73 12 resume
2587 512 60 17 active
2660 512 54 18 work
2728 515 19 14 at

2310 537 40 17 Pun
2353 543 57 12 mure-.
2435 538 32 17 Mr
2488 537 78 22 Young,
2596 534 55 19 made
2651 534 2 25 1
2675 541 11 11 a
2711 536 36 16 few

2310 560 73 18 friends-
2399 561 50 19 here,
2463 560 73 18 outside
2552 560 21 16 of
2591 559 33 17 the
2639 557 108 19 immediate

2310 583 55 17 circle
2373 584 19 17 in
2402 585 60 17 which
2477 584 23 16 he
2511 583 64 21 might
2582 583 24 17 be
2620 582 94 22 supposed
2728 581 19 18 t.)

2310 606 44 17 look
2364 607 29 18 for
2399 607 102 18 intimates,
2511 606 38 19 and
2565 606 53 17 these
2627 606 38 16 will
2681 605 23 16 be
2714 605 22 16 de-

2310 629 75 22 lighted
2394 632 19 15 to
2422 631 45 16 hear
2472 630 20 17 of
2497 630 29 17 his
2531 629 113 18 restoration
2651 632 18 13 to
2676 628 71 17 health.

2394 659 113 17 WOLFE'S
2525 658 139 18 SCHNAPPS.

2522 691 13 11 *

2312 713 16 16 A
2338 712 127 21 wineglassfnl
2476 712 19 17 of
2512 712 37 17 this
2566 710 57 19 taken
2637 711 65 17 before
2719 716 19 13 re-

2312 735 59 22 tiring
2380 736 16 16 is
2404 736 53 16 often
2471 741 53 11 more
2536 734 86 18 effectual
2631 734 47 17 than
2693 734 54 17 those

2312 758 97 22 anodynes
2418 759 20 17 of
2447 759 60 17 which
2516 758 33 18 the
2557 757 50 19 basis
2615 758 15 16 is
2640 758 70 22 opium.

2371 806 75 17 MORE
2459 806 226 17 HOUSEBREAKING.

2336 852 25 18 At
2372 853 31 16 the
2419 853 63 17 Police
2496 853 58 17 Court
2570 853 38 17 this
2625 853 91 21 morning
2728 853 20 16 T.

2313 875 81 18 Downes
2404 882 38 10 was
2451 876 82 22 charged
2545 876 65 17 before
2624 876 29 17 Dr
2669 876 81 17 Ginders

2312 899 38 16 and
2359 900 31 16 Mr
2400 898 18 19 S.
2429 900 20 16 T.
2465 900 65 19 Brent,
2539 899 59 20 J.Ps.,
2615 899 45 16 with
2678 899 72 22 having

2312 922 73 17 broken
2393 922 41 17 into
2443 922 32 17 the
2483 922 89 22 premises
2588 922 20 18 of
2625 922 21 17 P.
2663 922 87 22 Mcllroy

2312 946 18 16 in
2342 946 46 21 May
2404 945 37 17 last
2455 946 37 16 and
2509 945 59 17 stolen
2583 946 103 16 therefrom
2703 951 35 11 one-

2312 969 42 16 half
2363 969 97 21 sovereign
2477 968 37 17 and
2528 975 11 10 a
2556 969 35 17 silk
2606 969 143 17 handkerchief.

2313 992 39 16 The
2361 992 42 17 coin
2411 992 20 17 in
2437 992 87 22 question
2531 997 38 12 was
2574 998 36 11 one
2615 992 59 21 easily
2680 992 60 17 identi-

2313 1014 62 18 fiable.
2401 1015 39 17 The
2449 1015 87 17 evidence
2544 1016 22 16 of
2579 1015 25 17 P,
2616 1015 92 22 Mcllroy,
2726 1016 23 16 A.

2313 1038 70 23 Brady,
2405 1038 19 17 J.
2447 1038 83 20 Cobban,
2554 1039 69 17 Native
2648 1038 102 18 Constable

2313 1061 63 20 Clark,
2387 1061 38 18 and
2439 1061 91 23 Sergeant
2544 1061 66 21 Green,
2629 1067 39 12 was
2686 1061 63 18 'Saken.

2312 1085 40 16 The
2361 1085 87 16 evidence
2457 1086 20 15 of
2485 1085 32 17 the
2526 1085 57 17 latter
2590 1081 77 22 showed
2676 1084 43 18 that
2728 1085 22 16 he

2312 1108 85 17 received
2406 1108 49 17 from
2464 1114 41 13 one,
2519 1108 125 21 Saunderson,
2663 1108 86 18 butcher.

2313 1132 20 16 at
2342 1131 113 21 Onohuuga,
2465 1137 24 11 on
2498 1131 49 17 June
2559 1131 24 21 184
2591 1131 8 21 h
2607 1131 46 21 Itist,
2669 1131 32 17 the
2710 1131 40 18 half

2314 1154 97 23 sovereign
2422 1154 59 18 which
2491 1160 37 11 was
2538 1155 97 16 identified
2644 1155 25 21 by
2679 1154 21 18 P.
2709 1154 28 18 Mc-

2314 1177 51 23 llroy
2375 1183 20 12 as
2404 1178 29 16 his
2442 1178 94 23 property.
2550 1178 40 17 The
2599 1178 54 17 other
2662 1177 88 19 evidence

2313 1200 76 18 showed
2398 1201 43 17 that
2450 1200 31 18 (hi!
2490 1201 41 17 coin
2540 1201 19 17 in
2565 1202 86 21 question
2658 1201 39 17 had
2704 1201 46 17 been

2314 1224 55 23 given
2380 1224 25 22 by
2414 1223 78 19 accused
2501 1225 20 16 to
2530 1225 84 19 Cobban,
2628 1224 38 17 and
2683 1225 67 16 thence

2314 1253 47 17 passi
2369 1247 11 18 d
2389 1247 41 18 into
2441 1246 133 19 Baunderson's
2583 1248 67 17 hands.
2665 1248 85 17 Accused

2314 1276 38 11 was
2361 1270 110 18 committed
2484 1272 20 16 to
2519 1270 44 18 take
2577 1271 29 17 his
2620 1270 43 19 trial
2682 1272 19 16 at
2720 1271 30 17 the

2313 1295 46 16 next
2368 1294 91 17 Criminal
2468 1294 79 17 sessions
2555 1294 19 16 in
2583 1294 107 17 Auckland.

2338 1317 16 18 A
2363 1318 64 16 iititive
2436 1317 67 17 named
2512 1317 68 17 Rewiti
2590 1324 37 11 was
2637 1317 84 18 arrested
2731 1319 19 16 at

2315 1339 117 19 Strathmore
2443 1345 23 14 on
2476 1340 76 22 Sunday
2561 1340 43 21 last,
2615 1347 23 11 on
2648 1340 33 18 the
2691 1341 50 16 infor-

2314 1364 71 16 mation
2396 1364 19 18 of
2423 1363 82 17 Edward
2514 1364 85 22 Douglas
2613 1370 23 11 on
2653 1369 11 13 a
2682 1364 68 23 charge

2314 1387 20 17 of
2343 1386 93 24 breaking
2444 1387 37 17 and
2495 1387 92 22 entering.
2620 1387 40 17 The
2677 1387 73 22 alleged

2314 1410 71 17 offence
2394 1411 79 17 consists
2483 1410 19 17 of
2510 1411 99 22 removing
2623 1411 62 20 doovs,
2703 1411 36 16 win-

2314 1433 58 21 dows,
2382 1434 83 20 fencing,
2476 1434 32 16 &c.

2453 1482 61 20 AND
2529 1483 60 19 THE
2600 1484 123 19 TOURIST.

2486 1536 21 18 of
2526 1536 33 19 the
2578 1536 109 20 Auckland
2707 1538 44 18 Star

2315 1561 127 20 discoursetli
2451 1562 141 20 as-follows-in
2606 1569 13 13 a
2635 1568 71 14 recent
2725 1563 18 18 is-

2316 1595 34 11 sue
2359 1595 3 11 :

2410 1614 86 25 English
2507 1615 73 18 tourist
2599 1615 21 18 of
2637 1615 35 19 the
2684 1614 4 25 '
2697 1615 42 19 hnw-

2315 1640 44 20 haw
2369 1640 4 27 '
2385 1641 52 24 style
2448 1641 56 17 made
2515 1648 24 11 an
2552 1641 94 26 amusing
2665 1641 87 20 blunder

2316 1673 26 12 on
2352 1666 35 20 the
2396 1666 79 26 subject
2483 1667 21 17 of
2512 1667 104 19 landlords
2623 1674 27 18 up
2658 1671 21 15 at
2688 1667 51 19 Roto-

2316 1699 38 12 rua
2372 1693 35 18 the
2425 1695 58 17 other
2502 1693 44 24 d»y.
2586 1694 100 24 Strolling
2703 1695 49 17 with

2316 1718 66 25 lordly
2406 1719 30 19 nir
2455 1719 89 25 through
2566 1719 35 19 tho
2622 1720 130 20 r-anatorium

2316 1745 90 23 grounds
2417 1745 24 18 he
2453 1748 40 15 met
2504 1752 12 12 a
2525 1744 51 21 local
2586 1746 72 24 genius
2676 1747 43 17 who
2736 1747 17 17 is

2315 1771 108 18 connected
2436 1771 47 19 with
2495 1771 33 19 the
2539 1771 137 19 Government
2686 1771 64 21 baths.

2316 1797 38 19 Old
2375 1797 123 19 'Jack'and
2523 1797 33 19 tho
2575 1797 75 20 British
2672 1799 80 18 'swell'

2315 1822 36 21 foil
2358 1823 44 20 into
2410 1823 146 25 conversation,
2566 1823 22 20 in
2597 1823 35 20 the
2647 1831 70 12 course
2732 1825 21 18 of

2317 1850 64 18 which
2392 1850 35 18 tho
2437 1850 133 24 globetrotter
2578 1856 49 13 wax<
2635 1850 13 19 d
2657 1850 94 26 eloquent

2316 1882 25 11 on
2352 1876 34 18 the
2396 1876 70 19 mevi-ts
2476 1876 21 17 of
2507 1876 103 19 landlords
2625 1884 21 11 us
2665 1883 11 12 a
2693 1883 9 14 c
2713 1885 38 12 ass,

2316 1901 40 20 and
2366 1908 25 13 on
2411 1903 33 18 the
2463 1902 230 25 astounding.laziness,
2715 1909 25 14 un-

2316 1928 120 19 eleauliness
2447 1928 39 18 and
2497 1929 83 23 general
2591 1929 125 19 wickedness
2732 1931 21 18 of

2316 1954 34 19 the
2374 1954 74 19 classes
2472 1954 72 18 known
2564 1961 22 12 as
2610 1957 82 17 tenants
2712 1956 40 19 and

2317 1980 146 23 workiiigmen.
2508 1980 118 22 Landlords,
2651 1981 25 19 he
2701 1989 52 18 gave

2317 2006 4 24 '
2330 2006 50 19 Jack
2390 2006 4 24 '
2406 2011 19 14 to
2446 2006 129 24 understand,
2593 2013 50 12 were
2660 2007 34 20 the
2714 2009 36 18 salt

2316 2032 22 20 of
2347 2033 35 18 the
2392 2033 64 22 earth,
2476 2033 39 18 and
2533 2033 58 18 when
2606 2039 40 19 you
2665 2034 37 18 ask
2722 2035 31 18 for

2316 2060 55 17 them
2382 2059 48 18 take
2441 2066 25 11 no
2478 2059 62 18 other.
2571 2059 25 18 In
2607 2059 40 19 this
2654 2061 64 18 strain
2728 2060 25 19 lie

2316 2088 52 16 went
2380 2092 25 12 on
2417 2085 51 19 until
2481 2084 101 25 presently
2592 2085 57 19 there
2657 2086 95 26 leisurely

2316 2110 128 26 approached
2455 2118 11 11 a
2477 2110 108 20 half-caste
2598 2112 71 18 Maori,
2684 2120 37 11 one
2732 2114 18 17 of

2315 2138 35 18 the
2361 2137 98 25 principal
2476 2137 127 19 landowners
2618 2138 21 18 in
2657 2138 35 19 tho
2711 2139 31 18 dis-

2316 2164 51 18 trict.
2405 2163 55 19 John
2482 2163 65 19 Maori
2571 2170 41 12 was
2634 2165 75 19 attired
2731 2165 21 19 in

2314 2189 71 19 rather
2406 2189 83 25 neglige
2510 2191 96 20 eostume,
2627 2192 40 18 and
2685 2197 22 13 as
2727 2191 25 19 he

2316 2216 63 18 threw
2389 2215 81 19 himself
2480 2215 58 19 down
2548 2222 25 12 on
2581 2217 34 18 the
2622 2224 58 17 grass
2688 2217 65 19 under

2316 2247 11 14 a
2338 2241 63 24 shady
2410 2245 42 15 tree
2462 2241 38 20 and
2516 2241 84 25 yawned
2616 2243 134 25 capaciously,

2316 2268 34 18 the
2373 2267 88 26 English
2482 2267 107 25 'Johnny'
2605 2269 112 19 exclaimed
2733 2269 19 19 in

2316 2293 86 26 disgust,
2430 2293 4 26 '
2442 2294 70 18 There,
2533 2300 50 16 now,
2603 2295 47 19 look
2667 2298 22 16 at
2708 2295 45 19 that

2316 2320 44 24 luay
2380 2319 88 25 liegg.r;
2486 2320 7 18 1
2516 2319 84 27 daresay
2620 2321 44 19 lie's
2683 2328 12 12 a
2714 2321 39 20 fair

2316 2346 77 25 sample
2403 2347 22 18 of
2441 2347 33 17 the
2486 2346 92 25 working
2594 2354 47 12 men
2661 2347 22 19 of
2702 2347 50 19 New

2315 2372 106 19 Zealand.'
2450 2372 61 19 Old'
2511 2372 64 19 Jack'
2590 2373 100 19 chuckled
2704 2374 49 22 long

2316 2399 41 18 and
2372 2398 129 26 profoundly,
2525 2399 41 18 and
2591 2399 50 20 then
2659 2400 25 18 he
2701 2400 49 20 said,

2316 2425 4 23 '
2331 2425 38 23 Oh,
2381 2431 31 12 Ha.
2425 2425 32 21 sir,
2475 2425 60 18 that's
2556 2432 36 12 one
2609 2427 21 18 of
2645 2432 38 12 our
2702 2425 50 20 New

2315 2450 91 20 Zealand
2413 2450 104 20 landlords
2525 2450 12 20 P
2554 2451 43 19 The
2614 2451 79 19 'swell'
2712 2459 40 12 was

2315 2477 158 24 flabbergasted,
2486 2481 19 14 to
2516 2485 34 11 use
2561 2484 12 12 a
2584 2478 73 24 vulgar
2670 2485 71 18 expres-

2314 2503 50 23 sion,
2377 2503 38 18 and
2428 2503 25 18 ho
2464 2510 40 12 was
2514 2504 122 19 understood
2648 2507 20 16 to
2680 2511 37 18 Bay
2730 2511 23 12 as

2315 2529 25 18 he
2350 2530 98 24 departed
2459 2530 44 19 that
2514 2537 40 17 you
2566 2537 60 12 never
2640 2531 58 18 could
2718 2531 23 18 de-

2314 2556 54 24 pend
2378 2562 26 11 on
2414 2556 101 24 anything
2525 2556 20 19 in
2556 2556 57 19 these
2625 2556 126 20 "blawsted"'

2314 2582 97 18 colonies..

2373 2635 313 31 CORRESPONDENCE.

2502 2694 87 19 writes:-1
2593 2694 99 19 havebeen
2695 2695 45 18 wait-

2313 2718 34 23 ing
2358 2718 29 17 (or
2396 2718 70 23 the-job
2475 2718 20 17 of
2503 2718 83 23 clearing
2593 2718 34 18 the
2633 2718 56 17 block
2703 2719 48 17 close

2314 2742 21 17 to
2344 2741 33 18 the
2386 2741 73 18 Parade
2467 2741 38 17 and
2514 2741 91 22 expected
2613 2743 20 15 to
2639 2748 30 11 see
2676 2742 75 17 tenders

2314 2765 60 16 called
2384 2766 29 15 for
2422 2765 21 17 it.
2469 2765 38 16 Can
2517 2770 37 16 you
2563 2765 34 16 tell
2610 2771 30 11 me
2657 2765 94 23 anything

2314 2787 58 18 about
2381 2788 16 16 it
2498 2788 101 17 Chairman
2608 2789 20 16 of
2644 2789 33 16 the
2693 2788 58 17 Towiit

2314 2810 68 19 Board,
2393 2813 20 15 to
2423 2810 62 18 whom
2494 2817 27 11 we
2530 2810 103 19 submitted
2643 2811 33 18 the
2693 2817 45 17 ques-

2313 2834 40 17 tion
2363 2834 21 17 of
2392 2840 35 12 our
2435 2833 144 24 correspondent
2589 2834 68 22 replies
2666 2834 43 18 that
2718 2835 22 17 be-

2313 2858 34 22 ing;
2356 2857 61 17 under
2426 2857 31 18 the
2466 2857 109 22 impression
2584 2857 43 18 that
2636 2858 15 17 it
2661 2858 38 17 had
2704 2857 47 18 been

2313 2880 78 18 decided
2401 2882 19 15 to
2430 2881 51 16 leave
2496 2881 32 16 the
2545 2882 70 15 matter
2631 2881 19 17 of
2667 2881 84 23 clearing

2313 2904 33 17 the
2354 2904 72 17 section
2434 2904 19 16 in
2462 2903 86 22 question
2555 2904 55 16 in-his
2617 2904 67 21 hands,
2692 2904 19 17 in
2719 2904 32 18 the

2313 2934 50 10 same
2373 2933 78 11 manner
2459 2932 21 11 as
2488 2932 38 11 was
2535 2927 48 17 done
2596 2928 45 16 with
2657 2928 33 16 the
2703 2928 48 22 high

2313 2951 75 22 ground
2398 2956 24 11 on
2436 2950 31 17 the
2483 2951 92 21 cemetery
2589 2956 79 15 reserve,
2678 2951 24 17 he
2719 2957 21 11 ac-

2313 2973 67 23 cepted
2389 2980 23 10 an
2428 2974 46 15 otter
2482 2974 18 15 at
2511 2979 10 10 a
2530 2973 37 17 low
2575 2974 54 21 price'
2639 2974 65 17 before
2718 2975 33 16 the

2313 2998 64 21 report
2386 2997 20 17 of
2422 2996 33 17 the
2471 2996 83 23 meeting
2571 2997 95 22 appeared
2681 2998 21 16 in
2718 2998 33 16 the

2313 3020 124 15 Chkonicle.

2359 3050 74 19 H.B.C.
2455 3050 73 18 writes:
2544 3051 70 18 "'Here
2622 3052 16 17 is
2647 3058 11 11 a
2663 3052 87 19 question

2313 3075 20 17 in
2340 3075 67 24 simple
2415 3074 117 23 proportion.
2558 3075 19 16 If
2585 3075 15 17 it
2609 3076 39 16 cost
2658 3075 37 17 £l4
2713 3076 37 16 and

2313 3104 24 11 an
2346 3098 95 17 unknown
2452 3102 40 12 sum
2502 3098 19 16 in
2537 3103 63 17 wages
2617 3099 19 16 to
2654 3100 97 16 construct

2313 3121 33 17 the
2355 3121 46 17 road
2408 3122 21 15 to
2438 3120 32 17 the
2479 3120 57 22 depot
2545 3122 22 15 2o
2576 3121 64 17 chains
2649 3122 48 22 long
2713 3122 38 17 and

2316 3144 49 18 IGAft
2375 3144 53 19 wide,
2438 3144 43 16 how
2490 3144 56 17 much
2554 3144 68 17 should
2637 3144 17 18 it
2670 3145 44 17 take
2731 3146 20 16 to

2314 3169 96 15 construct
2419 3167 32 16 the
2460 3169 93 20 cemetery
2562 3167 48 17 road
2621 3168 20 16 of
2654 3173 12 12 a
2679 3168 73 17 similar,

2313 3191 59 16 width
2382 3190 37 17 and
2428 3196 35 11 one
2472 3190 43 17 mile
2681 3196 33 13 are
2729 3197 12 11 a-

2314 3214 49 16 fraid
2373 3213 53 18 there
2434 3213 15 18 is
2458 3219 11 11 a
2478 3213 54 17 catch
2547 3213 19 18 in
2580 3213 39 19 this
2636 3214 114 18 somewhere

2313 3237 41 17 and
2360 3242 20 11 so
2389 3236 71 17 decline
2469 3238 19 15 to
2498 3242 73 12 answer
2579 3237 32 17 the
2620 3238 98 20 question..

2477 3265 75 17 writes:.
2615 3265 33 18 the
2656 3265 39 18 la-st
2705 3266 45 17 land

2312 3288 38 17 sale
2359 3288 36 17 but
2411 3288 11 17 I
2439 3294 30 11 see
2482 3288 42 17 that
2542 3289 80 16 sections
2637 3294 50 13 were
2703 3295 35 16 pur-

2312 3311 69 17 cluised
2390 3311 61 17 under
2459 3312 32 16 the
2505 3318 75 15 express
2596 3312 95 18 condition
2707 3312 43 18 that

2312 3335 45 21 they
2366 3340 47 11 were
2449 3337 20 14 to
2484 3335 23 17 he
2519 3335 98 21 improved
2630 3335 68 17 within
2715 3342 35 10 one

2312 3363 45 17 year
2373 3358 47 17 from
2436 3358 33 17 the
2483 3358 43 17 date
2539 3359 20 16 of
2572 3358 32 17 the
2618 3358 49 18 lease
2680 3360 21 16 to
2717 3359 33 17 the

2313 3380 54 18 value
2382 3381 20 17 of
2415 3382 32 16 ten
2462 3381 55 17 times
2536 3382 32 16 the
2583 3382 71 17 annual

2312 3404 26 16 As
2356 3404 11 16 I
2378 3404 57 17 know
2449 3404 42 17 that
2505 3404 19 17 in
2543 3411 52 11 more
2608 3405 47 17 than
2670 3411 37 11 one
2719 3405 20 17 in-

2312 3428 64 17 stance
2396 3427 45 18 such
2463 3427 106 18 conditions
2587 3428 47 17 have
2654 3431 34 14 not
2702 3428 48 18 been'

2312 3450 94 22 complied
2416 3451 46 16 with
2470 3451 16 16 is
2495 3451 15 16 it
2524 3453 106 19 competent
2647 3452 30 16 for
2685 3457 30 11 me
2729 3453 20 15 to

2312 3474 58 21 apply
2378 3474 29 17 for
2418 3474 33 17 the
2464 3479 51 12 same
2526 3474 20 17 at
2559 3474 32 17 the
2598 3478 54 19 upset
2660 3474 61 17 rent.-il

2311 3497 45 16 —lt
2369 3503 38 11 was
2425 3497 61 17 stated
2496 3503 50 11 some
2553 3497 45 17 time
2612 3504 37 15 ago
2663 3498 44 16 that
2715 3498 32 16 the

2312 3519 68 18 Crown
2387 3520 64 17 Lands
2458 3520 76 23 Banger
2542 3520 66 17 would,
2614 3521 43 16 visit
2664 3521 85 16 Rotorua

2312 3544 21 15 to
2349 3544 73 21 inspect
2442 3544 32 16 the
2494 3544 80 17 sections
2587 3544 19 16 in
2623 3544 87 22 question
2729 3544 20 16 in

2312 3566 54 17 order
2375 3568 20 16 to
2403 3566 92 17 ascertain
2505 3566 14 17 if
2532 3566 32 18 the
2581 3566 106 18 conditions
2701 3566 48 17 have

2312 3589 47 17 been
2373 3589 92 23 complied
2479 3589 52 17 with.
2564 3590 26 16 As
2606 3596 47 11 soon
2669 3596 21 10 as
2706 3589 43 17 that

2312 3613 78 16 officer's
2399 3613 64 21 report
2476 3612 33 17 has
2517 3613 47 16 been
2573 3612 103 18 submitted
2685 3614 20 15 to
2716 3613 33 16 the

2312 3636 125 22 Department
2445 3641 27 11 we
2481 3635 116 17 understand
2611 3636 44 17 that
2671 3636 28 16 all
2712 3641 24 11 un-

2311 3658 98 23 improved
2418 3659 58 17 leases
2484 3658 42 18 will
2531 3659 24 17 be
2568 3659 88 17 forfeited
2662 3658 38 18 and
2706 3658 43 18 that

2311 3681 46 23 they
2366 3682 39 17 will
2416 3682 24 17 be
2454 3682 57 22 again
2528 3681 102 18 submitted
2647 3683 20 16 to
2684 3682 65 22 public

2312 3705 128 21 competition.
2465 3705 17 16 A
2491 3705 56 16 letter
2556 3707 19 15 to
2584 3705 32 16 the
2630 3705 65 17 Lands
2709 3705 26 16 De-

2311 3730 103 19 partment,
2442 3728 105 19 Auckland,
2573 3728 62 22 might
2660 3728 88 22 expedite

2311 3751 33 17 the
2352 3752 71 16 matter
2435 3751 15 17 if
2463 3757 35 11 our
2514 3751 162 22 correspondent's
2691 3757 44 16 ques-

2311 3774 41 16 tion
2360 3774 16 16 is
2385 3780 11 10 a
2404 3779 53 11 30XA
2464 3778 48 12 fide
2520 3780 41 10 one.

2388 3821 179 18 MAGISTRATES
2579 3822 92 18 COURT.

2335 3868 26 17 At
2369 3867 38 18 this
2416 3868 60 17 Court
2488 3874 24 11 on
2528 3868 93 22 Saturday
2632 3868 38 17 last
2683 3868 63 17 before

2310 3890 116 18 Licut.-Col.
2436 3890 87 21 Roberts,
2533 3891 55 19 S.M.,
2598 3891 38 16 and
2644 3892 33 15 Mr
2691 3892 19 16 S.
2724 3892 21 17 T.

2310 3913 59 19 Brent
2377 3914 50 19 J.P.,
2436 3914 32 16 the
2477 3914 98 23 following
2582 3914 42 17 civil
2637 3920 52 12 cases
2698 3920 48 12 were

2310 3937 88 22 disposed
2406 3938 26 16 of.

2412 3965 144 18 UNDEFENDED
2569 3966 68 17 CASES.

2333 3996 192 23 J.ll.Taylorv.ll.
2539 3997 74 18 Curtis;
2628 3997 56 17 claim
2700 3996 45 22 £2l,

2310 4019 113 18 dishonored
2432 4020 114 22 promissory
2554 4019 55 23 note;
2629 4020 73 18 verdict
2717 4020 29 18 for

2309 4043 84 21 plaintiff
2401 4043 45 16 with
2456 4042 24 17 £1
2493 4043 30 16 12s
2531 4044 55 16 costs.

2333 4066 23 17 G.
2366 4066 93 22 McAuley
2469 4071 17 11 v.
2500 4066 73 17 Towaii
2589 4066 78 19 Atcrea;
2691 4067 54 18 claim

2310 4089 37 20 17s,
2366 4089 44 17 cash
2426 4088 40 17 lent
2482 4088 36 18 and
2536 4088 69 23 goods;
2627 4090 72 17 verdict
2716 4092 30 15 for

2309 4111 84 21 plaintiff
2400 4111 46 17 with
2456 4112 30 16 lis
2496 4113 54 16 costs.

2790 89 21 16 T.
2822 88 78 17 Samson
2909 94 17 11 v.
2936 87 18 18 T.
2965 89 56 20 Hall;
3036 90 50 18 claim
3095 93 21 18 £(j
3123 98 8 15 2
3150 101 15 10 ~

2767 111 60 22 goods
2835 111 41 16 sold
2883 111 4 23 ;
2901 111 74 18 verdict
2981 112 32 17 for
3018 112 82 22 plaintiff
3104 119 26 15 jrif
3151 114 13 5 ''

2767 136 55 15 costs.
3151 131 17 13 iJi

2883 157 115 19 Defended
3016 158 66 20 Cases.

2790 185 23 17 G.
2824 185 94 23 HcAuley
2928 192 16 11 v.
2955 186 138 25 W.Henshaw;
3106 193 51 18 ~]..,,„..

2768 208 26 18 £3
2804 210 36 18 1!»-:,
2852 209 59 21 goods
2921 210 47 16 sold.
2998 209 39 19 The
3051 211 48 20 defen

2768 231 50 23 plied
2827 232 30 17 for
2865 237 24 12 an
2898 232 134 22 adjournment
3041 233 19 18 in
3069 237 48 18 order
3128 242 16 16 to

2768 261 43 11 cure
2820 254 31 19 the
2860 260 89 17 presence
2957 257 20 15 <>f
2985 262 12 10 ;i
3006 255 73 20 witness
3089 265 35 14 now
3131 270 14 11 at
3153 268 5 14 f

2768 279 85 16 Thames.
2879 279 111 22 Adjourned
3000 280 115 25 accordingly
3120 287 18 17 fo
3145 281 23 18 t~T

2792 324 55 22 Mary
2859 324 87 18 B'rennan
2964 331 18 11 v.
3001 326 81 19 Rebecca
3098 329 52 21 BrinW

2768 348 56 16 claim
2832 347 36 17 £ll
2880 348 20 17 3s
2916 348 40 18 K)d.
2987 348 44 18 This
3044 355 37 19 jras
3096 358 7 11 a
3114 343 40 28 \C''
3159 343 3 31 :

2768 370 86 23 disputed
2864 378 32 9 ace
2905 378 29 9 lim
2937 373 13 15 i.
2975 371 40 19 The
3024 372 94 22 defendant
3126 378 26 19 adn
3163 370 2 27 .

2769 393 31 19 ted
2810 393 33 18 her
2851 393 80 23 liability
2942 396 19 16 to
2970 395 33 18 the
3011 398 65 15 extent
3084 399 18 16 of
3116 400 21 18 £1
3150 393 18 28 ju

2768 417 88 22 disputed
2865 418 75 15 various
2951 418 55 17 items
3020 419 37 17 and
3071 422 66 20 prcdua
3147 417 4 25 I

2770 440 111 20 unstamped
2891 440 69 23 receipt
2973 442 31 16 for
3017 441 26 18 £3
3057 444 24 16 Gs.
3107 446 36 16 T!.'.
3154 440 4 23 •

2769 463 85 23 plaintiff
2858 463 77 23 alleged
2942 470 40 12 was
2989 465 70 23 simply
3074 472 21 12 an
3112 470 36 19 acko

2769 486 96 23 lodgment
2876 486 28 18 for
2914 493 8 11 a
2934 493 39 12 sum
2984 489 82 16 received
3075 490 27 18 for
3116 494 22 16 v.:.
3142 486 2 24 :
3147 486 1 24 '

2769 515 68 16 proper
2846 510 69 21 receipt
2931 510 39 17 had
2986 511 47 16 been
3050 512 101 24 substituted
3166 506 2 30 '

2770 533 32 17 the
2819 532 98 24 following
2938 534 42 21 day.
3018 535 39 16 The
3078 537 67 19 evideno

2770 556 87 22 plaintiff;
2876 556 109 22 defendant,
3003 557 38 17 and
3060 559 54 24 Percy

2770 580 119 19 accountant,
2901 580 42 17 who
2952 580 37 17 had
2998 580 112 20 endeavored
3119 586 16 17 to

2771 607 7 12 a
2799 602 2 26 ;
2804 602 1 26 :
2820 602 82 18 ttlenieiri
2923 602 28 18 bef
2958 609 49 12 bveen
3025 604 32 18 the
3074 607 44 21 parti

2771 625 55 18 taken
2836 627 18 15 at
2867 627 53 21 great
2930 625 73 24 length.
3034 627 38 19 The
3084 628 26 19 ba
3119 625 2 24 .

2771 648 39 17 that
2823 648 32 17 the
2862 649 115 23 unstamped
2984 649 100 20 document
3102 655 45 18 could
3155 664 19 12 m

2771 671 22 18 be
2803 671 93 23 produced
2906 672 18 17 in
2934 670 88 21 evidence
3032 673 24 23 by
3065 674 31 19 the
3101 676 72 22 defends

2773 695 61 17 unless
2843 694 31 18 the
2884 694 37 19 fine
2930 701 48 12 were
2991 695 41 19 first
3046 698 49 21 paid,
3109 701 30 18 and
3147 707 28 14 niu,

2771 717 93 23 patiently
2874 718 107 23 inspecting
2991 719 31 19 the
3031 727 36 9 .■:<■■•
3078 722 43 22 unts,
3142 726 28 21 rden

2771 743 39 16 &c,
2821 741 36 16 and
2874 741 78 24 hearing
2966 743 33 16 the
3016 743 85 18 evidence

2772 764 48 18 sides
2829 769 47 18 gave
2891 770 10 11 a
2915 765 67 18 verdict
3001 766 30 17 for
3044 767 31 17 the
3088 768 87 23 plaintiff!.

2772 787 32 18 the
2813 789 74 16 amcunl
2900 787 130 20 of£6T3s4d
3044 790 43 18 with
3103 793 18 16 30
3143 783 30 27 ■'/

2796 811 53 17 Anno
2867 809 70 25 Hbgan
2954 818 16 10 v.
2989 813 100 17 Henrietta
3107 815 13 17 1!

2772 834 55 17 claim
2837 834 25 16 A'(>
2874 834 29 17 Ids
2912 834 24 18 3d
2945 835 30 17 for
2983 836 53 17 three
3049 838 62 18 month

2772 857 19 17 in
2801 856 37 19 lieu
2846 857 21 17 of
2875 858 67 17 notice.
2968 859 88 17 Plaintiff
3063 860 41 21 alio;
3159 854 16 27 ~'\

2771 880 32 18 bal
2813 882 125 21 engagement
2949 881 45 19 with
3003 882 97 19 defendant
3114 886 23 17 for
3146 879 29 27 <'.,,'*

2773 904 75 16 months
2858 903 34 18 but
2901 910 20 11 as
2930 905 38 16 this
2977 911 38 11 was
3024 908 34 15 not
3067 906 52 20 borne
3134 903 14 26 1
3163 914 10 15 ].

2772 924 33 20 the
2813 926 88 19 evidence
2909 927 92 19 »verdict
3008 934 40 13 was
3063 929 53 23 given
3129 933 18 18 foi
3159 924 18 30 t2

2773 950 45 17 time
2827 950 84 23 actually
2920 951 81 20 worked,
3011 952 44 17 four
3064 953 56 20 weeks
3128 957 15 17 at
3157 960 16 16 i.j.

2773 973 37 17 and
2822 973 28 17 IDs
2859 975 56 15 costs.

2796 996 77 18 Paurini
2894 997 58 17 Moke
2973 1003 18 11 v.
3013 999 60 22 Percy
3098 1000 79 22 Robinson,

2773 1019 57 18 claim-
2837 1019 31 18 for
2876 1018 38 19 £24
2922 1020 37 19 the
2963 1021 57 18 value
3020 1018 3 30 1
3029 1022 21 17 of
3066 1029 51 12 seven
3133 1025 44 23 horset

2773 1042 88 18 Plaintiff
2866 1043 76 22 applied
2958 1044 29 17 for
3003 1051 24 11 an
3041 1045 82 23 adjourni

2773 1066 70 16 several
2853 1066 95 19 witnesses
2957 1068 42 17 who
3009 1068 66 18 owned
3084 1075 40 13 somi
3138 1066 1 22 1

2774 1089 46 18 howi
2829 1096 7 5 ■'
2847 1089 17 17 in
2873 1090 86 22 question
2969 1097 48 11 were
3027 1091 67 19 unable
3105 1089 1 23 .
3118 1089 1 23 -

2773 1112 40 18 The
2820 1111 61 19 bench
2888 1112 47 19 held
2942 1114 44 18 that
2993 1114 17 18 if
3014 1115 58 18 .other
3087 1122 28 16 pai

2773 1136 18 17 in
2801 1141 12 12 a
2823 1136 54 17 claim
2886 1136 30 18 for
2924 1137 33 17 the
2966 1137 65 19 horses
3034 1138 46 23 they
3088 1140 23 17 shi

2809 1166 9 9 n
2830 1166 11 13 v
2870 1159 21 17 ed
2907 1166 14 10 is
2931 1160 18 22 pi
2957 1161 65 17 uiitifrrj
3032 1168 18 11 ia
3067 1159 2 23 ■
3090 1168 33 13 asa

2773 1181 135 23 adjournment
2916 1188 38 13 was
2963 1185 81 16 refused.
3071 1185 47 19 Evidi
3129 1181 1 23 1

2773 1206 56 17 taken
2839 1206 103 25 regarding
2950 1212 37 13 one
2994 1207 56 19 horse
3062 1209 18 16 «'
3085 1206 9 25 i
3103 1206 9 25 1
3121 1206 18 25 ~'
3152 1206 2 25 i
3165 1216 15 8 •-•

2774 1228 77 19 claimed
2862 1227 34 19 but
2905 1235 19 12 as
2934 1230 32 18 the
2975 1231 69 17 animal
3055 1231 42 18 bore
3107 1239 8 11 n

2773 1253 38 16 and
2824 1252 106 23 ownership
2944 1253 55 17 could
3016 1256 34 16 not
3066 1255 22 18 be
3105 1262 10 11 u

2773 1275 72 18 verdict
2853 1281 38 12 was
2901 1276 56 22 given
2966 1277 30 18 for
3004 1277 84 19 defendai
3099 1275 3 28 I
3119 1281 37 19 with
3166 1283 14 20 £3

2773 1300 21 15 3s
2803 1298 24 18 6d
2836 1300 54 16 costs,
2916 1300 40 17 Mrs
2973 1300 59 23 Foley
3049 1302 53 17 acted
3116 1308 6 12 0
3129 1298 3 26 -
3144 1305 36 19 inter,

2773 1324 71 20 prefer,

2797 1343 40 20 Mrs
2858 1343 98 25 Chapman
2977 1353 17 11 v.
3017 1348 29 17 W.
3067 1349 22 17 A.
3111 1349 71 23 William*

2774 1368 87 18 Plaintiff
2869 1368 78 19 claimed
2956 1371 34 16 the
2996 1371 82 23 delivery
3086 1378 16 11 o:
3112 1373 39 19 thefe
3165 1382 17 13 nj.

2774 1392 29 17 fer
2811 1392 47 17 deed
2867 1393 20 16 of
2895 1392 70 17 section
2977 1395 27 20 14,
3015 1394 54 18 block
3079 1397 26 16 22.
3123 1397 39 19 town
3171 1401 12 17 of

2774 1416 90 16 Rotorua.
2891 1416 87 18 Plaintiff
2992 1417 21 17 in
3029 1418 34 17 her
3079 1419 76 19 evidence
3167 1423 12 17 al-

2774 1438 55 23 leged
2839 1439 42 16 that
2890 1439 33 18 she
2932 1439 37 19 had
2978 1440 76 24 bought
3064 1442 30 16 '.he
3103 1443 81 21 transferoi

2775 1462 31 17 the
2817 1462 69 17 section
2897 1463 19 16 in
2926 1464 87 21 question
3031 1465 47 17 from
3097 1466 29 17 the
3140 1467 38 19 defen-

2775 1486 43 16 daiit
2831 1484 30 19 for
2868 1484 49 23 £l6;
2933 1486 33 18 she
2974 1487 95 19 admitted
3076 1488 42 19 that
3125 1495 10 12 a
3138 1496 32 13 sum
3173 1493 12 18 of

2775 1508 25 18 £3
2811 1510 19 15 Us
2844 1514 39 12 was
2897 1509 36 17 duo
2948 1510 38 17 and
2999 1510 39 18 had
3052 1512 66 17 offered
3133 1515 16 16 to
3161 1521 24 16 pay

2775 1532 42 18 that
2825 1535 78 14 amount
2913 1539 24 10 on
2947 1533 83 23 delivery
3039 1535 19 16 of
3067 1535 31 18 the
3107 1536 44 20 deed,
3160 1538 25 19 .but

2775 1556 16 16 it
2800 1555 37 17 had
2846 1555 47 17 been
2904 1557 73 16 refused
2986 1555 3 22 ;
3009 1557 50 18 since
3072 1558 31 18 the
3121 1555 2 22 ;

2775 1579 32 17 the
2817 1580 40 15 rent
2867 1580 20 15 c.i'
2897 1579 31 18 the
2937 1580 70 18 section
3017 1581 38 17 had
3067 1582 44 17 been
3126 1583 35 23 paid
3171 1583 14 25 bj

2775 1602 33 18 her
2817 1604 19 14 to
2846 1601 32 18 the
2883 1602 135 20 Government.
3033 1605 22 16 In
3065 1608 111 17 cross-examin-

2775 1624 50 19 ation
2842 1625 75 17 witness
2933 1627 65 16 denied
3017 1628 42 16 that
3077 1628 30 18 her
3123 1629 62 21 husband

2775 1654 38 11 was
2822 1648 33 18 tho
2863 1648 112 25 purchaser;
2991 1651 33 18 she
3032 1657 39 12 was
3085 1652 34 17 first
3138 1653 47 20 offered

2775 1672 33 17 the
2817 1672 69 17 section
2897 1672 29 17 for
2935 1672 25 19 £8
2970 1673 34 18 but
3015 1679 22 13 on
3048 1674 31 18 the
3093 1677 71 17 removal
3175 1679 12 17 of

2775 1695 33 18 tho
2816 1695 67 17 Palace
2895 1695 55 19 Hotel
2964 1698 20 16 to
2999 1698 23 14 'l*
3038 1699 72 22 present
3126 1699 29 18 site
3168 1701 19 18 the

2775 1719 49 23 price
2835 1724 36 12 was
2887 1719 58 17 raised
2962 1721 20 17 to
3004 1720 40 19 £l6.
3077 1721 18 18 T.
3112 1723 75 22 Chapman

2775 1742 132 18 corroborated
2916 1743 32 17 the
2957 1743 88 20 evidence
3055 1742 2 23 1
3069 1744 5 18 E
3084 1742 1 23 I
3096 1745 12 18 is
3118 1745 41 19 wife.
3169 1747 18 18 He

2775 1766 40 17 also
2824 1766 60 16 stated
2895 1766 39 16 thai
2946 1767 24 17 aft
2983 1773 12 11 ir
3006 1768 11 17 ,I
3027 1766 2 26 ■
3046 1773 11 12 si
3066 1766 2 26 •
3089 1768 20 17 ad
3137 1773 50 19 lyment

2775 1789 37 17 h-'d
2827 1789 45 17 been
2890 1790 54 16 made
2959 1789 4 23 (
2968 1798 10 8 !>
2996 1790 29 18 del
3041 1791 27 17 nli
3079 1789 2 23 1
3093 1789 1 23 I
3116 1792 26 18 the
3149 1792 38 20 deed]

2776 1817 48 13 were
2832 1811 76 18 handed
2916 1818 45 12 over
2969 1813 38 19 and
3022 1820 29 12 sen
3078 1816 17 16 to
3112 1815 75 20 Auckland

2776 1836 29 17 for
2815 1835 3 23 <
2857 1835 77 23 pletion.
2961 1837 51 17 The-.-
3023 1843 47 12 were
3084 1838 76 18 however
3170 1846 12 12 re-

2776 1858 67 18 turned
2855 1860 17 16 to
2882 1859 101 17 defendant
2996 1866 20 12 as
3026 1861 44 23 they
3080 1861 35 18 had
3124 1864 29 15 not
3157 1863 31 18 been

2777 1882 87 23 properly
2872 1881 64 19 drawn
2949 1889 35 17 up;
2999 1884 79 21 hearing
3086 1891 23 11 no
3125 1891 43 12 more
3177 1888 12 16 of

2775 1905 51 18 them
2836 1906 45 21 they
2891 1907 58 17 wrote
2959 1908 19 16 to
2988 1907 98 18 Auckland
3095 1909 35 16 and
3135 1915 21 11 on
3161 1913 22 17 fret-

2776 1929 42 21 ting
2827 1935 10 10 a
2854 1928 52 24 reply
2921 1929 23 18 ho
2961 1930 57 19 asked
3036 1931 98 18 defendant
3149 1932 39 19 about

2776 1952 61 20 them;
2853 1952 99 18 defendant
2965 1953 60 18 stated
3037 1954 41 18 that
3093 1954 21 18 he
3128 1961 31 11 was
3171 1962 12 11 re-

2776 1976 74 20 taining
2860 1975 31 18 the
2901 1976 22 16 de
2936 1976 20 18 dfi
2964 1982 20 12 as
2994 1978 80 21 security
3084 1978 27 18 for
3124 1978 42 18 what
3175 1980 14 16 hj»

2777 1999 90 23 (witness)
2885 1999 51 17 owed
2956 2000 48 19 him;
3028 1996 74 22 witiiess
3118 2001 73 19 admitted

2775 2022 33 17 the
2817 2022 77 17 balance
2909 2023 20 17 of
2947 2022 22 19 £3
2988 2025 25 16 2s.
3032 2024 59 19 which
3109 2025 33 16 had
3159 2025 30 19 been

2776 2044 87 19 tendered
2874 2047 19 15 b>
2900 2045 109 20 defendant.
3024 2048 24 16 In
3055 2048 125 19 cross-examina-

2776 2068 39 18 tion
2829 2069 75 16 witness
2921 2070 72 17 slated:
3015 2070 39 18 The
3071 2073 119 22 arrangements

2776 2098 48 10 were
2834 2092 54 17 made
2898 2092 43 18 with
2952 2100 32 16 my
2996 2094 49 20 wife,
3063 2096 34 15 not
3109 2095 40 17 with
3163 2101 26 15 me;

2776 2115 11 17 I
2794 2116 35 21 got
2836 2115 34 17 the
2877 2116 70 17 timber
2962 2116 29 18 for
3004 2117 87 23 building
3105 2117 29 18 the
3150 2118 42 18 hons#

2775 2138 49 17 from
2832 2144 44 15 you.
2904 2139 24 17 At
2938 2139 37 18 this
2984 2142 54 20 stage
3047 2140 97 18 defendant
3151 2141 41 18 asked

2775 2161 15 17 if
2799 2161 31 17 the
2840 2161 58 17 Court
2907 2162 37 17 ha<l
2953 2163 119 22 jurisdiction
3082 2164 18 17 in
3109 2164 59 23 regard
3178 2168 13 14 to

2775 2191 11 11 a
2795 2185 41 16 title
2846 2185 19 18 to
2874 2185 51 18 land.
2939 2186 39 17 The
2987 2187 60 17 bench
3057 2187 43 17 held
3108 2187 39 18 that
3154 2188 37 17 there

2776 2213 39 12 was
2822 2213 25 12 no
2857 2208 85 23 question
2959 2210 20 17 of
2991 2210 44 17 title
3048 2210 90 18 involved.
3165 2211 18 17 De-

2777 2231 77 17 fendant
2872 2232 18 16 in
2906 2232 27 18 his
2949 2232 89 19 evidence
3055 2234 60 17 stated
3130 2234 36 17 that
3177 2234 15 17 he

2776 2254 39 17 sold
2826 2254 32 18 the
2867 2255 45 17 land
2922 2255 102 24 originally
3033 2258 20 17 to
3062 2257 92 23 Chapman
3166 2257 25 18 and

2776 2276 86 29 supplied
2878 2278 38 18 him
2931 2280 47 17 with
2995 2279 70 19 timber
3081 2281 35 17 and
3132 2279 34 19 iron
3179 2282 12 16 to

2775 2300 52 18 build
2841 2301 31 18 tho
2889 2300 57 20 house
2958 2309 24 11 on
2999 2304 65 20 credit,
3083 2303 24 19 £8
3124 2310 33 11 was
3170 2304 22 17 the

2775 2324 50 22 price
2834 2325 69 20 agreed
2912 2331 23 11 on
2945 2326 44 17 then
3000 2326 35 19 but
3044 2333 20 11 as
3079 2327 76 24 nothing
3166 2333 20 11 was-

2775 2347 45 23 paid
2828 2347 39 18 and
2874 2348 34 18 the
2916 2349 69 18 Palace
2993 2349 58 19 Hotel
3067 2351 35 17 had
3118 2351 41 17 been
3173 2356 13 12 re-

2776 2371 66 16 moved
2860 2372 19 17 to
2898 2371 22 18 its
2937 2374 76 21 present
3031 2372 34 19 site
3079 2372 23 19 ho
3118 2375 49 16 wrote
3180 2375 12 16 to

2775 2394 99 23 Chapman
2882 2395 73 23 stating
2968 2396 43 18 that
3024 2397 24 17 he
3064 2397 61 17 would
3140 2398 44 16 hence-

2776 2418 50 16 forth
2836 2419 46 16 t.ieai
2895 2418 49 18 them
2954 2426 21 10 as
2984 2422 76 16 tenants
3069 2421 35 17 and
3118 2420 59 23 charge
3187 2426 5 12 a

2775 2442 52 18 rent;
2842 2440 98 24 Chapman
2953 2443 46 17 then
3016 2450 52 10 came
3084 2445 19 16 to
3119 2443 35 18 him
3166 2443 26 18 and

2775 2464 69 22 agreed
2857 2465 20 17 to
2891 2471 37 16 pay
2940 2465 38 18 £\o
2996 2467 29 17 for
3041 2467 33 17 the
3090 2467 65 18 section
3168 2467 24 17 but

2775 2487 57 17 asked
2841 2487 42 18 that
2893 2488 31 18 tho
2942 2490 82 17 transfer
3040 2490 61 22 might
3117 2489 20 19 be
3153 2490 39 17 made

2775 2511 33 17 out
2825 2511 19 16 in
2859 2511 33 17 the
2906 2518 56 11 name
2978 2513 20 17 of
3013 2513 30 18 his
3061 2511 53 22 wife;
3135 2514 57 17 witness

2775 2533 69 23 agreed
2853 2535 19 17 to
2882 2535 44 17 this.
2952 2536 39 16 The
3001 2537 69 17 section
3079 2537 37 17 had
3124 2538 35 16 cost
3171 2537 21 17 the

2775 2559 75 19 greater
2858 2559 43 21 part
2911 2558 19 18 of
2940 2559 31 16 the
2977 2566 69 16 money
3052 2561 19 16 in
3080 2562 45 15 rent.
3135 2560 28 18 &c.
3184 2559 8 18 A

2775 2581 102 17 statement
2900 2582 59 17 which
2984 2582 38 19 had
3045 2583 48 18 bean
3116 2582 76 24 produced

2775 2603 76 17 showed
2860 2604 33 17 the
2902 2605 60 18 whole
2971 2607 21 16 of
3000 2605 98 24 plaintiff's
3112 2605 72 19 indebted-

2775 2632 42 13 ness
2825 2632 20 13 re
2853 2627 78 23 section,
2942 2629 75 22 timber,
3032 2631 32 16 &c.
3097 2631 36 15 The
3148 2629 44 17 bench

2776 2650 61 17 stated
2850 2650 43 19 that
2910 2657 24 12 110
2952 2655 79 15 counter
3046 2653 54 18 claim
3118 2653 48 18 could
3179 2652 13 19 be

2776 2674 107 16 considered
2895 2674 50 16 then.

2799 2697 108 19 Defendant
2918 2700 97 23 resuming
3028 2701 40 17 said
3082 2701 41 17 tlr.t
3135 2701 21 17 ho
3167 2699 26 18 liml

2775 2720 39 17 sold
2825 2721 32 17 the
2867 2721 43 17 land
2921 2725 20 14 !■>
2950 2723 93 23 chapman
3058 2724 36 18 anf.
3102 2730 36 11 was
3146 2725 28 16 not
3181 2725 12 15 to

2774 2745 83 16 transfer
2868 2745 30 16 (he
2907 2746 43 16 hind
2961 2748 20 15 to
2989 2748 30 16 Ids
3028 2748 43 17 wife
3080 2748 28 16 till
3119 2748 30 16 the
3162 2746 31 17 debt

2775 2773 38 11 was
2822 2768 79 17 cleared.
2928 2768 29 19 He
2972 2770 37 18 bad
3027 2770 82 18 received
3125 2777 23 11 no
3162 2770 33 18 offer

2775 2790 21 17 of
2803 2790 33 18 the
2844 2789 27 19 £3
2881 2791 21 18 2s
2909 2792 82 24 alleged.
3017 2794 39 16 Tie
3064 2794 59 17 bench
3138 2793 57 21 bavin?

2775 2814 121 21 pcruscdthe
2906 2816 83 18 transfer
2997 2817 47 17 deed
3052 2817 19 17 in
3078 2817 79 22 question
3162 2815 33 18 hold

2775 2836 43 18 that
2827 2843 20 11 as
2855 2838 15 16 it
2880 2843 38 13 was
2928 2839 54 18 made
2990 2841 34 16 ou',
3036 2840 20 17 in
3073 2841 31 16 the
3120 2845 49 12 name
3182 2839 13 18 of

2775 2859 40 18 Mrs
2829 2861 98 22 Chapman
2945 2863 38 17 and
3000 2862 33 19 she
3050 2869 37 12 was
3103 2864 67 20 willing
3182 2863 12 17 to

2775 2883 93 22 complete
2884 2885 34 17 her
2940 2887 44 21 part
3005 2887 20 17 of
3045 2887 32 17 the
3097 2886 98 18 transaction

2775 2906 78 17 ordered
2862 2908 43 16 that
2915 2908 31 19 the
2956 2909 47 18 deed
3017 2910 23 17 be
3055 2909 99 24 completed
3169 2908 26 19 and

2775 2929 74 19 handed
2859 2936 44 12 over
2912 2932 19 17 to
2941 2932 32 17 the
2983 2933 55 18 Clerk
3048 2934 20 17 of
3077 2934 30 17 the
3116 2934 52 17 Court
3175 2933 20 16 for

2775 2952 82 23 delivery
2869 2955 20 16 to
2897 2955 85 22 plaintiff
2991 2962 23 12 on
3024 2958 89 21 payment
3122 2957 18 17 of
3148 2956 22 18 £3
3177 2956 14 16 2s

2774 2975 54 18 Costs
2836 2977 21 17 of
2864 2977 21 18 6s
2891 2979 140 18 wereallowed.
3057 2979 134 19 Defendantwas

2776 2999 93 18 informed
2883 3001 42 17 that
2942 3002 13 18 it
2973 3008 37 13 was
3028 3008 47 18 open
3093 3003 27 18 for
3135 3003 35 17 him
3183 3004 12 15 to

2775 3022 56 21 brinp;
2840 3030 8 10 a
2860 3026 85 21 separate
2955 3026 62 18 action
3027 3026 73 23 against
3115 3026 80 22 Chapman

2776 3046 29 16 for
2815 3047 31 16 the
2855 3053 68 16 money
2932 3048 65 23 owing
3006 3050 30 17 for
3045 3050 72 18 timber.
3127 3050 29 17 &c.

2798 3069 44 18 This
2858 3071 103 17 concluded
2977 3073 33 16 Ihe
3026 3072 83 19 business
3125 3073 33 16 and
3173 3073 22 15 t!r

2775 3091 58 19 Conrt
2840 3094 112 19 adjourned.

1202 30 59 22 THE
1289 29 57 23 fiOf
1373 25 93 21 t-A-gfea
1494 25 170 28 CHRONICLE,
1693 28 191 24 WEDNESDAY,
1913 28 74 21 JULY
2016 26 17 26 1,

58 210 76 17 TNION
149 207 137 19 STEAMSHIP
301 205 115 19 COMPANY
433 204 29 16 OF

49 224 17 24 J
118 230 58 16 NEW
187 229 114 17 ZEALAND
310 228 80 16 Limited.

35 405 97 17 Taxaptoa
140 410 52 16 every
201 403 74 19 Mondiy

35 427 127 16 iIAmNATUA
172 430 54 16 every
233 422 103 21 Thursday.

37 607 15 21 1
66 607 7 24 I
85 605 110 21 UDDAET,
221 602 108 21 PAEKEB,
351 601 55 17 AND
426 600 32 17 CO

61 620 16 29 J.
196 625 107 26 (limited),

58 674 94 23 Splendid,
328 671 93 17 Steamers
426 670 40 16 will

33 698 23 18 be
65 696 112 24 despatched
188 697 46 17 from
244 696 117 19 Auckland,
371 699 21 11 us
406 692 60 18 under

33 720 89 24 (weather
138 719 38 18 and
195 719 53 18 other
265 717 141 19 circumstances
422 722 33 16 per-

34 743 120 22 mitting):—

34 767 39 18 Fob
80 765 135 19 GISBOBNE.
223 764 103 18 NaMER,
333 762 116 17 WELLING-

55 790 57 21 TON,
123 787 156 20 LYTTELTON,
290 788 15 16 &
313 785 128 21 DUNEDIN,

35 813 100 19 Anglian,
146 812 100 19 Tuesday,
258 811 49 16 June
314 811 27 17 30,
355 811 19 14 12
385 814 56 12 noon.

35 837 107 16 Tasmania
183 835 101 19 Tuesday,
292 833 46 21 July
346 833 56 18 14,12
409 837 56 11 noon.

161 881 50 17 FOR
226 878 114 21 SYDNEY,.

79 904 115 24 (Eetnrning
206 905 19 15 to
235 901 96 19 Auckland
341 901 79 22 Direct.)

35 927 92 23 Carrying
148 927 111 22 Passengers
280 925 30 18 for
331 924 133 20 Melbourne,

46 950 189 19 otherAusTEALiAN
243 948 69 20 Poets,
320 946 36 19 and
362 947 91 20 Hobabt,

36 979 96 17 Anglian
185 977 96 19 Monday,
298 976 46 21 July
363 976 26 17 l.'i,
400 977 10 14 4
420 980 45 16 p.m.

36 1002 107 17 Tasmania
189 1000 97 20 Monday,
301 999 46 21 July
360 998 47 20 27,4
420 1002 45 17 p.m.

59 1028 31 17 All
99 1028 112 21 Tickets.are
219 1026 91 19 available
319 1026 38 17 also
372 1025 29 18 for
410 1025 45 22 Stop-

37 1057 43 12 over
88 1056 22 13 or
117 1051 72 17 Botarn
202 1051 26 21 by
240 1049 53 18 ANY
310 1047 84 19 UNION
407 1047 59 19 CO.'S

37 1073 139 22 STEAMEBS,
186 1073 37 18 and
230 1073 74 17 holders
313 1073 20 16 of
341 1072 66 17 U.S.S.
425 1072 41 17 Go's

37 1098 73 17 Tickets
132 1102 42 17 may
192 1096 59 18 travel
267 1096 24 21 by
312 1094 118 18 ANGLIAN
447 1100 20 11 or

37 1120 137 18 TASMANIA.

132 1149 22 16 L.
169 1149 23 16 D.
202 1147 108 18 NATHAN
322 1148 16 16 &
350 1146 46 20 CO.,

362 1171 80 18 Agents.

173 1231 96 25 rpHOS.
290 1230 69 18 COOK
379 1231 14 16 &
419 1229 48 18 SON

124 1272 6 11 *
133 1272 13 11 vV
146 1273 18 19 S
212 1282 52 12 BOOK
276 1280 96 14 PASSAGES
385 1280 40 13 AND

237 1304 75 14 SECURE
324 1303 76 14 BEHTHS

197 1324 33 17 AT
242 1323 102 18 LOWEST
357 1321 80 18 BATES

33 1354 27 13 nr
73 1354 18 13 r.
101 1349 14 18 &
126 1353 17 14 o,
155 1352 35 17 CO.,
200 1350 73 16 orient
282 1351 35 13 co.,
327 1349 72 14 direct
409 1349 58 13 lines

127 1374 89 17 OCEANIC,
232 1373 139 16 MESSAGEHIES,

135 1399 27 18 Or
168 1404 36 16 any
213 1397 37 18 line
259 1402 20 12 as
287 1395 77 19 desired.

57 1446 86 22 Enquiry
151 1444 77 17 invited.
243 1442 124 18 Information
376 1442 65 23 gratis.

33 1491 96 21 Intending
134 1494 101 18 passeneers
248 1487 60 18 should
322 1487 52 22 apply
390 1487 26 17 for
433 1493 32 10 our

53 1513 35 16 free
96 1513 30 15 list,
134 1512 18 16 of
160 1513 72 16 steamer
246 1510 70 20 railings
327 1510 34 14 and
370 1509 45 17 fares
425 1512 17 13 at

82 1538 90 19 COOK'S
184 1535 123 21 SHIPPING
320 1536 100 20 OFFICE,

110 1569 22 16 70
141 1571 42 13 AND
192 1567 22 16 7S
227 1565 162 20 Queen-street.

63 1595 86 18 Eotorua
166 1595 87 21 Agency:
266 1592 95 18 Hinemoa
369 1592 67 18 Street.

53 1625 132 18 N.B.—Drafts
192 1626 34 14 and
235 1625 76 15 Circular
319 1624 54 16 Notes
380 1623 57 17 issued
446 1625 19 13 at

181 1763 139 24 BREWERS,

114 1795 108 21 ALBERT
237 1795 147 23 BrtEWEKY,

56 1827 217 24 QTJEEN-STKEET,
288 1827 157 19 AUCKLAND

55 1880 67 17 WINE
135 1880 49 16 AND
197 1879 79 16 SPIRIT
286 1878 155 21 MERCHANTS,

75 1907 122 17 BOTTLKHS
210 1907 53 15 AND
276 1905 143 21 IMPORTERS,

125 1980 51 12 PEIZK
186 1980 60 11 MIIDAI.
257 1980 35 11 JIKD
303 1979 70 11 AWAKDS

32 2002 25 16 At
66 2002 28 16 the
110 2002 88 17 following
216 2001 109 17 Exhibitions
341 2000 26 16 for
376 2006 31 10 our
415 2001 38 16 well-

128 2023 61 16 known
204 2023 45 15 Bulk
257 2022 32 15 mifl
299 2021 67 17 Bottled

144 2044 47 16 ALE
204 2044 50 16 ASD
265 2042 85 17 STOUT:

34 2070 69 23 Svdney
111 2070 125 18 International
245 2070 105 18 Exhibition,
362 2071 46 16 1879.

33 2092 102 17 Melbourne
144 2091 126 17 International
275 2091 108 19 Exhibition,
393 2092 69 15 1880-81

33 2114 44 15 New
84 2114 74 15 ZenlHT.d
167 2112 96 21 Industrial
263 2112 106 21 Exhibition,
374 2112 78 22 Welling-

77 2138 34 16 ton,
124 2135 46 16 1885.

33 2156 44 16 New
95 2155 75 17 Zealand
184 2155 33 17 and
231 2156 54 15 South
297 2155 41 16 Seas
353 2155 108 16 Exhibition.

76 2177 86 17 Dnncdin.

32 2199 21 16 In
63 2198 76 17 addition
149 2200 16 15 to
176 2199 52 14 s'.l.ove
237 2199 42 14 have
297 2197 41 16 been
353 2198 79 15 awarded
446 2199 17 14 at

75 2220 105 16 Tasmanian
212 2220 106 19 Exhibition,
346 2218 115 20 Launccston,

77 2241 78 17 1891-92.

118 2271 58 17 FIVE
187 2271 70 17 FIRST
274 2271 103 17 AWARDS

231 2298 33 11 FOB

43 2314 68 17 lUIK
121 2314 110 17 BOTTLED
247 2314 56 16 4LES
319 2314 52 16 AND
388 2314 75 17 STOUT

119 2357 248 33 CHAMPIONSHIP

62 2399 65 23 Gold
139 2399 86 23 Medal
236 2399 27 22 of
273 2399 164 23 Australasia

35 2470 88 23 BULK
139 2469 68 24 AND
226 2469 144 24 BOTTLED
385 2470 65 23 ALE

124 2521 73 21 Having
205 2528 9 9 a
224 2521 56 21 Large
289 2521 50 16 Stock
348 2522 18 16 of

143 2552 48 16 ALE
203 2552 50 17 AND
266 2553 80 20 STOUT,

35 2587 68 16 Bottled
112 2587 16 15 in
137 2589 49 17 quart
198 2587 31 16 and
247 2587 37 21 pint
297 2587 67 19 bottles,
380 2587 80 22 specially

33 2608 66 16 brewed
108 2608 27 16 for
143 2608 29 16 the
180 2613 73 11 summer
262 2608 53 17 Hade,
326 2608 54 17 which
389 2614 27 11 are
423 2615 37 9 now

33 2629 104 21 thoroughly
146 2629 83 19 matured,
242 2635 31 9 can
287 2630 41 14 with
343 2635 51 15 every
407 2630 53 16 couft-

94 2650 106 17 recommend
216 2656 45 9 same
277 2654 17 12 to
308 2656 118 11 connoisteura
444 2657 16 10 un

30 2671 60 17 second
100 2674 17 13 to
125 2676 45 12 none
179 2672 16 16 in
206 2672 28 15 the
243 2671 70 17 Colonv.

184 2930 56 19 ASK
256 2930 52 19 FOR

32 2981 431 46 HANCOCKS'

155 3053 181 21 CELEBRATED

141 3164 38 42 A
197 3164 38 43 L
251 3164 36 43 E
306 3164 39 43 S.

160 3234 58 13 MADE
226 3235 54 12 FROM
290 3235 41 13 THE

37 3272 114 31 FINEST
176 3272 87 32 MALT
284 3272 63 32 AND
365 3273 97 37 HOPS,

37 3458 136 32 CAPTAIN
196 3459 81 31 COOK
295 3459 166 39 BREWERY,

137 3502 189 19 NEWMARKET.

122 3568 245 44 NOTICE.

37 3639 193 34 FRANKTON
256 3641 206 33 JUNCTION

199 3674 110 32 HOTEL.

35 3730 200 24 TJASSENGERS
249 3732 27 25 by
291 3733 54 20 train
360 3735 21 18 to
396 3733 66 20 Auck-

43 3750 27 25 T
223 3757 54 20 land.

36 3805 157 26 TRAINS
204 3807 26 23 st
235 3812 36 26 op
277 3807 42 26 20
324 3808 139 26 minutes

46 3850 22 16 at
74 3847 35 19 the
118 3845 104 20 Frankton
230 3847 93 19 Junction
332 3849 31 18 for
372 3844 77 29 dinner,

59 3873 44 19 The
126 3871 135 24 undersigned
279 3870 47 22 lias
355 3875 109 19 first-class

34 3899 65 19 Meals
112 3898 61 24 ready
185 3897 38 19 and
234 3899 68 17 served
312 3906 25 12 on
352 3901 73 19 arrival
443 3902 21 18 of

34 3925 25 19 nil
72 3924 70 19 trains.

35 3958 219 46 William
286 3958 174 57 Geaeli,

89 4024 316 23 PROPRIETOR.

35 4075 146 24 Hancock's
190 4074 97 23 XXXX
293 4074 62 23 Ales
364 4076 99 30 always

165 4109 34 15 on
209 4101 124 27 Draught.

527 106 50 19 OST,
588 107 46 19 deep
642 103 67 24 yellow
723 102 60 24 Sheep
797 102 52 21 Dog,
864 100 53 23 prick

496 131 7 16 |
517 134 7 13 j
549 134 46 13 ears,
605 128 85 20 feathery
699 126 40 20 tail,
747 131 81 13 answers
831 126 20 16 to
863 129 54 11 name

485 154 21 16 of
522 153 47 16 Ben.
594 151 38 16 Ten
651 149 86 22 shillings
750 148 80 18 Reward
849 152 25 12 on
887 152 20 11 re-

485 178 44 14 turn
539 178 21 14 to
569 173 121 18 Robertson's
699 172 79 20 Stables,
788 170 36 19 and
830 170 15 17 if
858 170 59 16 found

485 199 19 17 in
513 197 104 23 possession
626 197 19 16 of
654 201 73 17 anyone
740 197 48 15 after
804 193 38 18 this
856 192 61 18 notice

485 222 37 16 will
536 221 22 16 be
567 219 115 23 prosecuted.

489 268 230 47 Blocker's
767 266 148 52 Dutelj

621 324 160 40 fTnaoa.

621 348 160 23 UUUua.

486 422 137 32 Highest
632 420 125 27 awards
771 419 33 25 at
817 424 100 25 every

608 460 186 28 Exhibition

520 505 64 24 The
597 503 96 26 latest
705 501 28 26 is
746 501 54 25 the
821 500 96 27 Cross

487 536 34 27 of
527 538 109 24 Honor
649 536 33 24 at
698 535 54 24 the
774 534 124 25 Amster-

487 571 72 24 dam
569 567 186 28 Exhibition
763 566 91 29 1895,
863 566 54 25 the

486 603 127 31 highest
623 600 135 33 possible
767 599 118 26 award.

540 835 115 24 Eotorua
674 835 79 23 Town
775 834 75 24 Board-

504 889 12 18 -1
533 887 184 21 PPLICATIONS
727 888 21 19 in
758 887 81 25 writing
846 893 34 12 are
888 886 31 19 in-

488 916 43 15 XA.
559 913 55 20 vited
634 914 27 24 by
685 914 34 19 the
740 913 92 19 Botorim
858 912 59 19 Town

488 940 66 20 Hoard
574 940 31 19 for
623 940 35 19 the
677 939 106 20 combined
809 939 65 18 offices
898 938 21 19 of

488 966 66 23 Cleric,
566 966 114 23 Treasurer,
692 965 58 20 Clerk
761 965 21 19 of
791 964 81 24 Works,
882 963 3 26 '.

489 995 77 21 speetor
576 994 21 17 of
614 992 110 19 Nuisan<Hs
744 991 39 18 and
800 990 108 25 Slaughter-

488 1018 15 19 h
512 1025 56 12 mses.
597 1018 70 24 Salary
679 1018 40 19 £52
730 1023 35 19 per
774 1023 84 12 annum.
883 1015 24 19 Of-

488 1047 36 16 fice
533 1051 55 12 room
599 1044 68 20 found.
687 1044 71 17 Whole
768 1043 21 19 of
799 1042 119 25 applicant's

488 1072 47 17 time
547 1074 35 15 not
593 1072 20 16 to
623 1070 73 23 belong
707 1074 19 14 to
736 1070 35 17 the
781 1068 73 19 Board.

515 1097 33 23 Or,
560 1096 67 19 Offers
637 1096 39 18 will
697 1095 23 18 l>e
740 1094 90 20 received
851 1097 21 17 to
889 1094 30 19 fill

489 1123 33 18 the
533 1125 90 23 separate
633 1121 65 19 offices
708 1122 21 18 of

517 1149 38 24 (1.)
571 1148 59 18 Clerk
639 1148 38 18 ami
690 1147 114 19 Treasurer.

517 1176 38 23 (2.)
570 1173 59 19 Clerk
639 1174 21 17 of
670 1173 75 19 Works
755 1173 38 18 and
816 1173 103 24 Inspector

541 1201 20 18 of
566 1200 109 18 Nuisances
680 1199 40 18 and
728 1198 189 25 Slaughterhouses.

489 1227 84 24 Anyone
593 1225 86 24 offering
695 1225 31 19 for
747 1232 55 11 same
829 1228 20 15 to
868 1228 51 16 state

489 1253 66 24 salary
565 1251 100 24 required.

514 1278 139 25 Applications
667 1277 102 24 enclosing
786 1277 133 19 testimonials

489 1308 51 16 mut-t
553 1304 25 18 be
588 1303 106 19 addres-ed
710 1305 20 16 to
748 1303 35 18 the
803 1302 112 24 Chairman,

489 1331 89 18 Eotorua
588 1328 73 23 Board,
673 1329 39 18 and
722 1329 75 23 lodged
807 1335 25 12 on
844 1336 21 11 or
884 1328 22 20 be-

487 1357 44 19 fore
538 1355 142 24 Wednesday,
693 1355 34 18 the
740 1354 45 20 16th
795 1355 56 24 July,
863 1356 54 22 1896,

489 1383 38 18 and
539 1381 96 20 endorsed
797 1383 30 16 lor

513 1408 43 19 The
578 1408 109 18 successful
707 1407 102 25 applicant
828 1408 32 18 for
884 1408 35 18 the

487 1434 105 19 combined
602 1434 65 18 offices
677 1439 22 13 or
708 1433 32 19 for
757 1433 45 18 that
818 1434 21 17 of
858 1433 59 19 Clerk

487 1462 37 17 and
535 1461 109 18 Treasurer
654 1459 39 19 will
705 1459 24 19 be
743 1459 94 25 required
847 1463 20 15 to
877 1459 41 20 find

488 1494 11 12 a
510 1487 55 19 £IOO
576 1486 52 19 bond
640 1486 19 19 in
671 1485 81 20 himself
758 1485 125 25 guaranteed
894 1486 24 24 by

488 1520 53 12 somo
555 1512 88 24 Fidelity
660 1512 85 24 Society,
764 1512 40 18 and
823 1515 39 15 two
883 1517 24 21 ap-

487 1539 74 25 proved
581 1539 83 18 sureties
684 1538 21 18 of
723 1540 55 16 £IOO
799 1538 54 22 each,
880 1538 37 19 and

488 1568 53 16 must
550 1565 25 18 be
586 1564 98 25 prepared
701 1567 20 16 to
740 1567 57 15 enter
815 1570 56 19 upon
887 1564 32 19 his

487 1591 66 19 duties
565 1590 70 19 within
647 1597 11 12 a
668 1590 55 19 week
733 1590 52 18 from
840 1593 68 22 accept-

487 1624 47 12 ance
546 1618 21 17 of
576 1617 31 18 his
617 1616 128 26 application.

513 1643 87 19 Further
622 1649 13 18 p
649 1642 92 20 rticulars
759 1642 22 18 of
800 1642 34 18 the
853 1642 66 19 duties

487 1676 46 18 may
553 1669 25 19 be
600 1675 46 13 seen
665 1670 20 18 at
704 1669 34 18 the
757 1669 92 18 Eotorua
870 1669 49 18 Post

487 1696 68 20 Office.

766 1721 33 17 By
813 1721 78 17 Okdeu.

514 1746 91 20 Kotorua
612 1746 61 19 Town
685 1745 73 24 Board,

539 1772 47 20 20th
597 1772 59 23 Juno,
670 1774 58 17 189G..

489 1825 26 18 In
525 1825 39 17 the
574 1825 85 17 matter
668 1824 26 18 of
700 1824 39 18 the
754 1823 80 19 Public
850 1823 68 18 Trust

511 1847 70 19 Office
590 1847 59 18 Acts
662 1847 36 18 for
711 1847 40 18 the
769 1847 57 18 time
843 1846 75 23 being,

510 1871 46 18 and
565 1870 23 19 in
597 1871 40 18 the
646 1872 86 17 matter
745 1871 26 17 of
786 1871 40 17 the
844 1871 74 17 estate

511 1894 26 18 of
556 1894 80 23 Henry
656 1894 104 18 William
776 1892 140 25 Neighbour,

509 1917 47 19 late
566 1917 25 18 of
595 1917 109 22 Rotorua,
711 1918 23 18 in
741 1917 40 18 the
789 1917 129 18 Provincial

509 1941 97 18 District
615 1941 25 18 of
654 1941 130 21 Auckland,
799 1941 117 18 deceased.

511 1990 95 21 TOTICE
614 1990 16 17 is
638 1990 70 23 hereby
717 1991 55 21 given
779 1990 42 18 that
828 1990 24 18 all
859 1990 58 18 credi-

555 2016 37 14 tors
601 2014 37 16 and
650 2013 62 19 others
729 2014 71 23 having
818 2013 62 19 claims
898 2019 10 12 a-

486 2037 62 23 gainst
557 2036 32 18 the
600 2037 58 17 abovo
673 2039 59 15 estate
748 2043 32 11 are
797 2037 85 22 required
899 2038 19 17 to

486 2060 45 17 send
539 2059 19 18 in
567 2061 20 16 to
596 2059 32 18 the
637 2061 51 16 office
698 2060 19 18 of
722 2060 33 18 the
760 2059 68 19 Public
834 2060 83 21 Trustee,

486 2082 135 19 Customhouse
635 2083 59 22 Quay,
712 2083 123 23 Wellington,
853 2089 21 11 or
890 2084 28 15 his

486 2106 63 23 Agent
557 2107 19 15 at
585 2106 105 23 Tauranga,
701 2106 36 18 and
746 2106 19 18 in
775 2106 82 23 writing,
867 2112 24 11 on
898 2112 20 11 or

485 2129 63 17 before
557 2129 32 17 the
598 2130 148 22 twenty-eighth
756 2129 37 23 day
802 2130 20 16 of
837 2130 80 22 August,

487 2153 49 20 1896,
547 2152 35 17 full
591 2152 110 22 particulars
710 2153 20 16 of
739 2153 44 16 such
798 2153 64 16 claims
876 2153 31 21 giv-

485 2176 33 21 ing
527 2176 32 16 the
569 2175 53 17 items
631 2176 37 16 and
677 2178 87 15 amounts
773 2176 20 17 of
807 2176 33 17 the
856 2181 60 16 same;

485 2199 37 16 and
531 2199 32 17 th?
572 2199 65 17 Public
646 2199 76 17 Trustee
731 2199 44 21 will,
786 2200 18 16 at
814 2199 32 17 the
855 2199 52 22 expir-

485 2222 51 17 ation
546 2222 19 17 of
574 2221 31 18 the
614 2222 39 17 said
663 2221 44 19 time
724 2228 21 11 or
759 2228 20 11 as
793 2228 44 11 soon
856 2222 51 17 there-

485 2246 49 16 after
543 2251 20 11 as
572 2245 130 22 conveniently
711 2251 43 16 may
772 2246 27 19 be,
819 2245 99 17 distribute

485 2268 32 17 the
525 2269 59 16 assets
599 2269 20 16 of
633 2268 32 17 the
681 2268 40 17 said
737 2268 88 18 deceased
844 2275 21 10 or
880 2274 37 17 any

484 2293 43 20 part
536 2291 73 17 thereof
621 2298 70 15 among
705 2292 31 16 the
753 2291 69 23 parties
840 2292 77 16 entitled

485 2314 79 21 thereto,
574 2313 71 23 having
653 2315 67 20 regard
730 2315 45 21 only
785 2317 19 14 to
815 2315 32 16 the
854 2313 3 23 <
865 2315 52 18 [aims

486 2338 58 16 which
555 2338 31 16 the
596 2338 66 17 Public
670 2338 76 17 Trustee
755 2338 49 17 shall
813 2338 46 17 have
872 2338 45 17 then

484 2360 38 17 had
530 2361 67 19 notice,
607 2361 37 17 and
653 2361 104 22 according
766 2364 20 14 to
801 2362 32 16 the
850 2361 58 22 priori-

485 2384 33 17 ties
528 2384 55 21 given
591 2384 25 22 by
626 2385 32 16 the
667 2385 65 17 Public
741 2385 57 16 Trust
807 2384 57 18 Office
873 2385 44 16 Acts

485 2406 70 19 for-the
564 2406 45 19 time
617 2407 58 23 being
682 2408 21 17 to
711 2407 47 18 such
766 2407 65 18 claims
848 2414 20 11 as
884 2408 22 17 be-

485 2432 58 15 tween
553 2430 110 17 themselves
672 2431 127 22 respectively.

507 2453 51 17 ALL
574 2459 76 16 moneys
667 2454 79 21 payable
764 2456 19 15 to
804 2454 33 17 the
858 2454 59 18 above

484 2478 59 15 estate
553 2482 43 16 may
604 2477 23 16 be
636 2477 69 21 lodged
714 2479 19 15 to
743 2477 31 17 the
784 2477 59 17 credit
851 2478 21 16 of
885 2477 32 17 the

484 2499 67 18 Public
560 2500 92 17 Trustee's
667 2501 85 16 Account
765 2502 20 16 at
802 2507 37 16 any
856 2501 61 21 posial

484 2523 132 22 money-order
625 2523 57 17 office.

606 2546 18 17 J.
638 2547 25 16 K.
677 2546 168 22 warbukton,

733 2570 68 17 Public
810 2570 82 17 Trustee.

506 2592 68 17 Public
582 2592 55 17 Trust
646 2592 62 19 Office,

530 2614 122 23 Wellington.
663 2616 31 18 9th
703 2616 56 21 June,
771 2617 50 17 1896.

591 2664 80 22 FOR
694 2664 115 22 SALE.

1002 96 176 21 OHIXEMUTU
1188 96 122 19 AGENCY.

993 148 23 16 [E
1048 147 53 17 HOT
1110 145 85 19 LAKES
1204 142 149 20 CHRONICLE

1003 176 34 11 can
1046 170 23 17 be
1078 168 89 19 obtained
1176 171 19 14 at

1016 202 28 25 J.
1063 201 39 25 H-
1122 199 167 26 LAKIN'S

985 240 69 16 FERN
1067 239 54 17 AND
1135 238 79 18 CURIO
1234 237 93 17 DEPOT.

1035 267 136 26 [Telegkai'ii
1188 265 92 26 Office.]

1011 303 57 17 Near
1077 301 57 19 Lake
1145 301 70 19 House
1230 301 69 18 Hotel-

487 2716 112 43 PLANT
614 2717 19 18 in
644 2717 92 25 working
744 2718 58 18 order
810 2718 20 18 in
838 2717 76 27 Taupo,

551 2743 134 25 comprising:

485 2779 10 16 2
506 2776 111 24 Launches,
630 2783 37 13 one
675 2777 62 26 largo,
748 2785 37 12 one
793 2779 64 22 smnil,
868 2779 46 20 with

511 2803 47 23 fuel,
573 2804 24 17 .';0
607 2803 45 19 cord
663 2804 20 18 of
693 2804 62 22 wood,
769 2811 25 12 on
803 2805 60 18 hand'.

485 2830 10 16 3
504 2829 79 24 Sailing
594 2829 67 24 Isoats,
673 2831 39 17 two
722 2833 33 15 ton
765 2831 56 19 each.

484 2857 9 15 •1
506 2855 85 24 Fulling
600 2855 62 19 Boats
673 2856 38 18 ;.rjd
722 2863 54 18 gear.

485 2881 70 18 House
578 2881 40 19 and
643 2882 82 24 garden,
753 2883 42 18 also
814 2883 100 24 goodwill.

510 2907 92 24 Leaving
611 2914 25 11 on
645 2910 84 16 account
738 2909 20 17 of
769 2909 75 19 health.

607 2932 85 19 TERMS
706 2933 89 19 CASHT..

484 2982 73 24 Apply,

510 3014 87 18 Eickitt
607 3015 17 19 &
630 3014 85 24 Adams,.
720 3015 84 24 Agents,
812 3016 77 26 Taupo.

523 3055 27 16 or,
563 3048 82 19 George
656 3048 95 25 Hakpbb,
762 3050 113 20 Auckland,

487 3148 266 47 Clearance
804 3151 111 45 Sale

682 3222 38 19 BY

506 3264 167 41 PUBLIC
687 3265 207 42 AUCTION

684 3323 35 18 AT

485 3356 149 34 THE
691 3358 223 34 MKRT-

485 3411 63 46 At
566 3425 63 32 an
647 3415 139 55 early
800 3415 116 46 date

520 3521 140 26 Further
671 3523 194 31 particulars
884 3525 32 26 in

487 3553 106 25 future
611 3554 94 26 issue.

487 3625 45 46 J.
568 3625 57 47 H.
662 3628 251 48 TAYLOR.

576 3777 55 26 ON
652 3778 106 27 SALE
778 3780 54 26 AT

487 3835 70 41 THE
571 3836 194 43 CHRONICLE
781 3840 132 41 OFFICE,

488 3906 208 35 Geyserland,

620 3951 179 29 Fiordland,

703 3993 211 29 Glacierland.

487 4031 51 24 An
551 4031 186 28 Illustrated
754 4035 111 29 Guide,
884 4037 32 25 to

513 4064 54 24 the
588 4066 115 26 tourist
725 4069 119 25 resorts
864 4069 34 26 of

582 4097 78 26 New
673 4099 147 25 Zealand.

1933 4022 62 28 £SO,
2013 4022 60 28 £lO,
2089 4023 58 27 £lO,
2164 4023 42 26 £5.

1855 4056 64 19 Given
1929 4063 57 17 nway
1996 4057 32 18 for
2038 4063 13 12 a
2061 4057 65 25 single
2135 4064 66 16 guess.
2234 4057 52 20 Send

1854 4084 65 22 stnmji
1929 4082 32 18 for
1970 4082 122 24 particulars
2102 4083 40 18 and
2157 4083 94 20 circulars
2266 4087 20 16 to

1853 4107 43 18 Box
1910 4108 42 22 176,
1964 4108 22 23 P.
1986 4108 34 23 0.,
2034 4108 132 23 Wellington.

973 4204 99 38 Ask
1100 4204 71 38 for
1196 4202 263 39 Hancock's
1491 4199 274 40 Celebrated
1813 4198 189 38 XXXX
2028 4199 114 39 Ales
2170 4203 96 36 and
2292 4201 151 40 Stout,

2778 3145 151 19 HEADACHE.

2824 3169 147 21 BACKACHE,

2961 3242 68 18 POUR
3060 3240 114 21 STOMACH
3187 3239 8 19 t

2860 3262 79 19 LITER
2950 3264 156 20 COMPLAINT,

2835 3284 143 21 PBOMPTLT
2989 3289 87 17 CURED
3085 3288 34 19 BY

2848 3309 138 21 CLEMENTS
2994 3312 83 18 TOXIC.

2773 3354 78 18 TIRED
2856 3356 120 19 NATURES
2982 3358 85 18 GREAT
3073 3357 122 19 RESTORER.

2774 3401 37 18 Mr
2828 3401 89 24 George
2931 3403 130 21 M'Donald.
3072 3405 33 18 Sth
3124 3403 71 20 Dnnedin

2861 3426 70 19 cured
2955 3427 27 18 of
3069 3428 22 18 N.
3109 3429 26 18 Z.,
3147 3428 48 17 writes

2839 3448 124 26 Swellings
2982 3451 23 18 in
3071 3458 24 12 on
3110 3452 47 22 Sept.
3175 3451 15 17 20

2842 3471 147 25 Kneejoints.
3065 3475 126 18 1894:—Please

2771 3496 65 20 accept
2853 3495 33 18 the
2901 3497 100 22 followinp
3018 3498 103 22 testimony
3141 3498 18 18 to
3173 3497 22 17 the

2771 3518 88 18 valuable
2867 3519 90 25 qualities
2965 3521 21 17 of
2994 3521 95 19 Clements
3104 3522 58 16 Tonic.
3188 3519 6 16 I

2771 3541 38 17 had
2818 3541 29 17 for
2863 3542 43 17 four
2922 3545 77 16 months
3016 3551 12 11 a
3042 3545 85 23 swelling
3140 3545 17 16 in
3171 3547 23 17 my

2772 3564 107 22 kneejoints
2889 3566 37 17 and
2936 3567 71 21 articles,
3017 3568 81 23 brought
3110 3573 22 12 on
3139 3568 23 22 by
3169 3572 16 12 ex-

2770 3592 69 17 posure
2848 3589 20 16 to
2877 3592 37 14 wet.
2922 3590 39 16 and
2969 3591 43 17 cold
3021 3592 70 21 during
3099 3591 30 18 the
3138 3596 45 17 years
3187 3589 6 16 I

2771 3615 38 12 was
2818 3612 56 16 coach
2884 3612 82 23 driving.
2992 3614 11 17 I
3015 3620 39 12 was
3068 3615 37 17 laid
3121 3620 29 17 up;
3167 3610 26 21 and

2771 3633 55 17 could
2835 3635 35 16 not
2879 3636 50 16 walk
2938 3637 82 17 without
3029 3638 50 22 pain,
3093 3636 85 24 although
3187 3634 6 16 I

2771 3662 38 11 was
2818 3657 38 17 free
2867 3658 48 18 from
2924 3660 45 21 pain
2978 3660 56 18 while
3044 3662 66 21 sitting
3119 3667 19 11 or
3152 3660 42 22 lying

2771 3679 55 18 down
2835 3679 4 28 ;
2853 3681 15 16 it
2878 3687 38 12 was
2925 3683 46 22 only
2979 3684 55 17 when
3044 3690 31 16 my
3084 3683 66 24 weight
3166 3686 27 14 was

2771 3708 23 11 on
2802 3709 32 16 my
2842 3703 57 18 limbs
2908 3706 42 17 that
2961 3706 32 17 the
3002 3707 44 21 pain
3056 3703 73 22 became
3138 3710 54 14 severe

2771 3726 9 16 I
2794 3726 55 17 could
2858 3729 33 19 get
2900 3733 26 12 no
2943 3735 41 12 ease
2999 3731 49 16 from
3065 3731 34 17 oils
3116 3736 20 11 or
3150 3729 43 17 other

2770 3750 109 17 treatment.
2905 3751 10 17 I
2924 3753 98 17 consulted
3032 3759 35 11 one
3076 3754 68 17 doctor,
3160 3751 33 17 who

2770 3772 39 17 told
2820 3778 29 12 me
2858 3773 10 16 I
2877 3773 38 18 had
2924 3775 124 19 rheumatism
3056 3772 4 27 :
3074 3772 119 27 h'eprescribed

2769 3800 12 12 a
2785 3794 94 23 liniment,
2889 3796 40 19 also
2937 3804 12 12 a
2954 3799 90 22 mixture,
3061 3800 34 18 but
3109 3800 9 16 I
3131 3799 30 23 got
3175 3801 17 14 no

2769 3818 68 17 belter.
2862 3819 88 24 Reading
2959 3828 36 11 one
3005 3823 21 17 of
3041 3829 48 16 your
3105 3821 79 19 advertise-

2769 3841 67 21 ments,
2846 3842 10 17 I
2865 3844 85 17 resolved
2964 3847 19 15 to
2994 3846 43 23 give
3045 3846 92 18 Clements
3147 3843 46 19 Tonic

2769 3869 11 11 a
2787 3864 49 17 trial.
2863 3867 54 16 Ai'ter
2926 3867 33 18 the
2968 3869 41 17 first
3018 3870 60 16 bottle
3091 3869 11 17 I
3113 3874 35 12 was
3161 3872 24 13 sur-

2769 3887 61 22 prised
2839 3890 20 15 at
2876 3889 46 18 bein:

2769 3911 49 21 pain,
2829 3917 20 10 so
2858 3912 10 16 I
2878 3914 76 18 cont__

2769 3939 30 11 am
2808 3933 64 25 happy
2882 3937 20 16 to
2911 3942 32 17 say
2954 3937 24 18 aD
2994 3939 86 23 swelling
3096 3938 35 18 had
3146 3941 45 19 gone.

2769 3956 23 17 In
2802 3956 39 19 fact
2851 3958 10 17 I
2875 3965 39 12 was
2928 3961 62 19 cured,
3009 3968 20 11 as
3047 3962 29 18 for
3091 3967 49 12 more
3155 3960 37 17 than

2769 3980 67 18 twelve
2849 3982 76 18 months
2935 3984 10 17 I
2953 3984 48 15 h:ivo
3009 3984 47 15 Yxmn
3066 3986 38 13 tVne
3116 3985 45 14 from
3172 3980 19 19 all

2769 4004 44 20 pain
2822 4004 38 17 and
2868 4006 80 21 swelling

2769 4031 31 17 my
2811 4026 69 20 friends
2889 4034 32 12 are
2929 4035 62 12 aware
3001 4034 16 14 oi

2769 4055 19 11 so
2797 4055 39 17 you
2844 4056 32 12 are
2885 4053 20 16 at
2913 4052 70 23 liberty
2989 4056 19 15 jo
3017 4060 31 12 use
3058 4055 36 16 this
3103 4050 87 21 statement

2769 4078 19 11 as
2806 4078 38 17 you
2860 4074 89 19 wish.—l
2964 4082 37 15 am,
3020 4083 56 13 vonrs
3093 4074 97 26 gratefully,

2769 4095 72 24 George
2849 4097 111 23 M'Donald,
2976 4100 59 18 South
3049 4100 90 18 Dunedin.
3152 4098 42 18 Netf
