3233 4265
107 87 33 19 AS
154 87 111 20 OTHERS
279 87 51 19 SEE
344 88 33 19 US.

59 140 36 21 We
105 139 58 20 make
173 139 80 18 further
264 141 87 18 extracts
360 140 53 18 from
429 139 33 19 Mr

32 165 84 26 jHaweis'
136 167 58 16 notes
204 167 21 16 to
236 166 34 17 the
302 166 70 20 Queen
431 165 31 18 his

36 194 38 20 Hot
83 192 66 17 Lakes
164 191 135 24 experiences.
334 191 26 18 In
373 191 33 18 the
424 191 29 17 fol-

35 218 68 23 lowing
112 217 25 18 he
150 216 102 19 describes
269 216 31 19 his
320 216 49 19 bath
385 217 21 18 in
428 216 34 19 the

36 250 54 15 warm
100 242 44 18 lake
156 244 20 17 at
189 242 103 19 Wairakei
302 242 3 23 :

132 275 19 19 A
164 275 119 21 Starlight
292 276 64 19 Swim.

78 310 12 19 I
99 310 50 18 stole
159 312 42 21 out;
212 310 15 18 it
236 316 40 13 was
283 310 53 18 clear
344 310 40 17 and
390 310 71 23 frosty.

34 340 9 17 I
53 336 54 20 made
114 342 34 17 ury
158 342 45 18 way
213 339 20 15 to
244 343 11 12 a
266 342 62 12 warm
336 335 79 18 lake.at
427 332 35 21 the

35 366 70 17 bottom
115 362 21 18 of
146 361 34 19 the
195 361 56 19 hotel
267 361 94 25 grounds,
379 367 13 12 a
409 360 53 19 little

34 388 44 21 jbed
92 387 40 19 and
144 394 12 12 a
173 387 70 19 tallow
259 387 71 19 caudle
349 387 63 24 beiug
427 386 35 19 the

34 415 42 23 only
85 413 170 19 accommodation
267 413 104 24 provided.
404 412 57 23 Anj*-

34 441 53 23 thing
96 445 55 13 more
161 439 61 17 weird
236 439 50 18 than
303 439 44 18 that
366 437 95 25 starlight

34 466 45 19 bath
88 465 11 19 I
109 471 61 12 never
182 464 139 24 experienced.
349 464 11 18 I
377 463 85 25 stopped

34 494 18 17 in
70 491 33 18 the
121 491 51 24 deep
191 490 61 24 uight
271 491 52 18 from
341 490 34 18 the
398 489 64 24 frosty

32 517 50 21 bank
92 517 41 17 into
144 522 12 12 a
165 518 137 22 temperature
312 515 21 19 of
349 515 62 19 about
430 517 30 16 80.

55 543 19 19 It
91 548 41 13 was
151 548 12 12 a
183 541 56 25 large
259 541 84 19 shallow
361 541 52 19 lako.
450 541 12 18 I

33 568 67 27 peered
109 568 43 18 into
162 567 35 19 the
205 567 57 23 dark,
274 567 38 19 but
321 567 11 19 I
348 567 59 20 could
426 569 34 17 not

32 602 29 12 see
70 594 25 19 its
105 596 68 16 extent
186 593 27 25 by
222 593 35 18 the
267 593 41 18 dim
316 593 100 24 starlight;
427 599 32 17 no,

33 623 31 17 not
73 625 49 13 even
132 619 34 19 the
177 619 91 24 opposite
278 618 73 20 banks.
379 619 10 18 I
400 625 61 12 swam

34 647 58 19 about
102 645 30 19 till
149 645 11 18 I
175 651 56 12 came
250 648 21 15 to
288 645 35 18 the
342 645 119 24 margin—a

32 678 68 18 mossy,
115 671 41 18 soft
172 671 87 23 margin.
288 670 56 20 Dark
363 671 98 18 branches

32 699 18 18 of
59 700 50 16 trees
119 696 75 25 dipped
213 696 20 18 in
251 696 34 19 the
303 700 67 19 water,
391 696 40 19 and
450 696 11 19 I

32 723 53 20 could
99 723 40 18 foal
158 724 34 17 the
212 722 62 18 fallen
294 722 66 20 leaved
377 722 85 24 floating

32 750 63 21 about.
123 748 12 19 1
145 748 139 19 followed'the
300 748 79 23 margin
396 749 65 18 round

31 776 28 19 till
69 775 33 18 thu
112 775 53 24 light
177 774 21 18 in
209 781 32 17 my
252 775 56 18 wood
318 774 59 20 cabin
396 775 52 18 dwin-

27 801 46 23 dled
84 804 20 14 to
115 808 10 11 a
137 806 53 12 mere
201 800 59 24 spark
276 801 20 17 in
313 801 35 18 the
364 801 95 22 distance,

32 828 42 18 then
83 826 12 20 I
106 832 62 14 swam
183 830 35 15 vut
235 826 43 18 into
294 826 35 18 tho
346 826 75 18 middle
440 827 21 17 of

32 854 30 18 the
72 852 51 18 lake.
238 852 12 20 I
265 858 41 12 was
325 852 83 24 upright
422 852 38 19 .the

32 885 56 13 warm
105 881 62 15 water
184 877 87 19 reached
289 884 33 18 my
340 878 60 23 chin;
424 877 24 19 be-

31 905 56 19 neath
98 910 33 18 my
141 905 41 17 foot
192 904 80 18 seemed
283 907 19 15 to
314 904 24 18 he
354 903 39 19 fine
410 903 50 19 sand

31 931 35 19 and
76 930 76 23 gravel.
180 929 58 19 Then
254 929 83 23 leaning
354 936 33 17 my
406 929 54 19 head

31 956 45 20 back
86 956 11 19 I
108 955 72 19 looked
191 961 27 19 up
236 961 21 13 at
273 955 34 18 the
323 955 66 24 Milky

12 989 7 12 \
31 982 35 20 and
78 982 26 18 all
114 982 35 18 the
159 987 88 19 expanse
257 982 21 17 of
287 981 34 18 the
332 981 66 18 starlit
413 980 34 21 hea-

30 1015 50 13 vens.
109 1008 65 18 There
191 1013 40 12 was
247 1009 36 16 not
299 1013 13 12 a
328 1007 77 23 sound.;
425 1007 33 18 the

30 1036 53 24 great
93 1040 49 13 suns
151 1033 39 19 and
201 1033 80 25 planets
289 1033 57 24 hung
353 1033 40 18 like
401 1033 46 25 gold-

29 1068 21 12 en
69 1060 51 18 balls
141 1060 65 17 above
226 1065 30 12 me
274 1060 21 17 in
313 1059 34 18 the
360 1059 52 18 clear
422 1059 36 18 air.

29 1088 38 18 The
78 1088 41 16 star
129 1085 47 18 dust
187 1086 21 17 of
224 1085 106 24 planetary
348 1089 85 20 systems
434 1095 24 3 —

29 1112 60 20 whole
99 1111 233 18 universes—stretched
347 1117 57 18 away
423 1110 24 19 be-

29 1136 123 24 wilderingly
163 1137 42 18 into
217 1136 36 19 the
272 1137 129 18 unutterable
412 1136 46 19 void

30 1165 17 18 of
58 1163 107 18 boundless
174 1163 122 23 immensity,
309 1163 98 24 mapping
423 1165 35 15 out

29 1191 43 19 here
83 1188 39 20 and
131 1189 58 18 there
199 1188 34 18 the
240 1187 98 19 trackless
345 1188 101 24 thorough-

26 1218 52 18 fares
96 1215 21 18 of
138 1214 44 19 God
203 1214 20 18 in
241 1214 34 19 the
287 1213 103 25 midnight
398 1213 60 20 skies.

53 1243 51 17 I'Ont
119 1240 19 19 la
302 1246 22 12 as
343 1240 115 18 Lamartiue

29 1267 56 25 finely
93 1267 68 18 writes
171 1266 21 19 in
201 1267 31 18 oft
245 1266 125 25 plagiarised
386 1266 70 22 words,

49 1295 43 17 sont
112 1292 29 19 les
160 1292 78 19 Etoiles
256 1293 36 23 qui
310 1294 114 17 reuionteut
440 1294 18 17 et

29 1319 87 21 tonibent
126 1318 74 19 devaut

52 1345 52 20 How
114 1344 172 24 longlremained
294 1344 56 18 there
357 1343 101 19 absorbed

27 1373 18 20 in
57 1372 39 17 this
106 1370 162 26 supermundane
279 1370 157 24 contemplation
447 1370 11 18 I

28 1400 70 17 cannot
108 1403 42 18 say.
178 1396 12 19 I
201 1396 80 19 seemed
291 1399 20 16 to
320 1396 25 18 be
352 1396 106 19 embraced

29 1422 163 26 simultaneously
200 1422 28 25 by
237 1422 56 18 three
299 1422 117 18 elements—
423 1422 35 18 the

29 1456 57 13 warm
107 1452 67 19 water,
196 1448 35 19 the
249 1448 98 18 darkness
366 1448 40 19 and
424 1448 34 18 the

29 1476 61 19 starlit
105 1476 36 18 air.
170 1474 57 25 They
247 1481 55 12 wove
320 1481 12 11 a
348 1474 110 20 three-fold

26 1501 48 27 .spell
85 1501 63 19 about
158 1507 32 14 my
202 1507 73 16 senses,
284 1500 67 18 whilst
358 1506 32 18 my
399 1500 50 18 intel-

29 1528 35 19 lect
74 1527 79 19 seemed
164 1527 104 20 detached,
280 1527 48 18 free.
364 1525 80 21 Emanci-

28 1553 57 28 pated
96 1553 50 19 from
157 1553 80 24 earthly
247 1553 103 18 trammels
360 1552 11 19 I
379 1552 79 20 seemed

29 1579 103 26 mounting
143 1584 26 20 up
180 1579 40 18 and
228 1585 26 18 up
261 1579 87 18 towards
356 1579 34 18 the
400 1582 57 14 stars.

26 1605 102 23 Suddenly
148 1605 10 18 I
177 1605 65 19 found
268 1604 74 24 myself
366 1605 92 23 growing

29 1633 54 22 faint,
106 1631 128 24 luxuriously
252 1631 60 18 faint.
350 1630 35 25 My
407 1630 50 19 head

29 1657 46 21 sank
87 1656 58 25 back,
157 1663 33 19 my
201 1663 47 18 eyes
259 1656 72 23 closed,
343 1657 57 18 there
418 1663 39 12 was

30 1692 8 11 a
49 1683 106 24 humming
166 1690 22 12 as
199 1684 21 17 of
230 1689 54 12 some
295 1683 76 18 distant
388 1685 69 16 water-

28 1711 34 21 jail
73 1710 19 18 in
104 1716 32 18 my
147 1716 45 12 oars
226 1709 11 18 I
248 1709 78 18 seemed
347 1709 74 25 falling
437 1715 10 13 a-

30 1737 56 24 sleep,
99 1736 37 18 but
152 1742 90 12 common
252 1741 58 12 sense
326 1735 82 19 rescued
427 1742 30 12 me

28 1763 39 24 just
78 1762 20 18 in
108 1761 54 19 time.
191 1761 11 20 I
212 1767 40 13 was
262 1760 58 19 alone
337 1761 20 18 in
374 1767 25 12 an
421 1767 24 12 un-

29 1789 69 18 known
109 1788 35 18 hot
154 1787 46 19 lake
211 1790 21 15 at
242 1786 60 25 night
316 1789 35 16 out
360 1788 21 17 of
399 1787 58 18 reach

28 1815 19 18 of
59 1815 73 18 human
144 1814 44 18 call.
217 1814 9 17 1
238 1815 73 16 roused
321 1813 72 20 myself
411 1814 46 17 with

28 1848 10 15 ,a
49 1843 56 16 <>reat
115 1839 59 20 effort
185 1840 20 17 of
216 1839 38 18 will

292 1838 11 19 I
313 1838 40 19 had
360 1839 46 22 only
416 1839 41 23 just

28 1868 45 18 time
84 1869 19 16 to
113 1866 59 18 make
190 1866 31 17 for
240 1865 34 19 the
294 1865 54 18 bank
371 1867 56 17 when
447 1866 11 18 I

28 1899 51 19 grew
91 1892 56 24 quito
157 1892 52 18 faint
218 1892 40 18 and
266 1891 63 24 dizzy.
357 1891 42 19 The
407 1892 50 18 keen

26 1921 62 22 frosty
99 1917 28 20 air
138 1918 90 23 brought
237 1924 33 11 ine
282 1917 142 25 unpleasantly
438 1920 20 16 to

26 1952 31 18 my
67 1950 73 13 senses.
170 1944 36 24 My
216 1943 68 19 tallow
303 1943 35 25 dip
355 1951 40 11 was
411 1946 34 22 gut-

28 1972 63 24 tering
101 1971 20 18 in
132 1970 26 18 its
175 1969 76 24 socket,
268 1969 46 22 and,
335 1970 74 22 hastily
428 1976 20 12 re-

28 1998 77 23 suming
116 2003 30 18 my
159 1998 110 22 garments,
280 2002 22 12 in
319 2002 13 12 a
350 1995 108 19 somewhat

27 2023 100 25 shivering
149 2022 109 21 condition,
279 2021 10 19 I
313 2022 91 21 retraced
424 2022 34 18 the

26 2049 59 24 rock}'
94 2049 56 24 path,
162 2048 49 18 then
222 2047 76 25 groped
310 2054 33 18 my
353 2054 43 18 way
411 2054 47 12 over

26 2076 33 19 ithe
69 2075 51 19 little
132 2075 72 24 bridge
218 2074 64 18 under
299 2074 65 18 which
383 2074 74 18 rushed

24 2099 2 24 ;
27 2101 32 20 the
69 2101 34 19 hot
116 2104 73 15 stream
207 2099 45 19 that
268 2099 34 20 fed
321 2100 34 18 the
375 2099 81 23 lakelet,

28 2127 36 19 and
75 2127 75 24 guided
161 2127 25 24 by
199 2126 33 18 the
242 2125 41 19 dim
294 2125 96 24 starlight
400 2125 11 19 I
428 2132 28 12 rei

27 2153 71 26 gained
108 2159 33 18 my
157 2153 61 19 hotel.

51 2180 9 18 1
72 2179 38 18 had
121 2180 55 17 often
187 2178 74 19 looked
272 2184 27 19 up
316 2180 20 16 at
354 2177 34 19 the
406 2177 39 19 mid-

25 2206 58 25 flight
93 2205 53 19 skies
159 2205 68 18 before
238 2207 21 15 at
277 2203 102 21 Charles's
395 2204 62 18 Wain

24 2233 39 19 .and
74 2232 33 17 the
119 2231 93 19 Pleiades
223 2236 25 14 on
266 2230 35 19 the
320 2230 95 22 Atlantic,
437 2233 21 16 at

26 2259 32 19 the
68 2258 101 18 Southern
179 2257 61 19 Cross
251 2259 35 16 out
296 2262 25 13 on
332 2257 34 18 the
378 2256 78 22 Pacific,

27 2285 37 18 and
75 2283 33 19 the
119 2283 130 25 resplendent
259 2282 67 24 Milky
334 2282 53 24 Way
396 2282 19 18 in
425 2282 33 19 the

28 2310 84 25 Tropics,
125 2310 49 18 with
185 2309 54 19 Mars
255 2308 40 19 and
311 2308 32 21 bin
362 2308 96 19 so-called

27 2336 71 23 canals,
110 2341 21 13 at
147 2336 36 19 the
198 2342 60 12 moon
268 2335 53 18 from
338 2334 34 19 the
391 2341 67 17 snowy

26 2367 33 21 top
68 2363 21 18 of
101 2362 72 18 Mount
188 2362 60 18 Cenis
256 2360 3 28 ;
282 2360 37 19 but
336 2367 120 16 never—no,

26 2388 126 20 never—had
164 2388 10 19 I
183 2388 79 18 studied
272 2389 114 21 astronomy
395 2386 63 19 under

24 2415 49 19 -such
83 2414 155 24 extraordinary
247 2414 155 17 circumstances
418 2412 40 19 and

26 2442 46 18 with
83 2441 48 18 such
139 2440 89 25 peculiar
239 2439 40 18 and
294 2438 113 21 enchanted
424 2444 23 12 en-

26 2468 122 18 vironments
164 2472 22 13 as
200 2472 26 12 on
246 2465 40 19 this
306 2465 60 25 night,
386 2465 20 18 in
424 2464 34 19 the

26 2492 105 20 Wairakei
139 2493 37 18 hot

51 2520 33 18 Mr
106 2518 85 19 Haweis
213 2516 113 27 journeyed
357 2516 47 20 here
425 2516 33 19 via

27 2546 74 24 Nepier
112 2544 39 20 and
167 2544 70 25 Taupo
248 2543 40 19 and
299 2543 41 19 this
350 2543 17 19 is
378 2545 44 17 how
432 2543 26 18 he

28 2572 97 19 describes
132 2571 35 19 the
174 2570 56 19 rond:

173 2602 64 18 Wild
246 2602 90 18 llokses.

27 2641 15 18 A
51 2640 56 18 throe
117 2638 57 24 day's
183 2637 66 25 rough
267 2636 60 19 coach
338 2635 57 19 drive
406 2636 51 18 from

27 2666 76 24 Napier
122 2666 20 16 to
157 2663 92 19 Kotorua
266 2663 35 18 hot
322 2662 81 25 springs
420 2662 38 24 (or,

27 2693 64 18 better
101 2690 47 23 still,
160 2689 66 24 rough
233 2689 79 24 private
320 2688 82 25 posting
410 2688 50 18 with

27 2719 54 18 three
86 2724 22 12 or
113 2717 46 18 four
166 2716 80 23 horses)
256 2715 59 18 takes
322 2720 39 18 you
369 2714 89 23 through

28 2745 32 19 the
70 2744 59 18 finest
137 2742 103 18 mountain
249 2748 64 17 gorge
322 2741 19 18 in
350 2740 35 18 the
392 2740 67 18 North

28 2770 74 20 Island.
113 2769 43 18 The
165 2767 71 24 Pocky
244 2767 119 19 Mountains
371 2766 89 24 through

28 2797 62 19 which
100 2795 12 19 I
121 2795 40 18 had
174 2793 74 26 passed
258 2794 21 18 in
296 2793 34 18 the
341 2793 75 24 Spring
426 2798 34 12 are

26 2826 70 19 vaster,
113 2821 37 18 but
169 2819 87 25 nothing
272 2819 59 19 could
341 2819 26 18 be
375 2818 83 19 lovelier

27 2850 48 18 than
85 2847 44 22 hill,
140 2846 72 25 valley,
223 2845 66 22 scrub,
299 2847 82 20 torrent,
390 2845 68 22 forest,

28 2876 45 23 glen
83 2873 39 19 and
132 2867 124 29 uudufating
272 2871 55 25 plain
343 2875 21 14 to
379 2870 25 19 be
420 2874 38 15 tra»

28 2900 68 19 versed
106 2900 52 18 from
176 2898 79 24 Napier
272 2901 19 15 to
308 2898 118 22 Tarawera;
439 2899 21 16 to

29 2927 53 19 Luke
92 2925 77 25 Taupo,
180 2928 21 15 to
213 2923 111 23 Wairakei,
336 2925 21 16 to
369 2922 91 19 Kotorua

29 2953 39 19 and
81 2952 35 19 the
131 2951 90 18 volcanic
240 2950 49 19 land
308 2956 22 12 or
350 2949 79 18 inferno
440 2949 20 18 of

30 2979 82 25 sulphur
122 2977 80 24 boiling
214 2976 62 22 lakes,
294 2981 82 19 geysers
393 2974 67 19 mixed

30 3012 25 18 up
65 3004 48 19 with
128 3010 12 11 a
157 3002 98 19 Paradise
272 3002 20 18 of
312 3001 81 25 foliage,
411 3007 49 19 gum

28 3035 56 20 trees,
96 3029 40 19 and
146 3028 124 24 blossoming
281 3027 82 19 bushes.

53 3058 59 17 After
121 3055 34 18 tho
165 3054 124 26 precipitous
303 3053 49 19 road
369 3054 38 17 and
425 3053 35 18 the

28 3084 99 19 incessant
136 3080 85 25 rattling
230 3080 90 25 through
336 3079 124 25 Alpinedike

29 3116 67 18 passes
113 3107 40 19 and
163 3106 103 25 swinging
275 3105 65 19 round
348 3105 62 25 rocky
418 3111 30 13 cor-

29 3142 51 16 ners,
91 3141 25 12 on
126 3132 67 19 which,
202 3132 90 19 occasion
303 3138 37 12 our
355 3132 73 21 leader,
449 3138 11 12 a

31 3161 44 25 wily
85 3160 33 19 old
127 3160 66 21 horse,
205 3158 81 19 seemed
303 3160 21 16 to
343 3157 78 24 delight
439 3157 21 19 in

30 3188 84 19 shavinz
123 3185 35 19 the
175 3185 52 23 edge
246 3185 20 18 of
286 3184 57 18 sheer
362 3183 57 23 cliffs,
440 3183 20 19 in

30 3214 56 18 order
96 3214 19 17 to
126 3211 46 25 give
183 3217 24 12 us
225 3217 12 11 a
254 3210 52 25 good
322 3210 51 18 view
388 3211 20 17 of
426 3210 34 18 the

30 3239 79 20 roaring
119 3240 77 16 torrent
206 3237 64 18 below
272 3239 47 15 —to
327 3235 84 19 descend
418 3236 42 19 into

30 3266 32 18 the
72 3265 78 25 pumice
159 3263 68 25 plains
244 3263 21 17 of
281 3261 36 19 tho
331 3261 71 25 Taupo

30 3292 50 22 trict,
92 3290 47 18 with
151 3291 25 17 its
197 3291 134 16 monotonous
346 3287 58 19 scrub
421 3287 39 19 and

28 3324 67 13 coarse
113 3318 83 23 pasture
219 3313 80 20 seemed
317 3320 12 12 a
342 3313 52 19 little
411 3313 48 24 dull,

31 3344 56 18 when
98 3341 97 25 suddenly
205 3347 37 12 our
250 3341 68 18 driver
324 3340 67 25 points
399 3342 19 17 to
426 3339 34 20 the

30 3370 87 18 distance
125 3370 3 18 :

57 3391 4 28 '
68 3395 63 21 Look,
143 3393 76 26 yonder
228 3399 35 13 are
273 3392 34 19 the
318 3392 48 19 wild
374 3391 86 20 horses!'

54 3421 25 19 In
98 3422 47 21 fact,
163 3426 30 14 we
212 3419 53 18 have
283 3418 83 19 entered
385 3425 12 11 a
417 3420 43 16 vast

30 3447 60 25 plain,
102 3447 65 18 where
178 3445 31 20 for
219 3446 54 23 forty
283 3444 58 19 miles
356 3451 25 11 on
397 3444 63 19 either

30 3473 41 19 side
82 3480 12 12 a
103 3476 51 15 tract
164 3472 21 19 of
195 3471 54 22 land,
262 3470 76 19 useless
348 3473 21 15 to
379 3476 53 17 man,
444 3470 16 18 is

31 3499 94 19 tenanted
135 3498 26 25 by
172 3497 47 19 wild
229 3503 52 19 p.gs,
296 3496 132 19 descendants
440 3496 20 17 of

30 3526 56 18 those
96 3528 64 15 tamer
171 3523 62 19 swine
243 3524 27 17 let
285 3522 54 19 loose
354 3522 27 23 by
403 3522 57 23 Ci.pt.

30 3551 54 20 Cook
103 3551 20 18 in
145 3551 55 21 1709,
221 3548 40 20 and
280 3548 27 24 by
327 3548 47 19 wild
392 3548 68 18 hor.-es

27 3577 72 25 chiefly
109 3575 110 20 descended
231 3576 51 17 from
294 3574 56 19 those
369 3573 45 19 that
430 3580 20 12 es-

29 3603 61 26 caped
99 3603 52 18 from
160 3602 36 19 the
207 3602 139 19 Government
353 3600 80 24 cavalry
440 3600 20 18 in

28 3630 33 18 the
70 3629 66 19 Maori
146 3634 58 12 wars.
232 3627 66 18 These
307 3626 69 25 happy
395 3626 65 18 beasts

29 3662 32 12 are
75 3653 134 25 occasionally
225 3652 71 26 joined
312 3652 27 24 by
358 3652 102 18 fortunate

29 3687 104 18 runaways
144 3680 39 18 and
200 3679 128 22 absconders,
346 3677 40 19 and
405 3677 55 25 quite

28 3707 60 24 lately
98 3713 12 12 a
119 3706 101 19 fine-bred
238 3704 80 19 stallion
335 3704 38 18 has
386 3706 36 21 got
439 3710 11 12 a-

28 3734 79 25 mongst
118 3734 61 21 thc-m,
191 3731 39 19 end
240 3731 17 18 it
266 3731 18 17 is
294 3730 42 18 said
346 3730 38 18 has
400 3729 60 19 much

30 3758 100 27 improved
152 3759 35 17 tho
218 3757 52 23 took,
287 3755 65 19 which
369 3762 40 12 was
426 3755 22 18 de-

28 3785 118 24 teriorating
160 3785 53 17 from
230 3782 106 20 in-and-in
355 3781 104 25 breeding,

54 3814 28 14 (in
94 3811 65 17 either
169 3810 42 18 side
221 3811 21 17 of
251 3809 35 18 the
296 3807 50 20 road
355 3807 35 19 the
400 3807 59 19 scrub

28 3836 51 20 bush
89 3837 40 19 and
139 3836 67 25 rough
223 3835 96 19 boulders
334 3840 52 18 gave
404 3833 54 25 place

28 3862 45 20 here
82 3863 39 19 and
131 3863 57 18 there
205 3865 20 15 to
246 3864 69 20 scanty
331 3862 127 22 pasturages,

28 3890 37 18 and
75 3893 21 15 at
106 3896 12 11 a
127 3892 47 16 turn
185 3888 20 18 in
217 3887 35 19 the
261 3887 49 18 road
319 3893 29 11 we
357 3891 87 19 cameup-

27 3922 22 12 -011
70 3917 31 17 six
118 3915 46 18 wild
183 3914 71 19 horses
272 3912 85 23 feeding
373 3911 85 24 quietly.

28 3941 54 19 With
94 3941 35 18 the
139 3941 106 24 exception
254 3939 22 20 of
284 3945 14 14 a
308 3938 61 19 coach
381 3937 57 18 twice
448 3943 11 12 a

26 3967 61 23 week,
98 3974 22 12 or
129 3973 12 12 a
152 3970 55 24 stray
217 3967 69 23 poster
294 3964 42 19 like
346 3964 60 21 mine,
425 3962 34 19 the

27 3993 45 19 land
82 3994 17 19 is
108 3992 118 26 practically
244 3991 73 22 desert,
337 3991 77 18 unvext
433 3988 26 25 by

25 4026 52 11 jnan.

49 4045 39 20 We
98 4051 55 12 rame
163 4051 22 12 so
195 4044 53 19 clo«e
261 4045 21 16 to
301 4042 35 19 the
357 4042 101 18 creatures

25 4071 42 20 that
77 4078 12 12 a
105 4072 52 17 lasso
173 4070 67 24 might
256 4068 64 24 easily
336 4068 52 18 have
407 4066 51 18 been

25 4097 82 21 thrown.
134 4097 87 25 Anyone
230 4101 47 21 may
287 4094 58 20 catch
350 4092 57 21 them
414 4091 44 20 who

485 93 44 13 can.
557 86 57 24 They
624 92 33 13 ara
667 92 21 12 as
699 86 47 19 wild
756 88 41 18 and
804 88 115 19 unclaimed

485 120 22 12 as
517 113 35 18 the
563 111 73 19 tusked
645 112 45 23 pigs
701 112 43 19 that
752 120 68 19 gouge
839 120 28 18 up
885 114 35 19 the

485 138 38 19 soil
535 138 27 23 by
571 137 54 18 their
632 136 48 19 side.

511 163 43 18 The
564 162 67 19 driver
647 162 92 20 declared
757 165 27 18 he
802 165 119 25 recognised

485 192 40 15 two
534 188 21 19 of
565 188 120 19 tbeni—ony
695 196 12 11 a
721 190 40 19 fine
777 191 73 22 fellow,
875 190 46 19 who

485 214 68 19 tossed
571 213 32 19 his
622 214 52 18 head
692 214 58 26 high,
771 216 88 23 snorted,
880 217 41 18 and

485 240 49 18 with
544 240 36 18 tail
591 239 48 19 held
653 239 58 25 high,
731 242 40 19 and
786 242 83 25 lashing
887 242 34 19 his

485 266 54 18 sides
548 265 87 25 angrily,
647 267 74 18 trotted
731 268 95 24 leisurely
836 274 85 17 away—

485 291 96 19 untamed
601 291 48 19 wild
668 296 97 18 creature,
783 293 66 19 whose
869 294 52 19 neck

485 324 61 12 never
555 317 47 23 had,
619 317 40 19 and
674 318 100 25 probably
790 326 62 12 never
871 319 48 22 will,

484 343 45 18 bow
539 345 21 16 to
570 343 34 18 the
613 343 64 26 yoke!
692 343 12 18 I
714 350 39 13 was
762 344 49 25 glad
827 348 20 16 to
868 345 53 19 have

484 375 48 12 neon
551 369 56 18 them
625 374 26 13 no
667 371 65 17 tamer
749 370 51 19 than
819 371 70 18 zebras
899 378 22 12 or

485 394 83 25 giraffes
578 400 27 13 on
624 394 82 19 African
721 395 73 25 plains.
832 397 87 24 Strange

484 425 20 13 to
520 427 42 17 say,
580 420 47 24 they
647 426 34 13 are
697 427 50 19 very
765 421 53 19 little
834 422 86 19 hunted.

484 446 109 21 Generally
610 446 15 18 it
641 446 16 18 is
673 446 83 19 difficult
780 450 21 15 to
820 451 34 21 get
871 454 50 13 near

483 472 64 19 them.
575 471 43 19 The
627 471 67 24 plains
712 479 34 12 are
761 473 40 19 full
819 475 22 18 of
858 474 62 24 rocky

485 498 95 18 boulders
588 497 40 18 and
638 503 118 19 overgrown
763 499 47 25 pits,
821 500 41 18 and
871 506 48 13 man

484 524 41 18 and
535 523 28 18 all
581 523 37 18 but
634 523 47 18 wild
699 524 68 19 horses
784 525 63 19 break
866 526 54 18 their

483 549 45 25 legs
537 549 22 18 in
569 549 34 18 the
614 549 85 24 pursuit.
727 550 68 25 Every
812 557 45 14 now
878 551 40 19 and

483 575 49 18 then
547 581 26 12 an
591 574 136 25 enterprising
746 576 73 19 hunter
841 583 79 13 secures

483 607 45 16 one,
541 602 5 9 '
554 600 51 21 but,'
617 600 44 19 said
671 601 35 18 the
715 601 73 24 driver,
808 600 4 25 '
821 603 49 18 thev
886 609 34 12 »re

483 626 52 19 hard
545 629 20 15 to
575 630 54 14 tamo
631 627 64 17 —fret
706 626 105 21 'emsolves
821 631 20 17 to
857 628 63 19 death

483 653 21 17 in
514 652 91 22 harness,
616 652 40 18 and
666 652 57 19 there
737 653 50 19 ain't
805 654 60 19 much
881 655 39 18 last

483 678 21 18 in
516 678 38 19 'em
564 677 70 19 either.
662 677 48 20 You
720 685 46 18 may
777 682 36 22 get
827 687 13 12 a
849 681 69 21 dozen,

484 704 41 18 and
539 704 47 24 only
601 710 38 12 one
658 710 22 11 or
699 706 40 16 two
758 705 41 19 will
817 709 48 16 turn
885 708 35 16 out

485 730 64 18 worth
558 730 35 18 the
604 729 105 25 breaking.
739 730 83 20 Yonder
830 738 38 12 one
878 732 17 18 is
906 738 12 11 a

483 755 40 19 lino
546 755 72 22 fellow,
640 755 99 23 however,
755 757 41 18 and
812 764 29 12 we
860 757 59 19 know

484 781 49 23 him,
542 781 38 19 but
588 781 43 18 he's
640 783 35 16 not
683 781 51 19 been
742 785 77 21 caught
827 783 65 23 yet.'"

509 845 87 21 WHAT
614 845 87 20 BATES
717 846 123 22 WANTED
859 848 33 20 TO

652 872 99 18 KNOW.

532 914 11 19 I
561 914 54 19 shall
629 914 26 19 be
680 914 81 24 obliged
785 916 16 17 if
880 921 37 12 can

483 947 80 12 answer
575 946 32 12 mo
628 948 37 11 oue
818 941 46 18 said
883 947 33 17 my

483 966 68 19 fr'-.-nd
559 966 68 22 Bates,
638 971 23 12 as
671 965 25 18 ho
706 966 34 24 lay
760 973 26 12 on
804 967 35 18 the
855 966 62 19 couch

483 999 37 11 one
532 992 39 24 day
581 992 21 18 in
612 997 34 19 my
655 997 55 13 room
725 993 85 24 nursing
819 992 32 19 his
870 992 36 19 ach-

483 1018 37 24 ing
536 1018 40 24 leg.
632 1017 56 24 Why
708 1017 48 20 does
775 1025 99 18 exposure
896 1022 21 15 to

483 1046 38 16 wet
540 1050 23 12 or
580 1042 45 20 cold
644 1042 62 26 bring
724 1050 26 12 on
763 1050 26 13 an
809 1044 69 19 attack
896 1044 21 18 of

483 1070 132 18 rheumatism
626 1071 20 18 at
656 1075 38 12 one
701 1069 55 22 time,
768 1070 59 19 when
844 1077 12 12 a
874 1070 42 19 like

483 1102 99 19 exposure
593 1095 31 19 for
632 1102 11 12 a
655 1101 54 13 score
719 1096 21 18 of
750 1096 58 19 times
823 1096 57 19 leads
896 1098 21 16 to

482 1128 26 11 no
517 1121 50 18 such
577 1121 79 18 result?

509 1147 74 18 Before
592 1146 12 19 I
614 1149 30 16 set
662 1146 58 19 down
740 1147 20 18 in
781 1147 82 25 writing
881 1147 35 19 the

482 1179 77 12 answer
567 1172 12 19 I
588 1179 51 19 gave
646 1172 42 19 him
698 1172 11 19 I
726 1173 50 20 wish
792 1180 41 18 you
849 1173 67 20 would

481 1199 49 18 read
540 1200 34 17 the
585 1198 104 24 following
700 1198 74 23 letters,
786 1205 21 13 as
818 1206 25 12 no
851 1200 65 18 doubt

481 1225 34 18 the
525 1225 84 18 authors
620 1224 20 19 of
650 1224 55 19 them
715 1224 42 19 will
767 1225 25 19 bo
805 1225 111 20 interested

481 1251 20 18 in
513 1251 34 19 the
559 1257 54 12 same
623 1251 63 24 poiut.

575 1276 121 23 November,
810 1284 47 18 says
881 1277 34 18 the

480 1309 45 17 one,
562 1302 11 19 I
587 1302 40 19 had
637 1308 26 12 an
674 1303 68 18 attack
760 1304 22 18 of
803 1303 113 20 rhaumatic

481 1329 62 23 fever,
555 1328 40 19 and
607 1335 40 12 was
656 1328 91 21 confined
757 1332 20 15 to
786 1336 32 18 my
830 1329 38 19 bed
882 1329 33 18 for

481 1355 47 18 four
540 1354 73 19 weeks,
625 1354 75 25 during
707 1355 66 18 which
785 1356 47 18 time
841 1356 12 18 I
872 1355 33 18 suf-

481 1380 57 19 fered
548 1380 103 25 fearfully.
679 1380 11 19 I
700 1381 41 18 had
752 1381 62 19 awful
823 1382 58 25 pains
888 1380 28 19 all

481 1413 48 13 over
536 1413 44 16 me.;
595 1413 33 16 my
638 1407 63 24 joints
710 1407 82 19 swelled
802 1414 33 19 up,
847 1407 40 19 and
904 1407 12 18 I

482 1439 40 13 was
533 1439 21 12 so
564 1432 87 25 helpless
662 1432 10 19 I
682 1433 59 19 could
760 1436 35 16 not
811 1434 52 18 raise
882 1439 33 18 my

482 1459 55 18 hand
547 1461 20 16 to
578 1465 33 18 my
622 1459 77 18 mouth.
735 1459 61 20 After
803 1460 38 18 ithe
860 1460 56 18 fever

481 1485 37 18 left
529 1491 32 12 me
571 1485 10 18 I
592 1490 41 12 was
644 1485 111 24 extremely
767 1485 63 22 weak,
842 1485 40 19 and
893 1492 22 11 so

481 1510 112 19 emaciated
603 1510 11 18 I
631 1517 41 12 was
681 1510 53 19 little
745 1518 54 12 more
809 1513 49 17 than
869 1511 46 19 skin

481 1537 40 18 and
531 1537 59 18 bone.
619 1537 18 19 A
647 1536 56 25 largo
714 1537 62 24 lump,
788 1537 35 19 the
839 1538 40 18 size
895 1537 21 19 of

481 1568 26 14 an
518 1570 46 17 egg,
576 1562 78 19 formed
665 1570 25 11 on
701 1570 35 17 1113-
746 1563 70 23 elbow,
827 1563 40 19 and
882 1569 33 18 my

482 1589 77 25 fingers
586 1594 51 13 were
658 1589 73 18 almost
750 1589 69 19 drawn
839 1592 35 16 out
893 1589 21 19 of

480 1614 60 26 joint.
569 1614 11 20 I
590 1617 75 17 cannot
673 1615 91 20 describe
773 1616 34 18 the
816 1615 100 25 suffering

482 1641 9 18 I
501 1641 42 18 had
554 1643 20 16 to
593 1641 55 18 bear.
685 1641 42 20 The
744 1642 69 18 doctor
831 1641 84 20 ordered

481 1673 32 12 me
524 1667 81 18 various
613 1667 115 23 medicine-',
750 1667 40 20 and
808 1667 36 20 cod
863 1667 52 21 liver

481 1693 33 22 oil,
524 1693 37 18 but
572 1693 49 24 thu-y
630 1693 40 18 had
678 1701 25 11 no
710 1694 64 19 effect.
804 1694 26 19 In
839 1694 75 19 Febru>

481 1725 42 18 ary,
613 1719 11 18 I
642 1720 49 18 read
710 1720 19 18 in
750 1727 12 13 a
781 1720 60 19 small
862 1719 53 20 book

481 1745 64 19 about
562 1745 34 18 the
613 1746 128 19 remarkable
755 1752 82 13 -success
850 1746 65 19 which

481 1771 47 21 had,
546 1770 94 20 followed
667 1772 34 18 the
729 1779 36 12 use
789 1772 22 18 of
835 1772 81 18 Mother

481 1797 86 25 Seigel's
579 1796 67 26 Syrup
656 1798 20 18 in
686 1805 43 12 case
733 1796 3 26 1
736 1806 5 8 ;
749 1798 21 19 of
783 1798 132 19 rheumatism

479 1820 42 23 .and
532 1826 35 22 got
576 1829 11 12 a
599 1824 62 18 bottle
672 1825 50 18 from
733 1824 81 20 Messrs.
844 1824 59 18 Lever-

480 1852 30 16 ett
527 1850 39 18 and
586 1850 47 24 Fry,
665 1850 56 24 High
749 1852 71 18 Street.
855 1850 61 20 After

481 1876 73 24 taking
562 1876 18 18 it
588 1879 39 15 two
638 1876 66 19 weeks
715 1877 9 18 I
736 1884 40 11 was
786 1877 72 22 better,
875 1876 40 19 and

481 1902 20 18 in
512 1902 63 18 about
585 1908 12 12 a
607 1902 71 19 month
689 1909 54 12 more
758 1903 25 18 all
804 1902 111 19 rheumatic

481 1934 59 19 yams
551 1928 41 18 had
602 1928 37 18 left
649 1935 37 17 me,
695 1929 38 18 and
752 1930 10 18 1
785 1935 41 13 was
846 1931 70 22 strong

481 1954 39 18 and
535 1953 45 19 well
592 1960 22 12 as
624 1960 52 13 over.
705 1955 45 19 Yon
771 1962 45 19 may
832 1955 83 22 publish

481 1980 55 19 what
553 1980 11 18 I
584 1980 52 19 have
660 1981 49 18 said.
744 1981 98 26 ((Signed)
860 1981 55 19 John

481 2006 27 18 11.
532 2006 61 23 Kent,
613 2007 19 22 9,
652 2006 88 20 Randall
757 2009 72 21 Street,
850 2007 52 18 Maid-

481 2035 63 20 stone,
556 2032 62 23 Kent,
630 2033 92 24 January
733 2033 55 24 30th,

571 2064 61 18 many
732 2066 46 17 says
796 2060 35 18 the
849 2059 64 23 other,

517 2084 42 20 had
567 2084 51 19 been
627 2084 79 25 subject
716 2088 20 16 to
748 2085 166 25 livericomplsint

480 2110 40 19 and
544 2110 133 25 indigestion.
701 2111 12 19 I
737 2118 41 12 was
799 2111 115 24 habitually

481 2136 71 24 heavy'
564 2137 64 22 weak,
640 2137 39 18 and
691 2143 73 19 weary.
802 2137 36 26 My
854 2143 49 19 appe-

480 2163 37 18 tite
528 2169 41 12 was
578 2169 55 18 poor,
647 2163 40 18 and
700 2163 28 18 all
747 2163 47 19 food
813 2170 51 18 gitvo
883 2169 32 13 mo

481 2189 48 25 pain
548 2188 40 19 and
607 2188 78 19 fulness
704 2192 21 16 at
743 2190 35 19 the
797 2190 57 19 chest
874 2189 40 19 and

481 2214 78 19 around
566 2214 34 19 the
611 2214 59 19 sides.
698 2215 10 18 I
717 2216 40 18 had
767 2222 21 11 so
799 2216 59 19 much
866 2216 48 24 pain

481 2241 40 18 and
540 2240 102 25 tightness
660 2240 21 19 of
698 2242 35 18 the
760 2242 58 19 chest
834 2242 44 19 that
904 2242 10 18 I

480 2267 59 20 could
548 2269 35 16 not
593 2266 77 19 endure
680 2267 32 18 the-
731 2274 45 17 pros
787 2274 37 13 .tire
841 2268 21 18 of
882 2273 33 19 my

480 2293 92 24 clothing
579 2299 53 18 upon
649 2293 21 18 it.
699 2294 105 25 Although
825 2297 33 16 not
874 2293 40 19 laid

481 2325 33 19 up,
526 2319 12 18 I
548 2325 40 12 was
597 2318 78 19 seldom
694 2318 42 21 free
752 2320 52 19 from
823 2320 48 25 pain
892 2326 22 11 or

480 2352 13 11 a
502 2351 58 12 sense
567 2346 25 17 .of
607 2344 123 19 discomfort.
759 2346 24 18 In
804 2346 35 19 the
859 2352 41 13 sum-

480 2371 74 19 mer-of
567 2370 67 19 18931
655 2370 65 22 beerar
741 2374 21 16 to
785 2372 62 19 snffer
866 2371 47 21 with

481 2397 140 22 rheumatism,
631 2397 64 19 which
707 2398 85 19 affected
811 2405 33 18 my
861 2404 54 13 arms

481 2423 40 19 and
543 2423 106 19 shoulders
668 2423 52 19 until
740 2423 10 19 I
768 2424 40 18 had
827 2426 36 17 not
881 2424 34 19 the

481 2456 67 17 power
559 2453 20 14 to
589 2449 32 19 lift
632 2456 33 16 my
675 2449 54 19 hand
741 2452 20 16 to
772 2456 32 17 my
815 2450 59 19 head.
902 2449 11 19 I

482 2474 164 21 triedallsortsof
654 2475 107 23 liniments,
768 2476 147 19 embrocations

482 2501 38 19 and
531 2501 91 24 rubbing
641 2501 27 19 oil
685 2501 37 19 but
740 2504 36 22 got
795 2509 25 12 no
841 2502 73 19 benefit

481 2527 53 18 from
545 2534 36 11 any
593 2529 21 16 of
625 2527 60 18 them.

559 2554 87 23 August,
665 2554 53 22 1893,
740 2560 34 19 Bay
784 2553 72 24 friend.,
871 2553 43 20 Mrs

482 2579 68 23 Owen,
576 2579 48 18 told'
644 2586 32 11 mo
700 2579 45 19 how
777 2580 60 18 much
863 2580 52 25 good

482 2605 81 21 Mother
573 2605 86 25 Seigel's
671 2604 64 27 Syrup
749 2605 41 19 had
808 2606 52 18 done
879 2606 37 18 her

481 2633 32 17 for
522 2631 139 23 rheumatism,
681 2631 39 19 and
739 2632 9 18 I
764 2634 38 22 got
821 2638 12 12 a
851 2631 64 19 bottle

482 2658 52 18 from
550 2657 35 20 tho
604 2657 59 25 Drug
684 2659 68 17 Stores
769 2658 20 18 in
805 2657 29 19 St.
849 2657 65 20 Ann's

482 2683 64 20 Goad.
574 2683 25 19 In
610 2690 10 12 a
640 2683 39 19 few
702 2683 50 25 days
770 2683 11 19 I
800 2690 41 12 was
857 2683 58 20 much

481 2710 72 23 better,
564 2710 42 19 and
616 2710 21 18 in
647 2709 40 19 less
697 2710 48 18 than
756 2716 11 11 a
776 2710 70 19 month
855 2710 50 19 after-

483 2736 64 19 wards
559 2736 27 19 all
596 2736 48 24 pain
656 2736 39 18 had
703 2736 37 18 left
751 2742 30 12 me
792 2736 4 24 ;
812 2736 40 18 and
863 2736 10 20 I
884 2743 31 11 am

482 2763 68 24 happy
559 2765 20 16 to
592 2769 35 17 say
638 2762 11 18 I
666 2762 51 19 have
736 2768 61 12 never
816 2762 42 19 had
877 2768 39 18 any

482 2790 70 18 return
563 2788 21 20 of
597 2788 35 19 the
647 2788 133 18 rheumatism
799 2788 59 22 since,
879 2788 38 18 but

482 2815 11 18 1
504 2815 51 18 have
566 2814 87 24 enjoyed
663 2815 34 18 the
708 2813 45 19 best
768 2814 20 17 of
806 2814 68 18 health
894 2814 21 17 in

482 2847 61 18 every
564 2842 84 22 respect.
686 2840 26 18 In
728 2846 93 12 common
841 2840 64 18 thank-

482 2867 78 18 fulness
581 2866 32 19 for
622 2871 34 20 my
675 2866 74 24 speedy
766 2866 41 18 and
825 2866 78 18 wonder-

483 2893 30 18 ful
533 2892 132 23 deliverance,
685 2889 11 21 I
715 2891 99 25 willingly
833 2894 84 17 consent

482 2922 21 15 to
519 2919 36 18 the
571 2918 127 25 publication
717 2918 22 18 of
766 2917 41 19 this
835 2917 81 20 huiried

483 2947 109 17 statement
599 2944 73 18 should
691 2950 39 18 you
749 2944 50 18 wish
816 2946 21 16 to
856 2946 59 16 make

482 2978 36 12 use
529 2971 22 18 of
560 2971 23 18 it.
611 2970 95 25 (Signed)
718 2969 61 25 (Mrs)
790 2969 23 19 L.
825 2969 20 19 S.
857 2969 58 22 Cole,

481 2999 20 17 ,6.
521 2997 74 20 Albert
614 2995 66 24 Road,
701 2996 61 18 South
788 2995 128 23 Tottenham,

482 3023 91 22 London,
587 3022 81 25 August
681 3022 52 22 16th,

510 3049 73 19 Before
602 3048 115 23 answering
729 3047 35 20 the
783 3047 92 26 question
897 3047 21 18 of

482 3081 34 20 my
526 3075 68 19 friend
609 3074 61 19 Bates
681 3073 53 25 (who
752 3080 41 12 was
803 3080 12 12 a
834 3073 81 19 chronic

482 3101 122 21 rheumatic)
613 3101 11 19 I
635 3100 63 18 asked
717 3099 43 19 him
779 3106 37 12 one
825 3099 4 24 :

481 3129 50 17 .does
541 3134 12 12 p.
573 3126 80 24 lighted
672 3125 73 23 match,
764 3125 92 25 .dropped
873 3125 45 20 into

482 3153 36 19 the
538 3153 57 23 road,
615 3152 33 22 die
668 3155 35 15 out
725 3151 126 25 harmlessly,
881 3151 37 19 but

483 3180 59 18 when
552 3178 92 26 dropped
655 3178 43 18 into
706 3184 14 12 a
730 3178 90 22 hayrick,
839 3179 32 17 set
890 3183 28 19 up

482 3212 14 12 a
502 3205 147 25 conllagration

588 3230 42 21 fool
654 3237 37 12 can
709 3235 78 14 answer
893 3228 25 19 he

482 3258 51 19 said.
583 3257 90 18 Because
684 3256 19 18 in
714 3255 34 19 the
759 3261 37 12 one
806 3261 45 13 case
861 3255 57 18 there

483 3285 17 17 is
510 3284 88 23 nothing
607 3284 32 17 for
646 3282 34 18 the
689 3281 35 18 fire
733 3284 21 15 to
764 3281 57 18 catch
832 3280 49 21 hold
890 3280 27 23 of,

483 3310 60 17 while
553 3310 21 17 in
585 3308 34 19 tho
630 3308 57 18 other
696 3307 57 19 there

658 3334 11 20 I
688 3332 118 26 responded.

482 3368 41 12 see.
552 3360 128 24 Indigestion
693 3359 39 19 and
742 3359 51 19 liver
809 3359 110 24 complaint

486 3388 45 24 (the
541 3386 74 19 second
631 3388 124 24 consequent
771 3391 26 12 on
810 3384 34 19 the
865 3385 53 23 first)

482 3413 97 19 continue
588 3415 21 16 to
619 3411 88 26 produce
717 3418 12 12 a
744 3411 89 20 virulent
847 3411 71 26 poison

483 3440 21 18 in
514 3440 36 18 the
559 3438 61 20 blood
638 3437 65 19 called
719 3437 42 18 uric
779 3437 49 21 acid,
846 3436 63 25 practi-

483 3466 54 24 cally
552 3463 102 21 insoluble
669 3464 22 18 in
707 3465 68 17 water.
802 3462 51 19 'lbis
867 3461 50 23 acid,

483 3491 66 19 which
560 3491 17 19 is
584 3497 11 12 a
606 3489 57 23 solid,
672 3492 66 16 enters
747 3488 36 19 the
790 3487 79 24 tissues,
879 3487 40 19 and

483 3520 41 16 sets
545 3517 64 26 going
627 3522 13 12 a
657 3516 36 18 hot
710 3514 150 25 inflammatory
875 3514 43 18 Are.

482 3544 55 18 That
544 3544 18 18 is
571 3542 139 19 rheumatism.
738 3540 21 19 It
771 3540 49 19 does
835 3540 54 18 what
907 3546 12 11 a

483 3569 61 19 sliver
554 3568 66 20 would
621 3567 75 25 —only
706 3566 34 19 the
750 3566 45 19 acid
811 3566 16 19 is
844 3572 12 13 a
875 3571 33 16 poi-

483 3602 37 11 sox
529 3595 69 18 sliver.

531 3621 68 19 When
623 3620 35 19 tho
683 3617 121 26 indigestion
825 3617 39 19 and
882 3617 35 19 the

482 3647 51 19 liver
543 3645 80 21 trouble
632 3652 34 12 are
675 3647 35 16 not
720 3650 48 18 very
778 3643 46 23 Lad,
837 3643 40 19 and
884 3643 33 18 the

482 3673 88 24 kidneys
578 3672 42 19 and
630 3673 63 17 sweat
703 3670 72 25 glands
784 3670 20 17 of
818 3670 35 18 the
872 3669 45 20 skin

482 3705 35 14 are
527 3699 68 24 acting
604 3697 61 25 fairly
675 3696 51 23 well,
738 3696 41 19 this
789 3695 43 20 acid
842 3696 18 17 is
874 3701 33 12 car-

482 3725 44 18 ried
536 3728 35 16 out
581 3724 22 19 of
612 3723 35 19 the
658 3723 54 23 body
721 3725 64 16 about
800 3728 22 12 as
839 3721 41 18 fast
896 3727 22 12 as

482 3751 16 19 it
508 3751 17 18 is
534 3750 86 19 formed.
649 3749 105 24 Exposure
773 3753 55 12 thex
846 3747 72 24 brings

482 3783 26 13 on
520 3784 26 12 no
556 3776 140 19 rheumatism.
724 3774 47 22 But,
783 3779 40 14 per
832 3778 84 17 contra,

482 3803 59 19 ■when
552 3802 34 19 the
595 3800 89 20 stomach
696 3800 39 18 and
743 3800 51 17 liver
804 3805 34 12 are
849 3799 19 18 in
877 3798 41 19 bad.

481 3829 110 21 condition,
602 3827 36 19 the
653 3826 44 18 acid
712 3826 62 17 forms
789 3825 64 18 faster
868 3824 49 18 than

482 3855 87 24 kidneys
588 3852 42 20 and
648 3852 47 18 skin
716 3857 38 13 can
772 3857 57 18 carry
847 3850 16 19 it
882 3850 34 18 off.

482 3881 60 18 Then*
553 3885 74 19 expose
637 3877 95 26 yourself,
744 3880 34 21 get
785 3876 45 19 cold
840 3882 22 13 or
872 3879 44 18 wet,

482 3907 84 25 hamper
585 3906 35 18 the
640 3903 47 19 skiu
710 3903 40 18 and
769 3902 87 25 kidneys
875 3901 42 19 still

482 3939 61 16 more,
564 3931 42 19 and
628 3930 35 19 tho
681 3929 71 24 poison
771 3927 43 19 acid
834 3928 83 25 spreads

481 3957 92 26 through
582 3963 52 18 your
644 3955 85 19 muscles
742 3954 41 18 and
792 3953 64 25 joints
876 3954 41 18 like

482 3984 34 19 the
526 3984 36 18 fire
573 3983 20 18 in
604 3983 35 17 the
649 3981 37 24 dry
700 3981 46 24 hay.
780 3979 47 19 You
843 3980 62 20 under-

481 4010 60 18 stand
549 4009 9 19 ?
573 4008 56 24 Very
647 4007 53 19 well.
734 4005 44 19 The
793 4005 71 25 longer
882 4006 35 18 the

481 4042 60 12 cause
549 4035 84 25 persists
649 4033 35 19 the
701 4038 54 14 more
772 4032 95 24 frequent
882 4032 34 19 the

481 4061 113 19 rheumatic
605 4059 84 21 attacks.
704 4058 124 24 Thatiswhy
836 4058 81 20 chronic

481 4087 116 27 dyspeptics
607 4093 34 12 are
651 4089 35 23 apt
694 4085 43 22 .also
753 4087 20 16 to
792 4084 25 19 be
835 4084 81 19 chronic

943 89 129 20 rheumatics.
1108 90 58 19 Eend
1181 91 29 17 off
1224 90 112 25 dyspepsia,
1355 99 22 11 or

944 121 46 13 cure
1000 116 15 18 it
1026 116 28 24 by
1064 116 35 19 the
1106 122 35 12 use
1156 117 21 17 of
1193 116 80 18 Mother
1291 117 86 24 Seigel's

944 141 71 23 83TUD,
1026 143 40 17 and
1084 148 41 18 you
1139 142 39 18 and
1194 141 34 19 the
1245 141 132 21 rheumatism

944 166 40 19 will
993 167 52 19 have
1054 174 26 12 no
1090 167 99 25 dealings.
1209 166 86 25 Neglect
1304 168 22 23 it,
1336 169 40 19 and

942 192 63 19 suffer
1014 199 59 19 every
1084 197 48 15 time
1139 200 40 18 you
1188 193 57 18 catch
1255 193 50 19 cold.

968 218 54 19 That
1031 225 40 12 was
1081 226 33 18 my
1123 225 78 12 answer
1210 221 21 16 to
1250 218 68 25 Bates,
1335 220 40 18 and

943 243 25 18 he
978 244 44 19 said
1031 244 57 19 there
1099 244 80 19 seemed
1185 247 20 15 to
1212 244 26 18 be
1249 251 57 12 sense
1318 246 21 17 in
1353 246 23 18 it.

1003 298 120 19 SPIELER
1140 298 61 19 AND
1215 298 90 19 MAORI.

968 349 42 18 The
1021 350 26 17 N.
1058 350 22 18 Z.
1093 350 67 19 Times
1177 357 45 18 says
1232 350 57 19 there
1299 350 17 19 is
1334 357 31 12 sor-

942 381 41 12 row
993 381 73 19 among
1077 376 35 18 the
1122 376 99 19 members
1230 376 22 18 of
1262 376 35 19 the
1309 376 66 20 Willis

942 404 61 15 street
1012 407 62 19 gang,
1085 402 69 25 owing
1169 406 20 15 to
1202 408 12 13 a
1231 402 98 25 touching
1344 403 21 18 in-

942 426 66 19 cident
1028 427 65 18 which
1109 427 94 20 occurred
1221 434 38 12 one
1282 427 39 24 day
1336 428 39 19 last

943 451 62 19 week.
1033 452 42 19 Tho
1098 453 81 19 visitors
1204 456 20 16 to
1249 453 126 25 Wellington

942 479 32 16 for
998 477 35 19 the
1059 479 89 24 opening
1165 479 21 19 of
1203 479 124 19 Parliament
1344 480 21 18 in-

941 503 73 18 cluded
1037 505 39 17 two
1092 505 96 23 guileless
1210 505 75 19 Native
1304 505 70 25 chiefs,

942 529 44 18 who
1003 535 52 13 were
1074 530 86 20 selected
1184 531 25 23 by
1228 531 33 18 the
1282 537 55 19 gany
1353 538 22 12 as

942 554 63 25 being
1021 555 112 25 peculiarly
1145 556 58 18 fitted
1214 557 31 18 for
1257 557 34 18 the
1304 563 60 18 opera-

942 581 53 17 tions
1005 580 73 20 known
1088 587 22 13 a3
1123 580 4 26 '
1131 580 4 26 ;
1292 582 31 24 By
1334 587 41 15 arts

942 606 40 19 and
998 606 78 19 devices
1098 607 74 20 known
1194 609 19 17 to
1231 608 34 19 the
1278 609 97 19 .initiated

942 632 34 17 the
1128 639 52 12 were
1195 634 97 24 beguiled
1308 634 42 19 into
1363 642 12 11 a

942 657 130 19 well-kn<jwn
1079 658 109 26 gambling
1196 659 46 23 den,
1253 660 39 18 and
1299 666 12 12 a
1319 661 56 24 quiet

942 689 59 17 game
1028 684 23 17 of
1075 684 59 18 cards
1158 691 41 12 was
1223 686 82 18 started.
1347 687 28 18 Of

941 715 75 14 course,
1033 709 35 19 the
1087 710 81 19 visitors
1184 717 52 12 were
1252 710 84 20 allowed
1354 716 20 14 to

942 735 39 17 win
997 736 22 17 at
1036 734 43 20 first
1080 735 113 25 —pigeons
1208 736 75 25 always
1297 743 34 12 are
1347 737 25 19 ail'

941 760 64 19 lowed
1021 762 20 17 to
1064 761 39 18 win
1120 761 70 19 before
1207 762 62 25 being
1284 762 90 25 plucked

941 785 64 19 —but
1015 786 59 19 when
1089 787 36 18 the
1144 787 100 26 winnings
1266 789 108 19 amounted

941 815 21 15 to
978 812 43 18 £ls
1038 812 35 18 the
1083 812 94 25 pluckers
1193 814 90 23 thought
1304 814 70 25 things

941 837 40 19 had
991 844 52 18 gone
1061 839 31 18 far
1109 839 88 24 enough,
1215 839 40 20 and
1275 842 97 21 preyai-ed

941 867 20 15 to
980 866 46 16 turn
1047 863 35 19 the
1104 864 72 18 tables.
1205 864 41 19 But
1261 861 50 28 they
1334 865 40 19 had

941 889 100 18 reckoned
1052 889 85 19 without
1148 890 54 19 their
1212 891 52 18 host,
1293 895 44 15 lino
1353 892 21 18 af

941 914 34 19 the
984 915 83 19 Natives
1076 915 40 19 had
1132 915 103 25 evidently
1250 917 86 25 profited
1346 917 27 24 by

940 940 32 18 his
988 940 123 20 intercourse
1127 942 48 18 with
1191 942 125 25 Europeans,
1333 944 41 18 and

940 969 20 15 to
971 966 34 19 the
1015 966 78 26 dismay
1103 968 22 18 of
1136 968 33 18 the
1189 968 83 24 spielers
1291 975 70 18 expres-

939 992 64 24 sively
1026 993 117 23 exclaimed,
1353 997 21 16 at

939 1020 21 16 at
980 1014 34 23 the
1029 1025 56 14 same
1100 1020 49 18 time
1163 1020 111 25 preparing
1289 1023 20 16 to
1326 1020 47 19 take

939 1043 32 19 his
989 1044 115 25 departure.
1132 1044 118 21 Bounteous
1272 1046 60 19 offers
1352 1048 22 17 of

938 1070 144 19 refreshments
1098 1073 20 16 to
1137 1070 25 19 be
1172 1071 96 20 obtained
1291 1079 25 12 on
1337 1072 35 19 the

939 1096 96 23 premises
1048 1102 51 13 were
1109 1096 66 24 made,
1187 1097 37 19 but
1236 1098 86 19 without
1341 1099 22 18 ef-

938 1121 46 19 fect.
1013 1121 30 20 Go
1059 1122 26 19 he
1102 1122 67 20 would
1186 1123 40 19 and
1243 1130 26 17 go
1286 1124 25 18 he
1332 1124 39 23 did,

938 1147 74 25 taking
1029 1148 32 18 his
1076 1149 120 24 companion
1213 1149 40 19 and
1271 1150 35 18 the
1329 1150 41 19 £ls

939 1173 49 19 with
1012 1173 48 24 him,
1082 1175 41 18 and
1150 1181 46 13 now
1214 1176 35 18 the
1273 1182 57 19 gang
1356 1176 18 18 is

939 1199 97 25 thirsting
1045 1200 33 18 for
1087 1199 62 21 blood

1213 27 59 20 THE
1297 29 60 20 HOT
1384 30 92 20 LAKES
1505 31 170 25 CHRONICLE,
1920 36 74 19 JTLY
2022 39 17 17 1,
2056 39 48 17 1596

961 1254 74 18 Stead's
1044 1255 125 23 Masterpiece
1177 1256 87 22 Library,
1280 1256 93 19 Numbers

940 1277 14 24 1,
965 1277 10 17 2
984 1277 38 17 and
1031 1279 39 16 3to
1084 1279 57 20 hand,
1159 1279 118 22 Threepence
1294 1280 45 17 each
1354 1282 19 16 at

938 1299 117 19 CimoMCLE
1064 1301 75 17 Office.*

955 1364 26 17 T
998 1362 56 19 YOU
1076 1363 57 19 AEE
1155 1363 65 19 SICK
1237 1364 20 18 ia
1271 1370 40 18 any
1327 1371 44 19 way

938 1394 24 12 jl
990 1388 103 20 whatever
1108 1389 50 19 send
1174 1396 12 12 a
1202 1390 93 25 stamped
1313 1397 47 12 enve-

937 1410 46 29 lope
993 1416 20 16 to
1023 1421 36 13 our
1070 1415 90 26 Agency,
1172 1415 137 26 Wellington.;
1320 1420 51 15 state

937 1441 35 17 the
983 1446 43 12 ease
1036 1447 23 13 as
1075 1441 100 25 minutely
1183 1448 22 12 as
1224 1442 88 25 possible
1332 1443 39 18 and

937 1472 40 16 you
993 1466 77 20 receive
1089 1467 69 19 advice
1178 1467 27 26 by
1230 1470 69 16 return
1319 1473 51 20 po-t.

938 1492 41 18 Our
990 1496 72 21 agents
1076 1500 34 11 are
1122 1493 28 18 all
1160 1500 26 18 ppi
1196 1493 66 19 .lifted.
1296 1494 21 19 If
1332 1501 39 18 you

937 1517 79 20 enclose
1026 1520 22 16 2s
1066 1519 24 18 Gd
1109 1524 27 14 we
1155 1519 40 20 will
1212 1519 49 19 send
1277 1526 40 17 you
1336 1527 35 13 our

937 1543 46 19 best
993 1544 82 25 remedy
1085 1545 32 18 for
1126 1545 34 18 the
1176 1552 45 12 case
1240 1545 77 26 lasting
1331 1553 40 18 you

937 1573 40 15 two
1000 1570 73 19 weeks.
1110 1571 45 19 You
1176 1578 47 13 save
1242 1578 72 18 money
1333 1573 38 19 and

937 1595 86 20 doctors'
1035 1596 52 20 bills.
1116 1597 46 19 You
1172 1598 78 19 receive
1267 1597 69 20 advice
1346 1606 25 11 on

936 1622 29 18 nil
976 1623 72 23 points,
1061 1623 39 18 and
1111 1623 34 19 the
1156 1627 70 21 purest
1237 1624 20 18 of
1274 1624 97 20 remedies

938 1653 50 17 sent,
998 1653 21 14 at
1026 1655 26 12 no
1059 1653 58 14 extra
1125 1653 41 14 cost
1176 1649 49 19 than
1233 1649 17 19 if
1258 1651 113 24 personally

937 1673 86 25 .bought,
1032 1674 27 24 by
1068 1675 63 25 doing
1137 1682 52 18 your
1193 1675 92 19 business
1293 1676 48 20 with
1350 1683 21 12 us

937 1699 28 25 by
975 1703 51 21 post.
1056 1700 84 20 Consult
1155 1705 19 15 at
1184 1709 54 12 once.
1273 1702 98 19 Ailments

938 1726 64 18 which
1014 1733 39 16 are,
1065 1729 21 17 at
1094 1728 35 18 tho
1139 1728 48 18 time
1204 1728 88 24 thought
1309 1732 20 15 to
1348 1729 23 18 be

938 1752 58 24 light,
1009 1759 33 12 are
1052 1754 56 17 often
1118 1753 34 19 tho
1163 1754 114 24 beginning
1287 1754 21 19 of
1324 1755 38 18 seri-

939 1784 37 12 ous
985 1784 153 19 consequences,
1151 1780 66 19 which
1236 1780 16 19 if
1271 1780 61 19 taken
1349 1780 22 21 in

939 1802 48 21 time
998 1811 33 12 are
1041 1804 87 21 checked
1139 1806 40 18 and
1189 1806 67 18 cured.

939 1832 169 23 GMEAIFORD
1124 1836 160 19 BOTANICAL
1304 1836 67 24 COY.,

1043 1860 150 24 Weucington,
1205 1862 40 19 and
1255 1865 21 16 at

959 1885 83 24 Sydney,
1053 1886 117 23 Melbourne,
1181 1888 51 22 Cape
1237 1888 64 22 Town,
1312 1889 37 17 and

1059 1910 86 20 Lincoln,
1158 1910 96 20 England*

939 1957 182 25 AUCKLAND
1142 1959 52 22 and
1212 1958 161 24 WAIKATO

1083 1992 142 24 AGENCY-

952 2027 56 19 Near
1018 2027 92 20 Catholic
1119 2027 88 24 Church,
1221 2027 136 21 ROTORUA.

986 2079 100 35 ON
1114 2081 207 36 SHLE.

939 2155 257 33 BEDSTEADS,

1090 2198 281 32 MATTRESSES,

1129 2236 59 17 AND

951 2265 188 26 Household
1172 2265 182 26 Furniture.

1026 2330 48 45 S.
1095 2330 187 55 Dando,

988 2395 212 26 Commission
1214 2396 110 33 Agent.

1030 2453 83 26 THE
1133 2454 138 26 MAILS.

971 2531 146 20 ROTORUA
1130 2532 74 19 POST
1223 2533 115 20 OFFICE.

1007 2581 68 18 Mails
1085 2582 61 18 close
1157 2587 26 13 as
1192 2582 74 19 under
1275 2587 28 14 :

1108 2611 99 17 Monday.

939 2642 46 18 For
994 2641 122 24 Tauranga
1125 2643 25 17 at
1159 2643 54 17 6.30
1221 2648 52 13 a.m.

961 2679 11 8 ~
999 2665 125 18 Auckland
1147 2665 46 18 and
1211 2665 162 20 intermediate

997 2688 83 22 offices,
1092 2688 54 19 7.30
1155 2694 52 13 a.m.

1106 2720 102 19 Tuesday.

939 2751 44 18 For
1001 2751 126 19 Auckland
1143 2751 47 19 and
1211 2751 162 21 intermediate

1001 2774 83 22 offices,
1094 2774 54 19 7.30
1156 2780 52 14 a.m.

962 2812 11 7 ~
1000 2797 169 19 Rotomaßoad
1175 2798 78 23 Camp,
1261 2798 55 19 9.30
1321 2804 51 14 a.m.

962 2835 11 8 ~
1000 2820 97 19 Galatea
1106 2821 46 18 and
1167 2822 134 22 Waiotapu,
1320 2822 54 18 7.30

1001 2849 53 17 p.m.

962 2881 12 7 ~
1000 2867 85 23 Taupo,
1103 2867 123 23 Atiamuri,

1002 2890 45 19 and
1057 2891 91 23 Napier,
1159 2890 55 19 7.30
1225 2896 54 18 p.m.

1087 2923 139 18 Wednesday.

939 2954 46 19 For
997 2953 123 20 Auckland
1142 2954 46 18 and
1212 2954 162 21 intermediate

1004 2977 83 22 offices,
1098 2977 54 19 7.30
1160 2983 52 13 a.m.

1096 3006 118 18 Thursday.

941 3037 45 18 For
1002 3037 125 18 Auckland
1144 3038 46 17 and
1212 3038 162 19 intermediate

1003 3060 83 21 offices,
1098 3060 54 19 7.30
1160 3066 52 13 a.m.

964 3097 10 8 ~
1001 3083 96 23 Matata,
1113 3084 156 25 Pongakawa,
1287 3085 87 22 Ohrwa,

1168 3107 102 23 Opotiki,
1277 3107 97 19 Maketu

1002 3130 47 17 and
1058 3130 30 18 Te
1098 3130 71 22 Puke,
1180 3130 54 19 7.30
1243 3136 53 20 p.m.

1115 3162 87 18 Friday.

939 3193 48 20 For
997 3192 127 24 Tauranga,
1134 3193 55 19 6.30
1197 3198 52 15 a.m.

964 3230 11 8 „
1001 3210 124 24 Auckland
1147 3216 46 18 and
1214 3217 160 18 intermediate

1000 3239 85 21 offices,
1096 3238 54 20 7.30
1159 3245 52 13 a.m.

962 3276 13 8 „
1002 3262 85 23 Taupo,
1108 3262 124 23 Atiamuri,
1250 3263 46 18 and
1312 3262 47 19 Wai-

1004 3285 69 22 rakei,
1084 3285 55 19 7.30
1148 3291 54 18 p.m.

1099 3318 118 17 Saturday.

941 3348 46 20 For
1001 3348 97 25 Matata,
1114 3349 155 23 Pongakawa,
1289 3349 85 23 Ohiwa,

1004 3371 155 23 Whakatane,
1167 3372 102 22 Opotiki,
1278 3372 96 21 Maketu

1004 3394 46 18 and
1059 3395 30 18 Te
1099 3395 70 22 Puke,
1180 3394 55 21 7.30
1243 3400 53 18 p.m.

941 3459 52 18 THE
1006 3459 115 19 ENGLISH
1133 3460 67 17 MAIL
1215 3464 37 13 via
1271 3460 103 18 'FRISCO.

964 3508 80 19 Closes
1051 3508 108 22 Rotoma,
1169 3509 90 23 Friday,
1270 3509 57 23 July
1340 3509 33 22 10,

941 3532 26 17 at
976 3530 54 19 7.30
1038 3537 58 18 a.m.,
1108 3532 44 18 due
1167 3532 25 18 in
1207 3532 99 18 London
1313 3532 61 23 Aug.

942 3555 63 18 12th.

972 3619 62 17 POST
1047 3619 93 17 OFFICE
1155 3619 188 17 REGULATIONS.

964 3668 47 18 The
1021 3667 70 20 Office
1100 3667 20 19 is
1129 3673 61 18 open
1199 3668 36 18 for
1243 3668 41 18 the
1294 3667 48 19 sale
1352 3668 24 18 of

939 3692 98 21 stamps,
1048 3690 102 24 delivery
1165 3692 46 17 and
1225 3691 150 23 registration

939 3714 28 18 of
973 3714 88 21 letters,
1071 3714 88 23 receipt
1173 3714 27 18 of
1211 3714 97 23 parcels,
1326 3714 47 22 <Ssc,

942 3738 62 18 from
1012 3737 15 18 9
1036 3742 51 13 a.m.
1098 3738 24 17 to
1132 3738 14 17 5
1155 3742 54 18 p.m.

965 3760 46 19 For
1027 3765 86 18 money
1129 3760 68 19 order
1212 3760 47 19 and
1279 3760 95 22 savings

939 3784 65 18 bank
1017 3783 113 22 business,
1146 3784 15 17 9
1176 3789 52 12 a.m.
1246 3785 26 16 to
1288 3784 15 17 4
1319 3788 54 17 p.m.

940 3806 137 22 Saturdays,
1087 3807 15 17 9
1110 3812 53 13 a.m.
1172 3807 27 17 to
1207 3807 16 17 5
1232 3812 53 17 p.m.

964 3830 46 18 For
1018 3830 121 22 telegraph
1155 3829 115 21 business,
1284 3829 61 18 from
1359 3829 15 18 9

939 3858 53 16 a,m.
1002 3854 25 17 to
1037 3853 14 18 5
1061 3857 54 18 p.m.

964 3876 97 21 Letters,
1072 3875 75 19 books
1164 3875 46 19 and
1223 3875 90 23 parcels
1331 3880 43 13 can

939 3899 29 18 be
982 3899 128 23 registered
1124 3900 25 17 to
1164 3904 47 17 any
1228 3899 53 23 part
1294 3897 26 19 of
1334 3898 40 18 the

939 3922 73 19 world
1021 3927 31 13 on
1060 3922 113 22 payment
1183 3926 23 13 oi
1223 3927 14 12 a
1250 3921 36 18 fee
1303 3921 27 18 of
1343 3921 31 18 3d

939 3946 24 17 in
970 3944 105 20 addition
1081 3946 26 17 to
1110 3945 40 18 the
1157 3944 109 23 ordinary
1268 3945 105 22 postage.

963 3968 47 19 The
1019 3968 71 18 Office
1099 3967 47 19 -will
1153 3973 95 18 re-open
1255 3972 31 13 on
1295 3968 66 18 Satur-

939 3993 59 21 days
1007 3991 55 23 only
1072 3991 35 18 for
1120 3991 29 18 15
1164 3991 102 17 minutes
1282 3990 36 18 for
1334 3991 40 19 the

938 4012 104 26 delivery
1056 4014 26 18 of
1095 4014 82 18 letters
1191 4014 61 18 after
1265 4014 41 18 the
1319 4014 55 18 mail

938 4038 104 22 arriving
1051 4038 24 17 at
1084 4036 54 20 7.40
1147 4042 53 18 p.m.
1211 4037 19 18 is
1240 4037 86 18 sorted.

1086 4061 27 19 R.
1127 4061 26 18 D.
1171 4060 132 22 DANSEY,

1197 4083 152 18 Postmaster.

1399 93 17 17 A
1434 93 112 17 MEMBER
1566 93 32 17 OF
1620 94 51 16 TTTE
1692 96 87 17 HOUSE
1799 96 33 17 OF

1489 115 249 19 REPRESENTATIVES.

1421 146 98 23 Speaking
1531 153 24 11 on
1570 146 32 17 the
1616 147 104 24 Pharmacy
1735 149 36 17 Bill
1785 150 47 17 said.

1420 175 24 11 no
1460 169 102 23 profession
1578 170 33 16 has
1623 171 54 16 uiatie
1694 172 35 16 less
1745 177 87 18 progress

1399 192 69 21 'luring
1477 193 33 16 the
1526 192 36 17 last
1581 193 32 16 100
1628 199 54 15 years
1696 194 47 17 than
1757 195 42 16 that
1814 196 18 15 of

1519 221 21 10 or
1549 215 60 17 words
1618 216 20 16 to
1647 216 42 17 that
1701 218 60 15 effect.
1794 218 38 15 The

1387 237 1 25 .
1399 238 79 17 M.H.K.
1494 237 58 22 spoke
1566 238 80 16 without
1660 239 94 23 thinking,
1773 246 21 10 or
1809 240 24 16 he

1400 260 62 17 would
1475 262 35 15 not
1527 260 47 17 have
1591 261 53 16 made
1661 263 45 16 such
1723 268 24 11 an
1763 263 70 16 absurd

1399 284 107 16 statement.
1531 283 30 17 He
1570 283 97 23 evidently
1680 284 55 17 knew
1750 286 83 21 nothing

1399 307 60 16 of:the
1468 312 41 10 new
1518 306 76 21 remedy
1603 307 71 16 termed

1540 329 152 18 NEUROL

1398 350 62 16 which
1468 350 21 19 is,
1494 350 20 16 in
1518 350 116 21 comparison
1641 351 45 16 with
1692 351 89 17 remedies
1788 352 45 17 used

1398 378 46 11 even
1453 373 10 15 2
1465 374 10 14 j
1484 378 54 16 years
1547 378 41 16 ago,
1600 379 20 10 as
1627 373 50 21 light
1685 376 20 14 to
1713 374 95 17 darkness.

1540 402 153 17 NEUROL

1397 421 16 17 is
1421 427 11 12 a
1445 421 129 22 scientifically
1592 423 90 21 prepared
1699 423 95 20 medicine,
1813 424 20 16 in

1397 444 33 17 the
1439 445 48 16 form
1496 445 21 16 of
1525 444 91 21 powders.
1642 445 18 16 It
1667 446 15 17 is
1690 450 34 13 not
1737 446 85 22 disagree-

1397 467 54 20 able;
1465 467 16 17 it
1488 467 16 16 is
1512 468 35 16 not
1555 467 99 22 expensive
1661 467 4 22 ;
1679 469 15 16 it
1703 468 33 18 lies
1741 469 23 17 jn
1778 470 54 16 small

1397 495 85 17 compass
1489 490 4 24 ;
1503 490 19 16 -it
1531 490 85 17 contains
1625 496 24 11 no
1658 491 70 22 opium,
1747 491 86 23 morphia

1397 519 21 10 or
1432 513 118 23 antipyrine;
1569 513 16 16 it
1602 513 38 16 will
1656 515 34 16 not
1707 520 43 11 cure
1766 520 55 16 every-

1397 536 56 21 thing
1462 536 34 17 but
1512 536 15 16 it
1541 536 16 16 is
1569 535 84 17 effective
1666 537 20 16 in
1700 536 25 18 all
1738 543 51 11 cases
1804 543 29 11 lor

1397 559 61 17 which
1468 559 15 16 it
1491 559 16 15 is
1520 558 147 18 recommended.

1540 587 153 17 NEUROL

1397 607 38 16 will
1444 607 68 17 relieve
1521 613 55 16 every
1585 607 49 18 form
1651 609 20 16 of
1687 609 94 17 headache
1794 611 38 16 .not

1397 630 68 17 caused
1473 630 26 22 by
1507 630 54 17 brain
1571 630 77 18 disease.

1539 660 153 17 NEUROL

1396 685 53 11 cures
1470 679 98 22 neuralgia
1588 681 20 15 of
1624 681 32 16 the
1674 682 39 16 face
1729 682 38 16 and
1780 682 52 16 'head

1396 708 51 11 more
1456 702 98 22 promptly
1562 703 47 16 than
1618 703 82 21 quinine.

1420 725 33 16 LA
1460 725 101 19 GRIPPE,
1571 731 21 11 or
1598 726 150 17 INFLUENZA
1753 727 48 17 loses
1808 728 23 17 its

1396 749 70 15 terrors
1474 748 15 16 if
1496 748 109 18 XEUROL
1613 748 15 17 is
1637 750 57 16 taken
1704 752 20 14 at
1733 750 32 17 the
1780 757 39 10 com-

1396 772 117 16 mencement
1522 771 20 17 of
1551 771 32 17 the
1591 771 69 17 attack.

1420 794 87 19 COLDS,
1548 794 140 19 CATAWmS,
1724 795 106 18 FEVERS.

1396 816 176 18 RHEUMATISM
1597 822 31 11 are
1654 817 25 17 all
1701 817 80 17 re'iieved
1806 818 26 21 by

1395 839 114 17 jnEUROL.

1420 862 37 17 For
1477 868 73 11 women
1570 862 107 19 NEUROL
1693 863 15 16 is
1728 863 103 22 peculiarly

1395 885 87 20 suitable,
1493 886 15 16 it
1517 891 52 11 cures
1577 885 27 18 all
1618 886 74 21 painful
1707 892 73 16 cramps
1794 886 38 18 and

1396 908 54 16 other
1458 908 61 22 pains.

1419 931 63 22 Every
1502 931 66 20 miner,
1588 931 93 17 bushman
1707 932 36 16 and
1767 933 65 16 settler

1395 954 67 18 should
1472 960 72 16 possess
1553 961 9 10 a
1573 954 38 17 box
1619 955 20 16 of
1648 955 112 18 X.EUKOL.
1787 955 20 18 It
1815 955 16 18 is

1395 983 11 11 a
1415 977 91 17 medicine
1515 978 52 16 chest
1576 978 18 16 in
1605 978 53 16 small
1668 983 91 18 compass.

1419 999 45 19 Sold
1473 1001 25 21 by
1507 1001 25 16 all
1541 1001 127 21 storekeepers
1681 1002 37 16 and
1735 1001 94 21 chemists,

1395 1023 20 17 2s
1424 1029 33 16 per
1465 1023 44 18 box.
1520 1029 20 12 or
1549 1025 43 20 post
1607 1024 37 17 free
1662 1025 48 16 from
1723 1024 107 18 NEUROL

1395 1046 40 19 Co.,
1446 1046 106 21 Auckland,
1562 1047 20 16 2s
1593 1046 28 17 Id.

1418 1069 106 17 Wholesale
1533 1070 48 16 from
1591 1070 129 22 Kempthorno
1728 1070 38 18 and
1773 1070 46 18 Pros-

1395 1098 34 13 ser,
1440 1098 21 12 or
1470 1093 94 17 Sharland
1572 1093 38 17 and
1618 1093 33 17 Co.

1397 1142 242 47 KUSABS
1672 1143 157 46 BROS

1503 1198 219 34 HAHAKU

1394 1237 75 41 SAW
1484 1237 26 41 &
1536 1237 153 42 PLANING
1710 1239 117 40 MILLS,

1397 1308 270 23 MOUNTHIN
1691 1309 138 26 RI7U£U.

1397 1368 134 19 GENUINE
1546 1367 60 20 DRY
1623 1368 77 19 LAND
1718 1368 111 21 TIMBER

1501 1397 30 19 IN
1542 1398 53 17 THE
1609 1397 113 20 MARKET.

1397 1444 127 44 MESSRS
1543 1444 100 18 KUSABS
1660 1444 70 19 BROS,
1745 1444 37 23 beg
1799 1451 20 12 re-

1472 1467 102 24 spectfully
1578 1468 21 18 to
1604 1467 73 19 inform
1684 1468 33 18 the
1729 1468 68 20 Public
1810 1470 19 16 of

1397 1491 77 16 Kotoruu
1482 1491 34 15 and
1526 1491 73 19 vicinity
1608 1491 38 16 tliat
1655 1492 40 20 they
1710 1496 44 11 nave
1769 1495 49 13 estab-

1396 1513 54 15 lished
1458 1518 10 10 a
1479 1512 42 20 yard
1530 1512 17 16 in
1561 1510 125 22 Hineraoa-st.,
1696 1513 33 15 and
1745 1518 31 9 ran
1791 1519 38 9 now

1395 1536 62 18 supply
1466 1533 30 16 the
1503 1533 52 15 finest
1563 1533 43 15 class
1620 1533 19 16 of
1653 1533 82 20 Building
1748 1534 80 16 Materia!

1395 1555 16 15 in
1421 1556 29 14 the
1459 1554 75 16 Market.
1550 1555 19 15 It,
1576 1554 14 15 is
1598 1554 101 23 unequalled
1709 1556 16 14 in
1735 1555 93 22 durability

1395 1577 34 15 mid
1438 1577 105 20 impervious
1552 1578 17 12 to
1579 1576 29 14 the
1616 1577 67 14 attacks
1699 1577 19 15 of
1729 1577 51 15 fcorer
1795 1577 34 15 and

1395 1597 32 21 dry
1439 1600 32 14 rot.
1494 1597 53 15 Their
1556 1596 83 16 sawmills
1648 1603 27 10 are
1684 1597 49 17 fitted
1743 1598 42 15 with
1801 1598 28 15 the

1395 1622 44 12 most
1448 1618 70 16 raoderu
1528 1618 98 20 appliances
1636 1618 33 16 and
1679 1619 28 16 the
1715 1620 38 14 firm
1767 1619 14 15 is
1792 1618 37 18 able

1395 1643 17 12 to
1428 1640 64 20 (supply
1508 1644 34 16 any
1558 1639 81 21 quantity
1656 1640 18 15 of
1689 1640 37 21 Dry
1745 1639 84 22 Building

1395 1660 81 16 Material
1485 1667 21 9 on
1515 1661 30 15 the
1554 1662 74 14 shortest
1636 1662 62 14 notice.

1397 1704 142 29 SJkirtings,
1547 1703 178 28 Architraves,
1731 1704 81 23 Mould-

1432 1735 68 28 ings,
1514 1734 51 22 and
1575 1733 111 24 Dressed
1696 1735 102 22 Timber

1462 1765 29 23 of
1500 1771 80 23 every
1595 1764 180 30 description,.

1489 1796 110 26 Always
1610 1803 32 15 on
1653 1796 83 23 Hand.

1420 1822 123 24 BENAU
1554 1822 107 24 HOUSE
1674 1822 128 23 BLOCKS.

1417 1868 49 17 Prioe
1475 1869 47 17 Lists
1531 1875 20 10 on
1562 1870 103 21 application
1676 1872 18 12 to

1396 1896 227 32 KUSABS
1658 1895 170 37 BEOS,,

1470 1937 119 19 MAMAKU
1602 1943 25 11 on
1641 1937 113 18 OHAUPO.

1525 1966 27 17 Or
1560 1967 20 17 at
1588 1966 33 18 the
1633 1966 67 18 Yards.

1418 1994 126 17 HINEMOA
1557 1992 101 22 STREET,
1679 1993 127 18 ROTORUA.

1397 2060 219 45 Rotorua
1658 2060 168 45 Tours.

1396 2142 189 43 IJASSENGERS
1594 2143 19 16 to
1623 2142 84 18 Rotorua
1715 2147 32 12 are
1752 2140 77 20 advised

1460 2166 43 17 that
1511 2171 11 11 a
1535 2165 77 22 regular
1623 2165 51 22 daily
1687 2164 57 19 coach
1761 2165 68 18 service

1395 2189 84 17 between
1489 2189 91 17 Okoroire
1588 2188 39 17 and
1637 2189 84 16 Rotorua
1736 2188 37 16 and
1790 2188 39 18 vice

1394 2281 15 17 is
1417 2281 79 21 broken,
1505 2281 39 17 and
1552 2281 32 17 the
1601 2283 54 15 route
1672 2281 90 17 traverses
1779 2287 51 11 some

1394 2305 20 16 of
1433 2305 32 16 the
1481 2304 86 17 loveliest
1583 2304 52 17 Bush
1653 2303 80 23 Scenery
1750 2304 18 17 in
1782 2305 47 16 New

1394 2328 89 17 Zealand.

1434 2359 106 21 FARES,
1556 2359 41 18 103
1607 2358 82 19 EACH
1702 2358 83 19 WAY.

1394 2387 92 23 Special
1503 2387 166 23 Conveyances
1686 2392 44 12 can
1751 2387 28 17 be
1795 2392 24 15 ar-

1541 2410 89 22 ranged
1638 2410 42 18 for.

1394 2457 76 19 Leave
1472 2456 136 19 —Okoroire
1617 2456 36 18 for
1666 2456 103 18 Rotorua
1784 2457 46 18 and

1464 2480 221 18 Whakare-w-arewa
1715 2479 62 24 daily
1804 2481 26 17 at

1467 2504 29 18 10
1505 2507 52 14 a.m.

1395 2527 84 18 Leave-
1486 2526 115 18 -Rotorua
1610 2526 46 18 and
1665 2526 149 18 Whakarewa-

1464 2555 63 13 rewa
1543 2550 37 18 lor
1593 2549 117 22 Okoroire,
1727 2549 62 24 daily
1806 2551 24 17 at

1467 2573 30 19 lO
1505 2578 52 14 a.m.

1418 2601 32 17 All
1470 2606 112 18 passengers
1602 2606 32 11 are
1649 2600 77 17 advised
1746 2602 20 16 to
1782 2601 48 17 avail

1394 2624 113 17 themselves
1515 2624 21 17 of
1545 2624 37 17 this
1599 2624 61 16 Route
1675 2630 20 11 as
1710 2624 91 17 Okoroire
1815 2624 15 17 is

1395 2653 35 11 one
1445 2648 20 17 of
1476 2648 33 16 the
1518 2647 52 17 show
1579 2645 62 24 places
1658 2646 20 17 of
1694 2647 33 17 the
1743 2647 87 17 Thermal

1395 2671 84 19 District,
1502 2670 38 17 and
1555 2675 25 12 no
1596 2670 44 16 visit
1655 2671 19 15 to
1691 2671 32 15 the
1738 2670 61 17 Lakes
1816 2671 14 16 is

1396 2693 92 24 complete
1497 2693 82 17 without
1584 2693 24 16 its
1615 2693 97 17 inclusion.

1420 2717 73 22 SpceiiiJ
1501 2716 94 18 attention
1608 2716 15 16 is
1637 2716 59 17 called
1709 2718 20 15 to
1743 2716 32 18 the
1792 2717 38 16 fact

1395 2740 43 17 that
1446 2747 11 10 a
1467 2740 57 18 coach
1533 2739 61 17 leaves
1608 2739 85 17 Rotorua
1702 2740 37 16 and
1748 2739 69 19 Whaka-

1395 2769 101 11 rewarewa
1505 2769 24 11 on
1538 2763 78 21 Sunday
1625 2763 19 16 at
1655 2763 20 15 10
1684 2769 44 10 a.m.

1532 2809 162 16 HGENTS:

1395 2831 73 17 THOS.
1482 2830 70 18 COOK
1569 2831 16 16 &
1604 2830 54 20 SOX,
1674 2831 102 17 Auckland
1794 2831 37 17 and

1568 2853 90 18 Rotorua.

1421 2931 89 22 (Under
1518 2930 130 24 Vice-regal
1663 2931 145 23 Patronage.)

1396 2972 38 27 ry\
1449 2972 16 17 0
1489 2970 247 21 TOURISTS,
1759 2972 18 18 E
1790 2976 12 13 T
1815 2976 15 13 c.

1404 2988 22 26 J.
1453 2998 115 14 BEAUTIFUL
1578 2998 99 12 THTCSEXTS
1689 2998 39 13 FOR
1736 2999 63 13 VTOIfE.

1420 3018 50 22 Very
1487 3017 110 17 Handsome
1613 3016 62 18 Inlaid
1695 3018 71 19 Tables;
1782 3018 37 17 Cab-

1396 3041 55 19 inets,
1465 3040 60 18 Jewel
1539 3040 62 20 Cases,
1616 3041 42 19 etc.,
1674 3040 25 17 all
1712 3040 54 17 made
1783 3041 48 17 from

1396 3064 33 16 the
1437 3064 57 17 finest
1500 3064 19 16 of
1524 3064 47 16 New
1579 3063 98 17 Zealand's
1684 3064 66 17 Eorest
1756 3064 75 17 Woods.

1397 3086 113 18 Patronised
1517 3086 26 22 by
1553 3086 37 17 His
1598 3086 114 23 Excellency
1721 3087 31 17 the
1761 3087 47 17 Earl
1813 3087 18 17 of

1396 3110 97 22 Glasgow.
1504 3110 55 18 K.C.,
1573 3110 83 16 8.M.G..
1674 3110 38 16 and
1726 3110 65 22 nearly
1807 3110 24 17 all

1398 3133 32 16 the
1439 3133 87 22 nobijity,
1537 3133 71 18 B?-jtish
1617 3132 37 18 and
1660 3133 82 21 Foreign
1749 3129 82 22 Officers,

1397 3156 38 17 and
1445 3158 69 17 gentry
1523 3156 43 17 who
1580 3156 48 16 have
1642 3156 66 17 visited
1723 3156 47 17 New
1785 3157 46 17 Zea-

1428 3211 30 16 AV.
1472 3210 105 20 NORRIE,
1587 3211 40 21 Top
1637 3210 19 17 of
1665 3210 137 17 Shortland-st.

1398 3267 29 18 W.
1432 3267 23 18 L.
1461 3267 100 21 Fobsteb,
1570 3270 44 17 c.E.,
1641 3266 24 18 H.
1679 3266 30 18 W.
1717 3266 115 22 Mitchell,

1399 3397 161 41 FORSTER
1587 3398 25 40 &
1644 3397 187 46 MITCHELL,

1427 3457 112 25 MINING
1556 3456 170 25 ENGINEERS
1745 3457 61 24 AND

1527 3481 185 29 SURVEYORS,

1397 3525 120 17 VALUERS
1530 3525 33 17 OF
1572 3525 100 17 MIXING
1683 3526 54 16 AND
1747 3525 85 18 OTHER

1531 3548 167 20 PROPERTIES,

1467 3586 108 19 HAintAKi,
1592 3585 51 16 New
1658 3585 103 17 Zealand.

1420 3647 95 18 Members
1524 3647 20 17 of
1552 3647 33 17 the
1594 3647 47 17 N.Z.
1651 3647 79 18 Institut

1397 3707 105 18 Address—

1467 3734 118 16 NoiIMAXHY
1598 3734 62 16 ROAH,
1673 3734 58 16 PaEK'

1912 3082 313 46 JQDCKUIJID

1869 3161 173 22 rnruri?
2083 3161 114 22 data
2211 3161 51 19 h*d

1870 3181 72 21 tux
1961 3182 82 19 iMJii
2083 3183 14 18 i
2113 3181 134 20 /iiji-io:

1907 3225 143 31 QUEEN
2072 3224 166 31 STREET,

1856 3276 63 23 Also
1943 3275 106 31 opposite
2071 3275 108 23 Herald
2206 3274 80 31 Office,

1887 3386 50 47 E.
1987 3385 271 54 WATERS,

1956 3464 240 25 PROPRIETOR.

1856 3561 35 20 TO
1906 3561 58 19 THE
1979 3561 105 19 PUBLIC
2098 3561 35 19 OF
2151 3560 137 20 ROTOEUA.

1856 3613 94 43 IBEG-
1963 3616 20 15 to
1993 3613 63 19 thank
2067 3613 35 18 the
2115 3612 73 19 Public
2199 3612 21 18 of
2227 3612 49 18 Eoto-

1909 3644 40 14 rua
1968 3639 31 19 for
2014 3638 53 20 their
2072 3639 84 18 favours
2168 3639 75 24 during
2255 3637 33 19 the

1855 3667 45 23 past
1911 3665 70 18 fifteen
1990 3671 65 18 years,
2067 3664 40 19 aud
2121 3668 21 15 to
2159 3664 66 24 notify
2244 3663 44 19 that

1855 3692 31 18 for
1897 3691 34 18 the
1943 3691 132 18 convenience
2086 3691 21 17 of
2116 3689 100 19 residents
2225 3690 21 18 in
2254 3689 34 19 the

1856 3717 50 18 New
1917 3716 115 24 Township,
2046 3716 40 18 and
2096 3722 32 18 ruy
2142 3716 57 17 trade
2217 3721 60 19 gener-

1854 3743 48 24 ally,
1914 3742 11 18 I
1935 3742 52 18 have
1997 3742 53 18 built

1881 3781 52 18 New
1942 3780 104 19 Premises
2053 3785 23 14 in
2083 3779 84 20 Fentos
2175 3779 85 24 Street,

1854 3824 65 21 which
1931 3830 34 13 aie
1975 3830 44 12 now
2030 3830 51 18 opun
2090 3823 32 18 for
2131 3823 100 23 business,
2247 3823 39 19 and

1852 3851 11 19 I
1874 3857 33 12 am
1926 3850 99 26 prepared
2046 3852 21 16 to
2080 3849 75 26 supply

1992 3891 71 21 Prime
2083 3891 63 20 Meat

1851 3942 21 18 in
1885 3940 50 19 both
1945 3940 52 19 New
2008 3940 40 18 and
2058 3939 39 19 Old
2106 3939 126 25 Townships.

1884 4032 42 23 An
1939 4031 152 29 Inspection
2105 4030 23 23 is
2142 4030 109 23 invited.

2060 4076 102 18 HENPY
2177 4076 80 18 KIPvK.

1408 3799 124 24 Government
1550 3800 102 23 Insurance
1671 3800 130 25 Department.

1421 3849 47 14 LOW
1477 3850 116 13 PREMIUMS.

1619 3849 60 15 iABQE
1689 3851 99 14 BONUSES.

1536 3942 24 10 Ira
1567 3939 44 16 only)
1628 3940 42 12 1893
1688 3946 6 4 -
1717 3940 85 15 £190,000

1546 3960 15 13 J.
1571 3961 19 12 H.
1599 3960 137 16 RICHARDSON.

1513 4035 64 18 paper
1595 4028 41 18 and
1652 4027 112 26 Envelopes
1781 4029 46 18 with

1475 4055 82 25 printed
1570 4053 90 25 heading
1671 4058 20 14 at
1701 4054 64 25 cheap
1773 4056 54 17 rates

1395 4084 21 15 at
1427 4081 107 18 Chronicle
1548 4080 63 19 office.

966 4176 99 41 Ask
1091 4175 71 39 for
1201 4173 263 39 Hancock's
1490 4172 274 41 Celebrated
1805 4168 190 40 XXXX
2022 4168 114 46 Ales
2166 4169 95 41 and
2286 4168 149 42 Stout

2302 103 329 71 _J.AKES
2684 105 399 71 DJSTBSCT.

2091 181 91 19 Tourists
2192 183 39 18 and
2244 183 91 19 Invalids
2344 183 86 25 visiting
2439 184 35 19 the
2483 185 139 20 Wonderland
2633 188 21 17 of
2663 187 51 18 New
2724 187 91 18 Zealand
2824 188 40 19 will
2871 190 40 18 find
2921 191 34 18 the

2044 222 435 76 GRAND
2571 227 432 85 HOTEL,

1857 374 79 43 THE
1950 377 52 16 most
2011 375 89 25 elegant,
2110 376 132 19 comfortable
2250 376 40 19 and
2301 376 44 20 best
2355 377 110 25 appointed
2475 378 153 19 establishment
2638 379 21 19 in
2679 379 51 19 Now
2746 380 95 25 Zealand,
2860 383 16 18 it
2971 385 74 22 replete
3062 388 125 19 throughout

2325 402 49 19 with
2385 403 34 18 the
2429 406 52 15 most
2496 403 82 19 modern
2592 405 148 19 conveniences.
3123 404 12 9 °

1882 424 57 20 THE
1952 425 92 19 HOTEL
2062 426 18 19 is
2098 427 22 18 in
2138 427 36 18 the
2192 427 115 18 immediate
2323 428 169 24 neighbourhood
2510 430 21 17 of
2550 430 34 18 the
2602 430 72 22 Priest,
2695 430 82 24 Rachel,
2797 431 122 21 Postmaster
2941 436 38 18 and
2996 437 57 19 other
3068 438 61 19 baths
3152 440 35 17 the

1856 451 89 18 curative
1954 452 112 23 properties
2076 452 21 18 of
2107 452 66 19 which
2189 459 33 12 are
2239 453 146 19 world-famed.
2415 454 54 18 Bath
2480 454 66 19 chairs
2557 455 40 18 and
2607 456 117 19 attendants
2734 463 34 12 are
2778 459 96 23 provided
2884 463 20 15 to
2916 466 73 19 convey
3006 462 85 22 invalids
3108 466 21 18 to
3147 465 40 18 and

1856 477 52 18 from
1917 476 35 18 the
1962 483 80 12 various
2055 477 141 20 bath-houses.
2223 478 44 18 The
2277 478 106 19 bedrooms
2393 480 40 17 and
2452 480 87 24 retiring
2561 487 66 12 rooms
2647 487 34 13 aro
2700 482 57 20 fitted
2776 483 48 19 with
2851 485 74 24 special
2937 487 73 22 regard
3024 492 19 15 to
3057 490 34 18 the
3107 490 80 19 reouire

1856 504 65 16 ments
1931 502 21 18 of
1961 504 69 22 guests
2040 503 21 18 in
2071 504 70 18 search
2151 504 21 18 of
2182 504 91 18 renewed
2284 504 91 24 strength
3136 501 5 14 i

1882 527 42 19 The
1936 527 63 19 Baths
2009 531 21 15 at
2041 527 35 19 the
2084 528 129 19 Sanatorium
2225 529 51 19 have
2288 529 97 20 attracted
2396 536 60 19 many
2463 531 84 19 -visitors
2566 532 22 19 of
2606 532 41 19 late
2667 527 70 33 years;
2764 537 93 23 amongst
2872 536 56 19 those
2942 537 43 20 who
2993 539 51 19 have
3057 541 62 19 found
3130 541 57 19 relief

1856 553 32 19 boi
1896 553 35 19 the
1942 553 144 23 convalescent,
2098 560 92 17 nervous,
2201 555 118 22 rheumatic,
2330 555 40 18 and
2381 555 100 25 sleepless.

1882 578 91 19 Rotorua
1982 579 17 18 is
2009 579 34 18 the
2062 583 67 15 centro
2148 580 52 18 from
2218 580 65 18 which
2302 580 28 18 all
2350 581 69 24 points
2429 583 21 17 of
2460 582 83 18 interest
2554 583 20 19 in
2591 583 34 19 the
2634 583 96 20 Thermal
2740 585 85 26 Springs
2840 586 83 21 District
2939 595 45 17 may
3000 590 25 19 be
3039 592 84 19 reached
3149 592 38 19 and

1856 604 73 25 special
1938 604 95 19 facilities
2044 611 33 12 aro
2087 605 97 24 provided
2194 606 31 18 for
2233 605 57 19 those
2297 605 21 19 in
2328 606 69 18 search
2408 608 21 17 of
2437 607 34 18 the
2482 607 101 20 beautiful
2595 609 39 19 and
2650 610 127 19 mnrvelious.

1946 635 184 19 MAGNIFICENT
2143 637 175 16 APARTMENTS.
2448 638 84 18 LOFTY
2543 639 147 20 BEDROOMS.
2807 644 114 18 PERFECT
2937 645 152 21 SANITATION

1999 659 26 19 In
2035 659 58 19 short
2102 666 12 11 a
2124 665 125 13 fiust-class
2262 659 172 20 Establishmext
2443 661 87 26 offering
2540 663 59 24 equal
2608 664 96 18 comforts
2712 666 21 17 to
2744 665 33 19 the
2787 666 44 19 best
2845 667 64 19 hotels
2918 668 20 18 in
2948 669 84 25 Europe.

2091 710 90 23 Suites
2196 711 29 23 of
2237 710 169 29 Apartments
2417 712 66 22 with
2493 714 98 28 special
2605 715 156 24 attendance
2775 717 38 22 for
2829 718 120 23 Families

1856 744 97 25 Spacious
1962 744 128 19 Promenade
2100 744 113 23 Balconies,
2223 744 58 25 Snug
2293 744 90 24 Alcoves,
2395 746 39 18 and
2451 746 127 26 luxuriously
2594 749 110 24 appointed
2714 750 103 26 Drawing,
2837 752 69 24 Music,
2923 753 141 21 Conversation
3087 757 95 18 Reading

2307 771 99 25 Smoking
2416 772 39 18 and
2467 772 85 19 Billiard
2563 774 80 19 Booms.
2671 774 71 20 Baths.

2089 805 40 23 tfSr
2145 804 117 19 SPECIAL
2276 804 161 20 ATTENTION
2450 806 69 19 PAID
2531 807 34 19 TO
2580 808 117 19 CUISINE
2711 809 59 19 AND
2785 810 123 21 SERVICE.
2923 815 34 21 43)

1882 834 34 19 All
1927 834 179 20 communications
2117 834 28 25 by
2152 835 61 17 .letter
2223 842 22 10 or
2256 835 98 23 telegram
2364 837 42 18 will
2416 838 75 18 receive
2499 841 83 22 .prompt
2592 840 104 19 attention.

1914 884 76 45 W.
2018 886 58 42 A.
2104 880 311 57 BOULTON;
2518 868 61 16 °~
2744 917 18 10 .
2881 894 248 58 Manager.

2328 944 58 25 (Late
2397 946 21 18 of
2427 945 113 19 Grosvenor
2550 945 68 24 Dotel,
2630 948 96 24 Sydney.)

2793 1038 40 25 W.
2867 1038 30 24 H.
2927 1038 49 24 PE
2991 1037 56 25 AR
3062 1038 21 25 C
3101 1038 27 29 E,

2874 1075 176 30 Proprietor.

2831 1133 14 15 L
2874 1132 14 17 B
2915 1132 17 16 N
2964 1133 15 15 A.
3010 1132 15 15 L
3056 1132 16 16 V
3105 1133 14 15 O
3153 1132 21 19 X,

2855 1173 110 18 STMONDS
2979 1174 95 20 STREET,

2805 1204 42 20 lerly
2855 1204 28 15 Sir
2894 1203 48 16 Fred.
2956 1203 105 16 Whitaker's
3073 1203 104 19 Resideuce,)

2895 1232 95 20 Telephoue
3004 1233 18 14 54
3027 1234 13 15 i.

2776 1264 16 15 A
2800 1263 40 16 Few
2848 1263 61 15 Ladies
2918 1261 33 16 and

2753 1284 118 16 'eommodated
2875 1284 40 15 with
2920 1283 74 20 superior

2777 1314 36 15 The
2881 1313 14 16 is
2902 1312 74 16 situated
2984 1312 16 15 in
3007 1312 46 20 large
3059 1312 80 19 grounds,
3147 1311 32 16 and

2804 1335 49 15 lands
2860 1334 109 20 magnificent
2978 1334 51 15 views
3036 1334 18 15 of
3064 1334 28 15 the
3100 1333 79 15 harbour.

2779 1364 62 16 Tennis
2850 1364 59 15 Lawn.

2753 1391 1 18 I
2779 1394 36 15 Ten
2824 1393 79 16 minutes'
2913 1392 43 16 walk
2966 1393 43 14 from
3017 1392 29 16 the
3054 1391 41 16 Post
3103 1391 58 16 Office.

2753 1417 1 25 '
2780 1424 41 15 Cars
2832 1423 32 15 and
2873 1423 61 15 Busses
2941 1427 38 15 pass
2989 1422 28 15 the
3023 1423 79 14 entrance
3113 1424 45 17 gate.

2761 1469 47 25 W.
2822 1469 36 25 H.
2878 1468 28 26 &
2925 1468 37 25 H.
2990 1469 30 25 C.
3050 1470 136 31 Wright,

2835 1517 128 20 SURGEON
2977 1517 136 21 DENTISTS.

2753 1582 3 134 i
2808 1587 121 24 (Successors
2939 1588 20 16 to
2970 1586 24 18 A.
3007 1586 21 19 L.
3044 1586 102 26 Wright.)

2791 1621 71 23 Notify
2871 1620 43 19 that
2926 1619 45 26 they
2982 1627 33 12 are
3025 1621 119 25 continuing
3156 1621 33 19 the

2766 1647 95 19 Business
2871 1648 21 17 at
2899 1649 6 16 t
2910 1646 23 18 he
2942 1645 100 20 Premises
3052 1649 33 23 top
3092 1647 21 19 of
3121 1647 58 19 Short-

2766 1672 126 20 land-street.
2920 1672 40 18 The
2969 1672 112 24 high-class
3099 1673 55 19 work
3170 1673 20 18 of

2766 1699 35 18 the
2810 1698 41 19 late
2862 1698 30 19 Mr
2902 1697 23 19 A.
2936 1698 22 18 L.
2970 1697 83 26 Wright
3065 1698 39 19 will
3114 1699 25 18 bo
3156 1698 23 19 ad-

2767 1725 61 18 hered
2839 1727 24 20 to,
2875 1724 39 18 and
2925 1731 38 17 any
2979 1724 36 19 left
3033 1724 114 20 unfinished
3165 1725 25 23 by

2768 1752 44 18 that
2822 1750 114 25 gentleman
2947 1749 40 20 will
2997 1750 25 18 be
3037 1750 111 25 completed
3165 1750 25 24 by

2861 1776 34 19 the
2901 1782 41 12 new
2953 1779 146 21 management.

2768 1811 115 24 Telephone
2893 1811 42 17 057.

2804 1865 22 24 J.
2848 1865 31 24 H.
2900 1863 261 31 BUCHANAN,

2843 1914 94 26 Stone
2951 1913 172 26 Merchant.

2863 1960 175 17 ESTABLISHED
3055 1960 49 18 1892,

2796 2010 115 20 Statuary,
2939 2008 160 18 Monumental
3130 2009 45 18 and

2889 2032 95 17 General
2994 2032 88 19 Mason.

2773 2068 106 17 MARBLE
2889 2068 14 16 &
2909 2067 148 17 FREESTONE
3066 2067 122 18 CHIMNEY

2764 2096 147 26 Prescriptions
2921 2098 105 24 dispensed
3037 2101 26 24 by
3071 2107 12 12 a
3092 2100 98 22 Qualified

2920 2124 88 19 Chemist
3018 2128 20 16 at

2840 2155 124 32 ROBERT
2982 2157 132 32 WAKE'S.

2121 1170 353 36 ROTORUH.

1987 1320 35 49 f|
2047 1320 101 50 Hi\
2174 1320 45 40 05
2246 1313 36 57 4
2336 1319 150 50 PS
2511 1320 33 40 S
2569 1320 28 38 S

2122 1391 128 23 (Formerly
2266 1391 41 18 the
2326 1390 148 24 Parsonage.)

1990 1519 138 20 PHIVAIE
2142 1519 104 18 BOARD
2258 1519 64 18 AND
2336 1518 179 20 RESIDENCE.

2213 1572 165 19 SITUATION
2390 1572 209 20 UNRIVALLED.

2120 1728 63 23 Mrs
2201 1729 34 22 D.
2256 1728 195 23 GRIFFITHS-

2070 2068 66 45 IN
2168 2068 116 45 THE
2314 2067 204 46 PRESS.

2114 2402 51 32 By
2184 2401 163 26 ELSDON
2369 2401 112 26 BEST.

1936 2584 24 26 E
1981 2584 122 32 Papers
2117 2590 75 19 new
2205 2582 173 33 appearing
2391 2582 34 25 in
2440 2582 54 26 the
2505 2582 87 26 HOT
2604 2583 138 25 LAKES

1931 2622 509 22 iag«isiiiigPEEigia«B!iaaiiaMi

1854 2660 37 24 be
1904 2658 171 33 published
2088 2658 34 25 in
2134 2657 164 34 pamphlet
2310 2657 89 25 form.

2553 2622 192 22 augmwjgMj

2059 2724 131 47 Price
2214 2724 94 46 One
2341 2723 198 55 Shilling.

1887 2860 191 33 Advertising
2090 2860 107 26 Terms
2211 2865 37 20 on
2264 2858 187 33 application
2473 2860 32 24 at
2526 2858 229 26 CHRONICLE;

1855 2893 105 26 Office.

2796 2227 46 47 R.
2865 2229 296 53 GRIFFITHS.

2874 2293 209 33 ROTORUA,

2766 2331 423 30 GENERALCARTER&CARRIER

2791 2406 66 18 Goods
2867 2407 100 19 delivered
2977 2410 19 16 to
3004 2408 28 19 all
3047 2412 56 22 parts
3119 2412 21 17 of
3156 2412 34 19 the

2764 2432 77 19 district
2848 2435 20 17 at
2877 2433 36 19 low
2923 2437 58 15 rates.

2843 2471 62 18 ALL
2918 2471 109 21 TRAIN'S
3041 2474 68 20 MET.

2792 2543 399 27 N.B.—Goodpaddoekingforalimited

2766 2568 84 20 number
2859 2570 21 17 of
2889 2568 73 21 horses.
2978 2570 105 24 Spencer's
3092 2574 98 23 paddock,

2767 2594 142 21 well-watered
2933 2596 38 18 and
3002 2603 58 20 every
3091 2600 100 19 attention

2766 2621 54 24 paid.

2786 2704 51 42 T.
2876 2700 64 44 M.
2978 2699 47 43 II

3028 2699 116 21 ARRISOX,
3157 2699 46 16 B.A.

2822 2763 139 19 BARRISTER
2975 2762 52 17 AXD
3036 2761 141 20 SOLICITOR,

2801 2807 37 17 118,
2860 2804 94 18 Victoria
2975 2802 87 20 Aecade,
3084 2802 117 16 Auckland.

2789 2884 90 19 Barrister
2892 2882 36 17 and
2944 2881 84 18 Solicitor
3041 2880 21 18 of
3077 2881 32 16 the
3126 2880 77 22 Suprem

2881 2907 63 19 Court,
2951 2904 83 20 Ontario,
3041 2903 80 18 Canada.

2783 3134 2 24 |
2796 3140 71 17 Losses
2877 3138 51 17 Paid
3100 3134 102 19 £20.000,01

2851 3181 255 21 EXHIBITION.

2767 3228 37 17 Oil
2817 3228 110 16 Paintings
2935 3231 24 12 of
2968 3226 44 17 Ne\.
3025 3241 11 3 ..

2866 3254 46 16 ery,
2922 3250 44 16 Hot
2975 3250 73 21 Lakes,
3058 3251 33 17 &c.

2786 3295 2 25 .
2794 3299 9 16 /
2810 3295 99 19 IKITOES
2918 3296 36 16 and
2963 3296 61 17 others
3033 3302 31 11 arc
3072 3299 121 21 respectfully

2783 3324 10 14 T
2834 3318 71 19 invited
2918 3320 19 16 to
2950 3319 71 22 inspect
3034 3319 31 17 Mr
3078 3320 114 19 Blomfield'a

3133 3367 59 22 ahape

2766 3388 57 18 Road,
2835 3388 102 17 Auckland.

2789 3410 170 23 N,B.—Paintings
2966 3411 22 16 of
2996 3411 31 17 the
3036 3410 98 25 destroyed
3148 3414 33 15 Ter-

2765 3440 50 11 races
2824 3434 70 16 similar
2903 3435 20 15 to
2937 3434 53 16 those
3003 3440 24 11 on
3042 3435 46 16 view
3105 3436 19 16 at
3141 3435 51 18 Lake

2765 3457 64 17 House
2842 3457 37 16 and
2892 3456 67 17 Palace
2976 3457 63 21 Hotel,
3058 3464 33 11 can
3108 3459 44 21 only
3168 3459 23 17 be

2764 3479 88 19 obtained
2865 3480 58 16 direct
2940 3480 47 16 from
3003 3480 31 17 the
3051 3481 61 17 Artist
3124 3483 20 16 at
3159 3482 33 16 the

2764 3503 59 15 above
2833 3503 75 15 address

2313 3083 162 42 ROTORUA
2499 3083 92 40 BOOT
2612 3081 24 41 &
2654 3081 87 41 SHOE

2465 3140 126 42 DEPOT.

2370 3236 44 55 J.
2438 3235 247 53 LARKIN.

2312 3513 18 19 A
2349 3514 68 25 Large
2436 3515 61 19 Stock
2517 3516 20 17 (if
2554 3515 93 21 German,
2665 3511 75 20 French

2377 3541 43 19 and
2430 3541 91 19 Colonial
2532 3541 61 18 Hoots
2603 3540 75 24 always

2474 3567 21 19 in
2513 3567 66 18 .'Stock.

2311 3612 67 19 BEST
2386 3612 151 19 MATERIAL.
2573 3611 18 18 B
2596 3610 45 20 fc-ST
2650 3610 90 19 WOBK.

2389 3652 157 19 AUCKLAND
2557 3650 104 20 PRICES.

2311 3735 162 22 Kand-sewn
2483 3734 79 22 Boots
2570 3739 16 16 a
2600 3732 137 30 Specialty.

2336 3815 173 24 WYNYABD
2522 3813 189 28 &PURCHAS,

2370 3868 128 19 B.VKUISTEItS
2504 3871 43 13 AND
2556 3864 122 23 SoLICITOKS,

2308 3922 79 19 B.N.Z.
2395 3921 118 22 Chambers,
2521 3919 102 23 QueenSt,
2631 3918 106 20 Auckland

2323 4046 9 12 t
2342 4043 9 15 T
2396 4049 54 18 gage
2459 4042 21 18 of
2495 4040 99 19 Freehold
2609 4040 39 19 and
2664 4040 60 19 Lease-

2306 4068 49 19 hold
2365 4071 95 20 property
2470 4069 21 18 at
2500 4069 80 17 current
2588 4069 60 17 rates,

2979 3608 32 40 M.
3049 3608 114 47 SIMON,

2956 3661 59 23 (Lar>
3023 3660 20 20 of
3052 3661 131 24 Melbourne.)

2965 3709 110 17 PRACTICAL
3095 3710 75 16 TaII.OK,

2952 3780 102 23 Clothes
3067 3781 71 22 made
3156 3781 26 20 to

2978 3806 72 22 order
3067 3812 31 16 on
3112 3805 44 22 the

3002 3827 128 27 shortest

3020 3857 89 22 notice.

2960 3951 54 24 Style
3023 3949 37 19 and
3071 3949 35 19 Fit
3114 3951 35 17 not
3158 3952 21 16 to

2950 3979 22 17 be
2981 3975 91 27 equalled
3089 3981 18 12 in
3124 3977 53 18 town

2947 4013 106 18 Address:
3068 4010 71 20 Arawa
3147 4011 30 19 St.

3015 4037 96 18 Eotorua.
