3224 4163
1180 48 59 19 THE
1252 46 57 20 HOT
1323 44 92 20 LAKES
1429 39 167 23 CHBONICLE
1608 36 190 24 WEDNESDAY,
1813 36 75 19 JULY
1903 37 16 23 1,
1937 37 49 18 1896

2763 4010 80 18 Printed
2861 4012 36 18 and
2917 4014 102 21 published
3029 4015 27 25 by
3064 4016 23 19 P.
3096 4017 22 19 P.
3134 4019 63 15 Watt,

2787 4034 16 18 ril
2817 4034 31 18 the
2858 4036 104 23 registered
2977 4038 87 26 printing
3075 4041 56 19 office,
3141 4040 45 19 Hiuo-

2786 4063 44 11 moa
2839 4059 63 22 street,
2913 4059 91 21 Rotorua.

2799 4097 173 24 WEDNESDAY,
2987 4101 70 20 JULY
3076 4104 14 20 1,
3107 4105 52 18 1890,.

176 298 45 19 One
237 296 22 20 of
275 295 33 19 the
319 291 116 22 necessities
445 289 21 20 of
477 288 34 20 the
521 287 80 25 eomiDg
612 287 73 19 Seaeon
698 285 37 19 will
749 287 22 16 bo

34 358 23 22 A
96 356 114 24 COOL
250 349 96 26 AND
387 341 330 44 REFRESHING
757 337 162 26 BRINK

61 409 139 23 TJntinctured
212 408 25 24 by
245 412 39 17 any
294 403 127 20 Deleterious
437 399 101 21 Chemical
548 396 137 26 Compounds.
714 395 18 18 A
742 392 58 20 drink
812 394 21 17 at
843 397 51 13 once

256 456 184 28 Exhilarating
461 454 51 23 and
529 451 167 28 Refreshing,

38 527 24 12 an
65 520 10 18 d
88 517 63 20 which
168 515 36 20 *M
216 520 61 21 prove
287 520 12 13 a
308 510 119 27 preventive
437 509 22 20 of
466 508 118 25 Dyßpepm
600 505 39 19 and
657 503 27 20 all
699 501 94 21 Internal
812 500 110 20 Disorders

64 542 87 22 Aerated
162 542 83 20 Waters
256 540 40 20 and
306 537 98 23 Cordials,
423 541 122 19 compr.Mng
562 532 34 19 the
606 531 73 19 Purest
689 528 122 22 Lemonade,
828 527 37 19 the
874 526 48 20 Mos

36 571 103 21 Delicious
151 569 77 24 Girger
238 567 46 24 Ale,
297 562 175 27 Highly-charged
492 560 52 19 Soda
555 560 79 20 Vr-aler,

296 609 376 39 ZOLJLKOKE,

39 687 10 12 a
60 685 41 13 now
110 675 150 28 Invigorating,
271 671 146 23 non-alcoholic
429 671 102 23 Beverage
541 661 3 42 ;
560 668 57 18 Lime
625 666 59 19 Juice
702 663 86 24 Cordial,
800 661 123 42 B^Wy-

40 704 137 23 Pop.K-rmi.t,
190 703 77 21 Cloves,
278 701 50 18 Pino
339 698 72 25 Apple,
423 697 40 19 and
473 697 75 18 Lemon
560 695 76 23 Syrup,
646 692 38 19 and
705 688 134 27 Sarsnpanlla
856 694 34 13 are
900 687 23 19 all

309 722 152 23 manufactured
473 729 25 11 on
508 721 35 19 the
550 725 104 19 premise)'.

228 752 117 20 Lemonade
355 751 39 19 and
405 750 77 24 Ginger
491 748 43 21 Ale,
546 748 72 22 quarts
629 744 39 19 and
675 743 59 25 pints.

40 1039 137 17 TASMANIA.

204 1022 50 11 ntvoi
272 1020 24 17 oy
316 1016 114 15 AXNUJ.IAJI
450 1014 11 21 <|
477 1012 12 23 &:
635 1005 45 35 %l
701 1005 30 39 (l

455 1045 6 17 s
480 1035 99 28 \JJLJ
635 1035 106 28 ?^JA%

176 1150 96 31 rpnos.
294 1149 68 18 cook
383 1150 15 16 &
423 1147 33 22 sq:

214 1201 53 13 BOOK
280 1199 96 15 PASSAGES
389 1198 41 14 AXD

132 1221 26 12 =M
240 1223 75 14 SECURE
327 1222 77 14 BERTHS
455 1216 1 21 l

200 1244 32 16 AT
245 1242 103 17 LOWEST
361 1240 79 19 RATES

38 1273 26 14 BT.
77 1273 17 12 V.
105 1269 14 16 &
129 1273 17 12 O.
158 1271 34 15 CO.,
204 1270 73 14 ORIENT
286 1270 34 14 CO.,
331 1268 72 14 DIRECT
411 1267 43 13 LDfl

129 1294 90 16 OOEAXIC,
234 1292 141 16 JIESSAGIiKIES,

138 1318 27 18 Or
170 1324 37 16 any
216 1317 38 17 line
262 1322 20 12 ns
290 1315 77 18 desired.

60 1365 85 23 Enquiry
153 1364 77 17 invited.
247 1362 124 17 Information
380 1360 64 24 gratis.

37 1411 95 19 Intending
137 1414 101 16 passeneers
252 1407 60 18 should
326 1407 52 21 apply
393 1407 26 16 for
437 1412 19 9 ou

453 1163 32 25 he
499 1165 176 28 undersigned
685 1165 56 24 will
758 1165 98 24 suhmit
868 1165 45 24 the

455 1207 100 23 ssorted
572 1207 77 24 Stock
665 1208 28 23 of

456 1337 3 16 r
464 1337 165 16 »ISITV/RE!

784 1376 128 17 GOODS,

37 1411 95 20 Intending
137 1414 101 17 passenceis
252 1409 60 16 should
326 1409 52 19 apply
393 1409 26 13 tor
437 1412 19 9 ou
629 1420 17 3 _

57 1433 35 16 free
99 1432 30 16 list
137 1432 18 15 of
163 1433 72 14 steamer
249 1429 70 21 sailings
331 1429 33 15 and
373 1429 45 15 fares
428 1430 17 14 at
456 1426 44 16 -i-tU
508 1428 13 14 X
540 1426 39 16 lAS
586 1426 23 16 W

85 1458 89 18 COOK'S
186 1456 125 18 SHIPPING
323 1455 101 20 OFFICE,

113 1488 21 16 7(i
144 1491 42 12 AND
195 1487 22 16 78
230 1485 162 20 QXTEEN-STSREET.

68 1515 84 17 Eotorua
169 1514 77 22 Agency
254 1509 3 29 :
270 1512 94 18 Hinemoa
373 1511 66 18 Street.
477 1509 138 27 OFFER
638 1509 204 29 REFUSED.

57 1545 130 17 N.B.—Drafts
195 1545 33 15 and
238 1544 77 18 Circular
322 1543 55 16 Notes
384 1542 56 16 issued
450 1548 6 9 u

35 1567 60 16 Towe.-t
103 1570 66 12 current
179 1569 50 14 rates,
457 1569 21 5 ~~~

47 1628 317 38 FNlßfSmfSfsfißi

183 1683 141 22 BREWEBB,

435 1658 18 12 ,K
453 1661 75 18 -AND
542 1661 171 19 IMPORTING
725 1663 109 19 AGENT.

61 1747 216 24 GJJEEN-STKEET,
292 1746 157 20 AUCKLAND

59 1800 66 16 WINE
139 1800 49 16 AND
200 1799 80 17 SPIRIT
292 1798 153 20 MERCHANT.?,

79 1827 122 17 BOTTLERS
213 1827 53 15 AND
281 1825 142 21 IMPORTERS,

122 1850 26 18 •J3,
164 1853 132 12 QUKKN-STJIKKT
312 1853 68 10 WHAM'.

129 1900 50 12 PBIZK
191 1900 59 12 MliDAIi
261 1901 35 10 *KD
307 1899 70 12 A-A'Arslß

36 1924 25 14 At
70 1923 27 15 the
113 1922 89 17 following
219 1921 110 17 Exhibitions
345 1920 26 17 for
380 1926 31 10 our
419 1920 39 16 well

132 1943 61 17 known
207 1943 45 16 Bulk
261 1942 32 17 and
303 1943 68 15 Bottled

148 1965 47 16 ALE
207 1964 51 16 AND
270 1964 85 16 STOUT:

38 1992 68 16 Sydney
115 1992 124 16 International
248 1991 107 17 Exhibition,
365 1992 47 15 IS7A.

38 2013 100 16 Melbourne
147 2012 126 16 International
279 2011 108 20 Exhibition,
397 2012 59 14 18S0-S

38 2034 42 16 New
89 2034 73 17 Zealand
170 2033 204 20 hidustrialExhibitiou,
378 2032 80 19 Welling

445 1920 6 16 i
452 1916 169 43 orte:

264 2094 212 46 Brushes

479 2153 189 49 Spoons

54 2272 150 38 'azofs

271 2323 209 57 Teapots

741 2326 166 45 Ihtirns

53 2395 98 26 Lawn
176 2395 144 30 Mowers,
344 2397 94 31 Hoes,
463 2397 119 32 Rakes,
611 2397 126 33 Spades,
762 2399 113 32 Forks,

131 2445 56 25 AT
200 2445 197 29 GREATLY
416 2446 202 28 REDUCED
637 2447 160 28 FRIGES.

96 2527 55 37 CT.
207 2528 59 36 &

42 2580 80 23 (Fourth
131 2580 47 22 shop
187 2581 48 17 from
248 2581 99 23 Wellesley
360 2581 77 24 Screet.)
493 2583 46 18 304
553 2583 20 18 &
586 2583 46 18 306
645 2583 104 23 QUEEN
762 2585 123 19 STREET,

278 2787 47 55 >
469 2791 100 55 rtel,
610 2795 66 42 VI,

186 2853 57 19 ASK
259 2853 52 19 POR
472 2862 52 19 aupo
536 2856 101 25 (Eotorua
646 2857 59 25 side.)

35 2904 309 45 HANCOC
360 2905 44 44 K
421 2905 307 45 S'OMMODATION.

158 2976 181 21 CELEBRATED

471 2969 7 19 3
490 2969 33 18 OF
535 2971 17 16 A
565 2971 75 18 HOME
654 2972 51 17 FOR

471 3005 18 18 D
503 3006 156 20 INVALIDS.

148 3088 25 35 A
201 3088 38 35 T,
255 3088 34 40 F
310 3087 28 41 S
474 3085 162 25 .iri-o-Kai
658 3092 35 19 or
719 3086 79 27 New
822 3088 81 26 Skin

91 3124 93 28 -oauir,
418 3125 111 30 ±jatlis,
552 3125 110 27 Grand
683 3127 144 28 Climate.

133 3163 172 26 Elevation
326 3164 90 31 1,350
435 3165 63 26 feet
512 3167 101 25 above
627 3173 54 21 sea
693 3168 91 26 level.

21 3211 192 23 COMI'FTEUT
229 3212 120 24 GUIDES
365 3220 121 19 accompany
502 3216 83 19 tourista
603 3219 20 16 to
639 3217 35 20 the
695 3219 80 19 various
797 3220 67 25 places
884 3222 19 17 of

147 3239 89 22 interest,
247 3238 64 20 which
323 3239 59 20 baffle
392 3241 35 18 the
437 3244 52 16 most
499 3242 60 18 facile
569 3248 46 19 pen,
627 3244 40 18 and
684 3251 37 12 can
740 3245 47 26 only
807 3246 24 20 be
849 3247 44 19 real-

146 3264 43 19 ized
200 3264 58 19 when
268 3271 53 12 seen.

86 3329 128 22 YS6R
233 3331 196 23 I£P[LL-€=Y
444 3333 91 19 contains
551 3334 35 18 the
604 3335 104 25 following
725 3337 124 24 unequalled
860 3338 29 19 Na-

94 3356 55 17 tural
168 3356 92 18 wonders
282 3357 156 22 :—Tuhuatahi,
459 3365 22 12 or
505 3359 63 19 Great
591 3359 131 27 Champagne
740 3361 113 26 Cauldron;
869 3365 34 18 the

96 3380 63 19 Great
167 3380 107 21 Wairakei
283 3382 77 24 Geyser
368 3380 4 34 ;
385 3384 34 18 the
429 3384 86 26 Donkey
526 3386 92 24 Engine;
633 3387 34 19 the
678 3387 52 19 Bath
742 3389 20 17 of
772 3389 34 18 the
816 3389 86 25 Fairies;

94 3406 34 20 the
148 3406 114 25 Lightning
278 3408 50 19 Pool
337 3406 4 33 ;
355 3409 33 19 the
406 3409 87 20 Cascade
510 3410 124 25 Geyser,'or
651 3413 101 25 Dragon's
769 3414 86 25 Mouth;
869 3417 34 18 the

94 3431 64 21 Black
167 3433 93 24 Geyser;,
273 3434 34 19 the
319 3434 50 19 Mud
382 3436 87 23 Geyser;
485 3437 34 18 the
538 3437 52 19 Bluo
608 3438 71 24 Lake;,
688 3439 33 20 the
739 3440 31 19 Oil
789 3441 53 19 Bath
851 3450 6 16 ;.
869 3443 34 18 the

94 3457 82 26 Eagle's
184 3457 62 31 Nest;
261 3460 33 18 the
302 3460 77 20 Devil's
385 3461 71 20 Punch
465 3457 70 31 Bowl;
552 3464 34 18 the
595 3464 72 19 Prince
675 3466 21 18 of
704 3466 76 19 Wales'
790 3466 99 22 Feathers
898 3457 4 31 •

95 3483 34 19 the
148 3485 86 24 Mirror;
250 3485 34 20 the
303 3486 57 19 Twin
380 3487 90 25 Goyser;.
483 3488 34 19 the
535 3489 59 19 Coral
612 3489 87 27 Geyser;
715 3492 34 19 tho
759 3492 66 20 Green
841 3483 61 35 Pool;

98 3509 125 21 Terelrerehe
235 3518 22 12 or
275 3511 49 19 Hell
344 3513 86 24 Geyser;
453 3514 35 18 the
507 3514 69 19 Steam
596 3516 105 20 Hammer.
729 3518 84 20 Guide's
831 3520 32 19 fee
883 3522 19 18 to

96 3535 75 25 Geyser
180 3536 79 26 Valley,
271 3540 22 16 fls
301 3535 4 30 ;
320 3539 89 19 distance
420 3540 51 18 from
479 3540 35 19 the
528 3541 62 24 hotel,
604 3544 5 17 1
623 3542 53 19 mile.

89 3593 30 24 e
138 3595 333 26 HReKTeHTGH
483 3605 21 14 or
523 3600 81 19 Ladder
622 3600 83 27 Bapids.
742 3603 43 19 Tho
802 3603 101 22 Grandest

96 3622 77 23 liapidß
183 3627 21 13 in
214 3622 35 19 the
259 3622 101 21 Southern
369 3622 147 30 Hemisphere;
531 3626 75 26 falling
622 3627 19 19 in
660 3629 31 18 six
710 3628 82 20 distinct
809 3631 94 19 cascades

97 3648 93 23 amongst
200 3648 61 19 weird
272 3650 39 18 and
321 3650 79 25 rugged
418 3657 81 19 scenery
527 3652 96 19 Distance
641 3653 52 20 from
712 3655 33 19 the
763 3655 62 25 hotel,
845 3657 57 19 three

96 3672 63 18 miles.
187 3673 74 20 Saddle
270 3674 70 21 horses
349 3678 21 17 to
378 3676 49 19 visit
439 3676 35 20 the
489 3677 79 23 Rapids
583 3680 22 17 7s
615 3680 25 18 fid
651 3681 54 19 each.

21 3732 229 22 KSRKPITI
268 3740 21 11 or
298 3734 35 19 tho
343 3735 77 19 Devil's
429 3735 97 26 Trumpet
545 3737 18 18 is
582 3738 42 18 said
644 3740 20 17 to
684 3740 47 18 omit
750 3747 11 12 a.
778 3747 94 19 pressuro
882 3742 21 19 of

100 3757 67 20 IBolbs
178 3758 21 19 of
208 3761 64 17 steam
283 3761 21 18 to
312 3761 36 19 the
357 3761 52 24 inch,
422 3761 53 20 from
484 3764 26 17 ah
528 3766 95 22 aperture
632 3765 22 19 of
672 3765 61 19 about
752 3767 71 20 twelve
832 3768 71 20 inches

95 3783 136 20 indiametor.
261 3784 94 22 Distance
374 3787 52 19 from
447 3787 53 20 bote]
521 3789 57 19 three
598 3790 39 20 and
658 3798 11 12 u
689 3791 43 19 half
749 3793 69 20 miles:
832 3794 70 20 saddle

94 3811 70 18 horses
176 3812 19 16 to
202 3811 48 18 visit
260 3811 34 18 tho
303 3812 70 22 above,
384 3814 22 17 2s
417 3814 25 18 Gd
452 3815 56 18 each.

21 3869 98 24 TH6
138 3869 323 30 HUKRFHLLS,
479 3873 33 19 the
531 3874 101 20 Grandest
649 3875 55 19 Falls
714 3877 20 18 in
753 3877 34 20 the
806 3880 96 19 southern

98 3895 135 26 hemisphere.
262 3895 42 19 The
315 3895 54 21 Falls
380 3904 43 19 may
437 3899 23 19 bo
470 3899 71 19 visited
554 3906 25 13 on
588 3901 35 19 the
635 3907 55 13 same
709 3904 114 24 expedition
835 3912 22 11 as
867 3905 35 20 tho

95 3921 60 20 Devil
166 3928 8 11 s
185 3921 106 25 Trumpet.
319 3921 95 21 Distance
425 3925 50 18 from
487 3925 54 19 hold
552 3926 57 19 three
620 3927 38 19 and
670 3934 12 13 a
697 3928 45 19 half
749 3930 69 20 miles;
832 3931 70 20 sadulo

93 3947 59 20 borse
163 3954 21 12 or
195 3947 70 25 buggy
277 3949 21 18 iis
309 3947 26 19 Gd
349 3949 55 18 each.

21 4008 124 52 ÜBS
171 4008 46 51 R.
244 4007 290 55 GiMIAWL
571 4013 328 55 Proprietress.

953 628 240 56 Published
1216 637 143 44 every
1376 619 281 54 Wednesday
1673 615 133 47 After-

1332 691 133 37 noon,

1146 833 115 42 RATES
1285 835 44 40 OF
1355 835 278 42 SUBSCRIPTION:

1101 906 64 18 PAID
1178 907 30 17 IN
1220 907 129 18 ADVANCE.
1540 908 114 17 BOOKED.

1125 938 46 22 Sis
1181 938 107 24 Months
1299 939 28 22 5s
1338 946 5 20 ;
1584 939 36 23 6s.

1124 964 54 23 One
1193 964 70 23 Year
1272 964 43 23 10s
1326 972 5 20 ;
1570 966 50 23 12s.

1117 1085 339 34 ADVERTISING
1475 1087 178 33 BATES;

965 1140 65 19 Three
1042 1140 99 25 Shillings
1152 1147 35 18 per
1197 1141 46 19 inch
1251 1148 35 18 per
1297 1142 60 18 i.s.sue.
1366 1148 27 19 up
1402 1145 21 16 to
1431 1144 10 16 3
1451 1143 115 19 insertions.
1583 1143 130 26 Subsequent
1720 1143 112 20 Insertions

939 1166 44 19 half
992 1171 59 14 rates.
1083 1167 81 25 Special
1173 1170 62 16 torms
1247 1168 32 19 for
1288 1167 71 26 longer
1371 1168 88 25 periods.

963 1221 179 18 Announcements
1152 1221 22 18 of
1184 1219 72 20 Births
1266 1220 39 19 ami
1316 1220 77 20 Deaths
1404 1228 35 12 are
1450 1221 89 25 charged
1555 1224 22 16 2s
1593 1223 55 23 each,
1668 1225 36 17 r.ot
1722 1224 110 25 exceeding

939 1249 22 16 30
972 1247 71 18 words.
1072 1247 104 24 Marriage
1186 1249 171 17 announcements
1373 1249 28 17 3s.
1430 1247 207 25 NOTE.—These
1654 1249 111 29 charges
1788 1256 44 17 are

939 1273 39 23 for
988 1272 176 30 Prepayment
1174 1272 73 30 Only-

1042 1420 242 48 JOBBIM
1319 1423 400 48 DEPJIRTJIE.NT.

937 1512 157 29 invoices,

987 1550 174 32 Billheads,

1036 1592 104 26 Memo
1154 1593 121 32 Forms,

1088 1634 83 25 Bills
1184 1634 34 26 of
1228 1635 89 31 Fare,

1138 1676 155 26 Business
1317 1677 109 33 Cards,

1187 1717 142 33 Yisiting-
1350 1719 109 32 Cards,

1268 1759 96 26 Menu
1383 1761 110 32 Cards,

1322 1802 152 32 Luggage
1487 1804 125 32 Labels,

1364 1844 75 25 Ball
1458 1844 237 34 Programmes,

1418 1889 174 32 Circulars,

1489 1931 140 31 Posters,

1540 1973 182 33 Handbills,

1632 2015 197 33 Pamphlets,

1270 2053 66 33 &c,
1438 2055 66 32 &c.,
1609 2056 56 26 &c.

994 2133 124 47 Done
1153 2141 52 40 at
1240 2137 81 54 tJje
1343 2137 225 54 Shortest
1590 2140 181 47 Hotiee.

980 2323 497 61 TATIONERY!

930 2728 65 18 Plain
1004 2728 45 19 and
1060 2728 79 25 Fancy
1148 2730 67 22 Note,
1231 2731 130 24 Envelopes
1371 2732 31 19 all
1411 2733 64 23 sizes,

929 2751 125 24 Mourning
1063 2752 75 23 Paper
1147 2754 46 18 and
1202 2754 137 24 Envelopes,
1354 2756 153 19 Commercial
1517 2758 141 24 Stationery,

931 2775 113 23 Foolscap
1054 2776 73 23 Paper
1137 2777 46 18 and
1193 2777 89 19 Official
1291 2779 137 23 Envelopes,

930 2798 114 24 Drawing,
1056 2799 115 24 Exercise,
1180 2801 178 19 Memorandum
1366 2803 47 18 and
1422 2804 110 18 Account
1541 2805 79 19 Books

929 2821 107 23 Ledgers,
1047 2822 118 24 Journals,
1176 2824 52 19 Ear
1237 2825 45 18 and
1292 2826 152 22 CashEooks,

929 2845 80 18 Letter
1018 2845 83 22 Books,
1113 2846 107 23 Brushes,
1232 2848 82 18 Water
1323 2849 79 23 Wells,
1414 2850 48 23 &c,

941 2869 3 26 ■
1061 2869 105 24 Writing-
1174 2871 47 17 and
1230 2871 106 24 Copying
1344 2873 63 22 Inks,

1026 2897 7 16 >;
1042 2892 79 23 Paper,
1133 2893 111 20 Business
1254 2891 46 22 arid
1308 2895 103 24 Visiting
1420 2897 78 22 Cards,

944 2923 40 9 •luo
993 2915 96 23 x-oncils,
1101 2916 63 18 Lead
1173 2917 47 18 and
1228 2918 65 19 Slate
1302 2918 96 23 Pencils,
1410 2921 46 17 and
1466 2921 82 22 Slates,

944 2938 93 24 larking
1044 2939 50 22 Ink,
1105 2940 67 18 India
1181 2940 94 19 Rubber
1284 2942 82 23 Bands,
1378 2943 61 18 Gum
1448 2944 47 18 and
1504 2945 116 18 Gummed
1629 2946 39 18 Pai

929 2961 101 19 Indexed
1040 2961 66 23 Piles,
1121 2963 47 18 and
1177 2964 74 23 Paper
1261 2965 68 23 Clips,

928 2984 134 23 Inkstands,
1072 2986 46 18 and
1127 2986 98 20 Bottles.

960 3086 23 25 A
1003 3086 139 27 CHOICE
1159 3088 206 27 SELECTION
1386 3091 48 25 OF
1450 3089 108 29 BIRTH
1565 3086 3 32 I

1657 3099 131 21 UAHUS.

1340 3238 475 64 AGENCY.

990 3341 193 55 English
1208 3343 205 56 Foreign,
1443 3346 89 45 and
1559 3347 202 48 Colonial

1079 3408 181 54 Papers,
1282 3408 282 57 .Magazines,
1588 3412 86 48 &e.

929 3481 185 42 SYDNEY
1153 3484 237 44 BULLETIN
1430 3489 31 39 &
1500 3490 319 45 CANTERBURY

1178 3542 144 42 TIMES
1350 3545 63 41 ON
1442 3545 131 43 SALE.

925 3833 190 60 Jlgeney
1141 3837 76 48 for
1237 3841 217 48 .Martin's
1481 3846 169 53 Photos
1670 3847 56 47 of
1736 3850 82 54 the

1270 3898 209 47 District.

2138 307 225 33 ESTABLISHED
2384 305 79 33 188!.

1854 372 72 20 Under
1940 370 34 20 the
1984 371 112 22 patronage
2107 368 22 19 of
2139 367 33 20 Sir
2181 367 37 20 W.
2238 366 87 24 Jerroi.p,
2341 365 50 20 Earl
2408 365 40 19 and
2465 364 104 21 Countess
2588 363 21 20 of
2629 363 120 25 Hopotoun,

2025 395 35 19 the
2072 395 54 19 Hon.
2138 394 89 20 Premier
2237 393 40 20 and
2292 392 103 21 Members
2411 391 23 20 of
2444 392 132 19 Parliament.

1881 503 42 19 The
1934 501 64 20 Hotel
2010 500 16 20 is
2036 499 89 21 situated
2136 506 25 13 on
2173 505 25 12 an
2207 498 94 19 elevated
2312 497 89 26 position
2411 502 26 13 on
2448 496 35 20 the
2493 497 70 20 shores
2580 495 21 20 of
2616 494 56 20 Lake
2688 493 51 20 Boto-

1856 536 44 17 rua,
1910 527 122 21 convenient
2042 531 21 15 to
2074 527 26 19 all
2111 526 34 19 the
2157 525 64 25 eights
2232 524 21 19 iu
2264 524 34 19 tlie
2308 524 89 19 district.

1928 579 112 30 Sulphur
2054 579 51 23 and
2118 577 114 24 Mineral
2246 576 83 24 Baths
2344 576 20 19 in
2374 576 37 18 the
2422 574 98 21 Grounds
2531 575 23 20 of
2563 574 36 21 the
2608 573 73 20 Hotel.

1990 685 18 18 A
2025 684 108 19 reduction
2149 682 17 19 is
2184 682 58 19 made
2259 684 21 17 to
2291 680 77 27 weekly
2378 687 23 13 or
2411 680 92 26 monthly
2514 680 107 20 boarders.

1860 738 67 21 Guide
1938 737 68 20 Books
2017 737 39 20 and
2065 735 135 21 information
2212 734 63 23 piatis
2286 736 21 17 at
2317 733 56 20 Cook
2390 733 37 19 and
2446 733 59 20 Sons'
2522 733 53 26 (sole
2590 732 82 26 agent?)
2688 731 67 19 offices

2172 761 128 21 throughout
2310 760 35 19 the
2355 760 86 20 Colonv.

1891 1069 64 25 The
1979 1069 214 32 undersigned
2214 1077 53 19 are
2286 1077 73 19 now
2374 1070 143 35 running
2532 1072 143 33 Buggies
2691 1074 63 25 and

1858 1102 141 26 Coaches
2021 1103 33 25 to
2074 1103 55 25 the
2142 1102 166 34 following
2321 1104 108 32 places
2442 1104 36 25 of
2491 1105 137 26 interest
2647 1106 34 25 in
2702 1107 52 25 the

1856 1136 242 31 neighborhood
2116 1138 34 24 at
2168 1138 130 31 greatly
2321 1138 139 25 reduced
2485 1140 95 25 rates.
2629 1140 125 32 Special

1856 1169 184 25 reductions
2049 1169 49 26 for
2111 1169 91 33 large
2210 1170 128 32 parties.

1856 1209 319 20 WHAKAREWABEWA
2183 1209 4 26 ;
2225 1211 166 19 WAIRAKBI
2412 1211 21 19 &
2454 1212 103 20 TAUPO
2567 1209 4 26 ;
2596 1213 146 20 TIKITERE
2750 1209 4 26 ■

1997 1232 146 21 TIKITERE
2156 1234 20 19 &
2190 1234 105 19 OKERE
2309 1232 110 26 PALLS;
2433 1235 178 21 WAIOTAPU.

1868 1281 94 27 Special
1974 1282 171 26 Conveyances

2499 1288 45 16 arts
2561 1291 22 14 01
2596 1285 40 20 the
2653 1285 86 20 district

2183 1313 23 15 at
2218 1311 116 22 Moderate
2346 1311 79 23 l^ates.

1902 1357 48 18 Bus
1955 1357 79 18 leaves
2041 1357 64 19 Lake
2112 1357 87 23 House,
2207 1358 86 24 calling-
2300 1358 24 20 at
2331 1359 30 18 all
2368 1359 85 18 Hotels
2458 1360 47 18 and
2512 1360 118 24 Boarding
2636 1361 94 19 Houses

1878 1380 36 18 for
1923 1380 227 23 Whakarewarewa,
2161 1382 68 18 twice
2238 1382 118 23 forenoon,
2367 1382 69 19 twice
2445 1383 131 20 afternoon.

2045 1418 46 45 J.
2126 1418 313 47 FALLOONA
2462 1420 48 45 &
2535 1421 97 55 Co.,

2357 1484 332 58 Proprietors.

1871 1564 70 21 !■>:;'.)..■,
1962 1562 35 23 ;.:';
2013 1561 106 26 OFFICE
2131 1561 61 26 AND
2206 1561 134 27 STRBLES
2354 1562 147 27 OPPOSITE
2514 1564 101 26 GRAND
2632 1565 105 25 HOTEL.

1931 2218 12 13 >•
1955 2220 16 15 -.
1992 2220 8 15 ..:
2018 2210 109 25 7.iE?.C.t

1981 2399 57 26 llVerv
2044 2401 45 23 Old
2098 2395 72 30 Specie
2176 2385 42 45 LI
2251 2387 14 41 I
2300 2394 36 28 •
2347 2385 12 17 '

2212 2667 181 50 Proprietors
2395 2689 7 13 :
2404 2693 16 5 -

2270 2794 171 36 £MMW,
2462 2797 145 30 SCOHM/).

1891 2858 466 34 WHOLESALE
2394 2865 302 33 -A-GKEZsTI'S

1891 3057 32 41 A,
1950 3058 72 40 AHD
2048 3060 31 39 fl.
2107 3060 127 49 BROOK,

1844 3117 83 23 BOOT
1941 3118 70 23 AND
2028 3119 83 24 SHOE
2133 3121 146 30 MAKERS,

1903 3158 89 20 Fenton
2008 3159 88 25 Stjieet,
2121 3161 106 21 Hotoiiua.

1844 3198 46 20 And
1914 3201 22 17 at
1964 3199 36 20 Par
2000 3199 49 20 Dell
2071 3201 40 19 and
2140 3201 139 21 Newmarket.

1871 3267 66 26 Large
1947 3269 39 19 and
1998 3271 67 18 vaiied
2082 3271 63 19 Stock
2157 3271 21 19 of
2189 3272 90 24 English,

1844 3293 88 26 Foreign
1944 3296 39 18 and
1995 3297 92 19 Colonial
2097 3297 64 19 Boots
2171 3300 38 16 and
2218 3298 61 19 Shoe*

1905 3322 23 18 to
1938 3321 73 21 choose
2022 3323 52 19 from
2084 3325 23 17 at
2117 3324 35 19 the
2163 3326 52 17 most

1880 3359 215 33 REASONABLE
2117 3361 128 32 PRICES.

1936 3401 93 19 FhESH
2046 3402 90 20 STOCK
2150 3403 37 19 OF

1843 3433 170 25 FOOTBALL
2027 3436 101 24 BOOTS
2138 3438 43 24 just
2194 3438 85 20 arrived.

1844 3475 35 18 All
1895 3476 69 19 orders
1981 3476 40 19 and
2037 3477 77 25 repairs
2131 3478 148 26 expeditiously

2008 3504 103 19 executed.

1843 3535 23 19 S.
1881 3535 25 19 E.
1919 3534 150 25 FORDYCE,
2094 3547 9 4 -
2128 3547 7 4 -
2160 3538 118 24 Manager.

1902 3612 40 41 W.
1970 3613 31 40 A,
2032 3613 188 44 WILLIAMS'

1845 3685 223 24 PIONEER
2111 3688 168 28 STORE,

1923 3731 101 25 Opposite
2040 3732 73 21 Palace
2131 3734 68 21 Hotel.

1843 3782 138 26 GROCERY,

1884 3813 138 21 OILMEN'S
2037 3816 112 25 STORES,

1925 3845 220 27 IRONMONGERY,

1976 3876 157 22 CROCKERY
2137 3879 92 24 WARE,

2028 3912 145 27 DRAPERY,
2191 3916 42 24 Ac.,
2244 3918 34 18 Ac-

1870 3944 14 15 A
1904 3940 149 23 well-assorted
2071 3944 57 21 stock
2147 3946 19 19 in
2184 3947 27 19 all
2227 3947 51 20 lines

1843 3966 20 20 of
1874 3966 34 20 the
1916 3967 63 20 above
1990 3973 21 14 at
2020 3968 71 22 lowest
2102 3978 74 16 prices.

1844 4001 49 20 Mow
1903 4001 87 22 Zealand
2003 4005 62 24 Dairy
2073 4005 149 22 Association's
2229 4009 36 20 Fac-

1878 4030 46 22 tory
1935 4028 75 22 Butter
2020 4031 56 20 fresh
2087 4033 58 20 twice
2156 4034 83 26 weekly.

1917 4071 51 21 Now
1978 4073 52 20 Laid
2040 4074 61 27 Eggs,
2112 4076 44 24 &c,
2168 4078 33 19 &c.

2356 3072 134 39 HORACE
2514 3074 169 37 STEWART

2305 3135 108 21 SADDLE,
2428 3136 128 25 HARNESS,
2570 3140 54 18 AND
2641 3141 102 18 COLLAR

2475 3169 102 23 MAKER,

2347 3203 185 26 FENTON-ST.,
2546 3206 154 22 ROTORUA.

2305 3271 104 22 Saddles,
2427 3272 96 25 Bridles,
2539 3275 97 23 Collars,
2649 3278 91 23 Chains,

2328 3301 59 24 Bits,-
2392 3304 83 23 Spurs,
2482 3305 105 21 Harness
2601 3309 68 23 Soap,
2677 3309 40 20 &c.

2327 3363 119 23 Coaehaline,
2457 3372 11 11 a
2485 3369 115 22 wateiproof
2615 3372 127 19 preservative

2304 3386 30 17 for
2342 3387 25 17 all
2376 3387 56 19 kinds
2441 3389 21 17 of
2474 3389 78 20 leather.

2327 3419 86 21 Axleine,
2432 3426 12 12 a
2457 3422 73 21 perfect
2545 3423 96 19 lubricant
2656 3425 29 18 for
2700 3431 31 12 car-

2304 3447 67 17 n.-ges,
2381 3448 99 18 waggons,
2491 3443 32 20 &c.

2327 3472 72 20 Collars
2408 3476 56 17 made
2478 3478 20 16 to
2512 3483 84 12 measure
2610 3485 24 11 on
2651 3479 32 18 tlje
2697 3486 33 17 pre-

2304 3496 55 18 mises
2367 3503 11 11 a
2387 3499 104 23 speciality.
2531 3500 124 25 Lengthened
2667 3504 63 22 experi-

2304 3525 43 12 ence
2356 3520 20 17 in
2385 3521 26 17 all
2420 3522 68 18 classes
2497 3524 21 16 of
2523 3524 94 19 Saddler's
2625 3526 58 18 work.
2709 3528 32 16 All

2304 3543 64 18 orders
2377 3546 99 22 promptly
2485 3547 90 18 attended
2588 3550 26 16 to.

2305 3634 119 34 OUSTED
2446 3638 187 35 INSURANCE
2654 3641 86 40 COY.,

2454 3685 130 21 LIMITED.

2365 3744 153 31 CAPITAL,
2534 3747 142 30 £500,000.

2404 3814 54 19 risks
2466 3816 22 18 of
2495 3816 28 20 nil
2530 3817 75 20 classes
2611 3819 128 21 undortaken

2305 3837 23 21 .L
2372 3841 22 18 at
2403 3840 71 20 lowest
2485 3847 82 16 current
2576 3848 60 16 rates.

2304 3873 74 20 Claims
2387 3875 74 20 settled
2471 3879 103 25 promptly
2584 3880 40 19 and
2636 3880 102 28 liberally.

2313 3922 47 19 New
2370 3924 83 18 Zealand
2464 3927 57 18 Head
2530 3928 63 21 Oifico,
2603 3929 123 24 Wellington.

2337 3951 90 18 Resident
2436 3953 48 21 See.,
2494 3954 68 19 James
2571 3957 18 16 S.
2603 3946 100 29 JamescLv.

2427 3987 102 20 Auckland
2538 3987 75 27 Agent:

2364 4014 21 17 A.
2400 4014 110 22 llkatiieu,
2521 4017 77 18 Custom
2606 4015 68 22 Street.

2435 4052 86 19 Rotorua
2530 4052 73 24 Agent:

2348 4083 25 19 F.-
2384 4084 20 17 F.
2415 4085 69 23 Waist,
2498 4086 119 21 Ohboniole
2627 4090 64 18 Office.

2771 84 47 42 HI
2834 84 21 41 N
2871 84 95 41 EMO
2980 84 22 40 A
3033 84 152 51 STORE;

2771 153 168 19 ■VWTJLLIAM
2960 152 107 20 EOGERS
3083 154 66 24 direeta
3163 165 16 18 at-

2789 182 27 15 it
2850 178 79 21 tention
2940 180 20 17 to
2968 179 34 18 the
3011 179 103 28 following
3120 183 43 22 lines
3172 178 2 29 <
3181 192 5 15 (

2772 205 172 48 chsist
2946 209 93 43 mm
3052 209 134 53 m%m

2772 259 102 25 Byuroft's
2884 258 112 19 Snowdrift
3005 258 52 19 N.Z-
3066 259 59 21 Flour

2773 286 103 22 Sultana?,
2887 284 102 19 Muscatel
2997 285 40 18 and
3045 284 93 24 Valencia
3150 291 14 19 ]{
3166 299 8 13 a
3176 294 11 19 i.

2826 312 47 19 sins,
2886 310 40 19 and
2935 310 99 19 Currants

2773 336 51 26 Figs
2831 336 41 19 and
2881 336 113 19 Preserved
3004 337 83 25 (ringer,
3098 338 62 26 Spices

2773 364 77 19 Lemon
2860 362 41 21 and
2911 362 82 24 Orange
3004 362 47 19 Peel

2828 389 72 19 White
2911 387 113 27 Sugar—A.
3039 388 110 28 Speciality.

2775 416 52 18 Now
2837 414 92 19 Zealand
2936 414 63 25 Dairy
3006 414 139 23 Associutior.'t
3151 419 35 23 p^.

2801 467 61 19 TEA.
2913 456 122 30 'COFFEE.
3090 468 82 24 COCOa.

2776 516 88 20 General
2877 516 128 19 Assortment
3023 515 20 20 of
3061 515 128 30 Storekeeper')

2956 542 35 18 Qui
2995 542 35 18 ids.

2837 578 311 60 HIMOTSTORE.

2779 662 45 41 TO
2839 661 26 40 &
2880 661 95 40 FROM
2996 661 68 40 THE
3092 662 97 50 BATHS.

2780 755 153 49 CTsIKSS
2949 762 50 12 runs
3017 763 12 12 a
3047 760 109 21 wagonette
3168 762 23 21 be<

2826 793 8 9 •
2865 785 66 17 tween
2945 782 34 19 the
2997 781 39 21 Old
3051 783 104 24 Township
3166 795 17 14 an
3184 791 6 19 j

2779 810 35 18 the
2824 808 66 20 Baths
2900 809 127 24 throughout
3037 809 35 19 tho
3082 809 45 25 day.

2853 870 200 25 Whakarewarewa,
3079 871 70 21 Sodom

2817 898 114 19 Gomorrah
2942 898 39 18 and
2993 897 57 19 other
3059 897 68 25 sights
3133 905 39 16 near

2946 926 34 16 tuo
2991 926 61 16 town.

2881 976 80 23 Tares
2976 976 140 23 Moderate.

2780 1028 37 23 T>
2876 1030 26 23 Q
2969 1030 142 29 pOP.L
3128 1034 40 19 ET
3180 1038 9 17 T

2860 1120 98 27 Building
2973 1122 109 26 Surveyor,
3100 1124 35 20 &c.

2872 1159 32 18 for
2923 1159 35 20 the
2981 1160 100 20 National
3105 1161 44 22 Fire
3168 1167 26 19 and

2872 1185 82 21 Marine
2959 1185 117 22 Insurance
3087 1188 35 20 Co.

2787 1243 43 21 XT
2846 1244 17 19 0
2879 1244 21 19 K
2916 1244 17 20 0
2949 1244 12 20 I
2976 1245 18 20 A
3066 1246 128 25 T7UT

2778 1328 248 34 BOARDING
3043 1331 153 37 HOUSE,

2778 1389 112 27 Opposite
2906 1389 40 20 the
2961 1390 55 20 U»
3026 1402 47 10 auu
3091 1402 48 12 ieie

2957 1416 79 21 Office.

2778 1447 45 18 And
2844 1454 49 12 near
2915 1447 33 21 the
2968 1448 120 22 Celebrated
3117 1451 79 24 PRIEST

2818 1473 117 21 RACHEL
2952 1476 39 19 and
3005 1475 57 21 other
3072 1477 88 22 BATHS

2923 1500 144 23 ROTORUA.

2776 1552 112 32 TERMS:
2897 1554 43 18 25s
2947 1559 42 18 per
2996 1556 72 22 week,
3079 1557 27 18 4s
3114 1562 37 18 per
3157 1559 36 25 day

2809 1584 115 41 MRS
2969 1586 201 49 YOUNG,

2910 1634 101 20 PjlOPJilE'

2849 1716 146 35 tortia
3012 1716 184 52 isaKery

2783 1906 106 33 BAKER
2901 1908 26 31 &
2938 1908 249 36 CONFECTIONER.

2822 1985 86 24 Bread
2922 1988 134 24 delivered
3073 1991 77 30 daily.

2821 2054 155 21 GKOCEIiIE;

2966 2092 57 21 DBA
3030 2091 54 22 PER
3087 2096 26 20 Y,

2961 2131 11 13 A
2977 2131 11 13 N
2993 2131 13 13 D

2765 2157 126 18 GENERAL
2897 2159 210 20 STOREKEEPER'S
3114 2162 81 18 GOODS,

2942 2211 146 48 LUJfic

2900 2281 167 25 SOLICITOR,

2788 2317 28 20 2V>,
2829 2316 218 26 ShOETLAOTJ-STEEET,
3057 2321 111 18 ArcKLA-VI)

2763 2362 156 20 N.B.—Attends
2928 2367 81 22 countiy
3018 2367 69 18 Courts
3096 2368 25 17 bv
3133 2375 36 17 spec

2763 2389 139 17 nrransrement.

2766 2436 212 48 Rotorua
3006 2439 185 60 Library

2764 2534 105 48 OPEX
2880 2536 53 19 from
2946 2539 22 17 10
2980 2544 47 14 a.m.
3039 2541 21 18 to
3072 2542 10 17 5
3093 2547 47 19 p.m.
3159 2542 33 18 and

2825 2564 45 16 6.30
2881 2566 21 15 to
2913 2564 23 18 10
2942 2564 250 29 p.m.Sundaystill9pia.

2783 2599 165 24 Subscription
2957 2599 4 26 :
2973 2603 44 18 20s
3026 2603 45 19 Per
3079 2606 98 19 Annum.

2789 2637 88 20 Visitors
2894 2645 48 18 may
2959 2646 85 18 procure
3060 2641 70 21 Books
3148 2644 44 18 from

2763 2663 35 20 the
2808 2663 88 26 Library
2906 2671 26 13 on
2950 2666 87 26 making
3055 2674 11 14 a
3086 2669 76 26 deposit
3177 2670 15 19 oi

2763 2693 36 15 not
2808 2690 41 19 loss
2858 2691 50 18 than
2929 2693 28 23 ss,
2977 2694 40 18 and
3034 2695 124 27 purchasing
3178 2698 14 17 Is

2763 2722 80 19 coupon
2853 2717 32 18 for
2895 2724 61 18 every
2968 2718 54 20 Four
3031 2720 73 20 books.

2790 2750 43 19 The
2851 2751 89 26 Library
2963 2753 17 19 is
2999 2761 52 18 open
3074 2756 75 26 during
3165 2757 27 19 the

2764 2777 94 26 evening.

2765 2891 174 21 BARRISTER
2950 2894 67 19 AND
3035 2896 159 20 SOLICITOE.

2766 2923 146 19 Commissioner
2928 2925 20 18 of
2961 2926 33 18 the
3008 2926 91 25 Supreme
3114 2930 56 17 Court
3180 2930 15 17 of

2963 2949 43 23 Fiji.

2766 2978 89 18 Solicitor
2863 2980 20 16 to
2893 2980 32 17 the
2937 2980 48 19 N.Z.
3000 2982 130 20 Government
3144 2985 51 17 under

2832 3003 39 16 The
2880 3003 98 19 Advances
2988 3006 20 16 to
3015 3004 78 21 Settlers

2764 3032 101 19 Victoria
2873 3034 91 22 Arcade,
2975 3036 112 22 Qceen-st,
3098 3039 97 18 Auckland.

2789 3064 72 24 Money
2869 3067 21 16 to
2897 3066 53 18 Lend
2959 3073 24 11 on
2993 3068 86 20 freehold
3094 3071 79 20 security
3180 3072 15 16 at

2765 3087 38 17 low
2820 3089 49 17 rotes
2886 3089 21 17 of
2919 3090 84 19 interest.
3034 3092 71 25 Money
3119 3093 76 19 invested

2766 3111 30 17 for
2804 3111 66 18 clients
2880 3112 39 18 free
2928 3114 20 16 of
2956 3114 76 23 charge.

2817 3160 28 26 J.
2867 3160 49 27 W.

2789 3200 386 29 ARCHITECT,

2895 3236 184 19 ROTORUK.

2793 3262 68 26 Agent
2871 3264 32 19 for
2919 3265 35 19 the
2972 3267 64 19 South
3058 3268 78 21 British
3157 3270 37 19 Fire

2766 3289 40 18 and
2817 3290 80 19 Marino
2906 3290 113 22 Insurance
3029 3293 111 28 Company.

2763 3359 9 202 I
2827 3359 80 20 When
2916 3360 24 19 in
2948 3361 127 22 Auckland
3086 3365 53 19 visit

2841 3392 33 26 E.
2901 3393 226 32 SPENCER'S

2810 3434 151 26 CURIO
2989 3440 168 25 DEPOT.

2844 3471 39 24 (On
2891 3472 65 19 Queen
2966 3474 62 18 Street
3041 3476 83 24 Wharf.)

2799 3510 40 19 For
2857 3511 28 20 all
2901 3511 62 21 kinds
2980 3514 23 19 of
3013 3514 52 22 Kew
3074 3514 92 22 Zealand
3189 3510 3 36 j

2834 3537 71 20 Curios
2925 3539 41 19 and
2984 3540 144 21 Greenstones.
3189 3534 3 27 I

2766 3679 268 31 MONUMENTAL
3060 3686 135 36 MASON,

2815 3729 126 21 VICTORIA
2959 3733 98 20 STREET
3078 3736 68 21 EAST,

2871 3772 221 23 KUCKLHND,

2786 3806 86 21 Orders
2887 3808 25 19 in
2927 3809 97 26 Marble,
3043 3813 98 20 Granite
3154 3812 41 20 and

2762 3837 79 24 Stone,
2864 3842 122 24 promptly
3010 3845 48 18 and
3083 3844 112 23 faithfully

2762 3871 122 20 executed.

2810 3907 103 26 Designs
2922 3911 47 19 and
2977 3912 78 23 prices
3068 3914 48 19 free
3125 3920 29 14 on

2905 3943 152 23 application.
