2385 3660
15 8 2340 5 THE

26 89 559 160 OXFORD
687 13 787 246 ANDTUST
1566 104 767 158 OBSERVER

557 269 177 56 AND
805 271 569 54 CANTERBURY
1441 277 381 48 LIBERAL.

640 352 505 35 CIRCULATING
1190 353 504 41 THROUGHOUT

25 549 64 31 Vol
119 550 61 28 3—
180 548 57 29 No.
282 543 81 38 129.]

704 542 107 31 EAST
841 543 183 36 OXFORD,
1072 545 235 37 SATUBDAY,
1353 547 224 31 FEBKUARY
1598 550 47 31 13,
1680 548 75 28 J892

1927 548 215 30 Price—ONE
2185 549 141 30 PENNY

1834 662 66 43 M.
1969 662 390 49 SANDSTEIN

1840 724 88 51 HAS
1952 731 45 16 now
2013 728 73 20 moved
2101 728 46 21 into
2163 729 33 21 his
2212 731 65 20 NEW
2295 732 54 20 PRE

1919 752 92 25 MISES,
2030 759 26 14 on
2076 755 36 19 the
2128 756 43 20 Site
2189 757 67 19 which
2274 757 26 21 he
2317 757 41 22 has

1833 776 97 26 occupied
1940 778 75 26 during
2025 780 35 20 the
2074 783 49 23 pai»t
2132 783 144 24 fr-venly-seven
2290 790 68 19 years,

1833 802 42 20 and
1893 804 76 24 opened
1987 804 34 21 his
2039 806 68 21 NEW
2129 807 93 27 STOCK,
2241 810 116 25 purchased

1832 828 58 21 when
1900 835 28 14 on
1936 830 34 20 his
1980 831 49 21 visit
2042 835 21 17 to
2072 833 89 25 F-urope.

1858 859 162 26 Arrangements
2028 861 76 26 having
2110 863 49 20 been
2170 865 60 19 made
2238 865 32 19 for
2276 866 83 25 regular

1834 884 96 26 Monthly
1944 886 121 26 Shipments
2082 889 21 19 of
2124 889 48 21 New
2189 891 74 24 Goods,
2275 891 27 21 he
2317 892 39 20 has

1834 911 84 20 marked
1934 912 35 21 the
1985 914 61 19 StoMj
2066 915 22 19 at
2102 915 52 19 such
2168 922 21 18 pi
2192 917 42 19 ices
2246 922 24 14 as
2279 923 78 17 cannof

1832 936 38 19 fail
1880 939 22 18 to
1912 943 69 15 secure
1995 945 12 13 a
2016 940 61 23 quick
2093 941 48 19 sale.
2182 941 44 20 The
2235 944 76 23 capital
2320 943 38 20 in-

1833 962 69 20 vested
1912 965 57 19 must
1978 964 25 20 he
2012 966 103 24 promptly
2125 967 74 20 turned
2208 974 53 14 over.

1860 993 33 20 He
1916 993 38 21 has
1978 995 93 25 pleasure
2093 997 23 19 m
2135 997 100 26 directing
2253 1000 104 21 atteniiova

1833 1019 99 25 specially
1948 1021 21 19 to
1985 1021 36 20 the
2036 1021 151 27 DIAMONDS,
2203 1025 56 20 loose
2269 1026 41 20 and
2321 1028 37 22 let,

1833 1044 43 19 and
1884 1044 59 21 other
1952 1046 96 21 Precious
2058 1048 81 20 Stones.

1860 1075 167 22 WATCHES.-
2033 1077 32 26 By
2075 1079 76 25 special
2168 1082 144 24 arrangement
2330 1082 28 21 he

1834 1106 18 14 is
1869 1101 86 21 enabled
1972 1105 21 18 to
2003 1105 45 23 give
2064 1105 36 20 the
2109 1105 45 21 best
2168 1107 61 20 value
2237 1107 23 20 m
2269 1108 88 24 genuine

1834 1126 158 26 English-made
2002 1130 65 20 Silver
2083 1131 41 20 and
2133 1131 54 21 Gold
2197 1133 96 21 Watches
2308 1134 49 21 that

1833 1152 39 20 has
1882 1159 46 14 ever
1936 1154 53 20 been
1998 1155 76 21 offered
2082 1163 22 13 m
2114 1157 43 20 this
2167 1157 85 27 Colony.

1860 1183 85 26 Having
1954 1185 74 26 family
2043 1188 134 20 connections
2187 1189 50 20 with
2246 1190 60 20 Paris
2316 1197 43 15 ana

1834 1209 87 21 London
1936 1211 106 21 Diamond
2058 1214 43 19 and
2111 1214 106 25 Jewellery
2232 1216 119 21 Merchants

1832 1235 69 25 places
1919 1236 45 21 him
1982 1237 22 21 m
2023 1245 13 14 a
2054 1240 91 24 position
2161 1242 22 19 to
2202 1241 37 20 sell
2257 1242 36 21 the
2310 1243 47 22 best

1832 1261 82 21 articles
1924 1264 23 18 at
1956 1270 12 13 a
1978 1265 119 20 reasonable
2110 1267 61 24 price.
2215 1267 43 21 The
2267 1268 90 27 Jobbing

1832 1288 42 19 and
1882 1288 170 27 Manufacturing
2061 1291 18 19 is
2095 1293 78 19 carried
2189 1295 36 18 out
2241 1295 66 19 under
2321 1295 36 20 his

1832 1317 45 16 own
1886 1314 129 25 supervision
2025 1317 22 19 at
2054 1316 34 20 the
2094 1317 81 21 Lowest
2180 1319 69 20 Prices
2255 1319 102 24 Possible,

1858 1365 30 20 M.
1900 1366 156 22 SANDSTEIN
2065 1368 39 21 has
2119 1370 111 25 appointed
2239 1371 42 21 Mb.
2290 1373 24 19 R
2324 1373 31 21 H.

1831 1390 79 21 Pabish
1926 1399 23 14 as
1965 1392 34 21 his
2014 1394 77 21 Oxford
2104 1395 100 26 AGENT,
2218 1397 47 21 who
2279 1399 43 19 will
2331 1405 14 14 a

1830 1422 42 19 any
1882 1418 51 20 time
1940 1424 92 20 procure,
2046 1425 28 15 on
2089 1422 143 26 approbation,
2250 1424 105 24 Watches,

1830 1442 81 27 Clocks,
1921 1445 42 20 and
1972 1446 112 25 Jewellery,
2093 1448 33 19 for
2141 1448 34 21 his
2187 1449 78 21 Oxford
2279 1451 75 21 clients

1835 1470 21 19 to
1867 1470 62 20 select
1942 1471 62 25 from,
2015 1473 22 20 at
2047 1472 35 21 the
2099 1479 58 15 same
2165 1474 55 26 price
2236 1482 24 14 as
2266 1475 90 27 charged

1829 1496 22 20 at
1861 1495 35 22 the
1905 1496 149 23 Christohuroh
2063 1499 173 23 Establishment.

1870 1548 58 41 M,
1972 1550 338 49 SANDSTEIN,

1973 1601 108 21 OASHEL
2094 1603 116 26 STREET,

1916 1636 349 30 CHRISTCHURCH.

1832 1716 74 54 A.
1925 1716 79 55 D.
2029 1717 320 63 Hassal]

1946 1785 284 42 SADDLER

2055 1838 59 20 AND

1827 1870 126 41 HAED
1954 1872 252 68 WMIfx
2198 1877 140 40 ORTEII

1907 1945 51 55 O
1994 1948 61 53 U
2090 1950 43 53 S
2170 1952 55 51 T
2249 1990 13 14 .

1832 2012 97 50 BEGS
1938 2015 21 19 to
1975 2015 66 21 thank
2050 2016 36 21 the
2098 2017 131 22 inhabitants
2244 2020 23 19 of
2282 2020 67 21 North

1902 2039 128 28 Canterbury
2046 2042 33 20 for
2093 2042 35 21 the
2145 2043 73 21 liberal
2236 2046 113 24 patronage

1827 2065 90 20 received
1937 2066 75 25 during
2034 2067 36 21 the
2092 2070 48 24 past
2162 2071 35 19 ten
2218 2076 66 19 years,
2307 2072 42 20 and

1826 2090 76 20 desires
1912 2092 22 18 to
1941 2093 41 17 call
1991 2094 105 19 attention
2106 2097 22 16 to
2136 2095 35 19 hia
2180 2097 70 19 varied
2258 2098 59 18 stock
2326 2099 23 18 of

1851 2114 155 26 SADDLERY,
2020 2118 40 24 &c.,
2074 2119 69 21 whioh
2150 2120 20 20 is
2178 2119 61 28 being
2248 2122 76 22 offered

1994 2145 22 19 at
2025 2145 80 21 Lowest
2114 2146 76 21 Prices.

1826 2192 132 33 Subjoined
1969 2203 41 17 are
2021 2204 15 16 a
2046 2196 103 25 number
2156 2197 27 25 of
2187 2199 96 26 articles
2290 2200 58 32 kept

2008 2227 28 26 m
2046 2229 68 25 stock
2124 2237 6 17 :
2131 2244 34 4 —

1856 2267 122 26 Harness.
1979 2284 33 4 —
2013 2270 58 29 Cab,
2095 2271 54 32 Dog
2171 2272 66 30 Cart,
2259 2274 88 33 Buggy

1824 2299 88 31 (plated
1947 2302 49 23 and
2028 2302 67 26 brass
2122 2304 138 34 furniture),
2290 2308 55 30 Gig,

1825 2331 81 30 Shaft,
1919 2333 117 32 Leading,
2048 2335 48 24 and
2109 2336 105 31 Plough.

1856 2363 103 26 Chains.
1960 2379 30 5 —
1990 2366 112 32 Leading
2121 2368 90 25 Chains
2230 2370 63 24 from
2316 2373 29 23 6s

1823 2395 46 29 6d;
1887 2396 96 32 Plough
1990 2398 100 29 Chains,
2098 2399 63 25 from
2170 2401 28 24 3s
2207 2401 43 30 6d;
2268 2403 68 24 Back

1821 2427 60 32 Tug,
1893 2429 49 24 and
1954 2430 55 32 Dog
2020 2431 99 26 Chains.

1856 2460 119 27 Saddles.
1992 2477 33 4 —
2042 2463 165 27 Gentlemen's
2236 2465 107 32 Saddles,

1822 2492 63 24 from
1902 2493 36 24 £3
1949 2501 6 22 ;
1979 2495 97 25 Ladies'
2096 2496 108 30 Saddles,
2220 2501 26 22 at
2262 2498 83 27 Prices

1821 2526 25 23 to
1858 2525 49 25 suit
1918 2525 34 26 all
1962 2529 139 24 customers.

1855 2557 120 26 Belting.
1987 2573 34 4 —
2037 2560 55 24 Mill
2114 2562 49 23 and
2185 2562 161 27 Chafl-outter

1825 2589 66 24 Belts
1903 2590 26 24 of
1938 2598 48 24 any
1997 2591 86 31 length
2094 2594 48 23 and
2152 2594 84 25 width.

1856 2621 87 25 Hobse
1952 2623 146 26 Medicines.
2100 2639 33 4 —
2133 2625 129 27 Elliinan's
2269 2627 76 32 Royal

1823 2653 182 30 Embrocation,
2025 2656 99 25 Cottie's
2143 2658 112 25 Colonial
2274 2660 72 29 Cure,

1822 2685 92 31 Fryer's
1923 2686 108 30 Balsam,
2039 2688 86 24 Worm
2135 2690 120 28 Powders,
2267 2692 79 25 Sweet

1822 2716 76 29 Nitre,
1924 2717 117 30 Stevens',
2065 2720 99 29 James',
2183 2723 48 24 and
2254 2722 91 26 Slesin-

1821 2751 60 28 gers'
1895 2749 149 33 Blisterings.

1854 2780 114 33 Carriage
1996 2783 100 30 Lamps,
2133 2784 97 32 Whips,
2260 2787 85 31 Spurs,

1822 2812 160 31 Breaking-in
2001 2815 72 28 Gear,
2095 2815 54 26 Soft
2172 2817 72 32 Soap,
2267 2820 80 33 Lamp

1825 2844 80 30 Black,
1920 2845 79 32 Sheep
2012 2846 82 30 Skins,
2108 2847 62 27 Sack
2182 2850 89 29 Twine,
2283 2853 63 32 Leg-

1822 2876 78 33 gings,
1914 2878 169 33 Currycombs,
2102 2881 57 26 Iron
2170 2883 50 26 and
2239 2884 109 28 Wooden

1822 2908 99 31 Hames,
1935 2912 43 24 &c.

1854 2942 78 26 Rope.
1933 2958 33 3 —
1966 2944 111 31 Manilla,
2100 2946 90 33 Hemp,
2214 2949 49 25 and
2285 2950 64 27 Flax

1822 2974 27 25 of
1868 2975 33 24 all
1926 2976 62 25 sizes
2016 2977 117 33 (English
2161 2980 49 25 and
2237 2981 112 27 Colonial

1823 3008 188 32 manufacture).
2074 3012 151 30 Tarpaulins,
2265 3015 82 29 Tents,

1823 3039 91 25 Binder
1941 3040 108 32 Aprons,
2077 3043 133 31 Elevators,
2239 3045 109 31 Butters»

1823 3071 148 34 Polestraps,
1984 3073 92 33 Riding
2087 3076 96 26 Bridles
2190 3077 103 32 (Snaffle
2297 3081 49 25 and

1827 3104 128 33 Pelhans),
1968 3106 61 25 from
2042 3108 58 24 6s6d
2113 3111 25 21 to
2151 3111 44 24 12s
2209 3111 39 24 6d.

1861 3136 70 25 Oils.
1933 3151 32 5 —
1965 3137 22 25 A
1997 3138 68 31 large
2076 3142 113 31 quantity
2197 3142 26 24 of
2233 3144 114 26 Machine

1823 3168 53 25 Oils
1887 3172 26 21 at
1936 3169 174 29 Christchurch
2118 3173 85 32 prices,
2222 3175 127 34 including

1822 3201 60 24 Raw
1893 3202 49 24 and
1952 3203 87 26 Boiled
2046 3204 113 31 Linseed,
2173 3207 90 30 Castor,
2271 3209 76 31 Lard,

1823 3233 95 26 Golden
1936 3234 152 35 Machinery,
2106 3238 138 32 Valvoline,
2264 3241 95 32 Cpkjtfl

1821 3266 49 24 and
1879 3266 135 27 Neatsfoot.
2215 3262 144 44 T^^Mt^M

1825 3325 166 25 Second-hand
2018 3327 99 26 Saddles
2145 3316 214 51 houglJ^^^^^

1969 3359 106 32 changed
2080 3362 46 29 for
2144 3370 59 17 new.

1902 3398 168 24 HORSEHAIR
2091 3383 268 57 PURCHAs'I^^^H

1824 3450 79 33 Agent
1921 3451 38 25 for
1976 3453 42 25 the
2035 3454 124 30 Lyttelton
2178 3438 181 54 Timc^^^l

1823 3490 72 23 pany.
1930 3484 89 26 Orders
2030 3485 70 26 taken
2116 3487 38 26 for
2164 3491 49 23 and
2225 3478 134 47 S^^^H

1823 3515 66 26 tions
1899 3517 109 25 received
2019 3525 31 17 on
2057 3523 104 22 account
2173 3523 27 23 of
2210 3528 5 11 <
2226 3510 133 46 L^^^H

1823 3546 101 26 Times,'
1938 3567 15 13 w
1955 3551 6 14 <
1972 3548 150 36 Canterbury
2164 3542 195 42 Tiiue^^^H

1825 3577 73 26 Star.'
1907 3601 3 4 .
2198 3575 161 34 _^^^KM

1257 687 180 45 JOHN
1501 688 283 53 INGRAM,

1259 772 58 21 HAS
1330 773 55 22 FOR
1398 774 70 20 SALE
1484 774 36 20 BY
1536 774 120 21 PRIVATE
1669 774 117 22 TREATY.

1364 917 32 19 On
1405 920 91 18 accourt
1505 919 22 19 of
1536 919 35 20 Mr
1580 919 103 20 Johnson.

1259 977 58 25 Shop
1324 978 42 20 and
1379 979 103 28 dwelling,
1492 981 96 25 fronting
1597 982 38 21 the
1644 981 59 21 Main
1717 980 66 24 Road,

1260 1004 95 25 opposite
1364 1006 92 22 Pearson
1475 1008 58 20 Park
1555 1014 28 15 on
1602 1009 45 21 half
1656 1014 28 14 an
1703 1009 51 19 Acre
1763 1007 22 21 of

1257 1030 58 21 land.

1261 1151 56 22 That
1334 1153 130 23 two-storied
1481 1157 100 26 Building
1597 1164 28 14 on
1644 1159 36 20 the
1696 1158 93 21 Terrace'

1260 1178 96 26 opposite
1367 1179 44 21 Mrs
1419 1181 79 21 Leurs'.

1353 1242 34 21 On
1397 1246 88 19 account
1493 1246 23 19 of
1525 1246 35 20 Mr
1574 1247 30 21 H.
1613 1247 79 22 Beabn.

1259 1286 40 20 His
1308 1293 50 20 very
1372 1288 98 27 compact
1497 1293 56 21 little
1561 1294 100 26 Property
1677 1294 24 20 m
1719 1294 69 25 Queen

1260 1313 72 23 Street,
1342 1317 122 26 containing
1473 1319 64 20 about
1544 1319 28 26 4J
1580 1320 62 20 Acres
1651 1320 22 20 of
1679 1320 45 20 rich
1731 1320 57 23 land,

1261 1339 121 21 subdivided
1391 1341 47 21 into
1447 1345 78 19 several
1535 1346 62 19 small
1606 1346 111 25 paddocks,
1735 1346 50 20 with

1259 1364 53 23 good
1330 1366 72 21 House
1419 1368 93 27 thereon;
1531 1371 57 21 brick
1605 1372 53 20 well.
1682 1373 49 19 Cost
1750 1372 36 20 the

1259 1394 69 16 owner
1336 1393 61 20 £250.
1426 1395 48 21 Will
1484 1397 25 19 be
1518 1398 45 20 sold
1572 1400 23 18 at
1604 1404 13 16 a
1627 1404 48 19 very
1684 1398 101 21 consider-

1256 1418 47 17 able
1310 1418 107 22 reduction
1428 1427 26 14 on
1464 1423 68 21 above
1541 1425 61 24 price.

1354 1531 32 22 On
1398 1538 89 19 account
1497 1538 23 20 of
1528 1538 35 22 the
1572 1539 124 27 Mortgagee.

1261 1601 14 8 „
1287 1576 17 19 T
1304 1578 14 36 |)
1320 1584 11 13 e
1340 1579 17 19 *
1358 1585 44 15 am
1413 1583 47 20 Ifltel
1461 1590 14 18 y
1488 1591 23 13 >n
1526 1586 36 20 the
1576 1588 123 25 occupation
1715 1588 22 19 of
1751 1588 34 19 Mr

1261 1603 64 24 Siiell,
1344 1605 56 21 three
1417 1609 59 21 miles
1492 1611 52 20 from
1562 1613 57 21 West
1635 1614 84 25 Oxford,
1737 1620 48 14 con-

1259 1653 82 24 divided
1411 1640 57 16 aCte8
1470 1650 5 6 '
1516 1635 53 24 WeU
1581 1640 88 21 Water6d
1685 1639 42 22 aDd
1736 1640 39 21 BUb

1374 1782 34 22 On
1417 1787 87 19 account
1513 1787 23 21 of
1545 1788 34 20 Mr
1587 1788 71 21 Rowe.

1255 1820 39 22 116
1312 1822 62 22 Acres
1392 1826 23 19 of
1432 1826 56 26 land,
1506 1829 117 28 adjoining
1635 1832 37 19 Mr
1687 1832 95 21 Duder's

1254 1849 60 24 land,
1326 1851 23 19 at
1358 1850 56 21 View
1423 1853 53 24 Hill,
1482 1855 94 26 fronting
1580 1857 58 20 Four
1642 1858 67 20 Chain
1716 1858 65 21 Road.

1255 1876 70 20 Water
1332 1882 48 16 race
1388 1879 94 26 running
1490 1881 108 26 alongside
1604 1884 22 20 of
1635 1884 35 21 the
1680 1885 99 25 Property

1368 2030 32 21 On
1411 2034 88 21 account
1511 2035 23 20 of
1543 2036 33 20 Mr
1584 2036 70 22 Keats'.

1249 2062 66 27 Forty
1324 2065 62 22 Acres
1394 2068 58 21 Bush
1461 2070 56 26 land,
1528 2072 61 21 West
1598 2074 83 21 Oxford.

1336 2139 55 20 FOR
1404 2140 176 24 SALE-VERY
1588 2145 101 23 CHEAP.

1276 2164 40 19 200
1324 2164 62 21 Acres
1393 2167 23 20 of
1424 2169 70 25 partly
1503 2171 81 21 worked
1593 2175 37 19 out
1638 2173 60 21 Bush
1706 2173 61 22 Land

1248 2195 15 14 a
1284 2191 59 24 Jarge
1360 2194 49 23 part
1431 2195 21 18 of
1478 2195 18 21 it
1518 2196 45 22 laid
1585 2198 61 22 down
1680 2201 25 20 to
1713 2206 66 19 grass.

1315 2218 45 24 low,
1369 2219 45 22 and
1423 2221 65 22 terms
1497 2227 55 21 easy.

1468 2335 83 21 Also—

1329 2383 33 21 On
1372 2387 89 20 account
1469 2388 23 20 of
1500 2389 34 19 Mr
1541 2390 59 20 John
1609 2390 88 23 Fisheb.

1249 2416 42 21 His
1301 2418 95 23 valuable
1405 2422 65 21 Stone
1480 2423 81 27 Quarry
1570 2427 22 19 at
1600 2427 57 19 View
1666 2427 51 24 Hill,
1727 2434 47 15 con-

1249 2446 85 26 taining
1344 2446 35 21 the
1389 2447 44 22 best
1443 2448 94 27 building
1546 2453 60 19 stone
1615 2453 23 19 m
1647 2453 129 28 Canterbury

1250 2472 50 19 with
1310 2474 27 19 20
1347 2474 61 21 Acres
1418 2475 22 19 of
1447 2475 62 22 Land
1518 2483 28 15 on
1564 2478 68 22 which
1651 2480 57 22 there
1725 2482 19 20 is
1763 2488 13 15 a

1249 2503 57 14 bouia
1318 2500 21 20 of
1348 2500 126 23 Limestone.

1316 2706 32 19 On
1358 2709 89 19 account
1456 2709 22 20 of
1494 2710 34 20 Mr
1544 2710 93 21 Thomas
1647 2713 61 21 Shae.

1275 2750 40 20 His
1325 2755 94 22 oompact
1435 2754 43 21 and
1499 2756 137 22 oomfortable
1652 2760 82 24 cottage
1752 2761 23 20 at

1249 2782 59 21 West
1331 2785 85 26 Oxford,
1434 2792 28 15 on
1480 2787 68 23 about
1565 2792 86 23 quarter
1674 2797 51 16 acre
1751 2794 23 20 of

1249 2816 55 21 land.
1358 2818 59 22 Price
1426 2820 51 25 only
1483 2822 48 21 £23.

1314 2911 33 20 On
1357 2915 88 20 account
1455 2916 22 19 of
1492 2916 79 26 Joseph
1590 2917 117 23 Powvalke.

1275 2947 68 26 Eight
1352 2954 57 14 aores
1418 2951 22 19 of
1449 2950 58 24 land,
1517 2952 51 21 with
1588 2954 54 24 good
1661 2956 12 19 8
1692 2957 85 21 roomed

1248 2977 96 27 dwelling
1362 2980 94 25 thereon,
1470 2983 46 21 nice
1539 2984 87 26 garden,
1648 2988 131 22 surrounded

1249 3009 52 20 with
1307 3010 25 19 fir
1341 3011 63 22 trees.
1457 3013 60 22 Price
1528 3015 50 26 only
1591 3017 63 21 £100.

1456 3201 36 22 TO
1504 3203 64 22 LET.

1405 3236 27 20 In
1449 3238 81 21 Horn's
1538 3241 80 22 Estate.

1248 3269 63 24 Good,
1318 3271 98 29 dwelling
1423 3273 52 22 with
1483 3275 46 21 Ten
1604 3279 24 22 of
1635 3279 56 24 land,

1252 3363 190 37 JOHN
1470 3368 304 40 INGRAM

1396 3434 236 35 AUCTIONEER,

1331 3518 27 31 O
1392 3519 32 32 X
1456 3521 25 32 F
1515 3523 27 31 O
1578 3523 36 40 B,
1640 3525 29 31 D
1690 3549 8 9 .

665 1861 217 62 ROBERT
962 1867 219 74 FISHER,

698 1940 174 27 GENERAL
893 1942 260 30 STOREKEEPER

662 1985 94 45 Teas,
796 1985 129 46 Coffees,
962 1987 124 47 Cocoas,
1117 1989 67 40 and

760 2035 140 39 General
922 2037 178 40 Groceries-

711 2085 140 31 WEST
912 2086 219 33 OXFORD.

699 2182 432 45 SADDLBR7.

658 2250 79 52 H.
763 2251 60 52 J.
840 2252 341 57 LAMING

885 2371 62 23 AND

660 2407 281 41 HARNESS
974 2411 206 40 MAKER

802 2459 70 25 Neak
889 2460 146 30 Saleyakds,

692 2501 45 41 O
760 2502 65 41 X
847 2502 192 42 FOB,
1062 2506 46 39 D
1132 2534 14 11 .

657 2572 85 25 Orders
754 2574 49 24 and
819 2574 102 32 Repairs
932 2577 122 32 promptly
1065 2578 116 25 executed

817 2618 26 24 at
853 2616 85 26 lowest
948 2620 73 24 ratas.

758 2680 140 39 HORSE
920 2681 160 40 COVERS

656 2730 98 38 made
766 2730 36 39 to
818 2731 100 39 Order
933 2731 68 39 and
1015 2732 168 50 Repaired

713 2841 255 27 CALEDONIAN
984 2843 142 28 HOUSE.

656 2902 216 44 JAMES

737 2957 81 27 BOOT.
835 2957 83 28 SHOE.
934 2959 25 26 &
973 2958 128 29 SUPPER.

788 2988 257 33 Manufacturer.

757 3032 115 31 WEST
905 3034 176 31 OXFORD.

657 3081 48 21 Has
715 3088 28 15 on
752 3083 61 19 hand
821 3088 13 14 a
844 3083 101 27 splendid
952 3085 129 19 assortment
1087 3085 23 20 of
1115 3085 68 21 Boots

657 3114 44 21 and
711 3114 68 19 Shoes
788 3113 65 22 made
872 3120 29 16 on
910 3114 38 21 the
957 3115 104 25 premises
1079 3117 24 19 at
1113 3117 68 23 prices

657 3144 53 21 that
719 3145 52 25 defy
779 3145 149 25 competition.
955 3145 60 25 Boys
1023 3145 78 21 School
1107 3147 73 25 Boots,

656 3175 57 21 back
722 3181 71 15 seams
802 3175 45 21 and
855 3175 62 21 front
926 3175 61 21 hand
993 3182 66 18 sewn,
1066 3179 82 19 cannot
1154 3179 27 20 be

656 3206 124 26 surpassed.
811 3206 67 21 Men's
887 3207 200 27 bestwatertights,
1097 3210 84 28 pegged

658 3238 49 26 15/-.
745 3238 96 26 Bespoke
863 3238 139 25 department
1023 3235 103 29 carefully
1149 3241 34 19 at-

656 3267 85 23 tended
753 3270 32 20 to.
811 3269 40 21 Fit
868 3269 47 20 and
930 3269 168 29 Workmanship
1115 3271 69 21 Guar-

658 3300 86 21 anteed.
771 3300 91 26 Repairs
870 3300 76 26 neatly
955 3301 45 21 and
1007 3302 112 29 promptly
1128 3303 56 22 done

658 3332 25 20 at
691 3332 128 21 reasonable
826 3332 79 27 prices.

658 3383 88 23 Branch
759 3383 190 21 Establishment:
964 3384 58 22 Near
1040 3384 65 24 Town
1123 3386 60 24 Hall,

840 3409 58 25 J«t
906 3410 90 24 Oxford,

681 3483 50 39 U
756 3483 47 39 E.
833 3483 334 45 WEYLAND-f.

790 3544 108 25 FAMILY
913 3544 144 29 BUTCHER.

701 3578 154 41 EAST
884 3578 258 42 OXPOFO.

36 1889 44 60 J.
124 1888 43 59 J.
207 1885 348 60 WEEBER,

117 1948 70 31 High
200 1948 85 27 Street,
298 1947 62 23 East
380 1945 98 25 Oxford.

118 2008 123 30 PICTURE
261 2006 97 28 FRAME
381 2006 102 27 MAKER

70 2060 90 25 Dealer
170 2060 25 24 m
207 2060 93 26 Paints,
314 2060 58 26 Oils,
386 2058 83 25 White
489 2059 75 27 Lead,

39 2093 86 28 Scrim,
150 2091 206 32 Paperhangings,
376 2091 75 25 Sheet
482 2091 82 28 Glass,

38 2126 49 25 and
101 2131 67 24 everj
183 2124 84 25 article
289 2123 130 25 connected
440 2123 61 24 with
523 2123 43 24 the

40 2156 74 26 trade.

73 2189 80 30 Agent
170 2188 37 24 for
233 2187 40 25 W.
295 2187 140 25 Rainbow's
457 2187 109 24 Cordials

38 2221 51 25 and
144 2220 140 28 Medicines,
329 2219 49 24 and
421 2218 144 33 Waterbury

40 2253 125 28 Watches,
178 2252 95 27 Clocks,
297 2253 41 24 &c.

154 2321 84 25 Paints
249 2321 82 23 mixed
339 2323 26 21 to
376 2321 76 24 order.

122 2429 150 33 COALS!
297 2429 140 31 COALS!
462 2430 6 29 !

56 2510 145 28 Newcastle,
214 2510 134 30 Westport,
367 2509 179 31 Coalpitheath,

218 2542 118 28 Malvern,
348 2542 47 24 and

73 2575 174 25 Blacksmiths'
266 2575 113 24 Brunner
390 2575 63 23 Nuts
465 2573 65 26 Coal.

39 2639 150 22 FIREWOOD
203 2639 22 20 m
238 2638 93 25 Lengths
345 2640 22 19 to
386 2639 47 20 Suit
446 2638 119 21 CLIENTS

213 2697 86 21 Lowest
309 2697 100 20 Ooeeeni
418 2697 60 21 Rate

40 2749 21 24 A
71 2748 153 30 Conveyance
231 2750 77 22 meets
315 2756 71 22 every
393 2748 72 24 train.
484 2748 81 25 Goods

52 2780 121 31 conveyed
184 2784 25 21 to
221 2788 70 23 every
301 2783 54 28 part
367 2780 26 24 of
401 2781 42 24 the
452 2781 101 25 district.

105 2812 100 25 Booked
211 2813 91 30 parcels
313 2813 120 24 delivered
439 2813 61 25 Free

162 2845 87 24 within
259 2845 44 24 the
313 2845 122 31 Borough.

42 2876 159 26 Commercial
223 2877 141 25 Travellers'
395 2878 170 30 requirements

71 2909 51 26 will
132 2910 91 25 receive
234 2909 161 33 allnecessary
405 2911 127 24 attention.

106 2947 395 33 W-ABURT.

134 2984 160 26 GENERAL
318 2984 157 29 CARRIER,

42 3016 85 25 COAL
139 3018 18 23 &
169 3016 181 26 FIREWOOD
368 3018 197 28 MERCHANT,

240 3048 131 25 Rangioka.

40 3111 88 26 Orders
139 3119 56 23 may
205 3112 28 23 be
237 3110 45 26 left
290 3113 25 24 at
322 3112 39 26 Mr
368 3112 26 24 C.
405 3112 21 25 I.
435 3113 129 32 Jennings,

171 3144 128 28 Stationer,
308 3144 129 31 Rangior<*.

41 3229 47 47 J,
110 3229 53 47 T,
190 3229 195 53 Brown,
405 3231 42 43 &
466 3231 96 45 Son

96 3293 109 22 TIMBER
214 3295 17 24 &
242 3294 70 20 COAL
325 3295 178 24 MERCHANTS.

214 3332 160 22 IMPORTERS

45 3367 36 26 Of
108 3367 138 26 TIMBER
275 3369 52 25 and
355 3370 48 28 AH
432 3370 85 28 Kinds
541 3370 26 28 of

96 3412 184 28 BUILDING
303 3413 216 28 MATERIALS.

229 3457 147 28 CORNER

42 3497 161 31 COLOMBO
242 3499 19 22 &
288 3499 95 26 TUAM
418 3500 149 28 STREETS

198 3540 189 28 CBBtSTpgpiipp

369 689 56 40 J.
470 689 56 39 S.
571 689 254 44 COOK,

428 740 117 24 Registered
557 739 177 20 Pliarmaceutical
749 740 93 24 Chemist,

550 775 127 30 Triangle,
693 775 89 22 Oashol
795 775 94 31 Street,

750 811 272 27 CHRISTCHUECH.

30 877 76 26 Allow
122 882 37 17 me
176 875 25 23 to
218 871 89 25 submit
328 872 24 23 to
369 877 59 24 your
445 869 175 24 consideration
636 869 43 24 the
695 869 125 31 following
837 869 158 31 Specialities,
1014 870 34 24 all
1063 870 27 24 of
1103 871 86 28 which,

92 917 74 31 being
176 924 39 23 my
226 922 55 17 own
292 912 183 31 compounding.
492 912 13 24 I
522 919 45 17 can
583 910 146 32 confidently
745 911 163 29 recommend,
925 912 93 31 having
1034 913 155 32 successfully

93 959 59 24 used
167 958 67 24 them
250 956 36 23 for
303 962 66 16 some
385 961 68 23 years
463 961 5 15 :
470 966 33 5 —

30 1004 92 23 CURE
139 1002 63 21 FOR
218 999 63 21 ALL
298 997 104 21 KINDS
418 997 40 20 OF
474 997 79 20 SKIN
573 997 170 21 DISEASE—

185 1027 12 19 I
207 1030 35 16 am
251 1022 130 24 exceedingly
390 1022 111 20 successful
512 1022 22 19 m
544 1027 35 18 my
588 1021 99 20 remedies
696 1022 32 19 for
737 1021 43 21 this
790 1022 121 26 complaint,
921 1023 52 21 have
982 1029 14 15 a
1005 1023 56 25 large
1071 1023 88 21 number
1168 1024 22 20 of

244 1048 147 22 testimonials.

33 1093 74 21 NEW
124 1088 140 24 REMEDY
282 1086 62 21 FOR
362 1084 94 21 LIVER
473 1083 217 22 COMPLAINTS
707 1085 68 20 AND
794 1085 247 22 INDIGESTION—

186 1113 51 20 This
245 1112 39 19 has
293 1110 50 19 been
353 1110 46 19 well
406 1109 71 24 tested,
488 1108 42 20 and
538 1109 39 19 has
587 1109 76 25 proved
672 1109 73 26 highly
754 1109 140 26 satisfactory.

31 1153 136 23 GOLDEN
185 1149 108 23 CROSS
312 1147 191 21 NEURALGIA
522 1147 179 21 MIXTURE—

185 1176 33 23 By
230 1173 68 20 which
312 1173 35 19 the
360 1171 49 25 pain
423 1171 18 19 is
455 1171 67 23 cured,
538 1176 46 14 ease
598 1171 98 21 obtained
716 1171 27 26 by
757 1178 12 14 a
783 1172 38 20 few
834 1172 67 21 doses.

35 1209 228 25 RHEUMATISM
282 1208 68 19 AND
368 1205 192 22 LUMBAGO—

188 1234 33 24 By
235 1238 35 18 my
284 1230 77 26 special
374 1230 117 21 treatment,
505 1235 19 13 is
537 1235 48 18 very
597 1229 92 26 epeechly
702 1230 67 20 cured.

34 1272 184 23 DIARRHCEA
235 1269 66 20 AND
320 1267 198 21 DYSENTERY
535 1267 31 19 IN
587 1267 142 21 INFANTS
745 1268 44 20 OR
804 1269 160 22 ADULTS-

187 1295 12 19 I
212 1299 40 15 can
265 1293 45 24 give
323 1298 13 14 a
350 1292 44 18 safe
403 1290 42 20 and
455 1290 74 26 speedy
545 1296 47 15 cure
606 1291 26 24 by
646 1296 12 15 a
671 1292 39 20 few
723 1292 67 20 doses.

33 1334 89 21 SORE
139 1331 110 21 HEADS
265 1330 69 19 AND
352 1327 111 20 LEGS-
500 1350 371 13 ..,..,.,,.
1058 1321 2 2 '
1177 1319 13 33 ,"'

188 1354 67 21 Cured
267 1353 27 24 by
307 1358 27 14 aa
348 1351 105 25 agreeable
467 1350 41 21 and
522 1351 95 26 pleasant
628 1352 134 25 application,
776 1354 45 19 also
834 1354 84 20 relieves
931 1355 57 25 pain.

33 1391 218 25 ANTIBILIOUS
268 1390 68 21 AND
354 1389 94 20 LIVER
466 1389 123 20 PILLS—

189 1416 79 23 Highly
281 1413 142 23 commended,
439 1413 42 19 and
495 1413 67 20 which
575 1419 34 15 are
623 1413 49 21 used
686 1413 28 25 by
726 1414 123 23 thousands.

32 1453 205 24 CHILDREN'S
251 1450 190 22 TASTELESS
455 1450 168 21 TEETHING
642 1451 188 23 POWDERS-

189 1479 44 19 The
246 1477 45 20 best
303 1476 23 19 m
338 1475 134 25 Canterbury,
493 1481 12 13 a
519 1475 49 20 trial
582 1476 41 19 will
636 1481 62 20 prove
710 1476 23 21 it.

31 1517 76 26 Sore
121 1514 130 28 Throats
266 1512 55 25 and
338 1512 212 25 Hoarseness—

188 1542 21 19 A
221 1540 61 24 quick
293 1538 42 20 and
348 1538 84 19 reliable
446 1543 47 14 cure
505 1538 33 19 for
552 1538 28 19 all
593 1538 70 21 kinds.

32 1577 169 27 Bronchitis
216 1575 56 25 and
288 1573 149 26 Asthma-

188 1602 96 21 Believed
297 1601 42 19 and
352 1600 80 25 rapidly
446 1599 62 20 cured
521 1599 27 25 by
561 1605 36 20 my
609 1601 77 20 Acacia
699 1601 103 23 Mixtubk.

32 1639 59 26 Bad
107 1638 92 26 Colds
214 1636 55 26 and
285 1636 109 25 Severe
410 1634 181 26 Headache—

291 1667 49 20 pass
353 1667 58 19 away
426 1662 25 24 by
465 1662 73 24 taking
550 1667 36 20 my
601 1662 156 23 Desideratum.

32 1703 106 28 Corns,
154 1702 104 25 Warts,
274 1698 55 25 and
347 1697 160 26 Bunions-

190 1726 71 21 Taken
274 1731 57 18 away
348 1730 23 19 ay
384 1730 13 14 a
410 1725 91 24 painless
514 1725 156 21 Embrocation.

359 1770 599 41 CONSULTATIONS
998 1778 191 36 FREE
