2450 3830
1481 1699 91 19 BARTH.

1291 1733 118 22 GmwFiTw.
1409 1747 28 3 —
1437 1735 115 26 February
1561 1738 19 23 3,
1593 1737 23 20 at
1635 1737 54 21 East
1705 1737 82 22 Oxford

1264 1770 37 21 the
1312 1772 48 19 wife
1369 1772 23 20 of
1401 1772 24 20 L.
1441 1773 89 20 Griffith
1539 1774 23 19 of
1571 1780 14 13 a
1594 1774 114 23 daughter.

1468 1829 116 23 DEATH.

1287 1875 76 19 Bunn.
1363 1886 28 3 —
1391 1875 110 26 February
1511 1878 33 21 11,
1564 1876 25 20 at
1604 1876 63 21 View
1687 1877 49 20 Hill
1749 1877 39 20 the

1261 1912 111 23 youngest
1394 1917 40 14 son
1442 1911 23 20 of
1474 1912 34 19 Mr
1517 1913 73 19 Bunn.

1261 1956 99 28 Brown,
1363 1971 32 3 —
1396 1956 82 25 Albert
1491 1957 99 25 Sedcole
1602 1958 96 28 Brown,
1723 1958 64 24 third

1294 2007 45 15 son
1350 1999 26 23 of
1385 2000 42 22 the
1438 2000 48 23 late
1508 2000 26 24 J.
1558 2001 90 24 Brown
1668 2001 26 24 of
1715 2002 70 23 Max-

1293 2040 127 28 welltown,
1444 2042 148 30 Wanganui,
1615 2043 47 23 and
1686 2043 99 24 brother

1293 2083 25 24 to
1331 2082 38 25 Mr
1380 2082 24 26 J.
1418 2082 87 27 Brown
1517 2083 27 26 of
1559 2084 97 26 Oxford,
1670 2092 32 17 on
1726 2084 61 27 27th

1294 2124 57 29 Jan,
1374 2125 72 24 1892.

1252 2236 131 34 Oxford
1405 2236 65 34 and
1492 2236 87 34 Cust
1601 2236 196 34 Observer.

1549 2313 156 23 PUBLISHED
1549 2313 156 23 WEEKLY.

1286 2374 165 22 SATURDAY.
1477 2375 123 20 February
1620 2375 52 20 13th
1696 2376 60 19 1892.

1282 2489 163 31 SCHOOL
1477 2490 287 31 ATTENDANCE.

1301 2586 31 30 It
1360 2597 126 28 appears
1513 2590 33 26 to
1573 2597 36 19 us
1637 2588 68 28 that
1735 2588 49 29 the

1220 2622 2 35 !
1261 2626 76 30 East
1352 2626 115 30 Oxford
1484 2626 108 30 School
1608 2628 179 29 Committee

1261 2667 102 28 would
1379 2666 35 30 be
1435 2667 136 37 justified
1597 2668 33 28 m
1655 2668 128 28 endeav-

1259 2706 110 36 ouring
1381 2708 32 26 to
1425 2715 104 21 secure
1543 2717 18 19 a
1571 2706 100 38 larger
1681 2710 100 27 atten-

1261 2744 95 30 dance
1370 2747 33 27 at
1427 2744 52 30 ihe
1493 2744 104 30 school
1610 2745 46 39 .by
1684 2757 103 19 means

1261 2785 32 28 of
1306 2785 53 29 the
1374 2784 199 39 Compulsory
1599 2784 125 31 Glauses
1752 2787 32 29 of

1261 2825 51 27 the
1339 2824 66 29 Act.
1448 2824 84 30 More
1573 2824 209 40 particularly,

1261 2864 100 29 unless
1390 2874 40 18 an
1451 2864 139 29 increase,
1616 2865 71 29 does
1714 2866 72 29 take

1262 2904 93 38 place,
1373 2903 49 29 the
1450 2904 104 28 school
1581 2903 63 31 will
1672 2904 36 30 be
1736 2904 47 31 de-

1262 2944 107 36 prived
1383 2944 32 28 of
1423 2944 52 28 the
1486 2944 143 28 assistant
1639 2945 146 36 mistress,

1262 2983 100 29 which
1376 2983 100 29 would
1489 2983 37 29 be
1537 2993 18 18 a
1562 2987 86 34 great
1659 2985 127 29 misfor-

1261 3025 82 31 tune,
1368 3031 33 20 as
1428 3023 127 38 tending
1578 3027 32 25 to
1638 3025 147 40 seriously

1262 3062 138 29 decrease
1414 3062 52 29 the
1477 3063 137 36 effectiye
1642 3065 144 40 teaching

1263 3112 110 28 power.

1275 3142 32 29 It
1321 3142 62 28 also
1397 3151 127 28 appears
1540 3141 68 30 that
1619 3143 109 40 during
1732 3145 53 30 the

1259 3185 70 35 past
1344 3182 105 29 month
1463 3182 52 29 the
1532 3192 127 31 average
1684 3188 96 26 atten-

1261 3222 94 29 dance
1368 3221 53 30 fell
1435 3225 32 26 to
1482 3232 56 19 one
1561 3223 139 31 hundred
1723 3227 61 29 and

1260 3261 137 40 fifty-six,
1412 3262 60 29 and
1485 3265 32 26 to
1515 3260 4 14 :
1531 3263 38 29 be
1597 3265 126 29 entitled
1750 3269 33 27 to

1261 3312 37 18 aj
1314 3302 144 29 assistant
1472 3302 139 37 mistress,
1628 3313 40 19 an
1695 3314 86 20 aver-

1261 3351 56 29 age
1332 3341 31 28 of
1378 3351 56 20 one
1449 3341 138 30 hundred
1612 3344 60 28 and
1699 3344 84 39 fifty-

1261 3390 57 20 one
1345 3381 26 29 is
1397 3381 146 38 required,
1574 3392 32 19 so
1635 3393 44 19 we
1706 3384 78 30 have

1260 3421 76 29 been
1360 3420 144 39 hovering
1531 3432 39 19 on
1603 3423 52 29 the
1693 3434 92 29 verge

1261 3470 33 19 as
1304 3461 25 28 it
1343 3470 87 24 were,
1445 3461 49 28 for
1509 3471 81 20 some
1613 3463 81 35 time,
1724 3465 61 28 and

1260 3510 39 19 no
1308 3500 95 29 doubt
1415 3508 83 21 more
1527 3501 150 39 stringent
1704 3514 79 20 mea-

1248 3550 97 30 sures
1354 3540 97 38 might
1467 3541 34 28 be
1515 3541 75 28 used
1612 3546 31 25 to
1667 3543 118 39 keep—

1223 3578 68 31 V'-tb
1319 3590 53 19 use
1409 3589 19 20 a
1470 3580 163 38 vulgarism
1635 3599 39 3 —
1675 3592 39 19 on
1728 3583 52 30 the

1260 3620 85 39 right
1358 3620 64 29 side
1434 3620 31 29 of
1486 3620 52 29 the
1558 3620 102 40 hedge.

1301 3659 56 30 Let
1371 3670 36 19 us
1422 3660 78 38 hope
1526 3661 53 29 the
1604 3661 177 32 Committee

1260 3700 60 29 aad
1334 3700 142 40 teaching
1497 3700 76 29 staff
1597 3701 61 31 will
1687 3703 96 29 strain

1260 3750 92 30 every
1378 3748 94 23 nerve
1509 3743 33 28 to
1584 3750 105 24 secure
1729 3743 53 31 the

1875 186 112 40 largest
2025 198 127 32 average
2206 192 181 29 attendance

1877 229 96 29 which
1983 240 44 20 we
2042 242 49 19 are
2119 240 70 21 sure
2215 231 62 30 will
2303 230 93 31 much

1872 279 80 20 more
1965 271 74 28 than
2056 271 125 39 provide
2194 271 47 30 for
2262 273 53 29 the
2342 283 52 18 re-

1870 310 116 29 tention
2015 312 31 27 of
2070 312 52 28 the
2147 313 141 28 assistant
2315 311 80 30 mis-

1870 352 85 27 tress.

1935 461 134 24 OXFORD
2088 462 90 24 ROAD
2201 461 125 27 BOARD.

1901 539 51 24 The
1963 540 113 31 ordinary
2087 539 107 33 meeting
2204 541 28 24 of
2246 542 43 24 the
2308 539 82 28 Board

1867 586 50 18 was
1928 581 52 23 held
1992 590 28 15 on
2029 582 58 25 Feb.
2096 583 52 28 3rd,
2156 585 107 29 present,
2263 597 33 5 —
2296 584 93 24 Messrs

1868 622 25 23 J.
1916 623 107 29 Dobson,
2048 625 142 31 (chairman)
2214 623 25 26 j.
2262 626 127 32 Aldridge,

1870 664 32 24 H.
1914 663 24 25 J.
1951 665 112 29 Hawker,
2076 667 45 24 and
2145 667 30 25 A.
2197 668 105 31 Wright.
2336 668 53 25 The

1869 706 119 31 Surveyor
2006 709 110 29 reported
2137 710 56 24 that
2215 710 42 24 the
2288 711 100 24 Branch

1868 748 84 24 Water
1973 750 64 23 Race
2060 750 59 24 from
2141 751 44 24 the
2211 753 66 24 Four
2310 753 78 25 Chaiii

1867 790 23 22 R
1898 790 38 23 >ad
1943 793 26 21 to
1978 791 42 24 ihe
2027 791 78 31 Depot
2116 794 58 23 road
2185 794 49 24 had
2244 795 61 23 been
2317 803 72 16 com-

1869 831 85 30 pleted,
1978 833 47 23 and
2046 834 41 24 the
2116 837 74 22 water
2222 837 87 24 turned
2343 844 42 17 on.

1867 873 62 23 That
1941 874 31 23 he
1983 874 49 24 had
2044 882 65 17 some
2120 877 116 31 difficulty
2246 878 27 23 m
2280 878 105 31 keeping

1867 914 41 24 the
1917 917 73 22 water
1996 917 107 31 running
2114 917 26 24 m
2152 918 42 25 the
2201 917 38 26 No
2249 918 13 25 1
2273 920 72 28 Race,
2353 920 38 25 for

1869 964 66 17 some
1943 958 59 24 time
2008 958 87 32 during
2103 960 42 24 tha
2154 964 54 28 past
2217 962 89 30 month,
2317 963 79 30 owing

1868 1001 25 22 to
1905 1000 82 24 blocks
2007 1002 26 23 m
2056 1002 42 24 the
2120 1002 70 28 Race,
2220 1004 49 22 and
2290 1005 56 23 also
2367 1006 27 22 to

1868 1047 124 19 gome-one
2002 1043 141 30 interfering
2154 1044 58 24 with
2224 1045 41 23 the
2275 1046 84 29 supply
2371 1049 26 21 at

1867 1083 43 24 the
1921 1084 91 24 intake.
2046 1085 65 24 That
2133 1085 40 24 Mr
2194 1086 127 31 Ferguson
2342 1087 48 24 had

1868 1129 44 21 not
1923 1128 111 29 accepted
2046 1128 42 24 the
2098 1128 101 24 Board's
2212 1129 58 24 offer
2287 1130 25 23 to
2334 1129 56 24 take

1869 1168 87 32 charge
1967 1169 25 24 of
2001 1171 39 22 the
2052 1170 69 24 Main
2131 1171 66 24 Race
2213 1171 28 24 of
2258 1171 44 24 the
2324 1171 67 25 View

1870 1211 52 24 Hill
1935 1211 83 25 Water
2030 1212 71 25 Race.

1902 1254 63 24 That
1978 1254 38 24 Mr
2027 1254 89 25 Brown
2125 1255 49 24 had
2186 1255 73 25 asked
2281 1256 26 23 to
2328 1255 62 24 have

1869 1296 43 24 the
1923 1304 68 23 gorse
2002 1305 32 16 on
2046 1297 42 24 the
2100 1298 50 23 side
2170 1298 26 24 of
2218 1297 98 24 Church
2339 1299 52 22 cut-

1870 1338 58 30 ting,
1939 1340 41 22 cut
1992 1338 77 25 down.
2088 1339 52 24 The
2150 1339 82 25 Board
2253 1339 138 25 consiiered

1869 1380 55 24 that
1936 1381 48 24 this
1995 1389 68 22 gorse
2075 1389 50 17 was
2135 1390 15 15 a
2166 1383 68 29 great
2254 1382 136 30 protection

1869 1424 26 22 to
1912 1423 43 24 the
1978 1423 98 30 cutting,
2100 1424 49 23 and
2170 1424 97 23 decided
2288 1424 55 24 that
2370 1425 21 24 it

1869 1473 48 16 was
1932 1466 42 23 not
1992 1466 122 24 advisable
2133 1468 24 21 to
2166 1468 71 28 grant
2242 1466 42 24 the
2291 1468 103 28 request.

1900 1507 66 24 That
1977 1507 29 23 he
2017 1507 49 24 had
2078 1507 52 24 sold
2142 1508 41 23 the
2203 1515 69 23 grass
2294 1515 32 16 on
2350 1508 42 23 the

1869 1549 67 24 roads
1958 1557 60 16 near
2039 1549 39 24 Mr
2100 1549 38 25 W.
2161 1550 105 24 Fisher's
2294 1552 26 22 to
2352 1550 42 24 Mr

1869 1592 122 23 Vallance.
2023 1592 135 30 Approved.
2192 1592 118 24 Resolved
2323 1596 5 10 •
2338 1592 54 25 that

1869 1634 25 24 m
1917 1633 79 24 future
2018 1634 96 24 tenders
2133 1634 28 24 be
2184 1634 78 24 called
2282 1635 40 23 for
2349 1634 43 24 the

1870 1676 61 31 right
1943 1677 25 23 to
1980 1678 41 22 cut
2043 1676 49 24 this
2114 1679 86 28 grass.'
2234 1676 52 31 Any
2305 1684 87 23 peiion

1869 1718 74 24 found
1970 1719 96 30 cutting
2087 1719 20 24 it
2129 1719 100 24 without
2258 1719 133 31 authority,

1870 1762 25 23 to
1912 1761 30 24 be
1951 1762 165 23 summonsed.

1903 1804 50 23 The
1964 1804 66 24 clerk
2049 1803 56 24 read
2129 1811 15 16 a
2171 1803 58 31 long
2256 1804 133 24 statement

1870 1845 106 31 showing
1998 1846 43 23 the
2062 1846 106 29 position
2190 1845 26 24 of
2247 1845 41 25 the
2321 1846 71 23 Land

1869 1888 73 22 Fund
1964 1889 109 21 account.
2107 1887 118 24 Resolved
2251 1891 7 10 *
2267 1888 55 22 that
2328 1903 6 4 -
2348 1887 43 24 the

1870 1928 65 24 clerk
1950 1930 80 29 report
2047 1929 32 30 by
2095 1930 59 22 next
2171 1929 107 30 meeting
2293 1936 32 16 on
2349 1928 41 24 the

1869 1970 92 25 further
1977 1971 179 30 appropriation
2173 1970 26 24 of
2213 1977 99 24 moneys
2337 1977 53 17 now

1869 2013 117 24 accrued.'
2034 2013 52 23 The
2119 2013 65 24 clerk
2218 2013 80 23 stated
2318 2032 3 3 .
2337 2013 55 23 that
2404 2036 3 3 .

1869 2055 88 30 during
1978 2055 43 24 the
2044 2055 87 24 month
2156 2055 31 23 he
2210 2054 50 24 had
2283 2053 108 25 received

1867 2098 70 23 about
1963 2096 70 25 £160
2056 2096 38 25 for
2118 2098 73 23 rates.
2226 2096 52 25 The
2310 2095 79 25 Board

1868 2139 140 24 considered
2023 2139 56 23 that
2095 2139 20 23 it
2131 2146 51 16 was
2199 2138 59 24 time
2276 2138 34 24 all
2326 2140 69 23 rates,

1865 2189 62 17 were
1942 2181 65 31 paid,
2025 2181 54 25 and-
2098 2180 63 25 drew
2185 2181 49 24 lots
2260 2182 26 23 to
2309 2180 80 25 decide

1867 2225 55 23 who
1939 2224 87 24 should
2043 2223 29 24 be
2098 2223 164 24 summonsed.

1898 2266 91 23 Messrs
2006 2265 26 24 T.
2052 2265 116 24 M'Grath
2184 2265 48 24 and
2249 2265 29 24 A.
2297 2265 92 30 Rainey
2393 2288 10 5 ...

1869 2308 87 24 waited
1973 2315 63 23 upon
2054 2307 42 24 the
2113 2307 83 24 Board
2220 2307 27 24 m
2271 2307 119 24 reference

1869 2352 24 22 to
1910 2350 43 23 the
1969 2349 119 31 proposed
2105 2349 85 24 Water
2206 2349 66 24 Race
2288 2349 102 29 through

1870 2392 64 24 their
1949 2392 139 30 properties.
2123 2391 38 24 Mr
2179 2390 116 25 M'Grath
2312 2390 77 24 stated
2398 2383 12 33 )

1867 2434 55 25 that
1938 2434 33 24 he
1989 2441 48 17 was
2053 2434 92 30 willing
2162 2435 26 22 to
2204 2441 46 23 pay
2267 2433 46 24 full
2326 2435 63 21 rates

1867 2485 30 16 on
1914 2478 37 22 his
1967 2476 121 31 paddocks
2107 2477 43 23 not
2167 2476 96 31 already
2281 2474 108 28 watered,

1865 2519 45 24 but
1931 2518 109 32 objected
2064 2520 26 23 to
2122 2526 48 23 pay
2203 2526 32 17 on
2267 2517 120 32 paddocks

1867 2563 78 23 where
1962 2563 30 22 he
2016 2561 48 24 had
2091 2562 98 29 already
2225 2569 14 16 a
2273 2561 117 24 sufficient
2398 2589 6 5 _

1867 2604 93 31 supply.
1994 2604 53 23 The
2063 2604 124 23 chairman
2204 2603 119 24 informed
2339 2602 50 24 him

1868 2647 53 23 that
1938 2646 41 24 the
2011 2646 80 24 Board
2124 2646 75 24 could
2230 2648 46 22 not
2308 2644 82 32 depart

1867 2688 64 25 from
1960 2688 43 24 tte
2036 2688 101 24 Board's
2170 2688 144 28 conditions,
2347 2687 41 23 but
2394 2702 21 12 .„-

1868 2731 79 24 would
1964 2733 42 21 not
2029 2731 73 23 think
2135 2731 26 22 of
2191 2731 117 30 charging
2338 2729 62 23 hinv-
2400 2726 4 16 1

1867 2776 66 21 rates
1949 2780 33 17 on
1999 2773 57 24 land
2072 2774 78 23 where
2167 2773 32 24 he
2222 2773 50 24 had
2294 2771 93 30 already
2409 2785 11 4 -

1868 2823 14 16 a
1899 2815 120 24 sufficient
2045 2815 86 31 supply
2156 2815 25 25 of
2204 2817 83 23 water.
2321 2813 68 25 After

1867 2858 183 27 consideration,
2084 2858 43 23 the
2159 2858 81 24 Board
2272 2855 117 31 arranged

1870 2900 58 24 with
1945 2899 40 24 Mr
2002 2900 116 24 M'Grath
2136 2900 47 23 and
2200 2899 107 25 resolved
2324 2898 66 25 'that
2409 2906 8 8 *

1871 2942 40 23 Mr
1928 2941 116 25 M'Grath
2062 2942 29 24 be
2109 2942 102 31 charged
2228 2941 162 28 Wa*er*£&s

1869 2992 30 16 on
1917 2984 42 24 the
1982 2985 67 23 three
2077 2984 120 31 paddocks
2222 2984 104 31 fronting
2347 2982 75 24 the^-

1869 3026 147 26 Woodstock
2033 3027 65 28 road,
2110 3027 49 24 and
2176 3035 34 16 on
2226 3027 41 24 the
2283 3024 104 33 paddock
2404 3043 6 8 ,

1867 3068 109 32 fronting
1998 3069 115 31 Rainey's
2137 3070 66 27 road,
2229 3069 43 24 but
2298 3069 25 23 m
2349 3067 39 24 the

1869 3114 70 21 event
1956 3112 26 23 of
1996 3112 39 23 Mr
2053 3112 114 24 M'Grath
2183 3112 102 30 making
2300 3118 40 17 use
2364 3107 27 26 of

1868 3154 43 24 the
1928 3154 66 24 Race
2011 3154 86 25 Water
2123 3154 36 24 for
2183 3154 69 24 other
2276 3151 113 33 paddocks

1867 3197 45 23 not
1928 3196 112 31 charged,
2057 3197 31 24 he
2105 3199 67 23 must
2196 3205 47 24 pay
2267 3204 32 18 on
2324 3195 64 24 those

1861 3239 127 30 .paddocks
2005 3246 27 17 as
2048 3239 64 25 well.

1900 3281 40 24 Mr
1957 3281 30 25 R.
2016 3281 84 26 Marsh
2133 3282 87 25 waited
2253 3289 64 24 upon
2347 3279 40 25 the

1867 3323 81 24 Board
1964 3324 49 23 and
2030 3325 129 29 presented
2176 3333 15 16 a
2208 3325 102 29 petition
2321 3331 22 22 pi
2348 3329 37 23 ay-

1865 3365 44 31 ing
1924 3365 43 25 the
1983 3365 82 24 Board
2089 3368 27 23 to
2138 3368 96 24 declare
2258 3376 14 16 a
2296 3365 91 33 portion

1867 3406 27 25 of
1907 3407 43 24 the
1967 3408 95 26 district
2079 3411 26 22 at
2131 3410 135 28 Woodside,
2291 3410 39 24 the
2351 3406 34 25 Is-

1867 3450 65 28 land,
1950 3450 49 24 and
2016 3452 42 22 the
2076 3452 110 29 Terrace,
2206 3462 20 14 a:
2237 3453 82 26 Water
2328 3451 59 24 Race

1867 3491 109 28 District,
1994 3494 26 23 to
2037 3493 28 24 be
2083 3495 77 26 called
2184 3497 6 13 '
2202 3495 53 25 The
2281 3493 105 32 Cooper's
2411 3502 11 16 $

1867 3532 75 26 Creek
1959 3533 84 26 Water
2060 3535 64 26 Race
2147 3537 117 25 District.'

1899 3575 117 25 Resolved
2034 3585 5 6 •
2048 3578 53 24 that
2117 3579 43 24 the
2176 3587 125 23 necessary
2326 3579 59 26 stops
2415 3589 7 13 i

1866 3615 29 24 be
1912 3616 74 25 taken
2002 3620 26 22 to
2045 3627 69 24 carry
2131 3623 41 21 out
2190 3621 40 25 the
2248 3622 85 24 wishes
2363 3610 59 30 of*

1870 3659 42 25 the
1929 3660 150 31 petitioners,
2098 3663 49 23 and
2163 3663 55 25 that
2235 3664 40 24 the
2300 3646 117 51 district^

1869 3707 26 17 as
1912 3701 125 25 described
2053 3704 27 24 m
2104 3705 101 30 petition
2230 3706 30 25 be
2284 3693 122 47 declare^

1866 3750 15 16 a
1899 3743 100 27 'Water
2015 3745 65 27 Race
2096 3747 103 27 District
2208 3748 26 27 m
2254 3747 161 28 accordances

424 50 168 33 OXFORD
633 54 87 30 AND
763 55 103 33 CUST
910 57 223 34 OBSERVER
1178 61 228 41 SATURDAY,
1427 65 221 33 FEBRUARY
1690 69 45 36 13,
1762 70 73 32 1802

1366 175 319 49 TENDERS.
1721 177 2 3 '

1264 292 164 28 'PENDEES
1446 304 40 17 are
1497 297 91 26 invited
1605 299 36 24 for
1659 301 41 23 the
1722 308 61 18 erec-

1268 322 21 27 -1
1326 327 52 24 tion
1390 328 25 24 of
1424 328 71 26 abodt
1508 331 31 32 1£
1550 331 70 25 miles
1642 333 27 23 of
1688 333 97 31 fencing

1261 364 27 22 at
1300 363 67 24 View
1379 363 61 29 Hill,
1453 366 62 25 from
1529 368 41 24 the
1582 370 46 22 cud
1639 370 26 23 of
1684 370 38 24 Mi-
1744 371 41 23 In-

1263 407 70 22 gram
1338 404 18 20 's
1367 401 75 28 fence,
1456 407 23 19 to
1481 404 2 9 :
1492 404 39 23 Mr
1550 405 148 25 Meredith's.
1734 406 52 25 The

1263 436 68 24 fence
1343 439 24 22 to
1390 438 29 24 be
1441 438 71 26 made
1534 441 27 24 of
1580 442 61 30 good
1665 445 83 29 strong
1771 446 14 23 5

1263 472 48 25 feet
1322 473 70 25 heart
1404 474 26 25 of
1435 476 66 24 birch
1510 478 86 27 stakes,
1606 479 57 25 with
1673 481 112 24 strainers

1263 517 70 23 every
1345 512 14 21 i
1372 512 93 24 chains.
1500 514 59 23 Five
1572 514 72 30 plain,
1668 518 46 22 anr]
1740 525 45 16 one

1262 545 59 25 barb
1334 547 53 24 wire
1398 550 112 30 properly
1521 551 116 24 strained.

1296 584 35 24 To
1343 585 26 23 bo
1375 587 137 30 -completed
1524 587 31 31 by
1580 589 46 23 end
1646 590 24 23 of
1692 590 91 25 March.

1265 622 64 24 Wire
1340 624 48 23 and
1400 625 89 30 staples
1500 625 83 29 found,
1597 627 67 24 other
1675 631 110 22 material

1263 662 24 21 to
1296 660 39 23 be-
1345 660 76 25 found
1437 661 31 31 by
1491 665 154 23 contractors.
1679 666 106 25 Tenders

1263 697 26 23 to
1298 697 28 24 be
1338 700 54 21 sent
1408 699 25 23 m
1445 707 31 15 on
1488 707 27 16 or
1526 700 76 24 before
1614 702 60 23 24th
1694 703 58 25 Feb.

1491 735 66 26 J.M.
1567 739 121 24 BOOTH.

1267 848 159 37 FARM
1486 850 294 42 PRODUCE.

1343 889 119 31 Notice
1484 900 38 21 to
1543 893 162 31 Farmers.

1305 939 99 30 Those
1428 942 134 32 desirous
1585 943 33 29 of
1641 945 143 39 bringing

1263 978 91 30 Farm
1366 979 135 31 Produce
1511 982 32 28 of
1552 993 59 28 any
1623 987 63 25 sort
1694 989 32 24 to
1732 986 53 27 the

1264 1018 117 30 Oxford
1403 1022 126 35 market,
1566 1024 62 26 tvill
1666 1025 119 27 consult

1263 1058 79 29 their
1366 1069 68 20 own
1461 1060 126 30 interest
1679 1063 105 29 adver-

1262 1097 95 39 tising
1380 1109 80 20 same
1482 1101 30 28 m
1537 1101 53 29 the
1620 1101 164 32 OXFORD

1264 1138 60 28 and
1339 1133 101 35 CtfST
1451 1139 228 40 OBSERVER,
1690 1153 39 19 an
1748 1144 37 29 is-

1265 1187 52 20 sue
1327 1188 34 19 or
1372 1184 65 30 two.
1459 1179 202 32 before-hand.

1327 1322 6 3 -
1395 1297 259 45 NOTICE.

1266 1393 163 75 POISON
1447 1396 58 28 will
1520 1397 37 28 be
1579 1397 62 29 laid
1668 1407 39 19 on
1735 1409 52 27 my

1343 1434 70 28 land
1434 1434 48 29 for
1510 1436 84 38 dogs,
1620 1438 79 28 after
1728 1439 59 29 this

1265 1472 79 36 date,
1360 1473 72 29 Feb.
1458 1474 87 29 13th.

1407 1517 38 30 D.
1472 1518 174 38 CONDON,

1567 1566 84 31 View
1671 1568 74 30 Hill.

649 846 50 30 All
715 846 94 31 Work
823 847 78 31 done
910 859 38 19 on
958 849 53 29 the
1023 849 150 31 Premises

759 929 3 4 .
772 898 61 29 and
855 900 196 36 guaranteed.

685 967 38 24 Mr
734 966 52 25 Gus
798 968 75 23 Jones
882 968 50 24 will
939 968 57 25 visit
1005 968 91 25 Oxford
1104 975 71 26 every

652 1004 70 23 other
742 1004 55 25 Sale
819 1005 66 29 day,.,
896 1006 169 29 commencing
1087 1005 87 24 Thurs-

651 1043 54 31 day,
718 1043 56 24 Feb.
786 1044 51 27 4th,
851 1043 48 24 and
916 1044 50 24 will
978 1044 71 30 bring
1070 1052 15 15 a
1106 1043 68 25 stock

684 1080 26 24 of
722 1079 122 28 Watches,
859 1079 93 29 Clocks,
965 1081 47 23 and
1023 1080 117 30 Jewellry.

684 1142 86 24 Orders
788 1141 44 25 left
851 1144 25 22 at
896 1144 40 22 the
1097 1142 79 24 Men's

685 1179 67 29 Club,
765 1179 98 28 Oxford,
875 1179 49 26 will
947 1180 87 24 receive
1045 1181 97 29 prompt

846 1219 127 24 attention.

736 1335 54 44 F.
812 1335 54 45 B.
898 1335 191 46 LANE.

757 1398 89 37 (Late
861 1399 35 28 E.
913 1398 158 39 Butcher.)

663 1443 249 37 Watchmakek,
926 1446 180 34 Jeweller,
1122 1445 44 29 &c

652 1489 120 31 Importer
800 1490 25 23 of
863 1490 103 24 Musical
1005 1490 169 28 Instruments,

652 1528 108 25 Victoria
779 1528 37 28 St,
834 1529 130 31 Rangiora.

649 1585 131 30 {speciality
789 1594 4 16 :
797 1600 31 3 —
828 1587 26 22 m
862 1587 105 29 superior
978 1587 105 30 English
1101 1587 76 23 Lever

651 1622 113 25 Watches
774 1623 27 24 m
813 1624 69 23 extra
893 1625 83 29 strong
988 1631 65 16 eases
1065 1624 70 24 made
1148 1626 26 22 to

649 1668 42 23 my
703 1660 69 24 order
783 1661 25 23 to
821 1660 49 25 suit
887 1660 42 25 the
952 1660 175 32 requirements
1150 1661 27 24 of

650 1697 50 24 this
718 1697 101 24 district.

683 1746 29 24 F.
724 1746 29 24 B.
766 1746 69 24 Lane
847 1746 67 24 visits
938 1747 90 24 Oxford
1050 1747 122 31 monthly,

650 1786 95 29 staying
753 1787 25 22 at
790 1785 133 25 Mitchell's
938 1786 122 30 Boarding
1080 1786 93 24 House.

650 1825 41 24 All
701 1825 92 30 repairs
804 1832 38 16 are
854 1824 62 24 done
925 1824 75 24 under
1011 1833 42 22 my
1061 1824 111 31 personal

650 1863 157 30 supervision,
831 1864 45 22 and
900 1862 13 24 I
935 1868 132 25 guarantee
1101 1863 70 23 satis-

647 1901 100 25 faction.
781 1901 45 24 All
837 1901 97 31 jobbing
942 1900 44 25 left
1005 1904 25 21 at
1053 1900 122 25 Weeber's

649 1938 83 31 Fancy
744 1938 150 30 Repository,
918 1937 61 25 East
1002 1937 99 28 Oxford,
1123 1937 50 24 will

648 1977 91 25 receive
751 1985 42 23 my
804 1976 53 26 best
868 1977 121 24 attention
1007 1975 49 26 and
1073 1983 98 19 reason-

649 2015 54 25 able
713 2017 72 23 rates.

682 2061 116 24 Caution.
833 2061 38 24 No
882 2061 143 24 connection
1043 2060 60 25 with
1126 2068 47 22 any

649 2101 71 23 other
730 2100 60 30 shop
803 2099 27 24 of
839 2100 93 23 similar
950 2100 107 23 address.

741 2204 47 51 J.
814 2203 263 44 FOSTER.

821 2267 66 21 BAY
906 2268 84 21 ROAD

727 2309 121 30 EAST
898 2309 208 30 OXFORD.

647 2360 125 38 Apples,
801 2359 115 35 Plums,
951 2358 221 37 Blackberries,

649 2399 52 36 &c,
712 2400 30 28 m
752 2400 83 38 large
849 2409 35 19 or
898 2398 88 32 small
997 2399 174 39 quaptities.

713 2542 48 38 R.
789 2542 55 35 H.
879 2541 232 46 PARISH,

782 2582 88 30 East
897 2583 138 29 Oxford.

681 2621 92 31 Special
784 2621 62 24 lines
857 2624 25 22 to
934 2622 51 24 sold
1004 2621 48 24 this
1074 2621 97 29 month,

647 2656 26 22 at
684 2654 48 24 less
741 2654 60 24 than
814 2654 137 24 Wholesale
963 2655 58 26 cost,
1042 2654 49 23 and
1113 2661 60 16 con-

647 2685 120 32 siderably
779 2685 75 25 below
865 2686 78 31 prices
955 2685 104 31 charged
1070 2685 36 24 for
1129 2685 44 25 the

647 2725 66 17 samo
725 2718 94 30 quality.
829 2725 14 16 o
847 2718 7 16 f
863 2717 96 25 articles
967 2719 25 21 at
1002 2717 171 30 Co-operative

650 2749 89 25 Stores.

647 2780 254 25 FLANNELETTS.

713 2818 66 24 ART
819 2817 150 25 MUSLINS

761 2854 122 24 BROWN
901 2854 174 24 HOLLAND.

988 2890 186 25 DELAINES.

781 2932 82 26 JUST
880 2932 161 25 ARRIVED.

698 2976 14 23 2
722 2975 81 24 Bales
815 2982 87 16 direct
913 2982 65 16 from
992 2974 132 27 Scotland,

698 3018 116 24 WHITE
837 3017 73 23 AND
944 3016 181 24 COLOURED

792 3059 236 31 BLANKETS.

755 3110 72 23 From
861 3109 41 31 7/6
936 3116 43 23 per
1013 3109 56 23 Pair

706 3150 176 37 CARPET!
927 3150 191 31 CARPET!!

668 3202 138 31 Six-pence,
829 3201 142 31 half-penny
1004 3208 42 24 per
1082 3200 73 25 Yard.

651 3244 94 31 Selling
756 3244 36 24 off
813 3243 74 25 below
910 3245 60 25 cost,
990 3242 89 24 Ladies
1101 3244 72 23 latest

748 3285 127 25 fashioned
901 3285 79 24 Straw
1004 3285 71 25 Hats.

653 3419 246 44 PUBLIC
915 3419 257 45 NOTICE.

651 3530 308 77 TRESPASSERS.
1021 3541 41 20 on
1112 3532 62 29 -the

734 3571 93 29 Farm
840 3571 111 29 known
967 3581 32 19 as
1013 3571 116 37 Snell's,
1142 3574 47 28 at..

651 3610 85 31 West
761 3610 126 36 Oxford,
1005 3611 39 31 be
1071 3621 102 30 prose-

651 3651 99 29 cuted.

752 3700 111 32 JOHN
898 3700 172 39 INGRAM,

873 3741 105 37 Agent
1053 3741 121 31 Owner.

61 160 167 30 OXFORD
249 160 122 31 ROAD-
392 161 145 31 BOARD.

43 262 152 29 Cooper's
211 263 106 28 Creek
339 262 123 28 Water
476 260 86 30 Race

221 311 158 31 District.

43 361 163 77 MOTICE
222 362 25 29 is
259 361 111 39 hereby
384 361 87 39 given
495 360 68 30 that

124 411 18 18 a
151 401 70 38 plan
231 401 138 37 showing
391 401 52 28 the
467 400 94 29 boun-

42 441 95 28 daries
153 441 31 28 of
197 440 53 29 the
262 442 93 28 above
365 439 102 31 Water
482 439 78 30 Race

42 479 136 35 District,
190 481 54 28 has
260 481 74 28 been
348 479 156 39 deposited
531 479 32 28 m

41 519 52 29 the
108 518 83 29 Road
205 518 101 30 Board
321 518 102 35 Office,
438 518 124 34 Oxford,

41 559 58 29 and
110 560 26 29 is
151 570 66 19 now
231 570 77 28 open
322 559 48 30 for
397 558 165 40 inspection

41 601 134 28 between
190 600 52 29 the
263 600 93 29 hours
380 598 34 30 of
438 600 17 27 9
485 600 77 34 a.in.,

43 640 59 29 and
115 641 15 28 5
150 650 69 28 p.m.
478 641 81 8 --.-*••-■

104 690 131 29 JAMES
259 690 40 29 H.
330 688 174 31 SHARPE.

225 739 91 31 Clerk
330 743 30 25 to
375 739 51 29 the
453 738 111 30 Board.

92 853 196 44 TOWN
324 850 194 45 HALL.

144 914 105 30 EAST
285 912 180 31 OXFOED.

45 965 105 44 MR
180 965 76 43 W.
288 962 279 46 COLLINS

45 1031 71 30 Will
144 1031 113 29 deliver
284 1029 47 30 his
357 1029 127 38 popular
497 1029 71 28 Lec-

45 1074 80 33 ture,
140 1071 126 29 entitled
278 1081 7 19 :
287 1086 41 4 —

204 1112 208 66 'CANT'

65 1194 66 30 The
155 1196 156 28 Religion
325 1203 35 19 of
374 1202 77 25 the,
468 1194 80 28 19th

219 1244 164 37 Century.

65 1295 169 39 Thursday,
276 1293 158 40 February
463 1293 82 37 18th,

45 1346 179 30 Commence
238 1348 31 29 at
280 1346 26 28 8.
333 1344 173 30 Admission
519 1343 48 30 6d.

213 1445 208 57 LOST.

77 1549 94 26 FROM
199 1549 59 25 Cust
281 1547 76 25 Hotel
385 1555 33 17 on
451 1547 115 30 Monday,

44 1589 107 30 January
163 1589 67 26 23rd,
242 1595 43 17 one
297 1586 68 24 black
377 1586 49 24 and
437 1588 43 22 tan
492 1586 73 29 sheep

43 1628 53 27 slut,
105 1628 131 27 cock-ears,
260 1627 74 24 about
358 1627 13 21 6
395 1626 99 23 months
517 1624 57 24 old.'

42 1665 90 24 Finder
141 1664 47 24 will
200 1664 30 24 be
241 1663 119 25 rewarded
383 1670 33 17 on
438 1662 128 31 returning

42 1705 43 25 the
97 1712 66 18 same
174 1706 26 23 to
212 1704 23 25 J.
249 1702 137 29 Nankevill,
400 1702 68 25 Cust.

147 1810 109 56 TO
294 1808 163 54 LET.

45 1914 131 57 HOUrfE
193 1914 74 29 lately
278 1912 112 30 occupied
403 1911 30 30 by
452 1910 41 24 fhe
500 1916 3 3 '
515 1909 52 25 Rev

121 1946 23 24 J.
158 1946 118 30 Benning,
289 1943 141 31 containing
442 1944 13 22 6
466 1942 98 27 Rooms,

43 1984 49 24 and
103 1992 15 15 a
129 1985 151 24 store-room,
293 1983 25 22 to
331 1981 27 24 be
377 1981 35 23 let
431 1982 27 21 at
479 1987 15 16 a
516 1979 48 24 low

44 2022 62 23 rent.
139 2019 79 31 Apply
230 2021 33 28 to,

272 2055 73 24 Office
357 2054 26 24 of
391 2054 51 24 this
451 2054 83 29 Paper.

129 2156 352 60 WANTED-

46 2265 41 55 A
104 2263 131 26 PERSON
254 2265 26 22 to
302 2261 55 24 take
379 2261 87 30 charge
488 2259 27 25 of
534 2267 33 16 an

121 2296 86 30 elderly
230 2302 101 19 woman,
354 2294 37 24 for
423 2293 143 30 particulars

45 2336 72 30 apply
128 2336 25 23 to
172 2335 41 23 the

266 2372 73 24 Office
350 2371 24 24 of
391 2370 46 24 this
449 2370 84 30 Paper.

139 2482 332 56 NOTICES.

78 2631 68 25 THE
165 2630 128 26 Cocksfoot
310 2637 30 16 on
362 2637 42 22 my
438 2628 70 23 Land
541 2628 25 23 at

45 2672 68 24 View
129 2671 61 28 Hill,
202 2671 21 24 is
235 2671 24 24 to
271 2669 34 25 let
317 2668 36 24 for
365 2668 95 30 cutting
471 2674 32 16 on
525 2666 40 24 the

45 2711 70 24 usual
127 2711 83 23 terms.

158 2750 88 26 JOHN
264 2747 141 26 INGRAM.

104 2859 227 40 TERMINUS
360 2857 145 39 HOTEL-

174 2908 93 24 WEST
293 2905 144 25 OXFORD.
482 2927 5 5 ,

77 2971 69 26 MRS
158 2971 24 25 J.
200 2969 134 26 BATLEY
357 2969 91 30 having
470 2967 97 25 secured

43 3010 44 23 the
97 3011 64 23 lease
172 3009 25 24 of
205 3010 40 22 the
257 3008 126 23 Terminus
394 3006 75 24 Hotel
489 3007 76 22 trusts

44 3047 33 32 by
97 3046 92 25 careful
210 3045 119 25 attention
349 3047 25 21 to
394 3044 35 24 tlu
464 3042 103 31 require-

45 3089 77 22 ments
134 3086 26 26 of
169 3087 42 23 her
222 3088 135 22 customers
372 3086 26 21 to
421 3091 82 16 secure
525 3082 42 23 the

45 3131 73 17 same-
134 3124 59 23 kind
214 3124 132 29 patronage
368 3121 55 24 that
445 3127 49 17 was
525 3125 42 18 en-

29 3152 119 46 JB^dby
161 3162 43 24 her
214 3161 173 32 predecessors.

214 3199 60 24 from
309 3197 172 26 Christchurch
519 3195 49 24 and

178 3237 50 25 will
239 3237 121 30 recognise
383 3235 25 24 m
431 3235 51 23 Mrs
504 3233 63 23 Bat-

137 3276 38 24 old
188 3275 79 24 friend
279 3274 53 24 who
345 3273 49 24 will
405 3279 70 22 spare
485 3279 33 15 no
535 3271 34 22 ef-

29 3301 75 37 Hs
116 3313 27 24 m
155 3312 134 29 conducing
301 3312 25 22 to
338 3309 62 24 their
422 3308 113 24 comfort.

29 3487 238 59 HOOP'S
282 3486 119 39 PURE
424 3485 122 38 TEAS.

227 3538 52 28 the
292 3537 103 29 World
412 3538 154 37 produces.

267 3582 33 29 F.
316 3583 37 29 A.
383 3582 184 36 Waterman,

29 3652 255 57 H^^^B^icr,
303 3661 85 31 West
400 3662 127 29 Oxford.

395 3701 85 38 Cust,
509 3702 60 31 and
