2450 3830
24 133 2 13 i

24 152 4 33 i
47 160 145 26 norih-west
202 162 32 31 by
254 162 42 24 the
318 162 51 23 said
388 161 89 32 Ashley
499 161 70 25 Elec-

46 198 62 23 toral
120 199 103 24 District
231 207 5 15 :
256 200 122 29 including
402 199 96 24 Section
521 199 45 23 No.

46 236 88 25 329^!,
148 236 24 23 m
185 236 42 23 the
239 235 167 24 Waimakariri
425 236 74 23 River
520 236 46 23 and

46 273 42 24 the
100 274 134 24 remainder
243 275 40 23 the
301 273 79 24 island
402 275 24 22 ot
448 273 78 24 which
547 273 21 25 it

46 313 76 24 forms
134 322 11 14 a
160 313 101 31 portion.

141 445 25 22 A
192 444 109 23 SHARP
329 443 140 24 LESSON.

222 525 114 25 Chapter
354 524 33 25 11.

77 588 6 10 1
93 583 50 25 But
155 584 12 24 I
179 586 63 21 must
251 584 78 26 know,
343 583 101 30 George,
463 583 105 24 whether

43 623 20 24 it
75 624 56 23 does
149 631 38 16 me
209 624 62 30 good
293 631 28 16 or
342 623 77 27 harm,
429 624 5 9 '
448 623 43 23 she
514 623 51 23 said

42 663 91 29 firmly,
167 663 13 22 I
193 663 96 22 became
300 670 61 23 your
372 661 53 24 wife
436 661 31 24 for
489 661 77 24 better

43 708 27 16 or
89 701 35 22 for
153 708 79 19 worse,
246 700 37 24 till
305 699 71 23 death
399 706 28 16 us
449 699 30 23 do
501 700 62 28 part.

43 739 115 23 Hitherto
170 741 18 21 it
201 739 42 23 has
252 740 58 22 been
321 738 32 23 all
364 738 37 23 for
413 738 83 26 better,
517 737 48 24 arid

44 784 53 16 now
108 776 21 23 if
138 783 75 17 worse
229 775 45 24 has
286 783 75 19 come,
375 775 12 22 I
407 776 66 22 must
496 774 69 24 share

43 815 20 23 it
75 815 58 23 with
143 823 55 22 you.
234 814 32 25 So
277 814 44 24 tell
340 821 39 16 me
380 837 7 10 (
411 814 64 23 dear.
511 813 53 24 You

44 855 61 21 must
117 857 43 19 not
172 852 53 24 bear
243 860 58 22 your
324 852 92 23 burden
438 851 78 24 alone.
551 851 13 23 I

43 892 61 23 have
137 891 58 24 beeD
230 891 90 30 dressy,
355 890 48 23 and
431 889 63 28 vain,
518 889 47 24 and

44 929 153 30 thoughtless
216 929 12 22 I
251 929 77 27 know;
352 927 42 24 but
406 927 12 23 I
431 934 40 17 am
483 934 15 17 a
519 935 45 16 wo-

44 976 56 15 man
112 969 36 22 for
157 968 31 24 all
197 968 63 27 that,
272 967 48 24 and
330 974 59 23 your
404 966 61 29 wife,
489 966 75 25 what-

44 1014 54 15 ever
109 1014 55 22 may
175 1006 101 29 happen.
313 1004 84 26 There,
420 1011 61 19 now,
489 1004 6 10 '
518 1004 46 23 and

45 1042 44 24 she
101 1042 77 24 kissed
190 1042 59 23 him.
270 1046 5 9 '
284 1041 42 23 I'll
334 1040 49 24 kiss
395 1048 47 23 you
464 1041 38 24 till
518 1048 48 23 you

45 1082 43 24 tell
100 1089 39 16 me
150 1082 41 23 the
202 1080 75 25 whole
293 1082 81 28 story.'

79 1125 5 9 •
94 1120 50 23 The
156 1120 74 24 whole
243 1122 72 28 story,
328 1118 77 24 Edith
414 1120 16 22 ?'
443 1119 31 23 he
484 1118 80 25 asked.

79 1162 6 10 1
96 1158 78 30 Every
187 1157 64 24 word
258 1157 26 24 of
289 1157 37 28 it,'
338 1155 43 25 she
393 1155 58 25 said.

79 1201 6 10 •
94 1197 70 21 Even
176 1197 18 21 if
203 1196 20 22 it
234 1196 107 22 involves
363 1203 38 20 my
416 1195 124 23 character
547 1195 19 22 ?'

79 1237 5 9 '
94 1233 13 22 I
120 1233 30 22 do
161 1234 43 21 not
214 1232 89 23 believe
321 1231 20 23 it
363 1233 62 25 can,'
450 1231 41 23 she
514 1231 51 23 said

44 1270 88 31 boldly.
168 1275 5 9 '
184 1270 50 23 But
246 1278 59 15 even
315 1270 19 22 if
345 1270 19 23 it
381 1270 65 27 does,
463 1278 31 22 go
515 1272 49 21 on.'

77 1312 5 9 '
94 1308 69 22 Even
174 1308 20 22 if
204 1314 59 23 your
274 1314 69 17 name
354 1308 20 22 is
387 1307 137 24 mentioned

77 1346 27 23 'I
116 1353 39 16 am
168 1348 41 22 not
221 1353 14 16 a
247 1346 72 24 child.
355 1346 9 23 I
378 1353 45 16 can
435 1345 54 24 take
511 1353 52 17 care

43 1384 26 23 of
79 1392 38 22 my
127 1391 79 20 name,
218 1384 48 23 and
277 1384 13 23 I
301 1384 61 23 have
377 1391 31 16 no
430 1383 56 27 foar,
508 1383 56 24 with

42 1431 47 23 you
102 1431 27 15 as
144 1424 42 23 the
209 1423 115 30 guardian
343 1422 26 23 of
388 1430 41 22 my
451 1422 111 25 honour.'

77 1466 5 10 '
93 1462 24 24 It
128 1461 21 24 is
160 1461 80 30 boldly
253 1461 59 28 said,
328 1461 90 24 Edith.'

77 1501 49 23 lAs
138 1501 64 30 truly
214 1508 25 16 as
251 1500 88 31 boldly.
374 1500 53 23 Tell
437 1507 40 16 me
499 1500 63 24 what

43 1538 142 31 happened.'

77 1581 5 9 •
94 1576 71 28 Well,
178 1576 76 27 then,'
267 1576 30 24 he
310 1576 84 30 began,
419 1579 6 10 '
435 1576 47 24 this
494 1576 69 24 after-

43 1623 65 17 noon
117 1616 40 23 Mr
173 1616 92 29 Ledger
282 1614 75 24 called
384 1622 39 15 me
451 1614 52 25 into
524 1614 40 24 his

42 1654 92 30 private
143 1659 68 17 room
223 1653 47 22 and
282 1652 72 23 asked
368 1659 35 16 mo
416 1653 65 22 what,
492 1652 12 23 I
515 1652 50 23 had

42 1690 61 23 done
115 1689 58 24 with
186 1697 15 16 a
211 1690 142 23 remittance
365 1689 26 24 of
400 1689 46 24 five
455 1689 109 24 hundred

41 1727 94 30 pounds
143 1727 53 23 that
207 1727 49 23 had
273 1727 57 23 been
348 1729 53 21 sent
429 1726 30 30 by
486 1727 77 23 Dron-

41 1764 75 24 theitn
129 1765 17 21 &
159 1764 43 24 Co.
216 1771 14 16 a
242 1764 82 24 month
337 1771 53 23 ago.
424 1763 13 24 I
448 1764 52 24 told
511 1764 51 24 him

42 1800 62 28 that,
114 1809 26 16 so
157 1801 37 24 far
203 1809 25 16 as
246 1802 13 22 I
284 1800 152 28 recollected,'-
506 1802 58 24 such

42 1839 141 22 remittance
194 1839 49 22 had
251 1839 57 23 been
322 1839 77 26 made,
414 1838 44 24 but
468 1839 12 22 I
489 1840 77 23 would

44 1874 56 24 look
112 1877 42 21 tne
165 1874 82 24 books.
281 1875 13 23 I
303 1874 40 24 did
363 1882 34 20 so,
421 1875 48 23 and
491 1875 73 24 found

43 1912 54 24 that
106 1912 13 24 I
130 1919 49 16 was
202 1917 98 19 correct.
336 1915 5 10 '
352 1912 67 23 Read
441 1912 62 28 that,
535 1913 30 23 he

42 1949 60 26 said,
115 1949 108 29 handing
251 1956 38 16 me
317 1955 15 16 a
359 1948 77 24 letter.
470 1949 25 24 It
517 1957 48 16 was

42 1987 61 24 from
124 1987 141 24 Drontheim
284 1988 17 23 &
330 1987 50 27 Co.,
405 1987 160 31 complaining

43 2027 53 23 that
108 2034 14 15 a
133 2026 88 30 receipt
233 2026 48 23 had
293 2027 43 22 not
348 2025 58 24 been
419 2028 53 22 sent
478 2027 37 22 for
524 2027 40 24 the

43 2072 84 23 money
144 2064 79 24 which
241 2064 57 30 they
326 2063 47 24 had
399 2064 112 24 remitted
533 2072 31 16 on

44 2101 60 25 such
116 2101 48 24 and
176 2101 58 24 such
246 2110 13 14 a
271 2101 63 23 date.
368 2100 78 31 Again
473 2101 13 23 I
514 2101 50 25 told

42 2141 51 24 him
104 2141 55 24 that
169 2149 33 15 no
214 2141 58 23 such
284 2140 142 24 remittance
440 2141 47 24 had
503 2141 61 25 been

42 2178 115 28 received,
171 2180 24 21 at
204 2178 60 24 least
279 2177 31 31 by
321 2185 48 21 me,
395 2178 48 24 and
464 2179 54 23 that
545 2179 19 24 it

43 2215 50 24 had
104 2223 72 16 never
193 2214 59 24 been
277 2214 84 31 passed
388 2214 106 32 through
522 2216 42 24 the

43 2252 83 24 books.
160 2253 39 22 He
211 2251 59 24 then
282 2251 73 24 asked
368 2260 43 19 me,
434 2253 27 23 m
482 2253 82 24 rather

44 2299 29 16 an
86 2293 160 22 uncourteous
258 2299 56 22 way,
327 2291 76 23 which
416 2291 31 24 he
469 2299 48 17 was
540 2293 25 22 to

44 2327 90 24 believe
138 2341 28 3 —
167 2327 40 23 the
235 2326 158 24 Drontheims
421 2334 27 17 or
473 2336 44 16 me.
552 2328 14 24 I

44 2364 51 24 told
107 2364 50 23 him
173 2364 62 26 that,
252 2363 21 24 if
298 2363 12 23 I
338 2371 48 16 was
413 2368 43 20 not
483 2366 25 22 to
536 2364 29 25 be

44 2401 105 24 believed
161 2400 48 24 and
221 2400 98 28 trusted,
332 2399 13 24 I
356 2401 79 23 would
442 2401 67 24 leave
526 2402 38 23 his

44 2441 169 30 employment.
248 2439 56 25 And
332 2446 60 22 now,
427 2440 63 28 dear,
519 2449 46 23 you

44 2482 66 22 must
121 2480 56 23 bear
188 2487 32 23 up
232 2480 76 23 under
324 2481 64 22 what
415 2479 100 29 follows,
539 2488 27 17 or

44 2517 49 24 else
106 2516 68 24 allow
187 2524 36 14 me
231 2517 25 22 to
266 2516 57 30 keep
334 2516 20 24 it
362 2523 23 16 to
397 2517 93 30 myself.
494 2519 5 9 1

77 2559 5 9 '
93 2552 52 25 Tell
157 2561 40 15 me
209 2552 49 28 all,'
272 2552 51 24 said
334 2553 82 29 Edith,
423 2553 80 26 whose
514 2554 51 25 face

42 2598 49 17 ■was
103 2592 36 21 set
150 2590 48 23 and
213 2590 61 30 pale.

76 2627 79 29 'Well,
167 2628 64 26 dear,
244 2629 24 22 to
291 2628 43 29 put
345 2627 85 31 briefly
441 2629 64 24 what
515 2637 49 17 was

44 2667 52 24 said
108 2670 25 19 at
145 2665 157 25 considerable
313 2666 94 30 length,
419 2666 30 25 he
460 2667 51 24 told
525 2676 40 17 me

43 2706 63 29 that,
119 2705 125 31 according
255 2709 26 21 to
291 2706 39 23 his
352 2706 63 27 wife,
435 2715 47 22 you
505 2715 60 17 were

42 2743 43 24 the
96 2743 54 23 best
161 2743 95 23 dressed
268 2750 96 17 woman
375 2745 26 22 at
416 2744 52 24 that
486 2752 80 23 prom-

44 2782 75 24 enade
130 2783 95 23 ooncert
236 2790 47 23 you
293 2790 59 16 were
360 2783 48 23 last
418 2785 33 23 at.
462 2785 6 9 '

78 2820 46 22 'He
136 2820 78 29 might
225 2820 61 23 have
305 2820 52 23 told
373 2828 56 22 you,
449 2821 56 23 that
525 2822 40 22 his

44 2865 82 24 young
136 2858 54 23 wife
201 2865 48 16 was
261 2858 63 31 quite
336 2858 41 24 the
389 2860 76 27 worst,
475 2866 26 17 as
514 2859 52 25 well

42 2904 27 17 as
83 2897 39 24 the
164 2898 63 23 mo.st
271 2896 154 32 expensively
468 2898 97 26 dressed

42 2943 96 16 woman
149 2935 85 28 there,'
247 2936 44 24 she
302 2936 59 28 said,
373 2936 101 32 angrily.
500 2942 5 10 '
517 2938 49 24 But

41 2982 31 24 go
84 2982 37 20 on,
134 2974 65 28 dear,
209 2974 68 25 don't
290 2982 67 23 spare
379 2983 48 16 me.
461 2976 14 24 I
497 2976 68 26 know

42 3022 53 16 now
107 3013 52 24 that
168 3013 13 23 I
192 3013 61 24 have
266 3015 56 22 been
336 3015 172 30 extravagant.'

76 3056 6 11 '
93 3052 70 23 Then
175 3053 29 23 he
216 3053 51 23 said
282 3053 20 23 it
324 3060 47 16 was
388 3053 140 31 impossible
550 3056 14 23 I

41 3091 71 25 could
124 3091 66 25 dress
199 3099 46 25 you
256 3099 27 17 as
295 3091 67 33 I|jdid
380 3100 33 16 on
429 3093 38 24 the
487 3094 79 32 salary

42 3131 14 25 I
68 3131 61 24 had.'

24 3186 7 6 .
75 3173 5 10 «
90 3168 60 25 This
165 3168 71 25 made
247 3177 38 16 me
302 3177 83 22 angry,
408 3170 49 24 and
479 3171 14 23 I
515 3171 51 26 told

24 3199 111 49 Bte^e
148 3208 48 24 had
207 3208 103 31 nothing
317 3210 26 23 to
354 3209 31 24 do
397 3209 58 25 with
476 3210 53 25 how
551 3211 13 25 I

150 3255 40 23 my
202 3247 52 25 wife
266 3255 27 17 so
303 3248 59 31 long
373 3256 27 17 as
416 3248 14 25 I
457 3249 41 25 did
526 3258 40 24 my

259 3326 32 30 by
303 3326 84 30 saying
398 3328 53 23 that
468 3327 100 32 missing

157 3363 47 23 and
216 3363 152 24 overdressed
384 3363 86 24 clerk's
493 3364 73 25 wives

192 3401 123 30 explained
329 3409 45 15 one
392 3401 102 24 another
504 3403 24 22 m
551 3410 15 17 a

170 3438 133 31 employers
316 3446 60 16 were
387 3437 79 26 forced
478 3441 25 21 to
514 3439 51 25 deal

183 3512 31 24 he
226 3514 52 23 said
289 3514 60 28 that,
362 3513 85 28 Edith,
460 3514 14 23 I
486 3514 80 27 would

273 3558 32 17 on
322 3551 42 24 the
390 3558 58 23 spur
470 3551 27 24 of
522 3552 43 25 the

280 3589 39 23 his
340 3590 65 29 large
428 3589 138 31 consulting

338 3634 36 17 us.
409 3625 157 33 Fortunately

303 3664 59 26 time
385 3667 24 22 to
432 3665 134 26 remember

306 3711 62 19 man,
388 3704 48 25 and
459 3704 107 25 violence

307 3740 58 27 with
393 3748 58 20 wan
474 3749 32 19 o»
533 3749 32 19 an

656 156 105 31 equality
772 165 25 16 as
811 159 23 24 to
847 167 67 23 years
933 160 48 24 and
1001 162 45 31 plrj
1053 163 75 30 sique.
1162 163 13 24 I

655 196 87 21 cannot
752 196 94 24 remain
856 197 27 24 m
897 206 60 22 your
974 200 96 27 service,
1083 200 13 24 I
1114 201 59 27 said,

658 229 49 23 and
719 231 28 23 he
759 234 122 23 answered
891 235 53 24 that
956 236 101 30 perhaps
1069 237 19 23 it
1099 238 79 23 would

660 265 28 26 be
699 275 27 17 as
740 269 50 25 well
801 269 22 25 if
832 278 33 18 we
877 272 90 30 parted,
981 273 41 25 but
1037 275 53 24 that
1102 275 12 24 I
1131 275 47 24 had

659 303 78 26 better
749 310 40 19 not
801 309 102 30 attempt
915 311 25 23 to
950 311 67 24 leave
1029 311 40 25 the
1081 314 98 29 country

660 341 37 23 for
708 350 13 15 a
733 343 62 24 week
806 353 27 15 or
849 348 54 22 two.
938 348 30 22 In
997 349 70 23 other
1094 349 85 27 words,

660 380 85 30 Edith,
757 382 14 23 I
782 390 40 17 am
832 386 124 29 suspected
966 388 25 22 to
1004 388 25 22 be
1037 395 14 16 a
1062 387 117 30 criminal,

661 420 46 22 and
719 428 31 17 no
761 421 74 26 doubt
843 423 67 25 there
922 425 49 24 will
979 425 29 24 be
1029 435 14 14 a
1065 426 115 24 detective

660 459 122 31 watching
799 469 37 23 my
863 466 150 23 movements
1040 464 62 25 from
1130 465 50 24 this

660 495 58 24 time
729 497 64 25 forth
805 499 37 24 tiU
853 499 40 24 the
916 503 88 22 matter
1025 502 22 24 is
1069 502 109 25 cleared.'

693 533 148 31 •Shameful,
871 536 100 33 George,
1008 539 120 24 shameful
1158 541 20 22 1'

659 569 63 24 cried
734 571 84 30 Edith,
832 574 103 32 starting
946 583 31 23 up
986 576 126 31 excitedly,
1131 576 48 24 and

659 606 110 33 bursting
779 609 53 26 into
842 614 72 26 tears,
939 616 4 10 '
953 613 48 24 and
1023 613 32 24 all
1077 613 102 31 through

658 653 41 23 my
710 646 56 24 vain
778 647 66 32 folly.
880 649 45 29 Oh,
937 649 55 26 how
1003 650 13 25 I
1027 650 57 25 hate
1097 651 86 31 myself

658 683 35 23 for
703 682 113 33 bringing
823 686 59 24 such
895 695 29 15 an
934 687 145 26 undeserved
1088 689 92 24 trouble

658 720 48 23 and
729 721 106 31 disgrace
858 731 64 24 upon
943 732 57 24 you.
1034 725 50 25 But
1108 733 72 17 never

658 758 79 30 again,
751 766 38 20 no,
807 764 42 20 not
860 761 18 22 if
905 769 47 23 you
980 769 61 17 were
1063 764 68 23 twice
1152 771 27 16 as

658 794 51 24 rich
722 803 27 16 as
760 795 38 25 old
811 797 92 31 Ledger
914 798 104 30 himself,
1031 800 48 24 will
1090 800 13 24 I
1125 801 54 30 give

658 840 51 22 way
722 834 24 22 to
759 834 39 23 the
810 842 64 16 same
889 835 74 24 sinful
985 837 82 31 vanity
1090 838 86 30 again.'

691 873 5 10 '
707 869 81 28 Hush,
799 870 108 32 darling,'
920 873 53 24 said
990 874 101 30 George,
1103 875 77 31 rising

658 906 47 23 and
713 907 100 31 putting
824 908 39 24 his
876 917 48 16 arm
942 912 76 23 round
1035 911 44 24 her
1100 913 78 24 waist.

658 948 7 11 <
675 944 54 26 Yon
742 948 65 23 must
818 949 44 23 not
873 948 54 31 give
935 957 50 23 way
1002 950 27 24 m
1045 951 48 24 this
1114 952 64 24 fash-

658 982 49 29 ion,
721 984 46 23 and
780 992 45 22 you
837 986 69 23 must
917 989 43 21 not
973 987 75 25 excite
1067 989 112 30 yourself.

658 1021 14 24 I
683 1022 50 24 will
744 1030 46 23 pay
808 1031 69 23 every
895 1032 82 24 penny
1006 1034 35 17 we
1069 1035 47 16 owe
1144 1030 36 22 to-

658 1067 110 21 morrow,
781 1062 48 23 and
840 1061 13 24 I
869 1062 48 25 will
933 1062 51 25 lose
1005 1071 33 17 no
1065 1064 61 25 time
1152 1065 26 24 m

659 1096 97 33 seeking
770 1106 13 16 a
806 1099 116 24 situation
945 1100 136 25 elsewhere.
1114 1102 65 25 lam

657 1136 52 24 well
721 1136 87 25 known
821 1139 25 23 to
858 1138 33 24 all
903 1139 40 24 the
955 1139 141 26 Merchants
1103 1141 26 24 m
1138 1142 40 23 the

657 1174 65 23 trade
733 1183 26 15 a3
771 1174 111 31 Ledger's
898 1177 153 25 confidential
1063 1186 58 16 man
1133 1179 47 24 and

656 1211 78 30 surely
745 1211 14 22 I
769 1212 50 23 will
829 1214 39 28 get
876 1214 133 30 something
1018 1216 25 22 to
1051 1215 30 23 do
1090 1223 90 23 among

657 1246 77 25 them.
768 1247 14 24 I
792 1248 50 24 will
853 1249 51 30 give
916 1249 40 24 old
966 1249 113 33 Ledger's
1091 1259 27 17 as
1137 1260 41 23 my

657 1285 128 30 reference,
804 1287 47 24 and
875 1288 21 23 if
915 1288 32 24 he
968 1296 55 23 says
1046 1297 45 18 one
1114 1292 64 23 word

657 1322 95 31 against
762 1331 42 22 my
816 1324 120 24 character
948 1325 25 23 to
989 1333 14 16 a
1016 1326 77 31 single
1116 1327 61 26 soul,

656 1359 14 24 I
681 1360 48 24 will
740 1359 62 24 have
811 1360 52 24 him
876 1368 32 24 up
919 1361 37 24 for
966 1362 155 30 defamation,
1130 1365 48 23 and

657 1396 56 24 take
726 1404 65 16 more
803 1398 34 23 off
846 1398 50 23 him
909 1398 58 24 than
980 1399 12 23 I
1004 1400 70 24 could
1084 1409 58 16 earn
1152 1402 28 23 m

657 1437 46 19 two
714 1441 76 23 years.
825 1434 78 24 Never
909 1435 59 28 fear,
977 1436 85 29 Edith,
1076 1446 34 16 we
1119 1439 60 23 have

658 1472 51 24 still
719 1472 137 32 something
867 1475 26 23 to
904 1474 43 25 fall
969 1475 61 24 back
1053 1484 65 23 upon
1141 1479 37 24 till

658 1510 80 31 things
751 1512 77 24 mend.
838 1513 5 9 '

690 1549 53 27 'Oh,
756 1549 102 32 George,
994 1554 88 24 sobbed
1093 1555 85 28 Edith,

658 1592 6 10 '
673 1588 13 25 I
698 1597 45 16 can
754 1597 81 24 never,
846 1598 73 18 never
930 1592 29 24 be
970 1601 13 15 a
999 1593 62 32 good
1083 1595 96 31 enough

657 1626 55 25 wife
721 1629 24 22 to
754 1635 54 23 you.
817 1630 5 9 '

691 1666 115 32 George's
817 1668 110 33 assuring
937 1677 92 17 answer
1039 1673 89 23 cannot
1150 1672 30 24 be

657 1705 45 29 put
712 1705 53 24 into
785 1705 83 30 words,
880 1705 44 27 but
946 1707 75 26 Edith
1038 1708 142 32 brightened

658 1750 32 24 up
702 1743 61 24 after
773 1743 28 29 it,
813 1745 48 24 and
872 1745 42 26 she
929 1746 53 25 said
992 1747 89 31 firmly:

691 1782 28 24 'I
736 1783 63 24 have
822 1785 50 24 told
893 1793 55 23 you,
972 1786 99 32 George,
1095 1788 14 25 I
1131 1788 50 25 will

656 1827 75 18 never
742 1821 70 29 again
824 1821 29 25 be
864 1830 13 16 a
889 1822 49 26 fool
945 1823 27 24 m
984 1824 42 25 the
1044 1827 91 23 matter
1156 1826 27 25 of

657 1860 75 27 dress;
744 1860 44 24 but
799 1860 14 24 I
824 1861 50 23 will
883 1861 30 23 do
933 1863 137 31 something
1081 1864 99 25 besides.

658 1896 61 25 This
731 1905 56 24 very
799 1898 44 31 day
855 1899 68 32 Mary
935 1908 58 23 gave
1004 1909 39 16 me
1055 1909 14 17 a
1079 1903 101 24 months

657 1934 86 28 notice,
762 1942 27 17 as
811 1936 44 24 she
865 1936 22 24 is
908 1938 96 30 getting
1022 1940 111 24 married.
1166 1941 14 23 I

658 1971 63 24 shall
729 1973 44 22 not
784 1979 92 25 engage
884 1973 103 25 another
1008 1978 105 26 servant,
1136 1976 44 26 but

657 2011 30 23 do
708 2018 41 22 my
771 2018 52 17 own
840 2011 81 26 work.'

801 2058 35 24 To
847 2065 30 16 BE
889 2067 145 18 COHTINUBD.

658 2160 219 63 LOCAL
880 2160 40 63 and
917 2164 264 59 GENERAL

691 2296 172 30 Testimonial,
865 2312 33 5 —
898 2300 80 24 While
1009 2301 38 25 Mr
1082 2303 98 30 Stanley

657 2346 49 16 was
717 2339 26 24 m
755 2339 180 30 Christchurch,
944 2350 44 16 our
996 2343 91 32 worthy
1095 2345 84 30 photo-

657 2381 110 30 grapher,
785 2381 28 25 P.
830 2382 29 24 P.
888 2383 37 25 De
952 2384 83 29 Loree,
1064 2385 49 26 had
1137 2387 43 25 the

657 2421 96 27 honour
761 2423 27 24 of
799 2423 93 33 having
918 2432 31 18 an
977 2426 124 28 interview
1123 2429 57 26 with

658 2466 42 23 the
711 2468 69 28 great
792 2468 117 30 explorer,
921 2468 48 25 and
986 2469 38 26 his
1052 2470 52 25 wife
1131 2472 49 25 and

658 2508 51 23 Mrs
722 2508 117 25 Tennant.
873 2510 62 25 Last
945 2511 86 24 winter
1047 2512 32 24 he
1094 2514 86 30 photo-

658 2550 105 31 graphed
792 2552 40 23 the
859 2552 119 31 principal
1011 2554 73 25 views
1116 2556 62 26 from

660 2595 6 12 •
676 2592 106 24 Darkest
792 2592 97 30 Africa,'
900 2595 78 24 which
990 2595 32 25 he
1036 2597 144 30 reproduced

658 2634 31 32 by
703 2634 69 25 Lime
788 2635 77 32 Light
892 2637 48 23 and
966 2637 82 25 which
1075 2640 107 25 afforded

659 2679 67 29 great
736 2678 112 32 pleasure
858 2681 25 22 to
895 2679 42 26 the
954 2681 125 25 audiences
1096 2683 26 26 m
1138 2683 43 27 the

660 2720 123 25 Northern
794 2721 106 25 distriots
912 2722 78 25 where
1003 2724 33 24 he
1057 2725 124 25 exhibited

659 2762 39 25 his
715 2762 142 26 Panorama.
891 2764 94 32 During
1001 2765 43 25 the
1060 2766 122 28 interview

659 2805 30 24 he
700 2805 97 25 showed
808 2806 40 24 Mr
865 2806 99 31 Stanley
993 2816 67 18 some
1088 2809 27 27 of
1139 2810 43 26 the

659 2847 86 30 plates,
763 2846 48 25 and
836 2847 41 25 the
905 2850 66 29 great
999 2851 108 29 explorer
1135 2860 47 17 was

658 2888 92 32 greatly
776 2889 98 31 pleased
916 2890 60 26 with
1004 2892 75 25 them.
1130 2894 52 26 The

658 2931 125 31 following
794 2931 21 25 is
826 2940 13 16 a
851 2940 60 24 copy
922 2933 25 24 of
959 2942 14 16 a
983 2935 72 25 letter
1063 2936 79 25 which
1150 2937 32 24 he

659 2973 44 25 has
715 2974 105 26 received
837 2975 62 26 from
929 2976 55 26 that
1011 2977 171 34 distinguished

659 3023 95 23 person.

718 3048 50 24 The
778 3049 113 30 portraits
902 3050 27 24 of
937 3058 42 23 my
990 3051 93 25 officers
1105 3053 78 24 which

660 3097 45 24 you
717 3090 60 24 have
789 3091 71 24 taken
871 3091 63 25 from
945 3098 40 26 my
996 3093 62 24 book
1076 3095 48 24 and
1146 3103 37 18 re-

659 3133 121 30 produced
791 3133 31 33 by
830 3134 168 32 photography
1009 3143 33 17 on
1054 3136 81 29 slides,
1146 3138 37 25 for

659 3175 70 26 Lime
740 3176 76 31 Light
829 3177 143 26 Exhibition
990 3187 42 17 are
1051 3180 132 32 admirably

660 3218 61 25 done
733 3218 47 26 and
791 3218 50 26 will
852 3220 53 30 give
927 3222 25 22 to
975 3229 61 22 your
1056 3223 128 25 audiences

658 3262 12 25 t
681 3269 21 16 ie
710 3261 77 31 living
797 3262 173 32 presen(i«uent
981 3263 27 25 of
1015 3264 69 26 those
1093 3266 91 31 gontle.

661 3310 65 18 men.
761 3304 52 24 Mrs
827 3304 99 32 Stanley
938 3305 49 25 will
1011 3306 59 25 send
1097 3315 46 23 you
1171 3317 14 18 a

658 3345 154 32 photograph
823 3346 28 24 of
858 3347 88 30 myself
963 3349 25 23 to
1009 3348 47 25 add
1079 3351 24 24 to
1122 3358 62 23 your

660 3386 102 31 portrait
781 3387 98 30 gallery.

839 3428 77 26 Yours
936 3431 71 31 truly,

855 3471 89 26 Henry
956 3472 35 25 M.

658 3512 52 24 Mrs
723 3512 86 32 Stanly
820 3512 73 25 while
903 3516 25 22 at
940 3515 114 25 Dunedin
1071 3519 55 25 sent
1148 3526 32 18 an

657 3561 15 19 a
693 3563 64 22 i'.ogra
759 3580 5 5 4
773 3556 19 24 h
799 3556 34 26 let
844 3564 26 17 er
881 3557 49 25 and
942 3565 14 17 a
973 3559 94 24 cabinet
1090 3561 91 31 platino

658 3600 55 28 type
722 3599 100 29 portrait
834 3599 26 24 of
876 3599 92 33 Stanly,
992 3602 48 24 and
1057 3605 121 31 expressed

656 3639 41 26 the
715 3640 55 24 wish
790 3641 54 24 that
853 3643 42 23 she
924 3645 79 23 would
1029 3645 62 26 have
1120 3647 58 24 been

656 3689 57 23 very
724 3682 73 24 much
809 3683 97 31 pleased
917 3686 25 23 to
952 3686 60 26 have
1035 3695 55 19 seen
1110 3688 66 26 them

654 3731 33 20 on
698 3723 42 28 the
752 3732 90 25 screen,
853 3734 27 18 as
891 3727 59 34 they
967 3737 60 20 were
1055 3730 41 28 the
1126 3732 52 27 best

1268 187 41 23 she
1321 186 46 24 had
1378 195 65 17 seen.
1472 188 40 24 Mr
1523 189 36 23 Dr
1571 189 75 23 Loree
1657 189 45 24 has
1714 189 73 25 fram-

1265 229 30 23 ed
1306 229 57 24 both
1380 229 90 29 letters,
1488 231 50 23 also
1565 231 43 24 the
1635 231 150 31 photograph

1265 279 27 17 as
1303 280 13 16 a
1328 274 129 23 mornento.

1298 314 30 24 In
1339 315 118 24 reference
1479 318 25 23 to
1532 316 41 24 the
1595 316 72 25 death
1694 318 25 23 of
1746 318 41 24 Mr

1265 355 87 25 Brown
1380 357 78 24 which
1502 365 98 24 appears
1627 360 26 23 m
1687 361 100 23 another

1264 398 104 28 column,
1382 399 40 24 Mr
1436 399 85 25 Albert
1537 401 86 24 Brown
1643 402 97 30 nephew
1763 403 26 23 of

1267 439 42 24 the
1321 440 122 29 deceased,
1455 442 89 24 writes.
1579 443 49 23 The
1639 448 68 26 party
1731 445 56 23 with

1265 481 80 25 which
1353 490 41 24 my
1406 484 71 24 uncle
1493 492 49 16 was
1564 485 114 31 working,
1702 485 85 31 falling

1265 523 72 29 bush,
1350 525 87 24 missed
1448 525 52 25 him
1512 529 25 22 at
1548 528 41 23 the
1606 527 85 24 dinner
1712 529 73 28 table,

1265 567 47 23 and
1323 567 99 24 became
1432 576 100 23 uneasy.
1567 570 51 23 One
1630 570 27 23 of
1665 571 40 22 the
1717 573 69 29 party

1266 610 60 23 went
1337 609 24 24 m
1383 610 89 29 search,
1495 611 47 24 and
1565 619 46 16 was
1631 612 107 24 horrified
1763 616 26 21 to

1265 650 52 25 find
1339 651 53 25 him
1415 654 101 23 crushed
1537 654 100 24 beneath
1660 663 14 15 a
1705 656 82 30 falling

1267 698 57 20 tree.
1359 694 52 24 The
1422 696 113 24 deceased
1546 696 79 25 leaves
1638 705 13 15 a
1663 697 55 25 wife
1740 699 48 23 and

1267 736 66 24 three
1344 737 107 25 children
1465 740 25 23 to
1500 746 88 18 mourn
1599 739 40 25 his
1650 741 55 24 loss.

1293 800 200 23 Oddfellowship,
1494 813 27 3 —
1521 802 46 21 The
1577 803 64 20 usual
1655 804 134 26 fortnightly

1265 836 98 26 meeting
1373 837 24 20 of
1404 838 39 19 the
1450 838 67 26 Loyal
1524 839 82 20 Oxford
1612 840 73 26 Lodge
1692 841 34 20 No
1735 841 53 22 6172

1267 877 42 15 was
1317 872 54 21 held
1380 880 28 14 on
1418 873 111 28 Saturday
1537 875 113 26 February
1672 877 40 20 6th
1735 878 52 19 1592

1265 909 73 26 owing
1353 910 24 19 to
1386 910 39 21 the
1444 911 93 20 absence
1542 912 23 20 of
1574 913 36 19 the
1619 913 28 19 N.
1658 914 25 19 G.
1694 914 96 26 through

1265 945 77 22 illness
1350 946 40 21 the
1400 947 25 20 G.
1437 947 32 21 M.
1490 948 49 21 Bro.
1562 949 20 20 J.
1606 949 25 20 R.
1657 950 130 24 Younijaian

1265 983 103 26 presided
1383 984 47 20 who
1439 985 83 25 opened
1535 985 40 21 the
1601 986 75 28 Lodge
1697 988 24 20 m
1744 990 43 20 due

1266 1021 65 20 form.
1360 1021 45 21 The
1415 1024 104 19 accounts
1530 1024 45 20 and
1597 1025 95 20 minutes
1711 1025 25 20 of
1749 1026 39 21 the

1265 1058 101 25 previous
1377 1059 97 26 meeting
1484 1066 54 14 were
1547 1061 52 20 read
1609 1061 44 21 and
1663 1061 118 22 confirmed

1266 1094 187 26 Correspondence
1467 1102 45 14 was
1529 1097 101 20 received
1647 1098 57 19 from
1721 1098 68 25 Loyal

1267 1131 110 25 Rangiora
1386 1131 76 26 Lodge
1469 1132 46 20 and
1521 1132 70 26 Loyal
1599 1134 82 20 Hearts
1699 1134 24 20 of
1740 1136 49 19 Oak

1267 1167 80 26 Lodge,
1359 1167 115 22 Carterton
1483 1169 24 19 N.
1518 1169 18 21 I.
1546 1170 45 20 and
1600 1170 60 21 dealt
1669 1171 55 20 with
1731 1172 60 20 after

1267 1204 70 19 which
1347 1205 104 19 accounts
1460 1206 131 25 amounting
1604 1208 23 18 to
1637 1208 37 18 .£6.
1686 1208 32 19 15.
1735 1214 54 14 were

1265 1240 80 24 passed
1362 1240 34 20 for
1413 1243 105 23 payment
1551 1242 47 21 The
1622 1244 83 25 receipt
1722 1244 66 25 being

1266 1276 53 25 14/7.
1350 1277 46 21 The
1408 1277 70 26 Lodge
1487 1285 44 14 was
1546 1278 52 21 then
1608 1279 72 22 closed
1689 1280 24 20 m
1722 1287 66 19 peace

1265 1313 45 21 and
1328 1313 118 27 Harmony.

1264 1370 164 22 Anntvebsart.
1429 1383 28 3 —
1457 1372 33 21 On
1506 1372 91 28 Sunday
1614 1372 44 23 last
1667 1374 38 21 the
1723 1379 64 16 amr-

1264 1413 20 13 v.
1290 1414 61 18 rsary
1360 1409 24 19 of
1394 1409 35 20 the
1439 1409 63 21 West
1511 1410 82 20 Oxford
1602 1411 26 19 U.
1636 1411 31 25 M,
1675 1411 25 21 F.
1718 1411 67 20 Chur-

1263 1444 28 20 ch
1299 1444 48 21 Sun
1353 1445 37 26 lay
1407 1445 77 21 School
1502 1452 42 14 was
1561 1448 52 20 held
1639 1449 65 21 when
1725 1451 64 20 three

1265 1480 101 21 Sermons
1375 1489 56 14 were
1437 1484 111 24 preached
1556 1486 31 25 by
1596 1486 40 20 the
1643 1487 51 20 Bey.
1702 1487 23 20 J.
1732 1487 57 21 Ben-

1265 1517 61 26 ning.
1354 1517 146 28 Considering
1509 1520 39 21 the
1557 1527 51 19 very
1618 1524 171 27 unsatisfactory

1265 1554 59 21 state
1334 1554 23 20 of
1366 1555 37 21 the
1413 1557 96 21 weather
1523 1557 35 21 the
1568 1560 165 25 congregations
1742 1562 45 20 and

1266 1592 126 21 collections
1405 1600 56 14 were
1479 1600 52 21 very
1540 1596 61 25 good.
1631 1597 34 21 On
1685 1598 93 21 Wednes

1268 1628 43 27 day
1321 1630 24 20 at
1354 1630 26 21 10
1389 1631 80 20 o'clock
1478 1632 40 21 the
1526 1632 101 22 children
1637 1636 152 25 accompanied

1267 1666 30 26 by
1307 1666 38 21 the
1355 1667 102 21 teachers
1465 1669 44 20 and
1519 1669 90 26 friends,
1620 1670 44 22 left
1671 1672 39 20 the
1719 1672 70 21 Chur-

1268 1703 28 21 ch
1304 1703 39 21 for
1354 1704 33 20 Mr
1404 1704 122 28 Haughie's
1540 1707 106 26 paddock,
1657 1708 69 21 which
1747 1717 42 14 was

1267 1740 78 27 kindly
1354 1742 52 20 lent.
1433 1743 37 26 At_
1474 1750 42 14 one
1525 1745 80 20 o'clock
1613 1746 39 20 the
1661 1747 49 19 rain
1720 1748 35 19 set
1766 1748 24 19 m

1267 1778 71 20 which
1351 1780 147 20 necessitated
1508 1780 76 26 taking
1591 1782 39 20 the
1648 1783 100 20 children
1765 1784 24 20 to

1267 1814 39 21 the
1317 1815 133 22 Oddfellows
1459 1817 60 23 Hall,
1530 1818 72 21 where
1607 1818 53 28 they
1669 1820 120 27 thorough-

1266 1852 25 25 ly
1309 1852 93 26 enjojed
1424 1853 208 29 themselvesjjuntil
1654 1856 55 24 7.30,
1726 1857 64 20 when

1265 1889 56 25 they
1330 1888 121 27 adjourned
1460 1891 23 19 to
1492 1891 39 20 the
1538 1891 82 21 ohurch
1629 1892 35 21 for
1671 1893 40 20 the
1714 1894 74 25 public

1267 1926 109 24 meeting..
1394 1927 49 20 The
1451 1927 53 21 Rev.
1525 1927 32 24 J._
1566 1929 104 26 Beaming
1686 1931 105 25 occupied

1266 1961 39 20 the
1323 1961 67 21 chair.
1418 1962 86 27 During
1531 1963 39 21 the
1591 1966 96 25 evening
1703 1966 86 20 several

1266 1999 79 25 hymns
1355 2004 55 18 we:.e
1418 2006 58 19 sung
1488 2000 31 25 by
1527 2001 39 21 the
1575 2002 104 23 children,
1699 2009 29 13 an
1751 2009 40 14 ex-

1267 2036 82 20 cellent
1358 2037 92 21 address
1459 2044 29 14 on
1495 2039 85 24 Sunday
1591 2039 78 21 School
1678 2040 58 20 work
1745 2047 45 14 was

1267 2072 65 26 given
1342 2072 97 26 byMrL
1454 2073 89 21 Wafaon
1553 2075 24 19 of
1589 2075 123 21 Woodside.
1728 2076 60 20 Solos

1267 2114 54 15 were
1330 2108 67 27 given
1406 2110 31 26 by
1446 2110 44 21 Mrs
1497 2110 24 20 L.
1531 2110 100 25 Watson,
1641 2112 46 21 and
1695 2111 53 22 Miss
1756 2114 32 19 M.

1266 2145 75 26 Lamb,
1353 2147 45 20 and
1406 2153 15 14 a
1430 2147 65 21 duett
1502 2148 31 26 by
1541 2148 40 21 the
1585 2148 11 29 Jj
1604 2148 76 23 Misses
1699 2150 31 20 M.
1746 2150 45 21 and

1267 2182 24 21 L.
1318 2182 100 27 Comyns,
1437 2183 47 21 Mrs
1501 2185 102 24 Stenson,
1618 2186 46 20 and
1681 2186 56 21 Miss
1754 2187 31 20 M.

1267 2218 70 22 Lamb
1350 2220 105 28 presided
1471 2221 25 22 at
1510 2221 41 22 the
1568 2222 147 22 harmonium.
1742 2223 47 21 The

1267 2256 90 21 ba'ance
1367 2258 62 21 sheet
1446 2258 46 21 and
1508 2260 74 24 report
1600 2260 23 19 of
1641 2260 38 21 the
1697 2260 91 26 Sunday

1268 2293 77 20 School
1355 2300 55 14 were
1420 2294 52 20 read
1479 2295 28 25 by
1519 2295 38 20 the
1575 2296 119 26 Secretary,
1718 2298 71 19 which

1267 2329 88 21 showed
1363 2330 93 26 receipts
1471 2332 24 20 to
1504 2331 27 21 be
1540 2332 33 21 £7
1587 2334 42 21 10s,
1644 2333 45 20 and
1707 2339 82 20 expen-

1268 2368 74 19 diture
1360 2368 32 20 £7
1406 2369 24 19 5s
1444 2368 47 24 lid,
1515 2369 90 26 leaving
1624 2376 14 13 a
1657 2370 88 21 balance
1768 2371 22 20 of

1267 2403 157 29 4s/lld.£§]The
1442 2406 75 26 report
1526 2406 89 21 showed
1624 2406 26 21 66
1659 2407 95 21 scholars
1762 2414 29 13 on

1266 2441 39 21 the
1311 2441 43 21 roll
1363 2442 24 21 at
1400 2441 39 22 the
1448 2442 44 21 end
1502 2442 22 21 of
1532 2442 38 21 the
1579 2449 58 21 year,
1651 2444 13 21 6
1681 2444 110 25 teachers,

1267 2479 43 20 two
1325 2479 63 24 male,
1415 2479 45 21 and
1486 2480 52 20 four
1559 2481 99 22 females..
1685 2482 106 26 Fifty-six

1268 2515 95 21 scholars
1373 2517 40 19 out
1419 2516 24 19 of
1460 2517 102 25 sixty-six
1580 2524 28 13 on
1624 2518 38 20 the
1679 2519 41 20 roll
1738 2519 51 21 took

1267 2552 76 26 prizes.
1373 2552 45 20 The
1434 2554 73 24 prizes
1521 2560 57 15 were
1604 2554 131 21 distributed
1761 2555 30 26 by

1268 2589 34 19 Mr
1321 2590 23 20 L.
1368 2590 97 24 Watson,
1484 2591 46 22 and
1556 2592 40 21 the
1621 2594 95 25 meeting
1747 2601 44 14 was

1267 2625 92 24 brought
1368 2627 23 19 to
1401 2633 14 13 a
1423 2627 56 21 close
1487 2628 30 26 by
1528 2628 36 21 the
1582 2629 98 22 chi'dren
1699 2630 90 27 singing

1267 2659 72 24 ''God
1356 2663 27 21 be
1397 2663 53 21 with
1544 2666 44 20 and
1614 2667 39 22 the
1678 2667 112 22 chairman

1268 2702 153 27 pronouncing
1426 2702 38 20 the
1472 2702 149 24 Benediction.

1294 2754 50 21 The
1363 2756 76 21 Payne
1449 2756 91 22 Family
1571 2769 3 6 .
1586 2758 45 20 The
1642 2759 76 26 Payne
1726 2759 65 21 Fam-

1267 2791 33 26 ily
1308 2797 57 20 gave
1374 2793 93 22 another
1475 2793 24 22 of
1507 2794 59 22 their
1577 2795 92 25 popular
1686 2796 104 24 Concerts

1268 2829 25 19 to
1301 2835 15 13 a
1324 2830 101 19 crowded
1432 2830 68 20 house
1509 2837 28 13 on
1547 2832 109 27 Saturday
1672 2833 52 25 last,
1744 2835 46 20 this

1268 2865 20 19 is
1297 2865 40 21 the
1350 2864 50 22 first
1408 2866 120 27 travelling
1542 2873 106 23 company
1665 2870 53 21 that
1734 2871 57 21 have

1269 2901 118 23 succeeded
1396 2902 24 22 m
1438 2902 99 27 drawing
1554 2905 97 23 crowded
1669 2906 80 23 houses
1766 2908 25 20 m

1270 2937 89 22 Oxford.
1395 2938 74 23 When
1491 2940 40 21 the
1539 2940 48 21 fact
1604 2942 20 21 is
1639 2942 80 23 known
1728 2943 64 23 other

1270 2974 56 26 good
1335 2975 125 26 companies
1469 2976 45 20 will
1522 2982 43 21 pay
1573 2978 82 22 Oxford
1664 2985 14 14 a
1687 2980 50 21 visit
1747 2980 45 23 and

1270 3016 30 16 we
1309 3011 57 25 hope
1375 3011 45 23 will
1428 3015 59 19 meet
1500 3013 55 23 with
1563 3015 40 21 the
1620 3022 60 15 same
1698 3023 93 14 success.

1298 3067 85 21 School
1391 3068 163 23 OoMsnTTBB—
1554 3070 20 21 A
1596 3072 82 26 special
1695 3074 98 26 meeting

1270 3103 46 22 will
1327 3103 29 23 be
1364 3104 53 24 held
1425 3110 28 15 an
1471 3107 97 28 Monday
1585 3109 54 21 next
1647 3110 24 22 at
1679 3109 20 22 7.
1710 3110 26 21 30
1743 3117 48 20 p.m.

1298 3163 68 21 Band
1375 3169 29 14 op
1412 3170 86 14 hoph—
1498 3164 20 23 A
1533 3165 66 24 Band
1607 3166 24 23 of
1646 3168 61 27 Hope
1726 3170 68 22 meet-

1271 3199 40 28 ing
1320 3199 46 21 will
1374 3200 28 20 be
1411 3201 54 20 held
1473 3201 23 20 m
1504 3202 40 20 the
1554 3203 88 22 U.M.F.
1659 3204 88 22 Churoh
1765 3212 29 15 on

1270 3236 138 26 Wednesday
1417 3239 52 19 next
1475 3239 23 19 at
1506 3237 14 22 7
1528 3244 21 20 p.
1556 3246 29 14 m.

1298 3293 65 23 MrF,
1373 3293 23 23 B.
1409 3294 66 25 Lane,
1496 3295 163 31 Watchmaker,
1674 3298 120 28 Baagiora,

1272 3329 47 20 will
1326 3336 42 20 pay
1377 3331 36 20 his
1422 3333 64 20 usual
1495 3335 100 27 monthly
1599 3337 54 22 visit
1662 3342 26 15 on
1693 3338 40 23 the
1742 3338 54 20 19th

1272 3365 45 22 and
1325 3366 53 22 20th
1387 3368 53 22 inst.
1468 3369 79 23 Orders
1566 3378 51 21 may
1625 3373 28 21 be
1662 3375 43 21 left
1714 3377 25 20 at
1759 3377 36 20 Mr

1272 3401 112 23 Weeber's.

1915 181 50 25 Our
1984 184 102 28 Readers
2113 191 50 24 wilt
2194 196 143 25 understand
2366 199 37 24 the

1880 226 116 18 enormous
2007 224 127 30 difficulties
2144 231 24 21 m
2178 231 35 23 the
2224 240 52 23 way
2295 237 31 28 of
2342 238 59 22 clos-

1876 258 38 29 ing
1926 260 109 32 drinking
2058 265 68 31 shops
2147 270 25 21 m
2191 270 121 33 Evgland,
2335 276 65 25 when

1876 299 50 28 they
1938 303 57 21 read
2011 303 35 24 the
2063 308 123 30 following
2195 318 43 14 :~

1909 339 50 25 The
1984 342 190 39 Parliamentary
2196 355 84 24 return
2313 359 27 22 of
2359 359 43 23 tie

1877 383 90 20 owners
1990 381 26 24 of
2046 385 48 24 two
2114 394 27 17 or
2162 396 66 19 more
2250 395 150 26 un-licensed

1878 416 96 30 houses,
1986 423 105 31 recently
2101 425 80 26 issued
2193 430 26 22 at
2234 431 41 24 the
2290 433 111 26 instance

1879 454 26 24 of
1925 455 40 25 Mr
1987 458 133 33 Summers,
2134 465 36 30 M,
2177 467 46 30 P.,
2246 471 80 26 shows
2346 475 55 26 that

1879 496 46 21 172
1938 498 117 26 members
2067 501 27 25 of
2102 503 40 25 the
2168 506 85 27 House
2275 511 25 23 of
2323 513 96 31 Lords*

1879 540 52 17 own
1956 538 69 26 1,539
2045 539 107 28 licensed
2185 546 159 35 drinkshops;
2368 532 52 45 19*

1878 571 76 26 dukes
1965 575 57 25 hold
2030 579 55 28 321,
2094 582 31 24 12
2133 586 135 30 marquises
2275 588 58 26 hold
2344 593 54 28 106,

1879 611 30 24 74
1921 614 63 24 earls
1995 615 56 25 hold
2065 621 53 27 645,
2134 624 15 23 7
2160 624 109 27 viscount
2281 629 56 25 hold
2358 632 31 24 45

1878 656 49 46 Z
1935 651 31 24 Bl
1967 653 43 51 l°
2010 656 43 48 P^
2056 658 117 32 OMatWOj
2191 665 47 24 and
2261 668 30 23 69
2312 669 28 24 ba
2342 678 57 17 *™s

1878 687 56 24 420.
1969 690 49 25 The
2031 693 90 33 Bishop
2142 699 26 23 of
2179 700 113 27 Llandaff
2312 706 22 24 is
2356 708 43 25 the

1878 726 56 31 only
1946 728 91 34 Bishop
2048 740 31 17 on
2104 736 41 25 the
2155 738 48 26 list.

1910 773 97 27 Charles
2020 778 104 33 Yriarta,
2138 792 44 17 one
2203 788 28 24 of
2239 790 42 24 the
2300 791 99 32 highest

1877 811 105 25 authont
1983 821 35 17 les
2029 818 112 27 onltali
2142 830 12 14 a
2157 831 13 15 n
2194 826 92 33 history
2307 830 25 24 m
2356 832 43 25 the

1877 848 90 36 Middle
1967 848 76 36 Ages,
2066 858 43 24 has
2131 860 58 26 been
2211 865 123 35 following
2366 880 33 21 up

1877 887 39 23 the
1927 893 180 30 investigation,
2119 900 67 25 made
2199 903 28 31 by
2239 905 160 32 Gregorovius

1878 925 59 24 with
1969 934 93 26 respect
2092 936 26 23 to
2150 938 42 24 the
2224 942 123 29 character
2374 948 28 25 of

1878 963 116 28 Wezia
2005 968 95 34 Borgia,
2112 976 47 24 and
2170 981 93 29 acquits
2276 983 47 30 her,
2333 994 66 22 upon

1877 1001 77 26 which
1964 1012 75 19 seems
2052 1011 24 21 to
2088 1010 29 25 be
2128 1016 82 29 ample
2231 1021 47 21 and
2301 1025 97 22 conclu-

1878 1045 50 17 sive
1939 1042 120 31 evidence,
2072 1048 25 22 of
2107 1049 40 24 the
2165 1054 87 25 crimes
2274 1061 125 30 popularly

1876 1080 109 28 imputed
1997 1084 25 22 to
2042 1085 47 24 her.
2126 1088 49 25 She
2196 1100 50 17 was
2267 1097 96 25 neither
2385 1108 16 16 a

1878 1122 107 21 prisoner
1996 1127 43 16 nor
2049 1130 30 15 an
2097 1126 131 27 unfaithful
2250 1133 54 26 wife
2349 1136 50 25 She

1876 1157 74 19 never
1961 1154 44 24 had
2018 1165 13 15 a
2044 1166 42 17 son
2097 1165 87 23 named
2208 1166 113 29 Gennaro
2331 1180 6 21 ;
2350 1174 48 25 and

1878 1188 69 25 while
1958 1192 44 24 she
2013 1201 49 18 was
2073 1204 44 17 one
2128 1201 27 22 of
2168 1202 43 24 the
2233 1209 62 21 most
2306 1216 93 18 accom-

1875 1226 95 29 plished
1987 1232 47 23 and
2056 1233 112 28 beautiful
2192 1249 94 19 woman
2309 1247 28 23 of
2354 1249 46 24 her

1876 1265 82 29 epoch,
1971 1267 42 25 the
2025 1270 126 29 Chevalier
2161 1275 94 33 Baynrd
2262 1289 137 23 pronounc-

1876 1302 29 22 ed
1916 1302 46 25 her
1971 1307 115 28 goodness
2105 1314 26 22 to
2151 1314 63 26 have
2236 1321 110 27 equalled
2358 1323 41 24 her

1878 1343 93 28 beauty,
1984 1345 47 23 and
2043 1348 118 31 eulogises
2172 1352 43 25 the
2226 1359 125 24 sweetness
2374 1362 29 24 of

1876 1377 44 24 her
1930 1378 143 33 disposition
2084 1387 47 23 and
2141 1388 45 25 her
2197 1390 110 29 devotion
2319 1398 26 23 to
2352 1397 47 26 her

448 38 163 31 OXFORD
674 40 88 30 AND
806 42 104 29 CUST
953 42 220 33 OBSERVER
1217 46 231 38 SATURDAY,
1490 48 224 32 FEBRUARY
1739 52 46 35 13,
1810 53 87 30 1892.

1269 3578 100 26 Printed
1391 3581 49 25 and
1478 3582 93 28 Publis]
1583 3587 29 23 ed
1622 3587 32 31 Ly
1680 3588 112 29 Richard

1301 3632 104 27 llolman
1426 3634 98 31 Parish,
1548 3640 26 23 at
1591 3639 40 25 hia
1650 3641 142 32 Kegisfcered

1301 3685 111 33 Printing
1424 3686 82 31 Oflßoe,
1529 3690 66 31 Hifh
1620 3692 88 31 Street,
1732 3696 61 24 East

1299 3739 97 27 Oxford.
1407 3740 149 29 C%Titerburv
1559 3762 6 11 4

1877 1547 316 49 PRELnmrAR7
2233 1561 161 43 NOTICE.

1901 1644 78 46 .MB
2018 1648 204 37 DELOEEE
2277 1660 120 33 intends

1877 1694 106 32 giving
2003 1688 47 31 his
2071 1690 130 35 Lecture
2229 1708 40 19 on

1878 1725 65 29 kest
1957 1729 135 37 Africa/
2108 1733 32 30 m
2154 1735 87 31 West
2269 1740 128 37 Oxford,

1877 1766 92 30 about
1978 1769 53 31 the
2043 1771 80 31 22nd
2147 1774 71 31 inst.
2262 1778 56 32 See
2347 1784 52 27 ad-

1877 1807 193 33 vertisement
2101 1813 32 30 m
2173 1821 76 26 next
2289 1822 110 33 week's

1877 1855 89 21 issue.

1962 1947 131 46 for
2133 1945 177 56 Sale.

1909 2053 46 26 DE
1969 2057 141 28 LOBEE'S
2124 2064 66 29 Shop
2213 2067 50 23 and
2274 2067 125 34 dwelling,

1876 2095 85 30 house,
1970 2099 60 24 with
2042 2102 32 31 2£
2083 2111 64 17 acres
2170 2106 32 24 of.
2216 2109 76 25 Land.
2316 2111 85 29 Terms*

1876 2145 56 25 very
1943 2147 63 25 easy,
2023 2142 80 34 Apply
2114 2148 33 29 to,
2156 2148 40 25 Mr
2205 2151 27 25 J.
2241 2151 111 32 Ingram.

1938 2249 51 31 TO
2018 2252 195 36 FARMEBS
2250 2262 87 32 AND

2051 2293 173 36 OTHERS.

1878 2387 450 45 GRIFFIIHSBROTHERS
2337 2405 62 31 wiU

1876 2436 116 35 convey
2006 2431 87 33 Wool
2107 2436 31 30 m
2154 2440 86 31 small
2254 2450 34 21 or
2314 2444 85 40 large

1877 2474 173 35 quantities,
2062 2479 31 25 to
2112 2477 164 41 Rangiora,
2304 2483 89 32 Kaia,

1876 2518 58 28 pio,
1951 2521 36 18 or
2014 2514 225 42 Christchurch,
2265 2528 32 25 at
2324 2535 75 24 very

1873 2549 58 30 low
1945 2554 89 28 rates.

1879 2678 170 29 WANTED
2066 2687 33 23 aU
2110 2689 25 23 to
2148 2692 35 28 try
2195 2690 95 28 Allen's
2310 2695 89 25 Excel.

1892 2716 27 21 TT
1966 2716 52 25 lent
2030 2716 110 35 Remedy
2150 2721 37 24 for
2197 2724 42 24 the
2260 2725 49 27 Bat
2330 2728 69 32 Fly's

1877 2749 56 31 bite,
1950 2753 40 24 the
2013 2755 88 27 known
2135 2760 88 27 vicious
2256 2772 86 26 enemy
2374 2768 27 25 of

1876 2789 92 30 horses,
2004 2794 35 25 To
2052 2796 27 25 be
2095 2798 114 28 obtained
2230 2803 72 31 from,

1877 2829 83 49 Junes
1971 2833 79 28 Allen,
2063 2835 121 34 Vetenaiy
2197 2840 118 31 Surgeon,
2338 2845 61 23 East

1877 2865 98 28 Oxford.
2008 2869 31 25 In
2062 2873 73 25 boxes
2156 2876 26 24 at
2210 2878 50 30 1/6,
2293 2888 32 16 an
2357 2881 44 27 2/9

1877 2904 65 25 each.

1920 3012 51 78 IN
2012 3015 61 30 this
2122 3028 69 23 now
2234 3023 166 38 important

1957 3054 116 31 branch
2088 3058 32 29 of
2138 3069 52 29 my
2218 3062 138 32 business
2383 3064 17 30 I

1879 3091 77 30 have
1984 3097 125 30 secured
2136 3099 53 32 the
2224 3112 75 31 very
2333 3105 68 30 best

1879 3135 115 29 cutters
2008 3135 33 31 m
2054 3137 53 31 the
2121 3141 117 40 oolony,
2253 3143 147 32 therefore

1879 3182 61 28 you
1954 3184 55 23 can
2024 3177 116 40 depend
2156 3192 81 29 upon
2251 3186 119 38 getting
2382 3196 19 20 a

1879 3214 117 36 perfect
2022 3218 46 29 fit.
2111 3219 55 41 My
2197 3224 142 31 selection
2370 3226 44 29 of*

1879 3253 77 30 New
1968 3256 135 32 Zealand
2117 3260 133 39 Tweeds,
2295 3266 106 39 Serges

1881 3295 61 29 and
1956 3295 104 43 Fanoy
2089 3299 142 43 Coatings
2245 3305 26 29 is
2286 3316 56 20 one
2370 3306 31 29 of

1882 3334 52 31 the
1947 3337 116 39 largest
2071 3340 31 29 m
2117 3342 53 30 the
2184 3344 121 31 district
2312 3346 89 30 while

1881 3374 17 29 I
1914 3382 163 30 guarantee
2105 3391 51 29 my
2183 3384 100 37 prices
2306 3390 31 24 to
2366 3386 35 28 be

1882 3415 62 28 still
1959 3416 94 31 about
2082 3420 38 29 25
2135 3431 54 28 per
2217 3428 68 26 cent
2312 3426 89 30 lower

1880 3454 76 30 than
1984 3458 98 37 prices
2110 3463 124 40 usually
2262 3465 139 40 charged,

1880 3493 50 30 All
1971 3499 113 29 tweeds
2126 3511 52 20 are
2219 3504 184 44 thoroughly-

1879 3533 125 39 shrunk,
2016 3539 221 44 workmanship
2248 3546 61 29 and
2324 3545 77 41 style

1878 3576 109 29 second
2001 3579 33 28 to
2061 3589 88 27 none,
2405 3589 18 30 %■

1938 3615 178 39 KAIAPQI
2171 3623 209 41 CMTHINQ

2041 3670 195 36 FACTORY.

1924 3704 52 42 R.
2022 3708 56 40 H.
2126 3712 234 49 PARISH,

2008 3749 89 34 East
2119 3752 144 41 Qxfor©,
