2550 4050
1203 56 97 33 THE

49 124 455 130 NEW
611 112 868 134 ZEALAND
1583 107 859 139 GAZETTE

1222 274 97 31 AND

45 305 1143 164 WELLINGTON
1302 305 1142 164 SPECTATOR.

573 507 218 39 PUBLISHED
836 506 131 37 EVERY
1012 501 257 40 WEDNESDAY
1310 501 89 37 AND
1443 498 228 38 SATURDAY
1716 497 204 37 MORNING.

607 623 110 32 PORT
738 620 256 35 NICHOLSON,
1018 617 226 32 SATURDAY
1265 616 209 33 MORNING,
1495 614 198 32 JANUARY
1715 618 29 31 6,
1772 616 77 27 1844

2239 609 94 39 [Vol.
2356 609 52 30 IV.

87 631 64 30 No.
173 629 89 37 313.1

226 722 54 20 For
295 719 125 24 London,

66 759 42 22 For
119 757 56 27 light
183 755 83 27 freight
275 754 45 22 and
329 759 129 22 passengers
469 751 58 27 only,
538 750 41 21 has
588 749 30 22 all

38 787 39 21 her
93 785 57 21 dead
165 783 84 26 weight
263 780 109 28 engaged,
382 779 45 22 and
443 778 44 22 will
501 776 116 29 positively

40 822 25 13 ue
76 810 129 29 dispatched
215 816 30 15 on

145 843 64 20 15th
234 837 189 26 JANUARY,
449 838 61 25 1844,

196 875 45 20 nn
258 873 22 22 H
296 872 19 22 E
403 870 43 21 fine
534 869 85 27 barque

73 895 95 34 jmsEL
202 890 31 31 -L
303 896 254 25 INDEMNITY,

63 921 118 35 JjBBBPk
208 928 43 21 312
269 929 55 23 tons,
336 926 26 21 R.
377 922 116 28 Sedgwick
508 929 112 16 comman-

41 946 149 38 _^_D_^_V
210 954 46 26 der,
272 952 41 22 has
332 959 41 14 one
387 954 61 18 stern
464 949 63 22 cabin
546 949 74 21 disen-

41 973 151 36 Sj_^__^__B|
209 979 81 28 gaged,
299 978 42 23 and
352 976 103 29 splendid
468 975 153 23 accommoda-

210 1008 58 21 tions
275 1006 35 21 for
319 1004 158 23 intermediate
484 1009 136 21 passengers,

41 1041 52 22 with
111 1048 14 14 a
141 1039 79 23 liberal
237 1039 92 26 dietary.
358 1037 43 22 For
417 1041 67 17 terms
501 1036 24 21 of
540 1034 80 26 which,

42 1067 64 29 apply
115 1070 23 18 to

217 1096 6 6 *
256 1092 130 24 RIDOWAYS,
399 1090 105 25 GUYTON,
520 1089 21 21 &
555 1089 37 20 Co.

70 1126 143 27 Wellington,
225 1125 125 21 December
360 1125 32 24 19,
404 1124 61 20 1843.

69 1174 53 20 For
141 1171 126 24 London,
282 1169 45 21 via
345 1168 163 24 Newcastle,
527 1168 68 19 New

230 1196 85 22 South
334 1195 99 20 Wales.

81 1232 28 21 To
119 1231 41 20 sail
168 1236 25 14 on
204 1236 26 14 or
240 1229 62 20 about
312 1227 33 21 the
356 1227 51 20 llth
418 1226 104 25 January,
533 1226 62 20 1844.

86 1286 17 5 w
100 1262 56 29 r2&L
208 1265 91 26 fpHE
326 1265 43 21 fine
399 1263 43 21 fast
468 1262 80 28 sailing
574 1262 51 26 brig

75 1309 6 14 I
81 1284 106 39 _EJ_|^
215 1284 27 30 _L
340 1290 199 24 GANNETT,

71 1312 119 35 XTtk^le
220 1320 40 22 has
269 1326 60 14 room
341 1319 33 20 for
384 1318 69 21 about
463 1324 42 14 one
520 1315 104 23 hundred

51 1347 133 31 i-MtM-Fi
220 1350 51 18 tons
306 1353 11 14 e
318 1345 30 32 ?^
364 1344 90 27 weight,
472 1343 43 22 and
530 1342 40 22 she
580 1342 45 22 will

49 1365 155 36 SSSSSS9
220 1376 60 19 meet
299 1372 51 22 with
369 1370 128 23 immediate
516 1369 108 27 dispatch,

216 1400 68 26 being
293 1398 71 23 under
374 1399 149 26 engagement
534 1401 24 17 to
573 1393 52 24 load

46 1427 53 23 wool
110 1431 23 17 at
143 1426 132 22 Newcastle.

72 1462 44 21 For
124 1460 81 28 freight
215 1467 25 14 or
256 1466 97 21 passage,
369 1457 67 29 apply
446 1461 22 18 to
485 1458 44 21 Mr.
542 1456 83 22 Nichol

47 1496 28 14 on
85 1487 75 27 board,
172 1494 25 15 or
206 1490 24 19 to

356 1512 84 21 Waitt
454 1510 46 23 and
512 1510 85 21 Tyser.

74 1546 142 26 Wellington,
228 1544 57 22 Dec.
297 1545 32 25 15,
340 1545 61 21 1843.

47 1597 52 21 For
113 1596 112 24 Nelson,
236 1594 172 26 Valparaiso,
421 1593 59 20 and'
491 1592 135 26 England.

199 1628 93 27 npHE
306 1627 44 22 fine
359 1627 44 21 fast
410 1626 86 26 sailing.
500 1627 29 21 A.
543 1627 18 20 1.
578 1625 49 28 ship

83 1647 98 39 i-gftk
206 1647 29 30 J-
328 1655 215 24 MANDARIN,

62 1675 131 30 jmSiHk
213 1682 92 27 Captain
315 1681 77 27 Smith,
399 1683 41 20 650
449 1684 56 23 tons,
516 1679 44 23 will
567 1683 60 18 meet

51 1736 148 38 ISS^F
240 1745 42 21 For
293 1744 80 27 freight
381 1751 26 15 or
418 1751 98 20 passage,
528 1743 66 28 apply
604 1746 23 18 to

213 1771 38 23 the
262 1773 91 26 Captain
364 1778 29 14 on
403 1771 77 27 board,
489 1778 25 14 or
523 1774 23 17 to

325 1805 35 22 W.
375 1805 26 22 B.
411 1804 101 28 .Rhodes
526 1804 21 21 &
562 1804 37 21 Co.

73 1832 124 23 December
206 1834 34 25 12,
253 1834 59 21 1843.

192 1885 55 20 For
262 1885 107 25 Sydney
384 1883 96 24 direct,

114 1920 29 19 To
152 1919 40 20 sail
202 1925 26 14 on
240 1919 114 26 Thursday,
366 1919 34 19 the
411 1918 52 20 llth
472 1918 87 24 instant,

91 1949 71 28 «_R_§T
220 1952 150 18 rriHELfiiie
380 1951 45 18 fest
433 1950 79 22 sailing
520 1949 109 19 schooner

84 1970 102 38 _S||C^.
226 1970 30 27 X
344 1975 88 20 LADY
441 1974 104 22 LEIGH,

78 1995 131 39 JjrapSJJT
234 2008 39 16 nas
298 2001 97 28 superior
426 1999 202 23 accommodations

56 2023 157 39 ___j_a_«____
233 2029 34 21 for
284 2035 135 20 passengers,
430 2027 47 22 and
491 2028 18 20 is
518 2034 13 14 a
541 2025 88 28 regular

238 2083 42 21 For
291 2081 79 28 freight
380 2089 24 13 or
414 2088 92 21 passage
517 2079 64 28 apply
594 2083 21 17 to

385 2116 84 21 Waitt
484 2114 44 22 and
544 2114 84 21 Tyser.

51 2145 96 27 January
159 2146 19 24 5,
191 2145 60 21 1844.

196 2198 65 25 Ship

70 2227 65 36 jjjja
164 2230 220 24 /CONSIGNEES
400 2230 28 26 by
437 2229 37 21 the
484 2229 70 21 above
560 2232 70 16 vessel

66 2250 89 38 ijjUifeSk
164 2260 40 20 Vy
235 2265 37 14 are
282 2256 118 29 requested
409 2260 23 17 to
450 2255 55 22 send
521 2255 36 21 for
574 2254 58 22 their

52 2277 107 38 tSBSsOte-
176 2284 78 22 Goods
272 2284 91 21 without
378 2283 73 27 delay,
468 2290 23 14 as
506 2281 38 22 the
560 2281 72 21 vessel

52 2308 105 27 ~-^3&&&
176 2311 44 22 will
235 2311 28 21 be
280 2318 28 14 on
322 2311 131 26 demurrage
468 2309 56 22 after
538 2309 36 21 the
585 2309 48 20 21st

179 2339 92 21 instant.

79 2375 81 21 Parties
170 2373 81 22 known
262 2377 22 17 to
295 2372 37 21 the
348 2372 87 26 Agents
445 2370 44 22 will
503 2370 26 22 be
540 2370 92 21 allowed

53 2405 21 18 to
84 2401 49 22 take
143 2401 56 21 their
215 2399 78 22 Goods
309 2406 29 14 on
353 2399 90 27 signing
458 2398 67 21 blank
542 2397 54 22 Bills
610 2397 25 21 of

54 2429 83 26 Lading
146 2429 32 20 for
189 2427 37 21 the
237 2433 68 15 same.

327 2452 35 22 W.
378 2452 26 22 B.
420 2452 95 21 Rhodes
529 2452 21 21 &
565 2451 38 21 Co.

80 2486 121 23 December
212 2486 33 25 15,
262 2486 60 20 1843.

196 2532 138 21 Schooner

270 2563 142 23 NOTICE.

72 2595 72 36 jTfiiL
179 2600 76 26 ALL
285 2598 131 22 PARTIES
443 2597 83 26 having
550 2596 84 22 Claims

66 2626 94 31 ifhg&Bv
169 2619 43 30 x\.
243 2626 88 27 against
350 2626 36 20 the
411 2625 71 20 above
506 2624 79 25 vessel,
609 2631 25 14 or

56 2645 108 38 __EeS|
178 2653 88 27 against
284 2653 36 21 the
336 2652 92 21 Owners
439 2651 90 24 thereof,
543 2652 25 19 of
574 2650 60 22 what

56 2672 106 34 Hg|_HPF
177 2683 81 19 nature
275 2685 85 21 soever,
376 2685 37 15 are
429 2677 118 28 requested
557 2680 22 19 to
588 2677 46 22 for-

177 2706 60 22 ward
247 2706 61 22 them
319 2713 22 14 to

279 2737 45 22 Mr.
340 2737 108 21 Richard
465 2736 87 25 Eaoar,

413 2763 110 22 Lambton
534 2763 72 27 Quay,

257 2797 95 21 Without
364 2796 68 26 delay.

82 2832 124 22 December
216 2833 35 25 19,
263 2832 60 20 1843.

59 2878 111 49 SPARS
185 2877 62 22 FOR
261 2876 84 26 SALE,
355 2876 26 21 of
383 2875 103 22 different
492 2874 142 22 dimensions,

119 2904 62 28 lying
195 2907 24 18 at
238 2903 44 22 Kai
302 2903 84 22 Warra.
425 2902 71 27 Large
514 2901 121 28 quantities

56 2938 41 15 can
106 2931 27 22 be
147 2930 116 23 furnished
278 2934 22 17 to
317 2930 71 26 order,
405 2930 34 21 for
456 2928 141 28 exportation
611 2935 25 14 or

57 2957 64 22 home
131 2965 45 15 use.

312 2991 62 19 ALSO,

82 3018 47 22 The
139 3019 74 21 Lease
223 3018 26 22 of
256 3018 67 22 about
332 3018 27 21 50
369 3024 61 15 acres
440 3016 27 23 of
473 3017 52 21 land
538 3019 24 19 at
576 3017 60 21 Orua

58 3045 86 21 Motera
154 3047 23 25 (a
187 3045 45 22 fine
248 3045 42 26 bay
301 3045 84 21 district
400 3044 69 23 about
479 3046 12 20 6
507 3043 62 23 miles
578 3043 57 22 from

58 3071 151 28 Wellington),
225 3072 53 22 with
296 3072 37 21 the
350 3071 70 22 house
435 3078 29 14 on
482 3071 37 21 the
533 3070 88 27 ground
629 3078 6 19 ;

58 3098 61 21 there
129 3106 35 14 are
173 3099 67 21 about
251 3102 37 18 ten
303 3106 61 14 acies
378 3097 96 27 cleared,
493 3097 43 23 and
553 3097 50 22 four
613 3097 22 21 in

59 3124 134 23 cultivation.
222 3125 44 22 For
275 3125 85 23 further
369 3125 138 27 particulars,
517 3125 68 27 apply
595 3128 22 18 to

246 3159 116 22 Kenneth
377 3159 150 26 Mathieson,

166 3189 52 28 Ship
235 3190 103 27 Building
352 3190 45 22 and
407 3190 119 28 Repairing
539 3189 69 28 Yard,

330 3222 44 22 Kai
387 3222 88 23 Warra.

86 3254 128 22 November
223 3255 21 25 6,
255 3255 59 21 1843.

79 3306 153 24 Important
247 3304 54 20 and
314 3304 115 28 Eligible
445 3306 179 21 Investment.

61 3338 67 49 TO
139 3337 38 22 BE
188 3336 80 22 SOLD
279 3344 28 14 by
320 3336 136 24 PRIVATE
467 3339 169 28 CONTRACT,

121 3365 22 21 in
160 3370 154 21 consequence
331 3363 25 21 of
367 3363 37 22 the
420 3369 88 22 present
517 3366 119 27 proprietor

296 3389 92 28 retiring
395 3398 6 19 ;

127 3426 44 14 THE
181 3424 119 16 VALUABLE
314 3424 133 15 LEASEHOLD
462 3425 109 16 PREMISES

87 3444 54 23 held
150 3448 23 19 at
183 3452 12 15 a
210 3445 44 21 low
263 3443 88 28 ground
367 3447 56 23 rent,
434 3445 132 28 comprising
576 3446 37 23 the

254 3477 73 22 SHIP
341 3476 106 22 HOTEL

61 3504 23 22 in
105 3505 190 26 Manners-street,
313 3503 145 27 Wellington,
474 3502 49 23 well
537 3504 99 28 situated,

63 3531 43 22 and
114 3531 23 22 in
147 3539 66 19 every
220 3534 88 25 respect
322 3530 94 23 suitable
432 3530 44 22 for.
484 3531 152 28 commanding

63 3565 13 14 a
84 3558 102 22 first-rate
193 3558 103 22 business
303 3566 7 19 ;
326 3558 37 21 the
378 3556 118 28 adjoining
503 3558 106 26 premises
618 3559 18 21 in

64 3584 35 23 the
106 3586 128 27 occupation
244 3585 26 22 of
280 3585 45 22 Mr.
337 3585 81 22 Murch
433 3584 47 22 and
490 3584 44 22 Mr.
547 3584 89 28 Minifie,

65 3612 68 22 sublet
142 3616 22 18 to
180 3612 62 22 them
257 3616 23 17 at
294 3612 87 26 ground
395 3615 63 19 rents
465 3619 5 19 ;
486 3614 43 19 two
545 3614 91 24 cottages

113 3639 108 27 attached,
234 3639 44 22 and
287 3638 37 23 the
335 3639 101 27 spacious
446 3638 45 23 and
500 3638 91 28 elegant

270 3672 156 27 THEATRE,

65 3699 92 27 recently
167 3699 89 23 erected
265 3702 24 19 at
296 3702 63 24 great
371 3706 101 20 expence
481 3699 22 22 in
514 3698 38 22 the
561 3705 50 16 rear
620 3699 16 22 of

65 3724 34 23 the
109 3726 72 23 Hotel.
330 3727 21 16 *•

91 3752 35 22 An
135 3753 147 28 enterprizing
298 3751 109 34 capitalist
423 3752 75 23 would
507 3752 48 22 find
564 3753 24 22 in
598 3752 38 22 this

65 3783 97 24 property
170 3787 28 15 an
214 3782 144 29 opportunity
367 3779 35 22 for
417 3779 136 23 investment
568 3779 68 28 rarely

65 3807 21 19 to
94 3805 26 23 be
128 3810 44 18 met
179 3807 62 27 with,
252 3806 43 23 and
312 3806 71 23 which
393 3809 61 20 must
462 3814 67 20 prove
540 3814 15 15 a
564 3814 72 16 source

66 3832 24 21 of
99 3833 75 23 wealth
183 3838 23 18 to
215 3834 39 22 the
268 3833 129 29 purchaser.

92 3858 87 24 Further
192 3861 132 28 particulars
339 3868 52 20 may
401 3860 27 22 be
446 3860 106 22 obtained
562 3868 29 14 on
601 3868 35 21 ap-

66 3883 96 27 plication
172 3890 21 19 to
204 3888 46 22 Mr.
260 3888 81 27 Fuller,
353 3894 29 16 on
397 3887 38 23 the
451 3887 113 28 premises,
575 3895 25 15 or
617 3892 19 18 to

67 3911 83 24 Messrs.
160 3914 103 28 Holroyd
272 3915 45 22 and
329 3917 63 26 Hart,
404 3914 116 29 solicitors,
530 3915 34 22 Te
574 3915 54 22 Aro.

92 3944 114 26 December
214 3950 36 25 30,
261 3950 61 22 1843.

703 716 100 22 Messrs.
830 712 153 24 HOLROYD
1009 719 46 14 and
1082 711 95 26 HART,

812 747 128 22 Notaries
963 745 109 25 Public,

740 788 13 14 T
764 788 13 14 E
806 787 71 18 ARO,
907 783 240 17 WELLINGTON.

677 813 130 26 September
816 813 20 24 4,
850 811 60 21 1843.

655 849 5 5 '
836 862 35 22 W.
888 862 33 21 M.
936 860 109 26 SMITH,

651 910 58 14 LATE
720 906 235 17 SURVEYOR-GENERAL
965 905 29 14 TO
1007 905 45 14 THE
1067 904 48 15 NEW
1131 902 105 16 ZEALAND

886 932 115 19 COMPANY,

679 967 142 24 Surveyor,
836 964 212 26 Draughtsman,
1063 962 53 21 and
1130 961 78 21 Land

896 991 99 25 Agent.

651 1027 177 26 Tinakori-road,
841 1027 99 26 January
952 1027 21 25 4,
986 1027 63 20 1843.

798 1078 34 21 H.
863 1076 230 26 HARDEMAN,

675 1114 94 20 Tailor
784 1112 55 21 and
853 1112 109 24 Draper,
978 1110 85 21 Lamb
1067 1111 144 24 ton-quay.

815 1164 115 29 Superfine
940 1165 74 25 Coats,
1025 1164 57 21 from
1096 1163 33 24 £3
1143 1164 15 20 0
1171 1164 13 19 0

654 1198 114 28 Superfine
780 1197 99 23 Doeskin
890 1197 119 25 Trowsers,
1025 1196 56 21 from
1096 1195 60 24 £15
1171 1196 13 20 0

681 1239 62 14 MADE
755 1239 27 14 TO
793 1237 107 16 MEASURE
900 1241 28 4 —
930 1237 41 14 FOR
979 1236 58 15 CASH
1049 1236 28 14 ON
1088 1234 123 16 DELIVERY.

771 1282 40 20 On
826 1280 70 25 Sale,
912 1285 35 15 ex

661 1319 63 31 p_A
749 1319 102 21 BOXES
874 1316 96 24 assorted
986 1316 142 22 TOBACCO
1143 1314 98 27 PIPES,

754 1348 40 20 100
808 1345 80 22 tierces
898 1343 121 23 American
1030 1343 59 27 beef,

755 1374 28 20 20
796 1372 55 22 coils
861 1371 96 22 assorted
968 1370 89 27 Europe
1067 1377 59 20 rope.
1164 1379 8 10 *

971 1411 85 21 Waitt
1070 1410 44 22 and
1128 1410 84 22 Tyser.

684 1445 146 27 Wellington,
842 1446 49 20 Oct.
905 1445 31 25 10,
948 1444 63 21 1843.

778 1497 53 19 For
846 1495 70 24 Sale,
931 1500 36 15 ex

660 1528 254 50 RUTHERFORD,
955 1526 117 27 DRURY,
1114 1526 21 21 &
1169 1524 73 22 CO.'S

737 1556 98 30 superior
845 1555 76 25 wines,
933 1554 35 21 viz
976 1561 5 14 :
985 1564 28 4 —

686 1583 58 26 Port,
755 1584 83 25 sherry,
850 1581 45 22 and
911 1580 101 23 Madeira
1022 1580 24 21 in
1056 1579 76 26 bottle,

686 1610 53 21 Pale
749 1608 45 23 and
803 1609 76 21 brown
889 1608 77 26 sherry
977 1608 22 21 in
1011 1606 71 27 wood,

686 1636 54 22 Port
748 1636 24 21 in
783 1636 71 26 wood,

686 1662 104 22 Madeira
798 1662 24 22 in
833 1662 70 26 wood,

687 1690 139 26 riennessy's
836 1696 85 20 cognac
930 1687 22 22 in
964 1687 71 27 wood,

687 1717 45 21 Old
741 1716 49 28 pale
801 1716 69 22 bottle
882 1715 94 27 brandy.

974 1748 83 22 Waitt
1071 1747 46 22 and
1130 1747 86 22 Tyser.

666 1782 154 28 Wellington,
833 1780 135 28 September
979 1780 34 26 19,
1025 1781 61 20 1843.

860 1838 43 19 Ex

662 1872 72 49 ON
749 1871 78 22 SALE
842 1871 28 27 by
885 1870 37 21 the
937 1869 152 27 undersigned
1090 1879 28 6 —

740 1898 83 22 Hunt's
832 1898 99 27 superior
941 1897 36 21 old
987 1900 52 23 port
1049 1897 61 26 wine,
1127 1895 86 22 battled
1222 1895 24 23 in

662 1926 93 26 Oporto,
1223 1925 11 7 *
1253 1921 2 17 '

688 1952 104 23 Hosiery,
802 1951 57 23 lace,
870 1950 45 19 and
924 1952 107 21 netting,-
1095 1959 5 4 ,
1110 1949 61 12 rr-*,iri
1193 1952 2 6 •
1195 1955 30 4 —
1225 1954 29 5 —

688 1975 165 25 Earthenware,
865 1974 50 21 well
924 1973 108 25 assorted,

688 2002 123 27 Champion
823 2002 20 20 &
854 2001 58 21 Co.'s
923 2001 93 26 vinegar
1024 2000 25 21 in
1058 1999 50 22 half
1114 1999 132 28 hogsheads.

1041 2034 88 21 Willis
1144 2034 21 21 &
1179 2034 39 21 Co.

687 2069 146 27 Wellington,
846 2069 88 26 August
943 2069 33 24 14,
989 2068 62 20 1843.

663 2123 91 49 THE
770 2122 90 22 FIRST
874 2121 118 22 SCOTCH
1009 2121 136 27 CHURCH,
1161 2121 22 21 in
1195 2129 53 14 con-

736 2149 89 22 nection
843 2148 51 22 with
910 2147 37 22 the
963 2148 106 22 National
1081 2148 58 22 Kirk
1149 2148 26 21 of
1187 2149 62 21 Scot-

661 2177 60 26 land,
733 2176 45 22 will
787 2176 27 21 be
826 2175 87 27 opened
925 2175 33 21 for
975 2175 83 21 Divine
1075 2175 89 22 Service
1175 2175 33 26 (d.
1217 2176 31 26 v.)

663 2212 28 13 on
703 2203 105 26 Sabbath,
816 2202 38 22 the
864 2202 37 22 7th
912 2201 92 22 instant.

689 2231 48 21 The
747 2230 55 22 Rev.
814 2229 23 22 J.
848 2229 146 26 Macfarlane,
1008 2229 47 21 first
1065 2228 104 22 Minister
1178 2229 27 21 of
1212 2229 37 21 the

663 2257 80 22 Scotch
759 2256 97 26 Church,
874 2257 56 20 New
946 2255 107 26 Zealand,
1072 2255 42 21 will
1131 2256 82 27 preach
1228 2256 21 21 in

663 2285 37 21 the
710 2285 116 24 forenoon,
837 2286 24 18 at
870 2284 25 20 11
909 2282 94 27 o'clock,
1014 2290 48 14 a.m.

691 2311 48 22 The
759 2311 55 21 Rev.
837 2310 44 21 Mr.
900 2309 110 25 Ironside,
1029 2309 26 21 of
1071 2308 37 22 the
1128 2309 121 27 Wesleyan

665 2338 99 25 Mission,
776 2340 23 18 at
808 2339 13 19 3
832 2337 87 21 o'clock
931 2344 45 14 p.m.

691 2365 51 22 And
754 2365 36 21 the
801 2365 57 20 Rev.
869 2364 44 20 Mr.
926 2363 103 25 Duncan,
1042 2363 25 21 of
1081 2362 36 22 the
1129 2363 120 21 Reformed

664 2392 154 26 Presbyterian
830 2390 96 26 Church,
938 2393 21 18 at
969 2392 13 20 6
993 2389 86 23 o'clock
1093 2397 48 15 p.m.

693 2419 21 21 It
724 2420 18 19 is
752 2417 109 28 expected
870 2417 54 26 that,
933 2424 27 14 on
968 2416 56 22 each
1030 2417 111 26 occasion,
1149 2424 13 14 a
1171 2416 79 22 liberal

664 2445 119 22 collection
800 2445 44 21 will
856 2445 25 21 be
898 2443 63 22 made
976 2443 97 23 towards
1083 2443 116 28 defraying
1213 2443 38 22 the

665 2473 54 21 debt
728 2471 90 28 already
827 2471 105 22 incurred
942 2471 22 21 in
976 2471 101 26 erecting
1091 2470 38 22 the
1138 2470 111 27 building.

691 2500 101 25 January
804 2500 21 25 2,
838 2499 60 21 1844.

759 2544 52 21 For
827 2544 69 24 Sale,
907 2544 42 19 Ex

666 2577 198 52 SUPERFINE
879 2576 70 22 broad
964 2576 69 26 cloth,
1051 2576 73 26 black,
1134 2575 61 27 blue,
1207 2575 44 22 and

721 2605 104 22 invisible
841 2612 81 19 green;
945 2603 101 27 superior
1062 2603 55 27 pilot
1132 2603 79 26 cloths,
1230 2607 22 17 at

664 2633 99 21 reduced
785 2632 73 27 prices
867 2640 3 17 ;
902 2630 89 29 printed
1022 2630 81 22 scarlet
1131 2629 45 22 and
1198 2629 53 22 blue

665 2659 84 28 cloths;
770 2657 58 23 table
852 2665 90 20 covers;
964 2657 72 22 above
1052 2659 40 20 600
1109 2657 104 21 varieties
1230 2657 24 21 of

664 2687 82 26 flower,
764 2686 92 27 garden,
873 2685 44 21 and
933 2692 61 19 grass
1011 2685 70 26 seeds,
1097 2684 24 22 in
1140 2683 112 23 excellent

665 2713 151 28 preservation
825 2720 5 20 ;
848 2712 113 27 shingling
971 2711 66 26 nails,
1048 2711 111 27 blankets,
1169 2711 42 22 &c.

999 2744 36 22 W.
1048 2744 34 21 W.
1093 2744 104 26 Taylor,

716 2782 6 11 \
1069 2771 183 22 Herbert-street.

916 2826 93 19 Seeds.

667 2862 51 48 A
733 2860 84 23 VERY
833 2859 156 22 SUPERIOR
1005 2858 44 23 and
1059 2858 103 22 valuable
1172 2861 81 19 assort-

746 2890 62 19 ment
825 2887 26 20 of
866 2886 60 22 fresh
942 2885 70 22 Seeds
1027 2885 47 28 just
1088 2885 110 27 received,
1216 2885 37 21 the

666 2915 48 21 first
731 2916 25 20 of
773 2922 12 13 a
800 2913 88 28 regular
904 2913 86 27 supply,
1001 2920 50 14 now
1067 2920 29 14 on
1114 2911 47 23 sale
1176 2916 23 18 at
1216 2911 37 23 the

667 2942 71 22 Office
757 2941 26 22 of
798 2941 45 22 this
863 2941 69 27 Paper
951 2941 29 26 by
996 2939 39 22 the
1055 2939 158 27 undersigned,
1230 2939 23 22 in

667 2968 120 29 quantities
797 2972 22 17 to
829 2968 43 21 suit
882 2967 132 27 purchasers
1022 2974 5 14 :
1028 2977 30 5 —

694 3003 56 22 Fine
760 3001 53 23 seed
821 3008 60 21 peas,
893 3007 65 15 seven
969 3000 111 26 varieties,

695 3030 44 22 Do.
768 3029 36 21 do.
834 3028 69 22 broad
912 3028 76 26 beans,
1001 3027 62 21 three
1072 3026 113 27 varieties,

695 3057 43 21 Do.
768 3056 35 21 do.
832 3055 66 22 horse
907 3055 77 25 beans,

695 3084 45 22 Do.
768 3082 34 22 do.
831 3082 81 22 scarlet
919 3088 96 15 runners
1023 3080 46 22 and
1079 3079 89 23 French
1176 3080 77 27 beans,

695 3111 62 21 Do.-
768 3110 35 21 do.
833 3109 75 27 spring
918 3108 78 26 wheat,
1010 3112 65 22 tares,
1086 3107 46 22 and
1144 3111 55 23 oats,

695 3137 84 23 Round
789 3136 45 22 and
844 3135 85 28 prickly
936 3134 99 28 spinach,

696 3165 64 26 Long
769 3163 81 23 scarlet
860 3163 43 21 and
912 3162 75 27 turnip
996 3161 83 27 radish,

696 3191 113 26 Rhubard,
822 3189 66 23 white
905 3189 45 22 and
966 3188 42 22 red
1023 3188 52 22 beet
1089 3188 45 22 and
1149 3187 105 27 mangold

668 3218 99 27 wuitzel,

696 3246 124 25 Carraway,
833 3243 46 22 Dill
888 3243 46 22 and
943 3243 94 26 Burnet,

697 3273 43 22 Sea
750 3271 54 26 cale,
816 3276 126 22 asparagus,
953 3272 82 23 carrot,
1046 3269 45 21 and
1103 3268 98 28 parsnip,

697 3299 95 27 English
801 3297 52 22 leek
863 3296 45 23 and
917 3297 74 25 onion,
1004 3295 95 29 Spanish
1111 3295 36 22 do.

698 3325 123 28 Vegetable
838 3331 94 15 marrow
946 3323 45 22 and
1000 3323 55 27 long
1068 3322 88 28 prickly
1166 3328 88 16 cucum-

668 3353 48 26 ber,

698 3379 146 25 Cauliflower,
855 3377 86 27 endive,
951 3376 47 22 and
1011 3375 82 28 celery,

698 3405 118 29 Virginnia
832 3405 100 26 tobacco,
946 3403 154 28 mignionette,
1119 3402 47 22 and
1190 3404 64 20 sweet

670 3441 61 20 peas,

698 3460 40 22 All
748 3464 54 19 sorts
813 3459 27 23 of
846 3458 85 28 garden
941 3457 46 23 and
996 3457 55 22 field
1060 3456 106 27 cabbage,

700 3487 43 22 Do.
854 3486 35 22 do.
972 3484 38 22 do.
1067 3483 81 28 turnip,

699 3513 39 23 All
747 3516 54 20 sorts
811 3513 26 22 of
842 3513 91 26 lettuce,
943 3511 72 27 salad,
1025 3510 150 27 and.brocoli,

699 3540 40 23 All
747 3544 56 18 sorts
813 3540 27 22 of
844 3540 75 27 lupins
929 3538 46 23 and
982 3537 153 27 nasturtiums,

700 3567 39 22 All
748 3570 56 19 sorts
814 3567 27 21 of
848 3570 67 19 sweet
926 3566 73 26 herbs,

701 3594 49 22 One
759 3593 104 23 hundred
871 3593 77 23 choice
957 3592 93 22 verities
1062 3591 26 22 of
1100 3590 77 23 flower
1186 3589 68 28 seeds,

701 3621 21 21 A
732 3628 53 24 very
799 3620 104 22 valuable
919 3622 133 19 assortment
1066 3618 25 22 of
1104 3617 61 23 fresh
1181 3617 73 22 choice

673 3654 84 19 grasses
766 3647 34 22 for
808 3646 147 29 gentlemen's
969 3646 73 22 lawns
1057 3645 43 22 and
1115 3643 139 29 agricultural

674 3680 111 21 purposes,

702 3700 109 27 Cabbage,
841 3699 92 28 brocoli,
959 3698 109 27 rhubard,
1097 3698 74 27 onion,
1199 3697 55 27 leek,

673 3725 82 23 lettuce
774 3727 81 27 plants,
872 3727 49 26 &c,
940 3734 52 14 now
1011 3725 70 28 ready
1100 3729 22 17 to
1140 3725 29 21 be
1187 3727 67 19 trans-

672 3753 100 28 planted,
783 3753 72 23 raised
865 3754 56 22 from
931 3753 96 28 samples
1039 3753 26 21 of
1074 3752 62 22 these
1145 3751 73 23 seeds.

1085 3786 36 22 W.
1136 3786 96 21 Moody.

701 3814 99 22 October
809 3816 21 24 6,
842 3816 63 20 1843.

861 3861 84 21 Fresh
960 3861 107 24 Butter,

671 3894 163 51 ALWAYS
851 3901 28 15 on
894 3894 49 22 Sale
959 3896 24 19 at
999 3893 39 22 the
1049 3892 63 23 Meat
1124 3891 130 28 Company's

750 3921 117 29 premises.

942 3946 37 23 W.
994 3946 104 28 FiYCER,
1113 3946 119 28 Manager.

1265 705 40 21 Ex
1327 706 46 20 the
1680 703 53 20 and

1448 731 66 20 liam

1321 760 29 19 To
1356 759 85 26 private
1443 758 98 25 families
1556 756 41 21 and
1609 757 81 19 Tavern
1699 757 91 25 keepers.

1267 787 138 27 -I&TINES
1421 799 46 14 and
1488 790 117 23 SPIRITS
1620 790 27 21 of
1664 789 98 22 choicest
1777 788 71 28 quali-

1273 813 42 36 i^T
1347 820 42 21 ties
1397 818 24 22 in
1432 818 68 21 bottle
1510 825 25 14 or
1543 816 23 22 in
1575 816 38 21 the
1623 816 71 26 wood,
1703 819 23 18 at
1737 823 53 19 very
1800 822 47 14 mo-

1267 846 73 22 derate
1350 845 79 27 prices,
1441 844 120 26 consisting
1571 843 26 21 of
1597 854 26 4 —

1282 885 4 5 -
1294 872 79 26 Claret,
1386 871 87 27 Lafitte,
1484 872 32 21 St.
1527 870 109 26 Emelion,
1648 869 90 26 Medue,
1750 868 47 21 and
1815 869 33 20 St.

1269 898 92 28 George,

1282 926 118 21 -Sauterne
1408 924 44 21 and
1463 924 90 25 Graves,

1295 952 102 27 Superior
1422 951 58 26 Port,
1509 950 108 26 Madeira,
1640 949 59 27 light
1721 949 47 22 and
1793 948 53 21 dark

1269 977 86 28 Sherry.

1511 1010 94 15 SPIRITS.

1295 1032 55 21 Fine
1361 1031 118 31 overproof
1490 1030 111 26 Cogniac'l
1615 1030 71 21 either
1696 1029 55 27 duty
1761 1029 53 27 paid
1824 1036 25 13 or

1295 1058 42 22 Do.
1349 1058 102 21 Jamaica
1459 1064 57 19 rum,
1596 1058 13 20 J-
1636 1056 23 21 in
1672 1056 68 26 bond,
1750 1056 24 21 in
1789 1055 38 22 the

1295 1086 42 21 Do.
1350 1085 100 27 Geneva,
1589 1079 13 31 J
1615 1082 62 23 wood
1685 1082 43 22 and
1738 1083 23 21 in
1772 1081 77 22 bottle.

1270 1117 60 22 With
1340 1124 14 14 a
1363 1116 62 27 large
1436 1118 132 20 assortment
1576 1116 27 21 of
1614 1114 98 27 Dantzig
1726 1114 45 22 and
1787 1114 64 21 other

1270 1147 65 19 swett
1342 1143 102 28 liqueurs,
1458 1143 26 22 of
1496 1142 30 22 all
1536 1142 70 27 kinds,
1618 1142 116 26 including
1749 1140 102 28 superior

1270 1169 76 28 cherry
1356 1170 94 27 brandy.
1478 1170 33 21 At
1520 1168 36 22 the
1566 1172 58 18 store
1639 1168 23 22 of

1551 1197 119 21 Abraham
1681 1195 75 25 Hort,
1767 1200 57 20 sen.,

1699 1222 77 21 Kurau
1786 1221 65 21 Toto.

1272 1270 37 21 To
1335 1269 168 24 Merchants,
1529 1268 133 24 Whalers,
1687 1267 54 21 and
1762 1266 89 20 Store-

1499 1295 121 26 keepers.

1270 1321 197 51 WHALING
1486 1321 47 22 and
1545 1321 66 22 lance
1627 1320 57 22 lines
1698 1319 25 22 of
1735 1326 68 20 every
1813 1318 39 22 de-

1352 1349 114 28 scription,

1298 1377 126 27 Harpoons,
1440 1375 83 26 lances,
1539 1374 45 22 and
1601 1373 87 28 spades,
1705 1373 26 21 of
1750 1372 38 22 the
1803 1372 50 22 best

1272 1403 113 26 tempered
1394 1403 55 25 iron,

1300 1429 131 22 Warranted
1437 1428 95 22 London
1538 1427 72 26 made,
1620 1426 101 27 together
1727 1425 53 23 with
1787 1432 66 20 every

1273 1456 62 22 other
1345 1456 136 27 description
1490 1455 26 21 of
1523 1454 95 27 whaling
1627 1453 149 27 implements,
1787 1451 67 28 slops,

1273 1482 168 23 manufactured
1456 1481 77 28 goods,
1545 1481 108 21 Hambro'
1663 1480 61 27 pork,
1736 1479 117 27 groceries,

1260 1524 2 18 I
1274 1510 105 21 Florence
1390 1509 36 26 oil,
1437 1509 44 21 and
1491 1514 120 16 numerous
1627 1507 64 22 other
1699 1506 97 22 articles.
1824 1506 32 21 At

1272 1540 37 19 tne
1319 1541 58 17 store
1388 1537 25 20 of

1644 1561 30 21 A.
1686 1561 76 25 Hort,
1772 1566 56 18 sen.,

1705 1587 77 21 Kurau
1790 1586 65 22 Toto.

1289 1636 126 29 {Eligible
1428 1635 133 22 Freehold
1574 1634 133 26 Building
1721 1632 123 21 Ground.

1277 1669 65 50 TO
1373 1669 39 22 BE
1441 1669 79 21 SOLD
1550 1667 41 23 BY
1615 1666 140 23 PRIVATE
1784 1664 74 22 CON-

1334 1696 110 22 TRACT.
1455 1707 28 4 —
1491 1695 54 22 Two
1568 1694 130 22 allotments
1720 1693 27 21 of
1768 1695 50 24 part
1836 1691 26 21 of

1276 1724 66 21 Town
1354 1724 59 21 Acre
1424 1724 46 25 128,
1482 1723 55 21 each
1550 1721 86 27 having
1651 1722 29 20 30
1693 1719 46 23 feet
1748 1719 109 26 frontage,

1277 1751 41 21 and
1327 1750 122 27 extending
1465 1751 26 20 60
1506 1749 45 22 feet
1566 1748 24 22 in
1608 1746 75 29 depth,
1693 1745 99 23 situated
1806 1745 24 22 in
1846 1752 14 14 a

1277 1780 64 19 street
1347 1777 90 27 leading
1446 1777 59 21 from
1515 1775 192 27 Ingestrie-street.

1302 1804 76 28 Apply
1396 1808 22 17 to
1442 1803 91 22 Messrs.
1549 1802 88 22 Brewer
1660 1800 45 22 and
1724 1799 134 26 Blathwayt,

1279 1831 155 26 Willis-street,
1445 1837 24 14 or
1479 1830 89 21 Messrs.
1581 1827 102 28 Holroyd
1692 1827 46 22 and
1749 1827 66 26 Hart,
1827 1826 31 22 Te

1279 1857 49 22 Aro.

1301 1884 127 23 December
1436 1885 34 26 30,
1481 1885 9 19 1
1496 1884 46 21 843.

1279 1921 145 57 fO^LET,
1439 1937 14 14 a
1462 1927 153 24 commodious
1630 1927 79 21 House
1725 1933 29 14 on
1769 1926 32 21 Te
1813 1926 47 21 Aro

1334 1955 9 3 ~
1350 1954 58 26 Flat,
1418 1956 54 19 with
1481 1955 83 25 garden
1573 1952 89 26 ground
1673 1952 111 25 attached,
1791 1952 69 26 lately

1279 1981 104 28 occupied
1392 1981 29 32 by
1433 1980 43 21 Mr.
1488 1980 106 21 Wallace.

1305 2008 42 22 For
1357 2007 138 29 particulars,
1507 2006 65 28 apply
1583 2009 23 18 at
1616 2006 37 21 the
1665 2006 88 20 Gazette
1761 2005 72 22 office.

1305 2035 125 22 December
1439 2036 34 24 12,
1484 2035 61 20 1843.

1503 2081 51 19 For
1566 2079 68 21 Sale.

1281 2113 29 29 *>
1314 2112 33 30 A
1376 2113 79 21 TUNS
1470 2112 26 21 of
1507 2112 37 21 the
1553 2112 51 21 best
1613 2118 49 15 new
1674 2111 35 21 Oil
1720 2111 72 21 Butts.

1281 2133 66 28 M\J
1486 2140 73 26 Apply
1570 2143 22 16 to

1593 2165 83 21 Waitt
1693 2173 45 13 and
1749 2165 86 21 Tyser.

1307 2194 142 26 Wellington,
1466 2192 124 23 December
1601 2193 33 25 15,
1646 2193 61 20 1843.

1370 2239 53 21 For
1438 2239 69 24 Sale,
1523 2245 34 14 ex

1283 2273 170 50 BOTTLED
1476 2272 62 22 ALE
1561 2272 68 21 AND
1651 2270 129 26 PORTER,

1357 2300 61 26 Very
1429 2299 99 27 superior
1538 2299 84 26 brandy
1631 2299 24 20 in
1670 2297 132 27 hogsheads,
1820 2296 43 22 and

1282 2328 75 26 sherry
1367 2327 23 21 in
1402 2330 96 22 octaves,

1307 2355 37 21 An
1355 2358 135 17 assortment
1500 2352 26 22 of
1532 2352 64 27 sops,

1309 2382 72 21 Gents
1391 2381 64 22 shoes
1465 2380 45 21 and
1519 2387 85 20 pumps,

1309 2408 87 21 Pickles
1405 2408 44 21 and
1459 2406 105 23 mustard.

1310 2436 25 22 17
1349 2439 52 18 tons
1411 2434 112 22 Gordon's
1533 2441 47 14 new
1590 2433 30 22 oil
1632 2433 71 22 casks.

1559 2460 35 21 W.
1612 2460 27 21 B.
1655 2460 94 21 Rhodes
1765 2460 19 20 &
1799 2459 39 22 Co.

1309 2488 128 23 December
1447 2490 32 23 12,
1493 2489 59 20 1843.

1286 2535 64 49 TO
1366 2534 64 26 LET,
1447 2541 14 14 a
1475 2537 54 17 neat
1544 2533 55 21 built
1615 2532 68 21 Brick
1701 2532 100 26 Cottage,
1814 2538 49 14 con-

1372 2561 84 26 taining
1474 2561 51 21 four
1543 2566 80 20 rooms,
1643 2558 95 22 situated
1757 2558 24 21 in
1805 2558 58 21 Cuba

1284 2589 77 26 Street,
1373 2589 31 21 Te
1414 2588 54 21 Aro.
1498 2587 75 27 Apply
1583 2590 23 17 to

1495 2620 28 22 R.
1535 2621 92 23 Brown,
1639 2627 28 14 on
1678 2619 36 22 the
1724 2619 117 27 premises.

1309 2655 102 26 January
1419 2655 21 25 2,
1453 2654 62 20 1844.

1284 2702 65 17 TXT
1352 2699 115 26 ANTED,
1486 2699 30 26 by
1534 2697 36 23 the
1589 2696 158 27 undersigned,
1769 2695 94 22 Tenders

1296 2719 40 31 VV
1379 2727 34 21 for
1430 2725 37 22 the
1483 2725 97 26 delivery
1599 2725 26 21 of
1641 2724 56 22 Flax
1716 2723 48 22 leaf
1782 2727 24 17 at
1824 2723 39 21 Kai

1286 2754 89 26 Warra;
1391 2753 17 22 it
1418 2756 59 18 must
1485 2753 29 21 be
1526 2752 20 21 in
1556 2751 135 22 convenient
1697 2750 61 22 sized
1768 2749 95 26 bundles,

1286 2781 35 22 the
1337 2781 75 21 leaves
1429 2779 79 26 sound,
1527 2779 42 21 and
1585 2778 76 22 within
1678 2777 62 22 three
1754 2777 78 21 inches
1847 2774 16 24 of

1286 2808 62 28 equal
1364 2807 88 27 lengths
1467 2807 21 20 in
1507 2806 54 21 each
1576 2805 91 22 bundle.
1695 2804 99 22 Tenders
1811 2807 52 18 must

1286 2835 83 27 specify
1379 2834 37 21 the
1426 2833 101 28 quantity
1542 2840 38 20 per
1595 2832 62 22 week
1673 2831 48 21 that
1736 2831 37 21 the
1787 2831 76 27 parties

1286 2869 39 16 can
1336 2861 92 22 deliver.

1555 2886 118 21 Kenneth
1691 2885 151 21 Mathieson.

1312 2921 44 21 Kai
1366 2920 85 26 Warra,
1465 2920 55 21 Dec.
1532 2920 32 25 12,
1576 2920 61 20 1843.

1387 2967 38 19 To
1455 2966 87 20 Cover
1569 2965 56 19 this
1653 2964 113 24 Season,

1486 2998 31 19 At
1530 2997 134 25 Wellington,

1288 3031 88 49 THE
1429 3028 277 24 THOROUGHBRED
1763 3026 100 22 HORSE

1489 3055 225 24 WANDERER,

1287 3085 35 23 the
1331 3088 105 25 property
1446 3083 26 22 of
1478 3083 85 22 Robert
1573 3082 105 22 Jenkins.

1311 3116 124 22 Wanderer
1443 3122 45 15 was
1497 3118 39 24 got
1545 3115 28 26 by
1583 3114 84 26 Young
1677 3113 129 26 Wanderer,
1815 3112 48 22 bred

1287 3145 27 27 by
1331 3144 61 21 Lord
1410 3142 128 27 Egremont,
1558 3141 46 21 and
1622 3140 110 27 imported
1750 3140 47 21 into
1818 3139 45 21 Van

1288 3172 107 21 Diemens
1421 3169 65 22 Land
1505 3169 30 26 by
1556 3168 67 21 Thos.
1648 3167 85 28 Henty,
1761 3167 61 28 Esq.,
1831 3169 32 24 got

1287 3199 28 27 by
1324 3198 46 21 Old
1379 3196 121 22 Wanderer
1510 3200 38 17 out
1557 3195 26 22 of
1595 3195 88 27 Ogress.

1314 3226 59 21 Dam
1389 3223 128 27 Thalestris,
1530 3222 27 27 by
1576 3221 117 27 Octavius,
1710 3220 93 27 Orville,
1821 3221 42 26 &c,

1288 3253 37 22 &c.

1314 3280 59 21 Dam
1385 3285 12 14 a
1411 3276 67 23 blood
1493 3283 59 15 mare
1570 3276 29 27 by
1610 3275 67 22 Peter
1692 3275 66 26 Finn,
1770 3277 40 18 out
1819 3273 25 22 of
1857 3280 6 14 a

1287 3306 65 22 blood
1363 3312 60 15 mare
1432 3304 31 26 by
1474 3302 104 23 Bollivar.

1314 3332 99 23 Bollivar
1429 3338 45 15 was
1483 3329 110 28 imported
1610 3329 30 27 by
1650 3328 38 22 the
1698 3328 51 21 Van
1763 3327 100 22 Diemens

1289 3360 63 22 Land
1371 3360 123 25 Company,
1515 3357 43 22 and
1576 3356 19 22 is
1614 3357 38 20 the
1671 3355 41 22 sire
1733 3354 25 21 of
1779 3353 84 22 Donald

1289 3387 72 26 Caird,
1378 3386 51 21 Yon
1445 3385 91 27 Trump,
1552 3383 44 22 and
1606 3383 64 21 other
1688 3381 95 27 winning
1795 3381 68 21 horses

1289 3421 28 15 on
1326 3414 38 21 the
1375 3412 51 22 Van
1437 3411 106 22 Diemens
1554 3409 64 23 Land
1629 3409 52 22 turf.

1314 3440 48 22 The
1371 3438 125 30 proprietor
1505 3438 73 22 deems
1594 3437 19 21 it
1620 3442 149 20 unnecessary
1779 3439 24 17 to
1818 3434 45 22 offei

1290 3469 118 24 comment,
1419 3473 24 14 as
1457 3465 81 28 judges
1547 3464 26 21 of
1586 3464 77 21 horses
1678 3462 44 23 will
1736 3466 23 18 at
1775 3469 55 14 once
1844 3461 19 22 be

1289 3495 124 21 convinced
1431 3492 49 22 that
1498 3492 35 21 his
1550 3490 75 26 blood,
1646 3490 63 26 bone,
1726 3489 45 22 and
1789 3489 74 27 beautj

1289 3521 90 22 reaches
1389 3527 78 15 nearer
1476 3518 121 28 perfection
1608 3517 55 22 than
1672 3516 49 23 that
1727 3516 27 22 of
1759 3523 44 20 any
1810 3516 53 21 othei

1289 3549 64 21 horse
1363 3548 24 21 in
1397 3547 44 22 this
1451 3546 93 26 Colony.

1315 3576 85 26 Terms,
1412 3581 13 14 a
1434 3573 71 27 single
1514 3579 60 15 mare
1585 3572 35 24 £4
1637 3572 42 26 45.,
1690 3570 94 28 payable
1795 3577 30 14 on
1835 3570 28 21 the

1291 3604 31 20 Ist
1331 3602 123 26 February,
1467 3601 61 20 1844.

1316 3628 128 23 November
1455 3629 33 24 10,
1500 3628 59 21 1843.

1491 3669 39 25 £5
1544 3672 126 21 Reward.

1291 3709 48 48 A
1354 3706 137 24 REWARD
1507 3706 26 21 of
1547 3706 34 23 £5
1600 3705 47 22 will
1665 3704 29 22 be
1710 3704 68 28 given
1794 3703 69 22 forth(

1368 3734 115 27 discovery
1494 3733 26 22 of
1531 3732 36 23 the
1582 3739 94 21 persons
1686 3731 49 22 who
1750 3738 39 15 are
1799 3730 25 21 in
1837 3729 26 22 th<

1290 3762 62 22 habit
1369 3761 26 22 of
1408 3760 94 28 stealing
1512 3760 56 22 from
1583 3758 39 23 the
1637 3758 58 23 back
1705 3758 26 21 of
1743 3758 39 21 the
1790 3756 73 28 gardei

1291 3790 25 21 of
1324 3789 39 21 the
1374 3787 156 27 undersigned,
1541 3787 22 22 in
1578 3786 99 27 Murphy
1687 3786 79 21 Street.

1364 3812 12 12 *
1613 3813 26 22 T.
1656 3815 33 19 M.
1703 3812 145 21 Partridge.

1316 3841 130 24 November
1456 3842 34 25 15,
1502 3841 61 21 1843.

1293 3887 70 50 ON
1378 3886 85 25 SALE,
1478 3889 25 18 at
1512 3885 44 22 tWs
1567 3884 72 26 office,
1650 3882 69 23 blank
1730 3883 59 22 Bill
1801 3882 62 22 Boom

1391 3913 95 23 Gazette
1522 3911 71 27 office,
1604 3910 56 22 Dec.
1669 3911 22 21 4.

1307 3960 3 6 ,
1319 3943 103 27 Message
1432 3939 72 28 cards,
1839 3950 8 8 •

1877 703 40 21 To
1932 703 162 20 Gentlemen
2109 702 144 26 intending
2267 703 30 19 to
2312 703 75 19 enter
2401 702 59 19 into

1904 731 45 19 the
1977 729 142 26 profitable
2148 729 106 25 pursuit
2284 728 30 20 of
2341 728 121 25 Grazing

1905 756 54 20 and
1980 755 135 27 Breeding
2135 755 89 24 Stock,
2246 754 43 21 for
2309 754 89 21 which
2418 754 44 20 the

1905 782 89 21 fertile
2014 782 109 20 Islands
2145 782 28 20 of
2190 781 68 21 New
2277 781 122 21 Zealand
2417 786 45 15 are

1905 815 31 14 so
1952 808 150 26 peculiarly
2116 808 125 26 adapted.

1879 835 92 31 rpHE
1982 834 153 26 undersigned
2143 834 42 27 beg
2194 837 23 18 to
2224 834 83 21 inform
2317 833 58 21 their
2380 832 84 22 friends

1887 856 29 28 X
1949 862 47 21 and
2011 861 38 21 the
2063 860 75 33 public
2154 860 120 27 generally,
2290 860 50 21 that
2356 859 53 27 they
2419 859 46 22 will

1879 890 102 20 contract
2004 888 34 21 for
2056 887 37 22 the
2118 887 99 27 delivery
2241 887 26 20 of
2288 886 38 21 the
2351 886 114 26 following

1879 915 135 27 description
2028 914 25 21 of
2060 913 73 28 Stock,
2141 914 24 22 in
2172 921 45 19 any
2226 914 54 21 Port
2289 914 27 20 of
2328 912 38 22 the
2377 912 87 22 Islands

1880 942 27 21 of
1912 942 57 21 New
1979 940 99 22 Zealand
2086 948 5 13 :
2093 952 28 3 —

1908 968 95 22 Horned
2019 967 66 22 cattle
2103 966 124 28 (improved
2239 966 91 26 breeds)
2345 966 27 21 of
2383 964 30 23 all
2427 964 40 22 de-

1881 995 126 27 scriptions,

1909 1022 92 26 Horses,
2022 1020 57 22 from
2100 1020 38 21 the
2161 1020 50 21 best
2229 1018 95 28 English
2344 1018 45 22 and
2405 1018 62 21 Arab

1869 1060 2 21 I
1881 1048 70 26 studs,
1967 1047 95 23 suitable
2077 1047 35 22 for
2130 1047 83 27 racing,
2229 1045 85 28 saddle,
2325 1052 25 15 or
2361 1044 92 23 harness
2460 1052 5 20 ;

1881 1075 45 21 and
1934 1074 109 27 breeding
2052 1081 80 19 mares,

1910 1102 57 21 Pure
1978 1102 74 21 Saxon
2062 1100 45 22 and
2116 1100 87 21 merino
2212 1106 65 20 ewes,
2307 1114 7 7 .

1909 1127 121 22 Half-bred
2046 1127 112 22 Leicester
2172 1126 45 22 and
2231 1125 88 22 merino
2338 1131 63 19 ewes,
2418 1131 51 21 par-

1882 1155 104 27 ticularly
1996 1154 94 27 adapted
2103 1153 35 22 for
2148 1153 43 22 this
2200 1155 101 24 country,
2312 1159 25 14 as
2346 1152 53 26 they
2406 1152 63 21 unite

1883 1181 81 27 weight
1975 1181 26 22 of
2007 1188 85 14 carcass
2102 1180 53 22 with
2165 1180 95 21 fineness
2271 1178 26 22 of
2303 1178 64 22 wool.

1909 1208 48 22 The
1981 1206 150 28 undersigned
2154 1213 40 15 can
2223 1205 166 22 accommodate
2416 1211 53 21 pur-

1883 1234 90 23 chasers
1988 1234 26 22 of
2026 1234 58 21 their
2093 1233 68 22 Stock
2178 1232 52 22 with
2246 1232 117 21 extensive
2377 1231 93 27 grazing

1883 1269 60 15 runs,
1955 1261 78 22 within
2043 1262 40 20 100
2091 1260 66 22 miles
2165 1260 26 21 of
2197 1258 43 23 this
2251 1259 60 21 Port.

2145 1293 34 22 W.
2195 1293 25 21 B.
2236 1292 96 22 Rhodes
2347 1291 44 22 and
2405 1291 38 21 Co.

2096 1338 164 21 Almanack.

1902 1375 17 20 A
1937 1373 22 23 N
1973 1371 186 29 |ALMANACK
2178 1371 32 21 for
2227 1370 138 27 Wellington
2382 1370 20 21 is
2420 1376 50 16 now

1886 1405 49 17 Xjl
1955 1399 129 28 publishing
2093 1403 24 17 at
2125 1398 45 22 this
2180 1397 78 24 Office,

2116 1439 75 19 price,
2208 1432 29 21 Is.

1937 1460 95 21 Gazette
2065 1458 77 26 Office,
2153 1458 125 22 December
2288 1458 19 26 7,
2319 1458 61 21 1843.

1890 1505 71 49 ON
1977 1504 78 22 SALE
2070 1507 23 18 at
2112 1504 39 20 the
2170 1502 69 22 Office
2259 1503 24 21 of
2302 1502 44 22 this
2364 1509 110 20 paper:—

1968 1532 63 26 Keys
2041 1531 24 21 of
2072 1531 39 21 the
2120 1530 69 22 Town
2199 1530 25 21 of
2231 1530 56 21 New
2297 1528 126 28 Plymouth,

1916 1558 68 22 Plans
1995 1558 25 22 of
2028 1558 98 26 Country
2138 1556 64 23 Land
2211 1556 72 22 round
2295 1556 143 26 Wellington,
2448 1555 26 22 in

1890 1592 58 19 case,

1917 1611 69 23 Plans
1996 1611 27 21 of
2029 1610 92 27 Nelson,
2131 1611 24 21 in
2165 1617 57 19 ca3e,

1917 1639 86 26 Copies'
2013 1638 26 21 of
2052 1637 37 22 the
2106 1637 55 22 New
2180 1636 99 22 Zealand
2294 1635 101 27 Journal,
2413 1636 59 26 1842,

1891 1665 117 26 complete,
2018 1664 83 27 bound,

1918 1691 135 28 Chapman's
2062 1690 114 27 Portfolio,
2186 1690 85 27 bound,

1918 1719 75 21 Prints
1999 1718 26 22 of
2030 1717 92 28 Nelson,

1919 1745 75 22 Prints
2004 1745 26 21 of
2034 1744 141 27 Wellington,

1919 1772 68 22 Plans
1997 1772 27 21 of
2030 1771 83 22 Nelson
2123 1772 24 20 in
2157 1771 83 26 Sheets,

1919 1799 69 22 Plans
1998 1799 26 21 of
2031 1799 98 26 Country
2139 1798 64 21 Land
2213 1801 23 18 at
2248 1796 145 28 Wellington,

1919 1826 68 22 Plans
1997 1825 24 21 of
2029 1825 36 22 the
2074 1825 71 21 Town
2154 1824 25 22 of
2185 1824 56 22 New
2252 1823 128 28 Plymouth.

1919 1859 130 28 September
2058 1860 32 25 19,
2102 1860 63 20 1843.

2121 1911 41 20 On
2177 1910 69 24 Sale,

1893 1944 92 48 THE
2016 1944 70 20 NEW
2111 1943 150 21 ZEALAND
2291 1942 187 26 PORTFOLIO,

1966 1969 126 22 conducted
2110 1970 30 26 by
2159 1969 31 21 H.
2207 1970 21 20 S.
2246 1969 124 25 Chapman,
2390 1968 36 26 (of
2439 1968 39 21 the

1894 1996 86 23 Middle
1988 1996 109 27 Temple,)
2107 1995 214 22 Barrister-at-Law.

1920 2024 43 22 No.
1978 2024 18 21 I.
1998 2034 27 4 —
2027 2024 21 20 A
2064 2022 76 22 Letter
2154 2025 23 19 to
2195 2022 37 21 the
2249 2022 70 26 Right
2337 2022 62 21 Hon.
2417 2021 62 22 Lord

1894 2050 98 27 Stanley,
2011 2051 117 25 Secretary
2147 2049 25 22 of
2188 2050 60 21 State
2266 2049 36 21 for
2321 2048 38 21 the
2379 2048 101 22 Colonial

1894 2078 155 26 Department,
2081 2076 36 22 On
2125 2076 37 22 the
2168 2075 188 22 Administration
2362 2076 25 21 of
2392 2075 87 22 Justice

1894 2105 23 21 in
1927 2105 57 21 New

1921 2132 45 21 No.
1980 2131 33 21 II.
2014 2141 28 4 —
2043 2130 76 21 Letter
2134 2132 22 19 to
2171 2128 60 23 John
2246 2128 60 22 Abel
2321 2128 80 27 Smith,
2417 2128 62 28 Esq.,

1897 2158 67 27 M.P.,
2043 2156 37 22 the
2087 2156 144 26 Advantages
2238 2156 72 21 which
2317 2155 74 22 would
2400 2162 80 15 accrue

1895 2189 23 18 to
1928 2184 95 28 English
2034 2184 124 26 Capitalists
2166 2183 57 21 from
2233 2182 38 22 the
2281 2182 169 22 establishment
2457 2182 27 21 of

1897 2220 12 14 a
1917 2213 61 20 Loan
1989 2212 101 25 Company
2099 2210 35 22 for
2144 2211 50 20 New
2205 2210 98 26 Zealand,
2314 2209 85 22 similar
2410 2213 22 18 to
2442 2208 39 23 the

1897 2239 128 22 Australian
2034 2238 66 21 Trust

1923 2266 44 22 No.
2078 2266 36 20 An
2128 2264 96 21 Address
2234 2267 22 18 to
2265 2263 39 22 the
2315 2263 57 21 New
2381 2262 102 22 Zealand

1897 2293 65 22 Land
1972 2292 137 27 Proprietors
2119 2291 96 21 resident
2229 2290 23 22 in
2262 2290 38 22 the
2311 2290 84 21 United
2411 2289 72 27 King-

1897 2320 58 27 dom,
1966 2327 32 15 on
2013 2319 84 22 several
2111 2321 92 19 matters
2213 2318 25 21 of
2245 2318 137 27 importance
2392 2319 23 19 to
2425 2316 58 22 their

1923 2374 44 21 No.
1986 2373 41 22 IV.
2028 2384 27 4 —
2083 2372 36 22 On
2139 2372 37 21 the
2196 2370 115 23 Financial
2330 2370 113 22 condition
2460 2370 28 21 of

1898 2401 55 22 New
2095 2399 31 27 by
2137 2398 90 22 Charles
2235 2398 77 26 Terry,
2324 2398 60 26 Esq.,
2394 2397 89 24 F.R.S.,

1898 2427 81 23 F.S.A.
2406 2450 5 5 .
2446 2450 6 5 .

1925 2455 44 21 No.
1985 2454 29 21 V.
2015 2466 28 3 —
2044 2455 20 20 1.
2115 2452 158 22 Observations
2297 2458 30 20 pn
2351 2451 134 25 facilitating

1899 2481 140 26 Emigration
2062 2483 23 19 to
2108 2479 57 22 New
2188 2478 108 27 Zealand,
2314 2478 31 27 by
2365 2484 78 15 means
2462 2477 26 21 of

1900 2509 117 21 Moderate
2037 2507 98 26 Charges
2149 2506 33 22 for
2202 2506 66 21 Chief
2285 2504 44 22 and
2345 2504 140 22 Fore-Cabin

2060 2534 27 22 In
2097 2541 13 14 a
2122 2533 75 21 Letter
2206 2535 23 19 to
2239 2531 85 28 Joseph
2334 2532 84 25 Somes,
2430 2530 53 28 Esq.

1899 2563 39 21 &c.
1950 2562 41 21 &c.
2022 2561 32 28 By
2065 2561 30 21 H.
2107 2561 23 22 S.
2142 2560 120 27 Chapman.

1926 2591 20 19 2.
1989 2588 21 22 A
2023 2589 73 21 Letter
2104 2594 29 14 on
2145 2586 103 27 Banking
2257 2586 24 21 in
2292 2585 56 22 New

1900 2615 33 28 By
1944 2615 87 22 Arthur
2040 2615 25 21 T.
2078 2613 107 28 Holroyd,
2196 2613 52 27 Esq.

1927 2643 45 21 No.
2081 2640 157 23 Observations
2252 2647 29 14 on
2291 2639 37 21 the
2339 2638 146 28 Advantages

1900 2669 26 22 of
1937 2677 15 14 a
1969 2668 183 29 Representative
2167 2666 121 27 Assembly
2302 2666 36 22 for
2356 2666 56 21 New
2427 2665 59 22 Zea-

1928 2722 100 22 General
2039 2722 46 22 title
2095 2721 46 23 and
2150 2720 150 23 introduction
2311 2723 23 19 to
2343 2719 38 22 the
2392 2719 80 22 Series.

2090 2756 69 15 PRICE
2176 2755 120 15 SIXPENCE.

1930 2786 88 27 Gazette
2029 2777 76 33 Office,
2118 2784 67 26 Sept.,
2198 2783 60 20 1843.

2063 2838 78 19 Meat
2172 2836 151 25 Company.

2135 2869 122 23 BUTTER

1901 2903 161 50 ALWAYS
2076 2910 29 14 on
2116 2901 68 27 hand,
2199 2901 44 22 and
2260 2904 22 17 to
2297 2900 29 21 be
2340 2899 52 26 had,
2404 2898 83 22 whole-

1981 2930 46 22 sale
2046 2929 41 22 and
2108 2928 70 27 retail,
2198 2931 23 18 at
2240 2927 38 22 the
2302 2927 79 21 lowest
2399 2925 89 22 market

1900 2958 68 28 price,
1985 2965 13 14 a
2016 2957 59 26 large
2095 2955 79 28 supply
2189 2954 25 22 of
2229 2954 36 22 the
2281 2953 129 22 celebrated
2424 2953 63 21 Cow-

1902 2989 89 24 pasture
2001 2984 45 21 and
2054 2983 118 22 Terawitte
2186 2981 70 27 Dairy
2265 2982 87 21 Butter.

2172 3015 36 21 W.
2222 3015 106 25 Flyger,
2344 3014 115 26 Manager.

1928 3051 99 22 October
2036 3050 33 26 27,
2081 3051 62 20 1843.

2071 3100 77 20 Meat
2168 3099 149 24 Company.

1902 3133 92 50 THE
2014 3131 234 27 UNDERSIGNED,
2267 3130 85 27 having
2370 3130 56 21 been
2448 3137 39 20 ap-

1976 3160 89 28 pointed
2079 3160 110 26 Manager
2199 3158 25 22 of
2237 3157 37 22 the
2288 3158 64 21 Meat
2362 3157 123 27 Company,

1901 3188 54 27 begs
1964 3192 24 17 to
1998 3194 115 15 announce
2124 3186 47 22 that
2185 3193 14 14 a
2209 3184 88 28 regular
2305 3184 77 28 supply
2392 3184 25 21 of
2426 3183 59 27 beef,

1901 3217 95 24 mutton,
2017 3214 45 22 and
2077 3213 57 29 pork
2151 3220 51 19 may
2221 3210 82 28 always
2321 3211 28 22 be
2370 3208 118 30 depended

1902 3249 60 20 upon
1974 3245 23 18 at
2007 3241 43 21 this
2060 3240 171 23 establishment.

1929 3269 33 21 As
1987 3268 43 22 this
2053 3268 114 26 Company
2186 3272 107 21 purposes
2312 3264 79 27 selling
2410 3268 22 17 at
2450 3263 38 21 the

1901 3295 79 22 lowest
1988 3295 70 28 prices
2069 3298 22 18 at
2107 3293 71 22 which
2187 3294 19 20 it
2219 3293 18 21 is
2246 3291 72 22 found
2328 3291 37 22 the
2375 3294 59 19 meat
2447 3297 41 14 can

1901 3323 28 21 be
1940 3322 108 26 afforded,
2058 3321 38 21 the
2105 3319 150 27 undersigned
2263 3319 19 21 is
2297 3319 53 26 only
2359 3316 127 23 authorized

1903 3353 21 17 to
1935 3349 51 28 give
1992 3356 54 19 very
2052 3348 86 21 limited
2148 3346 76 27 credit,
2231 3346 46 21 and
2285 3345 39 22 has
2330 3346 56 21 been
2396 3343 94 22 ordered

1902 3379 22 18 to
1941 3380 50 23 stop
2006 3375 31 22 all
2050 3377 104 19 accounts
2169 3373 72 23 which
2255 3380 38 14 are
2308 3375 41 18 not
2363 3370 52 29 paid
2429 3377 61 21 upon

1903 3402 103 22 demand.

1930 3429 48 22 The
1989 3429 99 22 business
2098 3427 26 22 of
2132 3427 36 22 the
2179 3427 114 27 Company
2302 3426 19 21 is
2332 3424 84 23 carried
2425 3431 29 15 on
2464 3431 25 14 in

1904 3456 57 22 their
1977 3463 49 15 new
2041 3455 108 27 building,
2161 3454 86 22 erected
2264 3454 102 21 between
2385 3450 104 23 France's

1904 3483 71 23 Hotel
1993 3483 43 21 and
2055 3482 37 22 the
2111 3481 59 22 head
2186 3480 25 22 of
2225 3480 37 21 the
2279 3480 56 26 Bay,
2354 3478 44 22 and
2413 3477 77 27 nearly

1904 3510 100 28 opposite
2015 3514 23 18 to
2048 3509 43 23 Mr.
2103 3508 82 28 Lyon's
2196 3508 68 21 Store.

2177 3534 34 21 W.
2226 3534 102 25 Flyger,
2345 3532 116 27 Manager.

1931 3563 131 23 November
2071 3555 106 33 23/1842.

2076 3608 77 21 Meat
2168 3607 149 25 Company.

2033 3631 334 26 VEGETABLES.

1909 3661 173 53 SHIPPING
2097 3660 46 22 and
2158 3659 103 22 Families
2278 3665 42 15 can
2333 3658 29 22 lie
2378 3656 112 28 regularly

1961 3688 102 28 supplied
2072 3687 53 22 with
2135 3686 29 22 all
2171 3685 147 28 descriptions
2325 3685 27 21 of
2358 3683 133 28 vegetables,

2186 3719 27 21 WTW
2215 3735 5 11 T
2231 3719 104 25 BriYOER,
2348 3718 114 26 Manager.

1933 3749 131 28 September
2073 3749 34 25 29,
2119 3748 60 21 1843.
2424 3743 29 15 '-*
2485 3752 6 4 '
2511 3758 3 4 ■

2077 3793 78 21 Meat
2168 3792 151 25 Company,

1909 3828 73 50 AN
2010 3824 199 24 APPRENTICE
2235 3828 24 15 to
2286 3823 38 22 the
2347 3821 117 34 business^
2467 3825 2 8 '
2472 3821 23 22 isf
2501 3828 15 10 ■■

1987 3852 94 23 wanted.
2110 3852 45 21 For
2172 3850 137 28 particulars,
2325 3850 68 28 apply
2409 3856 29 15 on
2447 3849 46 22 -t.be

1907 3880 116 30 premises.
2350 3904 25 6 
2431 3889 3 5 '

2179 3904 36 23 W,
2230 3904 103 27 Flyger,
2350 3904 126 26 Manager.'
2493 3913 2 3 ■

1936 3934 131 31 September
2076 3932 34 28 29,
2123 3932 60 22 1843.
