2550 4050
1923 3557 41 17 The
1974 3556 43 17 New
2028 3556 97 17 Zealand
2137 3555 92 16 Gazette
2234 3554 38 17 and
2283 3554 136 16 Wellington
2431 3554 58 16 Spec-

1902 3582 66 13 tator
1972 3577 16 17 is
1994 3576 92 22 published
2091 3580 56 16 every
2152 3575 115 21 Wednesday
2277 3574 37 17 aad
2325 3574 94 21 Saturday.
2441 3575 46 16 Sub-

1900 3599 65 22 joined
1970 3603 29 13 are
2003 3599 30 16 the
2039 3599 56 15 terms
2099 3602 28 11 :—

1924 3621 63 17 Price
1994 3623 19 13 or
2020 3623 40 12 the
2067 3618 75 16 Paper.
2142 3625 22 4 —
2164 3616 55 21 Forty
2224 3616 86 21 •hillings
2316 3620 33 17 per
2358 3620 75 17 annum,
2444 3620 43 17 pay-

1902 3642 42 18 able
1949 3642 21 16 in
1976 3641 74 17 advance
2055 3644 4 14 ;
2069 3642 21 13 or
2096 3638 88 21 sixpence
2190 3637 28 17 for
2224 3637 59 21 single
2295 3637 93 17 numbers.

1924 3661 150 20 Advertiiements
2080 3659 39 16 will
2124 3660 34 15 not
2163 3662 67 17 appear
2239 3658 21 17 in
2270 3658 33 17 the
2312 3661 81 17 ensuing
2402 3658 79 17 number

1902 3685 18 17 if
1927 3682 78 19 xeceived
2010 3682 48 16 later
2063 3680 46 17 than
2120 3680 21 16 10
2147 3679 74 19 o'clock,
2228 3683 50 16 a.m.,
2285 3683 24 13 on
2316 3679 31 16 the
2354 3679 93 21 mornings
2454 3679 32 17 be-

1902 3707 40 17 fore
1954 3702 113 23 publication.
2086 3700 161 18 Advertisements
2260 3700 39 17 will
2308 3700 24 17 be
2342 3699 98 17 continued
2447 3699 38 17 and

1902 3725 79 20 charged
1990 3722 46 19 until
2043 3722 168 19 counter-ordered;
2222 3721 47 17 such
2275 3721 53 17 order
2333 3721 51 16 must
2390 3721 22 16 be
2419 3722 41 15 sent
2467 3722 20 14 to

1902 3748 39 18 the'
1944 3747 54 17 Office
2005 3746 36 15 two
2059 3744 45 20 days
2122 3743 62 17 before
2194 3742 119 22 publication,
2324 3741 37 17 and
2371 3742 51 16 must
2430 3741 23 17 be
2463 3741 21 16 in

1902 3769 80 18 writing.
2001 3764 156 19 Advertisements
2170 3764 83 17 received
2271 3762 53 23 after
2341 3763 21 17 10
2377 3762 68 17 o'clock
2460 3766 25 12 on

1902 3789 83 20 Tuesday
1998 3786 33 18 and
2039 3786 68 20 Friday
2116 3785 96 21 mornings
2222 3784 39 18 will
2270 3785 23 16 be
2304 3783 79 21 charged
2393 3783 52 18 twice
2453 3783 33 16 the

1901 3817 14 12 U
1916 3817 40 32 *AU
1960 3830 62 18 orders,
2032 3827 160 19 advertisements,
2201 3826 38 16 and
2249 3824 164 18 communications
2424 3825 20 16 to
2454 3825 32 16 the

1902 3854 71 16 Editor,
1978 3855 27 13 aio
2009 3849 98 21 requested
2112 3849 20 16 to
2139 3848 22 17 be
2167 3847 100 17 addressed
2271 3848 20 15 to
2298 3846 39 16 this
2342 3846 63 16 Office.

1902 3874 76 19 Printed
1991 3872 32 17 and
2036 3870 98 22 published
2150 3873 55 16 every
2221 3867 115 20 Wednesday
2351 3866 38 17 and
2398 3866 88 20 Saturday

1923 3895 85 18 morning,
2022 3893 23 19 by
2064 3891 85 17 Samuel
2163 3890 90 17 Revavs,
2269 3889 20 16 at
2303 3888 33 17 the
2351 3888 55 17 Office
2422 3887 21 16 of
2453 3888 33 15 the

1925 3917 48 16 New
1987 3915 93 16 Zsaland
2090 3912 95 17 Gazette
2196 3914 41 13 and
2250 3909 137 18 Wellington
2403 3908 76 17 Smcta

1924 3942 44 14 tor,
1978 3935 151 18 Minntrs-street,
2139 3931 118 21 Wellington,
2269 3931 43 16 Port
2321 3929 109 22 .Nicholson,
2443 3929 43 17 New

1925 3958 81 20 Zealand.
2210 3954 5 36 J

674 139 22 19 to
708 140 84 25 convey
804 133 38 24 the
853 133 71 23 whole
935 132 26 24 of
976 132 39 24 the
1025 133 57 23 suite
1093 136 23 20 to
1128 132 39 23 the
1179 132 68 22 above

674 167 80 24 Hotel.
790 167 146 31 Apartments
945 173 37 16 are
993 165 68 24 taken
1069 165 33 23 for
1114 165 69 22 about
1192 164 55 23 thir-

674 206 52 18 teen
736 207 145 24 personages,
891 198 152 32 independent
1055 198 22 22 of
1085 198 128 23 domestics.
1215 210 32 3 —

674 232 123 29 Standard,
809 232 89 30 August
909 233 41 22 23.

708 265 48 23 Mr.
769 264 131 24 Borthwick
910 269 42 26 put
963 271 14 16 a
988 264 100 30 question
1103 267 24 19 to
1138 263 38 23 the
1188 262 59 30 right

674 297 121 24 honorable
806 298 94 22 baronet
909 300 22 19 at
943 296 38 23 the
994 296 59 23 head
1063 296 23 23 of
1103 295 37 24 the
1151 302 96 24 govern-

674 335 69 23 ment,
756 330 93 23 relative
860 334 22 18 to
900 337 14 15 a
925 333 83 19 matter
1018 336 59 23 upon
1088 328 74 24 which
1173 328 18 23 it
1203 335 44 16 was

674 363 25 23 of
714 370 62 16 some
795 363 138 31 importance
952 362 49 23 that
1020 361 39 23 the
1069 361 90 31 opinion
1171 360 26 24 of
1211 360 36 24 the

674 400 147 26 government
831 394 80 25 should
928 395 29 23 be
974 394 66 23 made
1050 394 83 30 public.
1169 393 23 24 It
1203 401 44 15 was

674 429 82 23 known
776 428 48 24 that
842 427 124 32 Espartero
985 426 45 24 had
1050 427 87 23 arrived
1159 434 30 15 on
1210 426 37 23 the

674 466 63 19 coast
755 461 26 24 of
795 460 115 32 England,
922 459 44 24 and
983 460 30 23 he
1032 458 58 32 (Mr.
1104 458 143 32 Borthwick)

673 501 46 15 was
731 493 102 24 desirous
851 493 25 23 of
889 492 70 31 being
968 492 109 24 informed
1088 493 23 23 in
1124 492 59 23 what
1194 491 53 24 cha-

674 531 72 18 racter
757 526 41 23 her
818 525 120 31 Majesty's
950 530 146 26 government
1108 525 106 24 intended
1225 529 22 18 to

673 559 86 24 receive
771 558 55 29 him,
837 558 99 24 whether
957 566 25 15 as
998 566 14 15 a
1023 565 80 24 person
1114 558 26 24 of
1154 558 93 23 distinc-

673 593 48 22 tion
733 593 24 22 in
769 591 103 29 distress,
884 599 32 21 or,
929 598 25 16 as
975 599 62 16 some
1055 591 118 31 supposed,
1185 591 23 22 in
1219 598 28 15 an

673 625 82 23 official
766 624 66 29 form,
845 632 25 16 as
881 624 38 23 the
931 624 92 30 Regent
1034 624 26 23 of
1074 624 70 30 Spain
1152 624 11 23 ?

708 658 39 24 Sir
759 657 33 24 R.
804 657 56 24 Peel
879 657 49 24 said
946 657 30 23 he
986 664 47 16 was
1052 661 37 19 not
1105 655 109 33 prepared
1225 660 23 20 to

673 698 86 16 answer
770 691 38 23 the
828 690 122 24 honorable
968 689 148 32 gentleman's
1135 690 111 30 question.

673 723 124 32 Espartero
808 723 45 24 had
871 722 88 25 arrived
978 723 24 23 in
1023 723 44 23 this
1086 727 96 26 country
1193 722 52 24 sud-

672 756 68 31 denly
757 756 44 24 and
821 755 171 32 unexpectedly.
1034 756 38 24 He
1091 755 156 32 apprehended

674 789 62 24 there
747 789 66 24 could
823 789 28 24 be
862 797 28 15 no
902 789 70 23 doubt
983 789 56 29 that,
1049 789 119 31 according
1176 793 24 19 to
1210 788 50 24 the^

672 822 43 24 law
726 823 45 24 and
783 823 139 23 institutions
934 822 25 23 of
969 822 79 32 Spain,
1060 822 131 31 Espartero,
1204 829 45 16 was

672 855 27 23 de
703 856 57 30 jure
771 855 92 31 Regent
874 855 24 23 of
908 855 79 31 Spain.
1018 855 73 23 There
1104 854 66 24 could
1180 855 28 23 be
1220 862 29 16 no

672 890 112 29 question,
797 888 79 29 either,
888 888 55 23 that'
946 888 30 23 he
987 887 38 24 did
1034 892 38 19 not
1079 895 58 21 now,
1143 887 27 24 de
1171 887 77 31 facto,

672 922 100 23 exercise
784 921 38 23 the
834 921 113 23 functions
959 921 45 23 and
1022 928 73 24 power
1107 921 25 23 of
1147 920 101 31 Regent.

671 954 43 23 All
724 954 30 23 he
773 954 66 23 could
857 958 57 19 state
933 961 53 21 was,
999 954 49 23 that
1067 954 38 23 the
1125 953 124 24 honorable

671 987 130 31 gentleman
812 987 74 31 might
902 986 88 32 depend
1000 994 62 24 upon
1072 987 17 23 it
1100 987 50 23 that
1161 986 88 31 Espar-

672 1025 47 19 tero
731 1020 74 24 would
823 1020 29 23 be
869 1020 102 23 received
990 1021 25 22 in
1027 1021 45 22 this
1088 1024 97 27 country
1196 1020 54 23 with

672 1054 38 23 the
721 1057 90 28 respect
822 1053 72 23 which
905 1061 46 15 was
964 1054 44 22 due
1018 1053 37 23 his
1063 1053 54 31 high
1126 1053 123 28 character,

672 1087 45 24 and
727 1087 56 24 with
794 1087 38 24 the
842 1086 122 32 sympathy
975 1086 43 24 due
1037 1091 23 18 to
1077 1086 35 24 his
1123 1086 128 24 unmerited

672 1121 141 23 misfortune.
850 1120 38 23 He
896 1120 73 23 would
980 1120 53 23 take
1045 1120 46 22 that
1103 1120 147 31 opportunity

673 1153 26 24 of
714 1154 85 30 stating
811 1153 49 24 that
878 1160 28 17 no
927 1153 133 31 disposition
1075 1153 112 23 whatever
1204 1151 46 24 had

672 1186 57 24 been
742 1186 78 24 shown
832 1187 24 23 in
868 1186 37 23 the
913 1187 150 22 transactions
1070 1186 99 23 between
1179 1186 71 31 Spain

672 1219 45 24 and
729 1220 47 23 this
788 1224 94 26 country
889 1224 23 19 to
924 1219 78 31 depart
1013 1219 57 23 from
1078 1219 50 24 that
1134 1219 55 30 high
1199 1222 51 20 tone

673 1252 72 24 which
759 1252 37 24 the
806 1253 99 30 Spanish
913 1252 155 24 Government
1076 1252 71 31 ought
1153 1257 23 18 to
1184 1252 67 31 adopt

672 1287 24 22 in
708 1286 31 23 its
750 1287 139 22 intercourso
901 1285 54 24 with
967 1285 65 24 other
1044 1286 95 23 nations.
1175 1285 75 24 There

672 1319 45 23 had
728 1319 59 23 been
797 1323 40 19 not
849 1326 42 16 one
898 1319 73 30 single
979 1323 37 19 act
1025 1319 55 23 done
1088 1319 31 31 by
1127 1318 124 31 Espartero

672 1353 23 22 in
719 1352 137 31 conducting
879 1352 38 23 the
939 1352 130 31 diplomatic
1096 1352 109 24 relations
1227 1352 26 23 of

673 1386 72 31 Spain
756 1385 55 24 with
822 1386 45 22 this
879 1389 94 26 country
985 1389 24 19 at
1018 1386 103 22 variance
1138 1385 54 23 with
1204 1384 48 24 that

674 1422 135 28 paramount
824 1419 55 30 duty
891 1418 73 24 which
983 1419 29 23 he
1030 1418 60 24 owed
1111 1422 24 20 to
1145 1418 37 24 his
1193 1426 57 16 own.
1258 1429 3 8 >

673 1452 40 23 He
724 1452 38 23 did
774 1456 39 19 not
821 1452 84 23 believe
914 1453 38 22 the
964 1452 61 23 reins
1033 1452 25 23 of
1065 1459 74 23 power
1145 1451 45 24 had
1200 1459 51 16 ever

672 1485 57 24 been
740 1485 80 31 placed
838 1485 24 23 in
874 1485 38 24 the
931 1485 73 23 hands
1015 1485 26 23 of
1056 1492 40 16 one
1108 1485 49 23 who
1176 1489 74 19 enter-

673 1518 76 23 tained
760 1527 14 15 a
785 1526 63 16 more
859 1518 86 24 sincere
963 1518 73 24 desire
1048 1518 32 23 for
1091 1518 39 24 the
1142 1517 109 32 indepen-

672 1551 70 24 dence
764 1552 27 22 of
818 1551 36 23 his
882 1556 103 26 country.
1033 1551 48 23 The
1110 1551 141 24 accusations

672 1586 89 30 against
772 1584 47 24 this
830 1590 95 25 country
939 1585 26 24 of
973 1584 84 31 having
1067 1584 120 24 interfered
1198 1584 53 25 with

672 1618 38 24 the
721 1618 109 24 domestic
841 1622 149 27 government
1006 1617 25 25 of
1041 1618 69 31 Spain
1122 1625 58 17 were
1192 1617 59 24 alike

672 1651 94 24 without
778 1651 139 24 foundation.
953 1651 51 24 The
1025 1651 93 31 charges
1129 1651 44 24 and
1185 1658 66 17 accu-

672 1685 87 23 sations
770 1685 91 31 against
872 1684 44 24 this
934 1689 103 27 country,
1050 1685 42 23 and
1103 1685 91 31 against
1204 1684 47 24 Es-

672 1723 98 26 partero,
782 1718 45 24 had
838 1718 57 23 been
903 1718 66 23 made
976 1725 41 16 use
1027 1718 25 23 of
1060 1718 33 23 for
1105 1718 38 23 the
1154 1725 98 24 purpose

672 1752 26 23 of
713 1751 129 32 promoting
859 1751 150 24 insurrection
1027 1752 25 22 in
1069 1751 37 23 the
1125 1759 71 24 army,
1208 1751 44 23 and

672 1784 38 25 the
733 1784 109 32 infidelity
861 1786 25 22 of
905 1785 65 24 those
999 1785 99 31 military
1120 1784 132 25 authorities

672 1826 60 23 upon
744 1818 75 24 whom
835 1817 126 32 Espartero
979 1817 44 25 had
1035 1826 14 15 a
1059 1818 60 31 right
1130 1823 23 19 to
1165 1817 86 32 depend

671 1852 35 23 for
717 1851 96 31 fidelity,
825 1859 46 16 was
882 1852 39 23 the
936 1852 62 23 main
1016 1859 66 16 cause
1101 1852 25 23 of
1140 1851 39 24 the
1196 1852 56 23 mis-

671 1885 90 23 fortune
773 1885 24 23 in
816 1885 72 23 which
901 1885 28 23 he
940 1892 47 16 was
998 1889 24 19 at
1033 1889 91 27 present
1138 1885 113 23 involved.

672 1918 94 31 Having
779 1918 73 23 stated
863 1918 49 23 that
924 1918 28 23 he
964 1925 47 17 was
1029 1917 86 31 dejure
1126 1916 129 33 Regent'of

671 1951 80 30 Spain,
770 1950 109 31 although
898 1950 29 23 de
936 1950 73 30 facto
1027 1957 74 24 power
1114 1949 46 23 had
1171 1950 82 31 passed

671 1983 58 24 from
742 1984 36 23 his
794 1983 81 29 hands,
894 1985 28 22 he
940 1991 45 16 was
1004 1991 54 15 sure
1074 1983 38 24 the
1131 1983 122 23 honorable

670 2016 131 31 gentleman
819 2017 72 23 would
912 2022 39 18 not
964 2016 43 24 call
1025 2024 59 23 upon
1100 2016 48 24 him
1159 2021 24 18 to
1195 2021 58 19 state

672 2050 59 24 what
741 2058 80 16 course
832 2050 38 24 the
880 2056 149 25 government
1041 2049 70 24 would
1123 2050 102 23 consider
1236 2050 17 23 it

671 2092 82 23 proper
764 2089 23 18 to
801 2083 52 24 take
863 2084 54 23 with
930 2084 114 23 reference
1056 2089 20 17 to
1090 2083 37 23 his
1138 2083 114 32 reception

671 2118 23 23 in
707 2117 46 24 this
765 2122 104 26 country.

707 2150 47 25 Mr.
769 2150 102 32 Hindley
881 2150 89 31 begged
981 2154 23 20 to
1016 2150 43 24 ask
1070 2150 37 23 the
1126 2149 61 32 right
1198 2150 53 24 hon.

671 2184 95 24 baronet
778 2184 100 23 whether
889 2185 19 22 it
928 2192 45 15 was
985 2188 50 19 true
1048 2184 46 23 that
1106 2183 38 24 the
1155 2191 98 23 govern-

672 2223 63 19 ment
754 2217 26 24 of
796 2218 46 23 this
860 2223 94 26 country
973 2217 44 23 had
1036 2217 124 23 demanded
1171 2225 14 15 a
1197 2224 55 16 con-

671 2251 90 24 ference
773 2251 53 24 with
839 2251 38 24 the
889 2251 63 24 other
964 2251 51 24 four
1026 2258 85 24 powers
1123 2251 94 22 relative
1230 2255 23 18 to

672 2284 38 24 the
721 2285 77 23 affairs
809 2284 26 24 of
844 2285 80 31 Spain,
943 2284 44 24 and
999 2284 50 24 that
1064 2284 131 23 conference
1209 2284 44 23 had

672 2318 57 23 been
740 2318 90 24 refused
838 2318 10 24 ?

706 2351 39 25 Sir
757 2351 88 24 Robert
855 2351 54 24 Peel
921 2350 86 33 replied
1007 2364 34 3 —
1042 2351 42 24 No.

705 2386 41 23 An
759 2385 61 24 Irish
835 2393 69 24 paper
915 2385 114 24 mentions
1041 2393 14 15 a
1070 2384 117 32 desperate
1199 2391 55 16 con-

672 2419 48 23 flict
739 2419 102 24 between
863 2425 42 17 two
926 2426 52 16 men
994 2418 51 24 who
1064 2426 57 16 were
1137 2418 118 31 disputing

672 2452 75 24 which
767 2452 27 24 of
815 2452 62 24 them
896 2451 74 24 would
990 2451 29 24 be
1032 2451 47 24 able
1100 2456 23 19 to
1135 2451 62 24 show
1216 2451 39 23 the

672 2486 39 24 the
729 2487 74 23 better
830 2485 63 32 right
919 2490 23 18 to
966 2484 64 24 Lord
1052 2485 63 23 Lism
1118 2485 58 23 ore's
1198 2489 56 24 seat,

672 2519 127 31 Shanbally
822 2519 85 29 Castle,
962 2518 65 23 when
1051 2518 34 23 the
1107 2518 82 24 Union
1209 2525 46 16 was

842 2553 58 23 Sure
911 2552 54 31 they
977 2552 74 31 might
1060 2552 54 23 have
1127 2551 79 24 waited
1220 2551 36 24 till

672 2587 18 24 it
700 2595 47 16 was
757 2586 112 32 repealed,
881 2586 76 24 before
967 2585 53 33 they
1028 2585 69 24 broke
1107 2585 56 24 each
1171 2585 85 24 other's

672 2620 79 25 heads.

707 2654 51 24 The
778 2653 100 32 Spanish
900 2653 158 24 Government
1073 2652 57 24 have
1150 2652 59 24 been
1218 2651 38 24 for

672 2688 39 24 the
723 2688 45 23 last
780 2687 80 24 month
879 2686 97 31 actively
996 2686 142 32 negociating
1149 2685 55 24 with
1215 2684 41 25 the

673 2721 103 31 banking
787 2721 71 24 house
871 2720 24 23 of
905 2720 94 24 O'Shea
1008 2720 45 23 and
1065 2720 40 23 Co.
1119 2720 26 23 of
1154 2719 102 29 Madrid,

673 2755 55 23 with
739 2755 115 23 reference
866 2759 23 18 to
901 2753 38 24 the
959 2761 89 16 arrears
1060 2753 22 23 of
1096 2761 54 24 pay,
1162 2752 44 24 and
1218 2752 38 24 the

674 2788 70 24 safest
756 2788 92 24 method
867 2787 24 24 of
906 2787 122 31 satisfying
1039 2786 37 24 the
1086 2787 80 24 claims
1178 2786 26 24 of
1218 2786 39 23 the

674 2822 88 24 British
775 2821 97 31 Legion.

708 2856 52 23 The
780 2854 89 25 French
889 2854 157 23 Government
1063 2853 55 24 have
1136 2852 122 33 appointed

674 2898 29 15 an
715 2888 157 25 Ambassador
884 2892 23 19 to
918 2887 39 24 the
970 2887 73 24 Court
1063 2887 23 23 of
1102 2887 36 24 his
1150 2886 106 25 Celestial

675 2922 103 33 Majesty
789 2922 38 23 the
839 2922 113 30 Emperor
964 2921 25 23 of
1005 2920 79 30 China,
1098 2920 38 25 the
1149 2920 73 32 object
1234 2920 26 23 of

674 2956 76 23 which
773 2957 21 22 is
816 2961 23 18 to
863 2959 131 19 counteract
1016 2954 39 24 the
1076 2955 112 23 influence
1208 2953 50 25 that

663 2999 2 15 :
675 2990 75 24 Great
761 2990 90 23 Britain
870 2989 20 23 is
902 2988 126 31 acquiring,
1040 2993 38 18 not
1087 2988 54 31 only
1152 2988 25 23 in
1189 2987 69 24 India

674 3023 43 24 but
727 3024 25 23 in
763 3023 39 24 the
815 3021 107 25 Celestial
935 3021 105 32 Empire.

708 3057 51 25 The
781 3057 103 23 Premier
903 3055 42 24 has
966 3054 107 32 accepted
1091 3054 40 25 the
1151 3054 65 24 office
1234 3054 27 23 of

674 3091 88 24 Patron
780 3090 26 23 of
820 3098 14 15 a
854 3090 92 30 Society
966 3089 24 23 in
1009 3088 168 29 Staffordshire,
1221 3087 37 25 for
1263 3090 2 25 !

674 3124 40 24 the
734 3124 107 23 diffusion
862 3123 26 23 of
902 3122 149 31 agricultural
1061 3121 140 32 knowledge,
1212 3120 46 25 and

674 3158 39 23 the
724 3158 125 30 protection
860 3156 26 24 of

708 3190 115 33 Upwards
843 3190 26 23 of
890 3197 42 17 one
950 3188 105 25 hundred
1071 3193 109 20 warrants
1199 3188 58 24 have

674 3225 58 24 been
744 3223 81 25 served
833 3231 60 24 upon
932 3222 87 25 friends
1031 3222 25 24 of
1069 3223 76 31 purity
1156 3222 26 24 of
1196 3221 60 25 elec-

674 3260 48 22 tion
759 3258 25 23 in
795 3256 159 31 Nottingham,
963 3256 50 24 who
1023 3256 44 24 will
1077 3256 28 24 be
1114 3255 73 25 called
1195 3263 63 24 upon

663 3313 2 5 ,
674 3297 23 20 to
708 3293 52 30 give
773 3290 106 25 evidence
897 3290 77 23 before
991 3298 15 15 a
1026 3290 135 24 Committee
1178 3289 26 24 of
1217 3289 40 24 the

663 3322 2 23 I
674 3326 84 24 House
769 3325 25 23 of
809 3324 132 28 Commons,
952 3324 26 23 in
996 3328 93 27 support
1109 3323 27 24 of
1150 3322 39 25 the
1200 3322 56 25 alle-

673 3360 90 30 gations
775 3359 24 23 in
808 3358 38 24 the
853 3357 63 24 three
924 3357 107 31 petitions
1037 3356 120 32 presented
1166 3357 91 31 against

674 3393 39 23 the
722 3397 79 19 return
813 3392 25 23 of
853 3391 47 24 Mr.
914 3390 123 24 Gisborne.

707 3426 52 24 The
771 3424 167 25 Horticultural
959 3424 92 31 Society
1063 3423 23 24 of
1104 3423 100 24 London
1213 3423 43 24 has

674 3464 52 20 sent
733 3468 14 15 a
755 3459 64 32 plant
828 3458 105 25 collector
940 3461 24 20 to
973 3457 82 24 China.
1088 3456 53 25 The
1150 3456 106 32 society's

673 3494 89 23 income
781 3493 46 23 last
844 3500 55 24 year
917 3498 46 17 was
982 3491 95 29 £7292,
1094 3491 32 23 its
1143 3497 113 25 expences

673 3527 89 26 £7009
771 3534 7 21 ;
796 3526 40 24 the
856 3525 53 24 debt
920 3531 51 17 now
982 3524 44 24 due
1043 3524 29 31 by
1083 3524 40 24 the
1133 3524 86 31 society
1235 3524 21 23 is

673 3561 123 29 £12,505.

707 3594 24 24 A
742 3597 85 20 statute
844 3592 75 31 larger
930 3590 55 25 than
996 3591 48 30 life,
1056 3590 44 25 and
1110 3590 110 25 executed
1230 3591 25 23 in

674 3628 38 24 the
735 3627 118 32 Egyptian
875 3625 66 32 style,
964 3625 43 24 has
1029 3625 55 23 been
1093 3651 3 10 (
1107 3624 71 25 found
1201 3632 55 16 near

674 3661 132 28 Marathon,
823 3660 26 24 in
870 3659 97 24 Greece.
1002 3658 53 24 The
1075 3658 74 31 figure
1166 3657 42 24 has
1225 3665 30 16 an

672 3696 50 23 iron
735 3695 48 24 disc
794 3694 26 23 in
830 3693 56 24 each
897 3691 69 25 hand.
1001 3692 70 23 Some
1087 3695 75 20 assert
1177 3691 50 24 that
1237 3692 19 23 it

673 3730 20 22 is
705 3736 14 16 a
728 3727 179 33 representation
918 3726 26 24 of
961 3726 116 24 Antinous
1084 3735 7 20 ;
1114 3725 77 24 others
1201 3733 54 16 con-

673 3762 61 24 sider
745 3762 20 24 it
775 3769 29 16 an
815 3760 93 32 Apollo.

705 3795 26 25 A
747 3795 118 25 reduction
876 3794 25 24 of
910 3793 38 24 the
959 3793 80 32 period
1053 3793 24 24 of
1084 3793 87 23 service
1183 3792 25 24 of
1216 3791 40 25 the

668 3829 107 25 ■Russian
787 3836 73 24 army,
872 3827 44 24 and
929 3827 65 24 other
1004 3827 175 32 improvements
1190 3826 25 23 in
1224 3826 31 24 its

672 3863 123 30 condition,
808 3862 58 24 have
876 3862 57 24 been
946 3860 139 25 announced.

705 3896 25 26 It
740 3898 21 23 is
772 3896 74 25 stated
857 3895 50 24 that
917 3895 38 24 the
967 3894 118 25 Duchesss
1097 3893 159 25 Alexandria

672 3931 25 24 of
721 3931 96 28 Russia,
841 3929 41 25 has
903 3928 123 33 presented
1048 3935 28 18 an
1097 3928 51 24 heir
1170 3931 24 20 to
1216 3926 41 25 the

672 3965 81 24 throne
764 3964 25 25 of
805 3964 38 24 the
856 3962 79 27 Czars,

108 140 64 23 New
190 140 199 23 Presbyterian
412 137 89 24 Mauri
503 143 50 16 age
575 136 71 23 Bill.

73 185 35 4 —
109 173 50 23 The
167 172 89 29 Belfast
265 170 116 24 Chronicle
388 170 25 24 of
422 169 112 30 Saturday
547 168 100 24 contains

73 206 39 23 the
131 205 113 30 following
264 205 121 30 important
406 208 120 18 statement
535 210 6 15 :
543 214 33 5 —
604 201 43 23 We

74 238 57 22 have
149 245 65 22 every
227 245 78 15 reason
322 240 24 19 td
356 236 85 23 believe
458 235 50 23 that
526 235 45 23 this
581 234 65 30 long-

73 271 105 30 disputed
190 270 42 23 and
243 271 122 29 important
371 269 102 30 question
480 268 47 23 will
533 275 52 23 very
593 274 54 16 soon

73 304 28 22 be
112 303 82 23 settled
211 304 23 22 in
244 311 14 15 a
274 309 93 16 manner
378 300 71 24 which
461 300 46 23 will
518 301 51 30 give
580 300 67 23 satis-

73 336 82 23 faction
174 335 136 30 throughout
328 334 87 24 Ulster.
450 333 24 23 A
486 333 47 23 Bill
548 334 21 22 is
581 337 22 19 to
619 332 28 23 be

73 368 98 31 brought
188 369 46 23 into
246 367 139 24 Parliament
397 366 30 32 by
439 366 38 23 the
495 366 62 23 Lord
570 365 76 24 Chan-

73 401 69 23 cellor
142 414 32 4 —
175 401 25 23 of
209 408 78 16 course
298 401 82 29 having
390 399 101 23 received
501 398 36 24 his
547 399 99 22 sanction

72 446 33 4 —
107 434 80 28 which,
207 441 33 16 we
259 432 42 25 feel
319 432 106 28 satisfied,
444 432 45 23 will
507 438 90 17 remove
616 430 31 23 all

68 467 51 30 just
127 467 100 30 grounds
235 466 26 24 of
269 466 128 31 complaint.
479 464 57 23 have
547 468 39 18 not
594 471 52 15 seen

73 499 37 23 the
122 499 47 29 bill,
183 499 40 24 but
241 507 34 15 we
291 499 57 23 have
366 497 113 30 authority
489 502 24 18 to
533 500 57 19 state
608 496 38 23 the

72 532 110 31 principal
199 532 125 32 provisions
342 530 117 24 contained
479 530 24 23 in
520 530 26 23 it.
581 528 36 31 By
628 529 19 22 it

72 564 38 23 the
120 565 63 31 right
193 565 25 24 of
227 565 158 30 Presbyterian
397 563 129 30 clergymen
536 568 25 17 to
571 568 75 23 marry

70 598 113 23 members
192 598 25 23 of
223 598 57 23 their
288 597 141 23 communion
439 600 22 19 to
471 594 175 32 Episcopalians

70 631 21 22 is
110 631 132 31 completely
254 629 138 31 recognised,
404 628 46 24 and
468 627 39 23 the
523 631 60 19 most
594 634 52 24 per-

70 662 45 24 fect
124 664 98 30 equality
232 662 142 25 established.
410 660 76 24 There
498 661 28 27 is,
535 660 109 28 however,

70 700 23 18 to
105 696 28 23 be
145 704 13 16 a
168 696 137 31 publication
315 695 25 23 of
348 695 80 28 banns,
438 701 26 16 as
475 694 25 22 in
510 693 38 24 the
561 693 84 23 Estab-

67 728 76 24 lished
155 729 91 24 Church
255 738 6 19 ;
282 728 37 24 the
336 735 127 23 ceremony,
475 727 56 27 also,
543 727 20 22 is
583 731 23 18 to
618 726 28 24 be

70 761 126 30 performed
202 763 21 22 in
233 762 37 24 the
275 760 190 31 meeting-house,
469 760 79 23 within
554 760 92 23 canoni-

66 794 38 23 cal
124 794 77 30 hours,
214 794 44 24 and
277 802 14 15 a
307 794 111 30 marriage
437 793 97 31 registry
546 793 20 23 is
583 796 23 20 to
617 793 29 22 be

69 827 63 31 kept.
168 827 57 24 This
236 829 20 21 it
268 827 37 23 the
317 827 58 30 grist
387 826 24 24 of
430 826 38 23 the
480 826 49 28 bill,
540 826 73 22 which
625 826 21 22 is

70 860 62 30 quite
143 860 65 23 brief.
243 860 51 23 The
304 859 41 24 bill
353 866 45 17 was
409 859 131 24 introduced
552 859 47 23 into
608 858 37 23 the

70 892 81 24 House
162 893 27 23 of
202 893 73 23 Lords
287 900 30 16 on
328 892 143 31 Wednesday
484 893 104 29 evening,
601 891 44 23 and

66 933 46 16 was
133 926 53 23 then
204 933 22 16 to
246 927 85 22 remain
354 934 52 15 over
426 925 35 23 for
479 925 166 23 consideration

66 958 84 31 during
160 960 38 22 the
210 967 73 15 recess
292 968 6 20 ;
312 960 45 24 and
367 967 33 15 we
411 959 57 23 have
480 958 112 23 excellent
603 965 41 16 au-

66 992 85 30 thority
160 993 36 22 for
216 993 84 31 stating
320 994 49 22 that
385 1000 68 22 every
464 991 142 31 expectation
623 991 21 23 is

66 1026 143 23 entertained
229 1026 24 23 of
267 1027 31 22 its
317 1027 119 29 becoming
452 1024 39 24 the
509 1024 43 24 law
564 1024 26 23 of
606 1024 38 23 the

66 1058 60 29 land,
138 1059 78 23 unless
237 1067 69 21 some,
319 1064 24 19 at
358 1062 92 28 present
468 1057 176 32 unanticipated,

68 1091 99 24 obstacle
178 1092 28 23 be

102 1124 51 24 The
173 1125 175 24 Commissioner
361 1125 24 23 of
404 1125 108 23 Customs
523 1124 56 24 have
595 1123 51 31 just

66 1157 78 24 issued
155 1166 30 15 an
196 1158 64 24 order
272 1158 71 24 which
355 1165 101 17 reverses
466 1158 106 30 previous
583 1157 61 23 deci-

68 1191 62 23 sions
148 1191 71 24 under
230 1191 71 24 which
320 1199 68 23 green
409 1191 65 23 hams
493 1190 110 31 imported
621 1191 24 23 in

66 1224 79 30 pickle
165 1224 56 23 have
237 1225 64 28 been,
315 1225 35 23 till
368 1232 56 21 now,
437 1224 98 30 charged
555 1224 53 30 only
620 1231 25 16 as

68 1256 66 31 pork.
171 1257 24 24 It
213 1259 19 21 is
251 1266 49 15 now
319 1257 91 24 deciJed
428 1257 49 23 that
515 1257 32 23 all
562 1257 49 30 legs
623 1257 25 23 of

66 1290 59 31 pork
134 1290 135 31 thoroughly
277 1292 68 23 cured
357 1291 43 24 and
411 1290 111 32 imported
534 1291 23 22 in
567 1298 13 15 a
587 1294 59 19 state
651 1289 2 24 !

65 1323 26 23 fit
103 1323 35 24 for
149 1324 79 31 drying
240 1324 44 24 and
294 1325 94 30 making
500 1331 38 16 are
549 1323 95 31 charge-

66 1356 50 24 able
128 1357 55 23 with
193 1357 37 24 the
242 1357 55 32 duty
309 1366 29 15 on
348 1358 64 23 hams
422 1366 7 20 ;
444 1357 73 24 which
529 1357 20 24 is
564 1358 50 23 14s.
627 1356 20 23 if

65 1389 96 32 foreign,
173 1391 45 23 and
228 1393 36 21 3s.
277 1391 40 24 6d.
330 1391 20 23 if
359 1390 103 29 colonial,
475 1390 88 24 instead
571 1389 25 24 of
606 1391 37 23 Bs.

66 1422 45 24 and
122 1425 37 22 2s.
178 1431 41 24 per
235 1428 51 24 cwt,
296 1433 6 15 :
322 1432 26 15 so
360 1424 46 23 that
426 1424 46 23 this
490 1424 45 23 last
546 1423 100 24 decision

65 1456 82 24 makes
157 1465 14 15 a
181 1457 102 24 material
294 1457 120 24 difference
424 1461 25 19 to
460 1457 129 31 importers.

101 1489 49 24 Mr.
168 1490 103 32 Murray,
283 1491 38 24 the
341 1490 91 25 Roman
444 1489 104 24 Catholic
568 1489 76 24 Arch-

66 1522 82 32 bishop
161 1524 26 23 of
203 1523 95 30 Dublin,
312 1524 40 24 has
372 1523 122 24 addressed
514 1531 14 15 a
545 1523 65 23 letter
621 1527 23 19 to

66 1555 38 24 the
126 1556 103 25 Catholic
247 1557 84 31 clergy,
351 1557 143 31 disclaiming
512 1556 132 24 connection

67 1589 53 23 with
133 1590 37 24 the
182 1591 74 30 repeal
268 1591 115 31 agitation.

100 1622 99 25 Advices
210 1624 60 23 from
292 1624 84 30 Texas,
397 1631 131 16 announces
545 1623 50 24 that
614 1622 31 25 all

65 1656 38 24 the
115 1662 159 26 governments
286 1658 25 23 of
320 1657 92 32 Europe
423 1665 38 16 are
473 1657 82 31 agreed
566 1664 29 16 on
607 1656 38 24 the

66 1690 115 31 necessity
193 1690 25 24 of
226 1691 92 31 putting
329 1691 65 23 down
406 1690 38 25 the
454 1690 121 32 predatory
587 1697 58 16 war-

65 1723 48 25 fare
134 1723 86 25 carried
239 1732 29 16 on
289 1725 29 30 by
339 1724 93 24 Mexico
450 1724 91 31 against
559 1724 85 23 Texas.

67 1756 66 25 Even
145 1757 39 24 the
195 1757 121 24 American
326 1758 156 23 Government
493 1757 42 24 has
543 1756 102 25 declared

63 1789 52 25 that
133 1790 46 24 this
196 1798 52 21 war,
260 1799 25 15 as
302 1791 125 24 conducted
445 1790 31 31 by
488 1791 101 28 Mexico,
601 1791 20 23 is
631 1798 15 16 a

63 1824 110 24 violation
185 1823 25 24 of
218 1823 38 25 the
266 1824 54 24 laws
333 1825 26 23 of
366 1825 98 23 nations.

100 1857 52 25 The
162 1857 123 25 Academic
296 1857 28 24 de
336 1857 108 32 Musique
456 1858 24 23 in
500 1858 88 24 France
607 1865 36 15 re-

63 1892 77 23 ceives
152 1892 108 27 650,000
271 1890 76 25 francs
366 1892 53 23 with
439 1891 38 24 the
498 1890 71 25 locale
585 1891 59 24 from

66 1924 169 28 Government;
263 1924 38 24 the
319 1925 73 23 lessee
412 1929 24 19 at
458 1924 41 24 her
522 1924 122 31 Majesty's

65 1958 108 28 Theatre,
186 1965 28 15 on
223 1957 38 24 the
273 1962 112 26 contrary,
397 1965 56 24 pays
471 1965 15 16 a
500 1962 38 19 tax
559 1965 28 16 on
606 1957 38 24 the

62 1991 110 29 Theatre,
185 1991 43 23 and
240 1990 128 32 something
375 1990 48 24 like
434 1991 114 28 £32,000
559 1996 57 20 rent.

98 2025 76 23 There
193 2031 57 17 were
270 2031 63 16 some
361 2024 153 32 experiments
538 2024 66 23 made
621 2029 23 18 at

63 2057 126 25 •Woolwich
207 2057 118 32 yesterday
336 2057 63 24 week
420 2057 55 24 with
486 2058 48 23 Mr.
548 2057 95 24 Reere's

60 2092 135 30 .percussion
207 2090 77 29 shells,
296 2091 45 24 and
352 2090 48 25 Mr.
411 2090 118 32 Gurney's
538 2090 90 25 rockets
635 2100 6 20 ;

56 2125 95 24 -several
166 2124 64 24 other
249 2124 91 24 rockets
360 2124 64 24 made
442 2125 25 23 in
485 2125 39 23 the
545 2125 99 23 Arsenal

64 2167 58 16 were
134 2158 57 25 fired
202 2164 22 18 to
243 2163 36 26 try
291 2158 38 23 the
347 2157 66 24 effect
424 2158 27 23 of
465 2158 105 23 different
581 2165 62 16 com-

58 2193 125 31 positions,
194 2192 41 24 but
246 2199 29 16 no
285 2191 93 24 decided
389 2191 71 24 result
470 2199 47 16 was
529 2192 113 24 obtained.

100 2226 50 23 The
162 2226 65 30 King
235 2225 26 23 of
267 2225 38 23 the
317 2225 89 24 French
418 2224 50 30 has,
475 2224 31 32 by
516 2225 127 29 ordinance,

57 2259 124 24 •conferred
200 2259 39 23 the
258 2258 59 32 style
336 2259 26 23 of
376 2258 77 31 Royal
474 2258 120 32 Highness
615 2267 29 15 on

64 2294 85 23 Prince
159 2293 121 31 Augustus
301 2292 25 23 of
342 2292 61 24 Saxe
423 2292 101 32 Coburg,
537 2292 39 23 the
587 2292 57 24 hus-

64 2325 60 25 band
140 2327 26 23 of
180 2326 38 24 the
239 2326 107 24 Princess
366 2325 140 24 Clementine
517 2334 6 20 ;
542 2326 44 23 and
607 2326 37 24 the

63 2367 78 24 young
152 2360 83 24 Prince
247 2360 25 23 of
287 2358 170 32 Wurtemburg,
470 2359 38 24 the
520 2367 41 16 son
572 2359 25 24 of
606 2359 38 24 the

63 2394 45 23 late
120 2394 107 24 Princess
240 2393 77 30 Mary.

96 2427 24 24 A
132 2426 101 25 Russian
247 2426 108 32 Imperial
372 2426 74 24 ukase
464 2426 42 24 has
518 2426 57 24 been
586 2426 58 32 pub-

63 2460 74 25 lished
148 2461 119 30 decreeing
287 2459 37 24 the
336 2461 98 30 opening
452 2460 26 23 of
493 2468 14 16 a
523 2468 49 16 new
583 2460 60 29 loan,

63 2499 23 19 to
105 2494 40 24 the
164 2499 93 18 amount
282 2493 26 24 of
330 2492 63 32 eight
410 2493 101 24 millions
529 2493 26 24 of
578 2494 68 23 silver

63 2527 99 30 roubles,
174 2532 23 19 at
209 2527 37 24 the
259 2531 46 19 rate
317 2526 26 24 of
351 2527 50 23 four
408 2534 41 23 per
461 2531 62 19 cent,
533 2527 94 23 interest
637 2536 5 20 ;

63 2561 38 24 the
112 2560 73 25 whole
196 2569 49 16 sura
263 2561 21 22 is
302 2564 23 19 to
345 2560 28 23 be
385 2560 89 32 applied
494 2560 35 24 for
540 2560 39 24 the
589 2569 55 23 pur-

63 2602 55 24 pose
141 2595 25 23 of
188 2594 108 31 finishing
318 2593 41 24 the
376 2593 92 32 railway
486 2594 102 24 between
607 2594 35 24 St.

64 2628 156 31 Petersburgh
239 2627 45 24 and
304 2627 100 24 Moscow
423 2628 24 23 in
465 2626 40 25 the
525 2635 79 17 course
622 2628 26 23 of

63 2666 56 20 next
130 2669 62 23 year.

98 2695 52 25 The
160 2694 115 32 projected
287 2693 109 25 Artesian
406 2694 52 24 well
468 2699 26 19 at
510 2694 39 24 the
571 2694 75 25 Chain

65 2729 55 24 Pier
130 2733 23 19 at
165 2728 119 32 Brighton,
297 2727 58 24 after
373 2727 153 33 approaching
545 2732 22 20 to
587 2729 59 23 what

65 2762 128 33 apppeared
204 2770 13 15 a
225 2760 125 25 successful
368 2761 144 32 completion,
530 2762 42 23 has
589 2762 57 24 been

65 2797 68 31 again
154 2794 132 25 abandoned
295 2803 6 20 ;
324 2799 70 19 water
416 2802 45 16 was
484 2795 110 31 procured
622 2797 24 22 in

64 2829 141 30 abundance,
216 2828 42 24 but
278 2828 17 23 it
312 2835 47 16 was
376 2828 117 30 brackish,
513 2828 52 30 and,
588 2828 58 25 from

64 2863 38 24 the
120 2863 46 24 fact
184 2863 49 23 that
252 2862 18 23 it
289 2869 51 16 rose
360 2862 43 24 and
422 2862 39 24 fell
477 2862 54 24 with
542 2862 38 24 the
592 2863 54 29 tide,

64 2905 46 16 was
122 2895 113 34 supposed
247 2899 23 20 to
281 2898 164 21 communicate
456 2895 54 24 with
522 2896 39 23 the
571 2904 46 16 sea.

97 2930 52 25 The
162 2934 77 19 recent
258 2929 151 23 introduction
429 2929 25 23 of
475 2929 40 24 the
532 2930 112 30 stringent

64 2964 140 31 regulations
215 2962 93 24 ordered
315 2962 32 31 by
360 2962 37 24 Sir
408 2962 77 24 James
498 2962 101 25 Graham
611 2964 36 23 for

63 2998 40 24 the
113 3001 149 28 government
280 2996 25 23 of
320 2995 40 24 the
378 2995 102 26 Queen's
501 2996 86 24 Prison
606 2997 41 23 has

61 3031 93 31 already
166 3030 57 24 been
235 3028 131 33 productive
376 3030 26 23 of
410 3037 63 16 some
484 3030 66 23 effect
562 3039 7 20 ;
581 3038 66 16 seve-

60 3065 38 24 lal
107 3064 133 28 insolvents,
260 3063 49 23 who
327 3063 46 24 had
392 3063 57 24 been
469 3064 25 23 in
512 3065 78 29 prison
611 3063 36 24 for

63 3097 156 25 considerable
240 3096 91 32 periods
359 3096 95 32 varying
482 3097 58 23 from
569 3097 77 24 fifteen

61 3140 77 24 years,
155 3131 59 24 have
232 3131 62 22 since
317 3129 89 32 applied
428 3135 23 18 to
468 3129 39 25 the
529 3130 118 25 Insolvent

63 3165 108 25 Debtors'
185 3164 71 24 Court
266 3164 35 23 for
312 3163 73 24 relief.

97 3199 51 24 The
159 3199 47 30 city
214 3198 26 23 of
248 3197 93 31 Leipsic
348 3197 41 23 has
401 3197 118 24 conferred
528 3197 38 24 the
574 3197 73 24 honor

61 3232 27 25 of
103 3232 40 24 the
154 3231 99 24 freedom
266 3231 25 23 of
306 3230 39 24 the
357 3231 44 30 city
414 3239 30 15 on
454 3230 40 24 the
508 3236 65 26 great
583 3238 63 16 com-

63 3273 75 25 poser,
150 3265 45 25 Dr.
207 3263 134 32 Bartboldy,
354 3264 45 23 and
409 3263 42 24 has
467 3265 121 31 presented
599 3265 47 24 him

63 3301 38 23 the
112 3300 80 24 letters
201 3301 79 28 patent
291 3298 35 23 for
338 3296 49 25 that
406 3305 99 24 purpose
517 3299 23 22 in
552 3307 14 15 a
576 3298 70 24 beau-

61 3334 53 24 tiful
122 3332 124 31 silver-gilt
256 3331 54 24 box.

98 3367 77 25 Count
183 3364 96 25 Potoski
291 3372 47 16 was
348 3364 71 24 killed
430 3373 30 15 on
472 3365 39 23 the
521 3369 51 28 spot
582 3373 14 15 a
602 3365 44 24 few
651 3370 2 5 '

63 3402 56 30 days
139 3408 44 23 ago
201 3404 24 19 at
244 3399 99 29 Vienna,
367 3398 30 32 by
414 3399 78 30 riding
507 3403 24 19 at
552 3407 14 15 a
586 3403 60 20 most

61 3435 89 24 furious
171 3437 50 20 rate
242 3424 90 40 agafjlst
354 3431 38 25 the
413 3432 69 24 horse
507 3432 26 24 of
553 3432 93 24 another

63 3469 85 29 Count,
160 3468 51 23 who
230 3468 56 22 was*
296 3465 101 24 likewise
416 3465 96 29 thrown,
524 3466 45 23 and
585 3466 60 23 frac-

62 3502 66 24 tured
140 3500 87 25 several
245 3500 68 24 limbs
324 3508 6 21 ;
350 3499 38 24 the
404 3499 115 24 cellission
529 3507 45 16 was
585 3500 61 23 acci-

61 3528 86 33 dental.

96 3571 24 23 A
141 3569 98 24 solution
250 3567 26 25 of
294 3567 46 24 five
349 3574 93 16 'ounces
463 3566 27 24 of
507 3567 95 23 muriate
623 3566 26 24 of

63 3604 122 28 ammonia,
197 3603 24 23 in
239 3601 131 31 one'gallon
388 3600 25 23 of
430 3604 78 24 water,
528 3601 19 23 it
566 3600 19 23 is
597 3600 48 24 said

62 3637 46 24 will
119 3635 110 32 instantly
240 3635 131 30 extinguish
381 3641 15 16 a
406 3634 64 31 large
480 3634 51 24 fire.

95 3672 180 22 Anticipated
302 3669 121 24 Arrival
452 3674 32 17 op
514 3667 129 24 General

61 3705 166 24 Esparteeo.
229 3715 34 5 —
263 3701 128 32 Yesterday
399 3701 114 31 morning,
523 3708 43 17 one
574 3700 26 24 of
606 3701 39 23 the

60 3738 102 24 ■Officers
176 3737 25 24 of
217 3736 37 25 the
266 3735 63 24 Staff
336 3735 28 24 of
381 3735 101 24 Gentral
500 3735 144 31 Esparterto,

60 3772 47 24 and
117 3772 39 24 the
169 3771 92 24 Private
274 3769 120 31 Secretary
406 3772 22 20 to
441 3768 38 24 the
491 3768 100 32 Regent,
601 3768 41 24 left

62 3805 108 25 Mizart's
184 3804 79 29 Hotel,
276 3802 88 32 shortly
374 3802 77 24 before
465 3804 29 22 11
508 3801 94 29 o'clock,
615 3801 31 33 by

62 3839 39 24 the
113 3839 74 24 South
204 3838 107 24 Western
330 3835 112 32 Railway,
453 3835 36 24 for
501 3835 108 32 Gosport,
621 3840 23 19 to

62 3877 60 21 meet
134 3872 38 24 the
190 3872 92 31 Regent
299 3875 23 20 at
333 3868 158 27 Portsmouth.
528 3869 24 24 It
569 3870 20 23 is
600 3877 44 16 un-

63 3907 85 24 certain
159 3905 101 25 whether
272 3903 124 33 Espartero
407 3903 46 24 will
465 3903 68 25 reach
545 3903 37 24 the
591 3903 53 24 Me-

62 3940 93 31 tropolis
167 3939 46 24 this
225 3938 97 31 evening
332 3945 26 16 or
369 3942 140 19 to-morrow.
551 3936 93 25 Several

61 3974 113 30 carriages
188 3980 37 17 are
237 3978 23 21 tp
271 3971 77 25 attend
357 3970 38 25 the
403 3969 119 26 Vauxhall
534 3971 109 24 terminus

582 46 96 46 Wst
704 45 118 42 mm
848 45 206 41 Zealand
1077 45 188 45 <&a}tttt
1290 43 90 38 atrt>
1404 40 296 46 oatelttugtott
1726 38 250 47 &ptttattor*

1486 1509 167 23 POSTAGE.

1306 1563 34 23 To
1355 1563 161 25 Subscribers,
1533 1570 77 14 other
1625 1562 146 22 Newspaper
1790 1560 72 22 Esta-

1281 1597 151 19 blishments,
1443 1596 46 15 and
1505 1589 159 21 Commanders
1681 1596 28 14 of
1724 1588 109 22 Vessels.
1836 1598 27 4 —

1281 1617 28 22 In
1319 1624 40 14 our
1368 1624 68 21 paper
1445 1616 25 22 of
1482 1616 131 27 September
1627 1617 36 25 30,
1674 1623 33 15 we
1717 1614 98 23 inserted
1825 1614 37 22 the

1279 1643 67 23 latest
1354 1643 137 28 regulations
1500 1642 69 22 about
1578 1643 102 26 Postage.
1710 1642 43 22 For
1763 1641 37 22 the
1810 1649 53 14 con-

1280 1671 107 22 venience
1403 1671 26 21 of
1446 1677 41 15 our
1503 1670 131 22 mercantile
1650 1669 92 27 friends,
1758 1676 33 14 we
1806 1668 56 22 have

1279 1697 88 28 printed
1378 1697 60 22 them
1453 1704 60 20 upon
1529 1705 13 13 a
1558 1697 52 21 half
1620 1696 63 22 sheet
1697 1697 27 21 of
1734 1702 74 25 paper,
1819 1695 45 21 and

1279 1725 53 27 they
1338 1732 42 15 can
1390 1731 49 15 now
1448 1724 27 22 be
1485 1723 158 28 conveniently
1648 1722 78 29 posted
1735 1730 23 14 in
1764 1730 30 14 an
1800 1722 62 22 office

1279 1752 35 22 for
1323 1751 90 28 general
1423 1751 122 22 reference.

1307 1779 42 21 We
1359 1781 83 19 cannot
1451 1778 113 22 ourselves
1573 1777 78 28 gather
1661 1777 59 21 from
1730 1776 38 22 the
1777 1775 86 27 regula-

1280 1806 58 22 tions
1349 1806 37 22 the
1394 1809 92 24 postage
1496 1804 133 27 chargeable
1640 1811 60 20 upon
1718 1803 97 22 colonial
1824 1810 40 20 pa-

1279 1840 50 21 pers
1338 1833 78 26 posted
1431 1836 24 18 at
1470 1832 147 26 Wellington,
1628 1831 41 21 but
1684 1838 34 14 we
1733 1830 58 22 have
1806 1829 58 23 been

1279 1859 113 23 informed
1401 1859 48 22 that
1457 1859 38 21 the
1505 1866 50 14 sum
1566 1857 132 28 chargeable
1709 1857 19 21 is
1738 1864 43 14 one
1789 1864 75 20 penny

1279 1894 40 20 per
1328 1894 73 20 paper.
1429 1886 54 22 This
1493 1886 19 21 is
1521 1892 15 14 a
1544 1885 74 27 heavy
1628 1889 45 23 tax,
1685 1884 46 22 and
1740 1883 82 23 indeed
1831 1891 33 15 we

1280 1917 87 24 suspect
1376 1913 37 22 the
1422 1913 136 26 regulations
1568 1906 45 27 will
1627 1912 29 20 be
1671 1911 70 22 found
1749 1910 115 27 generally

1280 1943 23 17 to
1312 1940 55 20 bear
1377 1940 97 25 severely
1486 1944 61 20 upon
1556 1937 39 21 the
1605 1937 114 21 colonists.

1308 1966 49 21 One
1366 1972 73 21 penny
1455 1963 55 23 each
1526 1963 45 22 will
1586 1966 93 19 amount
1694 1966 25 18 to
1734 1960 62 29 eight
1810 1960 53 23 shil-

1280 1993 57 26 lings
1347 1992 44 22 and
1401 1991 60 28 eight
1469 1998 70 21 pence
1556 1997 39 21 per
1611 1997 85 15 annum
1705 1996 61 20 upon
1776 1995 40 15 our
1824 1995 40 21 pa-

1280 2027 47 20 per.
1355 2019 53 22 This
1418 2026 48 14 sum
1481 2025 32 14 we
1529 2017 58 22 shall
1603 2017 27 21 be
1644 2017 91 26 obliged
1750 2019 23 18 to
1782 2015 81 27 charge

1281 2046 112 29 quarterly
1403 2046 22 22 in
1442 2045 100 22 advance
1557 2045 35 21 for
1599 2051 79 21 papers
1696 2043 93 22 ordered
1803 2046 22 18 to
1835 2043 28 21 be

1281 2077 49 19 sent
1338 2077 39 18 out
1386 2073 24 22 of
1418 2073 36 21 the
1463 2072 87 27 colony,
1558 2071 31 28 by
1595 2078 91 21 persons
1695 2070 99 22 resident
1801 2070 61 21 here.

1283 2101 61 22 More
1356 2100 52 22 than
1425 2107 41 15 one
1481 2106 54 20 year
1549 2098 62 22 since
1622 2105 32 15 we
1669 2096 134 24 announced
1816 2097 48 21 that

1281 2136 33 14 we
1323 2127 74 23 would
1406 2132 39 17 not
1454 2126 79 28 supply
1543 2132 79 21 papers
1639 2129 23 17 to
1676 2124 82 28 parties
1768 2124 96 26 residing

1281 2159 39 18 out
1336 2155 27 21 of
1374 2155 37 21 the
1426 2153 85 27 colony,
1522 2153 76 22 unless
1615 2152 54 22 such
1684 2151 136 22 subscribers
1829 2158 35 14 ar-

1281 2181 84 28 ranged
1375 2182 35 21 for
1423 2181 37 21 the
1476 2183 108 24 payment
1597 2180 34 21 for
1644 2179 62 22 them
1723 2178 94 26 through
1834 2184 28 15 an

1281 2213 66 23 agent
1357 2209 60 21 here.
1445 2207 60 27 Only
1514 2210 43 18 two
1567 2207 85 26 foreign
1663 2205 135 22 subscribers
1807 2205 57 21 have

1281 2236 107 21 attended
1397 2238 22 19 to
1430 2235 42 21 this
1482 2233 82 27 notice,
1577 2233 44 22 and
1632 2233 37 21 the
1683 2233 74 26 heavy
1768 2239 96 20 expence

1281 2263 26 22 of
1317 2266 92 24 postage
1418 2266 22 18 to
1450 2261 73 22 which
1532 2268 34 14 we
1581 2260 56 22 shall
1647 2261 27 21 be
1685 2259 93 27 subject,
1789 2259 76 21 makes

1282 2291 18 21 it
1309 2289 125 28 absolutely
1443 2295 118 20 necessary
1570 2287 36 23 for
1615 2295 26 14 us
1650 2294 48 14 now
1714 2291 23 17 to
1751 2293 63 20 carry
1825 2293 40 15 our

1281 2317 74 22 notice
1364 2317 46 21 into
1420 2316 71 22 effect.
1512 2315 28 21 In
1550 2315 74 21 future
1632 2313 92 28 English
1730 2313 134 21 subscribers

1282 2344 49 23 who
1349 2343 57 22 have
1420 2345 40 20 not
1474 2341 53 29 paid
1538 2341 58 23 their
1611 2340 160 28 subscriptions
1788 2340 23 22 in
1829 2347 36 15 ac-

1282 2371 110 22 cordance
1417 2369 52 22 with
1492 2375 40 15 our
1550 2368 81 27 notice,
1652 2368 45 22 and
1721 2367 49 22 who
1794 2367 71 22 desire

1283 2402 22 18 to
1333 2398 59 21 have
1415 2404 41 15 our
1480 2397 88 20 Gazette
1590 2398 60 19 must
1678 2394 66 28 apply
1773 2396 23 19 to
1826 2400 41 15 our

1284 2424 96 23 London
1402 2424 82 27 Agent,
1510 2423 45 22 Mr.
1580 2422 94 27 Bowler,
1704 2425 24 17 at
1750 2421 37 21 the
1810 2421 55 21 New

1283 2452 102 22 Zealand
1399 2451 136 27 Company's
1551 2449 78 26 Office,
1642 2448 102 27 iiondon,
1760 2452 23 17 to
1792 2447 73 23 whom

1284 2487 32 14 we
1331 2479 58 22 have
1404 2478 57 22 been
1471 2477 137 26 forwarding
1623 2477 34 21 for
1672 2483 61 14 some
1749 2475 53 21 lime
1818 2477 49 24 past

1284 2506 44 22 and
1336 2509 23 18 to
1368 2505 72 22 whom
1449 2512 32 15 we
1491 2504 58 21 shall
1564 2503 105 22 continue
1679 2506 23 18 to
1712 2501 95 23 forward
1817 2501 49 28 fifty

1283 2534 74 26 copies
1375 2532 25 22 of
1420 2532 38 22 the
1479 2532 94 21 Gazette.
1610 2530 48 22 The
1677 2529 54 28 only
1749 2529 118 21 difference

1284 2560 45 22 will
1337 2560 29 22 be
1376 2559 50 27 this,
1437 2558 48 23 that
1494 2558 126 23 heretofore
1629 2564 33 15 we
1677 2557 58 21 have
1747 2560 50 17 sent
1808 2555 59 22 them

1284 2587 97 27 through
1390 2586 38 23 the
1437 2590 56 24 post,
1505 2586 45 21 and
1565 2592 50 15 now
1626 2592 32 14 we
1676 2587 58 18 must
1744 2583 54 21 send
1807 2583 59 21 them

1283 2615 30 27 by
1321 2615 86 27 private
1417 2613 149 27 opportunity,
1574 2619 23 15 as
1606 2612 19 21 it
1634 2618 52 20 may
1694 2611 60 25 offer,
1764 2611 26 20 of
1796 2609 71 22 which

1284 2641 38 22 the
1332 2642 93 26 Postage
1436 2640 147 28 Regulations
1592 2638 80 34 permit
1681 2645 5 19 ;
1697 2637 52 27 they
1760 2637 44 22 will
1815 2644 52 14 con-

1284 2668 117 28 sequently
1410 2670 40 19 not
1458 2667 29 22 be
1497 2666 106 23 obtained
1612 2673 24 14 so
1644 2664 135 28 frequently.

1312 2697 33 20 As
1352 2703 34 14 we
1395 2694 56 23 shall
1460 2694 57 22 have
1526 2697 23 18 to
1559 2701 44 21 pay
1611 2696 91 24 postage
1714 2699 28 14 on
1752 2691 30 22 all
1791 2698 76 21 papers

1284 2730 33 15 we
1333 2722 56 22 send
1404 2725 23 18 to
1443 2729 24 14 or
1480 2722 88 21 receive
1583 2721 57 21 from
1661 2719 38 22 the
1716 2718 104 27 colonies,
1837 2725 30 14 we

1285 2753 60 19 must
1354 2748 87 23 decline
1451 2748 38 22 the
1499 2751 88 24 greater
1602 2749 50 25 part
1665 2746 26 21 of
1703 2753 41 14 our
1754 2745 113 27 exchange

1284 2783 86 22 papers,
1381 2783 25 14 as
1416 2775 37 22 the
1462 2778 39 19 tax
1510 2774 76 23 would
1594 2774 41 22 fall
1644 2781 54 19 very
1704 2772 99 28 severely
1809 2779 58 21 upon

1285 2811 41 15 our
1341 2803 63 22 small
1423 2802 175 22 establishment.
1636 2800 74 22 Those
1730 2799 48 22 who
1799 2807 68 18 cease,

1284 2831 58 21 after
1352 2830 43 22 this
1404 2833 22 18 to
1436 2830 85 21 receive
1531 2836 42 15 our
1578 2835 74 21 paper,
1662 2827 42 22 will
1715 2827 73 27 please
1799 2826 68 22 there-

1284 2858 47 21 fore
1341 2860 23 19 to
1375 2856 137 23 understand
1522 2863 42 15 our
1573 2862 78 15 reason
1662 2862 24 15 as
1696 2862 49 14 now
1755 2854 74 25 given.

1313 2890 41 22 We
1368 2889 57 22 have
1440 2889 57 22 been
1512 2888 25 22 in
1556 2887 39 23 the
1613 2887 63 22 habit
1690 2886 27 22 of
1734 2886 77 27 giving
1830 2893 41 15 our

1284 2924 69 21 paper
1366 2920 23 18 to
1407 2916 37 22 the
1459 2919 94 19 masters
1570 2915 26 22 of
1606 2914 31 22 all
1653 2914 60 27 ships
1727 2913 24 22 in
1765 2913 104 21 harbour.

1284 2945 54 21 This
1348 2943 41 23 has
1398 2944 57 22 been
1463 2950 14 14 a
1487 2942 92 22 heavier
1594 2945 40 19 tax
1648 2941 56 22 than
1719 2947 68 20 many
1797 2939 73 22 would

1285 2978 102 21 suppose,
1397 2970 46 23 and
1451 2969 39 23 the
1500 2973 39 19 tax
1547 2969 42 23 has
1597 2969 58 22 been
1672 2968 39 22 the
1721 2974 59 15 more
1797 2967 40 21 felt
1846 2974 25 14 as

1284 2998 38 22 the
1331 3001 94 19 masters
1441 2997 25 22 of
1477 2997 62 28 ships
1555 2997 58 21 have
1628 2995 74 27 rarely
1711 2993 123 23 forwarded
1844 3001 27 14 us

1284 3032 79 21 papers
1371 3025 25 22 in
1404 3027 84 24 return,
1500 3032 25 14 or
1535 3023 99 23 afforded
1648 3030 26 14 us
1688 3021 143 23 information
1848 3021 24 22 of

1284 3059 46 21 any
1339 3052 142 27 description.
1508 3051 34 21 To
1552 3049 56 23 such
1617 3048 156 24 commanders
1782 3054 24 15 as
1815 3047 56 23 send

1283 3087 28 14 us
1319 3086 86 20 papers,
1417 3086 25 14 or
1450 3077 82 23 render
1547 3084 27 15 us
1589 3076 73 22 useful
1677 3074 150 27 information,
1837 3082 34 14 we

1284 3106 58 22 shall
1352 3107 27 21 be
1389 3105 73 28 happy
1471 3105 46 21 still
1524 3107 24 19 to
1557 3104 52 27 give
1618 3103 39 23 the
1669 3103 87 21 Gazette
1763 3110 6 19 ;
1784 3101 40 22 but
1832 3101 38 22 the

1284 3134 74 26 heavy
1368 3140 94 20 expense
1471 3132 27 21 of
1504 3134 90 25 postage
1599 3133 24 19 to
1629 3130 73 22 which
1713 3137 32 15 we
1755 3129 57 22 shall
1822 3136 49 14 now

1284 3160 28 22 be
1323 3159 104 29 exposed,
1438 3159 76 22 makes
1523 3159 19 21 it
1550 3165 117 20 necessary
1677 3157 35 22 for
1721 3164 26 15 us
1757 3160 23 18 to
1791 3163 80 15 econo-

1284 3188 57 21 mise
1351 3186 30 23 all
1395 3186 38 23 the
1448 3193 76 14 means
1538 3186 25 21 in
1578 3192 40 15 our
1633 3192 81 21 power.
1742 3183 41 22 We
1799 3183 73 21 there-

1284 3215 47 21 fore
1347 3221 116 14 announce
1479 3213 49 22 that
1544 3211 169 23 henceforward
1728 3211 44 22 this
1787 3213 84 19 custom

1284 3241 139 26 terminates.

1277 129 121 25 Country
1412 127 125 21 Sections
1557 128 42 19 for
1619 127 60 20 Sale
1701 132 37 14 on
1758 126 97 20 Xiibera

1516 154 102 21 Terms.

1278 180 161 49 SEVERAL
1473 179 101 22 Sections
1601 180 26 21 of
1658 180 100 25 Country
1785 177 70 27 Land,

1340 206 90 27 already
1439 205 80 22 chosen
1529 207 24 20 in
1564 206 37 21 the
1614 206 94 22 Porirua
1722 205 90 25 district,
1823 204 35 21 for

1271 232 62 28 'Sale,
1345 240 73 15 terms
1428 239 103 15 liberal.
1562 232 75 28 Apply
1646 236 23 17 to

1371 264 24 22 F.
1410 264 28 21 A.
1451 264 171 26 Mole3Worth,
1639 263 183 27 Murphy-street,
1833 268 25 15 or

1371 295 33 21 W.
1420 294 27 23 V.
1462 295 107 28 Brewer,
1580 296 195 22 Manners-street.

1499 347 53 21 For
1567 347 70 23 Sale,

1278 380 90 49 THE
1385 379 140 23 COTTAGE
1540 380 95 22 situated
1644 380 25 21 in
1686 379 99 22 Oriental
1802 379 55 26 Bay,

1351 406 44 22 and
1409 406 67 28 lately
1485 407 107 27 occupied
1606 407 30 27 by
1646 406 37 22 the
1700 405 157 26 undersigned.

1276 434 22 21 A
1312 433 54 27 long
1383 432 59 22 lease
1459 434 25 21 of
1501 433 37 22 the
1553 433 84 22 section
1652 439 59 21 upon
1731 431 70 22 which
1821 431 37 22 the

1277 460 68 22 house
1354 459 75 22 stands
1438 460 44 21 will
1491 460 27 21 be
1528 459 103 28 granted.

1290 499 3 4 ■
1302 486 69 22 Town
1380 486 54 21 land
1443 486 44 22 will
1495 487 28 22 be
1532 486 67 22 taken
1610 486 23 21 in
1643 485 122 27 exchange.

1304 513 43 22 For
1355 512 83 22 further
1446 513 136 27 particulars,
1592 512 67 28 apply
1667 516 24 17 to

1594 546 97 22 George
1705 545 89 25 Duppa,
1809 552 24 14 or

1593 573 36 21 W.
1645 572 29 22 V.
1689 572 102 22 Brewer

1279 615 90 49 THE
1391 617 76 20 Nelson
1491 618 116 20 Examiner
1629 616 43 21 and
1693 616 52 19 New
1769 614 92 20 Zealand

1351 643 107 21 Chronicle
1474 643 126 28 (published
1610 646 22 18 at
1641 641 102 27 Nelson,)
1758 641 20 21 is
1795 648 64 21 regu-

1276 669 57 28 larly
1352 670 137 22 transmitted
1504 674 23 18 to
1542 669 146 27 Wellington,
1708 667 44 23 and
1767 674 51 20 may
1831 667 28 21 be

1277 696 42 22 had
1330 699 24 19 at
1361 695 38 22 the
1409 696 61 22 office
1480 697 26 21 of
1516 697 45 21 this
1570 703 74 21 paper.

1303 723 48 22 The
1360 723 77 20 Nelson
1446 725 115 19 Examiner
1576 720 45 25 will
1630 723 27 21 be
1667 721 71 22 found
1747 728 29 14 an
1786 720 73 22 excel-

1277 749 47 22 lent
1331 749 99 23 medium
1439 750 33 22 for
1483 750 139 22 advertisers.

1302 782 78 21 Terms
1390 781 33 21 for
1432 781 36 22 the
1478 789 74 20 paper,
1563 784 36 19 ten
1609 779 101 28 shillings
1723 786 40 20 per
1771 781 89 25 quarter

1276 808 94 28 payable
1377 808 24 21 in
1411 807 106 24 advance.

1303 839 83 24 Orders
1407 838 34 22 for
1459 839 38 22 the
1519 847 68 20 paper
1610 838 45 22 and
1677 836 183 23 advertisements

1277 865 101 23 received
1389 868 22 19 at
1420 865 37 22 the
1466 866 71 22 Office
1548 866 26 21 of
1586 866 44 21 this
1638 871 78 20 paper.

1437 911 75 21 Meat
1546 912 150 25 Company.

1503 944 129 23 CHEESE.

1279 970 91 51 THE
1385 970 87 23 MEAT
1492 970 153 24 COMPANY
1665 972 92 24 expects
1777 968 83 26 shortly

1353 1001 22 18 to
1385 998 84 21 receive
1478 999 90 26 regular
1573 997 96 28 supplies
1674 997 26 22 of
1708 996 85 23 Cheese
1803 995 55 21 from

1278 1025 37 22 the
1327 1025 138 27 Cowpasture
1474 1026 46 21 and
1528 1025 120 22 Terawitte
1655 1024 97 21 Dairies.

1545 1059 37 22 W.
1597 1058 103 26 Flyger,
1715 1057 117 26 Manager.

1305 1085 131 27 September
1443 1086 33 25 29,
1488 1087 61 21 1843.

1449 1131 75 21 Meat
1539 1132 149 25 Company.

1277 1165 185 50 WANTED,
1477 1172 14 15 a
1498 1165 71 22 vessel
1579 1165 25 22 of
1618 1165 68 21 about
1695 1165 28 21 30
1732 1167 57 22 tons,
1801 1165 21 19 to
1832 1161 28 21 be

1373 1193 55 31 kept
1443 1192 126 28 constantly
1585 1191 117 28 employed
1716 1191 23 21 in
1758 1189 103 27 bringing

1279 1220 55 28 pigs,
1345 1222 23 19 at
1377 1226 14 15 a
1400 1214 60 27 fixed
1467 1219 60 27 price
1537 1226 40 20 per
1587 1218 82 28 pound,
1676 1218 58 21 from
1744 1216 38 22 the
1792 1219 66 23 coast,

1279 1248 34 21 for
1321 1247 45 21 this
1376 1245 174 23 establishment.

1547 1278 37 23 W.
1598 1278 104 26 Flyger,
1717 1277 115 25 Manager.

1306 1306 129 27 September
1443 1306 34 25 29,
1490 1306 60 21 1843.

1280 1351 174 30 /CHARTER
1462 1350 175 27 PARTIES,for
1646 1349 45 23 sale
1701 1353 67 18 atttte
1777 1349 85 21 Gazette

1280 1381 42 21 V/
1336 1378 79 22 Office.

1281 1421 125 50 PLANS
1429 1421 27 21 of
1474 1420 38 22 the
1534 1421 70 22 Town
1623 1421 28 21 of
1667 1419 167 22 Wellington.

1352 1448 56 22 Plan
1429 1448 27 20 of
1461 1447 39 22 the
1510 1448 107 21 Harbour
1626 1447 26 22 of
1666 1447 55 22 Port
1738 1445 123 22 Nicholson
