3460 4610
58 209 51 24 Lad
120 207 71 25 made
218 205 43 25 the
269 204 115 38 jmpport
407 202 27 24 of
454 204 42 23 tbe
509 202 80 31 liquor

57 247 139 33 legislation
208 254 15 16 a
337 244 27 24 in
382 243 65 25 their
464 244 124 30 platform,

57 285 113 27 declared
189 273 186 47 thatt^Bdid
386 283 45 23 not
443 282 91 24 believe
546 283 43 24 tbe

55 325 114 34 question
181 324 50 24 had
244 325 85 28 towly
341 322 151 32 appreciable
505 324 84 24 extent

20 358 25 32 \
56 365 103 25 affected
186 364 66 24 their
285 362 170 25 candidature.
508 362 83 26 Home

55 406 73 29 Kule,
148 404 100 27 Church
271 403 238 29 disestablishment,
530 404 58 28 and,

55 456 28 16 so
95 447 37 24 far
144 454 28 17 as
183 445 105 25 London
311 452 51 18 was
383 445 146 27 concerned,
548 445 42 25 the

56 489 76 23 water
142 485 133 32 monopoly
289 486 99 29 matter,
407 484 102 31 coupled

55 526 44 24 the
117 525 54 24 idea
194 524 56 25 that
275 531 76 17 seems
374 531 70 23 every
468 531 56 17 now
541 524 49 24 and

56 564 75 32 again
160 565 26 23 to
215 562 64 28 take,
299 562 139 31 possession
473 562 27 24 of
518 569 71 24 every

57 602 99 35 British
167 601 111 32 working
290 609 67 20 man,
377 600 55 25 that
444 601 40 24 the
496 595 95 45 cha^e

55 644 63 24 from
131 653 13 13 a
156 643 101 24 Liberal
268 644 26 22 to
308 649 15 16 a
336 641 64 31 Tory
425 647 164 18 government

59 683 51 24 will
143 689 74 17 mean
234 688 68 17 more
335 679 68 25 work
419 679 50 24 and
502 679 88 31 higher

56 729 91 25 wages,
166 729 62 17 were
246 721 40 25 the
315 726 85 19 causes
419 719 53 24 that
499 719 90 31 mainly

59 760 156 26 contributed
233 761 25 24 to
275 759 43 24 the
335 758 65 31 Tory
406 762 3 3 '
420 757 102 31 victory.

231 806 42 24 my
285 798 53 24 bias
349 796 102 25 affected
462 804 43 24 my
515 795 73 32 judg-

60 844 81 26 ment,,
156 841 46 24 but
217 839 65 32 prior
299 841 26 22 to
342 837 98 31 leaving
462 837 14 24 I
490 837 101 31 though

50 877 31 29 #■
101 889 48 16 saw
179 878 181 26 unmistakable
388 877 113 25 evidence
536 877 53 24 that

59 921 99 31 already
176 919 121 26 re-action
313 918 23 24 is
354 916 90 32 setting
460 917 35 24 in.
530 915 58 26 Two

20 945 25 44 /
58 960 101 25 months
176 959 81 25 before
287 957 52 24 the.
362 956 105 25 election
483 955 14 24 I
514 956 74 24 wrote

58 1002 24 22 to
102 999 41 24 the
172 998 59 23 New
261 995 108 25 Zealand
387 992 196 30 Prohibitionist,

57 1038 166 32 prophesying
248 1037 40 23 the
317 1035 120 30 complete
466 1033 78 25 defeat
563 1033 30 28 of.

57 1079 42 24 the
116 1076 98 25 Liberal
231 1075 84 30 Party,
350 1073 47 25 and
417 1073 65 24 lam
494 1080 28 17 as
530 1080 57 17 con-

57 1117 78 24 fident
162 1122 55 17 now
247 1114 62 27 that,
336 1112 94 31 despite
456 1112 46 23 the.
523 1110 70 31 huge,

56 1156 112 32 majority
181 1155 42 25 the
235 1154 85 25 Tories
333 1152 92 25 started
440 1148 69 32 with,
523 1151 65 24 their

57 1198 70 29 reign
155 1195 50 25 will
233 1195 45 23 not
306 1192 29 24 be
353 1200 15 16 a
384 1192 59 30 long
461 1199 52 16 one.
565 1191 26 23 If

55 1236 106 31 nothing
178 1234 50 25 else
244 1232 80 25 works
358 1231 63 25 their
453 1229 124 27 downfall,

57 1276 58 29 they
134 1274 61 24 have
211 1271 57 31 only
302 1273 26 22 to
356 1269 87 32 persist
478 1269 27 24 in
522 1268 63 24 their

56 1314 141 26 Education
219 1312 80 31 policy
317 1313 25 21 to
360 1309 66 25 work
451 1309 64 24 their
532 1316 54 17 own

20 1357 103 37 |i;uin.

20 1383 48 36 HT
218 1392 151 31 cablegrams
386 1398 28 17 as
433 1391 25 24 to
476 1389 43 25 the
537 1389 50 24 line

99 1433 137 30 opposition
254 1432 55 23 that
339 1429 38 24 Sir
395 1428 72 28 John.
490 1428 96 25 Goi-st's

20 1456 86 42 Hbil]
142 1470 46 24 has
210 1470 51 23 met
295 1468 58 23 with
370 1467 51 24 will
438 1466 61 24 have
516 1467 70 30 given

20 1495 99 51 |Hour
136 1508 95 26 readers
244 1514 67 18 some
322 1505 56 25 idea
400 1505 26 24 of
445 1504 42 25 the
498 1503 89 33 feeling

123 1549 69 31 High
207 1547 106 27 .Church
341 1545 160 25 interference
525 1544 61 25 with

116 1588 128 25 education
270 1588 90 30 system
386 1586 44 23 has
452 1585 132 30 provoked.

20 1626 36 27 ■
123 1629 50 24 had
195 1629 26 23 to
233 1627 43 24 .be
298 1633 64 24 upon
389 1626 42 23 the
459 1626 54 29 spot
539 1624 49 24 and

20 1655 37 40 H
87 1670 94 32 ingling
197 1667 60 26 with
277 1666 49 25 and
349 1665 84 26 within
454 1664 43 25 the
515 1665 73 24 inner

20 1696 38 39 I
85 1712 46 24 _ole
158 1710 25 25 of
198 1707 213 26 Nonconformists
428 1708 26 23 to
498 1706 88 25 realise

20 1736 83 51 |Lhe
125 1750 110 25 absolute
247 1749 55 26 fury
328 1747 26 25 of
374 1746 153 32 indignation
539 1745 49 25 and

20 1777 169 51 B^^stance
206 1790 20 23 it
243 1789 43 24 has
304 1787 108 25 aroused.
447 1786 102 32 Already
566 1786 21 25 it

287 1827 92 25 welded
390 1827 34 24 all
436 1827 41 24 the
488 1826 100 31 leading

271 1867 125 25 Churches
414 1867 53 24 into
484 1874 23 16 a.
510 1866 77 23 union

20 1898 202 47 H^fl^Lclve
239 1907 101 25 months
358 1914 54 24 ago,
422 1930 2 3 .
432 1906 70 25 small
527 1905 59 32 jeal-

238 1947 124 31 forgotten
379 1947 25 23 in
417 1946 44 24 the
473 1953 113 17 common

20 1978 238 47 H^^^^^would
276 1988 61 23 have
365 1986 117 25 rendered
498 1986 88 29 inipos-

20 2018 349 47 HgHH^Kiconformity
386 2027 82 25 knows
489 2027 53 24 that
568 2027 20 24 it

350 2066 37 25 for
403 2066 33 24 its
452 2074 56 22 very
536 2066 50 30 life,

290 2105 42 24 the
349 2103 70 25 rural
440 2103 108 25 districts
565 2103 26 25 of

20 2134 345 47 j^^^^^^H^Hmcerned,
393 2141 48 26 and
459 2142 21 25 it
502 2150 86 18 means

353 2183 12 23 I
382 2183 63 24 have
463 2182 101 26 learned
575 2192 13 14 a

20 2215 299 43 I^^^^^^^^^Aon't
339 2222 72 24 think
428 2222 49 24 will
494 2222 30 24 be
536 2230 52 23 spe-

20 2255 262 43 W^^KK^^^^^r
299 2262 86 24 Prior-
384 2264 26 22 k>
421 2261 99 32 leaving
530 2262 57 24 New

299 2304 54 29 part
365 2302 27 23 in
412 2309 14 16 a
449 2303 139 23 movement

57 2347 26 20 to
102 2350 82 16 secure
197 2349 15 16 a
224 2340 92 25 certain
338 2347 111 17 measure
468 2340 26 24 of
516 2339 72 25 Bible

58 2380 116 30 teaching
186 2380 25 23 in
229 2387 45 16 our
291 2378 60 24 New
365 2377 108 24 Zealand
482 2377 104 28 schools,

58 2420 50 24 and
125 2418 88 33 quoted
232 2418 40 24 the
282 2417 105 24 London
399 2416 90 25 School
506 2416 82 25 Board

58 2460 92 30 system
167 2465 27 17 as
212 2465 30 16 an
261 2456 111 25 evidence
391 2455 54 24 that
462 2455 71 24 Bible
549 2455 37 24 in-

57 2499 120 25 struction
190 2498 74 25 could
275 2497 29 25 be
329 2498 73 30 given
421 2497 100 24 without
532 2497 56 24 that

56 2545 90 26 system
171 2539 72 30 being
260 2538 25 23 in
302 2545 49 23 any
368 2545 53 23 way
439 2537 147 31 imperilled.

55 2580 14 24 I
81 2582 84 22 return
182 2580 25 23 to
231 2578 49 25 this
300 2577 87 32 colony
407 2585 16 17 a
442 2577 74 24 bitter
539 2577 50 24 and

55 2618 226 32 uncompromising
314 2618 123 31 opponent
487 2619 26 22 to
541 2626 48 22 any

53 2657 162 24 interference
226 2657 61 23 with
305 2664 45 15 our
372 2655 94 24 secuiar
488 2657 99 29 system.

55 2695 69 25 After
135 2695 67 24 what
213 2695 14 23 I
237 2693 64 26 have
313 2701 57 17 seen
382 2693 27 25 of
427 2693 69 26 what
508 2693 80 25 other-

54 2735 55 23 wise
120 2733 158 25 fair-minded
290 2732 49 25 and
355 2733 89 24 honest
462 2739 60 17 men
542 2740 46 17 can

55 2775 31 24 do
97 2774 78 25 under
186 2774 42 25 the
243 2778 75 20 stress
330 2773 27 24 of
380 2773 209 24 denominational

55 2815 60 28 bias,
134 2814 13 24 I
175 2817 91 22 cannot
295 2815 66 23 trust
406 2813 43 25 the
468 2812 121 33 Anglican

55 2853 80 30 clergy
148 2853 27 23 in
187 2852 52 24 this
257 2853 99 23 matter.
391 2851 14 23 I
428 2851 69 24 don't
516 2859 73 16 mean

55 2893 26 21 to
94 2898 43 23 say
160 2890 55 24 that
240 2890 60 30 they
322 2897 40 16 are
386 2889 154 30 consciously
551 2889 38 24 in-

55 2928 99 28 sincere,
167 2927 45 25 but
224 2927 13 24 I
249 2928 48 24 feel
316 2927 135 24 convinced
474 2926 56 25 that
541 2935 48 24 any

54 2968 144 26 concession
231 2967 73 25 made
324 2971 26 21 to
368 2966 68 25 them
459 2975 52 16 now
530 2967 58 25 will,

54 3017 27 17 as
94 3010 59 24 time
173 3015 148 26 progresses,
349 3007 91 32 simply
462 3007 30 25 be
517 3008 72 24 made

54 3048 43 24 the
108 3047 54 25 bias
175 3047 36 25 for
222 3045 80 33 larger
322 3046 128 30 demands,
475 3046 50 25 and
536 3048 54 24 that

54 3096 87 22 gooner
152 3096 28 17 or
191 3089 64 23 later
280 3086 71 25 Bible
360 3105 3 9 ,
375 3086 117 32 teaching
509 3087 27 25 in
547 3088 43 25 the

55 3125 97 26 schools
176 3125 51 24 will
248 3133 73 16 mean
344 3125 91 31 simply
458 3125 130 25 denomin-

54 3164 153 28 ationalistn,
220 3164 48 23 and
287 3163 43 25 the
348 3163 151 25 destruction
513 3163 28 24 of
549 3164 42 25 the

55 3206 93 24 svstem
171 3205 37 24 for
232 3204 81 24 which
338 3212 35 16 we
396 3203 61 25 have
481 3213 72 16 cause
565 3206 26 23 to

20 3243 66 30 \be

54 3399 186 25 PLATFORM
258 3399 162 26 ADOPTED
446 3400 45 25 BY
519 3400 67 25 THE

147 3437 179 27 RANGIORA
350 3438 151 26 LIBERAL

211 3477 232 26 ASSOCIATION.

95 3547 48 21 Ist.
162 3545 39 23 No
218 3545 95 24 further
324 3546 51 23 sale
387 3546 26 24 of
424 3546 167 25 Government

57 3587 60 24 land
140 3587 50 25 and
212 3587 129 32 periodical
374 3596 37 16 re-
414 3588 127 25 valuation
566 3589 25 25 of

59 3632 91 24 Crown
172 3631 92 25 Lands.

92 3674 58 25 2nd.
169 3675 148 25 Immediate
334 3677 149 30 acquisition
495 3677 27 25 of
531 3678 57 24 land

58 3717 38 23 for
108 3717 62 24 close
184 3718 141 24 settlement
342 3719 48 24 and
401 3720 27 23 in
440 3720 66 24 close
517 3728 73 23 prox-

59 3760 73 31 imity
144 3761 26 23 to
181 3761 86 24 towns.

93 3802 52 24 3rd.
165 3802 47 25 Old
224 3803 51 32 Age
296 3803 128 28 Pensions.

94 3846 54 27 4th,
179 3846 52 25 The
259 3847 143 27 immediate
446 3851 90 25 reform
564 3860 27 16 or

60 3889 119 25 abolition
193 3890 25 24 of
229 3890 43 24 the
291 3890 83 33 Upper

56 3933 4 8 :
96 3932 52 24 sth.
178 3933 53 24 The
253 3934 171 26 Referendum.

96 3975 51 25 6th.
162 3975 21 24 A
207 3975 142 27 Graduated
371 3979 102 26 Income
499 3981 58 24 A\x.

96 4018 54 25 7th.
172 4019 38 24 No
233 4018 136 28 Candidate
388 4024 26 23 to
437 4024 29 24 be

62 4061 91 25 elected
165 4063 38 24 for
214 4062 153 28 Parliament
388 4067 84 25 unless
484 4067 32 25 he
527 4068 64 32 polls

63 4113 14 15 a
94 4105 111 34 majority
216 4106 40 35 [of
273 4110 70 24 votes
365 4112 61 22 cast.

95 4148 53 25 Bth.
177 4150 139 26 Extension
339 4153 28 24 of
393 4153 52 27 the.
457 4163 91 23 powers
567 4156 24 25 of

58 4191 65 26 local
145 4195 136 31 gorerning
308 4195 83 26 bodies
412 4198 47 23 and
483 4198 43 25 the
549 4200 41 24 ad-

60 4235 86 29 aption
166 4236 27 24 of
209 4245 19 16 -a
250 4238 151 31 Ratepayers
426 4240 51 24 and
503 4241 88 25 house-

63 4276 97 27 holders
171 4280 46 25 roll
235 4288 33 18 on
288 4281 43 25 the
345 4289 51 17 'one
409 4290 57 18 man
477 4291 47 17 one
536 4287 55 23 Vote

63 4320 124 33 principle.
266 4329 5 8 '
388 4331 5 6 '
447 4337 4 4 -

96 4363 53 26 9th.
169 4366 21 25 A
214 4368 172 29 State/Bank
408 4370 58 28 with
486 4379 15 16 a
520 4379 71 21 mon-

64 4406 70 32 opoly
160 4408 26 25 of
205 4412 59 24 note
286 4411 74 26 issue.
427 4433 75 10 ......

99 4450 67 26 10th.
189 4452 77 33 Eight
288 4455 76 25 hours
386 4462 26 18 to
432 4459 133 26 constitute
576 4468 15 17 a

56 4494 74 32 legal
156 4497 110 31 working
294 4498 56 30 day,
376 4500 48 25 and
448 4501 43 26 the
511 4504 79 24 estab*

619 211 118 26 lishmeut
758 212 26 25 of
795 221 14 16 a
825 212 134 25 minimum
977 220 77 24 wage.

652 257 68 24 11th.
734 256 54 25 The
803 259 100 29 pvesent
922 257 114 31 Primary
1055 256 96 24 Educa-

619 299 54 26 tion
684 303 94 29 system
801 303 24 22 to
850 301 28 24 be
902 300 152 25 maintained
1077 300 26 24 in
1121 300 32 24 its

619 343 127 33 integrity,
770 344 49 24 and
838 345 96 30 greater
955 343 113 25 facilities
1080 344 71 30 given

621 388 35 24 for
682 387 136 32 secondary
843 388 147 27 Education.
1021 409 3 3 .

654 432 69 24 12th.
742 432 66 24 That
820 432 34 24 all
871 432 127 30 questions
1017 430 136 25 submitted

620 477 24 22 to
665 475 41 23 th«
726 475 102 31 popular
840 476 56 22 vote
917 473 29 25 be
969 474 102 24 decided
1094 475 31 30 by
1138 482 14 15 a

619 518 115 32 majority
759 517 26 25 of
804 519 69 22 votes
893 520 60 21 cast.

758 647 251 25 VALEDICTORY.

650 714 81 24 About
755 714 48 24 100
831 713 141 31 gentlemen
982 735 4 6 ,
995 712 154 25 entertained

617 753 41 25 Mr
675 753 131 31 Weylandt
830 755 25 23 at
878 753 42 25 the
950 753 39 24 W.
1008 752 36 24 M.
1063 752 20 24 C
1096 758 3 10 '
1118 760 33 16 on

618 793 128 32 Thursday
763 794 114 31 evening,
907 795 25 23 to
955 792 60 24 wish
1032 792 52 24 him
1108 792 43 24 hon

617 844 87 22 voyage
729 835 151 30 consequent
909 841 32 16 on
964 833 40 23 his
1021 833 129 30 departure

617 875 26 22 to
666 873 112 24 Western
802 871 132 25 Australia.

641 910 62 26 -The
715 910 128 27 President
856 910 128 31 expressed
993 910 41 24 the
1045 910 104 31 feelicgs
1152 911 3 15 ;

617 950 25 24 of
668 950 35 24 all
730 951 100 30 present
857 949 73 25 when
958 948 33 25 he
1019 948 131 32 expressed

617 991 80 29 regret
706 992 5 13 ;
722 993 27 20 at
777 988 40 24 Mr
840 988 152 30 Weylanclt's
1010 987 138 31 departure,

616 1027 49 24 and
682 1026 92 25 wished
799 1025 51 24 him
882 1033 95 16 success
994 1025 25 22 in
1040 1025 38 23 his
1096 1032 52 16 new

616 1065 99 23 venture
725 1072 6 21 ;
751 1063 122 31 Coupling
889 1061 40 26 his
948 1061 87 25 wishes
1052 1061 39 24 for
1108 1061 40 24 Mr

616 1102 151 32 Weylandfs
802 1101 89 28 health,
933 1100 131 30 happintss
1099 1100 49 23 and

616 1141 142 31 prosperity,
784 1140 57 23 with
864 1139 40 24 the
922 1137 123 25 members
1068 1137 27 25 of
1110 1138 38 24 his

615 1179 95 31 family,
728 1178 49 24 and
800 1181 26 20 at
848 1177 43 24 the
915 1184 68 17 same
1010 1176 59 23 time
1092 1175 56 24 that

616 1217 37 25 his
665 1223 124 18 successor
795 1218 6 4 '
880 1213 31 25 be
979 1213 124 25 fortunate
1120 1214 26 23 in

616 1257 112 24 business
756 1263 27 17 as
811 1263 45 16 our
884 1256 73 30 guest
1002 1253 45 26 has
1075 1254 70 25 been.

616 1297 118 31 Bumpers
746 1303 63 18 were
819 1295 77 27 filled,
920 1294 50 25 and
985 1294 64 25 their
1060 1294 87 25 united

615 1335 98 25 healths
755 1341 61 18 were
844 1333 78 24 drank
950 1333 66 24 with'
1042 1333 104 24 musical

615 1375 118 24 honours.
779 1371 68 25 After
864 1380 14 15 a
901 1373 64 22 most
985 1370 161 25 harmonious

616 1415 49 24 and
676 1412 125 33 enjoyable
812 1411 104 31 evening
927 1411 50 24 had
988 1410 65 25 been
1066 1413 78 29 spent,

616 1453 43 24 the
677 1453 73 29 party
770 1451 75 23 broke
857 1458 33 22 up
903 1450 61 24 with
975 1449 97 25 mutual
1084 1449 62 30 good

615 1493 95 29 feeling.
746 1490 49 25 Not
816 1489 137 32 neglecting
968 1491 26 24 to
1012 1488 72 25 make
1103 1488 43 28 the

616 1533 153 24 Club-rooms
788 1529 75 26 shake
884 1531 25 23 to
927 1529 63 25 their
1008 1537 57 24 very
1076 1529 68 26 foun-

615 1573 95 24 dations
723 1571 60 24 with
801 1569 42 25 the
862 1569 136 25 stentorian
1017 1569 129 31 rendering

616 1612 25 25 hi
656 1612 65 25 Auld
737 1611 71 31 Lang
829 1610 74 30 Syne.

617 1754 69 26 OUR
720 1752 235 26 WELLINGTON
998 1750 143 26 LETTER

664 1828 89 18 BATING
764 1828 31 16 ON
816 1825 157 18 UNIMPROVED
991 1825 104 17 VALTOES.

635 1886 3 22 :
649 1887 53 24 The
720 1884 104 27 Council
843 1884 51 24 will
918 1884 63 23 have
1009 1890 33 17 an
1059 1890 75 23 oppor
1136 1896 8 18 :

616 1931 82 30 tunity
715 1930 25 24 of
757 1928 139 30 discussing
912 1927 51 25 this
980 1934 111 17 measure
1109 1926 37 24 for

617 1974 40 25 the
690 1973 83 24 fourth
800 1979 59 24 year
885 1971 28 24 in
941 1970 150 28 succession,
1125 1969 20 25 it

616 2018 92 31 having
734 2015 89 33 passed
855 2014 108 32 through
995 2013 44 25 the
1072 2013 74 25 lower

618 2060 156 27 House'with
796 2059 32 25 its
852 2051 71 32 usual
941 2058 66 31 large
1030 2057 114 33 majority

617 2105 48 25 last
685 2104 75 25 week.
805 2102 82 24 Those
908 2100 140 31 hereditary
1071 2100 73 31 legis-

617 2149 75 25 lators
704 2148 31 24 do
751 2147 45 24 not
807 2145 49 25 like
875 2145 42 25 the
936 2144 53 26 idea
1003 2144 29 26 of
1052 2144 94 31 raising

617 2192 63 26 local
706 2194 66 21 rates
800 2189 26 25 of
851 2187 160 33 unimproved
1052 2188 92 28 values,

617 2235 115 30 knowing
748 2241 59 23 very
823 2232 55 25 well
895 2232 56 24 that
979 2231 95 31 though
1099 2231 45 23 the

616 2278 52 25 Bill
677 2278 22 24 is
722 2276 149 33 permissive,
894 2275 21 23 it
932 2276 21 22 is
973 2274 75 31 likely
1071 2276 26 22 to
1115 2274 28 24 be

617 2321 104 31 adopted
732 2320 32 31 by
786 2319 68 24 rural
875 2319 65 23 local
958 2317 85 25 bodies
1065 2319 26 22 to
1103 2317 43 25 the

616 2365 88 24 benefit
732 2363 26 24 of
772 2362 44 25 the
842 2361 69 24 small
938 2361 110 29 farmers,
1084 2359 59 30 who,

616 2409 71 23 when
698 2406 58 32 they
769 2405 88 24 deduct
865 2404 65 24 their
943 2404 201 30 improvements,

616 2451 51 26 will
675 2450 52 25 find
743 2448 64 26 their
824 2447 140 26 valuations
977 2446 168 32 considerably

616 2497 49 24 less
687 2496 26 23 in
735 2493 142 33 proportion
905 2493 25 23 to
950 2492 64 31 large
1031 2491 115 32 holdings

616 2540 62 24 than
689 2538 59 31 they
768 2537 63 24 have
853 2537 61 23 been
933 2535 145 32 previously.

650 2582 80 25 There
753 2589 41 16 are
816 2588 74 23 many
909 2580 124 23 instances
1056 2578 28 25 in
1103 2578 43 25 the

617 2626 94 31 Colony
722 2624 81 25 where
826 2622 71 26 small
919 2622 74 24 farms
1005 2622 141 32 arejvalued

617 2671 25 22 at
662 2665 169 32 considerably
854 2673 75 17 more-
941 2673 43 24 per
1006 2672 55 18 acre
1084 2664 63 25 than

617 2712 79 32 larger
706 2710 84 26 blocks
802 2709 26 25 of
837 2708 60 25 land
908 2708 132 32 adjoining,
1057 2707 90 33 simply

617 2756 65 24 from
709 2754 44 26 the
781 2752 50 26 fact
859 2752 56 25 that
943 2750 43 26 the
1013 2751 132 33 buildings,

617 2799 82 25 fences
711 2797 49 25 and
788 2796 84 25 drains
882 2810 5 4 •
900 2803 41 17 are
969 2796 86 24 valued
1075 2794 73 33 along

618 2843 61 24 with
698 2843 47 26 the.
750 2841 67 28 land,
835 2839 73 25 while
924 2839 43 25 the
986 2839 68 29 layer
1066 2839 81 24 blocks

618 2887 60 23 have
689 2885 48 24 less
757 2884 191 30 improvements
967 2882 27 24 in
1005 2883 143 30 proportion

618 2931 25 23 to
654 2929 42 25 the
713 2935 101 23 average
833 2925 61 26 road
915 2926 73 28 rates,
1009 2925 139 25 Charitable

619 2973 54 30 Aid,
706 2970 123 32 Hospital,
856 2971 74 23 water
945 2996 3 2 .
958 2969 48 24 and
1030 2969 118 32 drainage

617 3019 67 24 rates
703 3016 73 31 being
797 3015 78 25 levied
896 3022 33 17 on
951 3013 59 26 land
1031 3013 117 31 improve-
1155 3018 2 30 j

619 3063 91 27 menfcs,
722 3059 123 32 naturally
856 3059 43 25 the
908 3059 64 24 rates
983 3057 45 26 fall
1038 3057 112 25 heaviest

619 3114 32 16 en
663 3105 43 24 the
717 3103 73 25 small
812 3102 91 25 farmer
925 3101 60 25 with
1004 3109 15 17 a
1037 3101 54 25 well
1103 3101 46 24 im-

618 3149 90 32 proved
736 3147 72 25 farm.

653 3193 51 24 The
725 3190 118 32 principle
869 3189 27 26 of
911 3188 110 27 taxation
1049 3196 31 16 on
1104 3196 46 16 un-

621 3235 116 33 tnproved
760 3234 83 24 value3
871 3234 22 23 is
919 3232 100 30 already
1042 3231 109 24 affirmed

619 3280 27 24 in
657 3280 44 23 the
711 3278 73 24 Land
795 3278 62 26 Tax,
870 3276 49 24 and
942 3283 27 16 as
989 3276 49 23 this
1057 3276 94 30 system

619 3323 26 24 of
659 3320 61 27 local
731 3320 111 26 taxation
862 3320 21 24 is
896 3318 118 33 optional,
1039 3318 50 24 and
1104 3325 47 17 can

619 3361 57 31 only
687 3361 31 25 be
729 3360 45 31 put
800 3359 26 24 in
837 3358 66 25 force
926 3358 33 31 by
986 3365 14 16 a
1011 3357 50 32 poll
1073 3356 27 25 of
1110 3356 42 25 tbe

619 3403 146 29 ratepayers,
790 3397 20 25 it
828 3404 79 18 seems
925 3407 2 4 ■
937 3396 59 31 only
1024 3403 15 17 a
1062 3394 89 32 logical

619 3440 141 26 conclusion
783 3445 26 18 to
827 3438 43 26 the
890 3437 74 25 Land
986 3436 54 26 Tax
1061 3444 33 17 on
1106 3444 45 17 un-

619 3480 122 31 improved
761 3478 95 25 values.'

651 3518 121 26 Hov/ever
788 3516 21 26 it
837 3516 22 25 is
887 3515 92 25 almost
997 3522 15 17 a
1029 3513 123 32 certainty

619 3560 54 22 that
684 3558 43 24 the
739 3556 79 25 Lords
836 3556 51 24 will
899 3555 72 31 again
983 3556 78 23 assert
1073 3554 79 24 them-

619 3596 77 25 selves
716 3595 49 24 and
787 3594 78 25 throw
882 3593 43 25 the
948 3592 52 28 Bill
1024 3593 64 28 out,,
1104 3591 48 24 and

619 3640 20 25 if
654 3648 35 22 so,
708 3639 43 25 the
780 3638 103 26 electors
913 3638 68 24 must
1002 3635 74 33 speak
1094 3635 60 25 with

618 3687 33 17 no
668 3678 137 25 uncertain'
815 3677 84 25 soui»d
917 3680 26 21 to
971 3676 43 25 th«
1042 3673 111 33 political

617 3718 133 29 platforms
767 3719 25 20 at
804 3715 45 25 the
861 3715 101 30 coming
973 3713 114 29 election,
1106 3712 47 24 and

618 3757 70 24 insist
704 3763 33 18 on
751 3755 99 32 justice,
870 3763 27 15 so
915 3755 55 23 that
988 3753 99 24 settlers
1096 3760 58 22 may

619 3795 76 29 build,
713 3795 80 26 fence,
805 3793 80 29 drain,
905 3793 49 24 and
965 3793 111 29 improve
1089 3789 65 25 their

619 3834 85 25 homes
722 3835 26 23 to
776 3832 66 25 their
866 3833 94 23 utmost
988 3829 92 33 paying
1097 3836 55 23 cap-

618 3873 72 31 acity*
713 3871 106 24 without
863 3870 66 24 their
954 3869 65 25 local
1035 3869 64 23 rates
1118 3868 35 22 in-

618 3909 100 26 creased
729 3909 27 25 in
776 3915 177 24 consequence.

619 4070 158 25 HURRAH
793 4069 70 25 FOR
901 4069 71 23 THE
1004 4067 136 25 BRIDGE

619 4137 99 21 Drovers
731 4136 58 20 from
800 4135 76 21 North
889 4135 47 20 and
949 4135 57 19 from
1019 4133 79 25 South,

671 4170 46 19 Are
738 4174 67 20 every
828 4174 42 14 one
898 4168 24 20 of
948 4167 63 20 them
1037 4173 73 15 aware
1118 4175 7 16 j

619 4203 29 21 Of
666 4203 40 21 the
721 4203 110 25 duckings
845 4201 50 23 and.
918 4201 98 26 dangers
1030 4202 25 19 to
1068 4200 56 25 face,

673 4236 29 20 In
717 4235 103 26 crossing
846 4235 41 19 the
913 4234 58 25 ugly
997 4232 67 27 Eyre.

617 4290 37 21 2Jo
677 4289 84 21 matter
773 4288 57 23 .how
858 4288 59 26 good
943 4288 20 22 is
978 4307 3 2 .
990 4287 41 21 the
1059 4287 68 26 price,

673 4323 28 21 Of
729 4330 40 14 our
795 4322 121 27 jumbucks
933 4328 62 20 upon
1009 4328 15 14 a
1042 4321 46 21 sale
1102 4320 51 27 day:

619 4357 66 21 With
692 4355 40 22 the
743 4356 59 20 river
812 4355 23 21 fn
849 4355 63 20 fresh
921 4355 46 20 and
976 4354 177 27 Devil.abridge,

672 4390 43 20 We
743 4390 84 20 cannot
838 4398 4 8 •
856 4389 38 25 get
921 4388 62 20 them
1009 4389 80 25 away.'

619 4445 25 22 If
670 4451 41 17 vre.
729 4443 57 22 rash
814 4443 62 21 them
905 4443 48 20 into
978 4442 43 22 .the
1043 4443 84 21 stream

674 4476 57 21 And
741 4481 80 21 worry:
831 4475 47 21 and
898 4475 44 27 dog
969 4469 64 26 theni
1051 4476 24 19 to
1085 4475 70 20 death

620 4511 81 22 Arrive
727 4511 26 21 at
761 4510 41 22 the
817 4509 58 24 yard
892 4509 32 21 all
937 4509 111 24 draggled
1056 4508 47 22 and
1110 4509 45 21 wet

1234 207 69 26 Dirty
1330 206 46 20 and
1403 205 32 21 all
1462 205 41 20 out
1530 204 23 20 of
1581 204 85 21 breath.

1233 261 60 21 shall
1302 261 49 27 just
1361 261 57 20 have
1428 261 24 19 to
1461 259 54 21 take
1521 259 115 20 whatever
1641 265 32 14 we
1679 260 38 26 get

1235 296 36 21 'No
1296 296 84 20 matter
1399 294 115 21 whatever
1532 300 32 14 we
1585 300 50 20 say:

1181 328 49 22 The
1239 329 102 20 hammer
1350 334 54 20 goes
1414 328 64 19 down
1487 327 43 20 and
1537 333 32 13 we
1575 327 60 19 must
1639 328 78 25 accept

1195 375 3 3 •
1230 363 127 24 .Whatever
1366 362 39 20 the
1416 361 77 20 dealer
1520 360 48 21 will
1583 367 50 20 pay.

1176 418 52 21 .But
1255 418 85 21 hurrah
1367 417 43 23 for.
1428 416 40 21 the
1510 415 97 26 Cockies,

1236 451 34 19 On
1298 449 104 21 deferred
1428 449 110 26 payment
1568 448 65 24 land,

1180 483 58 20 Who
1341 482 61 19 with'
1424 487 27 14 us
1478 481 25 20 in
1535 487 42 13 our
1604 481 60 25 grief
1674 490 5 11 :

1233 516 57 20 Will
1298 515 69 26 nobly
1386 521 61 14 come
1466 515 65 19 clown
1539 513 57 21 with
1605 515 42 19 GOO
1656 521 58 18 sovs,

1179 548 52 21 And
1258 548 79 25 kindly
1364 547 52 26 give
1444 553 28 14 us
1507 546 71 21 relief.

1179 602 52 21 And
1252 602 93 21 Hurrah
1364 602 37 20 for
1419 602 40 21 th9
1480 601 75 22 Board
1568 601 53 21 that
1631 602 84 22 admits

1233 637 45 20 Our
1288 642 79 21 prayer
1378 636 35 20 for
1422 643 14 14 a
1445 637 85 26 Bridge
1537 637 20 19 is
1567 642 14 14 a
1590 637 59 26 good
1659 643 43 15 one
1708 647 5 11 :

1180 669 28 20 So
1226 666 57 23 we'll
1310 670 56 24 keep
1394 675 30 14 on
1450 665 116 30 fattening
1593 669 68 27 sheep

1181 705 3 12 i
1233 696 52 20 And
1296 696 94 26 sending
1409 696 64 20 them
1491 703 53 14 over
1561 696 25 20 to
1614 696 99 22 London.

1181 750 66 21 We'll
1275 757 59 14 cross
1362 750 97 21 without
1487 750 91 28 getting
1603 752 45 19 wet

1231 778 52 20 And
1291 785 45 18 you
1345 778 39 20 bet
1392 778 59 20 we'll
1461 779 65 20 make
1545 778 40 20 the
1603 778 55 20 land
1667 785 46 20 pay

1178 810 51 21 And
1258 810 115 26 nobody'll
1400 811 30 20 be
1456 811 76 21 better
1561 811 97 26 pleased,

1230 844 64 20 Then
1320 850 42 14 oxir
1390 843 53 21 dear
1471 844 38 20 old
1536 844 76 20 friend

1465 877 94 21 BILLY
1587 877 71 21 DAY.

1226 997 165 23 WORKING
1416 997 111 24 MEN'S
1546 997 120 24 CLUBS.

1209 1062 22 22 A
1264 1062 144 29 deputation
1453 1062 168 30 representing
1662 1062 44 24 the

1176 1100 120 31 Working
1315 1100 79 24 Men's
1412 1100 76 25 Clubs
1509 1101 28 24 of
1558 1101 44 25 the
1622 1102 87 31 colony

1175 1139 88 24 watted
1274 1147 32 16 on
1318 1138 42 26 the
1372 1138 106 26 Premier
1491 1147 32 17 on
1544 1139 67 25 June
1637 1140 70 25 28th.

1175 1178 190 30 with|reference
1378 1183 24 19 to
1423 1179 42 24 the
1489 1180 119 31 proposed
1630 1180 80 31 liquor

1174 1216 150 32 legislation.
1348 1237 3 4 .

1207 1258 41 23 Mr
1259 1254 28 28 0.
1306 1258 30 24 F.
1349 1258 88 24 Worth
1459 1258 134 33 (president
1614 1259 26 25 of
1657 1260 52 24 this

1176 1297 87 23 week's
1298 1297 156 32 convention)
1490 1297 77 31 urged
1600 1298 56 24 that
1689 1299 20 24 it

1175 1334 81 24 would
1274 1336 45 23 not
1342 1334 29 24 be
1390 1334 125 25 advisable
1536 1337 26 22 to
1583 1335 73 32 bring
1667 1336 41 25 the

1174 1372 70 24 clubs
1256 1373 49 24 and
1325 1373 76 24 hotels
1418 1373 80 24 under
1516 1373 43 26 the
1579 1382 70 17 same
1669 1383 37 17 re-

1174 1413 135 30 gulations.
1344 1413 25 24 If
1378 1413 43 25 the
1433 1415 117 30 proposed
1567 1413 141 33 legislation

1174 1458 49 16 was
1241 1451 93 23 carried
1362 1453 44 21 out
1431 1459 46 16 one
1522 1453 84 26 result.

1173 1489 116 32 probably
1306 1489 30 25 be
1360 1491 25 23 to
1411 1498 26 16 so
1460 1491 93 31 cripple
1575 1491 40 24 the
1640 1491 67 25 Wel-

1172 1527 89 32 ington
1285 1527 118 32 Working
1423 1528 82 25 Mien's
1529 1529 63 24 Club
1616 1529 54 25 that
1686 1531 21 24 it

1173 1566 81 31 might
1264 1566 64 25 have
1340 1569 25 21 to
1385 1566 27 25 be
1431 1567 88 25 closed.
1555 1568 60 25 This
1626 1568 81 31 might

1173 1606 80 24 throw
1273 1604 43 25 the
1341 1604 122 25 members
1492 1605 62 25 back
1577 1614 65 23 upon
1663 1606 43 25 the

1174 1642 182 33 publichouses.

1206 1682 78 25 Other
1295 1681 124 32 delegates
1441 1683 26 24 to
1490 1682 43 26 the
1552 1682 153 27 Convention

1173 1723 91 31 having
1292 1721 98 33 spoken,

1206 1761 53 24 The
1270 1760 111 24 Premier
1391 1760 54 25 said
1468 1760 57 25 that
1541 1761 21 24 it
1585 1769 50 17 was
1657 1764 46 23 not

1172 1804 129 25 necessary
1324 1797 37 25 for
1384 1798 145 25 stimulants
1552 1801 26 22 to
1602 1799 29 25 be
1649 1807 55 23 pro-

1174 1838 69 24 vided
1254 1839 26 23 at
1301 1837 56 25 club
1377 1838 215 25 entertainments.
1628 1839 76 26 What

1172 1876 43 24 the
1228 1875 168 25 Government
1416 1876 114 24 intended
1553 1877 26 23 to
1602 1877 31 25 do
1653 1885 50 17 was

1172 1917 26 23 to
1209 1916 92 30 merely
1324 1914 62 25 elose
1409 1915 42 25 the
1475 1914 57 26 club
1556 1916 56 25 bars
1623 1917 26 24 at
1660 1916 45 26 the

1172 1956 61 24 time
1256 1954 71 26 when
1350 1954 41 24 the
1414 1954 56 24 bars
1492 1955 26 25 of
1539 1956 80 24 hotels
1645 1964 59 18 were

1172 1994 89 24 closed.
1296 1993 40 24 He
1351 1992 71 25 knew
1433 1992 27 25 of
1466 2001 69 17 cases
1546 1994 80 25 where
1645 2003 58 17 men

1172 2032 49 23 had
1243 2032 88 31 simply
1352 2030 46 25 left
1420 2030 43 25 the
1485 2031 77 25 hotels
1583 2034 26 22 at
1630 2033 33 24 10
1675 2036 26 22 o'

1172 2072 67 24 clock
1251 2071 48 25 and
1318 2079 62 23 gone
1396 2074 27 22 to
1434 2072 42 24 the
1487 2071 122 32 Working
1621 2072 83 26 Men's

1172 2109 82 29 Clubs,
1273 2109 87 28 where,
1380 2109 22 24 if
1419 2109 59 31 they
1498 2117 62 17 were
1571 2110 132 31 members,

1172 2150 59 32 they
1242 2157 62 18 were
1316 2149 85 25 served
1412 2149 61 25 with
1485 2149 79 26 drink.
1600 2150 39 25 He
1661 2151 42 26 did

1172 2192 44 23 not
1228 2190 78 24 desire
1317 2192 26 22 to
1365 2189 66 25 close
1451 2189 44 25 the
1512 2190 69 25 clubs
1606 2199 28 16 or
1645 2193 58 24 turn

1172 2235 118 24 everyone
1318 2229 57 26 out;
1399 2227 34 24 all
1460 2228 43 23 the
1532 2228 68 25 clubs
1611 2229 92 32 fwould

1172 2266 63 25 have
1251 2269 26 21 to
1299 2265 32 25 do
1353 2265 79 25 would
1451 2265 31 25 be
1504 2267 26 23 to
1553 2266 56 25 shut
1632 2267 71 25 down

1172 2306 65 25 their
1256 2305 64 25 bars.
1365 2305 26 24 If
1407 2305 43 25 tbe
1476 2305 70 25 clubs
1571 2307 133 25 continued

1172 2354 26 16 as
1209 2346 58 31 they
1277 2353 64 17 were
1349 2353 63 20 now,
1433 2345 42 24 the
1486 2345 74 25 result
1565 2349 7 21 ,'
1580 2347 79 24 would
1672 2347 31 25 be

1172 2392 15 16 a
1198 2383 164 25 cancellation,
1377 2384 27 22 of
1424 2383 42 23 the
1477 2383 110 24 charters
1599 2384 27 24 of
1635 2387 70 23 those

1172 2421 54 24 that
1237 2422 43 30 got
1289 2420 53 25 into
1353 2420 48 24 bad
1412 2422 85 29 repute
1535 2444 3 4 .
1548 2441 3 3 .
1569 2446 3 5 ,

1206 2488 53 24 The
1270 2487 101 32 visiting
1385 2486 123 33 delegates
1525 2491 25 21 to
1562 2487 43 26 the
1617 2483 86 30 Work-

1172 2526 44 32 ing
1241 2526 82 25 Men's
1352 2526 83 25 Clubs'
1466 2526 147 26 Conference
1642 2535 63 17 were

1173 2564 151 25 entertained
1336 2566 25 23 at
1378 2572 14 16 a
1411 2564 107 32 banquet
1529 2564 33 32 by
1575 2566 41 23 the
1627 2573 82 16 mem-

1173 2605 55 25 bers
1247 2605 24 24 of
1299 2605 44 24 the
1371 2604 154 32 Wellington
1568 2605 57 26 club
1654 2605 49 25 last

1172 2643 79 31 night.
1286 2642 81 24 About
1379 2643 32 24 70
1422 2642 85 31 people
1518 2650 62 16 were
1596 2646 107 28 present,

1173 2681 50 23 and
1234 2680 43 24 the
1288 2679 126 26 President
1436 2680 50 31 (Mr
1509 2680 27 25 C.
1560 2680 30 24 F.
1604 2681 98 32 Worth)

1174 2728 49 17 was
1234 2720 25 25 in
1271 2719 43 26 the
1323 2721 75 24 chair.
1433 2720 38 24 An
1484 2720 120 25 excellent
1618 2721 88 31 spread

1173 2768 50 17 was
1235 2760 110 31 supplied
1364 2760 33 32 by
1417 2761 41 24 Mr
1472 2760 34 25 H.
1523 2761 77 31 Price,
1622 2761 26 25 of
1663 2761 43 26 the

1174 2799 143 29 Trocadero,
1346 2799 61 25 after
1426 2799 82 25 which
1535 2799 43 25 the
1602 2799 105 33 evening

1174 2847 50 17 was
1236 2843 72 27 spent
1318 2839 33 24 in.
1365 2839 202 32 speech-making
1590 2840 50 24 and
1651 2840 55 24 list-

1174 2879 73 30 ening
1258 2879 26 23 to
1300 2887 13 15 a
1333 2886 152 23 programme
1508 2880 27 23 of
1556 2879 78 25 music
1658 2879 49 24 and

1174 2916 150 26 recitations.

1240 3055 406 27 CORRESPONDENCE.

1179 3109 66 20 While
1253 3115 38 13 our
1299 3110 88 19 columns
1399 3116 36 13 are
1447 3115 51 20 open
1508 3112 20 17 to
1537 3109 37 24 all,
1588 3115 30 14 toe
1627 3110 26 19 do
1667 3113 40 16 not

1204 3146 89 26 identify
1312 3147 99 20 ourselves
1427 3148 52 19 with
1497 3147 94 25 opinions
1606 3147 105 25 expressed

1205 3184 85 20 therein.

1213 3221 34 24 To
1259 3221 35 23 the
1312 3222 123 24 JJJditoress
1447 3223 31 31 of
1482 3223 37 23 the
1533 3222 144 24 'Olserver.'

1338 3282 212 24 ELECTORAL.

1179 3346 104 25 Madam.
1486 3370 2 4 ,

1213 3380 14 23 I
1243 3379 88 25 should
1353 3381 29 23 be
1406 3380 74 25 much
1503 3380 105 32 obliged,
1621 3380 21 24 if
1662 3388 51 24 you

1179 3419 83 30 wouid
1286 3423 71 26 allow
1380 3431 39 18 me
1442 3426 25 23 to
1487 3424 121 26 advertise
1623 3423 93 33 inyself

1180 3467 26 25 in
1226 3475 63 24 your
1310 3468 203 31 correspondence
1538 3468 122 25 columns.
1700 3468 13 24 I

1180 3511 45 32 beg
1256 3513 27 22 to
1314 3510 116 26 intimate
1452 3513 27 23 to
1499 3511 44 25 the
1567 3511 103 25 electors
1688 3511 28 25 of

1182 3554 95 30 Helsay
1285 3554 58 24 .that
1367 3554 14 23 I
1392 3555 50 23 will
1467 3555 29 24 be
1508 3563 13 15 a
1533 3555 130 24 candidate
1675 3557 39 23 for

1180 3597 194 31 parliamentary
1385 3597 110 25 honours
1508 3598 26 23 at
1545 3597 44 25 the
1607 3597 107 26 General

1181 3640 123 30 Election,
1340 3640 49 25 and
1422 3641 14 25 I
1460 3649 41 17 am
1520 3640 76 33 going
1620 3644 25 22 to
1668 3641 45 25 ask

1181 3686 41 24 the
1245 3685 142 30 gentleman
1415 3684 56 25 who
1491 3685 46 24 has
1560 3685 154 32 represented

1182 3727 76 28 them,
1277 3735 57 23 very
1345 3727 180 31 satisfactorily,
1547 3727 38 24 for
1595 3728 39 23 six
1644 3736 69 22 years

1181 3773 26 23 to
1218 3770 73 25 retire
1313 3770 27 24 in
1352 3777 42 23 my
1415 3770 94 25 favour.
1545 3770 42 25 He
1605 3770 46 25 has
1663 3770 50 26 had

1181 3822 16 17 a
1207 3814 62 32 good
1284 3813 109 32 innings,
1428 3813 50 25 and
1496 3821 27 17 as
1543 3813 66 25 lam
1622 3822 15 16 a
1654 3821 60 24 poor

1181 3866 60 17 man
1263 3857 151 32 very7.niuch
1436 3857 34 27 in.
1486 3857 62 32 need,
1564 3857 27 25 of
1614 3867 13 15 a
1648 3866 66 16 com-

1181 3903 108 29 petency,
1312 3901 15 24 I
1345 3901 71 24 think
1437 3901 38 28 he,
1499 3901 51 24 will
1570 3901 31 25 be
1621 3909 55 17 sure
1688 3904 26 22 to

1181 3944 86 25 favour
1290 3951 46 18 me.
1367 3944 26 23 A
1408 3944 46 25 few
1472 3952 71 22 years
1563 3953 47 23 ago
1630 3945 14 24 I
1663 3953 51 16 wa«?

1181 3986 75 26 asked
1267 3991 25 20 to
1312 3988 97 24 contest
1432 3987 43 25 the
1498 3987 111 30 election,
1634 3988 43 24 but
1701 3988 13 24 I

1181 4030 112 25 declined
1299 4055 3 4 .
1317 4030 103 25 because
1444 4031 14 23 I
1481 4030 71 26 knew
1569 4031 14 25 I
1595 4031 119 25 would'nt

1181 4068 108 30 succeed,
1357 4068 49 24 and
1439 4069 31 28 I;>
1484 4069 74 25 'know
1575 4070 36 24 -?'l>
1633 4072 82 22 -won't

1181 4111 103 26 succeed
1301 4111 49 26 this
1372 4111 61 27 time
1452 4112 84 26 unless
1570 4113 15 25 I
1604 4114 63 25 have
1700 4122 15 17 a

1181 4155 96 25 weaker
1304 4164 58 15 man
1380 4156 98 31 against
1507 4165 47 16 me.
1606 4158 14 23 I
1648 4159 66 23 want

1180 4207 57 22 very
1249 4198 75 25 much
1346 4200 27 23 to
1395 4206 68 17 serve
1486 4207 42 23 my
1557 4203 104 29 country
1687 4202 26 23 in

1181 4241 155 31 parliament,
1371 4241 49 24 and
1437 4241 18 24 T
1475 4241 72 24 think
1568 4243 62 23 with
1654 4244 60 24 such

1181 4292 16 16 a
1207 4284 115 25 laudable
1333 4284 87 24 desire'
1432 4284 14 24 I
1458 4284 90 25 should
1564 4284 30 26 be
1612 4286 100 26 elected.

1184 4329 12 23 1
1221 4325 51 27 will
1298 4331 101 28 support
1428 4333 71 24 every
1517 4327 104 32 popular
1643 4338 71 24 ques-

1181 4371 63 29 tion,
1250 4371 143 31 .including
1413 4371 166 31 Prohibition,
1592 4395 3 3 .
1602 4372 72 26 Bible
1680 4375 32 24 :in

1185 4414 110 29 Schools,
1316 4415 71 25 State
1398 4414 41 25 aid
1455 4416 27 23 to
1504 4414 93 33 private
1609 4416 105 30 schools,

1182 4458 98 32 regular
1292 4459 125 25 contracts
1428 4458 38 24 for
1478 4459 89 32 supply
1578 4458 28 26 of
1621 4459 97 29 Oxford,

1183 4503 114 31 sleepers,
1319 4501 151 32 subsidising
1482 4503 73 24 small
1573 4503 48 24 and
1634 4505 80 31 strug-

1745 192 69 33 gling
1839 201 153 25 newspapers
2015 195 56 26 that
2109 198 101 31 support
2239 207 38 23 my

1744 240 80 30 party,
1845 239 49 25 and
1911 240 147 33 everything
2077 241 56 26 that
2156 242 50 25 will
2222 242 55 32 give

1744 289 41 17 me
1807 291 14 15 a
1841 284 56 23 vote
1919 283 50 25 and
1991 292 85 18 secure
2097 294 43 24 my
2163 286 113 25 election.

1743 325 14 24 I
1775 325 32 26 do
1829 328 45 23 not
1893 330 64 22 want
1976 337 15 16 a
2008 328 158 26 honorarium
2184 330 45 25 but
2250 338 27 18 as

1744 368 13 25 I
1780 369 65 25 shall
1867 370 30 25 he
1915 371 103 25 entitled
2052 374 26 24 to
2090 373 56 33 [one
2168 373 75 25 when
2264 374 13 24 I

1744 421 41 17 am
1805 414 101 30 elected,
1931 415 14 24 I
1980 416 65 25 shall
2079 418 30 24 be
2130 417 101 32 pleased
2253 420 24 23 to

1743 459 84 30 accept
1837 459 28 23 it.
1896 459 102 32 Hoping
2011 461 42 24 the
2065 461 98 29 variou,s
2175 461 101 26 Liberal

1743 500 169 27 Associations
1935 502 47 25 will
2003 506 101 28 support
2121 512 47 22 me,
2191 513 14 16 a
2224 513 52 17 new

1743 551 63 22 man,
1831 553 58 17 over
1912 546 42 24 the
1975 546 63 26 head
2060 548 26 24 of
2108 556 15 16 %
2146 548 54 26 well
2211 548 64 25 tried

1743 587 117 31 Mernbtr,
1896 589 50 25 and
1968 598 47 24 pay
2038 599 43 24 my
2104 588 104 29 election
2227 600 49 17 ex-

1741 639 96 23 penses.
2182 639 3 6 '

1905 676 14 25 I
1953 685 40 16 am
2012 681 4 4 '
2027 678 41 24 &c.
2117 693 10 9 ..
2150 698 2 3 .

2073 723 76 23 £240.

1807 818 139 33 ASHLEY
1969 826 236 27 ELECTORATE.

1741 890 102 25 Madam.
2074 918 3 2 .
2090 890 47 33 £j_
2236 897 13 19 '■■•

1773 933 54 25 The
1850 934 99 25 Liberal
1982 934 156 27 Association
2172 935 29 26 of
2231 937 43 25 th**

1740 976 92 33 Ashley
1850 978 129 26 electorate
1997 981 68 23 must
2074 989 8 16 \
2091 980 30 25 be
2138 988 62 24 very,

1739 1019 60 25 daut
1816 1021 21 23 if
1864 1022 57 30 they
1950 1023 120 31 seriously
2104 1024 111 24 consider
2232 1024 41 24 Mr

1738 1063 120 24 Renner's
1879 1066 122 29 proposal.
2048 1066 25 23 It
2105 1067 22 23 is
2151 1067 121 31 certainly

1738 1113 33 16 an
1789 1107 193 31 extraordinary.
1991 1109 123 31 proposal,
2150 1110 25 24 to
2193 1109 45 25 ask
2257 1118 14 16 a

1728 1150 2 19 !
1738 1149 110 25 Member
1860 1151 56 25 who
1927 1151 46 25 has
1985 1151 129 33 faithfully
2126 1153 145 31 discharged
2278 1148 2 28 I

1737 1192 40 25 his
1794 1193 82 25 duties
1900 1195 26 24 in
1945 1196 47 23 two
2016 1196 173 34 parliaments^
2221 1197 50 24 and

1738 1237 97 31 against
1846 1237 83 26 whom
1940 1246 33 17 no
1991 1239 64 25 fault
2072 1247 46 18 can
2135 1239 31 25 be
2177 1240 76 25 found
2262 1250 7 20 ;

1738 1284 24 21 to
1780 1282 70 24 retire
1866 1282 27 25 in
1910 1283 87 25 favour
2014 1284 25 24 of
2072 1292 16 17 a
2105 1292 65 23 man,
2207 1285 71 28 well-.,

1737 1325 116 32 meaning
1870 1327 97 31 though
1984 1327 31 24 he
2027 1336 56 24 may
2102 1328 38 30 be,
2154 1329 26 24 of
2189 1329 79 24 whom

1735 1369 65 24 little
1817 1369 22 25 is
1857 1369 96 30 known,
1988 1372 48 23 and
2053 1374 25 23 at
2096 1374 102 30 anyrate
2215 1372 54 26 who

1735 1412 46 25 has
1799 1415 43 23 not
1860 1414 59 25 been
1937 1415 71 25 tried.

1768 1457 27 23 If
1810 1457 41 23 the
1871 1457 100 25 electors
1989 1466 41 16 ai*e
2047 1461 43 22 not
2107 1460 110 24 satisfied
2234 1460 35 24 let

1735 1498 69 25 them
1823 1499 69 26 show
1908 1500 20 25 it
1937 1502 27 23 at
1982 1501 42 24 the
2037 1501 107 25 General
2152 1502 117 25 Election

1735 1543 31 29 by
1784 1543 147 31 supporting
1947 1543 44 26 the
2020 1544 173 27 Conservative
2227 1554 40 23 op-

1733 1588 94 28 ponent
1846 1586 41 24 Mr
1904 1587 87 29 Reece,
2027 1588 44 24 but
2098 1588 36 25 let
2151 1590 49 26 the.
2211 1590 56 24 trial

1734 1627 30 25 be
1782 1636 14 16 a
1813 1628 47 24 fair
1877 1637 54 17 one.
1971 1630 41 24 Mr
2029 1631 122 25 Renner's
2168 1633 100 30 general

1733 1672 63 31 good
1815 1680 71 18 sense
1903 1673 50 25 and
1970 1675 141 31 patriotism
2128 1675 14 24 I
2177 1676 90 27 beliere

1733 1715 51 26 will
1809 1716 87 27 induce
1929 1718 62 29 him,
2027 1718 66 25 when
2130 1719 45 26 the
2206 1720 63 26 time

1733 1760 79 25 draws
1828 1761 71 32 nigh,
1934 1764 25 21 to
1977 1763 128 26 withdraw
2137 1764 65 24 from
2221 1765 47 25 the

1733 1805 105 24 contest.

1787 1858 3 7 r
1811 1859 4 6 -
1851 1854 6 9 '
1879 1859 8 7 ■■■
1897 1849 15 23 1
2022 1851 40 22 &c.

2029 1887 168 41 ELECTOR.

1750 2052 182 27 WOODSIDE
1962 2054 96 25 BAND
2084 2055 44 25 OF
2144 2056 102 25 HOPE.

1764 2118 54 25 The
1853 2119 134 26 Woodside
2019 2121 73 24 Band
2125 2121 27 26 of
2183 2122 79 32 Hope,

1730 2162 83 25 which
1835 2163 46 25 has
1898 2165 61 24 been
1982 2165 102 25 defunct
2109 2168 38 23 for
2166 2168 47 23 two
2237 2175 27 16 or

1731 2206 71 25 three
1813 2214 70 24 years
1892 2215 50 17 was
1951 2208 146 25 resusitated
2106 2217 32 16 on
2151 2209 113 32 Tuesday

1730 2248 43 24 the
1803 2250 71 23 30fch.
1886 2250 3 5 '
1902 2249 73 29 June,
1992 2255 4 3 '
2010 2250 61 25 with
2098 2251 164 26 enthusiasm.

1731 2291 83 25 There
1837 2300 51 17 was
1911 2300 15 17 a
1944 2292 67 33 large
2036 2294 155 30 attendance,
2215 2295 50 25 and

1731 2343 15 16 a
1769 2335 64 32 good
1866 2342 158 26 programme
2063 2345 50 16 was
2140 2338 123 31 provided,

1732 2375 44 24 the
1797 2376 124 31 principal
1946 2377 146 29 performers
2126 2377 75 29 being
2222 2379 43 24 the

1731 2418 110 26 children
1867 2419 130 31 attending
2006 2419 59 28 .the
2078 2444 2 3 .
2088 2420 92 25 school.
2224 2422 41 24 Mr

1735 2462 106 25 Watson
1858 2462 120 31 presided,
1997 2463 51 23 and
2074 2472 70 24 gave,
2163 2473 14 17 a
2196 2466 70 26 short

1733 2507 110 25 address.
1888 2507 54 25 The
1949 2533 3 2 .
1963 2508 85 24 school
2071 2509 114 25 children
2205 2518 62 25 sang

1732 2551 71 24 three
1813 2551 80 31 piecea
1900 2575 3 3 .
1911 2559 57 24 very
1975 2553 41 25 nic
2025 2553 45 32 ely,
2089 2554 48 23 and
2148 2554 48 25 five
2206 2554 61 32 boys

1734 2594 90 25 recited
2128 2598 89 25 Misses
2234 2599 32 25 E.

1738 2638 119 24 Bowman
1866 2639 48 24 and
1926 2639 29 24 F.
1968 2639 121 32 Mounsey
2100 2648 61 24 sang-

1734 2681 75 25 herds
1832 2681 28 25 of
2065 2684 50 23 and

1738 2723 28 27 of
1787 2725 41 25 the
1962 2725 67 26 Both
2051 2726 28 25 of
2099 2727 67 26 these
2185 2736 85 27 young

1733 2768 86 26 ladies
1841 2766 64 28 have
1924 2771 63 30 good
2004 2770 79 26 voices
2106 2772 49 24 and
2177 2768 48 28 will
2239 2772 31 26 be

1738 2812 78 25 heard
1827 2813 88 31 again.-
1944 2813 35 25 M.
1991 2813 84 25 Marsh
2088 2815 91 25 recited
2199 2813 17 18 iv
2217 2816 54 25 The

1734 2856 110 25 widow's
1853 2857 56 30 plea
1917 2857 38 24 for
1961 2857 45 24 her
2095 2859 28 24 C.
2133 2859 138 32 Frampton

1820 2898 65 26 little
2052 2897 24 29 J.

1734 2942 74 26 sailor
1914 2943 29 24 A.
1961 2943 142 27 Dickenson
2224 2949 48 31 dog

1735 2987 79 25 under
1825 2987 43 24 the
2039 2988 52 25 Ada
2107 2989 122 27 Bowman
2235 3000 37 17 re-

1735 3031 64 24 cited
1916 3038 65 19 cross
2088 3036 184 33 exceptionally

1737 3075 62 24 well.
1836 3075 52 25 Mrs
1901 3076 105 25 Watson
2024 3085 63 24 sang
2200 3080 74 25 faded

1737 3118 62 26 Coat
1822 3119 25 25 of
1978 3121 30 24 P.
2032 3122 48 24 and
2103 3122 30 25 A.
2154 3123 119 26 Bowman

1737 3163 50 24 and
1815 3162 30 25 A.
1875 3163 143 26 Dickenson
2041 3172 64 25 sang
2135 3166 138 27 "Mother's

1843 3214 57 24 very
1912 3208 108 32 sweetiy,
2045 3209 50 24 and
2114 3210 97 33 Maggie
2224 3212 50 24 and

1738 3249 77 25 Katie
1826 3249 124 25 Mc'jrath
1971 3258 61 25 sang
2134 3253 141 26 .fishernian

1739 3292 64 26 and,
1811 3292 39 28 his
1980 3294 50 24 and

1739 3336 80 25 These
1847 3338 48 23 two
1923 3337 64 25 have
2015 3339 162 33 particularly
2222 3341 52 24 fine

1740 3380 87 28 voices,
1849 3381 49 23 and
1921 3381 61 24 with
2004 3389 55 17 care
2088 3382 49 25 and
2161 3384 112 32 training

1742 3424 47 25 will
1801 3425 28 24 be
1842 3424 74 25 much
1932 3424 76 26 heard
2028 3425 32 25 of.
2095 3426 40 25 Mr
2147 3426 35 26 H.
2194 3428 80 32 Boyer

1740 3476 60 23 gave
1823 3476 15 17 a
1850 3468 90 26 Cornet
1963 3469 66 26 Solo.
2064 3470 25 24 It
2109 3471 21 24 is
2150 3473 122 31 proposed

1740 3514 26 23 to
1777 3520 102 24 procure
1899 3521 15 16 a
1921 3520 4 8 '
1937 3513 156 26 harmonium
2116 3515 38 25 for
2178 3516 43 25 the
2232 3525 43 17 use

1740 3556 28 24 of
1788 3558 40 23 the
1846 3557 73 24 Band
1942 3557 26 24 of
1989 3558 73 30 Hope
2090 3560 60 22 and-
2166 3561 106 32 Sunday

1743 3600 96 29 School,
1874 3600 50 24 and
1951 3601 177 31 subscriptions
2161 3603 39 25 for
2220 3604 55 25 th.it

1740 3652 103 23 purpose
1869 3652 42 17 are
1947 3643 75 33 being
2050 3647 120 26 received.
2222 3648 57 27 The-

1741 3689 123 30 meetings
1889 3689 27 23 in
1940 3689 82 24 future
2046 3698 40 17 are
2110 3692 26 24 to
2165 3692 31 25 be
2218 3693 58 25 held

1740 3731 115 32 monthly
1888 3732 123 31 generally
2045 3741 33 15 on
2112 3734 42 23 the
2185 3735 91 33 Friday

1740 3775 96 25 nearest
1853 3774 42 25 ifhe
1912 3774 46 26 full
1976 3782 81 18 moon.

1808 3925 140 26 OXFORD
1961 3926 244 29 ODDFELLOWS.

1775 3990 52 24 The
1855 3990 70 26 Half-
1928 3991 93 32 Yearly
2040 3993 108 33 meeting
2176 3995 28 25 of
2229 3996 46 26 the

1741 4032 80 33 Loyal
1842 4033 43 26 Nil
1904 4034 185 32 Desperandum
2122 4037 85 33 Lodge
2230 4038 46 27 No.

1742 4078 64 24 5687
1828 4077 181 27 1.0.0.F.MU.
2029 4078 63 27 East
2110 4080 93 26 Oxford
2225 4091 52 17 was

1741 4120 58 26 held
1821 4129 34 17 on
1874 4122 70 25 27th.
1968 4124 46 29 ult,
2043 4124 72 25 when
2133 4125 70 26 there
2227 4134 50 18 was

1741 4172 32 18 an
1787 4179 7 16 .;
1801 4165 160 33 unusually,..
1962 4167 65 31 good
2044 4177 7 21 ,•
2065 4169 159 26 .attendance
2234 4191 2 2 .
2252 4171 25 25 of

1741 4208 131 29 members,
1893 4209 33 24 all
1950 4210 43 25 the
2016 4210 97 26 officers
2136 4211 75 33 being
2222 4221 54 24 pre-

1741 4253 64 22 sent.
1846 4244 41 32 'NV
1896 4249 4 5 '
1914 4245 33 32 GV
1954 4249 3 6 '
1979 4248 58 29 Brb.
2069 4252 85 26 Alfred
2172 4249 6 12 ;
2183 4252 94 31 gfcubbs

1740 4294 111 31 presided
1884 4298 49 21 and
1961 4295 58 26 Bro.
2054 4296 68 25 John
2157 4298 119 29 Knowles

1741 4337 115 32 occupied
1884 4338 44 26 the
1962 4339 152 26 Vice-chair.
2172 4343 100 27 Several

1741 4381 86 25 letters
1856 4390 62 17 were
1940 4383 58 24 read
2020 4385 64 25 from
2107 4385 45 26 the
2166 4386 111 33 .d.istrjci

1743 4423 28 26 C.
1796 4424 26 25 S.
1847 4425 51 24 and
1919 4425 92 26 others.
2056 4429 26 22 A
2100 4428 106 27 circular
2229 4439 48 19 was

1741 4467 110 26 received
1862 4468 63 25 from
1936 4470 44 24 the
1992 4470 31 24 N.
2046 4471 30 25 Z.
2089 4472 30 25 F.
2133 4473 26 26 S.
2179 4474 98 28 Mutual

1743 4511 107 32 Fidelity
1862 4511 144 27 Guarantee
2029 4513 173 32 Association,,
2217 4520 60 25 stat-

2305 172 44 24 .'Ug
2410 167 21 22 it
2497 173 61 23 was,
2608 167 44 24 the
2713 167 121 27 intention

2305 207 28 25 of
2386 207 43 25 the
2494 207 148 26 Committee
2697 209 26 24 in
2780 217 55 17 case

2305 250 27 26 of
2351 251 121 25 sufficient
2494 252 109 30 support,
2619 250 74 33 being
2709 252 127 29 accorded,

2306 297 25 23 to
2342 295 64 25 form
2419 302 14 17 a
2445 295 47 25 No.
2510 295 23 24 2.
2556 294 97 26 Section
2673 303 31 17 on
2714 295 43 26 the
2770 304 68 17 same

2305 339 63 24 lines
2390 346 28 17 as
2441 339 41 24 the
2493 338 64 24 first.
2598 337 68 25 After
2674 347 82 17 .some
2779 347 57 17 con-

2298 381 141 26 sideration
2465 381 49 25 and
2537 381 142 26 discussion!
2686 384 6 8 r
2699 382 20 25 it
2737 391 50 17 was
2797 390 43 24 re-;

2304 426 83 24 solved
2399 433 33 17 on
2444 424 186 35 thejjpotio^qf
2639 424 29 25 P.
2682 425 31 26 G.
2732 426 104 25 Weeber

2304 469 55 25 that
2382 469 50 24 this
2467 469 75 32 Jodge
2587 468 105 29 decides,
2726 469 28 25 in
2782 477 54 17 case

2304 512 27 24 of
2340 521 15 14 a
2374 514 62 22 start
2459 512 73 30 being
2554 511 81 28 made,
2666 514 25 21 to
2708 511 55 32 join
2786 513 50 24 and

2304 555 57 24 take
2372 556 44 23 out
2436 563 15 16 a
2469 555 82 31 policy
2563 555 26 23 of
2604 555 54 24 £50
2676 560 25 19 to
2713 563 70 16 cover
2794 556 42 23 the

2305 602 47 21 two
2364 598 104 31 officers,
2490 598 129 32 Secretary
2631 598 49 25 acd
2693 599 140 29 Treasurer,

2304 642 42 24 the
2359 642 129 31 fcecretary
2506 643 26 23 to
2551 642 69 25 write
2641 645 25 22 to
2687 642 55 26 that
2754 643 79 25 effect.

2304 685 52 24 The
2387 685 58 25 Sick
2472 685 115 25 Visitor's
2626 688 83 29 report
2737 686 99 25 showed

2303 730 49 23 two
2364 729 123 24 members
2499 736 33 17 on
2554 729 44 24 the
2620 729 81 24 funds.
2737 729 21 24 A
2769 737 65 24 pres-

2304 772 111 24 entation
2444 772 27 24 of
2497 780 14 16 a
2539 772 94 24 framed
2653 772 60 24 Past
2737 772 99 25 Officers

2303 815 140 26 Certificate
2466 823 51 18 was
2538 816 72 24 made
2630 815 31 33 by
2683 815 58 26 Bro.
2760 817 29 23 P.
2803 816 31 26 G.

2302 859 95 32 George
2410 860 85 24 Smith
2512 868 34 17 on
2556 859 86 26 behalf
2658 860 27 24 of
2700 861 43 24 the
2754 861 80 31 lodge,

2302 905 26 22 to
2332 902 67 25 -Bro.
2422 903 30 24 P.
2475 903 31 24 G.
2528 904 155 27 Waterman,
2706 904 51 24 who
2768 911 67 17 some

2300 945 66 25 Jittle
2391 946 62 24 time
2480 954 46 23 ago
2552 947 46 24 left
2625 946 44 24 the
2692 946 95 26 district
2797 969 2 2 .
2809 950 26 22 to

2300 991 63 23 start
2391 989 113 25 business
2534 990 140 31 elsewhere,
2704 991 50 24 and
2779 992 55 24 who

2301 1040 46 16 was
2382 1033 122 24 therefore
2532 1036 45 23 not
2587 1055 2 2 .
2605 1036 106 29 present.
2774 1035 59 25 Bro.

2300 1076 91 24 Morris
2417 1076 128 32 explained
2565 1077 55 24 that
2644 1078 32 25 he
2704 1078 51 24 had
2778 1086 54 24 acq-

2299 1119 101 25 uainted
2423 1117 58 27 Bro.
2511 1120 144 26 Waterman
2683 1122 60 24 with
2766 1123 66 24 what

2298 1170 51 17 was
2367 1160 75 35 being
2461 1163 72 29 done,
2544 1183 2 5 .
2568 1165 50 24 and
2639 1165 51 25 had
2713 1165 59 25 been
2794 1166 35 24 di-

2297 1207 83 24 rected
2402 1209 26 23 to
2448 1207 57 25 take
2533 1208 90 25 formal
2645 1210 138 31 possession
2806 1210 27 25 of

2297 1252 21 24 it
2340 1259 33 18 on
2392 1252 40 25 his
2455 1252 91 31 behalf,
2569 1254 48 24 and
2636 1257 26 23 to
2685 1254 69 25 hand
2776 1256 27 23 in
2816 1263 15 16 a

2297 1296 43 24 few
2352 1296 63 26 lines
2431 1297 119 30 received,
2568 1299 140 31 expression
2720 1300 28 23 of
2765 1303 65 28 grat-

2297 1339 68 26 itude
2387 1341 38 24 for
2447 1341 43 24 the
2513 1342 54 30 gift,
2591 1343 49 24 and
2660 1344 94 31 stating
2774 1344 57 24 that

2296 1384 20 25 it
2338 1385 81 25 would
2438 1393 58 17 ever
2525 1387 95 25 remind
2655 1388 54 24 him
2729 1389 26 24 of
2788 1389 43 25 the

2297 1437 56 23 very
2365 1437 75 24 many
2452 1430 83 32 happy
2553 1431 75 25 hours
2641 1433 30 24 he
2687 1432 52 25 had
2746 1435 3 5 :
2758 1435 73 29 spent

2296 1472 65 24 with'
2369 1473 43 23 the
2424 1473 115 24 brethren
2559 1475 26 22 in
2606 1475 43 24 the
2666 1475 163 31 lodge-room.

2296 1515 54 26 The
2359 1516 127 32 following
2505 1525 41 17 aie
2567 1518 42 25 ths
2629 1518 96 26 officers
2738 1519 92 25 elected

2296 1561 37 23 for
2342 1560 42 24 the
2396 1560 128 32 following
2532 1563 73 23 term.
2640 1564 32 23 N.
2684 1562 39 31 G.,
2754 1564 29 24 P.
2798 1564 31 24 G.

2296 1603 56 24 Bro.
2366 1604 96 31 George
2475 1605 92 30 Smith,
2603 1605 30 25 V.
2652 1606 31 24 G.
2695 1607 58 25 Bro-
2768 1608 60 25 Geo.

2297 1647 102 32 Savage,
2436 1647 31 25 G.
2481 1647 36 26 M.
2540 1648 59 26 Bro.
2621 1649 84 26 Alfred
2727 1650 101 32 Stubbs,

2295 1691 31 24 B.
2338 1691 25 26 S.
2387 1692 49 25 and
2455 1692 30 26 L.
2511 1692 26 26 S.
2561 1696 27 23 to
2607 1694 32 24 N.
2664 1694 32 26 G.
2716 1694 70 26 Bros.
2799 1696 27 24 P-

2296 1735 31 24 G.
2340 1735 76 25 Thos.
2429 1736 94 25 Baxter
2543 1738 49 24 and
2613 1738 69 26 Thos
2702 1739 125 32 Aldridge,

2294 1780 167 31 respectively,
2485 1781 32 24 R.
2542 1781 26 26 S.
2590 1781 51 24 and
2660 1782 30 24 L.
2711 1783 24 24 S.
2748 1786 26 21 to
2796 1783 31 24 V.

2295 1822 32 25 G.
2345 1823 72 25 Bros.
2430 1823 68 25 John
2511 1824 114 26 Knowles
2637 1826 50 24 and
2706 1826 30 25 F.
2749 1826 78 25 Johu-

2293 1874 66 21 spn,,
2374 1866 130 25 Guardian
2534 1868 58 24 Bro.
2617 1868 85 33 Henry
2725 1870 101 29 Elliott,

2295 1909 106 25 Warden
2421 1910 59 29 Bro,
2504 1911 30 23 P.
2556 1912 33 24 G.
2602 1912 136 29 Mehrtens,
2751 1913 30 25 P.
2796 1913 30 25 G.

2293 1952 59 25 Bro.
2387 1953 73 25 Isaac
2505 1955 96 30 Morris,
2639 1956 58 25 Sick
2723 1957 104 25 Visitors

2293 1995 72 26 Bros.
2389 1996 68 26 John
2480 1997 117 27 Knowles
2618 2000 50 25 and
2691 2000 30 25 F.
2746 2002 78 24 John-

2293 2047 54 21 son,
2355 2049 3 14 i
2370 2039 108 26 Lecture
2516 2041 122 26 MasterP.
2663 2044 33 24 G.
2716 2044 58 26 Bro.
2794 2046 32 24 E.

2292 2084 81 24 Horn.
2419 2084 26 25 It
2478 2093 52 17 was;
2548 2086 101 26 decided
2683 2089 26 23 to
2726 2092 65 21 erect
2813 2099 13 14 a

2292 2127 78 25 stable
2389 2127 38 26 for
2445 2129 43 24 the
2510 2129 84 26 horses
2605 2130 28 25 of
2647 2131 72 26 those
2732 2133 94 25 ofScers

2291 2171 79 33 liviDg
2382 2175 33 22 .at
2438 2174 167 25 considerable
2628 2176 109 25 distance
2759 2178 67 25 from

2292 2215 43 24 the
2346 2216 162 31 lodge-room,
2532 2219 49 23 and
2605 2227 27 16 a-s
2653 2228 15 16 a
2688 2220 77 26 direct
2783 2230 41 16 en-

2292 2262 177 27 couragement
2490 2262 25 23 to
2549 2261 83 25 others
2655 2263 56 24 who
2745 2265 79 31 allege

2292 2301 41 25 the
2351 2303 67 24 want
2438 2303 27 24 of
2482 2303 62 24 such,
2563 2306 162 25 convenience
2747 2310 26 21 to
2795 2307 31 25 be

2295 2345 40 24 the
2346 2353 89 17 reason
2446 2346 37 24 for
2502 2346 66 26 their
2587 2347 45 26 ncft
2651 2350 72 30 being
2735 2351 91 32 willing

2293 2391 26 21 to
2342 2388 56 25 take
2421 2389 78 25 offiee.
2542 2392 23 22 A
2599 2392 145 25 Committee
2767 2402 59 16 con-

2293 2430 91 32 sisting
2401 2431 27 24 of
2448 2432 73 24 Bros.
2546 2433 90 31 Smith,
2660 2434 94 26 Baxter
2776 2437 49 24 and

2295 2474 89 27 Morris
2401 2482 49 18 was
2469 2475 102 32 formed,
2595 2478 26 25 to
2644 2479 57 25 take
2723 2479 43 26 the
2782 2489 42 17 ne-

2295 2523 98 25 cessary
2413 2520 66 28 steps
2501 2517 26 24 in
2547 2518 43 25 the
2613 2521 98 27 matter,
2733 2522 58 23 with
2812 2530 14 16 a

2294 2559 63 24 view
2379 2561 26 23 to
2427 2560 94 32 shortly
2541 2562 78 25 invite
2642 2564 98 25 tenders
2758 2567 26 22 to
2795 2566 32 24 do

2296 2602 43 25 the
2366 2603 76 25 work.
2489 2604 52 24 The
2574 2606 126 32 following
2722 2611 104 23 amount

2297 2644 148 30 wasipassed
2467 2644 38 25 for
2526 2648 117 28 payment
2664 2647 52 24 £15
2730 2650 36 22 Is.
2786 2649 40 24 od.

2295 2686 45 24 the
2352 2685 113 33 'receipts
2489 2687 74 33 being
2582 2690 53 23 £50
2654 2692 52 23 17s.
2720 2689 41 26 Bd.

2302 2867 148 25 CHURCH
2460 2868 44 24 OF
2513 2869 171 25 ENGLAND
2697 2871 124 25 SOCIAL

2292 2971 4 13 ,
2333 2954 54 23 The
2404 2954 77 25 above
2498 2955 76 24 social
2590 2963 50 17 was
2657 2956 59 25 held
2740 2958 27 23 in
2789 2958 44 24 the

2291 2989 169 37 [Oddfellow's
2477 2995 66 27 Hall.
2557 2995 70 25 West
2655 2996 101 32 Oxford,
2784 2998 49 24 and

2300 3045 49 17 was
2366 3046 16 16 a
2407 3046 57 23 very
2497 3040 69 30 great
2599 3047 106 18 success.
2757 3041 76 26 Great

2301 3082 78 24 credit
2401 3082 21 25 is
2445 3082 48 25 due
2521 3084 26 24 to
2576 3083 52 25 Mrs
2657 3084 104 30 Eeeves,.
2780 3085 53 26 Mrs

2302 3125 49 24 and
2363 3125 62 24 Miss
2437 3125 120 25 Priehard
2575 3127 38 24 for
2632 3128 40 23 the
2693 3128 55 25 able
2759 3137 74 16 man-

2301 3176 46 17 ner
2358 3169 25 24 in
2396 3169 83 24 which
2490 3169 43 24 the
2545 3170 118 32 evenings
2682 3177 152 20 amusement

2301 3216 54 20 was!
2380 3212 144 24 conducted.
2571 3214 54 23 The
2652 3214 92 26 former
2766 3219 68 23 must

2302 3254 31 24 be
2356 3255 187 32 congratulated
2564 3256 40 24 for
2624 3257 41 24 the
2686 3266 58 24 very
2766 3262 74 30 great,

2302 3297 59 25 skill
2381 3297 43 25 she
2447 3297 127 33 displayed
2607 3301 27 22 in
2651 3301 108 32 training
2792 3303 42 25 the

2303 3341 113 24 children
2439 3341 38 25 for
2503 3343 41 24 the

2305 3384 82 25 whk-h
2402 3392 51 18 was
2465 3393 47 17 one
2525 3386 27 24 of
2562 3387 41 24 the
2613 3386 101 33 leading
2729 3389 107 25 features

2303 3428 28 25 of
2345 3428 44 26 the
2413 3430 127 31 evening's
2563 3433 201 30 entertainment,
2787 3434 49 25 and

2305 3481 50 16 was
2368 3482 57 23 very
2437 3475 73 23 much
2528 3476 160 32 appreciated.
2724 3477 51 26 She
2787 3486 49 17 was

2303 3516 58 32 ably
2385 3517 106 26 assisted
2525 3517 32 34 by
2585 3519 61 25 Miss
2674 3520 79 33 Paget
2780 3522 56 24 who

2303 3562 113 29 presided
2436 3564 26 22 at
2485 3562 43 24 the
2550 3563 83 30 piano.
2679 3565 45 24 We
2747 3572 89 18 cannot

2308 3604 77 31 speak
2397 3610 42 19 too
2451 3605 86 32 highly
2560 3605 27 26 of
2606 3606 43 26 the
2660 3607 176 28 refreshments

2304 3647 82 26 which
2396 3656 62 18 were
2470 3649 112 31 supplied
2594 3649 31 33 by
2646 3651 61 26 Miss
2717 3652 120 26 Prichard

2304 3692 50 25 and
2371 3693 45 24 her
2439 3693 101 25 friends.
2576 3694 54 26 The
2652 3696 126 33 following
2799 3705 37 17 as-

2304 3736 76 23 sisted
2400 3736 25 22 in
2450 3736 43 24 the
2518 3738 106 24 musical
2642 3743 63 28 part.

2339 3778 63 26 Miss
2421 3781 67 24 Alice
2500 3781 87 26 Parish
2599 3782 89 32 played
2708 3783 43 26 the
2763 3784 73 25 Over-

2305 3826 54 21 ture
2377 3823 59 25 with
2456 3830 77 19 much
2555 3828 72 23 taste.
2663 3827 61 25 Miss
2742 3828 95 24 -Beeves

2303 3874 63 23 sang
2383 3867 44 25 the
2556 3870 50 24 and
2618 3870 44 25 the
2778 3871 59 25 with

2304 3911 64 30 good
2399 3911 80 28 effect,
2523 3913 54 26 Mrs
2599 3914 136 25 Brosneam
2775 3923 62 23 sang

2306 3953 91 31 •'Mary
2408 3954 27 24 of
2573 3965 59 23 very
2651 3957 104 31 sweetly.
2791 3958 47 24 We

2305 3995 66 31 hope
2383 3996 51 25 this
2458 3997 51 25 Trill
2531 4001 46 23 riot
2599 3999 30 25 be
2652 4000 39 25 the
2708 4000 48 24 last
2777 4000 61 26 time

2306 4047 35 16 we
2353 4039 65 25 shall
2432 4040 65 26 hare
2514 4042 42 26 the
2568 4045 111 30 pleasure
2690 4043 27 24 of
2733 4044 105 32 hearing

2304 4082 53 25 her.
2393 4084 54 26 The
2459 4089 61 22 next
2532 4095 50 18 was
2604 4096 14 15 a
2806 4087 31 32 by

2305 4123 107 28 Masters
2436 4128 31 26 N.
2491 4130 120 26 Prichard
2630 4131 50 24 and
2704 4131 31 24 G.
2758 4131 79 29 Dorn,

2304 4170 82 26 which
2399 4174 88 24 caused
2500 4179 68 27 great
2590 4174 76 24 mirth
2690 4182 92 25 amopg
2792 4176 44 26 the

2304 4221 85 25 young
2416 4216 60 26 folk.
2528 4216 61 26 Miss
2623 4218 30 23 F.
2679 4218 70 25 Dorn
2777 4227 62 24 sang

2430 4260 108 31 give/ine
2549 4267 15 16 a
2698 4261 60 24 with
2769 4265 70 29 great

2304 4302 151 30 expression.
2497 4302 53 25 The
2577 4301 47 26 last
2651 4303 59 25 item
2738 4313 33 19 on
2796 4305 43 29 the

2306 4353 156 25 programme
2484 4353 50 18 was
2556 4353 16 18 a
2593 4346 56 33 glee
2672 4350 31 30 by
2716 4348 40 26 Mr
2768 4349 70 26 Ddrh

2305 4390 50 24 and
2365 4398 68 17 some
2445 4390 27 25 of
2481 4389 39 25 his
2529 4388 94 34 family;
2658 4391 46 25 We
2721 4392 119 34 sincerely

2306 4432 80 26 thank
2405 4432 34 26 all
2463 4432 71 27 those
2545 4433 57 26 who
2626 4435 85 31 helped
2730 4439 27 22 to
2769 4438 71 26 make

2306 4477 50 26 the:
2361 4477 107 32 evening
2478 4486 14 15 a
2503 4477 116 32 pleasant
2628 4482 6 20 :
2642 4487 47 18 one
2712 4482 128 33 especially,

2306 4528 48 17 our
2365 4520 56 25 able
2441 4520 129 26 chairman
2588 4522 41 25 Mr
2648 4523 92 27 Ffitch.

2873 205 93 25 GOOD
2984 207 100 26 NEWS
3113 208 67 25 FOR
3201 211 68 24 THE
3290 211 112 26 CLOTH

3052 246 166 27 CUTTERS.

2904 315 20 24 A
2945 315 136 27 Cincinatfci
3092 319 111 32 clothing
3218 324 185 25 manufacturer

2870 352 45 25 has
2935 353 116 26 iuvented
3079 365 33 16 an
3135 357 122 26 electrical
3285 364 127 24 machine.:

2870 390 37 25 for
2926 393 97 30 cutting
3048 395 76 29 cloth,
3157 396 79 25 which
3257 399 21 24 is
3300 402 101 30 capable

2870 428 31 27 of.
2914 430 98 31 cutting
3032 433 47 24 250
3091 455 2 3 .
3103 434 64 24 suits
3177 442 26 17 .a
3215 435 54 33 day.
3305 440 24 23 A
3340 448 59 17 man

2870 476 46 17 can
2925 473 42 21 cut
2984 471 145 32 onlyiabout
3141 475 31 23 25
3185 476 71 27 suits,
3279 479 49 23 and
3340 480 61 24 then

2870 507 58 31 only
2939 508 76 25 about
3036 512 47 22 two
3105 512 152 26 thicknesses
3279 516 28 23 of
3323 517 77 29 cloth,

2869 540 71 29 whiie
2952 547 43 23 the
3020 545 111 28 machine
3152 551 77 32 easily
3252 556 53 21 cuts
3330 555 68 32 eight

2868 581 89 32 layers.
2993 584 53 25 The
3067 587 111 26 machine
3199 588 26 25 is'
3242 590 159 36 handsomely

2869 625 156 24 constructed
3037 627 49 23 and
3109 635 56 25 very
3185 630 70 31 light,
3273 634 128 31 .weighing

2869 660 54 31 only
2945 657 124 50 SO^js^
3077 665 48 24 and
3154 667 22 24 is
3196 667 45 25 but
3262 671 31 22 H
3315 654 86 43 inchel

2869 698 68 31 high.
2973 700 52 25 The
3049 702 62 25 base,
3123 705 20 23 is
3164 706 68 25 made
3256 708 23 24 of
3302 708 98 32 bronze,
3416 726 4 9 ,

2869 738 48 24 an'd
2930 739 42 25 the
2984 737 125 40 armature
3128 744 21 25 is
3173 748 131 30 supported
3328 749 32 32 by
3383 758 15 18 a

2868 778 84 31 forged
2980 782 61 24 steel
3069 785 123 26 standard.
3254 781 51 32 the
3333 790 68 26 knife

2856 817 93 25 -which
2961 819 57 25 does
3036 821 43 25 the
3097 825 95 31 cutting
3215 827 23 24 is
3257 829 75 25 about
3344 829 57 25 four

2868 857 84 26 inches
2968 860 26 24 in
3007 860 124 33 diameter,
3151 866 47 24 and
3220 868 107 26 revoWes
3338 871 62 24 with

2869 898 40 23 the
2937 900 108 32 rapidity
3071 903 27 23 of
3123 895 24 33 a'
3168 905 131 27 buzz-saw.
3347 910 51 24 The

2869 935 66 26 knife
2946 938 20 23 is
2978 940 124 29 protected
3123 943 57 25 with
3199 952 14 16 a
3225 944 95 32 guarcir
3346 948 53 25 The

2869 975 108 26 machine
2988 977 21 24 is
3021 979 149 34 self-oiling,
3183 983 215 37 self-sharpening,

2867 1015 49 22 and
2928 1016 174 34 self-lighting.
3137 1021 25 24 It
3184 1022 44 26 has
3248 1033 15 16 •
3284 1028 114 31 strength

2866 1053 27 24 of
2902 1056 150 30 onereighth:
3067 1058 73 26 horse
3161 1069 94 22 power,,
3272 1065 47 24 and
3340 1067 22 24 is
3374 1068 28 23 of

2868 1092 47 23 110
2938 1093 112 35 voltage.'
3097 1096 26 25 It
3144 1098 22 24 is
3189 1102 114 30 operated
3325 1104 33 30 bj
3380 1114 16 16 a

2865 1131 90 25 handl«
2977 1134 26 23 in
3026 1136 41 25 the
3101 1145 62 22 rear,
3200 1142 48 24 »nd
3268 1143 79 31 glide*
3370 1154 28 17 as

2865 1170 75 32 easily
2963 1180 28 17 ai
3014 1181 15 17 %
3052 1176 119 29 flat-iron,
3292 1176 3 4 '

2865 1288 188 62 LOCAL
3076 1294 34 56 and
3121 1294 274 66 GENERAL

2897 1395 163 27 Meeting.—
3062 1400 21 24 A
3093 1403 110 32 meeting
3212 1404 27 24 of
3248 1405 42 24 the
3300 1407 97 27 Liberal

2864 1438 154 27 Association
3046 1443 27 24 of
3098 1444 91 33 Ashley
3217 1449 50 23 and
3288 1442 106 40 Kaiapoi

2864 1488 50 17 was
2931 1482 58 25 held
3000 1484 27 24 in
3041 1485 40 25 the
3093 1486 105 34 Library
3221 1498 33 17 on
3267 1491 129 34 Thursday

2864 1525 104 32 ereniag
2981 1526 48 26 last
3042 1531 25 22 to
3085 1531 113 25 consider
3218 1534 39 24 Mr
3276 1536 127 26 KerinerV

2864 1572 109 29 proposal
2993 1572 54 25 and.
3071 1574 43 24 the
3142 1575 125 33 'Bangiora
3295 1580 102 26 Jjiberai

2862 1611 129 27 Platform.
3028 1616 53 25 The
3093 1620 104 31 evening
3210 1629 48 17 was
3276 1630 57 25 very
3348 1627 48 23 wet

2863 1655 49 25 and
2933 1662 102 29 stormy,
3058 1663 148 32 preventing
3229 1674 78 24 many
3318 1668 78 33 living

2862 1703 26 21 at
2900 1709 15 15 a
2927 1701 111 27 distance
3053 1705 65 25 froin
3142 1710 135 32 attending.
3312 1712 25 24 It
3345 1722 51 17 was

2863 1744 121 26 therefore
3027 1748 99 27 decided
3154 1754 26 22 to
3194 1770 2 3 •
3222 1755 105 31 adjourn
3352 1757 45 26 the

2860 1788 96 26 further
2984 1792 179 27 consideration
3191 1797 25 23 of
3246 1799 42 23 the
3312 1800 77 26 above

2862 1834 90 23 named
2963 1836 107 31 subjects
3093 1841 66 23 until
3182 1841 130 35 ThurscUy
3334 1846 59 31 July

2862 1878 69 25 2:3rd.

2894 1921 32 25 In
2955 1924 40 24 the
3040 1929 143 30 meantime,
3202 1938 48 24 any
3266 1939 86 19 names
3369 1935 29 24 of

2860 1966 70 24 thoso
2947 1968 106 33 wishing
3104 1973 25 23 to
3154 1972 54 31 join
3238 1975 40 24 the
3294 1976 103 27 Liberal

2860 2010 164 38 Association,
3043 2016 55 23 sent
3109 2015 28 25 in
3149 2018 26 23 to
3186 2017 51 26 this
3253 2020 76 30 office,
3342 2022 53 25 will

2861 2056 29 24 be
2902 2055 59 33 duly
2979 2059 116 25 enrolled.
3229 2060 4 12 '
3307 2069 5 12 <

2891 2130 180 29 Influenza.—
3075 2135 62 26 Now
3155 2138 50 26 ibis
3234 2142 118 31 epidemic
3370 2145 24 25 is

2858 2175 130 33 becoming
2997 2180 128 28 prevalent
3133 2190 37 17 we
3182 2185 112 33 strongly
3302 2196 91 17 recom-

2858 2218 72 25 mend
2942 2220 43 24 the
2996 2221 49 25 free
3056 2230 44 17 use
3112 2225 27 23 of
3148 2225 122 33 Platypus
3276 2229 85 26 Brand
3369 2232 29 24 of

2857 2261 154 33 Eucalyptus
3025 2265 124 28 Globulus
3177 2269 112 31 Extract,
3318 2275 76 24 taken

2859 2312 66 24 upon
2947 2313 75 25 sugar
3050 2316 28 17 or
3095 2310 28 25 in
3146 2300 71 38 milk.
3253 2314 52 26 The
3328 2319 68 24 most

2857 2349 114 31 pleasant
2983 2359 54 24 way
3048 2354 25 23 to
3082 2354 57 24 tako
3150 2356 155 34 Eucalyptus
3327 2361 22 24 is
3366 2363 29 24 in

2857 2392 44 24 the
2933 2394 117 32 Platypus
3077 2397 98 27 Brand,
3192 2401 27 24 of
3240 2402 155 34 Eucalyptus

2857 2435 116 32 Jujubes.
3009 2438 70 34 They
3090 2449 42 17 are
3141 2443 27 24 in
3184 2445 62 25 such
3258 2454 15 16 a
3283 2448 112 30 portable

2857 2476 71 28 form,
2940 2477 115 32 pleasant
3067 2482 25 24 to
3104 2483 74 31 taste,
3196 2486 50 25 and
3252 2508 3 3 .
3262 2489 134 33 antiseptic,

2859 2521 141 26 stimulant.

2865 2665 120 40 EVENTS
3002 2668 38 38 OF
3055 2670 74 39 THE
3145 2672 129 40 COMING
3286 2676 101 44 WEEK.

2863 2729 120 33 Tuesday,
3004 2730 101 35 Library
3123 2742 63 24 open
3214 2736 65 27 from
3303 2740 22 24 6.
3340 2740 43 25 .15

2928 2773 25 22 to
2977 2772 15 24 8
3008 2779 79 24 p.m.
3115 2798 4 4 ,
3338 2764 10 9 *
3383 2794 3 6 ,

2864 2810 137 32 Thursday,
3031 2814 57 24 Sale
3114 2815 54 32 day,
3220 2817 73 26 Bank
3321 2829 72 23 open,

2930 2850 103 32 Library
3060 2857 63 26 open
3146 2854 90 33 during
3258 2857 127 28 afternoon

2864 2891 101 32 Friday,
2984 2893 62 25 East
3064 2895 92 25 Oxford
3173 2897 72 26 Baud
3274 2901 26 23 of
3314 2902 81 32 Hope.

2865 2934 130 33 Saturday,
3013 2936 106 34 Library
3137 2949 62 24 open
3309 2948 23 22 6.
3354 2948 31 23 15

2865 2975 23 25 p.
2906 2976 34 17 m.
2959 2973 26 21 to
2997 2971 15 23 8
3029 2979 24 24 p.
3067 2980 31 17 m.

3006 3133 254 30 CONTRIBUTED.

2900 3203 61 30 Our'
2975 3208 61 28 New
3065 3211 111 27 Zealand
3198 3214 105 26 Labour'
3326 3218 75 26 Laws

2867 3253 42 16 are
2928 3247 90 24 checks
3048 3250 49 23 aud
3126 3251 147 27 limitations
3302 3263 33 18 on
3358 3257 44 26 the

2867 3292 82 23 power
2960 3287 27 24 of
2996 3290 87 23 wealth
3103 3293 25 22 to
3147 3296 130 29 aggregate
3289 3297 25 23 to
3325 3297 78 26 itself.

2867 3323 54 25 The
2944 3325 122 31 capitalist
3088 3330 71 24 seeks
3180 3331 129 27 dividends
3319 3342 6 22 ;
3338 3353 5 2 -
3358 3335 46 26 the

2867 3361 99 26 Liberal
2985 3372 65 23 says,
3077 3367 88 26 '-Your
3187 3369 129 29 dividends
3335 3376 70 24 must

2868 3403 43 23 not
2930 3402 30 25 be
2994 3404 117 27 obtained
3139 3414 25 19 at
3185 3410 44 25 the
3257 3419 105 24 expense
3377 3415 29 26 of

2867 3440 44 25 the
2938 3442 86 26 health
3052 3445 50 24 and
3131 3455 114 18 common
3275 3452 80 30 rights
3375 3454 31 24 of

2869 3480 68 24 those
2957 3481 84 26 whose
3060 3483 37 25 lot
3124 3485 21 24 it
3173 3487 22 23 is
3224 3490 26 23 to
3278 3492 67 22 work
3361 3491 45 25 fop

2992 3520 53 25 The
3073 3523 124 31 capitalist
3226 3534 64 24 says,

2869 3560 89 24 should
2974 3569 48 22 you
3039 3563 115 25 interfere
3178 3565 61 25 with
3260 3567 43 24 the
3321 3569 80 30 rights

2868 3598 49 23 and
2933 3597 109 26 liberties
3065 3600 27 24 of
3110 3601 42 25 the
3175 3602 96 33 subject
3281 3606 10 23 ?
3302 3604 9 34 \
3332 3605 68 25 Can-

2868 3638 44 22 not
2929 3636 31 25 do
2989 3645 27 16 as
3043 3638 15 25 I
3083 3638 89 27 choose
3190 3642 61 25 with
3279 3651 43 25 my
3345 3652 58 19 own

2869 3676 109 31 money?
3008 3676 98 26 Cannot
3138 3679 68 25 these
3227 3682 86 31 people
3333 3683 70 26 work

2869 3713 38 23 for
2934 3722 40 15 me
3003 3716 78 23 under
3114 3725 49 23 any
3180 3719 139 25 conditions
3342 3721 61 31 they

3011 3754 68 25 The.
3087 3755 100 25 Liberal
3209 3758 98 30 replies,-

2869 3790 79 31 rights
2960 3790 27 26 of
2996 3791 43 26 the
3059 3788 95 36 subject
3177 3802 42 18 are
3242 3798 45 23 not
3298 3798 104 25 covered

2870 3830 90 32 merely
2987 3830 32 32 by
3053 3831 125 34 bartering
3209 3834 88 26 labour
3324 3837 39 24 for
3384 3845 18 18 a

2870 3870 114 31 pittance.
3020 3871 52 25 You
3084 3873 64 25 have
3170 3882 34 17 no
3226 3876 67 32 right
3306 3879 26 23 to
3343 3885 60 25 prey

2869 3916 68 23 upon
2954 3910 43 24 the
3010 3929 3 3 .
3022 3911 73 24 needs
3116 3911 26 25 of
3161 3920 64 24 your
3245 3915 160 27 fellow-men.

2870 3948 26 24 If
2918 3950 59 31 they
2999 3958 42 17 are
3064 3953 41 23 too
3130 3953 79 31 needy
3231 3955 50 24 and
3292 3957 67 24 weak
3378 3958 30 24 ta

2869 3990 57 33 help
2963 3992 170 32 themselves,,
3159 3996 43 25 the
3241 3998 70 26 State
3340 3999 65 25 shall

2869 4032 72 24 stand
2968 4032 111 27 between
3106 4043 50 23 yon
3184 4038 52 25 and
3264 4038 68 26 them
3356 4040 52 28 anji

2869 4071 93 31 compel
2980 4080 50 23 you
3052 4075 31 23 to'
3099 4077 64 23 treat
3180 4076 68 26 them
3272 4085 28 18 as
3311 4078 94 26 human

2869 4111 94 33 beings,
2987 4117 45 21 not
3054 4122 28 17 as
3105 4117 83 29 cattle,
3210 4125 27 16 or
3257 4125 76 18 worse
3345 4112 62 38 still,

2870 4157 27 17 as
2912 4150 141 27 inanimate
3239 4177 4 4 .
3278 4157 69 25 Here
3368 4165 40 19 we

2869 4190 72 31 have,
2963 4191 95 32 despite
3066 4197 72 29 patty
3150 4195 63 26 cries
3224 4196 51 25 and
3291 4200 117 28 piotests,

2870 4228 91 33 clearly
2973 4230 97 26 defined
3081 4233 133 31 principles
3225 4234 84 25 which
3325 4235 84 27 divide

2872 4265 112 28 Liberals
3004 4268 51 26 and
3083 4270 188 28 Conservatives
3300 4273 28 25 in
3356 4273 53 27 thia

2872 4304 95 34 colony.
3057 4324 3 2 .
3076 4307 3 3 '
3090 4308 7 19 .'
3111 4313 8 14 >
3137 4311 3 16 :
3184 4317 9 12 .•
3207 4312 34 19 l;
3257 4316 4 15 ;
3297 4314 41 20 ,y
3351 4316 5 6 '

1099 58 172 31 OXFOED
1315 54 229 34 OBSERVER
1588 51 235 40 SATURDAY,
1901 56 108 32 JULY
2074 61 49 34 11,
2181 61 91 31 1896.

2907 4482 55 25 The
2978 4483 101 25 Income
3099 4484 53 26 Tax
3168 4479 49 32 itas
3233 4494 71 17 come
3316 4489 26 23 to
3353 4489 56 31 stay

2876 4522 37 28 in.
2923 4522 104 26 France.
3253 4543 2 7 ,
