3472 4533
60 166 70 24 THE
158 162 78 27 HON.
262 163 24 23 J.
316 162 169 24 M'KENZIE
515 163 41 25 AT

210 233 198 24 AUCKLAND.

105 339 16 16 A
132 337 77 17 REPLY
222 337 30 16 TO
273 336 100 17 CAPTAIN
393 336 116 19 RUSSELL.

74 422 40 24 He
126 420 74 25 asked
219 428 51 16 was
290 420 21 24 it
330 419 104 25 because
455 421 43 24 the
511 422 64 24 Gov-

40 461 115 24 ernment
166 458 49 24 had
227 458 147 30 completely
386 458 191 26 revolutionised

42 500 43 23 the
96 498 128 24 incidence
244 496 27 24 of
287 496 111 24 taxation
418 497 50 23 and
480 497 97 25 thrown

41 538 45 24 the
98 536 92 24 burden
208 535 28 24 of
253 534 113 24 taxation
386 542 33 16 on
440 535 72 25 those
523 535 54 25 best

40 578 56 24 able
107 579 26 22 to
146 576 56 24 bear
213 576 20 23 it
255 574 55 25 that
322 574 43 24 the
377 574 164 26 self-reliance
552 576 27 24 of

41 619 44 25 the
97 617 85 32 people
194 616 48 24 had
255 615 60 25 been
325 615 173 25 undermined.
519 616 57 25 Was

42 658 20 24 it
76 657 102 24 because
198 654 43 24 the
261 654 172 24 Government
453 654 47 24 bad
512 654 63 25 done

40 704 70 23 away
123 694 57 24 with
193 693 43 25 the
247 694 114 30 property
375 694 49 28 tax,
447 693 128 24 establish-

41 736 32 24 ed
85 737 25 23 in
122 736 32 23 its
175 734 68 31 place
264 741 15 16 a
299 734 92 30 system
412 732 27 25 of
455 732 60 25 land
527 734 49 23 and

41 776 95 22 income
149 779 49 22 tax,
219 772 33 31 by
271 771 80 24 which
375 772 41 23 the
433 772 95 24 settlers
552 772 26 24 of

41 816 61 23 New
123 812 108 25 Zealand
262 812 51 23 had
338 811 62 24 been
424 812 104 24 relieved
551 812 27 24 of

41 852 92 31 having
153 853 25 22 to
201 858 47 23 pay
267 849 112 24 taxation
401 858 30 15 on
455 850 119 31 improve-

43 892 82 24 ments
137 898 32 16 on
190 888 64 25 their
276 887 75 25 farms
362 887 60 25 'and
441 888 44 24 the
506 888 69 24 stock

43 932 110 27 thereon,
175 929 56 25 that
253 928 51 25 this
339 927 163 26 self-reliance
525 928 50 24 had

41 973 62 24 been
114 969 163 26 undermined
286 970 11 22 ?
321 976 47 16 was
386 969 21 23 it
418 968 103 24 because
534 970 41 22 the

40 1011 162 30 storekeeper,
233 1008 129 25 merchant
385 1016 27 16 or
432 1009 141 23 tradesman

41 1052 51 25 had
104 1059 55 16 now
170 1050 59 30 only
240 1051 25 22 to
283 1056 48 24 pay
351 1056 32 16 on
394 1047 34 25 its
440 1047 95 26 income
547 1048 26 24 in

41 1092 70 30 place
123 1089 26 24 of
166 1089 32 23 its
220 1087 77 28 stock;
317 1089 124 28 property,
455 1087 49 27 &c,
519 1086 55 24 that

40 1129 160 26 .self-reliance
222 1126 50 24 had
299 1126 67 26 .been
389 1125 184 24 undermined?

41 1171 63 23 Was
120 1169 20 24 it
156 1169 101 23 because
278 1166 42 24 the
337 1166 174 24 Government
523 1173 49 16 cre-

40 1211 59 25 ated
111 1218 14 16 a
136 1210 48 24 live
194 1208 60 25 land
265 1207 38 25 for
315 1207 156 24 settlements
483 1206 87 31 policy,

41 1252 33 31 by
89 1251 79 24 which
187 1249 86 31 people
296 1247 92 31 having
409 1246 65 25 little
485 1253 88 17 means

42 1289 73 26 could
134 1289 65 24 lease
210 1287 59 25 land
280 1286 63 25 from
359 1287 41 23 the
421 1284 87 26 Crown
521 1291 24 17 at
556 1286 16 22 4

42 1338 43 24 per
97 1336 52 21 cenq
163 1335 31 16 on
216 1326 41 24 the
276 1324 91 32 capital
386 1323 69 24 value
468 1322 49 25 and
529 1331 44 16 use

41 1368 64 24 their
128 1374 53 16 own
203 1364 87 31 capital
311 1363 37 24 for
368 1362 42 24 the
431 1369 105 23 purpose
549 1361 26 24 of

41 1406 141 32 improving
203 1404 49 25 and
271 1403 109 30 settling,
404 1402 56 24 that
479 1401 48 25 self
536 1409 35 16 re-

41 1446 80 22 liance
141 1451 51 16 was
212 1442 74 30 being
306 1440 161 24 undermined
479 1440 11 22 ?
515 1439 58 23 Was

40 1486 21 24 it
73 1484 102 25 because
196 1482 55 30 they
265 1481 45 24 had
322 1488 32 17 no
372 1480 84 30 longer
469 1480 26 23 to
507 1486 30 24 go
548 1482 25 21 to

42 1524 43 24 the
97 1522 57 26 land
170 1520 137 33 speculator
327 1521 24 23 to
368 1519 120 31 purchase
507 1517 66 26 land,

41 1573 49 22 pay
102 1564 72 23 down
186 1571 14 15 a
221 1561 93 24 certain
335 1561 103 22 amount
458 1559 49 23 and
518 1559 56 30 give

42 1614 15 14 a
68 1605 128 29 mortgage
208 1609 58 17 over
277 1601 41 23 the
330 1599 109 29 balance,
459 1599 76 23 which
548 1599 26 23 in

42 1642 126 26 hundreds
186 1641 26 25 of
229 1647 68 18 cases
318 1639 91 32 proved
428 1639 101 23 ruinous
549 1640 25 22 to

42 1682 71 23 those
125 1680 55 23 who
200 1679 50 23 had
270 1680 26 21 to
314 1678 58 22 take
389 1677 60 23 land
469 1684 33 16 on
514 1676 60 24 such

42 1721 86 25 terms,
152 1717 55 24 that
232 1715 42 25 the
304 1714 159 25 sel'-reliauce
486 1713 27 25 of
533 1713 43 24 the

42 1757 88 33 people
147 1764 49 17 was
217 1752 179 26 undermined?
413 1752 60 25 Was
495 1751 21 25 it
534 1751 41 25 be-

43 1806 75 17 cause
139 1799 40 22 the
192 1796 166 24 Government
375 1793 51 24 had
437 1793 94 31 opened
543 1801 32 23 up

45 1836 73 25 roads
130 1837 24 23 to
167 1834 74 25 assist
264 1834 98 23 settlers
382 1832 56 24 vrho
457 1839 62 16 were
530 1839 45 16 un-

44 1875 56 24 able
119 1875 25 23 to
167 1875 41 28 get
226 1879 31 17 on
278 1871 63 24 their
362 1870 72 25 land?
452 1870 56 23 that
521 1869 54 24 self-

44 1915 106 24 reliance
178 1921 50 15 was
257 1909 183 26 undermined?
474 1908 60 25 Was
556 1908 21 25 it

43 1952 106 24 because
172 1950 42 24 the
234 1949 171 24 Government
424 1947 51 23 had
487 1947 88 30 cheap-

44 1990 64 25 ened
127 1990 43 24 the
189 1989 72 24 value
272 1987 27 24 of
308 1994 90 23 money
410 1986 49 23 and
471 1985 106 24 reduced

43 2032 103 31 charges
165 2030 37 25 for
214 2032 145 28 mortgages,
377 2026 49 25 and
435 2026 63 25 done
510 2034 67 24 away

46 2070 60 25 with
118 2070 43 24 the
178 2067 159 33 procuration
356 2067 50 22 fees
426 2065 108 31 charged
546 2064 31 30 by

45 2117 77 23 many
134 2108 197 30 money-lenders
342 2106 28 23 in
382 2105 42 24 the
522 2104 56 24 that

46 2149 44 23 the
102 2147 168 24 Government
280 2144 52 24 had
348 2142 161 25 undermined
521 2142 56 24 self-

44 2188 126 25 reliance?
194 2185 60 25 Was
274 2185 20 24 it
317 2183 104 25 because
444 2182 43 24 the
512 2182 65 25 Gov-

44 2228 115 23 ernment
185 2232 60 24 gave
269 2224 43 24 the
349 2222 97 24 settlers
472 2221 27 24 of
520 2221 57 24 New

46 2266 108 25 Zealand
166 2265 41 24 the
226 2263 102 25 benefits
347 2262 27 24 of
394 2269 34 16 an
450 2262 129 30 organised

47 2302 168 33 Agricultural
235 2301 173 30 Department,
440 2298 33 31 by
495 2298 83 23 which

47 2345 43 23 the
103 2342 105 31 produce
222 2340 25 24 of
257 2340 42 23 the
316 2340 104 28 country
440 2337 73 24 could
523 2345 56 16 now

47 2382 30 23 be
89 2383 54 22 sent
163 2382 25 21 to
214 2377 43 25 the
282 2376 109 25 markets
410 2375 33 24 all
459 2382 57 17 over
536 2375 43 23 the

47 2420 74 25 world
132 2420 26 23 in
175 2418 37 24 far
224 2418 78 23 better
314 2415 126 25 condition
452 2415 62 24 than
525 2422 53 23 pre-

45 2459 103 31 viously,
170 2456 50 26 and
242 2455 38 25 for
304 2455 78 31 prices
405 2453 89 25 almost
506 2453 72 31 equal

47 2502 26 20 to
85 2497 69 24 those
167 2495 33 24 all
212 2502 57 17 over
281 2495 41 22 the
342 2492 84 27 world,
447 2491 55 25 that
515 2492 64 23 self-

47 2537 104 25 reliance
170 2535 51 24 had
241 2534 60 23 been
313 2531 163 25 undermined
485 2532 11 22 ?
519 2531 59 24 Was

45 2577 21 25 it
86 2576 103 25 because
209 2574 43 25 the
276 2573 169 24 Government
474 2571 46 24 had
541 2578 36 17 re-

47 2617 83 26 stored
141 2617 43 24 the
196 2615 112 29 railways
320 2615 24 22 to
364 2612 43 25 the
419 2611 92 32 people,
525 2612 53 24 tak-

45 2658 45 30 ing
110 2656 68 23 them
198 2656 43 22 out
262 2653 26 24 of
307 2653 39 23 the
367 2651 80 24 hards
469 2651 28 23 of
514 2651 65 24 three

46 2693 215 28 Commissioners,
274 2691 56 24 who
339 2690 50 24 had
400 2697 34 16 no
446 2689 132 31 sympathy

44 2733 62 24 with
118 2732 42 24 the
179 2731 115 24 interests
306 2728 26 24 of
353 2728 40 24 the
405 2728 85 31 people
502 2727 28 25 of
539 2728 40 24 the

45 2773 95 30 colony,
170 2771 54 23 that
259 2768 163 26 self-reliance
445 2768 50 23 had
519 2768 59 24 been

45 2810 160 24 undermined
215 2810 12 22 ?
243 2808 60 24 Was
314 2808 21 23 it
346 2808 101 22 because
458 2806 43 23 the
513 2805 64 24 Gov-

45 2850 113 24 ernment
175 2848 49 23 had
244 2845 156 31 re-arranged
420 2845 42 23 the
474 2844 69 24 tariff
552 2844 27 24 in

44 2890 62 25 such
118 2897 15 17 a
153 2897 52 23 way
229 2895 27 16 as
276 2888 25 23 to
326 2885 53 32 give
400 2884 75 25 much
499 2885 80 31 larger

45 2931 151 30 advantages
215 2931 25 21 to
261 2928 43 24 the
327 2927 86 31 people
428 2926 29 24 .of
475 2927 42 23 the
529 2926 48 24 col-

45 2980 57 23 ony,
115 2979 26 15 or
161 2970 32 31 by
215 2969 119 30 reducing
353 2967 101 31 railway
474 2966 104 32 freights

45 3018 31 16 on
90 3010 42 24 the
149 3008 106 31 produce
274 3006 26 25 of
318 3007 42 24 the
381 3005 44 25 soil
438 3005 73 31 being
523 3007 55 22 sent

46 3046 27 22 to
82 3042 62 32 good
155 3041 114 27 markets,
294 3048 27 16 or
333 3039 103 25 because
447 3038 21 25 it
479 3038 99 25 averted

47 3085 13 14 a
73 3076 116 23 financial
200 3074 72 31 panic
284 3073 31 30 by
327 3073 33 23 its
372 3072 82 23 action
474 3071 27 23 in
513 3071 64 24 deal-

45 3110 44 30 ing
100 3109 59 23 with
182 3107 42 24 the
247 3105 72 25 Bank
339 3105 24 24 of
384 3105 59 23 New
468 3104 108 26 Zealand

45 3142 56 25 that
113 3140 160 26 self-reliance
292 3138 50 25 had
363 3138 60 24 been
436 3137 140 24 undermin-

47 3176 50 23 ed?
121 3175 26 23 If
147 3197 12 4 _
164 3174 43 24 the
228 3173 166 25 Government
414 3171 50 24 had
476 3170 101 25 allowed

47 3210 42 22 the
102 3208 70 23 Bank
184 3210 24 21 to
221 3215 30 17 so
259 3207 78 25 down,
358 3203 150 26 commercial
521 3203 55 24 ruin

48 3240 81 25 would
140 3240 63 23 have
217 3238 85 31 spread
314 3238 34 23 all
360 3245 57 16 over
428 3238 41 22 the
480 3236 95 31 colonj.

49 3273 60 24 Was
121 3273 20 22 it
157 3272 109 26 because,
290 3271 26 23 in
337 3271 63 29 spite
417 3270 27 23 of
454 3269 123 24 universal

50 3305 139 31 depression
208 3312 14 16 a
242 3303 78 25 sound
342 3302 119 24 financial
471 3302 106 31 position

49 3345 48 16 was
109 3337 151 23 maintained
281 3337 28 29 by
330 3335 59 24 New
413 3334 113 28 Zealani.l,
551 3342 25 16 as

51 3378 36 16 co.
91 3370 32 24 iid
135 3370 28 24 be
184 3368 89 32 proved
294 3370 25 22 at
339 3368 42 23 the
403 3369 104 30 present,
521 3367 56 25 time

51 3403 30 31 by
94 3404 32 23 its
139 3403 88 26 stocks,
247 3402 55 24 that
321 3401 41 24 the
379 3401 161 24 self-reliance
552 3402 26 23 of

51 3436 43 25 the
121 3436 84 31 people
233 3435 48 25 had
309 3434 60 25 been
398 3434 157 25 undermined
565 3435 11 24 ?

50 3470 60 25 Was
127 3470 20 23 it
164 3471 100 22 because
282 3468 41 25 the
344 3467 168 25 Government
532 3467 44 25 hat

48 3503 89 32 passed
156 3502 43 25 the
223 3502 112 24 Pastoral
359 3501 116 25 Tenants
498 3501 79 25 Relief

48 3537 51 23 Bill
116 3536 26 25 of
160 3536 47 23 last
226 3536 92 23 session
341 3535 55 24 that
416 3534 161 25 self-reliance

47 3570 50 24 had
118 3570 61 24 been
198 3568 158 25 undermined
365 3568 12 23 ?

1232 27 172 33 OXFORD
1450 29 223 31 OBSERVER
1719 30 238 35 SATURDAY,
1996 26 116 34 JULY
2158 25 56 35 11,
2267 22 91 29 1896.

2914 4264 105 26 Printed
3041 4266 51 25 and
3131 4266 138 26 Published
3295 4266 33 31 ly
3363 4266 85 24 Laubjl

2947 4304 83 25 Aknib
3052 4304 104 30 Pabish,
3180 4306 27 24 at
3229 4304 47 26 her
3306 4304 129 31 Register*

2946 4347 119 33 Printingr
3075 4348 97 30 Office,,
3185 4347 185 36 Higb,Btreet.
3393 4346 52 26 B

2947 4391 102 33 Oxford
3057 4392 178 33 GaDterhuirj.^
3241 4396 34 23 <_?:
3306 4402 18 15 v
3365 4407 3 16 :
3389 4395 6 22 ;

2993 4444 130 27 Satubdat
3149 4444 73 26 July.
3255 4444 41 24 11.
3320 4444 65 24 1898

2941 290 355 63 CHRISTCHURC^BrE
3300 317 77 24 WER
3380 317 32 25 Y.

3140 380 59 19 -LJILDj

3056 418 113 33 j^TL
3186 421 94 33 JES

3040 460 128 22 BREWED
3178 463 40 19 BY
3231 463 71 21 THIS
3405 460 26 22 /'

2998 499 364 39 COMPANY
3433 518 10 10 *

3097 554 82 22 FROM
3188 557 61 20 THE

2910 593 86 42 CW
3002 595 8 37 I
3017 595 115 39 CEST-
3141 598 135 43 :WAtT
3318 601 91 42 ttOf
3414 602 43 52 flj;

3020 647 45 21 Are
3074 649 173 28 acknowledged
3256 653 25 19 to
3289 653 29 21 be

2906 684 146 24 SUPERIOR
3061 688 35 22 IN
3106 689 135 23 QUALITY
3252 692 37 21 TO
3296 693 66 21 ANY
3367 690 72 24 PRO-
3461 676 1 7 '

2935 751 2 4 ,
2972 727 100 23 DUCED
3085 730 36 21 IN
3134 732 74 20 NEW
3221 733 149 22 ZEALAND.

2932 765 108 30 Supplied
3045 769 24 19 to
3073 768 80 22 Hotels
3159 770 46 20 and
3212 771 92 21 Private
3311 773 127 21 Customers

2904 792 24 21 in
2937 792 141 28 Hogsheads,
3089 796 98 26 Barrels,
3198 797 139 26 Kilderkins,
3348 800 44 21 and
3403 802 35 19 10-

2904 820 88 25 --gallons
3002 821 62 27 Eegs
3074 823 60 25 only.

2906 872 116 43 PALE
3044 874 90 42 ALE
3157 877 94 43 AND
3282 878 180 43 EXTRA*

3096 928 132 44 STOBT

2987 978 92 23 Bottled
3101 981 24 20 in
3135 981 83 25 Quarts
3228 983 47 21 and
3283 984 71 21 Pints.

2905 1115 79 53 h.
3010 1097 425 77 jVlaming

2998 1213 343 38 SADDLER

3135 1281 63 21 AND

2907 1338 287 41 HARNESS
3229 1343 206 42 MAKE.

3049 1419 71 24 Neap.
3137 1420 149 29 Saleyahds,
3445 1423 17 35 J

2918 1460 468 45 OSPOBD.
3436 1444 26 61 I

2951 1599 75 39 Or.
3080 1601 309 51 SIOTH,
3429 1565 33 78 1

2903 1678 85 43 ZINC,
3012 1679 68 38 TIN,
3116 1677 64 37 AND
3203 1679 108 37 SHEET
3332 1680 101 37 STEEL
3452 1644 10 73 I

3104 1745 138 22 WORKER
3452 1724 10 43 I

2936 1783 87 41 High
3047 1783 109 39 Street,
3179 1784 80 31 East
3281 1785 124 30 Oxford.
3422 1767 40 49 A

2903 1892 41 25 All
2954 1893 72 24 kinds
3038 1893 28 24 of
3079 1895 96 29 Pumps
3186 1895 76 23 Fixed
3274 1896 23 22 &
3313 1883 149 50 Bed^H

3017 1948 26 22 at
3054 1947 44 24 the
3111 1947 108 24 shortest
3229 1948 91 23 notice.
3329 1938 133 47 j^^Bj^m

2903 2252 186 38 yicToiiiA

2984 2313 68 24 Take
3069 2313 41 24 the
3125 2313 57 24 lead
3199 2304 263 33 onceaW^^^^^F

2904 2356 65 38 Our
2977 2356 245 50 Photographs
3228 2356 113 38 allthe
3348 2367 85 39 rage

2904 2409 17 30 fl
2931 2410 30 29 S%
2987 2408 22 19 ^
3016 2414 41 14 our
3064 2408 52 19 we^
3137 2414 63 13 Ilown
3210 2408 82 25 nighly
3307 2410 56 17 <A
3388 2408 7 19 /
3402 2410 29 28 tf^

2909 2427 12 28 I
2931 2441 30 14 m
2965 2434 101 21 finished
3081 2434 223 21 namelledCabinets
3312 2427 12 41 |
3333 2434 32 27 IB
3376 2427 13 41 /
3401 2436 31 32 f|

2904 2548 16 37 1
2932 2547 102 38 dozen
3055 2548 202 39 Enamelled
3274 2548 162 39 Cabinets

2903 2599 96 39 with
3010 2610 60 28 one
3078 2600 211 39 15zl21tatt
3299 2600 136 39 surface

2904 2650 269 51 Enlargement
3217 2649 223 41 Beautifullv

2986 2766 5 4 .
3011 2728 147 40 Framed
3179 2728 52 39 for
3253 2729 62 38 1.

2904 2779 61 24 This
2976 2779 21 24 is
3008 2786 33 16 no
3052 2779 80 24 sham,
3145 2777 45 24 but
3201 2785 15 16 a
3228 2777 51 24 real
3291 2777 46 31 gift
3348 2777 37 26 fpr
3394 2777 43 24 the

2904 2817 98 31 coming
3021 2816 120 31 holidays.
3182 2815 46 23 All
3248 2815 66 24 work
3330 2815 68 24 done,
3405 2814 32 31 by

2905 2853 158 33 experienced
3225 2852 148 24 Eemember
3393 2860 45 16 our

2921 2893 153 28 Concession,
3084 2893 31 23 18
3127 2893 26 23 to
3164 2891 43 25 the
3214 2891 79 25 dozen
3304 2890 38 26 for
3352 2891 67 32 10/6.

2905 2934 60 25 This
2982 2933 44 26 the
3044 2934 57 31 only
3115 2933 61 25 time
3191 2932 26 24 in
3235 2932 44 25 the
3299 2932 103 32 History
3414 2931 26 25 of

2905 2972 176 32 Photography
3092 2972 56 23 that
3165 2971 62 24 such
3244 2979 15 15 a
3282 2971 91 24 chance
3391 2971 53 29 has^

2905 3019 56 17 ever
2981 3011 59 25 bsen
3059 3010 104 31 brought
3182 3009 82 25 before
3283 3010 44 24 the
3346 3010 89 30 public,

2906 3052 50 24 and
2965 3060 58 23 may
3034 3059 74 17 never
3123 3059 72 16 occur
3217 3051 82 30 again.
3320 3050 38 24 Sit
3369 3051 67 30 early

2906 3093 182 30 appointments
3101 3090 88 25 should
3200 3090 30 24 be
3241 3090 74 24 made
3332 3090 21 23 if
3370 3097 68 23 poss-

2906 3142 47 25 ble.
2977 3139 197 26 REMEMBER
3195 3139 69 24 OUR
3280 3138 62 25 BIG
3359 3122 89 41 CON-'

2906 3182 146 26 CESSION
3064 3180 67 25 FOR
3146 3181 15 22 2
3173 3179 143 25 MONTHS
3337 3179 98 24 ONLY.

2906 3255 97 25 Letters
3014 3254 33 32 by
3057 3255 56 30 post
3123 3252 146 33 punctually
3282 3252 118 24 attended
3411 3260 25 16 to
3449 3273 13 16 /

2921 3315 221 28 PICTURE
3190 3313 234 27 FRAMING

3055 3350 25 19 in
3090 3349 32 20 all
3130 3349 31 19 its
3170 3348 120 21 branches.

2908 3382 163 26 BURRELL
3088 3381 106 29 BROS,,
3215 3379 216 33 Photographers,.
3450 3382 12 37 |

3034 3422 110 26 Victoria
3155 3424 85 26 street,
3253 3419 183 26 Christchurch.

2919 3468 96 31 ppositp
3027 3468 43 24 the
3081 3466 129 26 Salvation
3223 3466 76 31 Army
3311 3465 63 24 Barr
3383 3463 57 25 acks

2935 3701 26 19 A.
2975 3700 84 19 Flesher
3069 3699 18 26 ].
3309 3697 37 28 [F.
3359 3696 77 20 Fuller.

2923 3748 205 41 FIESBBt
3148 3748 70 41 and
3240 3746 184 52 mip.

3087 3807 181 25 SOLICITOES,

2949 3847 14 20 9
2973 3845 122 22 Cathedral
3106 3845 92 26 Square,
3214 3846 188 21 Chbistchtjbch.

2911 3880 116 27 (Between
3035 3880 111 21 Morten's
3154 3880 117 26 buildings
3282 3880 17 20 &
3309 3879 55 20 Post
3370 3878 71 20 Office.

2951 3957 188 58 Money
3167 3959 54 44 to
3257 3955 141 47 Lend

2910 4033 17 14 n
2944 4026 35 21 all
2987 4026 59 21 kind
3056 4026 24 21 of
3090 4026 113 27 Security,
3212 4026 26 21 at
3256 4026 57 21 L6w
3327 4026 78 20 Rates
3423 4023 24 22 of

2939 4071 107 21 Interest.
3076 4069 89 28 Special
3177 4071 78 21 Terms
3264 4070 36 20 for

2406 163 423 51 EUCALYPTUS

2404 262 59 22 THE
2478 263 73 21 BEST
2565 264 87 22 HOME
2669 265 140 23 KEMEDIE

2462 302 35 13 are
2513 296 35 19 the
2558 298 134 24 preparation
2702 298 25 21 of
2735 298 35 21 the

2347 331 169 22 TASMANIAN
2535 333 185 24 EUCALYPTUS
2734 336 47 21 OIL
2796 336 80 22 COMP.

2375 370 136 27 Universally
2520 371 103 21 admitted
2633 372 35 22 the
2677 373 78 26 BEST,
2767 374 113 21 PUREST

2347 407 43 21 and
2400 411 57 16 most
2467 409 93 20 effective
2571 409 140 28 Eucalyptus-
2725 411 104 21 Globulus
2846 412 34 21 Oil

2346 440 34 18 for
2400 439 170 26 INFLUENZA,
2591 441 90 27 Coughs,
2702 438 63 27 Cold's
2790 444 43 20 and
2850 445 28 20 all

2347 470 65 20 Chest
2428 471 43 19 and
2479 471 63 26 Lung
2558 473 116 21 affections,
2683 475 77 26 speedy
2768 475 60 21 relief
2837 475 43 21 and

2347 502 55 20 Cure
2420 503 33 19 for
2469 503 155 26 Rheumatism,
2645 507 121 26 Neuralgia,
2781 508 99 26 Sprains-

2346 529 71 21 Burns
2437 531 34 19 &c.

2373 562 131 27 Eucalyptus
2523 565 102 21 Globulus
2644 567 91 22 Extract
2744 569 89 25 sprayed
2847 569 32 21 in-

2346 594 62 22 haled
2424 596 42 20 and
2481 597 65 21 taken
2555 598 116 28 internally
2688 601 33 19 for
2735 601 37 20 the
2789 601 87 27 Throat,

2346 632 97 27 Catarrh,
2459 634 59 26 Hay,
2542 635 97 26 Typhoid
2655 638 42 20 and
2712 639 81 20 Scarlet
2803 640 75 20 Fevers

2347 665 128 22 MEASLES
2486 667 36 20 the
2527 669 55 19 most
2592 668 135 28 satisfactory
2737 672 141 24 preventative

2346 697 43 20 and
2403 698 60 21 Cure.
2491 700 55 21 Send
2560 700 50 21 Post
2626 701 55 21 Card
2692 704 21 19 to
2723 703 37 21 the
2769 703 63 21 Office
2845 705 33 20 for

2346 728 95 22 Circular
2454 731 119 27 describing
2592 734 121 21 treatment.
2740 736 137 26 Eucalyptus,

2345 762 110 24 Ointment
2466 766 35 21 the
2511 766 69 26 Magic
2589 768 79 21 Healer
2681 769 23 20 of
2718 770 69 23 Sores,
2800 771 77 24 Burns,

2346 794 101 27 Wounds,
2463 797 59 21 Boils
2540 800 44 22 &c,
2608 799 133 27 Eucalyptus
2760 802 57 26 Soap
2831 802 42 21 Fra

2344 829 62 22 grant
2417 828 42 20 and
2467 830 124 26 refreshing.
2615 832 132 26 Eucalyptus
2756 834 89 25 Jujubes
2854 841 24 13 or

2344 857 101 22 Pastilles
2455 860 33 21 for
2497 861 36 20 the
2559 862 79 22 Throat
2648 864 44 20 and
2700 864 64 21 Voice
2780 871 28 14 an
2822 866 54 20 anti-

2346 890 66 25 septic
2422 891 42 21 and
2474 893 120 21 stimulant.

2345 923 124 28 Veterinary
2486 927 35 21 Oil
2530 928 43 20 and
2583 929 111 21 Ointment
2703 931 33 19 for
2746 931 36 21 the
2791 932 85 21 stables.

2372 959 29 20 Be
2410 966 49 14 sure
2468 968 43 18 you
2520 962 107 21 Purchase
2641 964 39 21 the
2691 965 103 25 Platypus
2810 966 67 20 brand

2344 990 50 25 only
2404 992 22 19 of
2433 992 29 19 all
2471 993 113 26 Chemists,
2589 995 88 21 Grocers
2683 996 43 20 and
2733 996 143 27 Storekeepers

2345 1021 42 21 and
2401 1024 22 19 at
2438 1023 35 21 the
2484 1025 63 21 Office
2557 1027 12 20 9
2579 1027 113 21 Cathedral
2702 1034 75 19 square
2786 1029 90 21 between

2344 1053 100 22 Morten's
2457 1056 113 28 Buildings
2577 1060 42 19 and
2630 1059 36 21 the
2675 1060 51 21 Post
2736 1060 70 22 Office.

2507 1092 87 21 Oxford
2605 1094 79 26 Agent

2398 1124 26 22 R.
2434 1125 30 22 H.
2478 1127 118 28 PARISH,
2619 1129 76 22 EAST
2709 1131 118 22 OXFORD

2424 1164 140 28 Eucalyptus
2574 1167 37 20 Oil
2625 1168 30 27 1/-
2668 1176 41 19 per
2718 1169 76 22 bottle.

2366 1282 116 44 HELP
2497 1285 82 43 FOB
2596 1287 85 43 THE
2705 1289 146 45 WEAK.

2344 1392 177 33 YfEKVOUS
2542 1395 70 25 AND
2630 1396 243 34 DEBILITATED,

2345 1422 30 26 ll
2402 1425 62 28 who,
2478 1427 108 31 through
2597 1429 60 31 lolly
2675 1432 49 23 and
2734 1433 139 29 ignorance,

2344 1456 63 24 have
2420 1457 79 24 trifled
2510 1467 72 24 away,
2589 1461 62 24 their
2662 1463 84 31 vigour
2766 1465 27 23 of
2801 1465 72 32 body,

2345 1489 76 29 mind,
2435 1491 49 24 and
2495 1493 133 30 manhood,
2641 1497 100 31 causing
2758 1498 115 26 exhaust-

2344 1523 44 32 ing
2405 1523 82 26 drains
2499 1533 65 24 upon
2575 1526 44 26 the
2641 1528 126 28 fountains
2787 1532 26 25 of
2823 1531 49 32 life,

2346 1556 62 24 Loss
2416 1557 25 23 of
2451 1557 100 33 Energy
2560 1560 48 23 and
2618 1562 124 32 Strength,
2756 1564 117 33 Timidity

2346 1588 161 27 Bashfulness
2540 1592 28 24 in
2603 1593 105 35 Society,
2732 1597 139 32 Headache,

2346 1622 133 32 Backache,
2499 1624 175 34 Nervousness,
2698 1630 133 27 Weakness
2849 1633 27 25 of

2347 1656 118 32 Memory,
2477 1658 109 26 Restless
2597 1660 79 33 Sleep,
2687 1663 113 30 Dreams,
2810 1666 63 24 Loss

2347 1688 74 24 Flesh
2433 1690 50 22 and
2494 1690 67 25 Vital
2580 1693 91 29 Power,
2694 1696 135 31 Eruptions
2841 1706 32 16 on

2337 1730 2 26 I
2346 1720 43 25 the
2398 1721 62 24 Face
2471 1723 50 24 and
2531 1723 77 33 Body,
2622 1726 75 26 Want
2720 1729 27 23 of
2754 1730 119 33 Develop-

2346 1756 78 27 ment,
2444 1754 115 28 Varicose
2573 1757 83 32 Veins,
2679 1761 141 34 Incapacity
2837 1764 37 25 for

2337 1791 2 38 |
2346 1787 111 26 business
2468 1797 28 17 or
2506 1790 119 32 pleasure,
2638 1792 104 35 Urinary
2751 1796 122 32 Diseases,

2347 1821 49 24 and
2414 1821 34 25 all
2471 1822 42 25 the
2536 1824 83 25 effects
2641 1826 98 34 leading
2760 1832 26 22 to
2808 1832 75 30 early

2337 1860 2 22 I
2347 1853 83 32 decay,
2453 1856 106 31 perhaps
2579 1858 180 33 Consumption
2783 1870 28 17 or
2832 1864 42 24 In-

2337 1884 2 35 |
2347 1887 89 30 sanity,
2449 1895 46 17 can
2520 1889 28 24 be
2560 1891 113 26 ootained
2685 1893 31 31 by
2735 1895 140 33 consulting

2337 1921 2 32 |
2346 1921 137 31 personally
2500 1930 29 16 or
2536 1922 31 32 by
2578 1926 63 28 post,
2676 1926 91 25 FREE
2777 1928 96 26 PROF.

2347 1952 175 32 NOTMANN,
2552 1956 199 33 M.E..E.M.G.,
2803 1961 71 24 Cam-

2347 1984 84 32 bridge
2443 1985 108 32 Terrace,
2575 1991 110 29 opposite
2709 1992 115 26 Colombo
2837 1994 36 24 St.

2347 2017 98 33 Bridge,
2475 2019 186 30 Christchurch.
2723 2025 52 26 The
2817 2027 58 31 only

2347 2051 224 29 Electrobotanical
2599 2057 95 33 Expert
2727 2060 149 33 advertising

2337 2085 2 43 j
2346 2084 54 25 who
2412 2086 50 24 will
2474 2090 134 27 guarantee
2625 2098 15 16 a
2657 2092 123 32 thorough
2808 2102 66 16 cure.

2349 2117 57 25 Sole
2420 2121 134 28 proprieior
2582 2123 49 24 and
2647 2126 113 28 patentee
2788 2126 27 24 of
2833 2127 42 24 the

2347 2150 58 32 only
2427 2154 148 28 guaranteed
2596 2154 109 28 Electric
2727 2158 70 26 Belts
2827 2160 49 24 and

2347 2182 71 26 other
2429 2185 89 31 special
2540 2188 125 27 electrical
2687 2191 139 32 appliances
2848 2194 27 24 in

2347 2217 42 24 the
2398 2217 113 27 colonies.
2545 2220 98 27 Ladies'
2655 2224 95 25 French
2761 2225 113 26 herbace-

2348 2258 43 16 ous
2401 2251 58 30 pills
2478 2251 38 25 for
2544 2253 174 32 irregularities
2739 2258 64 25 from
2826 2267 49 24 any

2347 2290 80 22 cause,
2452 2285 42 23 10s
2516 2287 93 28 posted.
2643 2288 143 33 Pamphlets
2814 2292 59 24 free.

2347 2315 167 27 Testimonial:
2550 2319 97 31 Napier,
2657 2321 96 32 August
2760 2324 45 25 7th
2810 2326 63 23 1895

2347 2347 65 24 Prof.
2422 2348 131 25 Notmann.
2587 2352 67 25 Dear
2664 2354 81 30 Sir,
2746 2355 13 23 l
2768 2357 106 23 received

2347 2387 59 23 your
2412 2380 73 26 letter
2493 2383 48 24 iast
2553 2384 74 29 week,
2646 2387 49 23 and
2706 2387 14 25 I
2736 2396 40 16 am
2785 2389 89 24 thank-

2347 2412 37 24 ful
2405 2416 26 22 to
2453 2413 53 26 find
2528 2424 48 23 you
2588 2425 41 17 are
2640 2420 102 25 anxious
2760 2422 26 24 to
2806 2422 68 24 know

2347 2445 43 26 the
2401 2445 105 28 benefits
2523 2449 14 24 I
2547 2450 63 26 have
2621 2452 98 26 derived
2737 2453 61 26 from
2815 2464 60 23 your

2347 2481 140 24 treatment,
2524 2483 46 28 bir,
2598 2485 21 24 it
2646 2486 66 31 gives
2739 2495 41 17 me
2807 2492 68 27 great

2346 2511 113 31 pleasure
2471 2516 25 23 to
2507 2514 90 26 inform
2608 2525 48 23 you
2666 2519 54 25 that
2729 2528 15 16 a
2755 2523 119 28 complete

2347 2545 50 23 and
2407 2546 92 29 perfect
2510 2555 57 17 cure
2577 2549 47 24 has
2643 2550 61 25 been
2726 2552 101 25 effected
2850 2555 25 22 of

2347 2577 43 25 the
2401 2579 115 26 maladies
2527 2580 14 25 I
2559 2584 155 30 complained
2733 2586 25 24 of
2770 2588 26 23 to
2817 2596 56 23 you.

2347 2611 13 23 I
2372 2619 40 17 am
2425 2613 112 33 enjoying
2547 2616 63 30 good
2627 2617 91 31 health,
2732 2621 47 22 and
2789 2628 42 17 am
2839 2629 35 16 re-

2347 2645 82 24 stored
2448 2648 25 23 to
2493 2648 85 32 manly
2600 2650 93 31 vigour.
2727 2653 58 24 P.S.
2820 2653 56 32 Any

2347 2678 101 25 sufferer
2456 2679 109 27 desirous
2573 2682 27 24 of
2603 2686 208 32 communicating
2815 2687 61 24 with

2347 2718 39 17 me
2394 2719 49 23 you
2455 2721 41 16 are
2508 2716 26 23 at
2550 2714 88 34 liberty
2660 2719 26 23 to
2705 2719 55 31 give
2780 2727 42 24 my
2834 2721 40 23 ad-

2347 2745 74 29 dress,
2434 2745 37 25 for
2481 2746 14 24 I
2511 2747 48 25 like
2570 2756 59 23 your
2645 2753 116 28 practical
2775 2753 101 25 method

2347 2777 25 24 of
2382 2779 141 24 treatment.
2559 2780 28 25 T.
2602 2781 27 25 C.
2643 2784 115 24 Simpson.

2405 2858 54 46 T.
2521 2859 298 51 PICKARD

2375 2950 75 22 BOOT
2463 2952 63 20 AND
2546 2953 76 21 SHOE
2640 2954 114 26 MAKER,
2774 2957 74 21 EAST

2546 2996 121 22 OXFXRD

2345 3045 105 57 BEGS
2467 3048 26 23 to
2516 3047 90 26 inform
2626 3049 43 25 the
2686 3052 155 26 inhabitants
2854 3055 25 24 of

2401 3078 92 25 Oxford
2514 3081 49 23 and
2582 3084 166 32 surrounding
2768 3086 108 26 districts

2346 3118 56 25 that
2422 3119 33 25 he
2475 3120 46 26 has
2533 3123 90 24 started
2635 3123 112 28 business
2758 3128 28 24 in
2807 3128 69 32 High

2346 3163 38 28 St,
2412 3172 27 15 as
2456 3172 16 16 a
2490 3165 56 25 boot
2565 3167 48 24 and
2634 3168 58 26 shoe
2714 3171 93 30 maker,
2826 3174 50 24 and

2346 3203 92 25 solicits
2450 3212 15 16 a
2478 3205 71 25 share
2561 3207 26 24 of
2605 3207 66 26 their
2680 3212 135 31 patronage
2826 3214 47 23 and

2346 3250 107 28 support.
2489 3248 76 26 Boots
2587 3251 49 25 and
2659 3252 72 26 shoes
2754 3255 73 26 made
2848 3258 26 23 to

2344 3290 78 30 order,
2446 3291 175 27 handstitched
2641 3303 15 17 a
2676 3298 136 33 speciality.

2347 3466 146 22 WORKING
2514 3469 173 29 JEWELLER,
2697 3473 141 24 OPTICIAJS
2832 3476 10 11 T
2843 3477 39 25 ,&c

2415 3520 79 39 MAIN
2526 3520 137 50 STREET,
2681 3526 126 39 OXFORD

2401 3592 149 58 W,H,
2572 3595 248 48 ALFORD

2343 3675 258 31 JEWELLERY
2612 3681 33 25 of
2649 3688 94 26 every
2751 3684 128 32 descrip-

2344 3721 65 25 tion
2424 3723 89 24 made
2529 3725 32 23 to
2579 3725 97 31 order,
2700 3729 125 30 altered,
2845 3735 35 18 or

2520 3766 160 32 Repaired.

2361 3842 479 52 'ICTIIO-f-MT

2552 3899 88 35 and

2347 3948 213 44 QUIIDINQ
2585 3951 132 44 WOK
2743 3954 137 43 MM%,

2361 4028 91 32 Pipes
2469 4030 147 27 Mounted
2641 4030 60 29 arid
2717 4035 151 31 Repaired

2346 4068 67 21 OLD
2423 4069 91 21 GOLD
2535 4071 196 25 ANDSILVER
2744 4075 140 22 BOUGHT

2378 4097 164 39 Spe'cticles
2558 4109 33 23 to
2613 4110 59 24 suit
2685 4111 48 28 all,
2745 4111 103 30 sights*

2407 4160 71 30 W.
2506 4159 51 41 H,
2590 4156 228 42 ALFOHft

2502 4210 75 27 East
2598 4212 126 28 Oxford.

2363 4279 262 47 WALTER
2685 4284 179 48 RYDE.

2451 4372 116 21 TIMBER
2593 4374 175 26 MERCHANT.

2426 4441 118 33 WEST
2617 4445 170 33 OXFOKD

1300 172 117 89 E.
1483 175 132 86 H.
1674 169 513 94 PARISH

1445 312 196 58 EAST
1686 312 328 61 OXFORD

1658 396 42 18 .
1859 411 4 2 .

1253 455 107 34 was
1380 445 89 44 the
1490 448 194 55 largest
1704 448 280 54 purchaser
2002 447 55 43 in
2076 443 170 46 North

1514 518 317 59 Canterbury
1865 521 56 43 of

1213 591 128 89 EL
1412 595 457 89 OLNEY
1912 600 80 83 &
2046 595 230 98 Cos.,

1166 730 292 47 Wholesale
1482 733 144 45 stock
1649 735 56 43 of
1726 734 242 55 Drapery,
1996 732 237 56 securing
2266 732 52 43 at

1168 815 271 30 enormous
1453 803 468 54 coneessions,from
1938 803 183 44 landed
2138 804 110 42 cost
2262 804 54 44 iu

1222 889 139 33 some
1384 881 57 42 of
1454 881 88 43 the
1558 884 135 43 most
1712 884 284 54 important
2018 883 234 51 sections,

1519 960 282 57 consisting
1832 963 110 43 of

1171 1029 500 93 Costumes
1740 1039 302 86 worth
2121 1038 189 85 40s.

1476 1169 155 89 for
1714 1174 112 85 5s
1890 1173 127 87 6d

1170 1305 347 90 Ladies
1559 1311 312 89 Black
1911 1314 404 90 Jackets

1205 1450 150 86 for
1397 1452 112 85 3s
1551 1453 128 87 9d
1754 1459 307 87 worth
2103 1465 164 86 20s

1170 1589 609 113 Trimmings
1846 1597 82 85 &
1973 1598 345 90 Braids

1477 1725 213 89 half
1725 1730 280 110 price.

1349 1895 336 46 ENORMOUS
1745 1898 387 52 SEDUCTIONS

1289 2108 452 87 Reduced
1784 2116 102 82 to
1940 2116 102 85 Is
2086 2118 162 87 6d.

1531 2241 39 29 36
1592 2244 33 27 to
1646 2242 39 29 45
1698 2242 104 31 inches
1823 2245 85 40 deep.

1211 2318 427 88 Buttons
1661 2323 119 84 Id
1834 2353 172 80 per
2046 2332 235 84 card

1807 2448 168 16 MMM

1170 2501 80 24 rrHE
1269 2501 115 31 question
1394 2500 22 24 is
1427 2499 99 24 natural
1584 2499 67 31 Why
1662 2500 61 24 send
1737 2502 26 23 to
1775 2501 177 26 Christchurch
1972 2502 38 25 for
2026 2512 62 23 your
2105 2505 109 34 Drapery
2222 2509 12 23 ?
2268 2509 51 25 The

1175 2525 21 33 1
1234 2534 102 31 drapery
1348 2533 53 25 sold
1410 2533 25 23 in
1444 2532 56 24 that
1512 2532 49 31 city
1573 2540 72 23 every
1656 2541 46 16 one
1714 2533 94 30 knows,
1820 2534 23 24 is
1854 2536 44 23 not
1909 2535 71 25 made
1992 2536 75 29 there,
2087 2537 45 26 but
2142 2539 129 32 imported.
2306 2543 14 24 I

1170 2568 93 31 import
1274 2567 65 24 from
1350 2566 44 25 the
1405 2565 53 25 best
1470 2565 106 31 English
1587 2565 51 24 and
1655 2565 87 26 Scotch
1754 2566 99 25 houses.
1899 2568 71 25 lam
1982 2569 103 26 enabled
2095 2572 26 24 to
2133 2574 121 29 purchase
2271 2574 48 27 low

1170 2602 50 24 and
1229 2601 46 25 sell
1286 2602 26 23 at
1321 2608 16 16 a
1347 2602 54 22 rate
1413 2599 26 23 of
1447 2598 74 32 profit
1534 2599 52 32 (my
1598 2607 118 22 expences
1727 2600 72 32 being
1812 2601 82 32 small)
1906 2602 57 27 that
1973 2603 82 25 would
2066 2603 30 26 be
2114 2607 143 26 considered
2277 2609 41 25 ab-

1170 2635 58 25 surd
1239 2635 32 30 by
1288 2642 47 23 any
1356 2632 177 26 Christchurch
1556 2632 198 25 establishment.
1807 2633 45 33 My
1873 2634 76 26 Stock
1967 2635 21 25 is
2007 2636 43 25 the
2069 2637 94 33 largest
2181 2641 50 24 and
2252 2644 67 24 most

1169 2668 95 26 tvaried
1274 2668 57 24 that
1340 2667 45 24 has
1397 2674 56 16 ever
1464 2666 62 24 been
1537 2665 87 25 shown
1634 2665 27 25 in
1672 2666 44 24 the
1726 2666 103 31 district,
1843 2668 49 24 and
1903 2668 38 24 for
1951 2669 92 32 quality
2062 2672 49 24 and
2130 2673 71 25 value
2219 2677 58 29 puts
2292 2676 27 25 in

1170 2703 29 24 he
1212 2702 77 24 shade
1306 2700 76 33 goods
1394 2699 90 25 offered
1496 2698 33 32 by
1540 2699 103 31 visiting
1653 2699 117 26 hawkere
1781 2701 62 24 from
1855 2701 44 24 the
1916 2701 180 28 Christchurch
2108 2713 45 24 rag
2165 2709 87 23 marts.

1202 2756 93 25 Dress
1308 2755 163 29 Materials,
1484 2753 87 25 Plain
1583 2754 60 24 and
1652 2753 104 31 Fancy
1767 2755 79 24 from
1860 2755 49 24 3d.
1921 2761 55 25 per
1984 2758 83 28 yard.

1202 2815 27 24 A
1246 2814 109 29 Strong
1371 2813 87 25 Stout
1474 2812 132 24 Durable
1624 2811 125 32 Kaiapoi
1765 2812 113 25 Tweed
1894 2813 51 32 2/6
1957 2820 54 24 per
2022 2816 75 29 yard

1796 2855 106 25 Makes
1914 2856 154 26 flrst-class
2085 2857 90 33 Boys'
2194 2859 89 28 Suits,

1202 2909 56 25 Art
1276 2908 138 29 Muslins,
1433 2904 155 33 Cretones,
1607 2905 79 26 Lace
1704 2906 139 26 Curtains
1861 2906 53 26 &c.

1202 2984 25 25 A
1245 2977 109 26 Choice
1372 2976 166 25 Collection
1556 2976 33 24 of
1603 2975 120 32 Gloves,
1749 2976 78 31 Ties,
1857 2976 127 32 Aprons,
2014 2977 165 28 Insertions
2197 2980 53 25 &c.

1203 3028 119 31 Striped
1340 3027 122 26 Galatea
1479 3026 54 33 4/6
1544 3033 55 24 per
1610 3027 106 31 dozen,
1745 3028 102 24 worth
1858 3028 49 25 9d.
1925 3034 55 25 per
1996 3029 83 30 yard.

1202 3089 102 25 Prints
1316 3089 78 24 from
1406 3088 52 24 4d.
1471 3093 54 25 per
1536 3088 84 30 yard.
1633 3087 138 31 Muslins,
1784 3087 138 31 Selesias,
1935 3087 125 33 Calicos,
2075 3088 54 27 &c.

1784 3130 86 26 With
1886 3131 87 25 other
1991 3131 191 27 Manchester
2198 3136 86 31 lines.

1201 3186 88 30 Hats,
1307 3185 103 30 Fancy
1427 3184 59 24 and
1503 3183 106 32 Sailor,
1627 3184 31 24 in
1674 3183 104 26 White
1796 3184 59 24 and
1872 3183 114 26 Colors.

1741 3227 124 25 Newest
1883 3227 122 32 Shapes.
2039 3228 96 31 Large
2152 3230 130 34 Variety,

1200 3280 148 30 Flowers,
1366 3279 153 31 Feathers,
1538 3278 147 32 Ribbons,
1704 3277 104 33 Laces,
1827 3277 75 33 Jets,
1921 3278 54 25 &c.

1669 3318 87 26 With
1772 3320 41 23 all
1829 3320 183 24 necessaries
2029 3319 47 25 for
2092 3318 191 33 Trimmings.

1199 3369 103 31 Fancy
1318 3368 139 30 Frillings
1476 3369 76 30 3yds
1564 3369 46 24 for
1620 3368 36 33 1/-
1673 3368 102 25 worth
1786 3367 50 32 9d,
1854 3372 54 27 per
1919 3368 82 31 yard,

1731 3411 181 32 Umbrellas,
1931 3412 150 32 Parasols,
2100 3412 181 34 Sunshades,

1484 3496 242 44 DOUBLE
1787 3494 211 45 WIDTH

1172 3577 292 85 Dress
1539 3574 395 85 Tweeds
2015 3576 102 85 Is
2184 3578 130 85 4d

1469 3710 329 88 worth
1868 3712 133 86 2s.

1250 3839 182 86 Cos
1549 3864 158 57 me
1765 3836 290 86 Cloth
2132 3842 126 83 Is.

1403 3959 316 89 worth
1765 3964 108 83 Is
1932 3963 153 86 4d.

1169 4182 133 42 English
1316 4183 128 40 Witney
1452 4182 148 31 Blankets
1614 4186 33 27 to
1664 4184 36 30 be
1714 4183 68 30 sold
1796 4187 33 25 at
1838 4183 59 30 less
1905 4183 78 30 than
1996 4182 180 32 Melbourne
2189 4184 129 31 Whole-

1170 4236 64 30 sale
1257 4235 85 41 price
1384 4234 121 33 Double
1519 4235 70 30 Bed
1604 4235 69 32 Size
1696 4235 65 31 12s.
1786 4234 49 31 6d.
1887 4235 100 31 worth
2004 4236 65 30 16s.
2107 4235 49 31 6d.
2178 4246 56 31 per
2247 4237 70 42 pair

1335 4276 130 41 cheaper
1478 4277 77 30 than
1570 4277 224 30 Ohristchurch
1807 4277 112 30 houses
1934 4277 65 31 will
2012 4272 58 35 sell
2083 4277 95 31 them.

1211 4387 73 34 R.
1312 4387 78 34 M.
1427 4387 311 45 PARISH:,
1798 4388 153 34 East
1999 4387 255 35 Oxford.

604 452 250 47 JOSEPH
898 454 238 45 LOUGH.

748 531 245 24 UNDERTAKER.

717 574 107 31 EAST
850 574 183 31 OXFORD.

638 626 101 30 Having
747 626 51 31 just
807 626 123 31 imported
939 626 63 25 from
1010 625 126 32 England,

603 677 55 16 new
681 668 116 31 Designs,
832 677 53 16 new
915 669 149 31 Trimmings
1088 668 49 24 and

604 712 88 30 Robes,
704 713 22 23 is
735 712 117 32 prepared
864 715 26 23 to
899 713 106 25 conduct
1015 712 122 24 Funerals

604 752 96 30 Adults,
720 755 25 22 at
758 753 45 24 5.
818 753 48 25 and
879 753 122 32 upwards,
1026 752 111 33 polished

603 797 81 27 coffin,
708 796 48 25 and
788 796 192 25 silvermounted
1003 796 134 24 Furniture

603 840 77 24 From
693 839 46 24 8.
758 839 130 31 according
900 841 25 22 to
948 839 115 31 Designs.
1099 839 38 24 No

603 885 70 22 extra
685 883 86 30 charge
784 883 37 24 for
834 882 95 25 Hearse
953 890 27 17 or
999 889 64 24 open
1079 882 56 24 Car-

602 927 75 31 riage.

635 971 32 22 N.
697 969 30 24 B.
758 969 91 24 Coffins
872 969 58 31 kept
952 970 27 23 in
1009 969 69 24 stock
1100 969 37 24 for

603 1014 87 30 urgent
711 1020 75 16 cases.

624 1166 219 22 O2c:fo:h.:d

705 1211 212 29 Established
942 1211 79 28 1862

650 1277 124 28 FLOUR,
786 1277 55 24 best
852 1277 80 24 brand
943 1276 59 32 only
1014 1275 66 31 kept.

603 1320 142 30 SHARPS,
781 1320 205 29 OATMEAL,
1022 1319 109 25 BRAN

692 1365 290 27 CHICKENWHEAT,
1001 1365 42 23 &c.

628 1409 40 19 AT
695 1407 122 21 LOWEST
846 1407 140 21 CURRENT
1014 1406 104 24 RATES,

691 1518 52 44 F.
775 1516 50 46 B.
847 1515 188 56 LANE.

708 1592 90 40 (Late
812 1591 39 31 E.
871 1591 159 40 Butcher.)

604 1653 250 34 Watchmaker,
883 1652 183 34 Jeweller,
1083 1651 51 30 &c.

603 1703 122 31 Importer
760 1702 26 24 of
826 1701 106 25 Musical
967 1701 170 23 Instruments

702 1740 111 25 Victoria
835 1739 37 26 St.
902 1738 134 33 Rangiora.

606 1820 99 33 Special
715 1820 71 24 value
809 1819 27 24 in
858 1819 80 24 Extra
961 1820 86 29 strong
1059 1816 79 26 Cased

604 1864 88 32 highly
700 1863 108 25 finished
822 1862 108 31 English
948 1862 80 24 Lever
1036 1860 102 25 Watch-

605 1916 34 17 es.
685 1905 190 26 Manufactured
893 1907 26 22 to
941 1913 43 22 my
1012 1904 71 25 order
1105 1903 33 31 by

605 1948 54 24 best
671 1947 104 23 London
794 1945 106 24 makers.
935 1943 157 32 Unequalled
1100 1943 38 24 for

605 1989 122 26 excellent
741 1987 177 32 Timekeeping
933 1987 50 24 and
994 1985 143 32 durability.

638 2035 29 24 F.
685 2033 31 25 B.
729 2032 95 25 LANE
838 2030 138 34 personally
998 2030 71 26 visits
1090 2029 47 25 Ox-

606 2079 53 24 ford
680 2077 123 31 monthly,
828 2076 113 31 carrying
962 2083 14 16 a
998 2075 68 30 large
1089 2074 50 24 and

605 2121 85 24 choice
725 2119 69 25 stock
822 2119 28 25 of
881 2118 126 27 Watches,
1036 2117 101 28 Chains,

606 2163 133 28 Brooches,
750 2162 86 32 Rings,
849 2161 84 29 Studs,
951 2161 128 24 Pendants
1092 2161 46 28 etc,

608 2208 141 32 Spectacles
770 2205 123 34 (Pebbles,
910 2205 168 31 Pantoscopsc
1090 2203 50 26 and

607 2251 108 32 Crystal)
729 2249 95 29 Clocks,
844 2249 107 33 (Marble
971 2248 50 24 and
1039 2248 100 31 Wood,)

706 2293 156 24 Accordeons
874 2292 49 24 and
934 2291 106 24 Violins.

641 2337 81 24 Exact
734 2336 57 23 date
803 2335 26 23 of
840 2335 61 24 each
912 2335 59 22 visit
993 2334 23 23 is
1027 2333 105 23 notified

597 2379 2 21 I
755 2378 27 24 in

607 2424 114 24 Repairs.
757 2422 41 24 All
809 2422 93 31 repairs
920 2428 42 16 are
979 2418 118 26 executed
1108 2418 31 31 by

607 2467 93 33 myself-
718 2475 28 16 or
762 2465 80 26 under
857 2473 43 23 my
920 2463 221 33 superintendence

607 2520 26 16 so
655 2511 57 24 that
731 2512 102 29 patrons
845 2516 47 17 can
914 2509 52 30 rely
989 2515 32 16 on
1043 2507 98 31 getting

607 2554 153 25 satisfaction
770 2555 26 21 at
808 2552 43 24 the
862 2560 59 22 very
932 2551 86 24 lowest
1027 2550 112 30 charges.

640 2598 104 31 Repairs
755 2605 27 17 or
791 2596 84 25 orders
884 2603 58 24 may
953 2595 31 24 be
991 2594 45 26 left
1048 2596 25 22 at

607 2648 26 24 J.
650 2646 134 29 Weeber's,
819 2645 64 25 East
907 2644 100 25 Oxford,

607 2694 26 23 at
655 2691 40 25 W.
720 2690 35 24 M.
780 2690 37 27 C.,
841 2689 64 25 East
929 2688 100 25 Oxford.

607 2735 23 25 J.
648 2735 99 28 Brown,
760 2733 159 28 Bootmaker,
944 2731 70 25 West
1038 2730 100 25 Oxford.

607 2779 39 24 W.
659 2778 24 24 J.
697 2777 118 24 Crothers
824 2777 19 23 &
856 2777 44 23 Co.
908 2794 6 5 .
936 2775 69 24 Cust.

640 2821 49 24 and
704 2820 50 24 will
763 2820 30 24 be
804 2818 125 32 promptly
941 2817 118 25 attended
1070 2818 34 23 to.

608 2865 53 31 AH
673 2864 97 31 Work
783 2864 76 29 done
871 2873 40 20 on
925 2862 53 29 the
990 2861 149 30 Premises

730 2916 61 29 and
806 2914 197 41 guaranteed.

610 3016 249 42 MRW.N,
884 3012 255 46 CATHRO,

649 3088 180 23 BARRISTER
843 3087 67 22 AND
927 3084 172 23 SOLICITOR.

757 3129 231 32 KANGIORA.

605 3185 131 30 Attends
752 3183 121 30 Oxford
887 3192 40 20 on
938 3181 97 30 Court
1042 3178 95 40 Days.

604 3257 166 26 Instructions
779 3255 33 31 by
822 3257 56 30 post
890 3253 51 26 will
952 3252 93 25 receive
1057 3258 80 25 prom-

768 3297 28 29 pt
824 3293 132 26 attention.

725 3343 108 22 MONEY
860 3342 37 21 TO
925 3341 89 20 LEND.

655 3428 44 55 S.
732 3428 50 44 B.
805 3422 303 53 SEYMOUR,

803 3494 136 27 DENTIST,
1145 3486 2 35 j

645 3542 41 22 215
701 3539 104 22 Colombo
821 3537 81 24 Street,
925 3533 167 23 Christchurch.

773 3610 177 23 CHARGES:

672 3654 93 25 Filling,
781 3653 22 20 5&
812 3660 7 16 j
854 3650 132 21 Extraction
995 3650 25 18 2s
1034 3647 36 21 6d.

632 3722 95 20 Nitrous
737 3717 61 21 Oxid
807 3716 45 21 Gas
863 3713 168 23 Administered
1035 3713 38 20 for
1079 3711 60 22 Pain

605 3765 45 20 less
659 3759 134 23 Extraction
803 3758 23 20 of
835 3757 80 21 Teeth.
948 3755 45 20 Fee
1002 3754 36 21 for
1047 3753 92 20 Admin-

605 3800 109 24 istration
725 3799 30 20 ss.

662 3874 107 28 CHILD
780 3873 107 24 BIRTH
901 3870 94 29 SAFE,
1009 3869 73 24 AND

713 3916 137 27 ALMOST
859 3913 171 27 PAINLESS

610 3964 87 68 BY
744 3962 73 31 using
852 3959 48 25 DR
945 3954 196 28 FAWCETT'S

709 3995 130 26 Medicine.

640 4041 71 26 MRS
734 4036 164 28 BURRELL
920 4034 59 32 begs
1002 4036 26 22 to
1050 4033 90 24 inform

608 4081 42 24 the
661 4079 91 24 Ladies
763 4077 58 25 that
829 4075 44 26 she
882 4074 46 24 has
937 4073 62 23 been
1009 4069 130 33 appointed

607 4120 56 25 Sole
683 4120 73 29 agent
779 4117 27 24 in
829 4110 177 31 Christchurch
1033 4110 37 25 for
1097 4109 44 25 the

607 4159 76 23 above
694 4155 124 25 Medicine
829 4155 27 23 to
870 4150 117 26 facilitate
1001 4147 138 25 Accouche-

607 4198 87 23 raents.
728 4194 89 25 Ladies
829 4201 47 17 can
898 4191 31 24 be
949 4186 113 33 supplied
1080 4186 61 25 with

608 4236 40 23 the
670 4234 75 25 above
767 4232 33 32 by
824 4230 105 31 sending
951 4234 28 18 or
1000 4224 92 32 calling
1115 4226 26 22 at

607 4276 40 23 Mr
668 4273 121 26 Burrell's
812 4268 181 34 Photographic
1014 4265 71 34 place
1116 4264 27 25 of

607 4314 120 26 business,
741 4312 105 25 Gould's
868 4309 140 31 Buildings,
1029 4305 111 25 Victoria

609 4353 86 29 Street,
709 4349 181 30 Christchurch,
909 4348 82 26 where
1010 4344 34 26 all
1063 4342 76 26 infor-

607 4393 94 26 mation
729 4400 46 17 can
802 4391 31 26 be
861 4388 116 28 obtained
1004 4386 58 29 free,
1090 4382 51 27 and

606 4432 115 32 perfectly
764 4430 156 30 satisfactory
950 4426 50 26 and
1033 4423 106 34 genuine

608 4470 167 26 testimonials
788 4476 47 18 can
847 4468 31 26 be
889 4475 67 17 seen.

134 3810 349 43 SPECIAL!!!

48 3937 258 29 TJULL-SIZE,
350 3935 227 26 ALL-WOOL

263 4011 116 25 WHITE

73 4077 209 52 KAIAPOI
306 4077 246 48 BLANKETS

146 4176 80 44 19s
257 4175 60 44 6d
357 4173 132 45 Pair.

88 4312 72 19 BEST
172 4311 104 20 VALTJE
294 4310 82 20 EVER
389 4307 135 23 OFFERED

89 4401 47 33 R.
181 4401 54 32 H.
279 4398 257 38 PARISH,

174 4471 99 29 East
297 4468 157 32 Oxford
