3300 4360
1435 129 57 22 THE
1514 130 55 22 HOT
1585 129 100 22 LAKES
1701 129 165 22 CHRONICLE

1424 167 444 14 AND

1537 195 109 19 Tourists'
1662 194 100 23 Journal.

1458 257 144 20 SATURDAY,
1614 257 143 18 DECEMBER
1764 258 17 19 5,
1792 257 51 18 1896.

1435 315 43 16 The
1487 315 129 17 construction
1632 315 21 17 of
1665 320 11 10 a
1688 313 83 22 carriage
1783 313 52 17 drive
1848 315 19 16 to

1435 337 32 18 the
1475 338 77 17 summit
1557 338 20 17 of
1585 337 127 23 Ngongotahu
1722 337 34 16 has
1766 337 47 16 been
1821 337 47 23 long

1435 360 66 17 looked
1511 361 82 16 forward
1601 363 20 14 to
1628 360 27 22 by
1668 360 91 17 residents
1773 366 21 10 as
1809 360 58 22 likely

1435 384 19 17 to
1460 384 130 21 considerably
1599 383 83 17 enhance
1691 383 32 17 the
1729 383 110 17 attractions
1848 384 20 16 of

1435 407 32 16 the
1478 409 51 15 town
1538 407 20 16 in
1574 407 33 16 the
1621 412 43 16 eyes
1681 406 20 17 of
1715 406 80 17 visitors.
1826 407 28 21 Ap-

1435 430 89 21 plication
1538 436 38 10 was
1592 430 54 16 made
1657 430 20 16 to
1691 429 33 16 il'c
1740 430 127 17 Government

1435 453 44 17 time
1488 454 49 17 after
1545 453 46 17 time
1604 454 21 16 to
1638 452 53 18 wlace
1698 458 10 11 a
1722 457 40 12 sun.
1771 452 20 16 of
1800 458 67 16 money

1435 482 23 10 on
1465 476 32 17 the
1507 477 96 17 estimates
1620 477 21 15 to
1654 481 54 16 cany
1722 477 34 15 out
1768 475 31 17 the
1808 476 57 19 work,

1434 499 37 16 and
1480 499 74 21 though
1564 499 14 16 it
1585 504 37 11 was
1630 504 51 11 more
1689 498 47 17 than
1745 504 45 11 once
1803 504 52 17 prom-

1435 522 44 20 ised,
1496 522 83 21 nothing
1587 521 81 17 resulted
1682 521 49 17 until
1745 521 31 17 Mr
1792 522 75 17 Seddon

1435 544 80 24 brough'.
1524 545 56 17 down
1584 545 29 16 his
1618 544 86 17 schedule
1708 544 29 17 for
1740 544 31 16 the
1775 546 92 21 proposed

1442 568 124 22 expenditure
1575 568 20 16 of
1603 568 32 16 the
1649 567 80 19 £50,000
1738 569 42 15 vote
1794 568 29 16 for
1835 569 33 17 the

1434 591 132 22 development
1572 591 20 16 of
1599 591 31 16 the
1639 596 75 16 scenery
1724 591 19 16 of
1753 591 113 22 tliecoiony.

1435 614 18 16 It
1463 620 37 11 was
1509 614 45 17 then
1564 619 43 11 seeu
1618 614 42 16 that
1672 612 56 21 £250,
1737 619 11 11 a
1757 619 40 12 sura
1806 616 50 15 utter-

1434 637 19 21 ly
1461 637 114 22 inadequate
1583 637 31 16 for
1627 637 33 16 the
1674 641 86 18 purpose,
1775 637 36 16 had
1820 637 47 17 beer,

1434 661 28 16 set
1470 660 57 17 aside.
1553 661 26 16 As
1587 660 38 16 this
1635 665 37 11 was
1681 659 85 17 however
1776 660 92 17 suflicie'.it

1434 685 19 14 to
1462 685 48 14 start
1518 684 32 16 the
1559 683 52 16 work
1625 682 37 17 and
1679 688 53 16 carry
1748 683 32 16 Ihe
1846 689 10 11 a

1434 705 46 18 bout
1496 706 40 17 half
1546 712 41 15 way
1595 711 25 16 up
1628 706 16 16 it
1656 711 38 11 was
1707 711 124 17 unnecessary
1846 708 21 16 to

1434 731 94 15 comment
1537 735 25 11 on
1571 729 32 17 the
1614 731 73 16 matter,
1699 734 49 11 more
1765 729 102 23 especially

1434 757 20 11 as
1463 755 52 14 votes
1524 753 30 16 for
1563 752 64 22 public
1636 751 60 18 works
1706 752 19 16 in
1742 752 38 16 this
1794 752 74 18 district

1434 774 47 18 have
1504 775 109 22 frequently
1634 775 47 17 been
1704 774 97 18 exceeded.
1834 776 33 17 We

1434 804 41 10 now
1484 798 52 17 learn
1543 798 43 16 that
1595 797 16 18 it
1612 797 16 18 is
1632 798 35 17 not
1675 798 30 16 the
1710 798 93 17 intention
1809 799 19 17 of
1835 799 32 17 the

1434 821 125 21 Department
1569 823 19 14 to
1597 820 78 22 proceed
1686 821 44 16 with
1739 821 32 16 the
1784 822 83 21 carriage

1434 844 51 16 drive
1493 844 35 17 but
1536 844 74 16 instead
1627 845 19 16 to
1656 844 93 17 construct
1758 850 10 10 a
1777 845 29 16 Oft
1814 845 53 17 track

1434 868 19 16 to
1470 867 31 17 the
1511 866 77 18 summit
1598 866 37 17 anil
1643 873 19 11 so
1671 866 46 23 keep
1731 867 31 17 the
1776 868 79 21 expendi-

1434 892 42 15 ture
1485 891 41 16 well
1536 890 66 16 within
1613 890 32 16 the
1653 892 78 14 amount
1736 891 61 16 voted.
1823 892 44 16 This

1434 913 14 16 is
1458 913 68 22 simply
1536 913 69 16 absurd
1614 913 19 16 in
1642 913 47 16 view
1698 913 19 16 of
1726 913 32 16 the
1773 913 38 18 fact
1824 915 43 17 that

1434 936 18 17 in
1463 937 31 16 the
1503 936 75 18 Jubilee
1587 936 54 17 track
1650 941 27 11 we
1686 936 47 17 have
1741 943 23 10 an
1775 937 92 18 excellent

1434 960 45 21 path
1488 960 30 16 for
1526 959 122 22 pedestrians,
1657 959 37 17 and
1703 965 45 11 even
1757 960 30 16 for
1802 960 54 18 horse-

1434 988 42 11 men
1486 986 19 14 to
1515 983 32 17 the
1557 983 82 16 summit.
1673 983 15 16 A
1698 983 26 17 6ft
1739 983 51 16 track
1806 984 48 16 wind-

1434 1006 33 20 ing
1476 1006 60 17 round
1546 1005 32 18 the
1586 1005 96 18 mountain
1698 1006 36 16 and
1746 1007 81 21 exposed
1847 1011 19 14 to

1434 1029 31 17 the
1479 1028 52 24 glare
1547 1029 19 16 of
1582 1029 34 16 the
1631 1034 34 11 sun
1682 1029 55 17 could
1754 1034 55 13 never
1813 1035 39 12 com-

1434 1054 41 20 pete
1498 1052 76 23 against
1591 1052 32 16 the
1639 1051 73 18 Jubilee
1736 1052 52 17 track
1806 1053 59 17 which

1434 1080 43 18 goes
1487 1074 84 24 through
1588 1075 32 17 the
1635 1075 47 16 bush
1692 1075 32 16 the
1740 1075 61 17 whole
1816 1082 48 16 way,

1433 1098 14 17 is
1470 1098 112 22 completely
1604 1098 91 17 sheltered
1724 1098 35 17 and
1782 1099 73 22 delight-

1434 1122 47 21 fully
1494 1122 40 16 cool
1554 1127 24 11 on
1601 1121 31 17 the
1654 1123 86 15 warmest
1757 1121 42 22 day.
1833 1122 33 18 We

1434 1145 60 17 would
1505 1151 46 15 urge
1569 1150 51 16 upon
1637 1144 31 17 the
1682 1145 56 16 Town
1757 1145 61 17 Board
1834 1146 32 16 the

1433 1167 116 23 desirability
1564 1168 19 16 of
1598 1167 159 20 communicating
1771 1169 45 16 with
1834 1169 32 17 the

1433 1190 122 23 Department
1571 1190 38 17 and
1621 1190 70 23 urgimr
1707 1197 20 10 as
1743 1191 85 23 strongly
1846 1199 20 9 as

1432 1214 81 21 possible
1521 1214 44 18 that
1572 1214 22 17 at
1599 1213 50 18 least
1658 1218 12 12 a
1685 1214 39 17 10ft
1736 1214 45 17 road
1798 1214 67 18 should

1432 1236 22 18 be
1463 1237 126 17 constructed.
1616 1237 42 16 This
1668 1237 54 16 could
1731 1237 23 16 be
1762 1236 47 18 done
1818 1240 21 15 at
1855 1246 11 9 a

1432 1260 54 17 small
1503 1263 53 14 extra
1574 1260 65 21 outlay
1657 1260 80 17 whereas
1756 1261 15 16 if
1787 1261 36 16 this
1838 1261 27 17 (ift

1432 1284 52 16 track
1493 1283 16 17 is
1526 1284 54 16 made
1597 1283 16 17 it
1627 1284 17 16 is
1660 1289 10 11 a
1684 1284 89 20 foregone
1789 1285 66 16 conclu-

1432 1306 40 17 sion
1481 1306 42 17 that
1531 1307 16 16 it
1555 1306 39 17 will
1602 1306 23 17 be
1634 1306 48 17 little
1691 1306 50 17 used.

1434 1372 102 23 LOCAL
1551 1371 97 23 NEWS
1671 1372 69 22 AND
1754 1373 109 22 NOTES.

1454 1440 39 16 The
1501 1440 134 22 poundkooper
1642 1440 66 18 inserts
1717 1440 61 17 notice
1788 1441 66 22 regard-

1432 1463 33 21 ing
1474 1463 53 17 horse
1536 1464 19 15 in
1568 1462 69 24 pound.

1455 1490 31 18 Mr
1495 1490 26 17 11.
1531 1489 113 24 Heerdegen
1660 1490 67 17 invites
1744 1491 74 17 tenders
1836 1492 29 16 for

1432 1514 94 16 additions
1534 1516 21 15 to
1564 1514 28 16 his
1601 1514 58 16 house
1667 1514 19 15 in
1694 1514 135 17 Fenton-road.

1456 1545 61 17 Lieut.
1527 1544 40 19 Col.
1578 1545 80 18 Roberts
1667 1544 33 18 has
1705 1544 48 19 been
1762 1545 101 23 appointed

1433 1573 9 12 a
1456 1568 75 18 warden
1549 1568 29 18 for
1594 1568 32 17 the
1639 1568 85 17 Hauraki
1738 1568 71 24 mining
1826 1570 28 16 dis-

1433 1591 49 16 trict.

1456 1624 16 15 A
1482 1622 61 19 notice
1560 1622 18 18 in
1596 1622 61 17 Maori
1673 1622 102 22 appearsin
1786 1624 78 17 another

1433 1646 84 18 columns
1522 1644 19 19 in
1554 1646 93 16 reference
1653 1647 19 15 to
1681 1646 31 16 the
1722 1648 71 15 eastern
1804 1647 60 17 Maori

1433 1669 86 16 electoral
1527 1669 80 16 district.

1454 1700 38 17 The
1502 1700 133 23 poundkeepcr
1651 1700 73 16 notifies
1740 1700 42 18 that
1794 1700 24 18 lie
1826 1701 38 17 will

1432 1724 90 21 impound
1538 1724 24 16 all
1581 1724 63 16 horses
1653 1723 85 22 straying
1752 1729 21 11 or
1781 1724 83 18 tethered

1432 1752 24 12 on
1466 1746 32 18 the
1506 1745 65 22 public
1580 1745 52 18 road.

1455 1778 69 23 Owing
1542 1780 19 15 io
1578 1785 10 10 a
1605 1784 51 16 press
1668 1778 21 16 of
1701 1777 115 23 telegraphic
1828 1780 37 17 and

1432 1802 54 16 other
1494 1803 70 15 matter
1572 1803 72 21 reports
1653 1801 19 17 of
1682 1801 31 17 the
1731 1801 59 23 picnic
1804 1805 19 14 to
1840 1803 25 16 To

1433 1824 54 23 Ngae
1494 1824 38 18 and
1541 1824 33 18 the
1579 1823 74 19 Church
1663 1824 79 18 Concert
1757 1831 23 11 on
1795 1825 59 18 Thurs-

1432 1848 36 21 day
1476 1848 54 22 night
1541 1853 30 11 are
1579 1846 125 24 unavoidably
1715 1847 42 18 held
1767 1854 49 11 over.

1455 1879 38 17 The
1503 1879 104 17 Christmas
1616 1878 87 19 numbers
1711 1879 20 17 of
1740 1880 31 16 the
1785 1881 79 21 English

1432 1902 106 17 illustrated
1559 1908 67 16 papers
1643 1907 30 12 are
1694 1908 42 11 now
1752 1904 74 21 coming
1845 1905 20 16 to

1432 1926 57 16 hand.
1515 1925 52 17 Price
1579 1927 17 15 Is
1606 1925 29 19 lid.
1646 1927 78 21 postage
1733 1927 23 15 3d
1769 1928 58 19 extra,
1845 1929 20 15 at

1433 1948 118 17 Chronicle
1560 1949 63 16 Office.

1456 1980 30 16 Mr
1495 1980 77 17 Charles
1580 1980 73 17 Turner
1661 1980 14 16 is
1687 1980 86 23 engaged
1788 1986 66 18 prepar-

1433 2003 32 23 ing
1475 2003 54 22 plans
1538 2004 29 16 for
1573 2010 11 10 a
1593 2003 28 17 6ft
1630 2002 52 18 track
1693 2006 19 14 to
1719 2003 31 17 the
1759 2005 75 17 summit
1845 2006 20 16 of

1433 2026 128 23 NTgongotaha
1573 2027 74 16 instead
1656 2026 20 17 of
1684 2027 31 16 the
1723 2027 82 23 carriage
1813 2028 52 17 drive

1433 2050 59 16 which
1503 2055 37 11 was
1549 2048 121 23 anticipated.

1456 2082 25 17 As
1490 2088 44 11 soon
1545 2088 21 10 as
1574 2082 32 17 the
1616 2087 40 11 new
1672 2081 66 23 bridge
1755 2088 61 10 across
1834 2082 31 17 the

1433 2104 99 24 Puarenga
1550 2105 68 16 Creeek
1627 2107 20 14 at
1662 2104 172 19 Whakarewarerwa
1850 2106 15 16 is

1432 2126 104 25 completed
1547 2128 31 18 the
1588 2133 41 12 men
1640 2128 37 16 will
1686 2127 77 23 proceed
1774 2128 44 17 with
1834 2129 31 17 the

1433 2150 126 19 construction
1569 2152 21 16 of
1598 2151 31 17 the
1640 2150 60 17 wharf
1712 2152 19 16 at
1748 2151 32 17 the
1797 2151 40 18 foot
1846 2152 20 17 of

1432 2174 102 17 Tutanekai
1553 2175 67 16 Street.

1455 2202 38 17 The
1502 2203 58 16 house
1569 2208 24 11 on
1602 2202 33 17 the
1644 2203 56 21 topof
1706 2201 90 22 Pukeroa,
1804 2203 61 17 which

1431 2225 68 21 proved
1510 2226 43 16 such
1564 2231 11 12 a
1583 2226 49 16 bone
1641 2225 19 17 of
1669 2226 107 16 contention
1792 2228 63 15 recent-

1431 2248 25 22 ly,
1466 2249 34 16 has
1515 2249 46 16 been
1579 2248 86 18 removed
1688 2249 19 17 to
1725 2249 31 16 the
1774 2250 92 20 cemetery

1432 2272 60 16 where
1501 2272 16 16 it
1534 2272 37 17 will
1588 2272 25 16 do
1626 2272 47 18 duty
1688 2277 19 12 as
1723 2278 10 10 a
1743 2271 123 24 clergyman's

1432 2295 67 21 robing
1508 2301 52 11 room
1569 2294 38 18 and
1616 2301 10 10 a
1640 2295 81 17 sexton's
1729 2295 104 17 toolhouse.

1455 2326 18 17 It
1481 2327 15 16 is
1505 2326 61 17 stated
1576 2328 42 15 that
1628 2326 31 17 Mr
1675 2325 88 18 Malcolm
1780 2326 87 24 Fleming

1432 2348 43 23 paid
1486 2349 49 17 £IOO
1545 2352 19 14 to
1573 2349 70 17 certain
1653 2348 87 18 Urewera
1750 2350 71 16 natives
1837 2350 30 18 for

1432 2372 31 18 the
1473 2371 91 24 privilege
1573 2372 21 18 of
1602 2371 121 23 prospecting
1731 2371 50 19 their
1785 2373 80 21 ground.

1432 2396 15 16 A
1457 2395 73 18 further
1537 2401 40 11 sum
1585 2396 21 16 of
1613 2394 59 18 £10(10
1680 2395 15 16 is
1703 2397 18 15 to
1730 2395 23 17 be
1759 2395 44 22 paid
1813 2396 53 17 when

1432 2419 80 22 payable
1522 2418 45 22 gold
1572 2419 16 16 is
1595 2418 65 17 found.

1454 2451 16 16 A
1480 2450 84 21 meeting
1572 2450 20 17 of
1600 2450 32 17 the
1642 2449 90 18 members
1741 2450 19 17 of
1769 2450 32 17 the
1809 2450 45 17 Pros-

1431 2474 77 21 pecting
1523 2473 117 17 Association
1658 2472 38 17 will
1712 2472 43 17 take
1773 2473 52 22 place
1842 2479 24 11 on

1433 2496 94 23 Saturday
1532 2495 103 24 (to-night)
1646 2496 18 17 at
1673 2495 32 17 the
1711 2496 63 16 Grand
1782 2496 57 18 Hotel
1846 2498 20 15 to

1432 2519 84 17 consider
1527 2520 33 16 the
1572 2518 121 23 advisability
1709 2519 20 17 of
1743 2519 83 23 winding
1841 2526 26 16 up

1431 2542 32 18 the
1472 2543 123 16 Association.

1455 2571 39 17 The
1507 2571 29 17 fee
1545 2570 81 24 charged
1636 2571 25 21 by
1672 2571 62 21 Aporo
1744 2571 28 16 for
1785 2571 82 21 viewing

1433 2594 30 17 the
1472 2594 60 23 sights
1543 2596 19 15 at
1572 2594 100 22 Waiotapti
1681 2594 32 16 has
1723 2594 46 16 been
1788 2594 78 17 reduced

1432 2620 19 14 to
1460 2620 26 14 -*s.
1512 2617 44 17 This
1566 2616 96 19 reduction
1678 2617 32 17 has
1727 2616 46 18 been
1782 2618 18 16 in
1816 2618 51 17 force

1432 2641 29 16 for
1470 2646 50 11 some
1529 2641 45 16 time
1583 2641 35 16 but
1626 2640 16 16 it
1647 2640 44 16 docs
1700 2642 33 14 not
1746 2646 47 11 seem
1808 2642 20 16 to
1842 2641 25 17 be

1432 2663 96 23 generally
1538 2663 75 18 known,

1455 2695 22 17 In
1487 2700 126 17 consequence
1621 2695 21 16 of
1649 2694 67 22 Friday
1723 2694 57 23 being
1788 2695 78 17 election

1433 2717 36 22 day
1483 2718 32 17 the
1529 2718 52 17 usual
1596 2717 86 22 monthly
1700 2718 83 22 meeting
1799 2719 19 16 of
1835 2719 32 16 the

1432 2740 78 21 Library
1527 2741 113 17 Committee
1654 2741 33 16 has
1700 2740 46 17 been
1761 2742 106 21 postponed

1432 2764 29 17 till
1475 2764 84 21 Monday
1577 2764 55 17 when
1649 2763 14 17 it
1673 2764 37 16 will
1725 2763 42 17 take
1781 2764 53 22 place
1847 2765 19 17 in

1432 2787 32 17 the
1472 2787 87 17 institute
1567 2790 21 14 at
1593 2787 33 17 the
1635 2789 106 19 customary
1753 2787 53 17 hour.

1459 2818 30 17 .Mr
1497 2818 19 18 J.
1532 2818 74 18 Joshua
1621 2818 21 18 of
1654 2818 32 17 the
1722 2818 36 22 Spa
1795 2818 70 23 Taupo,

1433 2842 68 16 inserts
1512 2848 22 10 an
1546 2842 150 17 announcement
1705 2841 18 17 in
1733 2841 67 22 repaid
1809 2843 20 15 to
1838 2843 29 16 his

1433 2865 58 16 house
1500 2865 38 16 and
1546 2865 32 16 the
1588 2865 91 21 coaching
1694 2865 141 23 arrangements
1847 2865 20 17 in

1433 2888 110 17 connection
1553 2888 107 16 therewith.
1695 2888 15 16 A
1719 2887 113 23 description
1847 2889 21 16 of

1433 2910 38 17 this
1480 2912 49 16 most
1538 2910 86 21 agreeble
1633 2910 68 18 tourist
1710 2912 58 15 resort
1778 2911 38 17 will
1831 2917 23 16 ap-

1433 2940 46 16 pear
1484 2934 18 16 in
1509 2936 46 14 next
1564 2935 54 15 issue.

1458 2960 22 18 In
1501 2960 68 21 regard
1592 2962 20 16 to
1632 2961 114 21 Thursday's
1761 2961 61 22 picnic
1847 2963 21 15 at

1434 2984 25 17 To
1468 2984 54 21 Ngae
1531 2990 11 11 a
1556 2984 67 22 hearty
1638 2985 42 16 vote
1698 2984 21 17 of
1733 2984 69 17 thanks
1819 2985 48 16 from

1434 3007 32 16 the
1475 3007 107 17 committee
1591 3007 22 16 of
1623 3008 132 21 management
1769 3007 37 17 and
1823 3013 33 16 par-

1434 3030 97 21 ticipators
1541 3030 19 16 in
1571 3030 31 16 the
1612 3030 96 17 festivities
1717 3030 33 16 has
1759 3030 47 17 been
1820 3036 35 12 con-

1434 3053 59 22 veyed
1500 3054 20 16 to
1529 3053 32 17 Mr
1569 3053 26 17 H.
1606 3053 47 17 Kirk
1662 3053 30 17 for
1699 3053 28 17 his
1743 3053 90 18 kindness
1848 3054 20 16 in

1435 3076 78 22 lending
1519 3076 29 17 his
1557 3076 87 22 paddock
1653 3082 23 11 on
1689 3076 31 17 the
1729 3076 91 17 occasion.

1459 3107 23 17 In
1496 3107 80 17 another
1585 3107 74 17 column
1675 3107 38 17 will
1722 3107 23 17 he
1760 3108 60 16 found
1837 3108 33 16 the

1435 3130 40 17 first
1484 3130 20 17 of
1512 3137 11 10 a
1539 3130 54 17 series
1603 3131 20 16 of
1631 3130 110 22 descriptive
1755 3131 74 17 articles
1845 3137 24 11 on

1435 3153 32 17 the
1476 3154 64 21 Taupo
1548 3152 78 22 district,
1645 3152 32 18 the
1694 3155 85 15 outcome
1787 3154 19 16 of
1814 3161 12 10 a
1839 3160 20 11 re-

1436 3178 41 14 cent
1487 3177 49 15 visit.
1569 3177 44 15 This
1623 3176 50 16 week
1680 3176 32 16 the
1728 3176 86 18 Terraces
1828 3177 28 17 Ho-

1436 3199 25 16 tel
1472 3199 36 16 and
1519 3198 112 19 Onekeneke
1640 3205 31 10 are
1679 3199 95 17 described
1783 3200 34 17 but
1826 3206 32 12 suc-

1436 3222 78 21 ceeding
1532 3222 76 17 articles
1630 3222 38 17 will
1693 3222 41 18 deal
1752 3223 44 16 with
1832 3222 38 18 The

1504 3244 101 22 Wairakei,
1612 3245 98 20 Atiamnri,
1720 3245 37 17 and
1766 3252 19 10 so
1795 3246 47 17 hack
1850 3248 20 15 to

1436 3268 60 17 Rotor
1498 3274 28 10 ua.

1460 3299 31 17 Mr
1500 3299 22 17 R.
1532 3299 25 17 1).
1567 3299 81 22 Dansey,
1663 3300 118 21 postmaster,
1797 3300 74 17 notifies

1437 3322 43 16 that
1494 3322 33 16 the
1536 3323 55 15 mails
1604 3323 29 15 for
1650 3321 98 19 Auckland
1761 3323 38 17 and
1813 3323 49 18 inter-

1438 3344 80 19 mediate
1534 3344 63 19 offices
1613 3345 83 17 hitherto
1712 3345 72 22 closing
1800 3347 20 16 at
1830 3347 15 17 1.
1847 3347 23 16 30

1437 3373 38 12 a.m
1484 3374 24 11 on
1522 3368 95 21 Tuesdays
1633 3368 38 17 and
1684 3368 106 23 Thursdays
1806 3370 38 16 will
1852 3370 20 16 in

1439 3391 64 17 future
1511 3391 49 17 close
1572 3392 19 16 at
1601 3391 41 17 6.30
1651 3397 45 11 a.m.
1720 3390 47 19 Now
1781 3392 41 17 that
1840 3392 33 17 the

1438 3420 75 12 express
1522 3414 50 17 train
1590 3414 16 17 is
1614 3414 83 20 running
1713 3414 32 17 the
1761 3417 43 19 post,
1819 3415 53 17 office

1440 3437 37 16 will
1486 3437 22 16 be
1517 3443 49 16 open
1583 3438 30 15 for
1628 3437 32 16 the
1675 3437 80 22 delivery
1771 3439 19 16 of
1806 3438 65 17 letters

1439 3460 43 21 only
1492 3465 25 11 on
1533 3460 95 20 Tuesdays
1642 3458 106 25 Thursdays
1760 3460 37 18 and
1806 3460 55 19 Satur-

1439 3481 46 24 days
1494 3483 48 17 from
1553 3483 9 17 7
1572 3484 20 16 to
1603 3483 40 17 7.30
1652 3488 46 16 p.m.

1463 3513 28 17 On
1512 3514 84 21 Monday
1609 3514 87 21 morning
1710 3521 10 10 a
1734 3514 63 17 rather
1810 3521 53 11 sensa-

1439 3537 60 16 tional
1515 3538 64 20 report
1596 3542 39 12 was
1652 3537 83 17 received
1749 3538 20 16 in
1784 3540 51 15 town
1844 3544 20 11 re-

1440 3559 82 22 garding
1530 3560 33 16 the
1572 3559 86 23 scalding
1666 3560 20 16 of
1693 3566 9 10 a
1711 3561 63 16 native
1788 3562 19 15 at
1821 3561 42 17 Tiki-

1440 3584 39 15 tere
1488 3583 43 16 who
1540 3583 15 16 it
1564 3589 38 10 was
1611 3582 73 21 alleged
1693 3583 36 16 had
1745 3583 45 18 been
1806 3584 68 21 totally

1440 3605 99 17 immersed
1554 3606 19 16 in
1585 3611 11 11 a
1606 3606 72 20 boiling
1690 3605 50 22 pool,
1757 3606 36 17 and
1812 3608 63 16 whose

1440 3634 88 16 recovery
1538 3634 38 11 was
1585 3628 76 17 deemed
1670 3629 89 21 hopeless.
1785 3630 39 16 The
1839 3636 24 11 na-

1440 3652 40 16 tive
1487 3652 19 16 in
1516 3652 93 22 question,
1618 3652 81 17 Wiremu
1708 3652 82 20 Matene,
1800 3653 38 17 had
1846 3653 29 17 bis

1441 3675 39 16 feet
1487 3674 38 17 and
1534 3675 65 17 ankles
1613 3675 81 22 severely
1711 3675 74 17 scalded
1800 3676 37 17 but
1852 3676 25 17 he

1441 3697 59 17 won't
1520 3698 47 16 start
1585 3697 19 17 in
1621 3698 63 17 search
1701 3698 21 16 of
1738 3698 32 17 tho
1806 3699 71 22 Living

1441 3721 74 16 Waters
1524 3721 20 16 of
1551 3721 51 16 Tane
1628 3722 32 21 yet
1669 3721 73 17 awhile.

1465 3752 19 16 It
1493 3752 15 16 is
1515 3752 87 22 reported
1612 3752 41 17 that
1663 3752 32 17 the
1701 3753 72 17 natives
1779 3754 42 17 who
1830 3754 47 17 have

1442 3775 45 17 been
1497 3776 122 22 prospecting
1627 3782 45 10 near
1688 3775 52 17 Lake
1753 3777 65 22 Taupo
1830 3777 48 17 have

1443 3798 58 16 found
1511 3798 81 22 payable
1600 3799 46 21 gold
1654 3805 45 10 near
1707 3799 100 21 Motutere,
1818 3800 59 17 about

1444 3822 21 16 20
1473 3821 52 17 miles
1534 3822 48 16 from
1592 3822 32 16 the
1640 3822 65 21 Taupo
1714 3823 100 22 township.
1839 3824 39 16 The

1443 3843 44 17 land
1497 3844 15 16 is
1519 3844 67 17 owned
1595 3845 25 21 by
1634 3845 76 16 RaweTC
1725 3845 101 23 Merehapo
1840 3846 37 17 and

1444 3867 68 16 others.
1546 3867 56 18 Some
1616 3869 54 16 stone
1678 3869 42 16 sent
1728 3868 30 17 for
1773 3874 54 17 assay
1844 3869 35 17 has

1444 3895 50 15 gone
1510 3896 44 11 over
1567 3893 11 14 4
1588 3896 67 11 ounces
1664 3892 20 15 to
1698 3891 31 16 the
1746 3893 33 15 ton
1787 3892 73 17 besides
1868 3899 11 10 a

1444 3913 110 21 proportion
1569 3914 19 16 of
1602 3914 60 16 silver.
1696 3914 49 17 Gold
1759 3914 16 18 is
1790 3915 40 17 also
1846 3921 20 11 re-

1445 3935 66 21 ported
1519 3938 20 14 to
1548 3936 48 17 have
1612 3937 47 17 been
1676 3937 58 17 found
1746 3939 20 15 at
1779 3939 100 20 Tauranga

1444 3958 71 22 Taupo,
1537 3959 58 17 about
1612 3961 23 16 30
1651 3960 52 17 miles
1724 3960 72 17 distant
1812 3961 20 17 in
1846 3962 33 17 the

1445 3987 52 11 same
1525 3982 98 21 direction,
1647 3983 42 20 viz.,
1713 3984 81 17 towards
1817 3985 50 16 Toka-

1445 4010 44 12 anu.

1524 4039 64 28 £SO,
1607 4040 59 28 £lO,
1681 4041 59 28 £lO,
1755 4041 44 26 £5.

1447 4071 64 19 Given
1522 4078 56 18 away
1590 4073 31 17 for
1632 4079 10 11 a
1654 4073 65 24 single
1727 4079 66 18 guess.
1828 4075 52 19 Send

1446 4100 66 21 stump
1522 4098 32 18 for
1565 4097 119 26 particulars
1694 4099 39 19 and
1750 4100 94 19 circulars
1860 4104 20 15 to

1446 4122 44 19 Box
1503 4124 42 22 17C,
1559 4124 22 23 P.
1581 4124 34 23 0.,
1629 4124 131 24 Wellington.

1914 127 24 17 In
1950 125 111 24 comparing
2067 124 35 18 the
2107 124 35 17 list
2145 124 21 17 of
2179 125 52 15 town
2244 124 80 15 sections

1889 151 20 16 to
1916 150 24 17 bo
1948 148 102 19 submitted
2060 150 19 14 to
2097 146 64 23 public
2170 145 118 23 oonpetition
2300 150 24 12 on

1889 172 86 23 January
1984 173 41 16 -Ist
2033 170 45 18 with
2088 170 42 18 that
2140 170 19 16 of
2173 170 37 16 last
2227 169 38 16 sale
2281 168 16 17 it
2309 169 15 16 is

1889 196 105 17 noticeable
2010 195 43 16 that
2067 193 70 17 section
2145 193 10 17 7
2177 198 26 11 on
2225 191 59 17 Block
2302 191 19 16 '3l

1889 219 61 17 which
1969 224 37 11 was
2022 217 45 17 then
2079 216 67 22 passed
2154 221 20 11 in
2189 215 15 16 is
2217 216 36 15 not
2267 214 57 22 again

1889 247 35 17 pur
1946 247 32 17 up.
2011 241 26 16 As
2053 238 102 23 according
2171 240 21 15 to
2212 238 33 16 the
2267 243 46 16 regu-

1890 265 67 16 lations
1967 266 15 14 it.
1990 264 16 16 is
2011 262 108 23 impossible
2128 262 43 16 that
2178 261 17 17 it
2208 259 55 18 could
2277 260 47 17 have

1889 287 47 17 been
1945 287 86 23 disposed
2040 287 20 16 of
2068 285 93 22 privately
2169 284 25 17 its
2209 284 89 16 omission
2308 284 16 16 is

1889 313 50 15 most
1950 310 93 23 probably
2057 314 24 11 an
2098 308 103 21 oversight,
2215 306 61 17 which
2286 306 38 17 will

1889 340 25 11 no
1927 334 60 17 doubt
1993 333 23 17 be
2029 330 84 20 rectified
2126 330 64 18 before
2199 330 33 16 the
2248 329 75 17 unction

1889 357 53 17 takes
1947 357 59 22 place.

1913 388 37 17 The
1959 387 52 17 hotel
2020 388 19 16 at
2055 386 102 21 Waiotapu
2166 384 61 17 which
2236 384 16 16 is
2265 383 59 22 being

1889 411 73 17 erected
1971 411 30 17 for
2006 411 31 15 Mr
2045 409 51 17 John
2106 408 91 17 Falloona
2206 407 15 17 is
2234 406 78 23 proceed-

1889 434 34 23 ing
1939 433 74 23 rapidly
2032 432 82 17 towards
2131 430 121 23 completion.
2284 430 40 16 The

1890 457 59 17 whole
1958 457 20 16 of
1986 457 33 16 the
2029 456 59 16 frame
2096 455 52 16 work
2164 454 16 17 is
2189 452 80 19 finished
2274 476 5 3 _
2286 452 37 17 and

1889 481 32 16 the
1929 480 88 21 building
2025 479 15 17 is
2049 484 41 11 now
2098 477 64 17 roofed
2168 477 26 17 in.
2219 476 39 17 The
2270 476 42 22 join-

1889 509 32 16 cry
1932 503 51 17 work
1994 501 60 18 inside
2070 501 15 17 is
2102 506 43 12 now
2161 501 59 20 being
2233 505 49 16 gone
2298 504 25 11 on

1889 525 46 19 with
1942 525 38 18 and
1987 525 33 17 the
2028 525 58 16 house
2095 524 38 17 will
2141 524 23 15 bo
2173 523 57 21 ready
2245 523 30 16 for
2291 527 21 12 oc-

1889 550 89 21 cupation
1987 548 66 17 within
2067 547 32 18 the
2115 548 86 16 contract
2215 546 51 16 time.
2292 545 32 17 Mr

1889 572 74 23 George
1971 572 60 17 Steele
2039 571 21 17 of
2075 571 70 16 Messrs
2157 569 60 19 Steele
2226 568 76 18 Brothel
2307 574 14 11 s.

1889 597 121 18 contractors,
2024 595 15 16 is
2048 594 106 22 personally
2164 593 119 22 supervising
2291 591 32 17 the

1890 618 56 17 work.

1954 655 31 11 are
1992 648 87 18 indebted
2088 650 21 15 to
2117 649 33 16 the
2162 646 149 22 Registrar-Gen-

1889 673 39 17 eral
1938 673 30 17 for
1975 673 82 16 cdvance
2067 671 61 17 sheets
2136 672 21 16 of
2166 673 43 20 part
2220 671 6 16 1
2237 670 37 16 and
2284 671 10 15 2
2303 670 20 16 of

1889 697 33 16 the
1932 696 72 17 Official
2013 696 50 16 Year
2077 694 54 17 Book
2145 696 29 15 for
2193 694 50 20 1896,
2262 693 60 17 which

1889 720 89 21 promises
1987 720 20 16 to
2016 719 22 16 be
2045 724 11 10 a
2062 718 55 17 much
2124 724 50 10 more
2183 717 59 21 bulky
2249 717 74 16 volume

1889 743 47 16 than
1945 743 42 16 that
1996 742 29 16 for
2039 741 33 17 the
2087 741 102 23 preceding
2201 746 50 16 year.
2284 739 39 17 The

1889 765 121 18 information
2015 765 98 17 contained
2117 765 18 16 in
2140 765 33 16 the
2177 764 76 22 portion
2257 765 40 14 sent
2301 768 22 11 us

1889 788 15 17 i:i
1913 788 69 22 mostly
1990 788 99 17 statistical
2098 788 38 17 and
2145 793 24 12 no
2183 786 60 18 doubt
2253 788 70 15 correct

1889 811 19 17 in
1917 818 56 15 every
1980 812 109 21 particular.
2115 811 39 17 The
2162 811 76 22 portion
2247 809 76 22 dealing

1891 835 45 17 with
1943 835 32 17 the
1983 840 119 17 newspaper?
2111 835 19 16 of
2140 834 31 17 the
2181 833 73 22 Colony
2269 832 54 22 sadly

1889 858 56 17 needs
1954 858 79 17 revision
2042 864 20 11 as
2070 858 86 21 journals
2162 858 47 20 long
2225 857 50 16 since
2290 856 22 16 de-

1889 881 54 17 funct
1952 882 38 16 still
2000 886 70 17 appear
2077 887 25 11 on
2112 881 32 17 the
2152 881 38 17 list,
2199 880 37 16 and
2253 879 70 17 several

1889 905 72 17 started
1978 905 69 21 during
2063 904 33 17 the
2112 910 45 16 year
2173 903 40 17 rind
2229 909 25 11 no
2270 903 53 22 place

1888 927 20 16 in
1917 927 21 16 it.

1912 960 60 17 Those
1989 960 74 16 visitors
2072 960 20 16 to
2109 960 64 21 Taupo
2190 959 44 17 who
2242 965 31 11 are
2289 960 34 16 not

1888 983 95 17 burdened
1993 983 44 16 with
2047 989 24 10 an
2079 989 44 11 over
2132 983 83 21 weighty
2224 988 56 16 purse
2289 988 34 11 can

1888 1006 40 17 find
1931 1012 24 12 no
1963 1006 61 17 better
2027 1006 160 17 accommodation
2195 1006 46 16 than
2249 1006 14 17 is
2267 1005 46 18 offer-

1888 1029 23 18 ed
1916 1031 20 16 at
1946 1028 75 19 Prinn's
2026 1029 166 18 Accommodation
2201 1029 69 20 House,
2278 1035 33 11 con-

1888 1053 78 20 cerning
1975 1052 59 17 which
2044 1059 24 9 an
2080 1053 152 17 announcement
2244 1058 79 16 appears

1888 1075 18 17 in
1916 1075 80 18 another
2002 1075 80 18 column.
2109 1076 38 16 The
2157 1081 61 16 weary
2232 1075 91 23 wayfarer

1888 1099 87 21 entering
1990 1099 65 21 Taupo
2069 1098 48 17 from
2130 1099 32 16 the
2175 1099 57 16 north
2247 1098 33 18 has
2295 1098 28 17 his

1888 1122 93 17 attention
1991 1121 82 18 directed
2082 1124 21 14 to
2112 1122 24 17 its
2154 1121 102 24 proximity
2272 1122 26 21 by
2312 1128 11 10 a

1888 1146 41 20 sign
1937 1145 58 17 hoard
2005 1145 104 22 suspended
2119 1146 48 16 from
2176 1152 11 9 a
2197 1146 39 16 tree
2245 1145 78 21 bearing

1888 1169 32 16 the
1936 1169 110 21 inscription
2089 1168 112 17 Bnb-a-nob
2227 1167 96 24 Boarding

2015 1192 31 16 Mr
2074 1192 60 16 Prinn
2158 1193 15 15 is
2197 1192 124 17 Government

1888 1213 95 24 dispenser
1989 1213 20 19 of
2018 1214 58 23 drags
2083 1212 39 20 and
2131 1219 44 13 now
2184 1216 40 16 acts
2239 1220 19 11 as
2276 1213 47 19 local

1888 1239 57 21 agent
1954 1238 30 16 for
1992 1238 32 17 the
2031 1235 44 20 Hot
2084 1238 70 16 Lakes
2162 1238 125 18 Cukonicxe.

1912 1270 28 18 On
1959 1270 68 23 Friday
2042 1273 44 14 next
2105 1277 22 11 an
2142 1277 48 16 open
2204 1272 28 16 air
2249 1273 74 15 concert

1888 1294 36 17 will
1932 1295 43 17 take
1983 1294 52 22 place
2044 1294 18 17 in
2109 1294 118 18 Sanatorium
2236 1295 87 17 Grounds

1888 1324 24 10 on
1930 1318 60 16 which,
2008 1318 84 16 occasion
2107 1319 31 15 the
2153 1318 77 22 takings
2245 1319 38 16 will
2300 1319 23 16 be

1888 1341 78 18 devoted
1976 1343 19 15 to
2002 1340 100 24 defraying
2110 1341 32 17 the
2151 1346 90 14 expenses
2249 1341 19 17 in
2277 1348 33 11 con-

1888 1365 74 16 nection
1970 1364 45 17 with
2025 1364 32 17 the
2065 1365 62 16 school
2145 1364 100 17 children's
2261 1365 62 22 picnic

1888 1392 19 12 to
1917 1387 94 18 Putaruru
2022 1387 58 18 which
2094 1393 62 11 comes
2164 1388 27 16 off
2199 1393 23 11 on
2239 1388 32 17 the
2286 1388 27 17 fol-

1887 1411 72 21 lowing
1975 1409 103 23 Thursday.
2113 1411 22 17 In
2152 1410 110 18 connection
2276 1410 45 18 with

1888 1435 31 16 the
1936 1434 56 17 latter
2012 1434 84 17 function
2114 1440 25 11 no
2153 1434 54 17 effort
2230 1435 14 16 is
2264 1434 59 22 being

1888 1457 66 23 spared
1964 1458 19 15 to
1992 1457 54 16 make
2051 1458 16 16 it
2075 1463 11 10 a
2095 1463 71 11 success
2176 1458 37 16 and
2222 1458 14 16 it
2247 1458 14 16 is
2271 1462 20 12 to
2298 1458 24 16 bo

1888 1480 60 22 hoped
1958 1480 43 17 that,
2016 1480 32 16 the
2065 1480 75 18 ireneral
2157 1480 65 22 public
2237 1481 37 17 will
2291 1487 20 10 co-

1887 1505 77 21 operate
1973 1504 25 21 by
2007 1503 130 24 contributing
2147 1503 86 24 liberally
2242 1510 24 11 on
2280 1504 31 17 Fri-

1887 1527 36 21 day
1930 1527 86 21 evening.

1910 1561 38 17 Tim
1966 1566 47 18 open
2028 1559 28 19 air
2070 1559 115 23 prohibition
2204 1559 106 18 demonstra-

1887 1585 39 18 tion
1944 1584 110 17 announce;!
2068 1585 19 14 to
2099 1583 43 17 take
2159 1583 54 21 place
2227 1589 24 10 on
2264 1582 43 19 Wed-

1887 1607 70 23 nesday
1974 1607 98 18 afternoon
2089 1606 36 17 lust
2142 1605 71 24 proved
2234 1606 63 18 rather
2310 1612 11 12 a

1887 1629 73 20 failure.
1994 1630 48 17 Half
2051 1636 22 12 an
2082 1630 49 17 hour
2148 1630 49 16 after
2206 1629 31 17 the
2254 1629 55 18 adver-

1887 1655 48 17 tised
1941 1653 46 19 time
2002 1655 20 16 of
2035 1653 158 18 commencement
2207 1652 53 18 there
2273 1658 48 11 were

1887 1678 45 21 only
1940 1677 57 18 about
2007 1683 9 12 n
2027 1676 56 18 dozen
2098 1681 77 17 persons
2190 1677 77 21 present
2284 1676 37 17 and

1887 1701 14 17 it
1915 1707 38 11 was
1968 1700 93 19 mutunllv
2074 1698 69 20 flsrreed
2158 1701 19 15 to
2192 1698 80 24 adjourn
2289 1698 32 19 the

1887 1723 84 24 meeting
1984 1723 29 18 till
2024 1722 32 19 tbo
2062 1722 99 24 following
2173 1722 87 23 evening.
2291 1722 28 17 On

1887 1746 104 20 Thursday,
2000 1746 93 20 bowovc-.r,
2112 1745 32 18 the
2159 1748 17 15 .-it
2181 1746 91 17 tendance
2289 1744 30 19 did

1887 1772 33 15 not
1930 1770 53 19 mneh
1994 1770 87 22 improve,
2093 1770 35 16 and
2147 1770 32 17 tlie
2192 1775 62 16 sparse
2266 1769 43 16 audi-

1887 1800 45 11 ence
1940 1794 49 17 after
1996 1793 69 23 gazinc
2072 1792 43 18 with
2124 1792 127 23 anticipatory
2265 1792 45 16 satis

1887 1818 70 16 faction
1974 1817 19 17 at
2009 1823 22 10 an
2044 1815 23 18 iin
2143 1815 73 18 banner
2230 1814 89 19 unfolded

1887 1840 25 22 by
1921 1839 31 19 Mr
1966 1839 73 17 Seddon
2054 1845 22 12 an
2085 1838 4 24 '
2107 1838 78 20 hrwinsr
2199 1839 75 21 explicit
2291 1838 19 18 in-

1887 1862 101 19 structions
1997 1862 42 18 how
2049 1864 19 14 fo
2081 1864 48 17 vote,
2145 1863 66 21 slowly
2220 1861 73 18 walke<?
2298 1867 11 12 a-

1887 1893 42 14 way
1938 1887 49 17 after
1994 1885 101 21 exhorting
2101 1886 45 17 each
2156 1886 53 17 other
2218 1887 20 16 to
2264 1885 57 22 stride,

1887 1911 32 15 out
1931 1910 41 18 that
1981 1910 33 20 top

1911 1941 69 18 Messrs
1988 1940 47 18 Abel
2047 1940 62 23 Dykes
2115 1941 37 17 and
2165 1942 40 19 Co.,
2221 1940 99 19 Auckland

1887 1964 32 17 the
1941 1963 105 24 publishers
2077 1965 20 15 of
2119 1965 32 16 the
2171 1970 42 11 new
2239 1963 80 18 Zealand

1887 1987 110 19 Cricketers'
2007 1987 80 18 Annual,
2099 1988 53 16 favor
2158 1994 22 11 us
2194 1988 45 16 with
2249 1994 11 10 a
2274 1993 47 17 copy

1887 2012 20 15 of
1916 2011 37 16 this
1962 2011 59 21 year's
2030 2010 54 17 issue.
2099 2011 18 16 Tt
2124 2011 15 16 is
2147 2011 60 17 edited
2213 2010 26 21 by-

1963 2034 20 16 of
2004 2034 31 16 the
2056 2034 85 18 Thames,
2159 2040 11 11 a
2187 2034 43 18 well
2251 2034 69 18 knowii

1888 2057 97 22 authority
1994 2063 23 10 on
2031 2057 32 17 the
2080 2064 55 14 panic
2144 2057 37 17 and
2195 2057 86 17 contains
2296 2064 25 10 an

1887 2081 89 17 immense
1985 2081 97 17 ammonnt
2096 2081 20 16 of
2124 2081 70 18 matter
2209 2081 113 21 interesting

1887 2106 20 15 to
1924 2104 32 17 the
1995 2103 78 20 kniffhts
2093 2104 20 17 of
2128 2104 33 17 the
2288 2104 22 17 In-

1887 2127 67 17 cluded
1969 2127 18 17 in
2013 2126 24 18 its
2059 2133 22 13 pa
2086 2133 31 11 Eros
2139 2133 30 11 arc
2187 2127 31 17 the
2236 2126 50 18 rules
2301 2128 21 16 of

1887 2151 68 18 cricket
1966 2157 19 10 as
1994 2150 88 17 amended
2091 2152 19 14 to
2243 2149 43 19 25th
2302 2151 20 17 of

1887 2174 36 17 last
1933 2179 44 12 vear
1985 2173 37 17 and
2034 2179 10 12 a
2053 2179 72 12 resume
2135 2173 20 17 of
2163 2173 33 18 the
2206 2172 51 18 work
2274 2173 48 18 done

1887 2197 47 16 both
1953 2196 18 18 in
1987 2196 32 17 the
2030 2197 68 20 colony
2111 2196 37 17 and
2164 2196 70 18 abroad
2253 2195 69 21 during

1887 2220 32 17 the
1933 2221 42 17 past
1990 2219 67 17 twelve
2074 2220 82 17 months.
2182 2219 48 17 Such
2248 2225 10 11 a
2272 2220 49 17 book

1887 2243 68 17 should
1969 2243 23 16 he
2006 2242 107 18 invaluable
2136 2244 19 15 to
2173 2241 108 19 secretaries
2302 2243 21 16 of

1888 2266 52 17 clubs
1958 2266 35 16 and
2004 2272 19 10 as
2032 2266 15 16 it
2056 2266 98 19 published
2164 2267 21 16 at
2190 2266 34 17 the
2228 2266 38 17 low
2272 2266 50 20 price

1887 2290 21 16 of
1912 2295 35 12 one
1957 2289 76 21 shilling
2042 2290 52 16 there
2103 2290 14 16 is
2123 2295 24 11 no
2154 2295 66 11 excuse
2230 2289 92 19 forbeinc

1888 2313 81 16 without
1975 2313 21 16 it.

1912 2343 38 18 The
1959 2343 52 22 largo
2024 2343 90 20 dwelling
2130 2345 58 16 house
2198 2344 85 22 opposite
2291 2343 32 19 the

1889 2366 119 19 Sanatorium
2020 2368 52 20 gates
2080 2367 61 17 which
2152 2367 33 18 has
2194 2367 47 18 been
2251 2368 18 16 in
2279 2373 33 16 pro-

1889 2396 39 11 cess
1942 2390 20 17 of
1980 2390 80 17 predion
2086 2390 69 21 during
2172 2390 33 17 tho
2219 2392 43 20 past
2288 2390 35 18 few

1889 2413 60 18 weeks
1959 2413 25 22 by
1994 2413 68 17 Messrs
2072 2412 61 19 Steele
2147 2414 89 16 Brothers
2253 2413 15 17 is
2281 2420 42 10 now

1889 2435 111 24 completed,
2011 2436 35 17 and
2057 2437 15 16 is
2080 2437 58 21 ready
2148 2438 29 16 for
2185 2437 111 23 occupation
2302 2443 20 12 as

1889 2465 45 12 soon
1943 2465 20 11 as
1971 2466 9 10 a
1988 2459 91 18 desirable
2089 2461 66 15 tenant
2164 2466 34 11 can
2207 2460 24 17 he
2241 2461 80 16 secured.

1888 2483 39 16 The
1939 2483 64 18 house,
2020 2482 58 18 which
2096 2483 37 17 will
2148 2484 22 16 he
2183 2483 69 17 known
2262 2490 20 10 as
2291 2484 31 16 thp

1889 2505 61 19 Coffee
1960 2505 67 19 Palace
2035 2506 15 16 is
2060 2505 105 24 admirably
2174 2506 81 22 adapted
2265 2507 21 17 to
2291 2506 31 18 the

1895 2535 81 16 pmposp
1985 2528 29 19 for
2029 2529 60 17 which
2108 2529 14 18 it
2132 2536 37 10 was
2187 2529 95 19 dpsiennd.
2303 2529 20 18 It

1889 2553 85 16 contains
1983 2554 9 14 fi
2002 2552 49 21 lofty
2058 2552 36 17 and
2106 2552 41 19 well
2156 2552 103 17 ventilated
2276 2554 35 16 bed-

1888 2581 68 12 rooms.
1967 2576 9 16 '2
1987 2575 66 18 sittin<r
2062 2582 61 10 rooms
2129 2576 37 17 and
2176 2582 11 12 a
2196 2576 66 21 dining
2270 2583 51 11 room

1890 2600 20 15 18
1920 2598 25 23 by
1955 2599 45 17 20ft.
2034 2599 38 16 The
2078 2599 49 16 dado
2136 2599 18 17 in
2164 2599 33 17 the
2206 2599 56 17 latter
2270 2606 52 11 room

1888 2622 36 17 and
1935 2622 39 17 also
1983 2622 40 16 that
2033 2622 18 16 in
2061 2622 33 17 the
2108 2628 80 16 passage
2202 2629 31 11 are
2242 2622 19 18 of
2275 2623 47 17 rinm

1888 2646 36 17 and
1935 2645 56 18 inntai
2000 2644 37 18 and
2047 2645 31 17 the
2096 2646 59 17 whole
2170 2646 20 17 of
2206 2646 33 16 the
2255 2646 68 18 timber

1889 2669 44 17 used
1950 2667 117 22 throughout
2082 2669 16 16 is
2114 2669 32 17 the
2160 2669 42 17 nick
2217 2670 21 16 of
2253 2669 69 18 Messrs

1890 2691 60 18 Steele
1960 2691 94 18 Brothers'
2065 2691 61 21 yards.
2152 2693 19 16 It
2189 2693 15 16 is
2215 2694 35 15 not
2266 2691 57 24 likely

1889 2715 44 18 that
1936 2721 12 11 a
1957 2715 58 16 house
2032 2719 21 13 eo
2061 2715 42 16 well
2121 2716 81 16 situated
2222 2716 37 16 and
2278 2715 33 18 sub-

1889 2737 77 19 stantial
1982 2738 49 16 built
2040 2738 36 16 will
2087 2738 23 17 he
2118 2738 46 23 long
2173 2744 11 11 v
2199 2738 55 18 thout
2263 2745 11 11 a
2281 2740 31 16 ten-

1888 2762 40 15 ant.

1911 2793 39 17 The
1970 2792 81 18 October
2067 2792 80 18 number
2166 2794 20 16 of
2202 2794 32 16 the
2248 2794 75 17 ReTiow

1888 2817 20 16 of
1918 2815 84 18 Reviews
2011 2815 16 17 is
2035 2815 35 17 full
2084 2816 20 16 of
2112 2816 84 18 interest.
2221 2817 39 17 Tlie
2277 2817 34 17 His-

1888 2841 43 19 tory
1938 2839 21 17 of
1963 2839 33 17 the
2002 2839 69 16 Month
2077 2839 47 18 both
2131 2840 66 17 within
2206 2839 37 18 and
2248 2839 75 23 beyond

1889 2863 33 16 the
1931 2862 81 17 colonies
2017 2862 15 17 is
2039 2861 124 23 interspersed
2169 2862 46 18 with
2222 2864 89 20 reproduc-

1888 2885 50 17 tions
1956 2885 20 17 of
1987 2885 86 17 cartoons
2087 2885 49 17 from
2150 2886 33 17 the
2197 2886 79 21 leading
2286 2886 24 17 hu-

1888 2914 88 11 mourous
1983 2913 68 17 papers
2057 2908 61 17 which
2126 2909 43 21 give
2175 2911 21 15 to
2204 2909 32 17 the
2246 2909 78 19 readinjr

1889 2932 70 17 matter
1968 2937 23 11 an
1998 2930 104 18 additional
2112 2933 43 16 zest.
2192 2931 49 18 'The
2257 2932 66 18 Wheel

1889 2955 19 17 in
1919 2954 107 18 Maoriland
2055 2954 26 22 by
2090 2954 31 18 Mr
2129 2955 23 17 E.
2162 2956 24 16 D.
2196 2956 75 19 Hoben,
2286 2956 38 17 late

1889 2977 22 18 of
2050 2977 16 17 is
2075 2983 24 11 tin
2115 2978 114 23 interesting
2244 2980 79 16 account

1889 3001 21 17 of
1916 3000 76 22 cycling
2001 3001 18 16 in
2028 3000 39 17 this
2075 3001 73 21 Colony
2155 3001 20 17 in
2184 3002 32 16 the
2226 3008 64 11 course
2304 3003 20 16 of

1889 3023 61 18 which
1960 3024 32 17 the
1997 3024 49 17 most
2059 3024 112 22 interesting
2183 3027 64 15 routes
2255 3025 48 17 from
2314 3032 10 10 a

1890 3046 81 22 cyclist's
1995 3046 53 20 point
2067 3047 20 17 of
2110 3053 48 11 view
2187 3054 31 11 are
2246 3048 77 22 pointed

1890 3071 39 16 out.
1947 3070 31 16 Mr
1987 3070 24 16 I).
2019 3069 19 17 J.
2046 3070 69 20 Quinn,
2121 3071 19 16 in
2147 3071 29 17 his
2183 3071 54 17 usual
2246 3072 78 21 graphic

1890 3093 53 21 style,
1952 3098 61 12 serves
2018 3099 26 14 up
2052 3093 32 17 the
2092 3093 39 18 feat
2136 3094 20 17 of
2162 3094 81 22 Captain
2251 3094 73 18 Joshua

1891 3116 75 17 Rlocum
1973 3116 48 16 'who
2029 3115 19 18 in
2062 3116 29 17 his
2105 3117 57 21 yacht,
2180 3119 12 7 '*
2201 3117 61 23 Spray
2291 3118 33 17 has

1890 3139 40 22 just
1939 3139 105 22 completed
2053 3145 11 11 a
2070 3140 45 16 tour
2122 3140 21 17 of
2152 3140 99 18 tlieworld.
2284 3142 39 16 The

1891 3163 80 16 number
1978 3167 21 11 as
2008 3168 10 11 a
2026 3161 62 18 whole
2096 3168 98 17 engrosses
2209 3164 33 16 the
2258 3165 53 16 atten-

1891 3185 40 17 tion
1941 3185 20 17 of
1968 3185 31 16 the
2011 3185 70 17 reader.

1973 3216 53 17 THE

1892 3268 128 22 Experienced
2034 3268 27 23 by
2075 3269 79 17 delicate
2168 3269 103 21 travellers,
2288 3270 28 18 dis-

1893 3292 63 17 orders
1969 3292 21 17 of
2004 3292 33 17 the
2052 3293 91 18 stomach.
2159 3293 38 17 loss
2214 3294 21 17 of
2243 3295 83 18 appetite

1893 3315 37 17 and
1949 3315 56 22 sleep,
2020 3321 31 11 are
2067 3316 26 17 all
2108 3315 81 18 relieved
2202 3316 27 23 by
2249 3316 78 19 Wolfe's

1894 3337 103 23 Schnapps.

2348 122 67 22 THE
2435 122 158 22 GENERAL
2611 120 161 24 ELECTION.

2371 171 59 17 There
2438 176 39 12 was
2485 174 34 14 not
2525 178 12 10 a
2552 173 55 20 great
2620 171 42 17 deal
2677 171 20 16 of
2710 170 61 17 excite-

2347 196 51 15 ment
2406 194 21 17 in
2435 195 85 16 liotorua
2528 200 45 12 over
2580 195 33 16 the
2621 193 79 18 election
2709 194 62 20 yester-

2347 216 37 22 day
2393 218 73 21 though
2476 218 31 17 the
2517 219 38 16 fact
2565 219 42 16 that
2616 224 11 9 a
2639 216 48 17 total
2701 216 80 16 number

2347 240 20 16 of
2373 240 33 16 30j
2416 242 52 15 votes
2477 246 48 13 were
2539 240 88 18 recorded
2641 241 33 15 out
2689 239 20 17 of
2722 239 59 16 about

2347 263 34 16 340
2391 268 22 12 on
2424 263 31 17 the
2465 263 35 17 roll
2509 265 15 15 is
2538 270 11 11 a
2563 264 56 22 proof
2633 263 41 16 that
2690 263 47 16 keen
2751 262 20 17 in-

2347 287 56 16 terest
2412 291 38 12 Was
2459 287 57 16 taken
2525 287 19 18 in
2554 288 21 16 it.

2368 309 40 17 The
2417 309 98 23 following
2523 316 32 11 are
2565 311 31 16 the
2605 311 74 15 returns
2685 309 42 17 that
2733 308 48 17 have

2347 338 52 11 come
2407 334 21 15 to
2436 333 57 16 hand.

2576 355 99 18 Heebies.
2702 355 78 16 Kelly.

2369 378 84 17 liotorua
2469 378 2 18 .
2480 378 3 18 .
2607 379 32 16 117
2724 378 33 16 188

2369 401 64 22 Taupo
2471 401 2 22 .
2481 401 4 22 .
2540 401 4 22 .
2552 401 3 22 .
2619 402 22 16 22
2737 402 19 15 21

2369 424 100 23 Tauranga
2539 424 3 23 .
2550 424 3 23 .
2606 425 33 16 204
2722 424 35 17 239

2368 446 79 19 Maketu
2469 462 14 3 ..
2629 448 11 16 9
2737 449 20 16 19

2368 469 26 17 Te
2402 470 53 17 Puke
2469 469 2 19 .
2480 469 3 19 .
2618 470 22 17 79
2724 471 32 17 104

2369 493 74 17 Matata
2468 508 14 4 ..
2539 508 14 4 ..
2619 494 21 16 IS
2737 494 19 18 12

2369 515 76 23 Opotiki
2469 515 2 23 .
2480 515 3 23 .
2539 515 3 23 .
2550 515 4 23 .
2607 518 33 15 102
2723 519 34 15 240

2369 538 117 19 Whakatane
2539 538 3 20 .
2550 538 3 20 .
2617 541 23 16 57
2735 542 22 15 i>H

2369 561 85 19 Katikati
2468 561 3 20 .
2479 561 3 20 .
2538 561 3 20 .
2549 561 4 20 .
2617 564 23 15 80
2735 565 22 15 39

2369 585 126 19 Momnsville
2539 585 3 19 .
2551 585 3 19 .
2618 587 22 16 73
2735 588 22 15 29

2368 608 57 17 Tirau
2469 608 2 20 .
2480 608 3 20 .
2539 608 3 20 .
2550 608 3 20 .
2617 610 23 15 48
2735 611 22 16 32

2369 630 90 19 Greerton
2469 630 14 21 ..
2539 630 3 21 .
2551 630 3 21 .
2618 633 22 16 32
2735 634 22 15 33

2368 654 88 18 TePuna
2469 670 14 4 ..
2617 656 23 16 24
2737 657 19 15 14

2368 676 115 21 Waharoa..
2539 676 15 21 ..
2618 680 22 15 20
2735 681 21 15 07

2369 700 76 18 Gordon
2469 700 14 20 ..
2539 700 15 20 ..
2630 708 10 9 o
2736 703 22 16 23

2370 724 112 23 Cambridge
2499 726 38 17 and

2369 747 113 23 Cambridge
2491 750 53 17 West
2606 749 34 16 397
2723 749 34 16 228

2369 769 68 18 Waotu
2468 786 15 3 ..
2539 787 15 3 ..
2629 773 11 15 9
2737 773 20 15 18

2370 794 112 19 Athenree..
2539 794 15 19 ..
2619 796 17 15 11
2747 796 11 15 0

2369 816 121 23 Pongakawa
2539 833 15 3 ..
2620 820 20 14 l(i

2370 839 123 24 Shaftesbury
2618 843 22 15 29
2747 843 8 14 4

2368 863 78 17 Waihou
2469 863 4 19 ~
2551 863 3 19 .
2618 867 23 15 00
2736 865 21 16 38

2368 885 115 20 Lichfield..
2539 890 102 15 ..20
2749 888 7 16 1

2594 936 45 16 1002
2713 935 43 15 1434

2368 967 17 16 A
2395 966 114 23 subsequent
2523 968 45 15 wdre
2584 967 51 22 gives
2651 966 31 17 !Mr
2698 966 82 16 Herries'

2346 990 88 21 majority
2448 995 20 13 as
2486 990 32 17 150
2535 990 46 17 with
2599 990 32 16 the
2648 989 79 18 Galatea
2744 990 37 15 and

2346 1012 88 18 Tokaanu
2443 1014 75 16 returns
2527 1015 20 14 to
2553 1019 52 11 come
2613 1013 66 18 which,
2687 1012 93 19 however,

2346 1039 69 14 cannot
2425 1036 82 22 possibly
2517 1037 56 16 affect
2580 1037 33 16 the
2622 1035 63 18 result.

2370 1059 59 18 Other
2437 1060 68 16 results
2514 1066 21 11 so
2547 1060 30 16 far
2586 1065 20 11 as
2619 1058 84 19 received
2713 1064 31 11 are
2761 1064 20 11 as

2346 1082 108 17 follows:

2369 1104 99 19 Auckland
2477 1103 3 25 :
2502 1104 115 24 Thompson,
2636 1104 28 20 G.,
2689 1103 83 17 Holland

2345 1129 29 17 G..
2385 1127 102 22 Crowther,
2498 1128 22 17 O.

2369 1151 85 22 Parnell:
2468 1151 74 22 Lawry,
2553 1151 23 17 G.

2369 1175 97 17 Manukau
2474 1174 3 19 :
2491 1174 92 19 O'Korke,
2595 1174 22 17 G.

2369 1198 90 18 Franklin
2468 1197 3 23 :
2485 1197 82 23 Massey,
2578 1198 22 17 O.

2369 1220 121 22 Ohineniuri:
2505 1220 90 22 Caduian,
2607 1221 21 17 G.

2369 1245 52 16 Eden
2429 1243 3 21 i
2446 1243 84 21 Bollard,
2541 1243 22 19 O.

2369 1267 88 18 Dunedin
2464 1271 5 14 :
2483 1267 67 18 Scobio
2557 1266 114 21 Mackenzie,
2687 1266 28 21 0.,
2728 1266 44 17 Fish

2345 1290 29 18 0.,
2384 1290 108 18 Pinkerton,
2501 1290 23 18 G.

2370 1313 113 24 Wellington
2497 1313 4 24 :
2524 1313 127 21 Hutchinson,
2669 1313 30 20 G.,
2717 1313 54 17 Stout

2345 1337 29 18 0..
2385 1337 71 21 Fisher,
2466 1338 23 17 G.

2368 1360 82 18 Hawkes
2459 1359 50 23 Bay:
2524 1359 80 21 Russell,
2611 1359 22 18 0.

2369 1383 91 24 Kaiapoi:
2474 1384 71 20 Moore,
2557 1383 21 19 O,

2368 1405 91 19 Taranaki
2469 1405 3 22 :
2487 1406 75 21 Brown,
2572 1406 23 17 O.

2368 1430 59 18 Brace
2435 1429 3 19 :
2453 1430 61 18 Allen.
2525 1429 22 19 0.

2367 1452 71 21 Taieri:
2452 1452 115 21 Cairncross,
2579 1452 23 18 G.

2367 1475 99 24 Tuapeka:
2480 1475 93 22 Larnach,
2584 1476 23 17 G.

2368 1499 93 23 Waipawa
2471 1499 3 23 :
2489 1499 81 21 Hunter,
2581 1499 22 17 O.

2367 1522 111 19 Geraldine:
2492 1522 95 21 Flatraan,
2598 1522 23 17 G.

2367 1544 69 22 Patea;
2451 1545 127 21 Hutchinson,
2591 1544 23 18 O.

2367 1569 125 19 Waikouaiti:
2508 1569 61 19 Allen,
2579 1569 23 17 G.

2367 1593 52 16 Avon
2428 1592 3 20 :
2445 1593 80 19 Tauner,
2536 1592 22 17 G.

2367 1616 96 17 Westlaud
2473 1614 3 21 :
2490 1614 115 21 Seddon.G.

2367 1638 116 17 Palmorston
2493 1638 4 17 .
2512 1638 70 17 Piraui.
2598 1638 15 17 I.

2367 1662 73 18 Several
2450 1662 20 17 of
2479 1662 51 17 these
2540 1664 74 14 returns
2621 1667 32 11 are
2666 1662 113 22 incomplete

2343 1684 35 19 but
2387 1685 13 18 it
2410 1685 15 18 is
2435 1684 118 24 improbable
2562 1685 43 17 that
2614 1684 45 23 they
2675 1684 37 18 will
2724 1685 55 18 affect

2343 1708 32 17 the
2384 1709 63 16 result.

2366 1737 38 17 The
2414 1736 99 24 following
2529 1737 15 16 is
2553 1736 33 18 the
2602 1736 57 17 result
2673 1736 21 18 of
2710 1736 31 17 the
2755 1736 15 17 li-

2343 1760 77 22 censing
2428 1760 38 22 poll
2477 1766 19 10 so
2506 1760 29 18 far
2543 1766 21 10 as
2571 1758 113 19 obtainable.

2454 1787 94 18 Licenses.
2562 1787 80 17 Reduce.
2657 1787 29 17 Xo
2695 1787 83 17 licenses.

2343 1811 83 17 Rotorua
2475 1811 3 19 .
2489 1811 31 17 192
2593 1811 20 15 K4
2710 1811 22 17 88

2343 1834 63 22 Taupo
2498 1834 20 17 31
2604 1834 11 17 3
2721 1835 10 16 4

2343 1857 99 23 Tauranga
2485 1858 33 15 234
2580 1857 34 16 223
2698 1858 34 15 230

2343 1880 78 18 Maketu
2501 1882 18 14 1-1
2595 1880 19 16 14
2711 1881 21 15 12

2344 1903 126 18 Morrinsville
2497 1905 23 15 4(i
2590 1904 24 15 -12
2710 1905 21 15 J4

2343 1926 55 18 Tlrau
2499 1927 19 16 CI
2595 1926 21 17 10
2711 1927 21 15 10

2343 1948 87 19 TeFulro
2487 1951 33 15 105
2593 1951 21 14 (>r>
2710 1950 22 16 (i
2763 1948 30 19 7

2344 1972 93 19 Wahaioa
2498 1974 20 16 51
2593 1973 21 16 24
2709 1973 23 17 2C

2414 2046 52 17 THE
2480 2045 86 18 TAUPO
2584 2043 124 20 DISTRICT.

2437 2093 45 17 Tjik
2490 2092 106 18 Terraces
2608 2091 76 17 Hotel.

2367 2127 23 17 In
2400 2126 87 23 drawing
2495 2123 95 21 attention
2600 2124 19 15 to
2629 2122 31 17 the
2671 2128 96 13 announce-

2344 2152 51 16 ment
2405 2151 19 16 of
2433 2150 70 17 Messrs
2512 2149 48 18 Ros*
2569 2146 36 17 and
2612 2146 101 21 McKinley
2719 2146 20 16 of
2748 2146 33 18 the

2344 2174 86 17 Terraces
2439 2173 65 20 Hotel,
2515 2172 71 19 Taupo,
2597 2174 22 12 an
2630 2169 123 23 opportunity
2764 2169 12 16 is-

2344 2195 82 19 afforded
2443 2197 21 16 of
2480 2195 108 20 describing
2611 2192 33 17 the
2663 2192 59 17 house
2742 2190 37 19 and

2344 2219 83 23 grounds
2440 2226 20 9 as
2477 2219 45 21 they
2539 2213 94 27 appeared
2649 2220 23 12 on
2689 2221 12 10 a
2716 2216 64 16 recent

2343 2242 50 18 visit.
2423 2242 40 17 The
2479 2242 51 17 hotel
2544 2242 16 16 is
2574 2238 82 17 situated
2669 2237 58 17 about
2742 2240 38 14 two

2344 2266 52 18 miles
2406 2266 48 17 from
2465 2266 32 18 the
2506 2265 65 22 Taflpo
2640 2261 51 17 office
2706 2261 37 16 and
2760 2261 20 18 at

2344 2295 23 12 an
2379 2289 79 17 altitude
2468 2289 19 18 of
2496 2289 58 16 about
2570 2285 34 20 250
2618 2285 38 16 feet
2671 2284 60 17 above
2748 2284 32 17 the

2344 2312 48 18 lake.
2417 2312 39 17 The
2466 2312 44 18 road
2520 2311 56 17 skirts
2586 2307 31 18 the
2626 2307 42 17 lake
2677 2313 10 11 a
2702 2308 44 21 part
2760 2308 21 16 of

2344 2337 32 16 the
2386 2335 83 18 distance
2478 2336 37 16 and
2525 2336 44 16 then
2579 2329 81 24 striking
2674 2331 27 16 off
2713 2332 21 15 to
2748 2331 32 16 the

2344 2359 92 17 eastward
2457 2359 75 17 follows
2557 2358 32 16 the
2614 2359 64 12 course
2703 2353 19 17 of
2747 2353 32 18 the

2344 2383 35 17 hot
2387 2384 58 16 water
2454 2382 53 17 (neck
2517 2380 60 18 which
2587 2378 52 19 flows
2649 2376 83 22 through
2748 2377 33 16 the

2344 2406 51 17 hotel
2405 2405 83 21 grounds
2497 2405 37 17 and
2541 2406 54 15 them
2602 2400 57 17 forms
2666 2399 32 18 the
2706 2399 61 19 Oneke-

2344 2428 47 18 neke
2404 2428 41 19 Hot
2460 2428 58 19 Lake,
2536 2428 33 16 the
2584 2424 72 22 largest
2672 2422 33 18 hot
2724 2424 57 16 water

2344 2452 107 21 Bwimming
2459 2451 69 22 lagoon
2535 2451 19 17 in
2562 2451 32 16 the
2600 2446 87 21 Thermal
2694 2446 85 17 District.

2345 2474 134 24 Approaching
2487 2474 33 18 the
2529 2475 58 16 house
2597 2475 35 14 one
2640 2470 68 16 cannot
2718 2468 33 19 fail
2760 2472 21 14 to

2344 2499 23 16 be
2377 2498 62 18 struck:
2450 2498 44 17 with
2511 2496 32 18 the
2560 2496 89 17 immense
2665 2494 79 15 amount
2760 2493 21 17 of

2344 2527 42 11 care
2393 2522 60 16 which
2463 2520 34 18 has
2505 2520 47 17 been
2562 2515 94 21 bestowed
2665 2521 24 11 on
2699 2515 32 18 the
2737 2515 32 23 lay-

2344 2545 34 22 ing
2386 2546 34 16 out
2428 2545 21 16 of
2463 2545 32 17 the
2511 2541 90 25 grounds.
2635 2538 146 24 Tree-planting

2344 2568 34 17 has
2387 2568 44 22 only
2440 2567 46 18 been
2497 2565 72 20 carried
2578 2571 24 12 on
2616 2562 69 21 during
2694 2562 33 16 the
2743 2561 37 19 last

2344 2597 53 10 seven
2409 2596 54 17 years
2471 2590 34 17 but
2515 2590 33 17 the
2557 2588 74 22 growth
2678 2585 42 17 that
2734 2585 46 17 time

2344 2614 15 17 is
2378 2614 107 18 something
2506 2611 119 19 marvellous.
2651 2607 22 19 In
2683 2608 32 17 the
2724 2608 44 22 plan-

2344 2638 70 16 tations
2423 2635 88 25 adjacent
2520 2638 21 15 to
2550 2636 33 17 the
2591 2635 59 17 house
2657 2637 44 16 may
2708 2630 24 19 be
2736 2637 43 12 seen

2346 2661 21 16 1(5
2376 2661 86 16 varieties
2471 2660 19 17 of
2499 2658 109 19 Australian
2617 2661 55 18 gums
2681 2654 99 23 including

2344 2684 33 16 the
2386 2682 128 24 apple-leafed
2524 2689 52 15 gum.
2586 2681 31 17 red
2633 2687 51 14 gum,
2699 2683 69 17 pepper-

2345 2707 47 17 mint
2401 2713 52 16 gum.
2464 2705 73 23 Btringy
2547 2704 53 19 bark,
2614 2704 43 17 blue
2673 2706 52 19 gum,
2743 2701 36 17 and

2344 2736 21 11 so
2374 2736 30 11 on.
2429 2729 39 18 The
2481 2728 48 18 bark
2543 2728 66 17 Wattle
2625 2727 34 17 has
2676 2727 39 17 also
2732 2724 47 17 been

2344 2753 77 22 planted
2430 2754 43 15 bore
2485 2751 44 20 and,
2539 2750 79 22 though,
2630 2749 41 18 well
2687 2747 92 20 sheltered

2344 2776 79 17 suffered
2432 2781 20 13 so
2462 2774 56 20 much
2532 2774 47 18 from
2596 2774 32 17 the
2642 2774 57 16 frosts
2712 2771 20 16 of
2748 2771 31 16 the

2344 2800 51 21 early
2404 2801 43 20 part
2457 2799 20 17 of
2485 2797 108 19 November
2601 2797 43 18 that
2652 2795 52 18 there
2713 2794 16 16 is
2744 2794 36 17 but

2344 2828 12 11 a
2372 2828 46 16 poor
2431 2822 70 17 chance
2515 2822 19 17 of
2550 2821 54 17 those
2619 2820 76 22 planted
2708 2816 25 23 by
2747 2817 32 17 the

2344 2846 127 17 Government
2480 2851 24 10 on
2514 2845 32 17 the
2553 2844 109 20 Kaingaroa
2668 2843 61 22 plains
2736 2846 32 11 suc-

2344 2869 84 20 ceeding.
2454 2869 71 16 Nearer
2539 2868 32 16 the
2587 2867 60 17 house
2661 2863 118 19 ornamental

2345 2891 105 21 gardening
2470 2892 34 16 has
2525 2891 46 17 been
2593 2888 91 22 indulged
2705 2889 20 17 in
2742 2886 37 17 and

2344 2915 98 21 flowering
2450 2915 64 20 plants
2530 2914 20 17 of
2567 2914 25 16 all
2609 2912 122 22 e'escriptions
2748 2915 31 11 are

2344 2938 88 21 bursting
2448 2938 40 17 into
2505 2937 63 17 bloom
2586 2936 55 17 while
2657 2934 122 24 magnificent

2345 2962 102 21 specimens
2457 2962 20 16 of
2489 2965 125 16 maorooarpa,
2630 2964 80 17 cypress,
2729 2957 40 18 Cali-

2345 2985 61 16 fornia
2415 2985 49 21 pine,
2474 2984 107 17 tree-ferns.
2602 2983 38 18 &c,
2658 2981 71 18 refresh
2746 2980 33 17 the

2345 3013 43 16 eyes
2396 3008 20 17 of
2424 3008 80 16 visitors.
2518 3007 40 16 The
2566 3006 58 17 house
2632 3004 52 17 itself
2689 3004 15 17 is
2713 3005 21 16 of
2742 3006 37 15 two

2346 3032 71 20 storeys
2426 3030 46 17 with
2487 3036 11 10 a
2516 3029 108 22 projecting
2641 3028 51 21 wing
2708 3028 21 16 of
2744 3033 36 11 one

2346 3055 63 21 storey
2416 3053 113 21 containing
2536 3053 34 17 the
2584 3052 136 21 dining-room,
2738 3051 40 18 bar,

2345 3077 83 19 kitchen,
2438 3077 32 16 &c.
2496 3076 60 17 There
2565 3081 31 12 are
2605 3076 22 15 20
2636 3080 61 11 rooms
2710 3074 19 17 in
2746 3074 32 18 all,

2346 3100 33 17 the
2386 3100 99 17 bedrooms
2494 3099 59 20 being
2562 3098 69 22 mostly
2640 3103 23 11 on
2673 3098 32 16 the
2720 3103 61 16 upper

2346 3122 52 18 floor.
2423 3122 40 18 The
2476 3124 89 15 entrance
2579 3121 37 17 hall
2633 3120 78 18 extends
2729 3121 51 20 right

2346 3145 83 23 through
2435 3146 33 16 the
2474 3145 58 17 bouse
2540 3144 66 22 giving
2612 3145 15 16 it
2633 3146 37 15 two
2677 3143 104 23 frontages,

2347 3169 32 18 the
2388 3169 71 22 Napier
2468 3168 78 17 coaches
2563 3173 77 17 passing
2656 3173 24 10 on
2697 3166 32 18 the
2746 3173 35 10 one

2346 3193 51 16 hand
2407 3192 35 17 and
2458 3192 32 17 the
2507 3190 91 18 Tokaanu
2616 3190 75 18 coaches
2708 3195 24 11 on
2748 3190 33 16 the

2347 3216 59 16 other.
2431 3215 39 17 The
2479 3214 61 18 whole
2549 3214 20 18 of
2577 3214 32 17 the
2617 3219 63 11 rooms
2692 3218 32 11 are
2732 3213 49 21 lofty

2347 3238 37 17 and
2394 3237 157 18 well-ventilated
2561 3237 37 17 and
2607 3235 118 23 luxuriously
2740 3236 30 17 fur-

2347 3262 72 17 nished.
2444 3261 39 16 The
2492 3260 91 17 domestic
2596 3260 140 20 arrangements
2751 3265 32 10 are

2349 3286 20 16 at
2377 3286 75 21 present,
2460 3284 19 18 in
2488 3283 33 18 the
2530 3283 61 17 bands
2600 3284 19 16 of
2630 3282 39 17 Mrs
2678 3282 103 18 Crowther.

2347 3307 38 18 late
2405 3308 20 16 of
2449 3307 31 17 the
2504 3305 93 19 Atfamuri
2605 3305 73 24 JHotel,

2348 3329 99 24 destroyed
2456 3330 25 22 by
2489 3330 34 17 fire
2532 3330 37 17 and
2578 3329 58 17 about
2647 3330 18 15 to
2675 3328 22 17 be
2707 3328 74 18 rebuilt.

2350 3354 18 17 It
2377 3354 15 17 is
2401 3358 125 17 unnecessary
2535 3354 20 14 to
2565 3358 33 16 my
2606 3352 43 17 that
2656 3350 33 18 the
2698 3357 51 11 acme
2764 3352 20 16 of
2793 3347 2 28 I

2349 3377 79 17 comfort
2437 3376 15 17 is
2461 3375 123 23 experienced
2597 3375 24 22 by
2631 3376 70 20 guests.
2719 3375 65 17 Above
2793 3373 2 25 I

2349 3399 32 18 the
2390 3401 38 16 two
2436 3399 51 17 main
2503 3401 98 14 entrances
2615 3404 30 11 are
2659 3404 66 16 roomy
2742 3398 31 17 bal-

2350 3423 61 17 conies
2419 3423 49 16 from
2477 3422 60 17 which
2552 3421 122 22 magnificent
2687 3422 97 21 prospects

2350 3451 31 12 are
2389 3445 89 17 afforded.
2504 3445 26 17 To
2540 3445 32 17 the
2581 3444 56 17 north
2647 3445 19 16 at
2675 3450 10 11 a
2701 3444 83 17 distance

2350 3469 20 17 of
2379 3469 58 17 about
2449 3475 10 9 a
2468 3467 43 18 mile
2520 3468 66 16 stands
2600 3468 19 16 in
2635 3466 77 22 solitary
2727 3474 46 14 gran-

2350 3491 52 19 deur,
2412 3491 92 18 Tauhara.
2515 3492 54 18 2,392
2579 3491 36 16 feet
2624 3490 59 17 above
2694 3489 32 19 the
2734 3490 49 19 lake,

2351 3515 77 17 wooded
2442 3515 69 16 almost
2525 3516 21 15 to
2560 3513 33 18 the
2610 3513 77 17 summit
2703 3519 42 11 save
2761 3520 24 11 on

2351 3543 35 12 one
2395 3543 22 12 or
2425 3539 38 15 two
2470 3538 19 16 of
2497 3537 33 17 the
2539 3541 59 18 spurs,
2609 3542 24 11 on
2642 3542 35 11 one
2691 3536 19 17 of
2725 3536 59 17 which

2351 3561 16 17 is
2376 3568 10 10 a
2394 3559 114 24 practicable
2518 3559 52 18 track
2579 3559 110 21 negotiable
2697 3565 46 11 even
2760 3559 18 21 by-

2351 3584 65 17 ladies.
2441 3583 23 17 In
2474 3583 32 17 the
2516 3583 70 18 middle
2602 3583 83 16 d.stance
2703 3589 43 15 may
2763 3582 23 17 be

2352 3613 41 10 seen
2403 3608 87 21 frequent
2501 3606 37 23 jets
2548 3606 20 17 of
2576 3607 59 16 steam
2650 3605 92 22 denoting
2754 3606 33 17 the

2353 3636 87 14 presence
2449 3630 21 16 of
2477 3629 32 17 the
2520 3629 71 17 Crow's
2605 3628 47 18 Nest
2666 3634 71 17 geyser,
2754 3629 34 17 the

2353 3653 86 22 Karapiti
2461 3652 97 17 Blowhole
2578 3651 38 18 and
2632 3652 32 16 the
2686 3656 102 13 numerous

2353 3676 54 17 other
2416 3681 81 17 geysers,
2508 3675 100 17 fnnieroles
2616 3674 37 17 and
2662 3674 34 17 hot
2712 3674 76 21 springs

2353 3699 19 17 in
2381 3699 32 17 the
2421 3697 144 22 neighborhood
2574 3698 22 17 of
2602 3697 32 17 the
2644 3697 37 19 Spa
2689 3698 38 16 and
2735 3696 39 19 Wai-

2353 3722 52 17 rakei
2413 3728 6 15 ;
2438 3721 20 17 in
2467 3721 32 17 the
2511 3720 124 22 background
2649 3720 68 17 Mount
2730 3720 47 17 Tara-

2354 3751 49 11 wera
2419 3744 38 18 and
2474 3745 32 16 the
2524 3745 72 16 Paeroa
2613 3750 58 16 range
2687 3743 50 18 loom
2755 3750 33 16 up.

2354 3768 38 17 The
2400 3768 54 17 finest
2464 3768 47 16 view
2524 3768 16 16 is
2555 3768 87 16 however
2654 3766 70 17 offered
2740 3767 48 16 from

2355 3791 31 17 the
2395 3790 81 23 balcony
2484 3790 80 22 looking
2579 3790 82 17 towards
2675 3790 32 16 the
2725 3790 63 17 south.

2355 3813 64 23 Taupo
2428 3813 57 17 Moan
2488 3820 16 12 a,
2515 3814 33 16 the
2557 3815 53 19 great
2618 3812 66 18 inland
2701 3818 36 14 sea,
2755 3814 35 16 200

2355 3843 66 16 square
2430 3837 52 17 miles
2491 3837 19 16 in
2517 3838 66 16 extent
2588 3836 76 21 spreads
2672 3837 34 15 out
2713 3836 26 16 its
2746 3835 44 18 blue

2355 3862 67 15 waters
2435 3859 88 20 beneath,
2538 3865 34 11 one
2582 3860 77 21 solitary
2668 3858 47 20 islet,
2724 3859 53 17 Motu-

2355 3883 57 21 taiko,
2423 3883 76 21 dotting
2508 3883 24 17 its
2542 3883 79 17 surface.
2638 3882 29 17 On
2677 3882 31 17 the
2717 3883 74 16 further

2356 3905 54 18 shore
2418 3905 32 18 the
2460 3912 33 11 eve
2502 3906 41 17 first
2558 3907 47 16 rests
2619 3910 51 18 upon
2686 3905 32 16 the
2735 3910 44 12 cone-

2356 3930 70 21 shaped
2435 3928 48 23 peak
2492 3930 21 16 of
2520 3929 118 21 Ngaurnhoe
2648 3928 47 17 from
2710 3926 61 20 which
2780 3935 11 10 a

2356 3953 71 17 wreath
2436 3952 21 17 of
2466 3954 58 16 steam
2533 3952 16 17 is
2558 3952 59 21 rising
2625 3950 4 23 ;
2644 3951 31 17 the
2683 3950 34 18 flat
2726 3952 33 21 top
2772 3952 20 16 of

2356 3976 105 22 Tongariro
2480 3975 17 17 is
2517 3975 40 17 also
2577 3974 110 18 discernible
2708 3974 38 17 and
2772 3980 19 11 as

2356 4004 28 12 we
2403 4004 46 16 gaze
2466 3999 24 17 To
2506 3997 61 22 Mars,
2586 4004 11 11 a
2612 3997 105 18 blow-hole
2734 3997 59 17 about

2358 4023 52 19 1,200
2419 4023 39 16 feet
2467 4022 48 17 from
2533 4022 33 17 the
2583 4021 77 17 summit
2677 4020 36 17 and
2731 4020 61 17 which

2356 4045 35 17 har
2399 4045 48 17 been
2460 4045 19 17 in
2496 4044 88 23 eruption
2601 4043 145 22 intermittently
2764 4044 29 16 for

2357 4068 32 17 the
2398 4070 42 20 past
2456 4067 51 18 week
2525 4073 21 13 or
2560 4069 44 19 two,
2622 4065 91 23 suddenly
2730 4066 63 17 bursts

2358 4091 40 17 into
2408 4091 79 21 activity
2496 4091 37 17 and
2543 4093 54 19 great
2609 4090 84 17 volumes
2702 4090 20 16 of
2730 4090 63 17 smoke

2358 4114 37 17 and
2404 4115 53 16 ashes
2466 4114 56 17 shoot
2530 4120 27 16 up
2564 4114 41 16 into
2614 4113 33 17 the
2655 4113 33 17 air.
2720 4112 75 18 Almost

2358 4138 21 16 at
2386 4137 32 17 the
2427 4143 50 11 same
2486 4138 84 16 moment
2579 4138 59 16 steam
2647 4136 64 17 rushes
2719 4136 76 21 fiercely

2801 92 184 9 rßiac-^sn»»-<r>-if.—i.r.
3001 92 28 8 ,T,ri
3035 92 54 8 ir-«£j
3094 92 133 14 ■—.■.-g—r-;nt-mg^i

2804 122 49 16 from
2862 122 33 16 the
2904 122 50 15 crate
2957 126 8 10 r
2973 119 51 18 lakes
3040 124 24 12 on
3080 119 102 20 Tongariro
3197 121 31 19 anj

2805 144 89 18 Ketetahi
2913 143 78 17 another
3008 141 67 21 outlet,
3092 147 24 11 on
3132 147 11 12 a
3160 143 68 21 parallel

2804 167 46 18 with
2859 167 26 16 Te
2895 167 58 18 Mure,
2964 165 97 18 manifests
3071 165 50 16 it-elf
3130 165 18 16 in
3163 171 23 11 an
3199 172 20 13 un-

2805 189 112 19 mistakable
2939 194 83 12 manner.
3061 188 115 21 Ngauruhoe
3198 192 31 17 and

2804 213 92 22 Ibiapehri
2905 217 43 12 now
2957 211 43 18 take
3009 217 10 11 a
3033 211 52 17 Land
3098 211 20 16 in
3134 211 31 16 the
3181 217 48 17 game

2803 237 38 17 and
2850 237 32 16 the
2892 236 62 16 writer
2963 235 15 16 is
2987 233 83 18 afforded
3079 240 35 10 one
3122 234 20 16 of
3147 234 31 17 the
3186 241 42 13 most

2803 258 121 25 magnificent
2935 257 61 21 sights
3006 257 22 18 he
3036 258 34 16 has
3079 263 42 11 ever
3130 256 96 22 witnessed.

2803 284 40 17 The
2848 282 67 19 smoke
2923 279 39 20 and
2968 282 61 16 steaffi
3042 280 51 18 blow
3109 284 44 13 over
3168 280 18 18 in
3202 283 27 17 tie

2803 306 91 18 direction
2903 305 20 17 of
2935 304 33 18 the
2982 305 123 15 Kaimanawa
3118 308 66 16 ranges
3199 304 29 20 btt

2803 336 20 11 as
2832 335 24 12 an
2865 328 88 17 evidence
2961 328 21 17 of
2989 327 33 18 the
3031 327 90 21 intensity
3130 327 19 16 of
3155 327 31 17 the
3190 327 37 19 heat

2803 354 33 16 the
2854 352 135 21 snow-capped
3012 355 45 12 cone
3079 350 20 16 of
3121 349 105 22 Ngauruhoe

2803 376 101 21 gradually
2913 374 80 17 darkens
3002 374 29 16 till
3040 372 82 23 scarcely
3136 379 11 9 a
3163 374 64 23 vestige

2803 400 21 16 of
2839 399 25 17 its
2878 399 56 15 white
2948 397 71 17 mantle
3035 397 15 16 is
3067 397 40 16 left.
3140 396 37 17 The
3193 402 34 13 vast

2803 421 106 18 snowfields
2919 421 19 16 of
2948 420 96 22 Ruapehu,
3055 426 20 9 so
3083 419 117 17 immaculate
3213 421 14 17 iii

2803 446 49 16 their
2862 444 99 17 whiteness
2970 444 41 16 that
3021 444 14 16 it
3043 443 16 17 is
3068 441 68 19 almost
3149 442 68 23 impossi-

2803 468 31 18 ble
2842 470 20 15 to
2871 467 33 18 tell
2914 467 61 17 where
2984 467 32 16 the
3026 465 96 19 mountain
3137 465 59 18 leaves
3208 467 21 17 oft'

2803 491 38 17 and
2850 491 32 17 the
2891 490 23 17 fle
2919 495 29 17 Joy
2958 489 77 18 clounds
3043 489 19 16 in
3071 488 33 19 the
3116 488 112 22 background

2803 514 64 24 begin,
2877 514 69 21 glisten
2956 513 18 16 in
2983 513 32 16 the
3024 512 95 19 sunshine,
3136 512 34 16 but
3186 518 42 13 seem

2804 540 19 14 to
2832 542 74 13 assume
2914 543 12 10 a
2944 536 74 23 greyish
3034 536 64 18 aspect
3111 541 19 11 as
3147 535 31 17 the
3194 536 25 16 vol-

2803 561 53 17 canic
2864 560 63 18 action
2935 560 98 16 increases.
3058 559 20 16 It
3086 559 15 15 is
3109 557 119 21 undoubtedly

2803 590 11 10 a
2824 583 120 22 magnificent
2954 582 73 22 picture
3035 581 38 18 and
3089 587 36 11 one
3139 581 41 17 that
3196 583 32 17 will

2803 607 71 17 remain
2883 607 19 16 in
2911 606 33 17 the
2953 611 83 16 memory
3045 605 30 16 for
3083 610 48 10 ever.

2827 630 39 16 Hut
2874 630 39 16 this
2923 634 37 10 was
2968 634 24 10 an
3001 626 118 24 exceptional
3135 626 49 22 sight
3197 630 31 16 and

2803 653 16 17 it
2827 653 15 16 is
2851 658 97 15 necessary
2958 653 20 15 to
2988 653 62 15 return
3059 653 19 14 to
3085 651 33 16 the
3125 650 104 22 description

2803 677 21 16 of
2830 676 32 17 the
2871 675 52 18 hotel
2932 674 90 21 grounds.
3048 675 28 16 An
3093 672 58 23 easily
3166 674 63 21 graded

2804 699 87 22 footpath
2901 697 90 17 bordered
3001 697 25 22 by
3035 695 97 24 flowering
3141 695 60 24 plants
3214 705 14 10 o:

2803 722 25 17 all
2839 721 122 22 descriptions
2970 720 52 17 leads
3031 720 54 16 down
3095 722 21 14 to
3124 719 94 19 tbeOneke-

2803 745 48 17 neke
2859 745 52 17 Lake
2921 744 61 17 where
2991 743 32 18 the
3031 743 56 17 baths
3101 749 31 10 are
3149 743 80 18 situated.

2804 768 20 17 It
2831 769 16 16 is
2856 774 11 11 a
2877 767 106 22 serpentine
2993 766 69 22 shaped
3077 766 51 22 piece
3143 766 20 17 of
3179 771 51 13 water

2803 792 59 16 about
2871 792 34 16 200
2914 791 38 16 feet
2960 790 58 16 lower
3024 790 47 16 than
3087 789 33 17 the
3133 788 49 18 hotel
3199 791 31 17 and

2803 815 24 16 its
2837 814 60 18 banks
2901 818 33 13 are
2943 820 9 10 c
2960 812 61 18 ivered
3026 812 46 18 with
3076 810 99 20 luxuriant
3180 817 40 18 vege-

2803 837 68 18 tation.
2885 837 18 17 It
2913 837 15 16 is
2937 836 31 17 fed
2977 836 25 22 by
3011 838 37 15 two
3058 836 34 17 hot
3105 834 62 19 creeks
3176 836 53 17 which

2803 860 48 18 have
2860 860 49 17 their
2918 859 91 23 apparent
3022 865 74 10 sources
3111 865 10 10 a
3137 858 35 17 few
3188 858 32 19 hun-

2803 883 46 18 dred
2859 882 56 24 yards
2925 888 25 16 up
2957 882 32 17 the
2996 882 59 21 gully,
3062 882 37 16 and
3106 881 25 22 by
3139 888 92 12 numerous

2803 907 74 21 boiling
2886 905 74 24 springs
2975 905 49 17 close
3037 907 21 14 at
3074 905 57 17 hand.
3165 905 24 17 At
3205 906 21 16 tin-

2803 929 49 18 head
2861 930 20 17 of
2890 929 32 17 the
2931 928 41 18 lake
2981 929 15 16 is
3005 928 32 17 the
3050 928 45 17 Iron
3111 928 49 17 bath
3177 928 53 19 which

2803 959 35 11 can
2847 953 24 16 be
2884 952 60 17 raised
2960 953 20 15 to
2996 957 11 11 a
3024 952 127 21 temperature
3167 952 20 16 of
3203 953 28 15 120

2803 976 84 20 degrees.
2925 975 43 17 This
2988 974 47 17 bath
3052 974 85 17 contains
3154 975 39 16 iron
3215 975 16 17 in

2804 999 83 18 solution
2896 999 36 16 and
2942 999 15 16 is
2967 998 30 17 fed
3005 998 48 16 from
3061 997 74 23 springs
3143 997 32 17 the
3181 1000 52 15 water

2804 1023 48 16 from
2862 1022 61 17 which
2934 1021 68 20 falling
3011 1027 44 10 over
3061 1027 11 10 a
3081 1020 59 18 sinter
3144 1020 51 22 slope
3203 1021 28 17 lias

2804 1046 72 17 formed
2887 1045 50 17 what
2943 1045 16 16 is
2967 1044 69 17 known
3043 1050 21 10 as
3073 1044 32 16 the
3119 1044 56 16 Black
3192 1044 30 17 Ter-

2803 1075 49 10 race.
2877 1069 51 16 Near
2936 1068 33 16 the
2977 1069 71 15 terrace
3061 1073 31 11 are
3106 1067 70 16 several
3189 1072 32 18 nga-

2804 1092 51 17 whas
2865 1091 37 17 and
2911 1091 59 22 puias,
2981 1090 26 17 all
3015 1088 95 24 steaming
3113 1088 78 24 briskly,
3200 1091 31 16 and

2804 1115 44 16 here
2857 1116 40 15 also
2906 1120 31 11 are
2947 1114 32 17 the
2988 1114 29 16 old
3028 1114 81 19 cooking
3117 1113 52 16 holes
3178 1113 19 16 of
3205 1114 27 17 the

2803 1138 83 18 Macries
2895 1138 42 16 who
2946 1140 21 14 at
2979 1143 36 11 one
3029 1136 46 17 time
3091 1135 57 19 dwelt
3165 1136 19 16 in
3199 1137 33 17 this

2804 1161 93 17 sheltered
2906 1161 50 16 nook
2965 1160 19 16 in
2999 1159 127 17 considerable
3143 1159 88 17 numbers.

2803 1185 88 17 TJetween
2906 1184 31 16 the
2953 1184 44 16 Iron
3012 1182 48 17 Bath
3075 1182 37 17 and
3129 1180 60 20 where
3205 1183 28 16 the

2803 1208 52 17 Lake
2864 1213 84 11 narrows
2956 1206 41 17 into
3007 1213 8 10 a
3026 1206 52 17 creek
3087 1206 65 17 before
3161 1206 14 16 it
3182 1206 49 20 again

2804 1231 71 17 widens
2885 1232 33 15 out
2927 1232 19 15 to
2961 1230 49 16 form
3024 1230 32 16 the
3072 1229 41 17 Hot,
3128 1229 105 20 Swimming

2803 1255 52 16 Lake
2865 1255 15 15 is
2890 1254 31 16 the
2930 1253 71 21 garden
3011 1253 61 16 where
3080 1253 47 16 fruit
3137 1252 36 17 and
3182 1258 40 14 vege-

2803 1277 61 18 tables
2874 1279 72 15 mature
2956 1276 74 22 rapidly
3038 1281 24 11 on
3078 1277 79 15 account
3172 1276 20 15 of
3205 1276 28 17 the

2803 1302 84 15 extreme
2895 1300 95 21 humidity
3000 1299 36 17 and
3045 1299 33 17 the
3087 1298 78 18 absence
3179 1298 20 17 of
3210 1298 23 18 all

2804 1324 53 16 frost.
2883 1324 63 20 Along
2955 1323 32 16 the
2996 1322 24 18 la'
3028 1328 8 11 c
3046 1322 36 17 and
3093 1327 25 17 up
3127 1322 33 16 the
3171 1321 62 22 gullies

2803 1346 99 23 well-kept
2912 1345 56 24 paths
2977 1351 35 12 run
3026 1345 19 17 in
3055 1345 74 17 various
3139 1345 94 16 directions

2803 1370 26 17 all
2838 1370 61 23 nicely
2911 1369 70 17 shaded
2990 1369 37 16 and
3036 1369 45 16 with
3091 1370 49 15 seats
3146 1368 63 21 placed
3215 1371 18 14 at

2803 1393 91 18 intervals
2903 1394 31 16 for
2949 1392 32 17 the
2996 1392 124 17 convenience
3128 1392 21 16 of
3157 1391 75 17 visitors.

2803 1417 58 19 Here,
2871 1417 15 16 it
2895 1422 59 10 seems
2963 1417 19 15 to
2991 1416 23 16 la;
3024 1415 32 17 the
3140 1415 19 15 of

2803 1441 30 16 for
2842 1440 45 21 they
2895 1445 32 11 are
2935 1438 98 21 blooming
3041 1438 20 17 in
3074 1443 56 16 every
3147 1437 85 17 direction

2803 1463 36 17 and
2849 1462 79 23 loading
2936 1462 32 17 the
2981 1462 27 17 air
3017 1461 46 17 with
3072 1460 49 18 their
3129 1462 57 15 sweet
3193 1466 30 16 per-

2803 1487 57 16 fume.
2892 1486 68 17 Where
2974 1485 33 17 the
3022 1484 53 18 creek
3092 1484 78 21 empties
3187 1484 46 16 itself

2802 1510 41 16 into
2852 1509 33 17 the
2894 1509 111 20 Swimming
3014 1507 51 18 Lake
3073 1512 32 13 are
3114 1506 32 19 the
3155 1507 78 21 Sulphur

2803 1533 37 17 and
2847 1533 59 23 Spout
2914 1532 65 17 baths.
2993 1531 38 17 The
3038 1531 57 17 latter
3104 1531 15 16 is
3128 1530 67 22 simply
3204 1530 28 17 the

2803 1556 61 18 whole
2872 1556 52 18 force
2932 1555 20 18 of
2967 1555 31 17 Sue
3014 1554 54 17 creek
3084 1553 70 18 turned
3170 1554 38 17 into
3223 1559 10 11 a

2803 1579 56 18 shoot
2866 1578 39 19 and
2912 1578 62 18 under
2981 1577 39 19 this
3028 1577 33 18 the
3068 1577 68 18 bather
3150 1577 32 16 sits
3198 1577 33 16 and

2803 1602 59 18 revels
2871 1603 19 16 in
2899 1608 11 10 a
2920 1601 82 17 hitherto
3012 1601 99 16 undreamt
3125 1600 20 17 of
3161 1599 71 22 luxury.

2802 1626 39 17 The
2850 1624 51 26 tepid
2913 1625 107 19 swimming
3029 1624 42 17 hike
3079 1623 16 18 is
3111 1623 45 21 only
3173 1629 11 10 a
3200 1624 33 17 few

2802 1650 56 21 yards
2867 1649 72 16 distant
2948 1648 36 16 and
2994 1648 49 16 after
3051 1647 45 17 such
3111 1653 10 11 a
3138 1646 70 18 douche
3224 1653 9 10 a

2801 1672 73 23 plunge
2883 1672 40 17 into
2932 1671 24 17 its
2965 1671 66 22 depths
3040 1671 16 15 is
3071 1677 9 9 a
3090 1670 66 20 fitting
3172 1669 51 18 termi-

2802 1696 72 17 nation.
2900 1694 39 18 The
2954 1693 60 18 whole
3028 1694 19 17 of
3064 1693 32 18 the
3113 1693 120 17 bath-houses

2802 1724 32 12 are
2841 1718 48 24 kept
2895 1717 22 19 in
2923 1717 94 18 excellent
3024 1716 55 19 order
3087 1716 37 18 and
3140 1716 49 17 their
3204 1722 29 11 use

2802 1742 15 16 is
2826 1744 39 14 free
2872 1744 20 14 to
2901 1742 80 16 visitors.

2804 1798 205 45 CABLE
3035 1798 196 43 NEWS.

3005 1858 29 14 •+•

2829 1887 93 25 London,
2941 1887 80 20 Decern'
3030 1894 21 11 er
3068 1887 89 18 3.—Tiie
3176 1886 57 26 Daily

2802 1915 61 17 New*
2873 1917 64 15 states
2943 1914 45 18 that
2995 1914 34 18 the
3037 1912 59 20 Porte
3110 1912 110 20 hasdishan-

2802 1939 38 21 ded
2851 1941 57 23 eight
2920 1939 109 19 battalions
3038 1940 39 18 and
3098 1939 86 19 reduced
3204 1939 31 19 the

2802 1973 38 19 pay
2851 1967 21 18 of
2882 1966 35 19 the
2927 1965 88 25 military
3026 1966 23 19 25
3061 1972 35 18 per
3106 1972 10 11 v
3124 1971 33 13 'lit.

2830 1993 29 18 Pr
2868 1992 96 19 Jameson
2974 1999 40 11 was
3024 1992 76 19 release
3109 1991 4 20 I
3123 1993 49 18 from
3189 1991 37 20 IT«»I-

2802 2018 65 25 ---loway
2880 2018 65 26 prison
2956 2018 107 24 yesterday
3076 2018 40 19 and
3136 2018 68 19 driven
3216 2022 18 15 to

2802 2052 12 12 a
2824 2046 79 24 private
2915 2044 134 20 Sanatorium.

2830 2071 92 22 Sydney,
2935 2070 112 19 December
3058 2071 88 18 3.—The
3155 2070 78 19 interest

2803 2097 20 20 in
2835 2098 33 18 the
2880 2097 117 18 Glenbrook
3009 2101 88 19 mystery
3108 2098 16 17 is
3132 2098 103 22 becoming

2803 2131 54 12 more
2866 2127 58 16 acute
2935 2123 53 18 since
3005 2122 89 21 Butler's
3114 2126 121 17 movements

2803 2150 51 19 have
2865 2150 50 19 been
2925 2150 70 24 placed
3005 2150 80 24 beyond
3096 2150 70 21 doubt.
3186 2148 38 20 Yes-

2802 2176 72 24 terday
2885 2176 15 18 it
2911 2176 85 18 readied
3008 2183 12 11 a
3029 2176 74 21 climax
3122 2177 57 20 when
3204 2176 31 18 the

2802 2209 55 11 news
2868 2209 40 11 was
2917 2202 60 17 wired
2997 2202 90 24 through
3110 2203 125 24 announcing

2802 2228 35 18 tho
2847 2228 104 23 discovery
2965 2228 22 18 of
3003 2229 34 18 the
3057 2230 54 24 body
3130 2230 22 19 of
3169 2236 66 18 young

2803 2254 85 18 Preston
2900 2253 72 19 buried
2983 2258 40 15 two
3033 2255 42 18 feet
3085 2256 65 19 under
3159 2256 76 25 ground,

2803 2280 63 18 about
2879 2280 20 19 U
2913 2280 59 19 miles
2990 2282 52 18 from
3061 2282 87 19 Linden.
3176 2284 17 17 A
3204 2289 21 19 po-

2803 2306 37 18 lice
2851 2306 67 19 officer
2929 2307 40 19 will
2981 2306 100 27 probably
3099 2310 57 17 leave
3167 2310 26 19 bv
3204 2310 32 19 the

2804 2332 97 19 Miowera
2912 2340 24 11 on
2948 2334 35 18 the
2994 2334 46 19 12th
3052 2334 45 21 in*t.
3110 2340 19 15 to
3140 2337 95 25 intercept

2804 2358 78 19 Butler.
2911 2359 43 19 Tho
2965 2359 64 26 police
3041 2362 73 19 tnerolv
3125 2362 110 20 uncovered

2803 2385 35 19 the
2849 2385 52 19 back
2911 2386 22 20 of
2943 2388 35 18 tho
2990 2386 52 21 Lend
3054 2388 21 19 of
3086 2388 85 21 Preston
3181 2388 55 22 Iving

2803 2413 43 20 face
2857 2413 133 20 downwnrds.
3018 2414 43 19 Tlio
3079 2415 55 20 bodv
3154 2416 24 18 wi
3187 2416 6 18 1
3204 2420 32 15 not

2803 2439 26 19 bo
2838 2439 120 27 completely
2972 2440 100 20 exhumed
3087 2442 53 19 until
3151 2442 34 19 the
3195 2449 30 12 cor-

2803 2475 49 12 oner
2865 2467 83 20 arrives.

3153 2494 60 20 Later

2830 2521 42 19 Tho
2881 2520 54 23 body
2946 2520 21 18 of
2977 2519 84 21 Preston
3074 2527 40 13 ws
3125 2521 63 21 found
3200 2524 18 18 in
3228 2531 9 11 a

2802 2548 68 24 lonely
2882 2547 57 23 gully
2949 2547 52 18 close
3012 2550 20 15 to
3053 2547 34 19 the
3108 2549 71 18 mouth
3198 2550 20 18 of
3226 2557 11 12 a

2802 2581 55 12 cave.
2887 2573 40 19 But
2939 2573 52 19 little
3009 2580 43 12 care
3070 2580 65 14 seems
3152 2578 20 16 to
3188 2581 49 14 iiave

2803 2600 51 19 been
2864 2599 62 20 taken
2937 2599 19 19 in
2970 2599 90 22 burying
3069 2599 21 19 it.
3124 2601 43 19 The
3177 2609 60 15 grm-e

2803 2634 41 12 wns
2854 2625 100 22 arranged
2965 2625 20 19 in
2997 2626 47 18 such
3056 2633 12 12 a
3080 2634 45 12 wav
3144 2628 45 19 that
3204 2629 32 18 the

2803 2655 63 17 water
2887 2653 51 18 from
2957 2651 35 19 the
3014 2653 142 24 overhanging
3181 2655 56 19 rocks

2803 2680 65 18 would
2886 2679 50 23 drop
2954 2679 43 17 into
3016 2679 15 18 it
3051 2679 39 19 and
3113 2680 49 18 thus
3179 2687 57 13 cmi«p

2802 2706 59 25 rapid
2873 2705 68 19 deenv.
2971 2704 43 20 The
3025 2706 100 24 supposed
3142 2706 67 19 tracks
3217 2707 20 18 of

2802 2732 73 19 Butlor
2885 2731 39 19 and
2936 2731 78 19 We'ler
3024 2731 51 19 linve
3096 2731 52 21 been
3167 2733 70 24 picked

2802 2765 28 13 up
2840 2758 38 18 and
2888 2757 80 19 further
2982 2757 121 19 discoveries
3112 2766 34 11 are
3157 2762 67 16 expect-

2802 2785 24 18 ed
2842 2784 78 24 to-day.
2957 2784 16 18 A
2991 2784 119 23 suggestion
3132 2785 36 19 lias
3187 2785 48 18 been

2802 2811 59 19 mndo
2873 2816 20 13 to
2904 2809 97 25 despatch
3019 2817 11 11 a
3041 2813 86 17 steamer
3138 2812 50 18 from
3201 2818 35 12 one

2802 2837 21 19 of
2833 2837 35 19 the
2879 2837 95 18 southern
2986 2839 55 22 ports
3052 2837 18 19 in
3085 2838 51 18 New
3147 2837 88 19 Zealand

2802 2868 20 13 to
2833 2863 99 25 intercept
2941 2863 35 18 the
2995 2863 74 25 sailing
3094 2864 65 18 vessel
3179 2864 56 18 Swan

2802 2889 70 20 Hilda.

2830 2916 79 19 Pkrtu.
2923 2914 111 21 December
3052 2915 80 20 4.—An
3154 2916 81 20 Afghan

2802 2941 143 20 camel-driver
2954 2948 36 13 rnn
3005 2942 60 19 amok
3085 2945 20 16 at

2802 2969 72 23 to-day
2885 2968 39 19 and
2935 2968 48 19 split
3002 2975 50 13 open
3070 2969 35 18 the
3124 2967 53 20 he->d.
3196 2968 20 18 of
3226 2975 9 11 a

2802 3002 45 11 man
2860 2994 72 19 named
2944 2994 91 19 Griffiths
3046 2995 48 18 with
3106 3002 25 11 nn
3143 3000 37 15 axe
3190 2994 36 19 kill-

2802 3020 38 22 ing
2849 3021 41 19 him
2903 3019 104 26 instantly.
3038 3020 32 19 He
3089 3020 99 19 -wounded
3199 3023 36 16 two

2802 3048 59 17 othf-r
2871 3054 52 13 men,
2941 3046 38 19 but
2995 3053 40 11 wn«
3052 3049 21 17 at
3089 3046 73 25 length
3181 3053 44 12 over-

2803 3072 92 26 powered
2905 3072 40 19 and
2955 3072 96 19 arrested.

2894 3134 238 33 TELEGRAPHIC.

2831 3213 66 27 [rnoit
2912 3220 40 14 mm
2968 3220 45 14 o-ws
3024 3213 186 28 jrmniWPoNnFirr.]

2831 3249 76 21 TaUPO,
2919 3249 139 19 Frirlnv.—To
3133 3250 103 17 continue;

2805 3275 64 20 active
2880 3275 60 19 dailv.
2970 3274 80 25 Tn»day
3060 3274 4 25 i
3068 3281 6 9 f
3083 3275 37 19 Ins
3132 3276 52 17 T-.ppn
3203 3281 33 12 nn.

2805 3302 109 24 usimllypo
2922 3301 102 22 thtowingr
3030 3309 27 15 up
3065 3301 46 21 lartr
3112 3309 9 8 o
3129 3300 108 28 quantities

2805 3328 22 18 r.P
2847 3328 60 19 hlnck
2936 3328 69 19 smoke
3024 3328 40 19 nnd
3081 3327 62 21 white
3152 3326 86 26 .pumice

2805 3354 65 18 which
2882 3354 17 17 is
2909 3354 63 20 heing
2979 3354 75 17 pnrn'prt
3073 3354 20 18 in
3110 3361 23 12 nn
3155 3352 83 24 easterly

2805 3380 97 19 direction
2914 3387 47 11 over
2972 3380 33 18 the
3016 3379 132 20 TTniniannwn
3166 3385 72 15 ranges

2806 3406 87 19 towards
2916 3405 82 22 Napier.
3027 3405 61 21 Quite
3109 3413 10 12 a
3146 3406 57 18 laver
3220 3405 19 19 of

2806 3432 61 19 white
2878 3431 79 26 deposit
2967 3432 17 18 is
2993 3431 73 20 visihle
3076 3432 50 19 fro'ii
3137 3431 69 20 T>o=s's
3215 3431 24 19 nil

2806 3457 65 21 round
2883 3458 35 18 the
2935 3464 49 12 cone
3003 3460 20 17 to
3043 3459 33 17 tVe
3097 3458 49 19 hnse
3166 3458 21 18 of
3207 3458 32 18 th»

2806 3484 106 20 mountain
2924 3483 109 21 oh«curing
3052 3485 35 17 flip
3106 3485 52 18 busli
3176 3483 63 19 round

2808 3511 70 19 nhout.
2902 3510 62 19 Much
2973 3511 84 17 interest
3065 3510 16 19 is
3089 3510 64 24 heing
3159 3509 80 20 pviiipeil

2808 3537 28 23 hy
2843 3537 84 19 tourists
2938 3543 82 16 passing
3026 3535 96 22 through.
3151 3537 19 18 A
3185 3537 55 24 party

2808 3563 52 18 from
2871 3563 48 18 here
2929 3563 17 18 is
2956 3563 64 22 going
3029 3565 21 15 to
3060 3563 98 19 Toknanu
3168 3562 28 23 hy
3212 3565 19 15 to-

2808 3588 104 19 morrow's
2922 3589 60 18 conch
2993 3591 20 15 to
3026 3588 50 19 view
3093 3589 35 18 the
3148 3595 8 7 c
3158 3595 48 11 eene
3223 3587 18 18 of

2808 3615 122 24 operations.
2960 3614 32 20 On
3003 3613 89 25 Monday
3102 3615 37 18 last
3149 3614 29 19 Te
3187 3613 56 19 Mae

2810 3647 40 11 wns
2860 3639 73 20 visited
2944 3640 28 25 hy
2982 3647 54 12 some
3048 3639 107 21 Auckland
3172 3639 69 26 p-ople

2810 3666 49 19 with
2871 3673 10 12 a
2893 3666 68 21 guide.
2990 3666 57 19 Thev
3063 3669 69 19 report
3147 3667 16 18 it
3179 3670 21 15 to
3218 3665 23 18 he

2810 3694 52 17 most
2872 3693 127 21 interesting,
3012 3692 107 25 especially
3135 3692 58 19 ■when
3210 3692 31 19 tlio

2810 3718 56 21 huge
2881 3718 70 19 clouds
2970 3719 22 18 of
3010 3721 74 16 matter
3101 3725 34 13 are
3155 3718 86 19 emitted.

2811 3744 42 19 The
2865 3744 116 19 mountains
2991 3744 52 19 have
3050 3747 35 16 not
3092 3744 51 19 heen
3151 3751 21 12 so
3182 3745 59 19 active

2811 3770 32 19 for
2853 3772 25 17 2o
2891 3777 65 16 years.

2841 3799 112 21 Auckland.
2973 3799 93 24 Friday-
3085 3801 73 23 Owing
3183 3802 21 17 to
3213 3799 30 20 the

2812 3826 98 19 elections
2919 3826 94 19 husiness
3029 3826 49 19 here
3089 3827 41 18 this
3140 3827 102 18 afternoon

2813 3852 37 18 has
2861 3852 52 19 heen
2923 3853 118 24 practicallv
3052 3853 122 24 suspended.
3199 3853 44 18 Men

2813 3878 39 18 and
2865 3885 76 12 women
2952 3885 35 12 are
3006 3878 82 22 talking
3106 3879 88 21 nothing
3212 3878 31 18 hut

2813 3903 87 25 politics.
2928 3904 44 19 The
2982 3904 50 19 local
3043 3907 128 19 temperance
3190 3906 51 19 parh

2813 3929 60 18 mode
2884 3936 11 12 a
2905 3930 48 19 hold
2965 3930 34 19 hid
3011 3936 20 12 to
3042 3930 72 19 curtail
3130 3930 35 19 the
3184 3930 59 24 liquni

2815 3956 64 18 traffic
2886 3956 66 18 under
2961 3956 35 18 the
3006 3963 68 17 power
3085 3956 60 23 given
3157 3956 55 19 thesi
3222 3956 23 17 hv

2814 3981 35 19 the
2860 3981 145 23 Government,
3017 3982 39 19 and
3067 3989 61 12 nevpr
3136 3981 110 26 previously

2815 4007 82 19 worked
2909 4015 21 11 so
2939 4007 51 20 hard
3001 4012 19 15 to
3031 4015 69 12 secure
3110 4008 34 19 the
3153 4008 40 19 end
3203 4008 41 23 they

2815 4033 73 19 desire.

2842 4058 151 24 Whixjkgtow,
3010 4059 155 21 Fridnv.—The
3179 4059 69 21 criekft

2815 4085 75 19 match.
2910 4086 107 18 Auckland
3029 4093 11 11 v
3066 4086 135 20 Wellington,
3222 4090 16 14 re-

2816 4111 67 20 sulted
2894 4112 21 18 in
2926 4119 12 12 a
2954 4112 77 23 victory
3048 4113 31 18 for
3099 4113 109 19 Auckland
3225 4111 23 21 hy

2805 4131 1 25 I
2817 4139 24 17 62
2855 4144 56 12 runs-

1173 65 61 19 THE
1261 64 58 21 HOT
1347 64 91 19 LAKES
1467 63 172 24 CHRONICLE,
1668 63 157 23 SATURDAY,
1855 63 155 20 DECEMBER
2037 63 18 22 5,
2074 63 49 17 1836

79 145 118 51 SPA
250 144 206 53 HOTEL
498 143 323 52 COACHING
864 143 93 50 CO.

360 341 321 33 TIME-TABLE.

98 454 85 16 Rotorua
191 455 20 16 to
219 455 71 21 T.-iupo,

97 477 65 22 Taupo
171 479 19 15 to
200 478 89 19 Rotorua,

96 499 66 23 Taupo
170 503 20 14 to
199 500 94 20 Tokaanu,

96 522 91 19 Tokaanu
196 525 19 15 to
223 523 70 21 Taupo,

97 546 65 22 Tau])o
171 549 19 14 to
199 545 97 21 Wairakei,

97 569 93 17 Wairakei
200 571 18 14 to
228 569 69 21 Taupo,

97 591 65 23 Taupo
170 593 20 16 to
198 591 75 23 Rapid*,

97 615 64 22 Taupo
169 616 20 15 to
198 614 56 17 Jluka
264 614 56 19 Falls,

576 452 86 23 Tuesday
670 453 37 17 and
719 452 75 23 Friday.

575 475 98 22 Thursday
682 476 37 16 and
729 476 75 21 Sunday
814 481 21 11 or
844 475 90 22 Monday.

576 499 99 21 Thursday
684 499 36 16 and
730 499 82 21 Sunday.

578 521 69 23 Friday
656 522 38 16 and
703 522 90 16 Monday.

576 567 63 22 Daily.

577 590 63 22 Daily.

578 614 63 19 Daily.

223 653 46 17 SPA
283 653 81 17 Coaches
372 654 51 16 meet
431 652 88 18 Tokaanu
528 654 80 16 steamer

99 747 44 18 The
153 746 61 23 SPA
230 746 107 23 HOTEL
347 746 17 18 is
375 746 34 19 the
418 746 67 18 Home
494 746 22 18 of
525 746 35 18 the
571 746 88 19 Famous
669 746 95 23 Crow's
774 746 66 23 Nest
851 748 105 28 txeyser.

143 788 69 18 Maori
223 788 89 18 Carved
322 788 86 23 Dining
416 787 59 19 Hall.
648 788 39 18 All
696 788 70 19 kinds
775 788 26 19 of
807 788 79 20 Baths.

112 828 74 18 Tennis
197 828 39 18 and
247 827 124 20 Promenade
383 828 76 22 Lawns,
471 827 98 23 Gardens,
581 828 139 23 Shrubberies,
736 828 76 25 Lovely
823 829 94 19 Flowers.

360 870 190 18 FIRST-CLASS
564 870 104 18 TABLE.

111 1036 6 5 r
121 1037 16 16 N
141 1036 45 17 lON
193 1035 146 18 STEAMSHIP
342 1034 125 19 COMPANY
471 1034 32 17 OF

167 1059 58 16 NEW
238 1058 120 18 ZEALAND
368 1056 88 19 Limited.

130 1094 263 27 Q^gSSßajlSdiSU^

73 1157 148 21 Rotomauana,
240 1156 90 18 Monday,
340 1156 44 17 Deo.
406 1161 13 13 i,
433 1160 10 11 o
457 1160 38 14 i>.ni

147 1199 46 16 FOB
205 1198 42 16 bull
256 1198 79 15 riiKk.\
349 1198 42 13 i'ihi
400 1198 22 13 is

73 1235 66 14 Takai'l
146 1239 23 10 na
177 1239 50 16 every
237 1232 75 21 Monday

72 1256 128 16 aLuiinaita
208 1260 55 12 overv
270 1254 102 22 Thursday.

119 1428 113 20 UDDAET,
258 1427 110 19 PAEKEE.
390 1425 52 18 AND
464 1424 31 17 CO

92 1508 290 10 kJIJICUUJU,

69 1522 23 17 be
101 1519 113 24 despatched
223 1521 48 15 from
280 1521 119 15 Auckland,
409 1523 20 10 as
443 1517 60 16 under

69 1544 89 24 (weather
174 1542 37 19 and
230 1542 55 19 other
301 1542 142 17 circumstances
459 1545 32 17 per-

70 1566 84 22 mitting)
162 1572 27 11 :

69 1591 40 18 Fob
116 1588 134 21 GLSBOBNE,
257 1587 104 21 NAPIEE,
369 1585 116 19 WELLING-

90 1613 56 21 TON,
158 1610 157 20 LYTTELTON.
325 1611 14 17 &
350 1608 126 21 DDNEDIN,

70 1638 113 16 Tasmania.
193 1636 122 18 ...Tuesday,
330 1634 47 17 Dec.
386 1632 16 20 1,
415 1633 19 17 12
443 1636 56 13 noon.

69 1662 99 18 Anglian,
176 1660 101 16 Tuesday,
285 1658 45 16 Doc.
344 1658 26 16 Ij,
379 1657 19 15 1-
407 1661 54 11 noun.

196 1704 50 18 FOE
261 1702 111 19 SYDNEY,

114 1728 115 24 (Returning
240 1729 20 15 to
269 1725 98 19 Auckland
377 1724 78 22 Direct.)

69 1752 93 23 Carrying
182 1751 112 22 Passengers
315 1749 29 17 for
367 1748 132 19 Melbourne,

81 1776 54 18 other
139 1775 130 17 Australian
278 1773 70 19 Poets,
355 1770 37 19 and
398 1771 89 19 Hobakt,

69 1804 99 18 Anglian,
176 1799 26 23 ...
210 1801 105 18 .Monday,
327 1800 49 17 Nov.
390 1799 28 20 30,
439 1800 5 14 l
455 1803 44 17 p.m.

69 1827 106 16 Tasmania
224 1824 98 19 Monday,
330 1822 46 19 Dec.
386 1822 27 20 14,
429 1823 9 15 4
454 1826 45 17 p.m.

94 1853 30 17 All
134 1852 73 17 Tickets
214 1857 31 11 are
254 1850 91 18 uvuiliiUc
353 1850 39 16 also
408 1850 27 15 for
445 1849 44 20 Stop-

71 1881 44 13 over
122 1881 22 12 or
151 1875 71 18 Betuxn
237 1874 24 22 by
274 1874 53 17 ANY
345 1872 84 18 UNION
442 1870 59 19 CO.'S

71 1898 138 20 STEAMEES,
220 1897 37 18 and
262 1896 77 18 holders
348 1897 19 15 of
377 1894 64 19 U.S.S.
459 1894 41 17 Go's

71 1922 73 17 Tickets
165 1927 42 16 may
224 1920 60 17 travel
299 1919 26 23 by
347 1917 115 18 ANGLIAN
480 1922 21 13 or

69 1945 138 17 TASMANIA.

167 1973 22 17 L.
202 1973 24 16 D.
235 1971 107 18 NATHAN
356 1970 16 18 &
384 1970 45 19 CO.,

397 1993 79 18 Airents.

71 2046 219 45 Rotorua
309 2042 185 55 Sights.

69 2124 96 18 riIRIPS
189 2123 141 19 AEEANGED
344 2123 19 17 to
385 2120 61 19 ALL
467 2119 32 18 the

75 2140 24 28 _L
132 2147 106 19 SIGHTS
247 2146 19 18 in
275 2146 32 17 the
316 2145 79 18 District
401 2144 25 22 by
435 2143 62 20 coach,

69 2171 137 18 steam-launch
215 2176 21 11 or
244 2170 60 17 horse.

91 2194 88 21 Through
190 2198 88 18 passages
286 2191 72 18 booked
374 2192 19 16 to
407 2189 79 22 Welling-

69 2220 32 14 ton
110 2218 29 16 via
149 2216 98 18 Wairakei,
261 2215 65 23 Taupo
339 2213 38 18 and
392 2213 70 22 Napier
478 2217 21 12 or

69 2241 31 17 the
109 2239 103 18 celebrated
223 2237 106 24 Wanganui
337 2237 56 18 Eiver
402 2237 67 16 Eotite.

136 2270 153 27 LOWEST
306 2268 124 27 RATES.

69 2328 94 19 GUIDE
188 2326 101 19 BOOKS
314 2330 30 13 on
369 2323 53 19 Sale
452 2322 45 18 and

160 2349 150 19 distribution
324 2347 79 24 gratis.

143 2396 72 18 THOS.
226 2396 69 17 COOK
306 2394 53 18 AND
374 2393 54 19 SON,

120 2424 100 18 HINEMOA
240 2423 83 20 STBEET,
348 2422 102 17 EOTOKUA.

222 2672 56 19 ASK
294 2669 52 21 FOE

71 2719 429 53 HANCOCKS'

195 2793 181 24 CELEBEATED

249 2846 84 34 xxxx

181 2904 210 50 ALES,

201 2968 56 14 MADE
266 2967 55 15 FROM
330 2967 42 13 THE

76 2999 114 32 FINEST
215 2998 87 31 MALT
324 2996 63 32 AND
405 2994 94 36 HOPS,

111 3087 52 15 FREE
175 3087 54 13 FKOM
242 3087 39 12 ALL
294 3083 128 16 ANXIBEPTICB
433 3083 26 13 Oil

177 3111 139 16 DELETERIOUS
334 3111 63 13 ACIDS.

77 3177 136 33 CAPTAIN
235 3176 83 32 COOK
335 3173 166 36 BREWERY,

176 3219 191 21 NEWMARKET.

79 3278 291 49 Ehrenfried
383 3277 121 45 Bros

221 3334 140 22 BEEWEBS,

158 3367 105 21 ALBEET
279 3364 148 24 BrtEWERY,

101 3398 215 23 OUEEN-bTBEET,
332 3395 155 21 AUCKLAND

101 3452 66 16 WINE
181 3451 48 16 AND
242 3449 79 17 &PIRIT
331 3446 154 20 MERCHANTS,

122 3478 121 17 BOTTLERS
254 3477 52 16 AND
322 3474 142 20 IMPORTERS,

165 3501 26 18 43,
206 3502 132 14 QUEKN-tTKEhT
354 3501 69 12 WHAUF.

172 3551 50 11 riilZK
233 3550 60 12 MEDAL
304 3549 35 11 J>*l>
349 3547 72 13 ATWiXBa

80 3574 25 15 At
113 3573 28 16 the
156 3572 90 17 following
262 3570 112 17 Exhibitions
388 3569 28 15 fnr
424 3573 30 11 our
462 3567 37 17 well-

176 3593 61 17 known
251 3592 44 16 Bulk
305 3591 32 16 and
347 3589 68 18 Buttled

193 3614 47 16 ALE
252 3613 50 16 AND
314 3611 86 17 STOUT:

83 3642 68 20 (Sydney
160 3640 124 17 International
292 3638 108 18 Exhibition,
410 3638 47 15 1879.

84 3662 100 17 Melbourne
193 3661 125 17 International
323 3659 110 18 Exhibition,
442 3658 67 15 1880-81

84 3683 43 17 New
135 3683 72 16 Zealand
215 3679 286 20 judubtiiiilExhibiliuii.Weiling-

127 3709 35 13 lon,

83 3727 44 17 New
147 3725 72 16 Zealand
234 3724 32 16 and
282 3724 53 16 South
348 3723 40 16 Sens
403 3722 107 15 Exhibition.

127 3745 85 18 Dunedin.
224 3747 78 14 188K-90.

84 3769 22 15 In
114 3767 77 17 addition
199 3768 18 14 to
226 3767 54 15 above
287 3767 43 15 have
348 3766 41 15 been
404 3763 78 17 awaided
496 3766 15 12 at

127 3788 104 16 Taunanian
262 3787 108 19 Exhibition,
398 3785 114 19 Launceaton,

129 3810 78 15 1891-9-J.

170 3838 58 18 FIVE
239 3839 70 16 FIRST
325 3838 104 16 AWARDS

283 3866 33 10 roK

95 3883 68 17 IUIK
174 3880 110 18 EOIIIED
297 3881 59 16 ALES
373 3880 51 16 AND
440 3878 72 18 SIOTTI

173 3923 248 32 CHAMPIONSHIP

115 3966 66 23 Gold
194 3964 86 24 Medal
290 3965 27 21 of
327 3963 163 23 Australasia

191 4004 72 12 AGAINbT
274 4004 98 10 ALLCuIIIiES
381 4003 32 13 FOR

90 4028 90 24 BULK
193 4026 69 24 AMD
282 4026 143 22 BOTTLED
439 4025 64 23 ALE

180 4079 72 18 Having
261 4083 10 10 a.
282 4077 56 20 Large
346 4076 51 16 Stock
405 4076 18 16 of

198 4115 49 15 ALE
257 4113 52 17 AND
322 4113 82 19 STOUT,

526 1135 251 20 MANUFACTURING
799 1136 156 23 JEWELLER,

604 1163 61 18 AND
681 1162 197 24 SILVEESMITH,

527 1196 100 26 QUEEN
648 1197 125 28 STREET,
789 1196 167 27 AUCKLAND.

719 1237 40 13 AND

562 1263 27 25 B.
611 1263 190 25 PETERSEN
816 1263 25 25 &
857 1263 66 32 CO.,

526 1303 63 24 High
611 1304 84 22 Street,
714 1304 241 19 CHRISTCHURCH.

548 1352 118 18 HIGHEST
678 1352 107 18 AWARDS
795 1352 137 19 OBTAINED.

526 1380 75 24 Sydney
611 1381 116 20 Exhibition,
738 1382 48 19 1879,
797 1381 37 18 and
846 1381 110 18 Melbourne

654 1404 116 21 Exhibition,
782 1405 50 17 1890.

529 1461 229 46 Blooker's
807 1461 147 54 Dutch]

661 1518 159 45 Coeoa.

524 1628 138 32 Highest
671 1629 126 25 awards
809 1629 33 24 at
855 1635 101 26 every

646 1678 194 26 Exhibition.

557 1724 65 26 The
635 1725 97 25 latest
745 1724 27 25 is
785 1725 54 25 the
859 1726 97 25 Cross

525 1757 34 25 of
565 1758 110 25 Honor
689 1759 32 24 at
738 1758 54 24 the
814 1758 122 25 Amster-

525 1791 71 24 dam
606 1791 187 25 Exhibition
802 1791 90 27 1895.
902 1791 54 25 the

523 1823 128 31 highest
660 1824 136 32 possible
806 1824 116 25 award.

582 1893 314 48 TJiILORIM.

522 1965 112 26 Direct
658 1965 80 26 from
762 1966 54 25 the
846 1966 87 25 Manu-

665 1999 147 26 facturer.

521 2073 65 19 Siiits
606 2074 25 18 to
653 2074 106 18 Measure
776 2074 25 18 at
818 2073 137 23 Up-to-date

599 2097 78 18 Prices
687 2097 35 17 for
735 2097 59 18 Cash
809 2097 67 23 Only.

554 2225 202 32 WHOLESALE
775 2225 146 32 FACTORY

623 2267 164 31 CLOTHING
803 2267 50 31 CO.

544 2325 124 45 JOE.
699 2325 232 55 MUNRO,

654 2394 176 24 HCENT.

623 2438 233 24 OHINEMUTU.

523 2511 90 42 JOHN
637 2512 16 16 I.
685 2511 105 17 PHILIPS
822 2511 53 18 AND
908 2511 32 18 CO

632 2539 75 13 MINING
722 2538 118 16 ENGINEERS,

570 2561 130 14 AUTHORISED
715 2561 75 13 MINING
803 2562 41 13 AND
853 2562 54 13 LAND

616 2584 104 13 TRANSFER
734 2584 121 13 SURVEYORS.

1076 129 119 18 SCHOOL
1211 129 107 19 PICNIC.

984 174 55 27 rpO
1053 175 24 16 be
1093 175 43 17 held
1153 176 19 16 at
1189 176 101 20 Putaruru,
1308 175 104 21 Thursday,

989 192 26 25 X
1047 198 43 17 17th
1098 198 108 21 December,
1218 200 51 17 1896.

983 226 152 21 RetCBnFjLBE,
1145 227 19 17 Is
1169 226 25 18 6d
1199 224 78 25 Adults;
1288 226 125 19 Children-9d.

1006 254 56 17 Train
1077 254 61 17 leaves
1156 254 46 18 7.40.
1243 255 107 23 Returning
1366 255 47 16 from

983 277 94 17 Putarum
1084 278 20 16 at
1114 278 41 16 2.;i0
1163 282 46 17 p.m.

1136 299 30 19 W.
1180 301 24 16 K.
1218 301 125 19 PURCELL,

1283 324 107 17 Chairman.

1006 345 131 18 N.B.—Don't
1147 346 61 22 forget
1217 347 32 16 the
1258 347 68 18 School
1335 347 79 17 Concert

982 369 19 17 in
1010 369 32 16 the
1051 369 118 17 Sanatorium
1178 370 84 21 grounds
1279 372 46 15 next
1338 370 75 21 Friday.

1126 420 146 20 TENDERS.

983 466 141 17 rriEXDERS
1133 468 75 16 wanted
1222 468 29 17 for
1265 468 94 17 additions
1376 467 37 17 and

991 485 20 23 _I.
1033 489 109 17 alterations
1148 489 55 23 tojMr
1209 490 128 23 Ileerdegen's
1342 491 70 19 House,

983 513 72 16 Fenton
1064 513 58 16 Road.

1005 536 57 16 Plans
1070 536 38 16 and
1119 536 135 22 specifications
1265 539 20 15 to
1298 537 23 17 he
1335 543 42 11 seen
1394 538 20 15 at

983 558 31 17 the
1034 558 57 18 house
1109 565 26 16 up
1151 561 20 15 to
1188 560 100 22 Saturday.
1309 560 43 17 12th
1369 560 43 16 inst.

983 582 37 16 The
1029 581 66 17 lowest
1103 588 21 10 or
1131 588 38 16 any
1178 582 66 18 tender
1253 585 34 15 not
1302 583 111 22 necessarily

983 605 92 21 accepted.

1180 628 27 18 H.
1220 629 169 17 HEERDEGEX.

1069 680 118 23 PUBLIC
1202 680 126 23 NOTICE.

999 733 16 18 A
1034 732 35 19 LL
1083 732 107 19 HORvSES
1204 732 63 19 found
1283 732 92 25 straying
1391 738 22 12 or

986 753 44 26 jtik.
1060 758 91 19 tethered
1161 765 25 11 on
1197 758 34 19 the
1243 757 67 27 public
1329 757 54 24 road,
1391 765 22 11 or

982 785 90 19 tethered
1083 791 21 11 so
1117 784 44 19 that
1180 784 49 25 they
1248 791 36 12 can
1301 784 58 18 reach
1379 784 33 18 the

982 811 67 26 public
1060 811 47 18 road
1118 810 40 20 will
1169 811 24 17 ho
1204 809 129 26 impounded.

1222 837 24 17 A.
1262 836 71 22 TAIT,

1233 861 153 26 Poundkeeper.

994 910 132 21 ROTOtiUA
1145 909 195 20 PROSPECTING
1356 910 30 19 AS-

1121 936 155 18 SOCIATION.

523 2626 54 17 Head
588 2626 57 17 Office
652 2626 4 24 :
679 2627 106 21 Halyduy's
801 2627 105 23 Buildings,
925 2628 28 19 20,

593 2649 176 22 Shortland-strcet,
779 2650 104 17 Auckland.

523 2678 45 17 P.O.
578 2679 42 16 Box
629 2679 40 16 332.
798 2678 106 22 Telephone
913 2680 42 16 986.

523 2706 57 17 Cable
589 2706 82 17 Address
679 2706 4 21 :
696 2706 135 21 THEODOLITE,
849 2707 104 16 Auckland.

652 2753 73 16 Branch
744 2752 78 17 Offices:

523 2780 171 21 Whabf-street,
704 2780 164 18 PaEROA—MrF.
878 2781 22 17 A.
908 2782 36 17 Cut-

546 2805 39 17 ten,
596 2805 53 19 C.E.,
659 2803 76 23 Mining
748 2804 93 22 Surveyor
854 2804 20 17 in
886 2804 69 23 charge

547 2827 20 16 of
576 2827 80 17 district.

523 2850 169 21 BIJOWN-STBEET,
702 2849 140 18 Thames—Mr
854 2850 66 17 Albert
937 2850 18 18 S.

546 2873 70 20 Allom,
626 2874 41 16 Min
678 2879 27 16 ng
713 2873 93 22 Surveyor
814 2873 20 17 in
851 2873 69 23 charge
937 2874 20 16 of

546 2896 80 17 district.

523 2919 101 18 Katanga
645 2919 63 19 Road,
731 2919 140 17 Cokomaxdki,
909 2920 47 17 P.O.

547 2942 41 18 Box
607 2944 27 16 17.
659 2942 31 17 Mr
706 2942 23 17 E.
747 2942 25 17 H.
791 2942 30 16 Ha
838 2941 5 5 '

547 2965 95 22 Surveyor
649 2966 18 16 in
678 2965 68 22 charge
755 2965 20 17 of
784 2965 79 17 distnui.

561 3130 180 18 GOVERNMENT
755 3130 169 17 SANATORIUM

678 3153 126 18 ROTORFA.

527 3202 10 13 r
616 3203 106 25 following;
731 3202 90 19 Tenders
838 3208 35 13 are
882 3202 76 19 invited

531 3224 25 21 -L
592 3229 32 18 for
635 3229 90 25 supplies
735 3230 30 17 for
776 3228 34 19 tlie
883 3228 77 25 ending

527 3254 112 19 December
650 3257 30 20 SI,
694 3257 54 16 1897.

556 3282 15 17 1.
588 3280 87 19 General
686 3281 109 22 Groceries,
807 3280 106 25 including
923 3280 35 18 Po'

607 3311 69 14 tatoes.

555 3334 17 17 2.
588 3332 64 25 Dairy
671 3332 90 19 Produce
768 3332 106 19 —Whole
899 3332 60 23 Milk,

607 3359 54 18 fresh
673 3360 78 21 Eutter,
762 3360 55 17 fresh
828 3360 62 23 Eggs.

556 3386 18 16 3.
589 3384 107 20 Butcher's
706 3384 62 19 Meat.

555 3412 19 16 •I.
589 3409 73 22 Bread,
675 3410 60 18 white
748 3410 38 19 and
798 3410 76 18 brown.

556 3438 18 16 5.
590 3436 47 19 Best
650 3436 54 19 Bata
719 3436 103 19 Firewood
839 3436 20 18 in
881 3436 81 19 16-inch

609 3462 89 25 lengths.
725 3462 49 18 Best
790 3462 83 25 Taupiri
890 3462 72 19 House

610 3488 54 18 Coal.

557 3513 55 19 Lists
622 3515 21 17 of
654 3514 57 18 items
724 3513 91 24 showing
832 3521 24 11 nn
876 3521 86 18 average

531 3539 89 19 month's
630 3539 146 25 requirements
786 3546 45 18 may
842 3540 24 18 be
883 3547 48 12 seen
942 3543 21 15 at.

532 3565 33 19 the
577 3566 135 18 Sanatorium.

558 3591 34 18 All
611 3591 80 18 tenders
710 3593 53 17 must
779 3591 25 19 be
826 3592 98 19 rendered
942 3593 21 18 in

532 3617 108 24 duplicate.

559 3642 43 20 The
612 3643 69 18 lowest
691 3649 22 12 or
723 3649 39 18 any
772 3643 71 18 tender
852 3647 35 15 not
897 3650 55 13 neces-

533 3669 62 24 sarilj'
605 3668 100 26 accepted.

560 3694 88 19 Tenders
659 3697 52 16 must
722 3694 24 19 be
765 3694 109 19 addres-rd
890 3698 21 16 to
929 3696 36 19 the

534 3720 87 19 Medicul
631 3720 170 25 Superintendent
816 3721 39 18 and
874 3722 90 18 received

534 3746 27 23 by
572 3746 40 18 him
624 3753 25 11 on
660 3753 22 11 or
690 3746 68 19 before
766 3746 99 25 Tuesday,
875 3747 35 19 the
918 3748 46 18 15th

534 3772 21 17 of
565 3771 111 20 December
686 3774 54 16 next.

574 3830 215 24 IMPOUNDING
802 3831 125 24 NOTICE.

538 3881 186 42 IMPOUNDED
735 3883 19 18 in
762 3883 34 18 ihe
805 3883 73 20 Public
886 3883 79 23 Pouud,

591 3908 97 23 Botorua,
713 3909 27 23 by
759 3909 34 18 the
812 3909 89 25 Banger,
929 3916 38 13 one

539 3934 57 17 black
609 3934 66 18 Horse
686 3934 47 20 with
745 3935 58 18 wiiite
821 3936 54 18 blaze
885 3936 20 18 in
916 3936 50 22 face,

537 3958 44 20 also
590 3962 41 16 two
640 3959 62 20 white
709 3960 50 19 hind
776 3962 46 21 feet,
842 3961 90 19 branded
951 3962 17 18 B

537 3991 23 12 or
569 3987 52 16 3on
636 3986 34 17 the
689 3992 48 12 near
755 3986 101 19 shoulder.
893 3987 22 18 If
933 3990 36 15 not

537 4010 85 20 claimed
633 4011 38 19 and
683 4018 96 18 expenses
789 4012 47 24 paid
843 4012 40 19 will
892 4012 26 19 be
925 4013 44 18 sold

537 4043 25 11 on
579 4036 101 25 Tuesday,
700 4037 34 19 Bth
753 4038 39 23 day
811 4038 21 18 of
849 4038 118 23 December,

541 4063 56 22 189G,
609 4064 21 18 at
640 4064 22 17 12
675 4063 73 19 o'clock
759 4070 58 12 noon.

721 4089 82 19 ALEX.
819 4089 70 24 TAIT,

790 4115 153 24 Poundkeeper.

998 990 11 16 t
1039 987 129 20 MEETING
1176 990 23 16 of
1208 988 34 18 the
1253 988 63 18 above
1332 987 68 20 Associ-

992 1006 31 24 'V
1052 1014 54 19 ation
1117 1013 41 19 will
1168 1013 25 19 be
1204 1013 46 19 held
1265 1016 20 16 at
1296 1014 34 18 the
1341 1015 16 17 <-J
1361 1014 50 19 laud

1017 1039 26 21 tel
1054 1039 91 26 to-night
1155 1042 21 15 ;it
1188 1039 56 25 eight
1253 1039 75 19 o'clock
1337 1043 19 15 to
1365 1039 46 19 take

981 1067 34 18 the
1025 1072 56 13 sense
1091 1067 22 17 of
1129 1065 57 18 those
1204 1068 80 22 present
1300 1072 22 11 us
1339 1068 20 16 to
1378 1065 33 19 the

981 1091 130 25 advisability
1122 1091 21 18 of
1153 1091 89 25 winding
1253 1098 27 18 up
1291 1092 34 18 the
1334 1091 66 19 Associ-

981 1119 60 19 ation.

1158 1143 20 18 S.
1193 1143 22 18 T.
1231 1143 100 21 BRENT,

1268 1169 115 20 Chairman.

1006 1195 96 23 Eotorua,
1117 1196 29 18 Ist
1157 1195 118 23 December,
1288 1196 56 18 1896.

981 1581 54 20 lN!)(i,
1048 1578 5 19 i
1064 1582 18 15 tc
1094 1578 65 19 whare
1170 1578 105 20 whnkawa
1292 1580 5 17 i
1315 1578 68 26 JCepia
1403 1579 5 18 i

1005 1775 32 19 K<>
1048 1778 19 16 te
1076 1782 23 12 ra
1110 1778 56 16 mote
1176 1774 122 23 Puotitanga
1307 1775 101 21 mehemea

1129 1971 177 21 Kaiwbakahaere
1318 1972 64 20 Pooti.

1006 2045 31 29 |7
1042 2046 94 17 ANTED.
1172 2046 17 17 A
1210 2047 53 16 Good
1280 2046 54 19 Plain
1352 2046 56 17 Cook.

993 2072 11 15 T
1011 2063 14 24 V
1066 2069 44 17 Also
1119 2074 10 12 a
1139 2068 170 20 Housemaid.—E.
1324 2070 22 18 A.
1360 2069 37 19 SeD-

991 2097 32 14 OX,
1034 2092 51 17 Lake
1094 2092 58 17 View.

991 2140 48 24 [XT'
1043 2140 92 17 ANTED.
1177 2140 77 23 Repairs
1272 2142 20 17 to
1315 2142 92 17 Watches.

995 2167 27 15 I?
1066 2163 105 22 Jewellery.
1190 2164 38 18 &e.,
1247 2164 39 18 also
1302 2164 63 18 orders
1381 2164 29 17 for

978 2192 40 11 new
1027 2187 87 16 Watches
1122 2186 37 18 and
1176 2186 105 24 Jewellery,
1299 2188 21 17 to
1336 2187 23 17 bo
1376 2187 33 17 left

978 2210 44 16 with
1033 2209 25 17 H.
1068 2208 85 22 Stewart,
1164 2210 83 19 Saddler,
1263 2211 58 21 agent
1338 2210 28 17 for
1383 2208 24 19 H.

978 2233 25 16 11.
1014 2232 98 21 HoWDEX,
1122 2231 133 19 Watchmaker
1263 2233 37 17 and
1315 2232 92 21 Jeweller,

978 2255 102 16 Hamilton.

1043 2306 85 19 ANTED
1147 2306 189 20 KNOWN.—Guide
1348 2307 61 18 Books

1066 2332 19 15 to
1102 2330 32 17 the

1024 2358 24 12 ON
1052 2357 43 13 RLE
1104 2353 44 17 Offil

1251 2333 20 15 to
1292 2332 25 17 be
1336 2331 37 18 had
1390 2332 19 17 at

1092 2499 122 19 VISITORS'
1229 2501 62 17 LIST.

1105 2546 82 18 Geyseb
1203 2547 77 17 Hotel.

1000 2577 105 18 Mesdames
1125 2577 74 23 Baylos,
1228 2579 61 21 Eady.
1311 2578 82 19 Victoria
1404 2577 3 23 ;

978 2600 85 20 Lundon,
1082 2600 71 21 Mahor,
1171 2600 80 22 Zohran,
1276 2601 114 24 Wellington
1404 2600 3 25 ;

978 2623 62 21 Baird,
1047 2624 109 19 Tasmania;
1169 2623 100 22 Baunders,
1289 2624 118 22 Sutherland,

978 2647 127 20 Palmerston;
1124 2647 81 22 Rayuer,
1222 2647 82 20 Nelson;
1326 2648 81 21 Stanley,

978 2669 88 24 Spender,
1070 2669 95 23 England;
1173 2671 107 21 dimming.
1290 2671 118 22 Waymoutb,

978 2692 102 18 Auo'-land.
1113 2693 66 16 Misses
1201 2694 38 21 Fry
1264 2694 32 22 (2),
1320 2694 88 23 Spender,

978 2715 93 24 England;
1087 2715 72 22 Baylos,
1170 2716 89 18 Victoria.
1269 2718 69 16 Messrs
1346 2717 62 21 Jones,

979 2739 99 19 Chalmers,
1104 2738 74 23 Hodge,
1206 2739 60 23 Eady,
1296 2740 112 21 Weatherill,

978 2761 69 23 Scully,
1059 2761 86 21 Kitchen,
1157 2761 65 23 Hurle,
1232 2763 83 17 Victoria
1323 2761 3 23 ;
1341 2763 67 21 Poake,

978 2785 29 18 W.
1028 2785 94 16 Australia
1133 2785 3 25 ;
1164 2786 118 19 Kekenstoin,
1308 2786 89 24 England
1406 2785 2 25 ;

978 2808 87 19 Bennett,
1072 2808 83 18 Thames;
1171 2808 123 20 Williamson,
1302 2809 107 24 Cuniming,

979 2831 96 19 Harrison,
1087 2830 80 22 Robson,
1174 2831 106 23 Auckland;
1295 2833 62 19 Baird,
1366 2833 45 17 Tasr

979 2854 73 20 mania;
1082 2854 80 19 Zohran,
1190 2855 68 20 Smith,
1284 2855 125 24 Wellington;

979 2877 99 18 Saunders.
1092 2877 116 17 Palmerston
1216 2877 3 20 :
1241 2878 121 19 Friedlander
1375 2879 36 17 and

979 2901 56 19 valet,
1065 2900 94 22 Germany
1168 2900 4 23 ;
1196 2901 107 22 Hoymaun,
1329 2900 81 23 France;

979 2923 81 23 Rayner,
1070 2923 77 17 Nelson.

1046 2968 86 18 Brent's
1146 2969 110 18 Bathgate
1269 2971 77 17 House.

1004 3000 105 17 Mesdames
1122 3000 98 21 McEnnis,
1242 3001 102 21 Haseldon,
1362 3002 37 17 Wel-

981 3024 75 21 lington
1063 3023 3 24 ;
1093 3023 67 20 Smith,
1190 3024 80 23 Harper,
1300 3026 97 16 Auckland
1407 3023 4 24 ;

981 3047 115 21 Langridge,
1117 3046 69 17 Nelson
1197 3046 3 25 ;
1224 3047 110 24 Snodgrass,
1364 3049 37 17 Tau-

981 3076 65 14 mnga;
1057 3069 107 21 Chambers,
1172 3070 119 23 Cambridge;
1301 3071 111 21 Bucktront,

981 3093 78 18 McKoe,
1082 3092 85 23 Sydney;
1194 3093 53 21 Goss,
1273 3094 139 18 Christchurch.

981 3116 66 16 Misses
1056 3115 110 20 Johnstone,
1178 3116 118 23 Wairarapa;
1311 3118 101 19 Haseldon,

981 3138 116 22 Wellington
1113 3138 2 23 ;
1143 3139 61 19 Clark,
1235 3140 89 21 Glasgow
1333 3138 4 23 ;
1371 3141 32 17 Sin-

982 3162 50 18 clair,
1047 3162 88 17 Graham.
1157 3162 108 24 Auckland;
1286 3163 79 18 Siddells
1381 3163 31 23 (2),

982 3184 97 21 McEnnis,
1089 3184 121 23 Wellington.
1237 3186 27 17 Dr
1277 3186 79 21 Russell,
1374 3187 30 16 Ire-

981 3208 45 17 land
1036 3208 4 21 ;
1054 3208 113 16 Lieut.-Col.
1183 3208 90 21 Ellisdon,
1293 3208 119 21 Melbourne;

983 3231 55 17 Revs.
1047 3230 91 17 Binsfeld.
1148 3230 70 24 Napier
1228 3230 4 24 ;
1247 3232 60 22 Ingle.
1319 3232 95 22 Rotoroa;

982 3254 65 22 Major
1054 3253 89 21 Dowson,
1163 3254 89 22 England
1259 3261 5 14 ;
1284 3255 69 18 Messrs
1362 3255 52 21 Goss,

1021 3276 94 18 istchurch
1124 3282 5 13 ;
1140 3276 65 21 Beath,
1214 3278 122 20 Melbourne;
1347 3278 56 18 Hasel-

990 3309 36 10 u-ii,
1048 3299 32 23 ('2),
1102 3300 126 22 Wellington;
1254 3301 46 20 Cox,
1327 3301 87 22 Sydney;

983 3323 82 21 Harper,
1080 3323 56 18 Roth,
1153 3323 84 21 Sinclair,
1256 3324 78 20 Russell,
1353 3325 50 16 Auck-

983 3346 45 17 land
1035 3345 3 25 ;
1065 3345 106 22 Chambers,
1200 3346 113 24 Cambridge
1324 3345 3 25 ,
1361 3348 55 17 Mont

984 3375 83 16 gomory,
1085 3368 121 23 Deronport;
1232 3370 60 20 Scott,
1313 3368 101 23 Pahiatua;

985 3392 110 22 Snodgrass,
1113 3392 110 22 Blenheim;
1245 3393 70 21 Evans,
1333 3393 72 18 Wolver-

984 3416 99 22 hampton.

1085 3461 59 17 Lake
1156 3461 71 18 House
1240 3462 77 17 Hotel.

1009 3492 105 18 Mesdames
1123 3492 67 23 Parry,
1204 3492 88 19 Beddard
1306 3494 37 16 and
1361 3494 55 18 mirid,

986 3516 91 20 London;
1103 3516 78 21 Marley,
1200 3516 104 18 Masterton
1313 3516 4 21 ;
1339 3516 66 18 MeWil-

986 3540 60 19 liains,
1057 3539 110 17 Melbourne
1174 3545 5 13 ;
1193 3539 84 23 Cloggie,
1288 3540 116 21 Wellington
1413 3546 5 14 ;

987 3563 89 16 Graham.
1086 3561 99 18 Wairakei.
1209 3563 47 16 Miss
1265 3563 93 20 Beddard,
1367 3563 39 17 lun-

987 3586 45 17 don.
1057 3585 27 17 Dr
1092 3585 26 17 Le
1127 3584 58 21 Brun,
1196 3585 69 17 Messrs
1274 3586 80 18 Welton,
1371 3586 36 21 Syd-

986 3615 37 16 ney
1030 3608 3 23 ;
1047 3609 66 21 Parry,
1123 3608 86 20 Parsons,
1228 3609 80 17 London
1315 3615 5 13 ;
1341 3609 78 22 Molony

986 3631 39 18 and
1032 3637 38 15 son,
1082 3631 118 19 Queensland
1207 3631 4 21 ;
1225 3631 130 21 McWilliams,
1371 3631 36 18 Mel-

986 3656 73 16 bourne
1066 3654 3 21 ;
1084 3654 59 17 Elliot
1162 3654 38 17 and
1216 3659 42 16 son,
1274 3655 75 20 Brown,
1367 3655 51 20 Lees,

987 3677 104 19 McCrcdie,
1113 3677 97 20 Harrison,
1226 3677 111 23 Auckland;
1359 3677 60 23 Lyon,

987 3701 86 22 Cloggie,
1083 3700 126 23 Wellington;
1223 3700 138 22 McNevannes,
1375 3701 33 17 Nel-

988 3730 33 11 son
1029 3730 6 15 ;
1047 3723 90 20 Robison,
1148 3720 84 21 Galatea.

1120 3769 44 17 The
1176 3769 112 18 LvxoiiAir.

1012 3797 105 17 Mesdames
1128 3796 74 23 Bibley,
1209 3797 104 22 Waipawa;
1326 3797 93 22 Handley,

990 3819 85 23 Findley,
1085 3820 46 17 Miss
1141 3820 74 18 Brown,
1222 3820 105 17 Auckland.
1353 3820 68 17 Messrs

990 3843 72 21 Bibley,
1077 3843 106 23 Waipawa;
1205 3843 89 21 Handley
1314 3843 32 23 (2),
1364 3843 46 18 Coro-

990 3866 85 19 mandel;
1090 3865 105 23 Spadacini,
1203 3866 156 23 Murruiobidgee
1367 3865 4 24 ;
1385 3866 24 17 Us-

990 3888 43 18 sher
1058 3888 32 23 (2),
1112 3889 99 19 Danedin;
1237 3889 85 22 Findley,
1344 3889 77 21 Turner,

990 3911 99 17 Auckland
1096 3911 4 23 ;
1113 3912 78 22 Bussey,
1204 3913 117 21 Wellington
1331 3918 5 15 ;
1357 3913 64 21 Cony,

991 3934 68 21 Smith,
1070 3934 95 23 England.

1126 3981 84 17 Mokoia
1223 3982 64 17 View.

1014 4007 70 17 Messrs
1089 4007 76 23 Yonng,
1174 4009 52 20 Parr,
1234 4009 74 20 Tobias,
1318 4009 104 19 Auckland;

992 4030 65 21 Welts,
1080 4030 128 24 Canterbury;
1230 4032 87 19 Boldero,
1342 4032 67 22 Manga-

991 4058 54 15 wau;
1071 4054 84 19 Towhill,
1174 4054 101 21 Goodacro,
1299 4055 47 17 New
1365 4055 57 16 South

993 4076 61 16 Wales
1061 4076 4 23 ;
1080 4076 55 22 Grey,
1150 4077 47 17 New
1211 4078 103 21 Plymouth
1322 4084 5 15 ;
1349 4078 73 18 Brown,

993 4099 85 24 Sydney;
1109 4099 67 22 Smith,
1202 4101 105 22 Gisborne;
1336 4100 86 21 Wallace,

993 4121 116 16 Melbourne.

1913 3408 98 18 THRICE
2018 3408 24 17 IS
2051 3408 37 18 HE
2098 3410 98 18 ARMED.

1940 3431 61 18 WHO
2008 3431 50 18 HAS
2063 3431 45 19 HIS
2115 3432 123 20 QUARREL

1895 3477 136 18 CLEMENTS
2040 3478 83 19 TONIC.

1918 3501 52 17 THE
1983 3501 113 17 WORLD'S
2109 3502 87 17 GREAT
2202 3502 111 18 RESTORA-

1895 3524 60 17 TIVE
1963 3524 51 17 HAS
2023 3524 86 17 CURED
2123 3525 74 17 MORE
2206 3526 78 17 CASES
2296 3526 33 18 OF

1896 3545 175 19 INDIGESTION.
2077 3548 159 19 NEURALGIA.
2242 3549 70 18 WEAK-

1895 3570 69 18 NESS.
1969 3569 131 19 DEBILITY.
2106 3570 224 19 DROPSYBRIGHT'S

1896 3593 114 17 DISEASE.
2020 3593 53 16 AND
2090 3593 79 19 LIVER
2180 3595 151 17 COMPLAINT

1896 3616 72 17 THAN
1976 3615 51 17 ALL
2034 3615 86 18 OTHER
2126 3617 146 18 MEDICINES
2281 3618 50 18 PUT

1896 3638 144 19 TOGETHER.

1921 3686 19 16 Tf
1947 3690 38 17 you
1994 3690 31 11 aro
2034 3685 36 17 sic'<
2080 3685 37 17 and
2125 3686 56 18 value
2192 3692 48 17 your
2248 3687 38 19 life,
2301 3688 20 16 in-

1898 3708 33 17 sist
1940 3715 24 10 on
1975 3708 71 22 having
2062 3708 93 19 Clements
2172 3709 64 21 Tonic,
2253 3709 38 18 and
2307 3717 24 11 no

1898 3732 101 17 substitute
2008 3737 20 11 or
2037 3737 37 16 you
2083 3732 39 17 will
2130 3732 24 17 he
2162 3732 138 23 disappointed.

2004 3777 68 17 READ
2086 3777 61 19 THIS
2159 3779 69 17 CASE.

1900 3808 58 19 Miss
1971 3808 24 19 E.
2015 3808 25 18 R.
2059 3808 103 20 Dickson
2176 3810 69 18 Sussex
2267 3810 64 21 Hotel,

1982 3832 70 18 cured
2062 3832 25 18 of
2173 3833 94 21 Dunedin,
2277 3833 55 21 N.Z.,

1960 3854 150 23 Indigestion.
2175 3857 64 18 writes
2247 3857 73 23 Septem-

1900 3878 33 17 ber
1952 3879 19 16 14
1979 3878 3 23 •
1985 3879 33 16 —I
2035 3878 47 17 have
2099 3879 59 18 found
2175 3885 48 16 your
2240 3880 93 17 Clements

1901 3901 58 17 Tonic
1968 3903 19 15 to
1996 3901 23 17 be
2032 3903 49 15 most
2095 3901 94 19 infallible
2205 3904 30 16 for
2250 3903 73 22 indiges-

1901 3924 46 17 tion.
1973 3925 56 16 From
2046 3924 101 19 childhood
2164 3927 9 16 I
2191 3927 48 16 have
2255 3926 79 18 suffered

1901 3948 49 17 from
1960 3947 42 18 that
2011 3946 108 23 complaint,
2129 3949 39 17 also
2175 3950 49 17 from
2231 3950 39 17 sick
2276 3950 46 17 head-

1901 3970 46 18 ache
1956 3970 37 17 and
2001 3976 128 12 nervousness.
2155 3973 16 16 A
2180 3973 87 22 personal
2274 3972 60 18 friend

1902 3994 40 16 told
1952 4000 28 10 me
1989 3994 20 16 of
2018 3993 94 17 Clements
2121 3995 63 20 Tonic,
2196 3996 60 17 which
2268 3996 10 17 I
2287 3996 48 17 tried

1903 4017 45 16 with
1959 4016 32 17 the
1999 4018 50 16 most
2057 4017 106 23 gratifying
2171 4019 75 17 results.
2272 4019 10 17 I
2291 4019 44 22 only

1902 4040 45 16 used
1957 4040 35 16 five
2001 4040 74 19 bottles,
2086 4040 36 17 and
2131 4046 33 17 my
2173 4041 64 18 health
2246 4042 16 17 is
2276 4042 59 22 really

1902 4063 98 19 excellent,
2022 4069 33 16 my
2077 4063 30 17 old
2129 4064 114 22 complaints
2264 4065 72 23 having

1902 4085 71 22 utterly
1982 4085 183 19 vanished.—Yours
2174 4093 46 17 very
2225 4089 110 22 gratefully,

1903 4108 22 17 E.
1935 4109 23 16 R.
1968 4108 88 21 Dickson,
2071 4109 69 18 Sussex
2157 4110 65 20 Hotel,
2241 4111 94 21 Dunedin,

1902 4130 47 18 New
1957 4131 88 17 Zealand.

979 4207 103 40 Ask
1110 4209 72 40 for
1208 4210 266 41 Hancock's
1511 4214 280 40 Celebrated
1820 4215 191 40 XXXX
2036 4217 112 42 Ales
2176 4223 95 37 and
2298 4222 139 41 Stout
