3300 4360
76 149 157 21 SCIENTIFIC
247 149 95 21 PARTY
353 150 85 20 MASSA-

225 175 80 19 CRED.

94 252 24 11 ur
142 244 81 20 readers
242 245 41 19 will
305 245 114 19 renumber
437 245 44 19 that

50 273 61 19 about
129 275 40 14 two
187 277 60 17 years
263 278 39 17 ago
325 271 92 18 Puitorua
440 277 42 11 was

52 296 78 22 favored
141 297 49 18 with
200 302 12 13 a
219 297 47 18 visit
274 299 51 17 from
333 297 67 18 Baron
408 295 72 20 Fullon

52 330 35 13 von
99 323 112 21 Norbeeek,
223 329 24 12 an
257 323 99 18 Austrian
365 322 114 21 nobleman,

50 349 37 19 and
98 351 20 16 at
128 349 45 18 that
183 349 48 18 time
242 348 89 19 scientist
341 354 26 13 on
377 347 61 19 board
446 347 35 18 the

50 375 94 19 Austrian
155 374 75 24 frigito
240 374 68 19 Saida.
331 373 149 25 Accompanied

50 402 26 23 by
86 400 77 19 several
174 400 76 19 officers
261 401 21 17 of
291 400 35 18 the
336 400 45 23 ship
389 399 25 18 he
422 399 58 18 made

54 426 186 19 U'l.'akarewarewa
266 426 32 18 his
322 425 158 25 head-quarters

49 452 38 19 and
97 452 51 19 fiom
158 452 45 18 that
219 451 49 19 base
283 451 23 18 of
320 452 115 23 operations
456 450 24 18 he

50 478 73 24 nought
141 480 21 17 to
181 477 60 19 make
259 477 82 18 himself
360 476 120 26 acquainted

50 504 45 19 with
106 504 35 18 the
151 503 116 19 immediate
280 503 84 18 district.
401 502 26 19 In
449 502 31 19 Mr

49 530 20 19 C.
85 530 24 19 E.
126 529 84 22 Nelson,
223 530 20 17 of
261 528 33 19 the
315 528 76 25 Gej-ser
410 528 68 23 Hotel,

49 557 65 18 Baron
125 554 108 20 Norbeeek
243 554 63 19 found
316 561 38 11 one
364 554 45 18 who
421 554 60 19 could

50 581 96 20 elucidate
155 587 62 15 many
229 582 82 17 matters
325 580 21 19 in
363 580 66 18 which
448 579 31 24 he,

50 615 20 12 as
80 614 12 12 a
103 607 96 22 scientist,
211 613 40 12 was
261 606 116 18 interested.
400 606 25 18 In
436 605 44 20 that

50 640 42 17 way
103 633 34 18 tho
146 633 111 24 ethnology
267 632 21 18 of
296 631 35 19 the
348 631 66 19 Maori
432 638 46 12 race

51 666 39 12 was
101 666 11 11 a
122 658 87 19 favoiite
219 658 52 24 topic
282 658 21 18 of
312 658 112 18 discussion
441 658 39 18 and

51 685 68 19 before
136 684 81 25 leaving
228 684 33 18 Mr
278 683 78 19 Nelson
374 683 107 25 presented

50 713 33 17 the
93 711 67 17 Baron
172 710 48 18 with
231 716 54 12 some
304 709 139 25 photographs
460 709 21 19 of

50 737 67 19 native
127 737 94 23 carvings
231 735 39 18 and
282 732 61 22 asked
352 735 41 19 him
401 738 20 16 to
427 741 41 13 com-

51 769 46 20 pare
108 761 34 20 the
153 768 54 13 same
218 761 48 20 with
277 761 75 20 certain
363 761 33 19 old
412 761 56 25 Egyp-

50 789 40 19 tian
109 788 73 19 carved
202 788 54 17 work
280 788 21 19 in
323 787 88 25 Europe.
450 786 32 20 Mr

50 815 75 19 Nelson
135 821 41 11 was
186 813 64 19 under
260 814 33 17 the
310 813 118 25 impre-sion
437 812 45 20 that

51 841 55 18 there
126 846 41 11 was
186 845 11 13 a
214 839 106 25 similarity
339 840 89 18 between
447 839 35 18 the

50 871 44 14 two.
124 866 30 19 On
167 866 64 19 Baron
243 865 124 19 Norbeeck's
377 868 68 16 return
461 869 21 14 to

51 892 79 25 Europe
139 892 35 18 the
183 891 64 20 Saida
258 897 39 12 was
314 890 47 26 paid
371 891 29 18 off
410 891 37 18 but
457 896 25 13 lie

51 925 39 12 was
113 918 73 18 almost
205 916 135 25 immediately
363 916 119 19 afterwards

52 943 106 26 appointed
166 946 20 17 to
195 943 33 19 the
237 942 129 19 man-o'-war
376 942 107 19 Albatross

52 970 63 19 which
125 976 42 12 was
176 968 122 26 despatched
306 975 24 12 on
348 975 12 12 a
379 968 66 19 cruise
461 971 21 15 to

51 996 102 19 Australia
168 995 31 19 for
217 995 89 24 training
329 995 40 18 and
386 993 96 21 scientific

50 1028 102 20 purposes.
181 1021 52 19 That
244 1021 34 18 the
296 1020 80 25 subject
391 1021 21 17 of
428 1020 55 18 their

50 1050 93 23 frequent
171 1050 149 16 conversations
343 1048 21 18 at
388 1045 79 20 Whaka-

51 1080 106 13 ri'warewa
176 1080 41 11 was
238 1076 34 14 not
287 1073 104 24 forgotten
407 1072 17 18 is
439 1073 33 17 evi-

52 1100 75 18 denced
139 1100 24 23 by
173 1099 35 18 the
218 1099 41 18 fact
275 1099 45 18 that
336 1098 22 19 in
375 1098 49 23 May
442 1098 40 18 last

52 1125 31 19 Mr
93 1125 76 19 Neison
179 1124 91 19 received
280 1131 11 11 a
305 1124 58 19 letter
379 1125 52 18 from
447 1125 36 17 the

52 1178 35 25 ing
96 1177 45 19 that
151 1177 25 18 lie
186 1175 65 26 hoped
262 1180 20 15 to
293 1176 23 19 be
330 1177 21 19 in
362 1176 50 19 New
431 1175 39 20 Zea-

52 1204 45 18 land
108 1210 55 12 some
179 1203 48 18 time
243 1203 21 18 in
281 1202 86 19 October
383 1202 58 19 when
457 1202 27 18 ho

52 1229 66 19 would
127 1229 60 23 bring
196 1235 55 12 some
261 1229 112 24 specimens
378 1228 22 19 of
412 1227 71 27 Egyp*

52 1256 40 19 tian
104 1255 72 19 carved
189 1254 53 19 work
254 1254 95 19 obtained
365 1254 21 19 in
402 1254 82 24 Europe

52 1281 64 20 which
141 1280 67 19 would
231 1287 26 17 go
275 1280 32 19 fur
325 1283 21 16 to
368 1287 62 17 prove
449 1282 35 16 tho

53 1307 110 19 soundness
172 1306 22 19 of
205 1306 31 19 Mr
249 1306 92 19 Nelson's
350 1306 56 19 ideas
411 1313 27 12 on
450 1306 34 18 the

52 1337 78 18 matter,
142 1332 40 19 and
195 1332 134 19 substantiate
339 1332 32 19 his
386 1332 98 19 assertion

52 1366 21 12 as
83 1363 20 14 to
114 1360 34 18 tho
161 1358 106 25 similarity
283 1358 89 25 existing
392 1358 92 19 between

52 1386 33 18 the
96 1389 45 15 two.
170 1384 43 20 The
233 1385 66 18 Baron
315 1391 41 12 was
372 1384 49 19 then
438 1390 36 12 con-

52 1411 121 25 templating
187 1410 35 19 the
239 1410 39 25 trip
297 1413 19 16 to
335 1410 35 19 the
389 1410 95 19 Solomon

56 1437 77 19 Islands
144 1438 51 17 from
209 1436 65 19 which
290 1436 25 19 he
332 1443 42 12 was
393 1435 92 20 destined

54 1470 60 13 never
132 1467 20 14 to
171 1466 76 15 return.
276 1463 40 18 His
332 1463 61 18 letter
410 1465 21 16 to
451 1463 34 18 Mr

53 1489 76 20 Nelson
139 1489 17 18 is
167 1489 99 24 probably
276 1496 37 11 one
322 1489 22 18 of
354 1489 34 18 the
399 1488 39 19 last
449 1489 35 17 the

52 1515 88 19 ill-fated
151 1515 108 19 nobleman
269 1521 46 12 ever
325 1515 79 24 penned
419 1521 23 12 as
460 1515 25 17 he

52 1541 35 20 left
99 1541 81 25 Sydney
192 1548 13 11 a
215 1542 38 17 few
264 1541 49 24 days
325 1541 120 19 afterwards
459 1546 26 12 on

53 1574 24 12 on
87 1567 62 19 board
161 1567 34 19 the
205 1567 111 19 Albatross.

90 1602 54 18 How
153 1602 47 18 The
210 1600 108 20 Massacre
328 1600 116 20 Occurred.

77 1635 61 26 Early
149 1635 20 19 in
181 1636 80 23 August
276 1635 34 19 the
324 1635 108 19 Albatross
448 1642 24 12 an-

51 1661 71 19 chored
143 1660 28 22 off
187 1662 34 18 the
240 1661 81 26 sloping
334 1661 63 19 beach
414 1661 22 19 of
449 1661 35 19 the

52 1688 58 19 north
125 1690 56 16 const
191 1688 21 18 of
226 1687 34 18 the
270 1684 71 22 Island
355 1688 21 17 of
395 1686 74 20 Guadal-

53 1720 57 13 canal
110 1713 3 25 1
114 1713 4 25 .
147 1713 20 19 It
181 1720 40 12 was
236 1713 46 19 hero
299 1713 89 23 decided,
405 1713 79 25 despite

52 1740 32 19 the
93 1746 116 18 unsavoury
219 1739 114 25 reputation
343 1739 20 19 of
373 1740 34 18 the
416 1739 62 25 place,

52 1771 19 13 to
82 1765 87 25 explore,
188 1765 59 18 while
257 1765 34 18 the
310 1765 64 20 vessel
385 1765 33 26 lay
429 1765 53 23 here,

52 1792 33 19 the
96 1792 69 18 Lion's
173 1792 59 18 Head
243 1790 107 21 Mountain
365 1792 21 18 in
400 1792 34 18 the
452 1792 22 18 in-

53 1819 65 17 terior.
143 1818 19 18 A
177 1823 65 19 party,
253 1818 111 23 consisting
374 1818 21 18 of
418 1818 65 19 Baron

53 1851 36 12 von
101 1843 111 23 Norbeeclc,
225 1843 66 20 Lieut.
298 1839 74 29 Budik,
384 1843 98 26 Midship'

54 1877 45 12 man
110 1870 30 19 De
157 1869 104 23 Beaufort,
280 1870 40 18 and
336 1870 85 19 another
432 1870 38 19 mid-

53 1896 98 24 shipman,
164 1898 24 16 20
198 1896 76 22 sailors,
284 1896 66 18 Baron
358 1896 126 18 Norbeeck's

52 1927 39 14 two
101 1924 98 21 servants,
211 1922 40 18 and
261 1925 38 15 two
318 1922 69 19 native
402 1922 78 24 guides,

52 1948 75 19 started
137 1949 52 17 from
200 1948 33 18 the
244 1951 54 15 coast
308 1955 25 12 on
349 1948 82 25 August
441 1948 42 19 oth.

52 1975 59 18 After
121 1978 39 15 two
167 1974 56 24 days'
238 1974 111 23 marching,
368 1974 35 19 the
419 1974 65 25 heavy

52 2000 56 19 work
125 2001 21 18 of
165 2000 79 25 forcing
262 2000 53 20 their
331 2006 45 19 way
395 2000 89 25 through

53 2028 33 18 the
113 2026 52 19 Lush
180 2026 118 25 completely
319 2026 113 20 exhausted
447 2033 37 12 one

52 2052 136 25 midshipman
202 2053 38 17 and
262 2060 60 12 seven
339 2053 75 23 sailors,
440 2054 44 17 who

52 2078 127 26 necordingly
205 2078 94 20 returned
324 2081 21 17 to
371 2079 34 19 the
432 2079 46 24 ship

52 2105 66 19 Baron
150 2103 113 26 Abrbeeck,
288 2105 142 25 accompanied
458 2105 26 24 by

52 2131 121 20 Lieutenant
186 2130 65 18 Budik
268 2131 39 19 and
326 2138 61 12 seven
405 2131 78 21 sailors,

53 2157 39 19 and
120 2157 32 19 his
167 2159 38 16 two
224 2160 97 20 servants,
351 2157 48 18 with
428 2156 56 20 three

54 2183 98 19 busumen
162 2183 31 19 for
203 2183 76 23 guides,
296 2183 76 18 started
383 2185 21 17 at
423 2183 63 18 about

53 2209 10 19 8
75 2209 73 19 "'clock
160 2216 25 11 on
195 2209 80 22 August
293 2209 34 18 Hth
345 2209 31 19 for
394 2209 34 18 the
444 2211 40 22 top,

53 2235 17 19 J.
77 2237 17 17 id
109 2236 82 24 hipuiau
211 2234 30 20 De
251 2234 104 21 Beaufort,
364 2236 33 18 six,
406 2234 78 24 sailors,

53 2263 38 17 aid
103 2267 38 13 two
153 2261 77 24 guide-,
242 2261 51 19 from
303 2261 36 19 the
352 2265 55 15 coast
424 2261 62 24 being

52 2287 32 20 ltdi
108 2293 16 14 hi
144 2288 34 19 the
196 2294 63 16 cam]).
288 2287 82 20 Several
386 2287 99 21 bushmen

51 2314 69 26 joined
131 2315 34 18 the
176 2313 84 19 Baron's
275 2317 59 21 party
353 2320 25 13 on
399 2314 26 18 its
441 2319 44 18 way

54 2339 24 26 ull
91 2341 33 18 ihe
141 2340 111 20 mountain,
265 2340 35 18 but
312 2347 22 11 as
347 2340 48 23 they
409 2339 40 20 had
460 2345 25 12 no

53 2373 58 17 amis,
124 2367 39 18 and
174 2366 78 19 seemed
263 2366 99 24 peaceful,
373 2373 26 12 no
418 2366 66 18 notice

53 2400 40 12 was
103 2393 62 19 takeu
176 2393 21 18 of
213 2392 61 19 them.
303 2392 69 19 When
388 2399 46 12 near
451 2392 35 18 the

52 2422 33 23 top
96 2420 48 23 they
156 2419 62 20 heard
236 2420 38 17 two
285 2418 56 19 shots
353 2418 49 19 fired
412 2418 21 19 in
451 2418 34 19 the

52 2445 169 25 neighbourhood
238 2444 21 18 of
268 2444 34 19 the
313 2450 56 17 camp
381 2445 47 23 they
445 2444 41 18 had

53 2472 43 24 left,
108 2471 40 19 and
161 2475 20 14 at
193 2471 35 18 the
243 2476 54 13 same
314 2471 49 18 time
380 2470 48 24 they
445 2477 41 12 saw

54 2499 53 18 what
117 2498 100 24 appeared
230 2501 18 14 to
256 2496 25 19 be
291 2503 12 12 a
311 2496 103 19 bushmaii
433 2497 53 18 chief

54 2524 96 24 standing
160 2530 25 11 on
204 2524 34 18 the
248 2526 34 21 top
291 2523 22 18 of
331 2523 85 18 arisen
435 2523 51 18 little

54 2550 64 18 above
145 2550 61 23 them,
226 2549 84 25 making
337 2555 55 14 some
421 2550 63 23 signs.

57 2576 98 20 Whether
163 2576 27 19 lie
197 2576 57 19 could
265 2581 32 13 see
308 2575 35 19 the
360 2582 57 19 camp
433 2576 53 18 from

55 2603 66 20 where
136 2603 26 20 lie
180 2609 40 12 was
237 2609 22 12 or
275 2604 36 17 not
318 2602 18 18 is
355 2604 35 16 not
405 2602 79 20 known,

54 2628 70 20 buthe
141 2628 125 28 apparently,
285 2635 25 12 ou
326 2628 86 23 hearing
431 2628 56 18 shots

52 2655 52 19 from
115 2656 35 19 the
159 2661 63 20 camp,
235 2661 51 19 gave
294 2655 33 19 the
339 2654 66 25 signal
425 2657 20 15 to
456 2656 21 16 at-

54 2682 45 19 tack
110 2683 33 18 the
154 2682 17 19 B
185 2682 55 19 ron's
251 2685 65 22 party.
344 2681 81 18 Natives
435 2681 52 18 from

54 2708 96 20 different
158 2712 56 21 parts
225 2707 137 24 immediately
367 2706 77 20 rushed
462 2712 24 12 on

54 2735 55 19 them
118 2735 49 19 with
186 2733 124 21 tomahnwks
319 2733 41 19 and
376 2733 63 22 clubs,
450 2733 37 17 but

54 2768 25 11 no
96 2768 59 18 guns.
183 2762 43 18 The
245 2761 70 22 baron,
337 2759 68 24 being,
424 2759 63 24 being

55 2788 85 24 entirely
151 2787 85 19 without
252 2794 53 12 arms
325 2787 22 18 of
362 2786 89 22 defence,
475 2792 12 12 a

54 2814 69 18 native
145 2814 74 18 rushed
234 2816 21 17 at
267 2813 43 20 him
331 2813 47 19 with
390 2819 9 13 p.
419 2815 54 16 toma-

55 2840 67 23 hawk,
153 2846 23 12 or
195 2840 58 19 small
271 2847 44 16 axe,
336 2840 40 19 and
394 2842 34 16 cut
445 2837 41 19 him

54 2865 58 20 down
122 2866 29 25 by
164 2872 12 12 a
193 2866 53 19 blow
256 2873 26 12 on
291 2867 36 19 the
346 2866 53 20 back
418 2865 21 17 of
452 2863 35 19 the

55 2892 56 19 neck.
150 2892 48 19 This
209 2893 68 19 native
288 2900 41 12 was
345 2889 142 23 immediately

55 2919 45 18 shot
109 2919 58 18 down
178 2919 27 24 by
216 2925 12 12 a
238 2919 67 18 sailor.
334 2919 23 19 In
369 2919 35 19 the
418 2923 54 13 mean-

53 2945 54 23 time,
125 2945 57 18 thore
198 2951 41 13 was
256 2952 10 12 a
278 2945 82 24 general
371 2944 68 20 attack
459 2950 26 13 on

53 2971 34 19 the
113 2970 66 20 whole
215 2975 66 20 party.
327 2971 42 19 One
405 2970 21 19 of
453 2970 36 19 the

54 2996 82 20 baron's
164 3000 92 16 servants
275 2997 104 25 protected
398 2996 89 22 him-eIF,

56 3023 39 18 and
106 3023 35 18 did
167 3023 52 25 good
240 3024 103 18 execution
362 3023 50 20 with
431 3029 13 13 a
452 3022 37 24 big

55 3049 57 18 knife
132 3049 26 19 be
183 3049 76 19 carried
285 3050 32 18 for
338 3049 90 23 clearing
454 3048 35 19 the

55 3075 63 19 track.
146 3076 43 19 The
200 3076 58 18 other
265 3079 81 16 servant
357 3076 62 19 saved
435 3075 42 19 him-

56 3101 39 19 self
104 3102 27 22 by
158 3102 78 24 seizing
259 3108 13 12 a
291 3102 114 19 tomahawk
430 3102 28 24 by
477 3107 12 12 a

56 3127 75 19 handle
140 3128 43 24 just
200 3135 21 11 as
233 3128 16 18 it
263 3135 41 12 was
323 3128 124 24 descending
465 3133 24 12 on

56 3153 31 20 his
108 3154 59 19 head.
195 3154 122 19 Lieutenant
344 3154 75 22 Budik,
445 3153 46 18 who

56 3180 124 24 fortunately
203 3180 39 19 hud
259 3180 31 19 his
310 3180 92 19 revolver
418 3180 21 19 in
457 3179 33 18 his

57 3205 62 23 hand,
139 3206 46 19 shot
197 3213 11 11 a
224 3206 67 19 native
308 3206 44 25 just
367 3213 21 11 as
404 3206 26 19 be
449 3211 42 12 was

58 3232 63 19 about
131 3234 20 17 to
158 3232 63 19 strike
232 3232 41 18 him
283 3232 48 19 with
341 3239 12 12 a
362 3232 66 24 heavy
437 3230 54 19 club.

58 3258 49 18 This
121 3258 69 19 native
207 3261 21 16 at
252 3258 35 19 the
304 3258 48 19 time
369 3258 35 19 the
424 3257 67 19 attack

58 3284 47 18 took
121 3284 57 25 place
198 3290 42 13 was
258 3284 123 25 attempting
402 3283 90 20 through

58 3310 34 18 the
111 3310 89 20 medium
219 3310 21 19 of
258 3310 56 23 signs
331 3312 20 17 to
367 3310 72 19 induce
458 3309 34 19 the

58 3336 113 18 lieutenant
180 3340 20 15 to
209 3338 46 20 give
265 3336 42 20 bim
318 3338 32 17 his
364 3336 92 20 revolver
472 3335 20 19 in

59 3363 104 24 exchange
174 3363 31 18 for
217 3363 32 18 his
263 3361 54 24 clu'/i,
338 3362 66 19 which
416 3368 47 14 .was
481 3368 11 12 a

57 3394 48 18 very
115 3388 40 19 fine
162 3394 90 14 wennon.
280 3389 44 18 The
342 3389 77 21 sailors,
430 3387 64 24 being

58 3414 98 25 prepared
167 3415 49 18 with
240 3415 52 18 their
315 3415 61 21 rifles,
401 3416 22 17 nt
445 3420 48 12 once

59 3440 76 25 opened
146 3440 36 19 fire
192 3447 53 18 upon
263 3440 36 19 the
309 3441 107 23 attacking
426 3442 66 21 party,

59 3466 39 18 and
109 3467 52 18 after
175 3473 13 12 a
201 3467 39 19 few
254 3466 88 20 minutes
355 3472 38 19 put
407 3467 56 18 them
473 3468 21 16 to

59 3492 66 24 flight.

86 3517 43 20 The
141 3519 75 21 Baron,
228 3519 44 18 who
282 3525 42 13 was
342 3519 35 18 the
396 3517 48 24 only
458 3523 36 13 one

61 3545 99 24 seriously
171 3544 99 20 wounded
280 3544 19 19 in
310 3545 42 18 this
362 3544 75 22 nttcek,
454 3549 40 14 was

62 3570 46 19 pble
117 3573 22 16 to
149 3571 53 18 walk
212 3570 70 24 slowly
292 3571 53 19 back
357 3573 21 16 to
392 3570 34 19 the
437 3575 57 17 ramp

61 3597 68 18 where
138 3597 28 19 nil
174 3603 40 12 was
221 3597 53 18 done
295 3597 32 18 for
331 3597 42 18 him
382 3595 4 21 1
392 3597 35 18 lint
436 3595 58 19 could

59 3622 26 19 be
94 3622 51 19 done
156 3623 64 18 under
231 3623 34 18 the
284 3624 162 19 circumstances,
458 3622 37 18 but

59 3648 26 19 he
105 3648 108 25 gradually
232 3648 51 19 sank
305 3648 40 19 and
365 3648 46 19 died
431 3648 63 18 abo'it

61 3674 44 19 half
115 3681 26 12 an
151 3675 53 18 hour
214 3675 125 18 afterwards.

88 3700 44 19 The
141 3703 59 23 party
210 3701 20 18 in
249 3707 57 18 camp
325 3700 42 19 had
386 3707 11 11 a
415 3700 77 17 si.nilnr

63 3729 55 20 story
128 3728 20 16 to
164 3726 41 19 tell.
228 3726 44 19 The
280 3727 101 18 bushmen
398 3725 42 19 bad
458 3724 28 20 kil-

61 3752 35 20 led
101 3751 139 26 Midshipman
265 3752 31 19 De
313 3752 105 19 Beaufort,
439 3754 56 16 toree

62 3778 79 23 sailoie,
165 3778 39 18 and
222 3785 37 12 one
278 3778 69 19 native
371 3778 69 23 guide,
463 3777 33 18 ind

63 3804 101 19 wounded
191 3804 32 18 six
249 3804 71 19 sailors
344 3804 40 19 and
411 3806 45 16 anat
468 3809 28 12 ler

63 3831 70 19 native
149 3829 69 25 guide.
236 3830 42 18 The
296 3832 147 23 engageement
458 3828 38 20 bed

64 3857 53 19 been
124 3857 57 18 short
191 3856 37 19 but
238 3856 67 24 sharp.

91 3883 19 19 A
128 3882 108 20 t-uccPi~sfui
255 3884 75 16 retreat
345 3888 40 12 war-
403 3881 60 19 made
479 3882 20 17 to

64 3909 65 23 Aroti,
157 3909 48 18 wilh
229 3907 34 19 the
290 3907 106 19 -wounded.
434 3907 61 18 Froux

65 3935 57 20 Ait*i
129 3942 16 13 a.
152 3936 71 18 native
232 3933 61 26 guide
310 3940 42 12 was
372 3935 43 17 sent
425 3935 21 16 to
464 3932 35 18 the

65 3961 108 21 Albatross
185 3960 48 19 with
245 3959 158 24 i.'itoVlijrfirceof
412 3958 35 18 the
455 3957 33 19 dis-

65 3990 61 16 jisle'*.
150 3983 160 28 Arrangements
323 3991 52 11 were
382 3985 47 17 then
439 3983 60 19 made

66 4013 49 19 with
126 4014 35 18 the
180 4011 139 25 eo-o])or>;tion
337 4011 22 18 of
376 4009 33 19 Mr
420 4008 64 21 Wood-

65 4039 52 23 ford,
130 4039 35 19 the
174 4038 78 20 British
265 4037 84 25 Deputy
363 4034 122 21 Commision-

65 4072 28 16 er,
114 4065 31 21 for
170 4066 139 22 transporting
330 4062 36 19 the
392 4060 108 26 exploring

65 4097 60 18 iiarry
135 4094 21 16 t<>
165 4091 34 19 the
212 4090 52 25 ship.

92 4117 43 19 The
149 4116 69 21 Baron
234 4122 42 13 -wts
291 4112 115 21 descended
421 4112 54 19 from
486 4117 13 12 a

66 4143 139 22 .Netherlands
220 4142 46 19 fanv.
267 4136 2 29 ;
271 4141 20 20 ir
305 4139 73 20 settled
388 4139 21 19 in
417 4136 83 21 Austri-i

65 4169 65 21 tdbont
154 4168 36 20 the
210 4168 102 20 sixteenth
331 4168 92 22 century..
459 4163 41 20 For

504 156 54 12 some
567 155 59 18 years
638 147 25 20 he
669 147 48 19 held
725 148 35 18 the
771 149 88 24 position
868 148 21 19 of
895 154 30 13 sec-

504 178 67 21 retary
586 175 22 18 in
623 175 34 17 the
677 174 98 19 Austrian
791 176 144 18 Government.

506 201 31 18 He
545 206 39 13 was
595 206 12 12 a
615 200 84 24 loading
708 200 102 24 geologist
819 201 39 19 and
868 200 67 19 metal-

504 226 76 24 lurgist,
590 226 40 17 and
639 225 35 19 the
684 226 112 22 originator
807 227 21 19 of
838 227 35 18 the
891 232 45 12 now

504 257 120 20 prosperous
634 250 79 26 mining
723 252 95 22 industry
827 253 21 18 in
863 253 74 17 Bosnia

504 278 38 18 and
561 276 150 25 Herzegovina.
748 279 10 16 '1
766 278 25 19 he
810 278 68 19 Baron
897 283 41 13 was

504 303 44 18 well
562 302 75 19 known
646 303 21 18 in
685 302 96 25 England
791 304 40 19 and
845 303 93 20 America

503 326 89 28 through
603 329 31 18 his
650 328 137 25 publications
804 337 27 12 on
851 331 84 22 mining,

503 354 64 19 which
578 354 52 19 have
640 354 52 19 been
701 355 115 20 translated
822 356 44 19 into
876 361 61 18 many

502 380 119 25 languages.
651 380 33 19 He
703 387 41 12 was
763 388 12 12 a
795 382 75 19 landed
888 387 36 19 pro-

503 407 75 24 prietor
586 407 21 17 in
616 406 90 23 Austria,
717 406 33 19 his
767 410 71 20 estate,
857 407 77 22 Gaden,

503 438 26 13 on
539 433 34 17 the
583 431 82 23 Bruehl,
684 434 61 18 about
765 434 22 18 15
809 434 58 18 miles
884 434 53 18 from

502 457 86 23 Vienna,
600 457 105 26 including
721 464 55 13 some
792 460 22 18 of
831 459 35 19 the
884 462 53 17 mot

503 483 94 19 valuable
607 483 130 26 agricultunl
748 484 49 20 land
814 485 21 19 in
846 485 90 19 Austria.

503 511 27 17 At
540 510 34 18 the
584 510 49 18 time
645 509 21 19 of
684 511 32 17 his
732 510 61 19 death
811 511 26 19 he
853 518 41 12 -was
911 513 25 17 4:'

502 542 59 18 years
571 536 21 18 of
602 542 44 18 age,
657 536 40 18 and
707 536 18 18 is
734 536 78 24 spoken
825 537 22 19 of
860 537 27 24 by
906 537 32 19 his

503 562 103 18 intimates
622 568 22 12 as
659 569 12 12 a
688 565 52 15 most
758 563 107 23 congenial
883 569 42 13 com-

503 588 80 24 panion,
598 594 12 11 a
621 587 40 20 fair
677 587 90 25 linguist,
784 589 42 18 and
844 589 94 25 pleasant

503 620 47 11 man
560 614 21 18 of
591 614 34 19 the
640 614 69 18 world.
750 614 31 19 He
796 615 68 18 leaves
880 615 57 18 three

503 639 96 19 children.
648 640 38 18 His
711 640 65 19 eldest
801 647 36 12 son
866 641 16 19 is
913 641 23 18 18

502 671 60 19 years
587 665 21 18 of
633 671 44 19 age,
706 666 41 18 and
774 667 36 18 the
837 669 90 22 youngest-

504 697 65 12 seven.
599 691 41 18 The
651 694 81 22 present
743 698 40 13 was
797 693 34 18 the
849 692 86 19 Baron's

504 717 73 18 second
594 717 47 18 visit
660 720 20 15 to
698 718 34 18 the
752 718 97 19 Solomon
864 724 72 19 group.

504 742 35 19 Six
555 749 59 18 years
633 749 38 18 ago
691 743 26 18 he
736 744 75 19 visited
830 744 35 19 the
882 751 56 11 same

504 772 45 21 part
558 769 21 19 of
590 769 107 24 Polynesia
704 769 21 19 in
734 770 34 18 tho
778 770 98 19 Austrian
887 777 39 11 war-

504 794 46 25 ship
560 794 47 20 Said
609 801 18 16 a,
639 794 40 19 and
689 796 80 18 crossed
779 796 35 18 the
832 796 67 18 island
917 796 22 17 of

504 820 40 20 San
555 821 64 18 Christ
624 821 46 18 oval
687 822 52 18 from
755 822 59 19 shore
831 825 21 15 to
871 821 66 19 shore.

505 846 32 19 Mr
560 847 117 22 Woodford,
698 847 34 19 tho
747 847 79 19 British
844 847 94 25 Deputy-

504 871 160 24 Commissioner,
685 873 59 19 made
764 880 12 12 a
791 875 41 23 trip
850 874 42 18 into
903 874 35 17 tho

504 899 82 18 interior
593 899 21 17 of
624 899 142 19 Guadalcanal'
776 901 20 17 in
815 901 55 21 l<Sli,
894 901 34 22 get-

505 927 44 22 ting
557 924 69 19 within
636 925 57 18 throe
700 925 58 19 miles
765 925 21 19 of
795 925 70 19 Lion's
871 925 66 21 lle;id,

504 949 58 20 when
579 950 25 19 he
624 951 40 18 and
682 951 33 19 his
736 956 59 20 party
815 958 52 12 were
885 957 41 12 com-

505 975 65 25 pelled
581 976 24 24 by
617 977 35 18 the
664 976 91 26 hostility
766 978 21 18 of
795 978 35 18 tho
838 976 100 20 bushmen

504 1005 20 16 to
535 1007 45 14 turn
589 1002 58 19 back.

504 1053 58 20 THE
598 1053 103 20 POWER
736 1054 76 19 THAT
850 1053 88 20 PULLS

673 1080 93 19 DOWN.

505 1130 10 20 I
526 1134 52 16 want
588 1134 19 16 to
618 1134 81 21 present
710 1139 12 11 a
733 1132 66 23 single
809 1131 45 19 idea
865 1131 20 19 in
903 1130 35 20 the

505 1157 69 19 fowest
584 1158 41 18 and
633 1158 85 18 clearest
732 1159 65 18 words
810 1162 21 14 at
839 1164 30 17 my
884 1165 41 11 com-

505 1183 66 19 mand.
609 1183 54 19 Hero
682 1191 48 17 goes
748 1184 31 19 for
789 1190 12 12 a
822 1186 31 21 try
873 1186 20 16 at
913 1184 21 17 it.

505 1209 59 18 From
575 1209 34 19 the
626 1209 48 19 time
683 1217 41 17 yon
734 1216 35 12 are
787 1210 45 18 first
851 1209 46 19 able
917 1212 21 15 to

505 1235 59 18 stand
581 1242 25 12 on
626 1242 51 18 your
696 1236 46 23 feet,
764 1242 26 18 up
802 1240 19 14 to
837 1235 33 19 the
889 1235 49 19 time

505 1268 40 17 you
561 1267 36 14 can
609 1262 60 18 stand
679 1268 26 12 no
717 1262 76 25 longer,
807 1261 56 19 there
874 1261 17 18 is
908 1260 20 20 al-

507 1293 52 19 ways
570 1294 11 12 a
591 1293 67 20 power
670 1287 81 26 pulling
769 1294 40 19 you
831 1287 107 19 backward

505 1315 40 17 and
560 1314 115 18 downward
686 1313 4 19 .
723 1314 43 18 a7ou
782 1314 60 18 resist
864 1313 37 18 and
922 1313 16 18 it

506 1339 89 25 persi.-ts.
632 1339 21 20 It
676 1340 49 18 wins
745 1340 75 25 partial
845 1339 93 18 victories

506 1373 47 12 over
571 1372 40 19 you
626 1372 61 18 every
703 1365 46 25 day,
766 1367 40 17 and
831 1365 70 25 finally
923 1365 15 18 it

506 1393 44 23 lays
559 1398 40 18 you
610 1392 25 24 by
646 1393 34 18 the
691 1392 62 19 heels.
779 1394 58 18 JNow,
850 1391 54 18 what
920 1391 18 18 is

506 1419 35 19 the
550 1425 58 13 name
626 1419 21 18 of
665 1420 44 17 that
725 1425 68 18 power
803 1417 8 20 ?
835 1417 62 19 Don't
913 1418 25 17 be

507 1449 32 15 too
549 1444 62 25 quick
626 1444 49 19 with
693 1451 51 17 your
762 1451 86 12 answer.
886 1444 20 17 It
922 1444 16 17 is

506 1472 34 19 the
559 1477 47 12 over
625 1480 8 5 -
652 1470 102 21 confident
771 1470 97 18 cricketer
893 1470 45 17 who

508 1502 42 16 wets
585 1496 76 20 bowled
688 1499 41 17 out.
778 1496 91 24 Perhaps
905 1495 33 19 the

507 1526 85 21 reading
610 1523 20 19 of
649 1524 57 17 these
730 1523 71 18 letters
820 1529 46 17 may
891 1521 47 25 help

506 1558 46 20 you.

596 1578 34 17 the
647 1575 72 25 spring
732 1575 21 19 of
860 1579 46 19 says
927 1579 9 13 n

507 1612 83 14 woman,
713 1602 75 21 health,
823 1598 116 27 previously

507 1630 57 24 good,
576 1630 65 24 began
654 1630 21 17 to
681 1626 43 21 fail.
740 1627 11 19 I
762 1633 30 13 uui
804 1626 103 24 na'uruily
917 1632 23 12 as

506 1656 131 26 energeticas
647 1657 52 15 most
715 1660 84 18 persons
816 1652 39 20 and
877 1652 60 25 enjoy

507 1684 62 24 being
578 1689 27 18 up
614 1682 39 18 and
664 1680 68 25 doing,
745 1680 36 19 but
792 1685 43 13 now
845 1679 30 19 for
886 1684 54 13 some

506 1717 21 12 re
541 1716 35 12 son
583 1710 10 17 I
604 1708 36 19 felt
651 1708 43 21 low,
708 1705 62 24 weak,
786 1705 40 19 and
843 1705 57 18 tired.
929 1704 8 18 J

507 1736 39 19 had
556 1742 25 12 no
592 1734 61 19 relish
664 1732 31 20 for
706 1732 47 19 food
761 1733 20 17 of
788 1738 39 16 any
837 1731 54 21 kind,
901 1730 39 18 and

508 1762 51 19 what
567 1762 11 18 I
585 1764 32 15 ate
627 1765 51 18 gave
688 1765 32 13 me
731 1759 47 24 pain
799 1762 21 14 at
836 1757 33 19 the
884 1757 56 18 che-t

506 1789 39 18 and
562 1795 10 11 r
591 1787 77 22 feeling
684 1785 21 19 of
720 1784 103 25 tightness
846 1782 41 20 and
905 1789 24 18 op-

506 1815 89 24 pression
606 1811 78 21 around
694 1811 35 19 the
740 1810 63 22 waist,
816 1809 46 19 with
873 1808 54 20 short-

506 1847 46 13 ness
560 1840 20 19 of
590 1839 77 20 breath.

627 1872 12 12 a
656 1865 49 18 time
722 1864 36 18 the
777 1864 60 23 pains
847 1864 53 15 went
921 1864 19 15 to

506 1899 33 18 my
550 1891 105 21 shoulders
665 1889 41 20 and
724 1889 28 19 all
764 1896 48 10 over
832 1895 36 11 me.
898 1887 42 19 The

506 1919 83 19 distre-s
599 1919 53 18 after
661 1917 70 23 eating
741 1922 39 12 was
792 1922 20 10 so
824 1920 34 18 gre
867 1920 14 11 ic
892 1914 21 17 tit
923 1917 11 14 il

506 1945 12 19 I
546 1944 101 20 hesitated
683 1943 70 18 before
778 1940 125 24 swallowing
930 1946 9 11 a

506 1971 108 22 mouthful,
630 1969 44 19 well
686 1969 95 21 knowing
795 1967 51 18 what
864 1966 34 18 the
910 1972 20 12 re-

506 1997 41 20 sult
557 1997 66 19 would
642 1997 31 18 be.
704 1995 10 18 I
732 1994 46 18 took
801 1999 59 17 many
877 1992 51 18 medi-

506 2024 60 22 cines,
577 2023 38 19 but
630 2028 52 12 none
692 2021 21 18 of
724 2020 54 19 them
792 2026 50 16 gave
853 2025 31 12 me
902 2025 38 16 any

507 2056 50 12 ease-
578 2049 29 19 As
625 2049 48 18 time
701 2051 52 14 went
776 2053 25 11 on
827 2046 9 17 I
860 2044 80 19 became

508 2075 79 19 weaker
606 2075 40 19 and
673 2073 86 21 weaker,
778 2073 55 17 often
859 2070 82 25 leaving

507 2109 32 17 my
548 2101 111 19 household
675 2099 56 20 work
741 2100 31 17 for
783 2105 12 11 a
804 2098 28 17 bit
843 2104 21 11 so
884 2103 21 12 us
922 2100 18 15 to

506 2127 27 19 lie
543 2127 59 19 down
613 2134 24 11 on
649 2128 34 17 the
694 2125 62 19 couch
768 2124 39 18 and
820 2126 45 15 rest.
894 2123 46 18 And

507 2160 22 12 as
549 2151 41 21 tliis
611 2149 85 28 debility
716 2150 104 19 increased
838 2155 50 19 upon
910 2155 31 14 me

508 2187 31 17 my
548 2179 62 25 spells
619 2179 21 18 of
651 2178 55 19 work
716 2180 36 21 got
762 2176 85 19 shorter,
857 2176 39 17 and
908 2182 32 17 my

508 2206 61 24 spells
580 2206 21 18 of
611 2207 41 16 rest
662 2205 78 23 longer.

689 2230 78 23 feeling
778 2235 12 12 a
801 2228 54 19 trifle
877 2230 64 17 better

508 2257 38 19 and
564 2257 49 19 then
621 2256 62 26 again
693 2261 70 17 worse,
774 2254 42 19 this
826 2260 40 13 was
885 2260 45 19 prac-

508 2283 68 25 tically
606 2290 32 17 my
665 2282 100 19 condition
797 2281 69 17 month
891 2280 50 20 after

508 2309 76 20 month.
598 2309 12 19 I
619 2315 42 12 saw
671 2315 12 12 a
693 2308 73 21 doctor,
780 2307 37 17 but
828 2307 30 17 his.
874 2307 52 19 medi-

506 2336 56 18 cines
569 2335 35 19 did
622 2342 31 12 me
667 2334 53 20 little
736 2341 22 11 or
774 2340 26 12 no
821 2333 57 24 good.
908 2333 33 20 He

508 2362 43 18 said
562 2362 10 18 I
590 2367 40 13 was
647 2360 99 24 suffering
762 2360 51 18 from
831 2360 109 21 weakness,

508 2388 38 18 and
569 2387 64 19 would
652 2387 51 19 have
715 2390 19 15 to
745 2390 33 18 get
797 2391 32 18 my
849 2386 91 25 strength

509 2414 52 19 back
585 2413 113 26 gradually.
736 2413 43 18 The
799 2414 83 16 autumn
902 2413 38 17 and

509 2441 72 19 winter
589 2440 22 19 of
621 2440 75 19 1891-2
705 2438 68 25 slowly
788 2438 73 25 pn-sed
879 2439 38 17 and
931 2438 4 25 1

510 2473 39 12 was
560 2466 63 19 about
640 2466 35 19 the
690 2472 61 15 same,
767 2465 48 22 only
830 2471 54 11 more
898 2464 43 18 thin

508 2493 40 18 and
559 2491 73 20 feeble.
668 2492 11 18 1
690 2491 39 19 had
741 2491 73 19 almost
833 2491 60 24 given
913 2497 27 18 up

508 2519 52 24 hope
570 2519 20 18 of
602 2519 80 24 getting
693 2517 62 24 really
767 2517 44 17 well
822 2516 66 24 again.

556 2545 25 18 In
591 2545 58 24 April
663 2544 70 25 (1892)
745 2543 10 18 I
767 2550 40 11 was
816 2543 19 18 in
844 2549 36 12 our
891 2543 50 23 shop

509 2577 37 12 one
557 2571 40 23 day
607 2571 40 18 and
663 2570 63 19 hoard
735 2578 11 10 a
764 2572 100 16 customer
880 2569 62 25 speak

510 2599 63 17 about
579 2596 82 20 Mother
667 2595 86 26 Seigel's
763 2595 96 19 Curative
868 2594 73 26 Syrup,

510 2623 39 18 and
567 2622 54 19 what
630 2622 129 19 remarkable
772 2628 58 11 cures
842 2621 21 18 of
873 2620 60 20 differ-

510 2651 33 17 ent
562 2648 95 20 ailments
668 2649 15 18 it
703 2649 40 18 had
753 2648 53 18 done
817 2648 20 18 in
848 2648 34 18 the
901 2647 31 18 dis-

510 2675 51 20 trict.
592 2677 5 9 '
606 2675 20 18 It.
636 2681 46 16 may
693 2675 25 18 be
728 2675 34 18 the
773 2674 57 22 right
840 2674 60 24 thing
911 2674 31 18 for

510 2701 44 23 me,'
566 2701 11 19 I
585 2701 50 23 said,
644 2701 40 19 and
694 2704 45 15 sent
748 2701 32 18 for
797 2701 16 17 it
832 2700 45 18 that
896 2705 47 19 very

510 2728 45 23 day.
581 2727 59 19 After
657 2728 72 24 taking
740 2733 36 12 one
788 2726 63 19 bottle
860 2726 11 18 I
885 2725 58 20 could

511 2756 32 16 eat
571 2754 72 22 better,
663 2753 85 20 without
764 2759 39 17 any
822 2752 83 19 distres.?
922 2758 22 11 or

510 2780 49 24 pain
574 2783 21 15 to
605 2786 54 12 come
670 2780 53 18 after
738 2780 21 18 it.
792 2778 55 19 With
858 2778 35 19 the
909 2777 25 19 ad

510 2805 85 19 ditional
611 2806 48 18 food
668 2806 11 18 I
696 2806 73 24 gained
786 2804 99 23 strength,
905 2804 37 18 and

510 2837 37 14 one
566 2831 57 20 week
633 2832 53 18 after
703 2832 90 21 another,
807 2830 58 19 while
882 2830 51 23 keep-

511 2858 35 24 ing
558 2864 23 12 on
597 2858 48 18 with
665 2858 81 19 Mother
765 2856 85 26 Seigel's
871 2861 72 19 \vrim,

512 2884 10 18 1
530 2884 64 18 found
604 2884 73 24 myself
687 2884 46 19 able
743 2887 21 16 to
774 2884 25 19 do
817 2889 55 13 more
891 2883 52 17 work

511 2910 39 18 and
557 2910 89 25 needing
655 2910 40 19 less
711 2914 41 15 rest
769 2910 91 19 between
879 2909 64 18 times.

510 2936 12 19 I
538 2935 48 19 took
604 2936 47 25 only
669 2936 35 19 the
723 2935 105 24 Seigel's;'
844 2942 26 12 no
888 2935 57 18 other

511 2961 103 20 medicine.
649 2962 11 19 I
677 2962 59 20 could
753 2962 60 19 stand
830 2961 38 19 and
893 2959 51 21 walk

512 2995 47 12 ones
574 2994 55 12 more
640 2989 85 18 without
736 2989 97 24 thinking
849 2987 66 19 about
929 2987 14 18 it

512 3014 40 19 and
571 3020 41 12 was
623 3020 49 13 soon
681 3015 21 18 in
719 3022 22 12 as
751 3015 53 24 geod
818 3013 70 20 health
905 3012 40 19 and

512 3041 67 24 spirits
585 3046 22 12 as
622 3047 53 12 ever.
703 3041 45 19 You
759 3048 34 11 are
804 3041 42 18 free
858 3042 20 16 to
891 3038 54 25 print

512 3073 33 17 my
569 3066 59 19 letter
644 3067 16 18 if
682 3074 39 17 you
741 3067 72 19 desire.
851 3065 94 26 (Signed)

512 3092 43 20 Mrs
564 3092 218 26 EmmaCottingham.
791 3093 46 18 wife
847 3092 21 18 of
878 3087 23 23 G.
914 3091 30 18 W.

512 3118 137 24 Ooftingham,
661 3119 75 19 Grocer
748 3119 39 18 and
805 3122 140 16 ironmonger.

513 3144 82 24 Scotter,
616 3145 90 23 Lincoln,
724 3145 59 25 April
798 3144 55 19 29th.

617 3177 48 13 over
681 3172 47 18 four
846 3176 46 18 says
912 3175 24 12 an-

513 3196 64 24 other,
602 3201 11 6 ''
625 3197 11 18 1
662 3197 87 19 suffered
776 3198 52 18 from
856 3197 57 18 const
919 3198 28 16 mt

515 3223 110 18 weakness.
653 3223 38 25 My
699 3223 81 19 natural
796 3222 95 22 strength
908 3227 39 12 was
952 3222 4 26 '

514 3255 58 19 gone,
581 3249 41 19 and
632 3249 88 25 nothing
729 3250 9 19 I
748 3249 33 19 did
792 3256 22 13 or
826 3248 47 19 took
884 3254 52 12 seem-

514 3275 24 18 ed
549 3278 20 15 to
581 3275 62 25 bring
651 3275 16 18 it
677 3276 59 18 back.
765 3275 36 25 My
812 3273 115 20 foodand
937 3273 10 19 I

515 3303 32 16 ate
556 3301 38 19 but
608 3301 60 23 little,
689 3301 77 26 having
785 3307 26 13 no
832 3299 115 27 appetite

515 3327 34 18 did
559 3330 35 15 not
639 3330 20 16 to
667 3328 35 18 the
712 3328 54 18 riHit
786 3333 21 13 as
823 3333 29 12 we
937 3325 11 17 T

515 3359 40 12 was
566 3359 51 12 none
627 3353 34 18 the
680 3354 67 19 better
764 3361 23 11 or
807 3356 93 20 stronger
917 3351 32 19 for

515 3380 70 24 eating
600 3379 21 18 if
651 3379 78 20 Indeed
740 3380 11 19 I
769 3386 41 11 was
820 3379 34 18 the
875 3383 73 19 worse;

515 3405 33 18 for
563 3406 16 17 it
595 3406 74 18 caused
684 3412 32 12 me
726 3409 59 22 great
794 3405 48 25 pain
853 3404 41 18 and
911 3403 28 19 dis-

515 3434 51 16 tress
575 3430 22 20 in
606 3430 35 20 the
652 3433 96 19 stomach,
765 3432 62 19 chest,
839 3430 59 23 sides,
910 3430 40 18 and

515 3457 59 19 back.
602 3457 11 19 I
625 3464 40 12 was
677 3458 92 25 working
780 3458 20 18 in
813 3457 34 18 the
858 3456 42 19 mill
910 3456 40 18 and

515 3490 61 12 never
586 3483 57 25 quite
651 3490 52 18 gave
713 3491 27 18 up
748 3491 35 16 my
797 3483 136 24 employment
945 3483 4 26 ;

516 3510 37 18 but
563 3509 11 19 I
585 3509 34 19 did
630 3516 33 17 my
673 3510 56 18 work
738 3510 21 19 in
769 3510 44 18 face
824 3509 20 18 of
851 3508 47 25 pain
911 3508 38 18 and

516 3535 110 19 weakness.
758 3536 12 18 I
786 3541 40 13 was
843 3533 62 20 cured
923 3534 27 23 by

517 3561 81 19 Mother
607 3561 86 25 Seigel's
703 3562 73 23 Syrup.
804 3561 12 19 I
824 3560 63 19 heard
905 3560 21 18 of
936 3560 14 18 it

517 3587 27 24 by
562 3594 70 12 means
642 3587 20 19 of
672 3594 12 12 a
694 3587 53 20 little
757 3587 61 19 book.
832 3586 43 19 The
886 3585 65 25 Syrup

517 3613 84 25 stopped
618 3614 35 18 the
671 3614 48 25 pain
735 3614 54 18 after
816 3612 75 24 eating,
912 3611 39 19 and

518 3646 48 12 soon
576 3639 13 19 I
606 3646 41 12 was
666 3640 85 18 another
771 3639 40 19 and
830 3645 11 12 a
859 3637 93 23 brighter

519 3671 83 14 woman.
640 3665 34 25 My
694 3665 94 25 strength
812 3670 55 13 came
893 3663 57 23 back,

518 3691 38 19 and
568 3691 53 19 lean
630 3692 61 22 walk,
703 3691 65 21 stond.
788 3690 40 19 and
839 3689 54 20 work
905 3690 47 17 with

518 3724 51 12 ea6e.
598 3717 95 25 (Signed)
705 3717 48 20 Mrs.
764 3716 114 20 Elizabeth,
891 3715 49 19 Jack-

519 3750 41 15 sou,
585 3742 44 21 Silk
656 3746 72 21 J-tryct,
749 3744 92 21 Glosson,
867 3740 86 20 October

521 3770 53 22 10th,

545 3795 52 19 Now
607 3795 56 19 what
672 3801 42 13 was
724 3795 34 19 the
777 3800 67 19 power
852 3793 44 18 that
907 3792 35 25 pul-

519 3821 32 18 led
570 3821 57 19 the-
653 3827 78 14 women
753 3820 60 20 down
822 3819 9 19 ?
876 3818 62 20 Weak-

595 3853 42 19 you
646 3853 44 18 say,
708 3846 42 19 avid
755 3847 51 22 they
816 3851 36 18 say
886 3844 55 19 weak-

607 3872 42 19 But
656 3872 56 19 what
720 3872 19 19 in
748 3871 105 22 weakpess
862 3870 9 19 ?
886 3871 21 18 It
915 3871 18 17 is
942 3876 13 12 a

519 3898 79 20 disease
606 3898 16 18 ?
629 3898 40 23 No,
684 3897 35 20 old
728 3904 38 19 t.'ge
787 3897 76 24 always
882 3895 72 25 brings

519 3925 23 22 it,
553 3924 41 19 and
602 3924 17 19 it
635 3923 18 20 is
663 3923 77 24 always
755 3929 39 13 one
804 3922 21 19 g!
835 3921 35 20 the
880 3921 75 19 results

519 3950 113 20 ofdisease.
656 3947 4 26 -
669 3949 105 24 Strength,
785 3948 36 18 the
832 3947 93 24 opposite
934 3947 21 18 of

520 3975 110 23 weakness,
644 3975 18 19 is
670 3974 82 20 created
760 3973 47 25 only
817 3973 27 24 by
863 3971 92 25 digested

520 4001 54 20 food.
607 4001 96 24 Nothing
727 4000 41 18 else
784 3998 65 19 under
867 3998 35 18 the
917 4003 38 13 sun

522 4027 40 19 will
572 4027 89 25 produce
677 4026 23 19 it.
737 4026 53 19 Lose
799 4024 34 19 the
853 4023 72 24 ability
934 4025 22 17 to

520 4053 69 25 digest
602 4058 51 19 your
667 4051 49 20 food
725 4051 42 19 and
783 4056 49 13 soon
846 4055 50 19 your
912 4048 44 26 legs

521 4078 86 19 tremble
630 4077 89 20 beneath
741 4084 18 18 y.
764 4075 4 27 ;
770 4083 18 16 u,
813 4082 51 18 your
881 4075 75 25 Sogers

520 4104 43 19 k<se
582 4104 53 19 their
643 4104 52 25 grip,
706 4109 51 20 your
767 4102 53 19 head
838 4101 27 19 its
882 4100 74 20 steadi-

509 4122 3 33 I
521 4137 51 15 '.isiss,
585 4130 39 19 2nd
632 4137 53 18 your
693 4129 57 20 mini
760 4129 26 18 its
797 4128 101 19 clearness
913 4126 40 19 and

509 4150 3 31 I
521 4163 93 18 courage.
634 4150 2 31 .
726 4154 54 21 word
808 4156 5 9 '
823 4153 110 23 weakness,

960 154 66 12 comes
1035 147 52 18 from
1103 153 12 12 a
1129 146 67 19 Saxon
1214 146 65 19 Word
1298 147 95 24 meaning

960 176 20 16 to
991 173 61 24 yield,
1060 175 22 16 to
1092 172 44 22 fail,
1150 173 21 17 to
1181 172 46 24 give
1326 172 31 24 By
1368 173 25 17 its

960 199 106 19 wondrous
1089 198 66 18 virtue
1175 198 22 17 in
1222 198 112 23 correcting
1359 198 34 17 the

959 225 117 23 machinery
1088 224 20 18 of
1120 223 101 25 digestion
1238 222 39 19 :md
1296 222 98 24 enabling

959 252 35 17 the
1011 253 75 21 systora
1109 253 21 14 to
1149 252 35 21 get
1225 249 35 18 the
1279 249 52 24 good
1373 250 21 17 of

959 278 26 17 its
993 276 54 24 daily
1058 274 103 25 foodby
1178 274 41 19 this
1228 274 11 19 I
1249 280 43 17 say,
1313 274 81 19 Mother

960 302 86 19 Seieel's
1063 302 73 21 Svrup,
1155 300 50 19 used
1222 300 21 18 in
1261 300 56 21 time,
1336 306 47 12 over-

958 335 67 12 comes
1036 330 104 16 weakness
1146 330 42 15 and
1197 332 86 13 reouoreo
1293 330 100 19 faliengtn.

986 354 47 22 But,
1044 353 57 19 mark
1120 359 39 18 you
1167 353 5 18 ]
1184 353 56 17 there
1251 352 17 18 is
1277 358 12 12 a
1306 355 88 20 mystery

959 380 21 18 in
997 380 41 18 this
1056 379 73 24 simple
1147 378 137 25 explanation,
1299 384 22 10 no
1343 377 51 24 deep

960 412 29 12 we
998 408 55 16 must
1062 411 80 13 reserve
1163 405 34 18 the
1218 403 111 19 discussion
1338 403 21 18 of
1378 403 16 17 it

960 431 32 19 for
998 432 87 18 another
1096 431 98 18 occasion.

1149 83 59 19 THE
1234 83 59 19 HOT
1319 83 94 21 LAKES
1441 84 170 23 CHRONICLE,
1641 86 161 24 SATURDAY,
1831 87 154 20 DECEiIBSR
2050 90 49 17 1836

989 485 60 23 Ri*pu
1067 484 52 20 local
1138 484 93 20 sketches
1249 484 21 17 in
1290 482 37 19 oils
1355 481 41 19 and

961 514 62 16 water
1033 511 70 19 colors.
1132 510 49 18 Also
1191 509 94 19 Martin's
1292 509 74 24 photos
1374 508 22 19 of

960 537 34 19 the
1004 537 78 19 district
1095 543 46 18 may
1153 537 24 18 be
1186 535 97 19 obtained
1293 539 22 14 at
1326 534 56 19 Cimo-

959 569 60 13 xicle
1028 563 82 20 Office.*

983 598 17 16 A
1009 598 63 16 choice
1081 596 89 18 selection
1183 596 19 17 of
1217 596 24 16 oil
1256 595 97 22 paintings
1369 594 27 23 by

959 620 33 18 Mr
1000 621 20 17 C.
1030 619 101 18 Blomtield
1139 625 44 16 may
1191 625 43 11 now
1242 619 24 17 be
1275 624 44 11 seen
1326 619 20 15 at
1363 617 33 17 the

960 643 118 18 Cin;oxiCLE
1087 643 64 17 Office.
1176 641 51 23 They
1237 641 90 22 comprise
1338 641 58 16 views

959 666 20 17 in
989 666 37 17 this
1035 665 150 23 neighborhood,
1195 664 99 21 Wairakei,
1312 664 70 17 Whaka-

959 689 156 20 rowarewu.&c.,
1129 688 39 17 and
1183 688 49 17 from
1244 688 50 16 their
1308 687 78 17 faithful-

959 718 43 11 ness
1022 712 38 16 and
1078 711 94 17 attention
1188 713 21 15 to
1230 711 57 16 detail
1308 716 31 11 are
1352 709 44 18 well

960 735 61 17 worth
1034 735 32 16 the
1075 735 95 16 attention
1179 735 20 16 of
1207 734 61 17 lovers
1281 734 21 17 of
1310 734 36 16 art.
1371 732 25 17 In

960 758 85 17 addition
1055 760 20 14 to
1084 758 52 16 these
1145 757 52 17 tliere
1211 763 31 11 are
1259 763 11 10 a
1282 756 82 17 number
1376 756 20 16 of

960 782 59 17 water
1026 781 51 17 color
1085 780 86 17 sketehc-s
1179 780 80 17 suitable
1268 780 30 16 for
1306 779 90 21 birthday

960 810 22 11 or
991 804 68 17 Easter
1064 803 75 18 Cards.*

987 835 43 19 Tho
1040 835 106 24 following
1155 840 44 13 U6vv
1209 834 64 19 books
1280 840 34 13 are
1321 840 25 12 on
1353 833 43 18 sale

961 864 20 16 at
1005 861 120 19 Chronicle
1144 859 60 21 Office
1275 859 53 19 The*
1336 859 60 19 Xlth

1175 886 25 23 by
1230 885 27 19 H.
1291 885 92 19 SutclifTe
1391 885 4 25 ;

1193 912 26 25 by
1236 911 35 19 the
1286 911 72 19 author
1375 911 21 18 of

960 939 70 24 Trilby
1039 937 4 26 ;
1090 940 64 16 Seven
1167 937 61 19 Little

960 965 41 19 and
1032 965 43 18 The
1084 963 64 21 Littlo
1292 962 27 26 by
1335 963 61 18 Ethel

960 991 92 23 Turner;
1090 991 42 17 The
1143 989 56 19 Trail
1215 989 20 19 of
1251 989 35 18 tho

961 1017 27 25 by
998 1017 80 18 Gilbert
1087 1015 82 23 Parker,
1183 1016 38 23 &c,
1234 1016 33 19 &c.

984 1051 16 17 A
1009 1050 89 18 selection
1115 1051 20 16 of
1150 1050 92 18 minaturo
1258 1049 57 17 views
1328 1049 21 17 of
1364 1048 32 18 the

960 1075 75 15 various
1044 1074 61 21 places
1114 1074 20 16 of
1142 1073 78 17 interest
1233 1073 20 17 in
1270 1073 38 16 and
1324 1071 72 19 around

960 1097 90 21 Eotorua,
1061 1096 178 21 Whakarewarowa,
1249 1095 40 22 &c.,
1303 1095 33 18 has
1349 1095 47 17 been

960 1120 84 17 received
1052 1122 21 15 at
1081 1120 32 17 the
1122 1120 117 17 CIIROXICLE
1248 1119 64 17 Office.
1337 1119 59 16 These

960 1142 49 19 little
1019 1144 26 17 oil
1054 1143 98 22 paintings
1160 1148 32 11 are
1200 1142 25 22 by
1234 1142 32 17 Mr
1273 1142 19 17 J.
1303 1141 21 18 P.
1333 1142 51 16 Back-

961 1168 57 16 house
1031 1167 20 16 of
1065 1166 81 18 Newton
1160 1165 58 19 Koad,
1235 1164 106 22 Auckland,
1359 1165 37 16 and

960 1195 31 12 are
999 1189 44 18 well
1057 1189 75 22 worth}'
1147 1189 32 18 the
1195 1188 95 17 attention
1306 1188 20 17 of
1343 1188 53 17 those

960 1213 84 16 desirous
1053 1214 20 15 of
1088 1212 107 23 possessing
1210 1217 20 11 or
1246 1211 20 18 of
1280 1210 80 24 sending
1377 1212 19 16 to

960 1236 49 16 their
1016 1236 69 16 friends
1092 1241 25 11 an
1124 1235 111 22 interesting
1240 1235 39 17 and
1285 1234 111 22 artistically

960 1259 90 17 executed
1061 1258 87 18 souveuir
1157 1259 19 16 of
1185 1259 31 16 tbe
1223 1258 79 17 district.

962 1317 42 44 IF
1019 1317 59 19 YOU
1100 1316 57 20 ARE
1180 1316 64 20 SICK
1262 1316 19 19 in
1295 1323 40 17 any
1351 1323 46 18 way

1015 1343 102 20 whatever
1133 1342 49 19 send
1199 1349 12 12 a
1227 1342 92 25 stamped
1336 1349 49 12 enve-

962 1370 44 24 lope
1016 1372 21 17 to
1046 1375 38 14 our
1095 1370 88 24 Agency,
1196 1368 137 24 Wellington;
1344 1370 52 17 state

962 1397 33 17 the
1006 1403 43 12 ease
1060 1402 22 12 as
1101 1395 96 24 minutely
1207 1402 22 11 as
1248 1394 88 26 possible
1356 1394 41 19 and

962 1429 38 17 you
1017 1422 77 18 receive
1114 1420 68 19 advice
1202 1421 26 24 by
1254 1423 68 16 return
1343 1425 53 19 post.

962 1448 41 19 Our
1013 1453 73 19 agents
1100 1453 35 13 are
1145 1446 29 20 all
1183 1446 103 26 qualified.
1319 1446 22 19 If
1356 1452 40 18 you

962 1474 77 18 enclose
1049 1475 23 17 2s
1089 1474 26 18 Gd
1133 1479 28 12 we
1179 1472 40 20 will
1235 1472 50 19 send
1301 1479 40 17 you
1360 1478 37 13 our

963 1500 43 18 best
1016 1499 82 25 remedy
1107 1500 33 17 for
1149 1499 34 18 the
1199 1505 45 12 ease
1262 1498 80 25 lasting
1356 1505 41 18 you

962 1530 38 15 two
1024 1526 73 19 weeks.
1135 1526 45 17 You
1199 1532 48 12 save
1265 1531 73 18 money
1358 1524 39 20 and

962 1552 84 19 doctors'
1059 1552 52 18 bills.
1140 1551 45 19 You
1196 1552 78 18 receive
1291 1551 70 19 advice
1371 1557 26 13 on

962 1578 28 18 all
999 1578 74 25 points,
1086 1577 40 19 and
1136 1578 33 19 the
1181 1580 68 21 purest
1261 1577 20 19 of
1299 1577 98 20 remedies

963 1610 50 18 sent,
1023 1607 19 16 at
1051 1611 26 14 no
1084 1607 55 17 extra
1149 1607 41 15 cost
1201 1604 48 18 than
1258 1603 16 19 if
1282 1603 115 25 personally

964 1630 84 25 bought,
1056 1630 27 23 by
1093 1630 62 22 doing
1162 1636 51 18 your
1218 1630 92 18 business
1319 1629 47 19 with
1375 1636 23 12 us

964 1657 25 19 bv
1000 1659 51 17 post.
1080 1656 85 19 Consult
1180 1660 18 14 :.t
1208 1662 55 12 once.
1298 1655 100 19 Ailments

964 1683 64 19 which
1039 1689 40 16 are,
1090 1686 22 15 at
1119 1683 35 18 the
1164 1682 47 20 time
1228 1681 89 26 thought
1334 1685 20 15 to
1373 1681 24 19 ba

964 1709 57 25 light,
1034 1716 33 11 are
1077 1710 54 16 often
1143 1709 34 17 the
1188 1708 113 25 beginning
1311 1708 22 18 of
1349 1707 49 19 seri*

962 1741 37 13 ous
1009 1740 153 21 consequences,
1176 1734 63 19 which
1260 1735 15 17 if
1295 1733 62 19 t.iken
1376 1733 22 19 in

963 1761 48 19 time
1021 1768 34 11 are
1065 1760 87 20 checked
1164 1760 40 18 and
1213 1759 68 21 cured.

963 1794 168 22 GKEATFORD
1148 1794 159 20 BOTANICAL
1328 1794 68 19 COY..

1229 1829 41 19 and
1280 1832 21 15 at

987 1856 81 22 Sydney,
1079 1855 117 20 Melbourne,
1207 1855 51 23 Cape
1263 1855 64 21 Town,
1338 1855 38 17 and

1087 1879 85 19 Lincoln,
1185 1878 95 21 England.

965 1949 175 26 DIARIES

1077 2004 176 27 DIARIES

1174 2063 225 27 DIARIES!!!

965 2211 160 19 ORDERSARE
1133 2211 58 18 NOW
1201 2210 81 19 BEING
1294 2211 106 17 LOOKED

1033 2293 11 6 '
1233 2289 100 18 OFFICE.

1009 2327 28 15 .!;.
1064 2325 84 23 Country
1158 2325 208 23 residentsjDleascnote

967 2458 234 24 PIONEER:
1233 2458 167 24 STORE.

1045 2498 102 22 (Ipiioitti
1166 2498 25 16 i'a
1201 2501 35 13 aco
1254 2495 67 20 Hotel.

965 2547 139 23 GROCERY,

1160 2577 111 26 STORES;

1052 2608 4 23 I
1059 2608 208 23 EONMONGERS,

1101 2639 251 24 CROCICERrW^RE,

1156 2674 53 19 IVRA
1219 2674 78 24 PEEY,
1313 2676 44 21 .to.,
1367 2676 24 18 AC-

1013 2706 76 18 NEW
1102 2705 251 19 SEASON'SGOODS

1111 2729 47 19 Just
1169 2734 20 13 to
1200 2729 60 19 hand.

996 2770 13 12 a
1029 2763 148 20 well-assorted
1195 2763 56 21 stack
1270 2765 20 17 in
1307 2763 26 20 all
1351 2763 51 19 lines

968 2792 20 17 uf
999 2791 33 19 the
1042 2791 62 19 nbove
1115 2793 21 16 lit
1146 2790 71 19 Lmest
1229 2796 70 17 prices.

971 2831 45 19 N'ev
1029 2830 86 20 Zenlnnd
1125 2830 63 20 Dnirv
1199 2828 147 20 Association's
1355 2828 36 21 Fac-

1005 2862 44 14 tory
1061 2857 75 19 Uutier
1148 2856 52 19 fresh
1211 2855 59 20 twico
1281 2855 82 25 weekly.

1045 2892 47 19 New
1108 2892 46 19 iViid
1167 2891 59 20 E.jcs,
1238 2891 42 20 &c,
1293 2892 34 18 &o.

988 3084 64 19 PIIE
1076 3084 208 19 UNDERSIGNED
1313 3084 52 24 begs
1383 3085 21 17 to

1038 3110 50 19 offer
1102 3111 97 17 NritsKKY
1211 3109 65 19 Stock
1286 3109 20 19 of
1317 3109 27 19 nil
1358 3109 35 19 des-

970 3139 101 23 unpttors,
1092 3137 58 17 spoils
1170 3136 40 18 and
1230 3135 161 26 applimcesin-

970 3163 82 25 cluding
1064 3162 49 18 New
1124 3161 89 20 Zealand
1229 3161 67 24 Trees,
1317 3161 85 23 Shrubs,

971 3189 76 21 Plants;
1067 3187 129 23 Tree-Ferns,
1214 3188 70 22 Ferns,
1304 3188 40 22 &c,
1363 3192 39 18 .So.,

971 3215 76 24 packed
1057 3215 20 17 in
1089 3215 56 17 wood
1159 3213 39 19 mid
1212 3220 75 12 canvas
1301 3220 56 12 eases
1374 3213 31 19 for

971 3241 34 19 the
1014 3241 98 21 Colonies,
1125 3240 39 18 and
1176 3241 20 17 in

971 3268 31 17 for
1026 3267 76 18 distant
1125 3266 106 19 countries.
1274 3265 68 19 Medal
1365 3265 40 19 and

974 3292 93 26 Diploma
1078 3292 89 19 received
1178 3292 32 19 fur
1221 3291 73 25 plants,
1307 3292 39 22 &c,
1358 3293 48 16 thus

971 3321 45 17 sent
1026 3322 19 15 tn
1057 3319 35 18 the
1216 3318 126 22 Exhibition,
1353 3318 40 17 Eon-

971 3346 46 22 don,
1271 3344 21 18 in
1298 3343 108 19 Auckland

1022 3379 9 11 '
1051 3405 41 33 C
1106 3405 44 31 T
1167 3404 160 35 WB3EN,

972 3446 40 18 Mt.
1022 3446 53 18 HOB
1079 3446 48 17 SON
1134 3445 129 20 NURSERY,
1271 3445 135 20 HEMUEIIA,

1097 3477 121 22 Auckland,
1231 3476 52 18 N.Z.

1079 3521 222 22 MASSAGE.

988 3572 8 17 A
1008 3570 60 19 FISS
1087 3569 116 19 FRASER.
1214 3568 97 26 qualified
1329 3568 68 19 Ameri-

976 3590 49 23 i.*X
1053 3602 38 13 can
1111 3597 111 22 Masseuse,
1242 3595 17 18 is
1269 3594 141 25 permanently

974 3622 80 19 located
1069 3622 21 18 in
1106 3621 98 18 Rotorua.
1243 3621 40 18 She
1308 3620 38 18 has
1369 3620 41 18 had

974 3648 139 19 considerable
1127 3647 118 24 experience
1256 3646 21 19 in
1293 3646 34 18 the
1346 3648 54 16 treat-

974 3678 56 15 ment
1049 3674 22 18 of
1089 3673 62 19 ladies
1162 3673 38 18 and
1212 3672 115 25 gentlemen
1338 3671 62 19 suffer-

974 3700 37 25 ing
1020 3700 53 18 from
1092 3699 90 22 Sci.tica,
1200 3697 149 22 Rheumatism,
1363 3697 47 19 Stiff

974 3726 75 22 Joints,
1071 3725 115 24 Dyspepsia
1203 3724 42 18 and
1263 3723 28 19 all
1308 3723 64 19 forms
1390 3723 21 18 of

976 3752 94 18 Nervous
1086 3750 112 20 Disorders.

1023 3786 102 18 Anniusss;
1141 3783 99 20 GRIND
1255 3782 100 20 HOTEL.

1017 3897 103 27 SHIPS
1132 3896 99 28 YACHT
1245 3894 127 27 BROKER.

1037 3932 194 20 COMMISSION
1242 3930 110 23 AGENT,

986 3961 80 45 BAS
1089 3960 55 20 FOR
1167 3959 71 20 BALE
1256 3966 13 13 a
1286 3958 88 20 number
1391 3958 23 19 of

1061 3989 64 16 steam
1148 3986 103 22 launches,
1271 3984 78 25 yachts,
1372 3984 41 19 and

978 4014 82 24 pulling
1070 4012 59 19 boats
1148 4011 88 19 suitable
1257 4011 32 18 for
1306 4010 47 19 lake
1372 4012 41 17 and

978 4040 53 19 river
1040 4038 63 20 work.

1044 4068 187 20 Coukespondexce
1252 4067 96 20 Invited.

1146 4120 101 19 Address:

1006 4153 24 19 lu
1033 4166 5 8 ;
1052 4150 154 24 QUEEN-ST.,
1221 4148 165 21 AUCKLAND.

1421 147 47 45 R.
1510 147 336 51 SPRECK.LEY,

1518 202 51 16 Next
1578 201 32 18 the
1625 202 46 18 Post
1684 203 63 20 Office,

1417 232 236 22 SHORTLAND-ST,
1667 233 181 19 AUCKLAND.

1463 264 80 22 Agent
1549 263 36 18 for
1590 263 94 18 Gordon
1691 263 20 19 &
1720 264 82 19 G-oteh.

1498 308 57 18 LIST
1564 308 32 18 OF
1606 309 59 17 XEW
1676 309 92 18 1300KS.

1740 345 57 21 Paper
1799 346 52 16 Cloth

1417 366 71 15 Cameos
1517 378 18 4 ...
1582 378 16 4 ...
1644 366 56 16 Marie
1709 366 62 16 Coie.li
1784 369 27 13 26
1823 369 9 14 3
1840 370 10 13 G

1417 387 37 15 Tno
1470 387 72 21 Mighty
1556 387 52 15 A*om
1704 399 14 8 ~
1785 389 9 15 2
1803 389 10 15 0
1825 390 27 14 36

1417 408 37 15 Tne
1462 408 76 15 Sjrruwa
1547 411 16 12 ol
1572 408 53 15 S.tau
1705 420 12 8 ~
1784 410 10 15 2
1804 413 9 11 b
1825 411 9 14 3
1842 411 10 14 G

1418 428 111 17 Birjbban...
1577 442 17 2 ...
1705 441 13 7 ~
1783 432 11 12 -2
1803 431 10 14 C
1825 433 8 12 3
1842 433 10 13 G

1418 449 66 17 Behind
1493 450 29 15 the
1531 449 58 21 Magiu
1598 449 62 16 Minor
1713 451 60 15 Uirrrll
1786 454 10 12 2
1802 451 11 15 S
1825 452 9 15 3
1843 453 9 14 6

1417 470 276 19 TiieEleveuihCnninandinent,
1699 471 10 15 S
1714 472 63 15 jtclirfj
1786 475 6 11 i
1803 474 8 13 G
1825 474 9 14 3
1843 475 9 13 G

1417 494 17 14 A
1440 491 63 17 Victim
1509 493 17 14 of
1533 491 49 16 Grood
1588 492 25 15 Lu
1625 493 16 17 k,
1650 491 21 17 VV
1684 488 20 21 E,
1712 492 61 16 Noma
1785 494 8 13 2
1803 495 9 13 G

1417 513 37 16 Toe
1463 513 130 20 WoodeyouU
1600 515 29 14 the
1633 512 67 21 World,
1710 513 63 16 Moriii
1785 516 9 12 2
1804 516 9 13 G

1418 535 70 19 Among
1497 535 27 15 lhe
1533 534 63 15 Freaks
1648 534 28 15 W.
1686 535 21 15 L.
1717 535 56 15 Alden
1785 535 10 15 2
1805 536 8 14 6
1825 536 9 14 3
1843 536 10 14 6

1418 555 35 16 Out
1461 561 17 10 oi
1485 555 38 16 Due
1530 555 61 16 S--dsou
1608 554 34 17 Ad<
1646 555 37 16 line
1688 554 85 19 Siraeaut
1785 557 10 14 2
1805 557 8 14 0

1417 576 99 16 Transition
1540 588 17 5 ...
1605 590 18 3 ...
1644 578 21 14 C-.
1675 576 20 16 F.
1705 576 67 16 Brooke
1784 578 10 14 2
1803 578 10 14 6

1417 597 36 16 The
1457 597 54 17 Yearn
1518 597 38 16 that
1561 597 28 17 tin;
1597 597 63 16 Locuit
1669 598 43 15 liaih
1723 597 54 16 Katen

1563 620 56 14 Annie
1628 619 20 15 E.
1658 618 114 16 Huldswonh
1785 620 9 14 2
1804 620 8 14 G
1825 620 9 15 3
1844 621 9 14 6
1863 613 2 25 |

1419 640 51 16 Loan
1479 639 55 17 Israel
1549 641 14 19 (i
1574 640 53 15 S.iuth
1640 640 69 16 African
1719 640 58 20 >S.ory)

1629 660 67 22 George
1704 661 69 15 Cos-in.i
1825 662 9 15 3
1843 663 10 14 fi

1419 682 29 16 Mr
1455 682 59 19 Bailey
1523 679 65 19 Martin
1608 695 19 4 ...
1650 682 54 21 Percy
1716 682 57 15 White
1785 684 9 14 2
1805 683 8 14 d
1825 684 9 14 3
1844 684 9 14 G

1418 706 16 13 A
1445 703 55 16 Hume
1509 705 16 14 in
1536 704 81 15 ii.veresk
1655 703 22 18 T.
1686 703 21 16 L-
1718 703 55 16 Baton
1785 707 9 12 2
1803 705 9 14 G
1825 705 9 14 3
1844 705 9 14 G

1418 724 36 16 Lie
1463 724 55 17 Green
1527 725 65 15 (Proves
1607 724 18 17 uf
1639 724 98 18 Bulnowrie

1622 746 18 16 J.
1650 747 24 15 H.
1684 746 89 15 FinUlater
1785 747 28 14 2.0
1825 747 9 14 3
1844 747 9 14 0

1418 769 26 15 Dr
1452 767 112 20 Congallou'H
1575 767 68 22 Legacy
1652 768 25 15 11.
1686 766 86 17 Jolinstou
1785 769 9 14 2
1804 773 9 9 o
1824 769 10 13 ;i
1842 769 10 13 G

1418 790 36 16 The
1462 789 49 18 Kill*
1519 789 19 15 of
1547 790 91 14 Andaman
1701 788 69 16 Uobbtu
1784 789 9 14 2
1804 790 8 14 G
1825 790 8 14 3
1843 790 9 14 0

1418 814 17 13 A
1444 811 42 16 Mn
1494 809 18 16 of
1519 811 30 15 the
1557 810 63 20 Fjords
1733 809 42 16 teir
1825 811 9 14 3
1844 811 9 14 G

1418 833 42 16 Uleir
1511 837 9 14 y
1640 832 16 15 S.
1664 831 22 15 K.
1693 830 80 16 Crockett
1786 832 8 14 2
1804 832 9 13 (i
1825 833 9 13 3
1844 833 8 13 G

1418 853 48 21 Lady
1476 853 74 16 Yal'sEl
1556 855 75 18 <(jeineut
1638 853 9 15 J
1667 852 52 16 Bieke
1728 852 19 20 dj
1754 857 19 10 Ke
1785 854 9 14 2
1804 853 8 15 0
1825 854 8 13 3
1843 854 9 13 0

1418 876 36 15 The
1464 875 92 18 Expiation
1565 878 17 13 ot
1591 874 57 17 Wvnu
1657 874 74 17 PiL*er

1671 895 20 17 B.
1702 894 52 16 Mitfo
1763 895 11 15 d
1786 896 9 14 2
1805 896 8 13 6

1419 920 15 14 A
1444 918 77 16 Humble
1530 917 104 21 Enterprise.
1644 917 20 16 4..
1670 915 103 21 Cambridge
1786 917 9 14 2
1805 917 8 14 0
1825 917 9 14 3
1844 917 9 14 6

1418 940 36 16 Th
1464 940 87 16 Beautiful
1560 939 60 15 Wliite
1629 938 55 19 Davit,
1695 938 79 20 Booiliby
1786 939 10 13 2
1805 938 8 14 0
1825 938 9 14 3
1844 938 9 14 0

1419 963 16 14 A
1444 961 13 16 B
1465 962 11 14 d
1484 961 27 15 for
1519 961 77 16 Fortune
1784 961 10 14 2
1804 960 9 14 0
1825 962 9 11 3
1844 961 9 12 0

1419 982 22 17 In
1448 983 75 19 Sit-nugc
1531 982 89 20 Oomuany
1728 992 11 7 ~
1786 981 27 15 26
1825 982 9 13 3
1845 982 8 13 0

1418 1004 37 16 The
1465 1003 87 22 Mar>i;ge
1559 1004 19 14 ot
1587 1003 62 15 Esther
1729 1013 11 6 ~
1787 1003 27 14 20
1826 1003 27 13 30

1424 1025 31 16 I'hn
1463 1025 83 16 Tit-inlet:.
1554 1023 24 17 Di
1584 1023 66 17 iinonJs
1674 1023 25 16 St.
1710 1023 27 16 An
1749 1023 24 21 yd
1826 1025 8 13 3
1845 1023 8 15 0

1420 1046 19 16 In
1448 1046 56 16 Haste
1511 1046 33 15 and
1550 1050 16 10 at
1571 1045 14 17 L
1592 1050 50 12 'isuro
1651 1045 14 15 K
1680 1044 15 16 L
1711 1045 41 15 Liut
1763 1050 10 10 u
1787 1045 9 15 2
1804 1045 9 15 6

1424 1068 31 15 lhe
1465 1067 65 16 Master
1664 1067 52 16 1.

1421 1091 13 13 .V
1446 1088 106 17 Komauueof
1559 1088 37 15 Two
1603 1088 67 15 Worlds
1682 1088 22 15 M.
1712 1089 33 13 Uor
1752 1088 21 14 Hi
1786 1088 9 15 2
1805 1087 8 16 6
1827 1089 8 13 3
1845 1088 8 13 0

1418 1110 46 16 Jude
1472 1110 30 15 the
1512 1110 75 16 bscure
1628 1110 76 14 Thomas
1712 1109 60 21 Hardy
1786 1110 27 14 20
1826 1109 9 14 3
1845 1109 8 14 G

1420 1132 21 15 In
1450 1131 29 16 the
1489 1131 48 20 Days
1545 1131 17 14 of
1571 1130 94 20 Adveiity
1704 1130 65 15 Burton
1826 1130 10 15 3
1845 1130 8 14 0

1419 1153 36 15 The
1465 1152 56 16 Heart
1530 1152 17 16 of
1556 1152 29 15 the
1598 1152 59 15 World
1687 1151 88 20 Haggard
1787 1152 26 15 20
1827 1152 9 14 3
1845 1152 8 14 G

1420 1174 36 15 The
1465 1174 91 20 Courtship
1565 1177 17 12 ot
1592 1173 64 16 Mo.iee
1664 1172 75 17 B.tuliler

1682 1195 21 15 A.
1714 1194 60 15 Mason
1787 1195 9 15 2
1806 1194 9 14 G
1827 1195 9 14 3
1845 1195 8 14 G

1419 1217 37 17 The
1465 1216 56 21 Light
1530 1215 38 17 that
1576 1215 59 16 Failed
1688 1214 87 22 Kippling
1788 1217 9 13 2
1806 1216 8 14 0
1827 1216 9 14 3
1846 1216 8 14 6

1478 1243 39 16 Add
1527 1243 79 20 Postage,
1617 1242 21 16 2d
1647 1243 17 15 in
1674 1243 28 15 the
1711 1243 82 19 Shilling.

1502 1284 179 18 FORTHCOMING
1690 1285 82 17 BOOKS.

1420 1316 87 16 Vendetta
1653 1314 56 17 Marie
1714 1314 63 17 Corelli
1787 1315 11 15 2
1806 1317 9 13 6
1827 1315 10 16 3
1846 1315 8 15 6

1420 1338 71 16 Thelca
1710 1349 11 7 ~
1789 1337 9 15 2
1806 1337 9 14 0
1828 1338 9 14 3
1846 1338 9 12 0

1420 1359 67 16 Ardath
1788 1359 10 14 2
1806 1359 10 14 h
1828 1359 9 14 3
1846 1358 9 14 6

1420 1380 35 16 The
1464 1380 41 16 Soul
1513 1380 18 14 of
1541 1378 54 18 Lilitta
1614 1392 17 4 ...
1786 1380 10 15 2
1805 1380 10 14 6
1827 1379 9 15 3
1846 1380 9 14 6

1423 1401 107 16 Wormwood
1548 1415 16 3 ...
1613 1414 18 3 ...
1707 1412 12 7 ~
1786 1401 10 14 2
1805 1401 9 14 0
1826 1401 10 14 3
1844 1401 9 14 6

1441 1423 38 15 The
1487 1423 53 15 above
1549 1422 34 15 will
1591 1422 21 15 bo
1622 1422 55 15 issued
1686 1424 18 13 at
1717 1421 48 16 short
1772 1421 83 16 imervals

1420 1445 18 15 in
1448 1444 29 16 the
1490 1444 48 15 ordtr
1553 1444 62 14 named
1630 1443 16 15 in
1663 1443 100 15 Mcthucn'H
1778 1442 76 16 Colonial

1420 1465 82 21 Library.
1526 1465 52 20 Early
1586 1465 58 15 orders
1653 1469 29 10 are
1694 1464 96 20 requested.

1471 1507 57 16 NEW
1540 1506 115 19 VOLUMES
1671 1505 134 19 EXPECTED.

1420 1536 115 18 Sentimental
1541 1536 73 21 Tommy
1654 1536 18 16 J.
1681 1535 26 17 M.
1718 1536 58 16 Barrio
1789 1537 26 14 26
1829 1537 9 14 3
1847 1537 9 13 0

1423 1559 53 15 Undo,
1484 1564 9 10 v
1502 1557 52 17 Stone
1564 1571 17 4 ...
1621 1559 22 14 A.
1653 1558 58 15 Coii.in
1723 1557 54 21 Doyle
1789 1559 9 13 2
1807 1558 9 14 0
1829 1558 9 14 3
1847 1558 8 13 0

1420 1580 99 16 TheUr.en
1530 1579 41 17 Mm
1636 1578 17 17 S.
1666 1579 21 15 K.
1697 1578 80 17 Cmcket.t
1789 1579 10 16 2
1808 1579 9 14 0
1829 1579 9 15 3
1847 1578 8 16 6

1424 1601 33 16 lhe
1474 1599 53 21 Mani
1533 1606 23 13 in,
1572 1606 9 10 :
1596 1606 38 10 new
1650 1600 50 16 novel
1714 1599 22 21 by
1754 1599 26 16 Dil

1464 1622 83 20 Maurler,
1568 1622 62 15 author
1646 1622 18 15 of
1681 1621 94 22 "Trilby''
1790 1622 66 14 2G36

1457 1658 82 18 OtJDEIJS
1551 1662 38 13 I'OK
1602 1661 67 15 ABOVE
1685 1660 102 15 BECEIVED
1802 1658 20 15 lit

1512 1681 151 17 CHRONICLE
1676 1679 80 19 Office.

1422 1737 205 42 SOMETHING
1660 1737 45 41 TO
1740 1737 115 41 READ!

1426 1872 240 56 Supplied
1689 1872 131 55 Regu-

1500 1964 129 56 larly
1651 1963 130 45 from

1500 2212 279 34 OFFIC6.

1474 2278 194 31 Canterbury
1700 2277 108 30 Times,

1470 2319 220 27 Christenurch
1721 2319 93 30 Press,

1484 2361 70 25 New
1568 2361 136 25 Zealand
1728 2360 74 31 Mail,

1516 2403 110 31 Family
1643 2402 127 30 Reader,

1441 2445 106 31 Young
1570 2443 116 26 Ladies'
1709 2443 134 31 Journal,

1494 2485 90 26 Black
1610 2486 59 24 and
1686 2485 107 29 White,

1427 2527 171 26 Illustrated
1622 2527 125 24 London
1765 2527 94 29 News,

1424 2569 64 25 The
1507 2568 117 30 Album,
1658 2568 65 25 The
1737 2568 122 30 Sketch,

1505 2610 120 32 Sydney
1646 2609 136 31 Bulletin,

1676 2650 75 31 Mail,

1480 2693 90 25 Town
1584 2693 60 25 and
1661 2692 144 33 Country,

1533 2734 220 30 Australasian,

1582 2776 134 29 Referee,

1427 2818 230 32 Cosmopolitan
1695 2817 166 31 Magazine,

1528 2859 112 26 Strand

1505 2901 141 25 Windsor

1507 2942 139 32 Ludgate

1481 2984 117 26 Review
1619 2984 33 25 of
1671 2983 142 30 Reviews,

1495 3026 125 25 Woman
1641 3026 33 24 at
1692 3024 104 30 Home,

1427 3067 151 26 Weldon's
1591 3066 129 26 Fashion
1737 3065 124 25 Journal

1463 3108 128 26 Schild's
1607 3108 130 26 Fashion
1785 3127 13 10 ~

1474 3149 182 32 Something
1676 3150 35 24 to
1727 3148 93 31 Read,

1429 3191 184 33 Snapshots,
1636 3191 148 29 Answers,
1805 3189 45 25 Tit-

1511 3233 66 29 bits,
1591 3233 125 31 Scraps,
1738 3232 51 25 &c.

1430 3275 65 26 And
1511 3275 36 25 all
1566 3275 96 24 Home
1680 3274 62 25 and
1758 3273 90 26 Colon-

1448 3316 35 25 ial
1501 3316 113 32 Papers
1627 3315 24 26 &
1665 3315 184 31 Magazines.

1598 3400 102 22 thg

1432 3452 247 43 MASTERPIECE
1699 3451 165 41 LIBRARY,

1432 3524 143 33 Popular
1587 3524 131 31 Novels,

1466 3586 65 25 The
1545 3585 115 32 Penny
1674 3584 106 32 Poets,

1500 3647 110 26 Books
1620 3647 51 26 for
1676 3647 56 25 the
1742 3647 126 25 Bairns,

1434 3760 205 46 Jewries'
1672 3760 196 45 Famous

1575 3844 163 47 Books.

1472 3977 166 42 BROADER
1677 3976 155 41 BRITAIN.

1437 4050 30 25 A
1496 4047 176 28 Collection
1697 4045 36 27 of
1754 4045 97 26 Photo-

1503 4096 133 35 graphic
1651 4095 110 27 Views
1774 4094 34 26 of

1552 4138 55 24 the
1630 4136 122 26 World.

955 4246 100 39 Ask
1082 4245 71 39 for
1179 4238 262 45 Hancock's
1492 4233 275 45 Celebrated
1812 4231 35 39 2
1859 4227 141 42 XXX
2027 4224 112 40 .Ales
2167 4224 95 37 and
2289 4222 147 39 Stout.

1991 162 14 40 I
2039 162 38 40 11

2107 232 91 18 Tourists
2208 233 40 18 and
2261 233 92 19 Invalids
2362 233 86 24 visiting
2456 233 35 18 the
2500 233 139 21 Wonderland
2649 236 21 18 of
2680 236 49 18 New
2740 235 88 19 Zealand
2839 243 38 12 \....

2096 280 228 68 *RA'
2335 280 61 70 N
2433 280 60 68 D
2589 280 426 75 HOTEL,

1875 424 80 20 fTVKE
1968 427 53 18 most
2029 423 233 29 elegantjcomfortable
2268 427 42 20 and
2318 428 45 19 best
2373 427 111 26 appointed
2493 427 155 20 establishment
2656 428 21 19 in
2697 428 50 19 New
2764 428 94 24 Zealand,
2877 430 16 18 it
2910 431 63 25 being
2989 432 73 22 replete
3079 433 123 19 throughout

1882 454 23 12 -*-
2344 454 49 18 with
2404 454 34 17 the
2449 456 51 15 most
2515 452 81 19 modern
2611 454 147 19 conveniences.

1901 475 57 19 THE
1971 476 93 19 HOTEL
2082 477 18 19 is
2118 478 21 18 in
2157 478 35 18 the
2211 478 116 20 immediate
2342 477 169 27 neighbourhood
2529 478 21 19 of
2569 478 34 20 the
2622 479 71 22 Priest,
2714 478 81 24 Rachel,
2815 480 121 20 Postmaster
2959 484 39 17 and
3013 484 56 19 other
3084 484 60 19 baths
3168 484 34 19 the

1875 501 89 19 curative
1973 503 114 24 properties
2096 503 22 19 of
2128 503 64 19 which
2208 510 34 12 are
2258 504 148 20 world-famed.
2435 504 56 19 Bath
2498 504 68 19 chairs
2576 504 167 20 and-attendants
2752 510 35 13 are
2795 506 96 23 provided
2901 511 20 15 to
2932 514 76 18 convey
3023 510 84 17 invalids
3123 515 21 12 t..
3161 510 42 18 and

1875 527 51 18 from
1936 527 35 18 the
1981 529 81 17 various
2074 528 142 19 bath-houses.
2243 530 43 18 The
2296 530 108 18 bedrooms
2413 530 41 18 and
2472 530 87 24 retiring
2581 537 65 11 rooms
2667 537 33 11 are
2719 530 57 18 lifted
2794 531 47 19 with
2869 534 73 23 special
2955 535 72 23 regard
3041 539 20 14 to
3074 535 34 19 the
3124 536 79 21 require

1876 556 64 14 ments
1950 553 21 18 of
1980 557 71 21 guests
2060 553 22 19 in
2091 554 70 18 search
2171 555 21 17 of
2200 555 92 19 renewed
2302 557 94 22 strength

1901 578 44 19 The
1957 579 63 19 Baths
2028 581 24 17 at
2060 579 37 19 the
2103 579 128 19 Sanatorium
2244 581 52 19 have
2306 581 100 19 attracted
2415 587 61 18 niany
2485 580 81 20 visitors
2586 581 22 18 of
2627 581 40 19 late
2687 588 69 18 years;
2783 586 92 21 amongst
2890 583 57 21 those
2959 585 44 19 who
3010 585 52 20 have
3072 586 65 19 found
3145 586 59 19 relief

1877 603 30 18 hoi
1917 604 35 18 the
1961 605 146 22 convalescent,
2118 611 92 17 nervous,
2221 605 118 23 rheumatic,
2352 607 39 18 and
2402 606 100 24 sleepless.

1903 628 90 21 Rotorua
2003 630 17 18 is
2030 630 35 19 the
2083 634 66 15 centre
2168 631 52 18 from
2239 632 64 19 which
2322 632 29 19 all
2372 633 68 23 points
2449 633 21 16 of
2480 632 83 18 interest
2573 632 21 19 in
2611 633 34 18 tlio
2655 632 93 19 Thermal
2760 632 83 26 Springs
2860 633 81 21 District
2958 643 45 18 may
3018 637 25 19 be
3058 637 89 23 reached,
3164 638 40 18 and

1875 655 74 25 special
1959 656 96 18 facilities
2065 663 33 12 are
2108 656 96 24 provided
2215 658 31 17 for
2253 658 58 18 those
2319 658 21 18 in
2350 658 70 19 search
2429 658 22 18 of
2458 658 35 18 the
2503 658 100 19 beautiful
2615 658 40 19 and
2670 658 125 19 marvellous.

1968 687 182 18 MAGNIFICENT
2163 687 176 20 APARTMENTS.
2470 689 83 17 LOFTY
2565 689 146 17 BEDROOMS.
2826 691 112 19 PERFECT
2956 693 156 17 SANITATION.

2020 711 26 18 In
2056 711 57 18 short
2122 717 13 12 a
2144 716 124 13 i'IHST-cr.Ass
2282 712 172 18 Establishment
2464 712 86 25 offering
2559 712 60 24 equal
2629 713 94 18 comforts
2732 714 20 17 to
2763 712 33 19 the
2806 713 44 19 beat
2864 715 63 18 hotels
2937 716 20 19 in
2967 717 84 23 Europe.

2117 762 85 23 Suites
2218 763 29 22 of
2259 763 170 29 Apartments
2439 762 66 24 with
2515 764 97 28 special
2626 763 154 23 attendance
2794 764 38 22 for
2848 765 113 24 Families-

1876 795 97 26 spacious
1985 796 127 19 Promenade
2124 795 111 25 Balconies,
2245 797 58 24 Snug
2314 797 90 23 Alcoves,
2416 797 40 19 and
2472 797 126 25 luxuriously
2615 798 109 24 appointed
2735 797 100 27 Drawing,
2856 799 68 22 Music,
2937 800 153 25 [Conversation,
3107 802 91 18 Rendin<*

2329 823 100 21 Smoking;
2439 823 37 18 and
2491 823 82 19 Billiard
2584 823 81 20 Roouis.
2694 824 60 18 Baths

2116 858 35 21 gdr
2168 855 116 20 SPECIAL
2298 856 118 19 ATTENTI

2701 857 17 19 E
2731 858 59 17 AND
2806 857 121 22 SERVICE.
2943 862 34 22 j)

1903 888 33 18 All
1947 888 180 19 communications
2140 887 26 25 by
2176 887 59 19 letter
2246 887 4 26 i
2259 894 10 12 r
2279 887 97 25 telegram
2389 888 39 19 will
2439 889 75 17 receive
2524 891 79 22 prompt
2614 890 105 17 attention.

2127 938 311 53 BOULTON,

2351 999 59 23 (Late
2420 999 22 18 of
2449 998 114 19 Grosvenor
2573 997 68 22 Hotel,
2653 996 96 26 Sydney.)

2154 1077 132 21 LHKE
2321 1076 171 23 T3UPO,

1939 1185 43 13 IB
1999 1185 38 12 &ll
2082 1187 9 11 B

1904 1207 93 21 Situated
2008 1215 24 13 on
2044 1210 34 17 tiio
2089 1215 53 12 main

2506 1160 43 34 rfl

2146 1301 32 31 T
2192 1301 80 32 HE
2298 1301 72 32 HO
2384 1302 33 31 U
2432 1300 70 33 SE

1879 1336 59 17 which
1955 1337 15 16 is
1979 1338 105 21 :ip]ir.vii:;i!>
2092 1337 39 21 Ihy
2140 1342 11 11 ;i
2161 1338 65 21 ir.y.nly
2234 1338 73 22 gra-Jcd
2314 1338 70 18 roadis
2393 1337 81 18 aituHte.l
2483 1339 51 16 titan
2550 1337 79 18 altitude
2643 1337 21 17 of
2678 1337 34 17 240
2730 1336 37 18 foot

1878 1359 59 18 above
1947 1359 52 18 Luke
2008 1359 64 23 Tiiupb
2083 1366 19 12 or
2115 1361 50 18 1,500
2174 1360 37 18 feet
2220 1361 58 17 above
2288 1366 18 13 so
2328 1361 45 17 level
2384 1361 36 17 and
2431 1360 107 18 commands
2555 1366 10 11 a
2583 1360 121 22 magnificent
2722 1359 46 18 view

1878 1383 20 17 of
1905 1382 34 18 the
1946 1383 120 23 picturesque
2076 1389 32 12 eon
2119 1385 37 19 itry
2164 1384 128 23 surrounding
2300 1384 33 17 the
2342 1385 33 17 200
2385 1390 66 17 square
2462 1384 51 17 miles
2522 1384 20 17 of
2550 1384 32 17 the
2594 1383 49 18 Lake
2659 1384 61 20 Basin,
2732 1382 36 18 and

1878 1406 33 18 the
1919 1406 61 18 active
1989 1408 98 16 vuk-jiioo-
2097 1406 103 23 Tongariro
2210 1407 35 17 and
2255 1407 110 23 Ngaruhoe.

2162 1434 40 22 AS
2217 1434 23 23 A
2256 1434 220 24 SANATORIUM

1878 1463 33 18 the
1926 1464 54 22 place
1989 1464 14 16 is
2013 1463 131 23 unsurpassed.
2169 1464 75 17 Besides
2254 1464 31 18 tho
2294 1465 50 18 clear
2352 1465 37 17 atid
2400 1465 77 22 bracing
2486 1464 117 22 atmosphere
2617 1470 19 10 so
2652 1464 83 22 salutary
2749 1464 19 17 to

1878 1487 87 18 invalids,
1975 1488 32 16 tho
2017 1487 59 17 Baths
2085 1486 101 18 connected
2197 1487 43 18 with
2252 1488 31 16 (lie
2293 1488 140 18 establishment
2445 1493 31 12 are
2486 1487 103 18 unrivalled
2599 1488 28 17 for
2632 1487 49 18 their
2687 1486 81 19 curative

1878 1510 110 22 properties.
2013 1510 60 18 These
2081 1509 91 23 comprise
2188 1510 77 18 covered
2280 1511 18 17 in
2314 1511 55 18 baths
2387 1512 19 16 of
2423 1516 37 17 any
2478 1510 65 23 degree
2561 1511 20 17 of
2598 1511 126 22 temperature
2740 1511 30 16 for

1879 1533 86 18 invalids,
1975 1541 9 9 a
1996 1536 54 20 spout
2059 1533 46 17 bath
2116 1533 31 17 the
2153 1533 104 22 properties
2266 1535 19 16 of
2295 1535 60 17 which
2366 1540 30 12 are
2408 1540 15 12 in
2434 1535 18 16 >sf
2464 1534 129 20 invigorating
2606 1533 35 18 and
2652 1533 32 18 the

2052 1556 115 18 LARGEST
2180 1556 52 17 HOT
2245 1557 90 20 WATER
2349 1557 138 19 SWIMMING

1879 1580 18 16 in
1907 1580 46 16 Now
1963 1579 89 18 Zealand.
2078 1579 39 18 Tho
2125 1580 57 17 latter
2189 1585 64 12 covers
2262 1586 23 11 an
2299 1586 43 12 area
2351 1581 19 17 of
2379 1586 44 12 over
2433 1582 36 15 two
2479 1585 49 12 acres
2537 1580 19 17 in
2565 1582 71 15 extent.

1902 1603 39 17 The
1949 1603 52 17 Lake
2010 1604 90 16 steamers
2108 1603 20 17 to
2138 1602 37 18 and
2184 1603 47 18 from
2250 1603 90 18 Tokaanu
2353 1604 44 17 land
2412 1610 21 11 or
2446 1603 44 18 take
2507 1603 26 18 off
2548 1608 111 18 passengers
2675 1603 65 17 within
2760 1608 10 12 a

1879 1627 76 21 quarter
1963 1627 19 17 of
1992 1632 9 11 u
2011 1626 43 18 mile
2064 1627 19 16 of
2092 1625 31 18 (ho
2132 1625 63 18 house.

2069 1649 87 17 ROOMS
2165 1649 83 18 LOFTY
2261 1650 53 17 AND
2328 1650 74 17 WELL
2412 1649 170 18 VENTILATED.

1902 1672 40 18 Tho
1950 1672 48 18 Mail
2006 1672 84 18 Coaches
2098 1674 21 16 to
2126 1672 73 23 Napier
2206 1672 37 18 and
2252 1672 89 19 Tokaanu
2357 1674 39 21 (the
2411 1673 107 23 Wanganui
2530 1672 57 18 River
2600 1672 62 24 route)
2679 1678 42 17 pass
2738 1671 32 18 the

1879 1695 52 21 door,
1942 1696 37 16 mid
1989 1697 31 15 the
2030 1695 84 19 Hotorua
2126 1695 61 17 Coach
2196 1696 16 17 is
2224 1697 38 16 met
2271 1702 23 11 on
2305 1697 67 17 arrival
2382 1698 19 16 at
2411 1697 70 21 Taupo.

1904 1847 101 19 COOKS
2019 1847 142 18 COUPONS
2178 1848 164 19 ACCEPTED.

2238 1892 177 26 TAUPO.

2083 2022 203 29 LAKE]
2320 2022 250 28 T_A_TTIPO.

2043 2085 62 19 Pour
2115 2085 111 22 Shillings
2234 2090 41 18 per
2285 2085 67 18 Diem
2360 2084 3 26 ;
2386 2085 98 24 Twenty
2496 2084 112 25 Shillings
2617 2090 41 20 psr
2667 2085 82 20 Week.

1929 2142 140 42 ROBERT
2094 2140 159 41 WILLIAM
2281 2140 115 45 PRIHH,

2532 2161 193 19 PROPRIETOR.

2286 2253 220 65 I.WON,

2182 2336 66 23 (Late
2257 2336 26 18 of
2288 2336 150 22 Melbourne.)

2094 2387 54 24 PR
2154 2387 24 24 A
2186 2387 21 23 C
2214 2386 68 25 TIC
2285 2387 25 22 A
2319 2386 20 24 L
2363 2386 98 24 TAIL
2468 2385 53 23 OR.

2079 2495 125 26 Clothes
2220 2495 91 26 made
2330 2498 33 23 to
2386 2494 92 26 order
2500 2500 37 19 on

2133 2529 55 25 the
2202 2528 144 26 Shortest
2362 2527 115 27 Notice.

2090 2588 41 19 FIT
2140 2588 53 17 AND
2203 2587 80 18 STYLE
2290 2588 51 17 NOT
2349 2587 32 18 TO
2391 2587 34 18 BE
2431 2586 81 19 EQUAL-

2218 2627 51 20 LED
2278 2628 30 17 IN
2319 2627 81 18 TOWN.

2116 2719 116 22 Address:
2238 2720 139 19 -ARAWA
2391 2719 118 21 STREET,

2220 2761 183 18 ROTORUR.

2580 2426 119 54 mm

2605 2518 50 26 HI
2672 2518 16 14 V

1886 2889 225 58 Bicycles

1888 3003 223 57 Bicycles
2146 3002 25 53 %

2548 2881 226 56 Bicycles

2089 3099 55 26 AT
2163 3097 240 28 AUCKLAND
2415 3097 158 26 PRICES.

2324 3139 64 17 ALSO

1888 3165 192 20 HOUSEHOLD
2099 3163 186 21 FURNITURE,

2168 3194 161 23 CLOTHING,
2345 3192 152 22 DRAPERY,

2114 3295 54 34 S.
2212 3294 43 33 D
2279 3294 47 33 M
2354 3292 46 34 N
2431 3292 43 33 D
2499 3290 55 35 O.

2076 3337 97 28 AND
2200 3337 91 26 AND
2320 3335 205 25 WAIKATO
2553 3332 182 31 AGENCY,

2132 3378 85 19 NEAR
2235 3377 152 19 CATHOLIC
2402 3375 133 20 CHURCH.

2216 3413 242 24 ROTORUK.

2221 3492 232 34 HOTORUA.

1925 3616 395 70 PftLftee
2318 3582 30 21 H

2161 3690 89 23 (Under
2262 3690 60 18 New
2333 3688 181 23 Management.)

1918 3760 93 21 Situated
2022 3760 22 19 in
2053 3759 36 18 the
2098 3759 52 18 most
2158 3756 76 20 central
2249 3756 89 25 position
2354 3755 22 19 in
2396 3755 33 18 tho
2448 3760 45 11 new
2510 3751 107 25 township,
2638 3748 90 26 opposite
2743 3746 33 18 the

1891 3788 128 19 Courthouse
2029 3785 40 19 and
2078 3784 22 18 in
2111 3783 52 19 tlo,e
2172 3783 110 25 proximity
2292 3784 21 16 to
2323 3782 34 18 the
2369 3780 48 19 Post
2426 3779 68 23 Office,
2505 3779 133 19 Sanatorium,
2659 3776 64 17 Baths
2738 3776 38 15 unit

1892 3813 93 24 Railway
2001 3811 84 19 Stuticn.

1918 3847 43 19 The
1972 3846 73 19 Hotel
2053 3842 116 21 commands
2180 3849 12 12 a
2201 3841 132 25 magnificent
2340 3841 53 19 view
2403 3840 21 19 of
2433 3839 35 19 the
2478 3838 55 19 Lake
2544 3837 40 19 and
2593 3836 17 18 i-
2617 3832 104 22 furnished
2729 3832 47 17 wnli

1891 3880 27 12 an
1927 3879 37 18 eye
1973 3875 21 16 to
2003 3871 35 19 the
2048 3870 85 19 comfort
2142 3868 21 19 of
2173 3869 26 18 its
2209 3872 90 21 patrons.

1918 3907 43 20 The
1970 3905 89 25 position
2069 3903 21 19 of
2099 3903 35 19 the
2145 3902 70 19 House
2231 3901 83 19 renders
2330 3901 17 19 it
2366 3899 112 26 peculiarly
2497 3896 85 21 suitable
2601 3895 32 18 for
2653 3891 122 21 commercial

1892 3939 46 14 men
1948 3932 84 24 visiting
2042 3930 35 19 tho
2087 3931 60 17 town.

1928 3979 30 26 Bl
1978 3977 111 27 LIARD
2118 3974 113 26 ROOM.
2375 3970 147 28 SAMPLE
2545 3966 135 31 ROOMS,
2692 3965 50 25 Ac.

2059 4030 177 31 Telegrams
2252 4026 153 35 promptly
2418 4023 149 29 attended
2579 4024 41 23 to.

1893 4106 50 47 F.
1967 4101 271 54 WATERS,

2561 4117 146 29 .CllLClg'

2897 1062 36 19 TO
2947 1063 150 19 TOURISTS.

2799 1110 16 16 A
2827 1110 130 19 SOUVENIR
2970 1112 32 17 OF
3013 1113 52 16 THE
3079 1112 119 18 DISTRICT.

2794 1158 131 42 TSEFORE
2937 1167 39 17 you
2992 1161 55 19 leave
3069 1160 92 24 Rotorua,
3178 1161 23 19 in-

2792 1201 21 3 ._
2821 1185 10 16 P
2862 1189 52 15 Knect
2924 1186 33 18 thfi
2965 1187 104 19 miniature
3078 1187 24 17 oil
3110 1187 103 24 paintings

2792 1211 17 18 A
2817 1211 33 18 tlio
2860 1210 43 19 Hot
2912 1211 65 19 Lakes
2991 1218 85 19 scenery,
3088 1212 31 19 for
3137 1213 40 18 sale
3192 1216 21 15 at

2792 1237 30 17 the
2834 1236 46 19 llor
2897 1237 68 18 Lakes
2977 1237 116 19 Ciikonicle
3109 1239 64 22 Olllce,
3192 1241 22 16 at

2792 1262 49 19 Erom
2853 1263 20 17 Is
2883 1263 24 18 Od
2916 1263 54 19 each.

2848 1305 23 24 J.
2887 1305 24 24 P.
2927 1306 232 30 BACKHOUSE,

2939 1354 135 16 HRTIST,

2792 1387 126 26 NEWTON
2944 1388 83 28 ROAD,
3050 1388 165 25 AUCKLAND.

2901 1451 206 27 ROTORUA.

2792 1526 235 48 Tarawera
3050 1528 162 53 cHouse,

2846 1589 180 20 TUTANEKAI
3039 1590 119 20 STREET.

2817 1620 80 21 Within
2920 1628 44 18 easy
2991 1629 63 12 access
3079 1624 21 17 of
3116 1623 33 18 the
3168 1624 48 18 Post

2792 1646 65 24 Office,
2867 1647 67 22 Laths,
2944 1648 40 19 and
2990 1648 126 19 Sanatorium
3123 1648 93 20 Grounds

2792 1672 38 19 and
2840 1679 10 12 e
2858 1680 44 11 >imu
2916 1674 64 26 nding

2792 1698 20 19 of
2822 1698 33 19 the
2866 1698 60 20 Lake.

2818 1728 86 20 Visitors
2927 1730 39 19 will
2985 1730 41 20 find
3046 1737 58 17 every
3119 1731 98 18 attention

2796 1755 44 24 [iaid
2850 1757 19 16 to
2880 1756 51 18 their
2941 1758 83 17 comfort
3033 1756 39 19 and
3086 1758 33 17 the
3128 1756 89 26 require*

2868 1782 20 17 di'
2898 1782 74 19 invalid
2982 1785 68 22 guests
3062 1782 38 19 will
3111 1782 24 19 bo
3152 1783 65 19 assid*

2795 1806 69 26 uously
2875 1807 93 20 i.ttended
2978 1811 25 16 to.

2905 1842 70 20 Terms
2987 1843 118 20 Moderate,

2844 1881 35 32 C.
2897 1882 269 37 WILLMOTT,

2819 1968 78 20 Letters
2916 1970 40 19 and
2980 1970 68 25 Telegi

2810 1995 92 20 jsnouded
2909 1998 26 17 to.

3117 1970 100 26 promptly

2797 2047 212 45 Rotorua
3050 2048 165 44 Tours.

2798 2128 182 43 I)ASSENGERS
2989 2130 19 18 to
3018 2130 82 19 Rotorua
3109 2135 29 11 are
3145 2130 75 17 advised

2859 2152 40 18 that
2908 2158 11 12 a
2933 2152 73 23 regular
3018 2152 50 23 daily
3081 2153 54 16 coach
3153 2153 66 17 service

2796 2175 82 17 between
2887 2175 88 19 Okoroire
2984 2175 36 18 aud
3031 2177 82 15 Rotorua
3128 2176 36 16 and
3180 2176 39 17 vice

2796 2203 49 12 versa
2855 2199 13 16 is
2878 2205 41 10 now
2928 2199 87 23 running.

2817 2222 38 16 The
2864 2221 113 23 advantages
2984 2229 10 10 o
3008 2222 38 17 this
3050 2222 54 17 route
3109 2227 30 12 arc
3143 2227 62 12 numer-

2796 2250 37 15 ous,
2843 2251 10 10 a
2863 2245 100 17 somewhat
2977 2245 71 17 tedious
3057 2245 75 22 railway
3139 2245 80 22 journey

2796 2267 14 18 is
2902 2267 38 18 and
2947 2267 33 18 the
2996 2271 52 14 route
3065 2268 88 17 traverses
3169 2274 50 12 some

2795 2292 20 15 of
2832 2291 32 16 the
2879 2290 84 19 loveliest
2978 2291 51 18 Bush
3046 2290 78 23 Scenery
3141 2290 18 18 in
3173 2291 46 18 New

2796 2313 85 19 Zealand.

2835 2345 102 22 FARES,
2952 2345 40 18 10s
3002 2345 80 18 EACH
3095 2345 80 18 WAY.

2795 2373 89 23 Special
2900 2374 162 22 Conveyances
3079 2379 42 12 can
3141 2373 27 18 be
3184 2378 23 13 ar-

2938 2397 86 23 ranged
3032 2396 40 19 for.

2796 2442 207 20 Leave-Okoroire
3013 2443 33 18 for
3060 2443 99 17 Rotorua
3173 2443 44 18 and

2864 2466 214 20 Whakarewarewa
3107 2466 59 23 daily
3194 2471 14 13 a

2865 2490 29 18 10
2903 2495 51 13 a.m.

2796 2513 74 18 Leave
2889 2513 107 19 -Rotorua
3005 2512 45 18 and
3059 2511 144 19 Whakarewa-

2864 2542 61 12 z'ewa
2941 2537 34 17 tor
2989 2535 113 22 Okoroire,
3118 2535 61 20 dailv
3194 2537 25 16 at

2866 2560 28 18 10
2902 2565 52 14 a.m.

2819 2583 29 16 All
2869 2588 108 18 passengers
2997 2587 30 12 are
3043 2581 75 18 advised
3137 2583 19 16 to
3171 2582 48 17 avail

2796 2606 109 18 themselves
2914 2606 19 17 of
2941 2606 37 17 this
2994 2606 60 16 Route
3068 2611 19 10 as
3103 2605 87 17 Okoroire
3205 2605 14 17 is

2797 2635 34 11 one
2845 2630 20 16 of
2876 2629 31 18 the
2916 2629 50 18 show
2975 2628 60 24 places
3052 2628 19 17 of
3087 2627 31 18 the
3133 2627 86 18 Thermal

2797 2653 82 18 District,
2900 2653 37 16 and
2952 2657 23 12 no
2991 2652 43 16 visit
3048 2653 19 15 to
3084 2651 31 16 the
3129 2651 59 17 Lakes
3204 2651 15 16 is

2798 2676 88 22 complete
2896 2676 77 16 without
2980 2675 23 17 its
3010 2674 94 17 inclusion.

2821 2699 70 22 Special
2900 2699 91 17 attention
3003 2698 15 16 is
3031 2697 57 17 called
3102 2697 19 17 to
3133 2697 32 17 the
3180 2697 39 17 fact

2797 2722 42 18 that
2848 2728 10 11 a
2866 2721 55 18 coach
2931 2721 58 18 leaves
3003 2721 82 17 Rotorua
3093 2720 37 16 and
3140 2720 65 17 Whaka-

2798 2751 96 12 rewarewa
2903 2751 24 11 on
2936 2744 76 22 Sunday
3019 2745 20 15 at
3049 2744 20 16 10
3078 2749 41 11 a.m.

2930 2789 156 18 HCENTS:

2798 2818 70 17 THOS.
2882 2818 67 17 COOK
2966 2818 15 16 it
2999 2817 54 18 SOX,
3071 2815 95 18 Auckland
3183 2815 37 17 and

2966 2840 87 18 Rotorua.

2798 2887 16 17 A
2832 2885 110 18 MEMBER
2961 2884 31 18 OF
3013 2883 51 17 THE
3085 2883 83 17 HOUSE
3189 2883 31 17 OF

2821 2949 93 23 Speaking
2928 2954 21 11 on
2966 2947 30 18 the
3010 2947 102 21 Pharmacy
3125 2946 34 16 Bill
3174 2945 45 18 said,

2818 2978 23 12 no
2856 2972 100 22 profession
2972 2971 33 16 has
3017 2968 52 19 made
3085 2969 34 17 less
3135 2974 85 17 progress

2798 2996 67 20 during
2874 2995 31 17 the
2921 2994 37 18 last
2976 2994 31 16 100
3021 2998 52 16 years
3088 2992 44 16 than
3147 2991 40 17 that
3201 2991 19 17 of

2914 3023 21 12 or
2944 3016 59 17 words
3012 3017 19 16 to
3039 3015 42 18 that
3093 3014 57 18 effect.
3182 3014 37 17 The

2799 3041 77 19 M.H.R.
2891 3041 56 22 spoke
2961 3039 77 18 without
3053 3038 91 22 thinking,
3161 3043 20 11 or
3198 3036 22 18 ho

2799 3064 60 19 would
2874 3065 32 16 not
2923 3064 45 17 have
2985 3062 52 17 made
3055 3061 42 17 such
3114 3066 22 11 an
3153 3059 67 17 absurd

2799 3089 104 16 statement.
2929 3086 29 18 Ho
2967 3084 93 22 evidently
3073 3084 52 17 knew
3142 3083 78 22 nothing

2799 3116 18 12 oi
2829 3111 29 17 the
2867 3116 40 11 new
2915 3108 75 22 remedy
2998 3107 69 18 termed

2937 3131 149 18 NEUROL

2800 3155 58 18 which
2867 3155 21 18 is,
2893 3154 19 17 in
2916 3153 113 23 comparison
3036 3151 43 17 with
3085 3150 86 18 remedies
3177 3149 45 18 used

2799 3185 46 11 even
2884 3184 51 16 years
2944 3183 42 15 ago,
2996 3181 20 12 as
3023 3173 48 25 light
3080 3176 19 15 to
3107 3174 92 16 darkness.

2938 3204 149 18 NEUROL

2799 3229 15 16 is
2823 3234 11 11 a
2847 3227 127 21 scientifically
2990 3224 89 24 prepared
3095 3223 92 17 medicine,
3205 3222 19 17 in

2800 3252 32 16 the
2841 3252 47 16 form
2898 3256 19 12 ov
2926 3249 89 24 powders.
3039 3248 19 16 It
3064 3247 15 17 is
3086 3248 34 15 net
3133 3245 81 23 disagree-

2800 3274 41 18 able
2849 3268 3 26 ;
2866 3274 16 16 it
2890 3273 15 17 is
2913 3274 32 16 not
2955 3271 98 23 expensive
3060 3268 3 26 ;
3077 3270 15 17 it
3100 3269 32 18 lies
3140 3269 18 17 in
3172 3268 54 17 small

2800 3302 94 17 compass;
2909 3297 15 16 it
2933 3295 82 18 contains
3024 3300 24 11 no
3057 3293 67 22 opium,
3143 3291 83 23 morphia

2801 3327 20 10 or
2834 3320 115 21 antipvrine;
2969 3318 15 17 it
3001 3316 38 18 will
3055 3318 33 15 not
3104 3321 41 11 cure
3161 3320 54 16 every-

2801 3343 54 22 thing
2862 3342 35 18 but
2911 3342 17 17 it
2940 3342 16 17 is
2969 3340 82 19 effective
3063 3339 20 17 in
3097 3338 24 17 all
3135 3343 49 12 cases
3197 3337 29 18 for

2801 3366 59 18 which
2869 3366 14 16 ii
2891 3365 16 17 is
2921 3362 143 20 recommended.

2938 3391 151 18 NEUROL

2801 3416 36 17 will
2846 3415 66 18 relieve
2922 3419 54 17 every
2985 3414 46 16 form
3050 3412 19 16 of
3085 3410 92 18 headache
3193 3411 33 16 not

2801 3438 66 18 caused
2875 3438 25 23 by
2908 3438 53 17 brain
2972 3436 74 17 disease.

2940 3464 151 18 NEUROL

2800 3500 51 11 cures
2871 3493 97 22 neuralgia
2987 3492 21 17 of
3023 3490 32 18 the
3071 3490 40 18 face
3126 3488 35 18 and
3177 3488 49 17 'aead

2799 3523 51 11 more
2857 3516 97 21 promptly
2963 3515 45 17 than
3017 3513 80 22 quinine.

2822 3540 33 16 LA
2861 3538 100 18 GRIPPE,
2972 3544 19 11 or
2997 3534 147 21 INFLUENZA
3149 3534 47 17 loses
3201 3534 24 16 its

2799 3565 68 15 terrors
2876 3562 14 17 if
2898 3560 107 19 NEUROL
3012 3560 15 17 is
3036 3558 56 18 taken
3100 3559 21 15 at
3128 3557 33 17 the
3174 3562 38 12 com-

2799 3586 115 17 mencement
2923 3584 20 17 of
2951 3584 32 16 tho
2991 3582 68 18 attack.

2823 3608 85 17 COLDS.
2949 3604 137 20 CATARRHS,
3121 3602 101 18 FEVERS,

2799 3629 174 20 RHEUMATISM
2996 3635 31 10 are
3053 3626 25 19 all
3099 3625 77 18 relieved
3199 3624 25 21 by

2799 3653 111 18 NEUROL.
3170 3670 5 6 ,
3204 3669 5 7 ,

2822 3676 36 17 For
2878 3682 72 10 women
2970 3673 105 19 NEUROL
3091 3672 14 17 is
3124 3670 100 23 peculiarly

2799 3699 84 21 suitable,
2893 3699 16 16 it
2918 3704 52 12 cures
2977 3697 26 18 all
3017 3695 72 24 painful
3104 3699 69 16 cramps
3187 3692 37 17 and

2798 3722 54 17 other
2859 3722 60 22 pains.

2822 3742 67 25 Every'
2903 3744 65 19 minor,
2987 3742 91 18 bushman
3104 3739 35 17 and
3160 3739 63 16 ssttler

2798 3767 66 18 should
2873 3773 72 16 possess
2954 3772 11 12 a
2973 3767 39 18 box.
3019 3765 19 17 of
3046 3762 107 19 NEUROL,
3183 3764 15 13 it
3206 3766 16 11 is

2798 3797 11 10 a
2818 3790 89 18 medicine
2917 3789 51 20 chest
2977 3789 18 16 in
3005 3787 52 18 small
3066 3790 86 17 compass.

2822 3814 44 17 Sold
2874 3814 26 21 by
2908 3813 26 16 all
2942 3812 124 20 storekeepers
3078 3809 36 16 and
3130 3807 90 17 chemists,

2798 3837 20 16 2s
2826 3842 34 16 per
2867 3831 44 24 bo'x,
2921 3842 21 11 or
2950 3836 42 21 post
3006 3835 38 15 free
3060 3833 45 16 from
3118 3828 104 19 NEUROL

2798 3856 8 22 C
2849 3858 105 19 Auckland,
2963 3859 19 16 2s
2992 3856 28 17 Id.

2822 3882 103 17 Wholesale
2933 3881 47 16 from
2990 3877 125 23 Kenipthornc
3123 3875 36 16 and
3166 3875 45 17 P.vos-

2798 3910 34 13 ser,
2843 3910 21 12 or
2872 3903 93 19 Sharland
2973 3902 36 17 and
3018 3902 32 17 Co.

2822 3950 154 27 GOVERNMENT
2997 3949 56 27 LIFE
3074 3945 131 29 INSURANCE.

2934 3986 117 14 EsTiBLIBHED
3058 3983 37 13 1870.

2821 4018 11 13 G
2836 4019 64 13 rowtlt
2909 4018 22 14 of
2937 4017 64 15 Funds
3006 4020 21 10 :

2851 4040 44 14 1875
3014 4035 158 17 JJUOjOOO

2850 4059 45 14 1885
2927 4068 15 5 _.
2979 4056 193 18 *1,103,000

2850 4079 45 15 1895
2926 4087 16 7 M
2959 4075 213 19 *5,300,000

2956 4110 16 15 I.
2978 4109 22 15 H.
3006 4106 133 17 KICHAEDSOST,

2818 4127 16 13 U
3074 4123 130 17 Ccnnvasioscr,
