2529 4010
635 605 130 31 PORT
789 598 297 45 NICHOLSON/
1098 602 261 35 SATURDAY
1380 603 241 39 MORNING,
1642 605 121 32 JUNE
1788 608 51 34 18,
1863 607 88 30 1842.

2257 604 97 41 [Vol.
2376 601 72 33 IM-

48 257 2424 31 THE

48 288 383 55 NEW
558 288 893 55 ZEALAND
1579 288 893 55 GAZETTE

48 343 2424 54 AND

48 397 969 55 WELLINGTON
1114 397 291 55 AND
1502 397 970 55 SPECTATOR.

283 506 6 14 *
582 489 220 39 PUBLISHED
847 489 134 37 EVERY
1024 487 260 38 WEDNESDAY
1329 486 86 38 AND
1460 486 229 38 SATURDAY
1734 487 207 37 MORNING.

66 617 63 30 No.
148 614 85 40 151.]

678 696 84 20 Fresh
775 696 131 26 Oranges,
920 701 37 15 ex
997 695 97 27 Bright

659 729 93 31 rjIHE
765 728 152 28 undei-signed
925 729 41 21 has
980 729 47 26 just
1034 728 108 22 received,
1154 728 46 22 and
1212 728 33 22 for

667 750 29 27 JL
736 755 45 22 sale
790 760 23 17 at
828 756 59 21 their
903 757 80 25 Stores,
998 762 15 14 a
1028 755 61 27 large
1105 755 104 27 quantity
1223 755 25 21 of

657 782 61 22 fresh
728 790 99 19 oranges.

903 809 128 21 Anderson
1047 807 44 22 and
1105 808 111 22 Rowand.

686 844 80 26 Stores,
772 842 73 22 Willis
857 845 67 20 street
934 842 45 21 and
990 842 198 27 Thorndon-quay.

717 889 53 19 For
787 887 69 24 Sale,
873 893 35 14 ex
948 887 118 20 Thomas

656 922 116 49 FIRST
788 920 139 25 QUALITY
942 919 105 23 FLOUR
1060 919 24 22 in
1095 921 40 21 100
1139 919 32 23 lb.
1181 920 61 27 bags,

730 947 62 27 Rice,

738 975 52 25 Tea,

739 1001 80 26 Coffee,

739 1028 75 26 Sugar,

737 1054 103 21 Tobacco
850 1053 24 22 in
884 1054 66 27 bond,

739 1080 112 28 Blankets,

739 1108 42 21 Gin
791 1108 23 21 in
824 1108 68 27 bond,

737 1134 173 23 Double-barrel
918 1142 65 20 guns,

739 1162 68 26 Slops,

739 1188 108 27 Oatmeal,

739 1215 58 22 Beef
803 1216 23 21 in
837 1216 85 21 tierces.

934 1242 56 21 Hay
1005 1242 45 21 and
1064 1242 152 21 Machattie.

685 1268 61 22 June
758 1270 32 25 14,
802 1270 61 21 1842.

820 1314 43 20 Ex
1037 1314 44 20 &c.

659 1347 73 48 ON
748 1347 83 26 SALE,
844 1350 24 18 at
876 1347 39 21 the
924 1350 70 19 stores
1005 1347 26 20 of
1040 1346 38 21 the
1088 1346 156 27 undersigned,

723 1374 141 22 ENGLISH
879 1374 88 26 HOPS,

685 1400 71 22 Dates
774 1401 46 21 and
838 1401 65 21 dried
920 1400 71 27 fruits,
1009 1399 68 23 coffee
1096 1400 44 21 and
1157 1400 47 21 rice
1222 1400 23 21 in

657 1427 63 27 bags,

686 1454 79 21 Chests
776 1454 45 21 and
830 1456 12 24 J
854 1454 71 21 chests
933 1453 68 22 black
1012 1456 42 25 tea,
1066 1460 28 15 ex
1106 1454 106 27 Clarinda,

686 1477 115 26 LADIES
812 1481 102 26 SATIN,
924 1480 41 22 kid
974 1481 45 21 and
1030 1481 123 21 enamelled
1163 1481 85 22 leather

658 1507 72 27 shoes,
741 1508 70 21 men's
821 1508 64 21 boots
901 1507 53 22 and-
961 1508 72 26 shoes,
1044 1507 44 22 and
1098 1508 95 27 English
1204 1508 43 21 sole

659 1534 93 26 leather,

687 1561 108 22 WHITE
810 1561 58 22 KID
891 1561 128 27 GLOVES,
1041 1561 109 22 GENOA
1176 1561 71 22 VEL-

660 1587 68 28 VET,

687 1615 105 22 CHEAP
812 1615 119 27 PRINTS,
947 1615 59 27 slops
1022 1615 26 22 of
1066 1622 66 20 every
1151 1615 97 27 descrip-

658 1642 56 25 tion,

688 1668 60 23 Shirt
758 1668 78 22 collars
846 1668 43 22 and
898 1668 80 28 fronts,
988 1668 93 23 woollen
1096 1668 97 28 hosiery,

689 1696 102 26 Superior
805 1696 70 21 broad
890 1696 66 27 cloth,
972 1696 56 27 pilot
1037 1696 62 28 ditto,
1116 1696 46 21 and
1178 1695 70 22 Cassi-

661 1729 67 19 mere,

689 1750 155 22 SUPERIOR
859 1750 132 23 LONDON
1004 1750 92 22 MADE
1106 1750 139 27 BRIDLES,

688 1776 65 22 Nails
762 1778 25 20 of
797 1778 29 20 all
836 1777 63 27 sizes,
911 1777 31 21 tin
954 1777 69 27 tacks,
1032 1777 113 27 japanned
1153 1777 79 27 lamps,

687 1803 76 22 FINE
778 1804 85 22 CORK
873 1804 122 22 BUTTER
1005 1804 44 21 and
1054 1804 89 21 -barrels
1152 1804 27 21 of
1184 1804 61 28 pork,

688 1830 74 22 White
770 1830 58 28 lead,
840 1830 87 22 linseed
936 1830 45 22 and
990 1830 76 23 boiled
1075 1830 47 28 oils,

688 1856 55 23 Fine
754 1857 36 22 old
798 1860 50 25 port
864 1857 57 22 wine
938 1857 45 22 and
997 1858 49 27 pale
1056 1857 76 28 sherry
1141 1857 25 22 in
1174 1858 16 21 4
1200 1857 47 23 doz.

660 1891 69 15 cases.

1012 1911 23 23 J.
1046 1911 33 22 M.
1090 1912 103 26 Taylor,

1150 1939 33 22 Te
1193 1939 54 24 Aro.
1251 1960 4 6 H

660 1964 143 27 Wellington,
814 1964 61 22 June
885 1967 20 25 3,
917 1966 60 21 1842.
1240 1965 17 8 "'

661 2006 103 49 AFE
767 2007 27 21 W-
800 2002 2 4 '
807 1999 283 36 originai-PAINTINGS,
1101 2016 26 14 on
1139 2009 54 23 sale.

1065 2036 22 22 J.
1099 2036 33 22 M.
1143 2037 102 21 Taylor.

660 2060 145 28 Wellington,
817 2061 60 21 June
887 2062 21 26 3,
919 2063 61 20 1842.

845 2106 44 20 Ex

663 2139 73 49 ON
759 2140 83 27 SALE,
864 2143 23 18 at
905 2139 36 22 the
962 2141 73 22 Stores
1059 2141 26 21 of
1105 2141 38 22 the
1166 2142 82 22 under-

741 2166 83 27 signed,

661 2193 99 22 SEVEN
787 2193 67 22 AND
878 2193 23 22 A
923 2194 88 21 HALF
1034 2194 78 22 TONS
1138 2196 110 21 SHING-

770 2220 79 21 LING
864 2220 65 21 AND
945 2221 78 22 ROSE
1037 2222 101 27 NAILS,

689 2248 41 20 200
740 2246 53 27 kegs
802 2247 49 21 best
861 2247 65 22 white
936 2247 57 27 lead,

690 2273 97 22 Linseed
797 2274 35 26 oil,
845 2274 133 27 turpentine,
990 2275 45 21 and
1044 2275 80 27 paints,

689 2300 102 22 Window
800 2300 65 27 glass,
877 2300 31 22 all
917 2302 62 27 sizes,
990 2302 40 21 &c.
1041 2303 39 20 &c.

1005 2335 22 22 J.
1043 2336 33 21 M.
1092 2336 103 28 Taylor,

1119 2363 33 22 Te
1167 2364 54 21 Aro.

664 2406 73 49 ON
751 2406 107 23 SALE
859 2407 109 26 MAIZE,
981 2408 37 21 the
1028 2408 42 22 last
1079 2409 26 21 of
1113 2409 38 22 the
1162 2417 86 15 season.

913 2434 25 22 F.
950 2434 28 23 V.
990 2435 99 22 Martin
1099 2437 44 21 and
1154 2437 40 26 Co,

1123 2464 32 22 Te
1167 2464 54 22 Aro.

689 2487 56 27 May
755 2487 31 27 17,
798 2489 61 21 1842.

904 2534 106 26 Bricks,

663 2567 90 48 FOR
767 2567 85 27 SALE,
864 2571 23 19 at
903 2569 43 21 60s.
965 2576 40 20 per
1021 2569 118 23 thousand.
1174 2570 77 27 Apply

722 2597 23 19 to
762 2594 21 22 J.
802 2594 94 28 Pimble,
908 2599 21 18 at
943 2594 38 23 the
998 2596 171 28 Sydney-street
1183 2597 68 22 Brick

662 2621 46 22 and
717 2621 47 22 Tile
781 2621 87 27 Works,
880 2625 24 18 at
913 2622 37 22 the
966 2630 50 14 rear
1026 2624 25 20 of
1063 2624 92 22 Colonel
1170 2624 80 22 Wake-

852 2649 71 22 field's
936 2649 123 23 residence.

729 2682 77 22 Terms
835 2683 53 22 cash
899 2691 27 14 on
938 2683 100 28 delivery
1048 2686 23 19 at
1082 2684 36 22 the
1128 2684 56 22 kiln.

664 2726 88 50 FOR
765 2727 86 26 SALE,
862 2728 30 27 by
901 2731 85 24 private
997 2731 106 25 contract,
1112 2728 86 28 horses,
1207 2730 44 22 and

736 2761 57 15 cows
810 2754 44 22 and
867 2754 82 23 heifers
965 2756 23 21 in
1004 2755 50 22 calf.
1082 2756 76 28 Apply
1167 2759 23 18 to
1206 2757 43 21 Mr.

663 2780 97 26 Revans,
777 2788 25 14 or
818 2785 22 18 to
854 2782 47 21 Mr.
917 2782 83 28 Hulke,
1019 2783 141 27 Cowpasture
1175 2784 73 27 Farm,

663 2807 82 22 Evans'
755 2808 55 27 Bay.

690 2841 146 28 Wellington)
847 2842 57 28 May
914 2843 32 26 17,
958 2844 61 21 1842.

903 2888 108 21 Notice.

664 2920 93 48 ALL
775 2920 139 23 PERSONS
935 2921 85 28 having
1036 2922 95 28 Agency
1148 2930 26 15 or
1188 2923 64 22 other
1260 2919 2 11 '

730 2947 100 22 business
846 2947 55 22 with
916 2948 45 22 Mr.
979 2949 21 21 J.
1016 2949 26 22 T.
1058 2950 136 27 Wicksteed,
1214 2958 38 15 are

663 2974 118 27 requested
787 2978 22 18 to
816 2975 67 27 apply
888 2977 23 19 to
917 2975 45 22 Mr.
969 2975 80 23 Alfred
1055 2976 103 28 Ludlam,
1170 2977 82 22 Willis-

663 3004 76 18 street.

690 3027 143 28 Wellington-,
845 3028 58 27 May
912 3031 19 24 %
944 3031 62 21 1842.

910 3082 13 14 A
939 3082 66 15 CARD.

665 3100 107 49 MRS.
783 3101 29 22 A.
827 3101 115 22 LOWE'S
958 3109 137 19 MILLINERY,
1111 3109 78 21 DRESS,
1206 3111 46 14 AND

743 3135 76 14 STRAW
829 3135 253 20 HAT7ESTABLISHMENT,
1094 3135 23 15 at
1125 3130 46 21 Mr.
1180 3130 71 22 Jabez

663 3153 94 28 Allen's,
768 3161 54 16 near
832 3153 125 24 Wakefield
973 3156 55 22 Club
1045 3155 84 29 House,
1141 3156 111 23 Lambton

663 3180 74 28 Quay.

853 3227 93 21 James
961 3228 100 26 Spiers,

664 3259 192 22 PROSPECT
877 3260 212 24 BOARDING
1111 3262 139 30 HOUSE,

747 3293 128 16 GUILDFORD
890 3295 108 21 TERRACE,
1011 3296 54 15 HILL
1080 3296 92 21 STREET,

718 3318 28 20 In
764 3318 36 21 the
817 3325 50 14 rear
885 3319 28 26 of
925 3321 43 19 Dr.
986 3320 88 21 Evans's
1088 3323 112 21 residence.

846 3353 74 15 TERMS
935 3354 130 15 MODERATE.

808 3390 143 23 CHARLES
966 3392 139 23 HARVEY.

873 3418 101 25 Tailor,
988 3420 54 23 &c.,

793 3444 115 26 Adjoining
922 3445 68 21 Kuvnv
1007 3446 49 21 Toto
1074 3448 50 21 P<n.

882 3484 156 18 WELLINGTON,

666 3502 107 50 BEGS
788 3505 23 19 to
826 3506 78 19 return
922 3503 80 22 thanks
1019 3508 23 18 to
1059 3506 35 21 the
1110 3510 82 24 gentry
1206 3507 43 21 and
1260 3511 2 24 j

742 3530 75 28 public
828 3530 24 21 of
860 3530 57 22 New
929 3530 97 23 Zealand
1035 3532 34 22 fov
1077 3533 36 21 the
1121 3538 92 22 support
1221 3533 28 23 he
1260 3539 2 22 j

665 3556 41 23 has
722 3556 102 23 received
838 3556 60 23 from
913 3557 61 22 tbeoi
989 3558 60 22 since
1063 3558 28 22 he
1106 3560 144 22 commenced
1260 3557 2 27 i

665 3584 109 27 business,
792 3584 45 21 and
856 3584 29 22 he
903 3591 84 15 :wsures
1004 3584 59 23 them
1080 3586 47 22 that
1143 3586 18 22 it
1179 3587 18 20 i.
1215 3587 34 22 Ins
1260 3587 2 30 ]

664 3611 113 22 intention
786 3613 24 20 to
819 3611 105 22 continue
937 3613 32 20 frit;
984 3614 59 20 most
1058 3617 114 18 strenuous
1187 3620 62 14 jxpv-
1260 3606 2 35 |

665 3638 60 22 tions
735 3641 23 18 to
767 3638 66 21 merit
842 3645 14 14 a
866 3638 148 22 coii'inuancti
1024 3639 25 21 of
1057 3638 54 24 theiv
1119 3643 126 24 patronage.
1260 3644 2 16 :

694 3666 24 21 C.
729 3665 29 22 H.
768 3664 62 23 takes
847 3665 44 22 this
912 3666 141 27 opportunity
1068 3666 25 21 of
1103 3667 83 24 stating
1204 3662 57 26 that!

665 3692 35 22 his
710 3692 63 22 stock
783 3692 94 22 consists
923 3699 12 14 a
945 3692 59 26 good
1013 3693 84 26 variety
1106 3693 25 23 of
1138 3693 109 27 superfine
1260 3699 2 19 ;

665 3719 79 27 cloths,
756 3718 110 28 doeskins,
882 3714 89 26 tv/ee<is.
986 3719 125 25 aioleskinb,
1124 3721 122 26 velveteen,
1260 3719 2 28 |

664 3746 58 28 pilot
736 3746 66 27 cloth,
814 3746 41 22 &c.
866 3746 48 22 &c.
988 3746 34 21 his
1033 3751 91 23 cMaige-.
1135 3748 46 24 (/'''*'
1202 3749 45 19 '"*#
1260 3748 2 24 !

664 3774 60 26 only)
734 3772 123 22 moderate.
1260 3767 2 35 j

859 3818 26 20 J.
899 3817 38 21 IS.
953 3817 106 25 Taylo-f,
1260 3805 2 44 |

679 3852 152 22 LICENSED
857 3850 132 22 CUSTOM-
994 3849 43 22 HO
1038 3850 9 12 T
1042 3850 52 21 JSF.
1119 3860 7 11 <
1142 3852 90 24 G*:,s:T,
1260 3855 2 17 I

914 3883 27 14 rr,
956 3883 52 14 ako.
1145 3880 5 23 ',
1260 3887 1 15 j

667 3922 123 50 SEEDS,
800 3921 38 21 the
847 3919 94 28 produce
960 3920 24 20 rr'
998 3923 36 18 *he
1051 3921 90 25 C'j.ouj,
1153 3918 28 24 ik-i
1205 3925 40 17 .',
1259 3925 2 15 ?

732 3952 23 19 at
764 3948 38 22 th
835 3947 94 22 Gaawtto
960 3946 75 21 C\^,.
1119 3943 3 3 '
1156 3951 6 24 ,
1260 3942 1 14 '

1278 694 40 19 To
1339 693 44 21 the
1404 693 167 26 Merchants,
1593 694 196 25 Ship-owners,
1807 693 53 25 &c,

1429 720 30 20 of
1470 720 67 21 Port
1550 720 160 21 Nicholson.

1276 750 105 48 TD.
1404 752 103 22 PRATT
1529 752 54 27 begs
1599 755 60 19 most
1674 752 146 27 respectfully
1837 754 23 19 to

1364 781 77 19 return
1456 778 36 22 his
1502 778 81 22 thanks
1600 779 35 21 for
1653 779 36 21 the
1703 779 89 21 favours
1809 785 52 15 con-

1338 804 73 23 ferred
1426 812 30 14 on
1471 805 54 27 him,
1536 806 66 20 while
1617 806 23 20 in
1658 805 140 34 partnership
1808 805 52 22 with

1277 831 42 22 Mr.
1331 831 25 22 T.
1366 832 84 27 Bevan,
1462 832 46 21 and
1516 832 54 26 begs
1580 835 22 18 to
1611 832 83 21 inform
1703 832 62 21 them
1774 830 49 23 that
1832 832 28 21 he

1276 858 17 21 is
1303 865 51 15 now
1362 858 180 27 manufacturing
1550 866 74 19 ropes,
1633 859 64 27 lines,
1707 859 75 25 twine,
1792 858 28 21 of
1831 858 29 21 all

1277 884 156 28 descriptions;
1449 889 59 17 mats
1521 885 25 21 of
1560 885 30 21 all
1606 886 63 26 sizes,
1689 886 40 20 &c.
1767 884 94 27 Fishing

1275 915 50 18 nets
1343 912 64 22 made
1425 912 44 22 and
1487 912 108 27 repaired,
1614 912 45 21 and
1677 919 67 19 every
1762 911 58 22 kind
1838 911 25 22 of

1275 938 77 22 article
1365 938 24 22 in
1404 938 39 22 the
1458 939 70 21 above
1545 939 53 27 line,
1616 938 30 22 all
1661 938 58 22 from
1734 938 56 22 New
1805 938 55 22 Zea-

1273 964 56 22 land
1344 964 51 28 flax,
1405 966 46 21 and
1465 973 31 14 on
1505 965 37 22 the
1552 968 59 19 most
1619 965 129 22 reasonable
1759 964 101 28 charges.

1277 998 42 22 No.
1336 1000 19 25 1,
1379 999 230 26 Molesworth-street,
1637 999 146 27 Wellington,
1808 998 53 22 Port

1393 1039 6 14 :
1501 1025 132 22 Nicholson.

1276 1072 50 46 A
1353 1070 130 27 HEWITT,
1496 1070 159 26 Fishmonger,
1667 1070 111 22 Lambton
1786 1072 72 26 Quay,

1357 1096 144 28 Wellington,
1508 1100 89 19 returns
1605 1097 35 22 his
1650 1097 85 22 sincere
1744 1097 84 22 thanks
1837 1101 23 18 to

1276 1123 37 22 the
1331 1123 136 22 inhabitants
1486 1124 27 21 of
1531 1124 45 21 this
1595 1124 85 27 Colony
1696 1124 35 21 for
1749 1124 39 21 the
1807 1131 53 20 very

1275 1150 78 22 liberal
1370 1153 91 25 support
1475 1150 30 21 he
1519 1150 41 21 has
1576 1150 97 21 hitherto
1687 1150 112 27 received,
1817 1151 44 22 and

1275 1177 54 27 begs
1339 1180 21 18 to
1369 1177 82 22 inform
1461 1177 62 22 them
1531 1177 50 21 that
1596 1176 27 22 he
1632 1177 40 21 has
1680 1177 65 22 made
1756 1185 105 19 arrange-

1275 1206 75 19 ments
1363 1203 34 22 for
1416 1211 14 14 a
1444 1206 103 19 constant
1562 1203 81 28 supply
1661 1204 26 21 of
1706 1203 37 22 the
1764 1204 97 22 choicest

1275 1230 102 22 varieties
1386 1230 26 21 of
1422 1230 48 27 fish,
1488 1230 73 22 which
1578 1231 27 20 he
1623 1230 137 27 confidently
1775 1237 86 16 recom-

1276 1257 79 22 mends
1363 1260 22 18 to
1395 1257 38 22 the
1442 1257 75 27 public
1526 1265 24 14 as
1557 1257 68 26 being
1633 1257 26 21 of
1668 1257 38 21 the
1713 1257 50 22 best
1767 1257 93 28 quality.

1304 1284 81 21 Orders
1393 1284 35 21 for
1437 1284 104 27 snipping
1549 1284 111 27 received,
1675 1283 45 22 and
1729 1284 133 28 punctually

1277 1310 105 22 attended
1391 1314 31 18 to.

1430 1344 98 15 OYSTERS
1543 1344 72 15 FRESH
1630 1345 77 14 DAILY.

1304 1369 63 26 Also,
1378 1376 13 14 a
1400 1369 80 27 supply
1490 1369 26 21 of
1529 1368 129 27 vegetables
1672 1368 61 22 fresh
1746 1369 67 22 from-
1823 1369 38 22 the

1277 1395 84 27 garden
1371 1395 67 27 daily.

1278 1442 82 47 W'
1384 1441 92 26 NEAL,
1498 1441 87 21 Watch
1607 1440 46 22 and
1672 1441 76 21 Clock
1765 1441 97 27 Maker,

1403 1468 55 26 begs
1475 1467 145 27 respectfully
1637 1472 22 16 to
1677 1467 83 22 inform
1776 1467 38 22 the
1828 1468 35 21 in-

1277 1494 112 22 habitants
1407 1494 26 21 of
1449 1494 53 21 Port
1509 1494 130 27 Nicholson,
1658 1489 151 34 &c.,fthathe
1823 1494 39 22 has

1278 1521 105 22 removed
1395 1521 35 22 his
1443 1521 101 21 business
1560 1521 50 21 S.E.
1623 1521 25 20 of
1659 1521 89 22 Messrs.
1759 1521 102 22 Bethune

1278 1548 46 22 and
1334 1548 114 26 Hunter's,
1459 1548 46 21 and
1514 1548 76 26 hopes,
1600 1548 31 26 by
1640 1548 62 21 strict
1711 1548 117 26 attention,
1840 1551 22 18 to

1279 1575 93 23 merit,.a
1388 1575 148 21 continuance
1552 1574 26 21 of
1593 1574 58 21 their
1666 1574 95 27 favours,
1780 1574 82 28 having

1279 1602 45 22 had
1332 1603 30 27 20,
1368 1601 71 27 years'
1449 1601 132 27 experience
1590 1601 24 21 in
1625 1601 101 21 London.

1306 1628 123 23 AlLrkinds
1444 1628 26 21 of
1481 1628 94 27 foreign,
1592 1627 89 28 British,
1698 1627 101 28 musical,
1818 1628 45 21 and

1278 1656 115 27 repeating
1398 1655 97 22 watches
1501 1656 44 20 and
1554 1655 83 26 clocks,
1644 1654 45 22 and
1697 1655 165 22 chronometers

1279 1682 93 23 cleaned
1381 1681 45 22 and
1434 1681 108 27 repaired.

1386 1714 58 21 N.B.
1474 1713 97 22 Musical
1579 1714 70 21 boxes
1658 1713 108 27 repaired.

1280 1760 40 20 To
1330 1759 44 21 the
1385 1759 160 20 Mercantile
1557 1759 54 20 and
1627 1758 132 27 Shipping
1774 1759 88 20 Inter-

1376 1803 3 3 .
1400 1787 56 19 ests
1468 1785 30 21 of
1510 1786 66 20 Port
1584 1785 158 21 Nicholson.

1280 1819 156 34 rpHOMAS
1452 1818 107 23 BEVAN
1576 1818 47 22 and
1638 1818 81 26 SONS,
1731 1818 57 22 New
1806 1819 57 22 Zea-

1287 1841 30 28 JL
1341 1854 58 14 LAND
1419 1853 57 14 ROPE
1496 1853 44 14 AND
1561 1853 74 14 TWINE
1659 1852 202 20 MANUFACTURERS,

1280 1873 42 27 beg
1337 1876 22 19 to
1367 1874 82 21 inform
1459 1872 58 23 their
1525 1872 84 22 friends
1622 1872 44 22 and
1675 1872 37 21 the
1722 1872 82 27 public,
1816 1872 47 22 that

1279 1900 53 27 they
1341 1900 56 22 have
1412 1900 107 21 removed
1534 1903 23 18 to
1572 1899 58 22 their
1646 1907 50 14 new
1710 1900 108 26 premises
1834 1907 27 14 on

1280 1927 186 27 Lambton-quay,
1482 1933 78 15 corner
1576 1926 25 21 of
1618 1926 156 27 Willis-street,
1789 1926 74 22 where

1256 1960 1 13 >,
1279 1961 74 25 every,
1357 1954 74 21 article
1440 1954 23 21 in
1471 1953 39 22 the
1519 1954 70 21 above
1599 1952 73 23 trades
1681 1961 52 19 may
1741 1953 30 22 be
1780 1952 45 23 had
1835 1960 28 15 on

1272 1976 148 27 ,tb&,rfi/3cost
1429 1980 82 22 notice.

1306 2006 91 28 Fishing
1405 2011 56 22 nets,
1472 2009 64 24 mats,
1547 2006 50 26 &c,
1607 2005 65 22 made
1682 2005 45 22 and
1736 2006 109 27 repaired.

1305 2041 27 21 T.
1341 2041 24 21 B.
1377 2040 46 22 and
1432 2041 56 21 Sons
1498 2047 36 14 are
1542 2039 69 28 ready
1622 2042 22 19 to
1653 2039 124 22 undertake
1785 2042 78 25 export

1279 2067 76 22 orders
1364 2070 22 19 to
1395 2074 45 20 any
1449 2070 83 23 extent,
1544 2074 30 14 on
1583 2067 130 21 reasonable
1723 2070 76 18 terms.

1305 2103 127 22 November
1440 2104 33 25 30,
1487 2103 59 21 1841.

1281 2149 43 31 f^i
1334 2140 106 29 EOR'GE
1449 2147 129 22 WATERS
1587 2147 55 26 begs
1651 2149 22 19 to
1681 2146 84 22 inform
1775 2146 39 22 the
1825 2146 38 22 In-

1281 2173 53 24 UT
1346 2175 110 21 habitants
1473 2175 26 21 of
1511 2174 53 22 Port
1579 2173 129 26 Nicholson,
1719 2173 49 21 that
1783 2173 29 21 he
1824 2172 39 22 has

1276 2203 48 26 just
1339 2201 141 22 commenced
1491 2201 99 21 business
1606 2208 24 14 as
1645 2207 86 20 house;-
1741 2207 61 18 sign,
1820 2199 43 22 and

1280 2236 154 14 ORNAMENTAL
1445 2235 106 19 PAINTER,
1563 2227 44 22 and
1619 2234 104 14 GLAZIER.
1752 2227 40 21 All
1798 2226 66 22 kinds

1279 2255 26 22 of
1320 2255 72 22 woods
1409 2255 45 21 and
1467 2255 96 21 marbles
1578 2253 108 27 imitated,
1704 2254 39 21 &c.
1750 2261 7 20 ;
1776 2253 45 22 and
1835 2253 28 22 he

1279 2282 55 21 feels
1351 2281 110 22 confident
1472 2281 47 21 that
1528 2281 38 21 the
1581 2281 72 27 prices
1664 2280 44 22 and
1723 2280 141 27 punctuality

1280 2309 52 22 with
1348 2309 71 21 which
1434 2309 100 21 business
1548 2308 46 21 will
1606 2308 29 22 be
1650 2307 105 21 attended
1774 2310 30 23 to,
1820 2307 44 21 will

1280 2343 79 14 ensure
1368 2336 46 21 him
1424 2343 13 14 a
1445 2335 83 22 second
1537 2335 49 22 trial
1596 2335 29 27 by
1635 2335 30 21 all
1671 2334 48 22 who
1729 2334 80 22 favour
1818 2333 45 22 him

1278 2363 54 22 with
1341 2363 37 21 the
1387 2363 56 20 first.

1307 2390 60 21 Near
1377 2389 44 22 Mr.
1438 2388 144 28 Catchpool's,
1599 2388 161 22 Dixon-street.
1771 2388 33 22 Te
1817 2387 46 23 Aro

1280 2417 58 21 Flat.
1532 2425 9 7 -

1445 2462 90 20 Beach
1548 2462 145 25 Frontage.

1281 2497 68 32 rpO
1359 2496 37 21 BE
1411 2496 87 26 SOLD,
1505 2496 24 21 in
1537 2495 44 22 lots
1592 2495 26 21 of
1623 2498 40 18 not
1671 2495 44 21 less
1721 2494 55 22 than
1786 2496 28 20 20
1820 2494 45 22 feet

1288 2516 30 29 X
1367 2523 23 22 in
1408 2523 102 26 breadth,
1529 2523 37 21 the
1586 2521 72 23 whole
1676 2521 26 22 of
1722 2521 38 21 the
1780 2522 85 21 section

1280 2550 44 22 No.
1331 2551 39 21 485
1381 2557 29 14 on
1420 2550 37 21 the
1465 2550 55 21 Plan
1530 2549 25 22 of
1560 2549 38 21 the
1607 2549 68 21 Town
1686 2548 26 22 of
1717 2548 146 27 Wellington,

1279 2577 83 27 having
1371 2577 111 27 frontages
1492 2584 59 20 upon
1563 2576 180 27 Lambton-quay
1748 2575 47 21 and
1805 2582 58 20 upon

1280 2604 239 27 Wellington-terrace.
1548 2602 111 23 One-half
1671 2603 22 21 of
1708 2602 37 22 the
1755 2602 109 27 purchase

1282 2639 79 19 money
1368 2631 44 22 will
1421 2631 28 22 be
1454 2630 94 22 allowed
1559 2633 22 18 to
1586 2629 86 22 remain
1679 2636 60 19 upon
1749 2633 115 23 mortgage

1281 2658 34 21 for
1324 2658 42 21 five
1376 2665 70 20 years,
1462 2661 24 18 at
1502 2659 25 20 10
1541 2664 41 20 per
1596 2660 58 18 cent.
1682 2657 78 20 Terms
1770 2663 53 20 may
1837 2657 27 20 be

1280 2685 89 22 learned
1381 2692 28 15 on
1419 2684 134 28 application
1564 2688 22 17 to

1546 2718 101 22 Hanson
1662 2716 44 22 and
1720 2717 117 21 Alzdorf.

1416 2764 86 20 Town
1516 2763 78 21 Land
1604 2762 43 20 for
1662 2762 67 20 Sale.

1284 2798 89 50 THE
1387 2797 72 22 whole
1476 2797 26 21 of
1516 2799 59 19 town
1585 2796 95 22 sections
1695 2795 53 22 Nos.
1759 2795 49 27 285,
1820 2796 45 26 106,

1357 2824 43 22 and
1417 2825 46 26 878,
1475 2823 45 22 and
1533 2826 51 24 part
1593 2823 26 21 of
1632 2826 60 18 town
1706 2822 99 21 sections
1818 2823 47 25 204,

1282 2853 47 25 248,
1341 2851 43 22 and
1397 2852 42 20 528
1454 2858 38 14 are
1506 2850 82 22 offered
1597 2850 35 21 for
1641 2849 52 22 sale.
1722 2848 60 23 Half
1793 2848 26 22 of
1830 2849 37 21 the

1281 2879 107 28 purchase
1404 2885 83 20 money
1496 2881 23 17 to
1527 2876 87 22 remain
1626 2883 28 15 on
1670 2879 122 24 mortgage,
1804 2878 23 19 at
1840 2878 27 19 10

1282 2913 40 22 per
1331 2909 56 19 cent.
1416 2905 44 21 For
1468 2904 138 29 particulars,
1618 2902 64 29 apply
1693 2907 22 18 to

1550 2937 101 22 Hanson
1664 2937 44 22 and
1722 2936 118 22 Alzdorf.

1395 2989 123 26 Country
1532 2988 78 21 Land
1625 2987 42 21 for
1680 2987 68 21 Sale.

1284 3024 68 49 TO
1364 3023 38 22 BE
1418 3022 78 23 SOLD
1513 3022 35 22 IN
1564 3021 83 27 LOTS,
1662 3024 22 19 to
1701 3020 44 23 suit
1759 3020 39 22 the
1815 3027 53 15 con-

1357 3050 107 22 venience
1474 3050 26 21 of
1506 3048 138 28 purchasers,
1653 3048 43 21 No.
1704 3049 13 20 3
1726 3048 24 21 in
1760 3047 39 22 the
1809 3050 58 19 town

1283 3078 89 26 district,
1383 3077 43 22 No.
1436 3078 29 20 44
1472 3077 25 21 in
1506 3076 37 22 the
1558 3075 61 22 Hutt
1628 3075 91 26 district,
1731 3074 45 22 arid
1786 3074 44 22 No.
1840 3076 27 19 68

1282 3105 24 21 in
1322 3104 37 22 the
1377 3104 92 22 Porirua
1488 3103 86 22 district
1581 3110 5 14 :
1602 3102 51 22 half
1663 3102 25 21 of
1704 3098 37 25 the
1757 3100 110 28 purchase

1283 3138 81 21 money
1371 3131 46 22 will
1430 3131 28 21 be
1468 3129 94 23 allowed
1576 3132 23 19 to
1607 3128 86 23 remain
1704 3135 29 14 on
1742 3126 133 33 mortgage^

1283 3163 23 18 at
1315 3160 27 20 10
1350 3165 37 20 per
1397 3161 58 19 cent.
1484 3157 45 22 For
1537 3156 138 28 particulars,
1687 3155 65 28 apply
1762 3158 24 18 to
1856 3172 5 2 .

1551 3191 100 21 Hanson
1663 3189 45 22 and
1722 3189 117 22 Alzdorf.

1284 3238 67 49 TO
1364 3238 38 21 BE
1499 3236 39 23 the
1557 3239 62 18 town
1637 3242 50 15 acre
1703 3234 45 22 No.
1759 3236 52 25 210,
1836 3241 29 15 on

1355 3264 101 28 building
1465 3264 67 26 lease,
1540 3263 37 22 for
1585 3263 103 22 fourteen
1699 3269 72 20 years.

1308 3292 34 22 To
1351 3291 26 22 be
1386 3292 33 21 let
1426 3299 25 14 or
1459 3291 56 27 sold,
1526 3290 38 22 the
1574 3293 60 19 town
1642 3296 50 15 acre
1702 3288 43 23 No.
1757 3290 50 21 642.

1605 3323 31 22 A.
1651 3322 105 27 Ludlam,

1678 3349 72 22 Willi3
1760 3349 79 22 Street.

1300 3399 86 20 Town
1400 3397 56 20 and
1470 3397 124 24 Country
1607 3396 77 20 Land
1699 3396 28 19 to
1742 3395 36 20 be
1793 3394 56 21 Let.

1285 3430 164 30 SECTIONS
1465 3429 47 22 and
1526 3429 101 26 portions
1643 3428 26 22 of
1682 3427 101 23 Sections
1799 3426 24 22 in
1837 3424 30 22 all

1284 3460 33 20 i.J
1352 3460 59 25 parts
1428 3457 26 22 of
1468 3456 38 22 the
1524 3455 71 23 Town
1613 3455 27 21 of
1655 3455 146 26 Wellington,
1820 3452 46 21 also

1282 3486 98 26 Country
1390 3484 101 22 Sections
1504 3483 25 21 in
1538 3483 50 24 the.
1593 3481 96 23 districts
1706 3481 26 21 of
1743 3480 40 22 the
1800 3478 65 27 Hutt,

1262 3511 4 24 i
1281 3513 38 20 The
1332 3511 89 27 Karori,
1433 3510 36 22 the
1480 3509 77 27 Ohiro,
1569 3509 46 22 and
1626 3509 39 21 the
1673 3507 100 23 Porirua.
1802 3507 65 25 Long

1263 3537 3 24 I
1282 3540 70 21 biases
1361 3538 25 22 of
1392 3537 38 23 the
1447 3539 94 24 country
1550 3535 55 23 land
1621 3535 46 23 will
1680 3535 29 21 be
1723 3532 97 28 granted
1837 3539 30 14 on

1263 3577 3 7 >
1282 3574 3 10 i
1293 3565 116 22 uasonable
1421 3568 75 18 terms.
1524 3563 45 23 For
1578 3561 130 30 particulars
1717 3559 68 28 apply
1793 3562 25 18 to

1262 3605 4 17 !
1307 3599 97 21 Hanson
1416 3598 45 21 and
1475 3598 117 26 Alzdorf,
1601 3593 199 27 Thorndon-quay,
1811 3599 23 14 or
1843 3594 24 19 to

1261 3624 5 26 !
1307 3626 94 22 Robert
1412 3626 93 25 Stokes,
1517 3623 64 22 Land
1596 3622 110 25 Surveyor
1722 3619 45 22 and
1781 3619 84 27 Agent,

1261 3654 5 15 :
1464 3649 216 23 Woolcomb-street.

1261 3680 5 38 !
1283 3697 77 21 j'ORT
1381 3693 182 26 NICHOLSON
1592 3692 68 22 AND
1682 3690 186 23 WANGANUI.

1261 3719 5 28 f
1392 3722 92 22 Lands
1494 3723 28 19 to
1532 3721 34 21 be
1577 3720 50 20 Let
1637 3725 29 14 or
1676 3719 72 20 Sold.

1285 3748 160 32 IIEVeRAL
1465 3755 69 22 Town
1552 3753 46 22 and
1611 3753 100 27 Country
1729 3751 97 23 sections
1843 3751 25 23 in

1261 3775 4 27 i
1282 3778 33 29 C)
1345 3782 45 26 the,'
1395 3783 59 24 Eort-
1457 3780 126 23 Nicholson
1599 3779 90 28 district,
1705 3779 45 22 and
1768 3779 101 28 Country

1261 3805 4 36 I
1280 3809 96 25 suctions
1381 3805 71 28 Msfie
1461 3807 129 27 Wanganui
1599 3807 91 26 district,
1701 3806 52 22 with
1763 3806 39 21 the
1811 3805 58 28 right

1280 3837 25 21 of
1307 3839 3 11 1
1325 3836 72 28 early,,
1401 3835 92 25 .choices
1512 3834 81 27 (under
1609 3834 35 26 14)
1663 3834 25 21 of
1707 3833 37 22 the
1760 3833 108 22 intended

1261 3856 3 29 i
1280 3856 185 41 to^s^lnre,
1473 3865 24 18 to
1501 3862 28 21 be
1535 3861 49 22 sold
1591 3867 25 15 or
1622 3860 38 22 let.
1688 3860 45 22 For
1738 3859 131 28 particulars

1260 3887 5 15 1
1277 3883 139 35 M&fc4nns,'
1420 3888 66 29 apply
1497 3891 22 18 to

1259 3925 5 15 }
1308 3925 11 10 .'
1359 3919 2 22 |
1465 3916 94 21 Robert
1573 3914 28 21 R.
1617 3913 99 28 Strang,
1731 3913 109 23 Solicitor.

1260 3942 3 14 '
1273 3966 4 3 .
1305 3942 153 40 Wellington*.
1462 3942 59 22 Nov.
1530 3942 34 26 25,
1576 3941 57 22 1841.

130 708 54 21 For
198 706 105 21 Nelson
318 703 54 20 and
386 698 146 23 Taranaki.

175 743 30 19 To
214 740 42 20 sail
264 745 27 14 on
302 735 129 25 Wednesday
440 734 54 25 nest,

193 775 91 29 rpHE
325 772 51 22 well
417 771 83 21 known
543 769 85 26 clipper

72 794 96 37 J^pL
200 794 29 31 JL
267 800 108 23 schooner
392 800 64 22 Kate,
474 797 29 22 G.
520 795 27 23 E.
563 795 64 23 Read

207 827 154 26 commander;
377 825 40 22 has
435 825 37 21 the
482 825 87 26 greater
577 825 51 29 part

40 849 151 38 -ipS^jg
207 856 24 21 of
237 856 41 21 her
283 861 64 19 cargo
355 852 108 28 engaged.
492 851 44 21 For
545 849 83 27 freight

40 875 152 38 jgfi^!o
209 890 23 14 or
247 888 99 20 passage,
363 879 66 28 apply
440 882 23 18 to
480 878 37 21 the
534 877 91 27 Captain

209 917 29 14 on
243 908 80 26 board,
334 914 24 15 or
368 910 22 18 to

372 933 36 22 W.
424 933 174 22 FITZHERBERT.

63 967 31 21 Te
105 966 54 26 Aro,
172 964 59 22 June
241 962 34 27 17,
287 962 60 22 1842.

82 1012 53 20 For
149 1010 107 21 Nelson
270 1007 55 21 and
339 1006 70 20 New
423 1002 155 27 Plymouth.

38 1047 29 19 To
78 1046 22 19 be
109 1043 126 27 despatched
243 1042 43 25 for
296 1041 34 20 the
339 1040 61 20 above
410 1039 63 25 ports
486 1035 140 25 immediately

173 1077 26 14 on
209 1071 37 18 her
256 1070 74 18 return
332 1066 62 26 from
403 1065 87 24 Nelson,

76 1101 72 27 JtfiL
203 1103 115 30 rpHAT
327 1103 45 22 fine
379 1102 44 22 fast
429 1101 80 26 sailing
518 1100 108 22 schooner

210 1124 30 31 J_
277 1131 118 25 Elizabeth,
407 1131 28 20 60
450 1131 56 23 tons,
519 1126 22 22 J.
553 1126 71 22 Smith

64 1151 132 37 f^Fftf'Sijg'
216 1162 90 24 master,
323 1157 39 22 has
377 1155 105 29 splendid
501 1160 125 16 accommo-

218 1186 76 21 dation
329 1185 36 21 for
400 1188 139 22 passengers.
583 1180 43 21 For

42 1204 160 38 TtotS?CT
217 1212 83 28 freight
309 1218 26 15 or
342 1217 101 22 passage,
455 1208 65 28 apply
529 1210 24 18 to

174 1247 125 27 Wallace,
311 1246 92 25 White,
416 1243 45 22 and
475 1242 123 21 Wallace.

66 1277 59 21 June
137 1277 34 24 11,
184 1270 64 26 1842.'
261 1279 8 14 i

38 1329 52 20 For
102 1324 150 24 Auckland
266 1322 56 21 and
336 1322 45 20 the
391 1321 60 25 Bay
466 1319 30 21 of
508 1318 118 21 Islands.

200 1355 99 30 npHE,
320 1354 22 21 A
362 1355 19 23 1,
405 1353 110 21 schooner
539 1352 89 19 Thomas

78 1374 83 27 agEa.
207 1377 29 27 X
271 1383 66 24 Crisp,
349 1381 40 21 175
400 1383 57 23 tons,
469 1378 44 22 will
522 1378 63 21 leave
596 1378 32 21 for

50 1400 139 38 Js|fes\i
214 1409 37 22 the
270 1406 166 24 above-named
452 1406 74 26 places
546 1412 28 14 on
590 1404 36 21 the

214 1436 52 22 20th
275 1436 89 21 instant.
393 1434 45 21 For
447 1432 82 27 freight
538 1439 25 14 or
578 1439 50 19 pas-

42 1456 57 37 fEfi
105 1456 90 32 WpSpfe
214 1470 59 20 sage,
289 1461 65 27 apply
365 1465 21 17 to
402 1459 93 28 Captain
510 1458 82 26 Beard,
606 1465 23 14 or

226 1497 11 14 0
254 1490 16 22 cc
272 1496 13 14 a
285 1488 61 28 ptain
365 1487 98 26 Salmon,
481 1489 23 18 at
521 1485 55 27 Hay
585 1484 44 22 and

216 1515 150 23 Machattie's.

269 1561 53 20 For
332 1559 69 24 Sale,

74 1592 60 31 rgjg,
165 1592 99 31 rpiHE
294 1590 49 23 well
372 1590 91 26 known,
488 1588 140 27 fast-sailing,

66 1620 101 28 ffiKr>'
177 1612 24 29 -I
236 1621 72 20 cutter
325 1618 68 25 Royal
412 1618 101 23 William,
532 1617 28 20 43
579 1619 50 18 tons

59 1637 98 40 Jfagfcjg
212 1646 99 26 register,
327 1644 54 23 with
396 1644 30 21 all
444 1644 40 21 her
501 1647 76 22 stores,
590 1642 38 22 &c.

48 1665 112 37 l^gi|ggif
182 1673 40 21 &c.
239 1674 40 20 &c.
308 1672 69 21 Stows
393 1678 14 14 a
418 1671 62 26 large
496 1677 74 19 cargo,
586 1668 45 23 and

181 1699 78 22 makes
275 1706 29 20 up
319 1698 50 21 four
384 1697 77 22 berths
474 1697 23 21 in
510 1696 36 22 the
558 1696 72 21 cabin.

45 1727 42 21 She
101 1726 42 22 has
151 1726 84 28 proved
244 1724 86 23 herself
341 1732 13 14 a
365 1724 59 26 good
435 1731 38 14 sea
485 1724 61 26 boat,
558 1722 45 22 and
612 1722 18 22 is

43 1754 47 21 well
106 1753 96 27 adapted
217 1753 34 21 for
265 1752 89 26 trading
369 1752 101 21 between
487 1750 38 21 the
541 1750 89 21 various

43 1780 138 22 settlements
192 1787 29 14 on
230 1779 38 22 the
280 1782 61 18 coast
349 1778 27 21 of
387 1778 56 21 New
454 1776 108 23 Zealand.

69 1815 44 21 For
121 1814 87 21 further
216 1813 137 28 particulars,
365 1812 68 27 apply
443 1815 23 18 to

255 1847 22 22 J.
288 1847 34 22 M.
331 1847 102 25 Taylor,
445 1845 157 28 Ship-Broker,

367 1874 31 21 Te
411 1873 55 21 Aro.

94 1921 54 20 For
167 1920 60 20 Sale
248 1921 29 19 at
298 1919 45 20 the
367 1917 106 21 Nelson
492 1917 84 25 Dairy

322 1946 28 20 at

222 1972 105 21 Nelson
340 1972 104 21 Haven.

45 2011 66 24 Ofk
127 2005 87 24 Ca>WS
222 2004 41 22 IN
278 2004 86 26 CALF,
371 2005 12 10 <>
392 2011 6 4 -

42 2032 69 28 ij\J
141 2034 27 20 30
180 2031 82 22 heifers
271 2031 24 21 in
305 2030 51 27 calf,

141 2060 27 20 50
181 2065 76 20 young
268 2057 87 27 heifers,

94 2088 15 19 4
122 2084 113 23 half-bred
244 2084 102 22 Durham
357 2083 65 27 bulls,

96 2115 24 20 11
137 2116 76 22 steers,

95 2142 14 19 6
124 2138 100 27 working
231 2138 109 26 bullocks,

95 2168 15 20 4
123 2166 65 22 stock
196 2166 83 25 horses,

97 2195 40 20 100
153 2199 64 19 ewes,

97 2221 28 21 50
139 2219 101 22 wethers.

69 2247 47 22 The
132 2246 71 21 above
218 2253 37 14 are
269 2245 57 22 from
341 2244 41 22 Dr.
393 2244 94 26 Imlay's
504 2243 127 22 celebrated

45 2274 59 22 stock
114 2277 23 18 at
148 2272 99 23 Twofold
260 2272 56 27 Bay.
344 2271 48 22 The
403 2271 67 21 cattle
485 2278 37 14 are
532 2270 39 22 the
583 2270 49 22 best

45 2301 59 26 bred,
115 2300 58 21 have
184 2300 56 21 been
250 2298 86 22 landed
344 2298 23 21 in
380 2298 38 21 the
429 2298 66 21 finest
505 2297 71 26 order,
588 2297 43 22 and

45 2328 56 22 from
110 2327 38 21 the
162 2327 50 21 best
222 2326 105 21 selection
336 2326 24 21 of
367 2332 43 20 any
416 2324 33 22 lot
457 2328 39 23 yet
504 2324 98 27 brought
611 2328 20 17 to

46 2356 53 21 New
110 2353 107 23 Zealand.
247 2352 45 23 For
297 2352 137 28 particulars,
446 2351 65 27 apply
521 2354 22 19 to

232 2387 22 21 S.
269 2386 101 27 Revans,
387 2385 145 27 Wellington,
544 2392 25 14 or

232 2413 30 22 D.
273 2413 146 25 Drummond,
431 2412 85 22 Nelson
528 2411 88 22 Haven.

112 2460 44 20 Ex
328 2458 55 20 and

51 2491 161 24 TOHNSON
222 2490 46 22 and
278 2490 111 22 MOORE
398 2490 59 22 have
464 2490 48 27 just
521 2489 108 27 received,

46 2514 24 28 l
107 2519 56 23 New
175 2518 43 22 and
226 2517 138 23 fashionable
374 2517 43 21 silk
431 2517 103 27 bonnets,
548 2516 83 22 bonnet

45 2554 56 21 caps,
112 2546 46 22 and
167 2550 64 17 straw
241 2545 103 26 bonnets,

72 2574 140 21 Artificial
227 2578 105 15 flowers
346 2578 45 14 and
407 2578 116 19 wreaths,

72 2600 107 26 Ribbons,
195 2598 106 27 galloons,
317 2605 52 15 silk
382 2605 47 14 and
444 2604 107 15 worsted
566 2604 65 15 bind-

47 2635 57 18 ings,

73 2654 103 22 Persian
192 2660 45 14 and
253 2658 87 15 glazed
356 2658 80 14 calico
447 2658 103 20 linings,

73 2679 88 23 Ladies'
178 2677 158 23 tortoise-shell
351 2677 47 23 side
413 2678 83 27 combs,
512 2678 46 22 fine
571 2677 61 23 teeth

47 2707 80 26 combs,
265 2717 41 20 '.*-

72 2734 101 22 Infants
188 2731 189 28 worsted/boots
391 2739 47 14 and
454 2739 74 19 socks,

72 2760 87 23 Tinn'd
174 2766 77 19 tacks,
267 2766 37 14 pit
320 2766 47 14 saw
381 2766 71 19 files,
466 2759 33 26 pit
514 2758 46 22 and
574 2766 59 14 cross

47 2791 37 18 cut
92 2794 64 19 saws,
168 2785 68 23 coffee
247 2785 44 22 and
299 2785 59 28 spice
369 2785 66 26 mills,

74 2814 108 22 Cottage
197 2820 94 18 grates,
300 2812 89 21 various
396 2815 105 24 patterns,
513 2813 42 21 &c.

74 2841 69 21 Stone
153 2846 59 15 ware
221 2839 22 21 in
253 2838 103 27 pitchers,
365 2838 89 27 bottles,
466 2839 42 21 and
516 2839 54 28 jars,

74 2867 60 22 Fine
150 2872 73 16 black
236 2872 44 15 tea
295 2865 24 21 in
335 2866 11 24 J
363 2864 80 27 chests,
459 2865 73 22 butter
544 2866 25 21 in
585 2865 51 23 half

46 2894 81 26 firkins,

73 2921 54 21 Best
135 2919 78 27 coffee,
224 2918 103 26 Manilla,
336 2918 66 27 Siam,
412 2918 45 22 and
466 2919 86 21 refined
561 2926 70 21 sugar,

73 2947 75 22 Patna
155 2946 54 27 rice,
219 2945 85 27 raisins,
315 2945 48 27 &c,

74 2975 76 26 Cheap
158 2973 47 22 rice
214 2973 35 21 for
256 2972 95 28 poultry.

47 3009 189 26 Lambton-quay,
248 3006 56 27 May
314 3007 32 25 14,
358 3007 61 21 1842.

50 3087 89 31 rpHE
153 3084 153 28 undersigned
319 3084 41 22 has
372 3085 49 27 just
437 3085 103 22 received
556 3093 14 14 a
579 3093 52 14 con-

56 3107 27 28 X
121 3114 114 27 signment
252 3112 27 21 of
295 3118 62 21 maps
376 3111 46 22 and
441 3112 73 21 charts
532 3112 59 22 from
610 3112 21 22 J.

50 3140 89 28 Wyld's,
163 3140 98 26 Charing
284 3139 72 26 Cross,
381 3138 146 28 Geographer
550 3142 22 18 to
596 3139 36 22 the

50 3168 82 26 Queen,
144 3167 35 22 viz
187 3175 4 14 :

75 3194 72 28 Large
156 3198 44 18 two
210 3194 63 23 sheet
282 3199 52 20 map
344 3192 26 21 of
376 3191 58 22 New
443 3191 107 28 Zealand,

75 3222 49 21 One
134 3221 64 22 sheet
207 3228 52 20 map
269 3220 27 21 of
301 3219 57 22 New
367 3218 108 27 Zealand,

76 3248 105 22 Chaffers'
198 3248 63 22 chart
277 3246 26 23 of
318 3246 79 22 Cook's
417 3246 86 27 Straits,
521 3245 55 22 with
595 3245 38 22 the

47 3273 66 24 latest
122 3274 118 27 additions,

76 3301 105 23 Chaffers'
191 3302 63 22 chart
262 3300 27 23 of
295 3300 53 23 Port
357 3299 132 29 Nicholson,

75 3328 24 22 M
102 3329 105 22 creator's
216 3328 64 23 chart
289 3328 25 21 of
325 3326 125 32 the^world,
462 3326 40 22 &c.
513 3326 41 22 &c.
565 3326 40 22 &c.

404 3360 112 22 William
531 3359 74 22 Lyon.

47 3393 83 23 Corner
140 3393 25 22 of
172 3393 152 22 Willis-street
332 3392 45 22 and
388 3392 191 27 Lambton-quay.

220 3419 80 22 March
309 3420 21 26 8,
339 3420 63 21 1842.

48 3465 70 49 ON
134 3464 80 23 SALE
227 3464 32 26 by
273 3464 38 22 the
326 3464 157 28 undersigned,
501 3472 29 14 ex
546 3465 88 21 London

124 3492 46 22 and
179 3491 45 22 late
234 3491 60 28 ships

73 3520 40 21 400
127 3518 55 28 kegs
191 3518 73 28 paints
274 3518 46 22 and
329 3518 92 28 colours,

73 3547 13 19 9
99 3548 73 20 crates
181 3544 157 28 earthenware,

69 3573 30 21 20
114 3572 65 22 casks
188 3572 123 27 glassware)

73 3598 50 28 Tar,
133 3598 70 28 pitch,
214 3598 47 22 and
269 3598 96 28 varnish,

379 3625 47 22 and
436 3626 171 29 confectionery.

332 3660 17 18 &
400 3660 91 28 Wjllis
506 3661 47 22 and
567 3661 40 22 Co.

219 3704 90 26 Cheap
325 3704 138 28 Clothing.

50 3737 189 24 /COMPLETE
253 3737 86 23 SUITS
353 3737 27 22 of
391 3739 78 27 neatly
480 3739 66 22 made
565 3740 69 22 Gam-

51 3768 38 17 v>
126 3765 70 22 broon
216 3764 91 27 clothes,
327 3767 23 19 at
367 3764 59 22 from
445 3766 34 23 3
497 3770 24 18 to
539 3767 35 24 3
593 3768 39 26 55.,

49 3791 113 28 according
172 3795 23 19 to
205 3792 52 22 size.

228 3819 28 22 E.
272 3819 126 26 Stafford,
413 3818 83 28 Tailor,

287 3852 62 22 Near
360 3851 140 28 Wellington
509 3853 96 23 Tavern.

73 3876 54 30 May
135 3879 35 27 27,
182 3880 61 22 1842.

52 3921 82 24 TUST
149 3923 133 27 OPENED,
290 3923 84 24 and.on
384 3923 52 23 Sale
445 3927 24 19 at
478 3923 38 23 the
527 3924 72 22 Office
610 3925 27 21 of

47 3952 24 18 v
105 3949 46 24 Ibis
158 3950 80 29 BapeTi
247 3950 41 24 ink
298 3951 78 24 gtandt
385 3951 26 22 of
417 3957 90 17 tkkom
516 3951 65 23 riroi.

1966 694 141 26 Building.
2112 694 170 21 Allotments
2295 696 30 19 to
2338 696 60 21 Let.

1893 726 89 34 rpHE
2000 726 200 22 ADVERTISER
2214 726 66 22 offers
2294 734 60 19 upon
2369 726 108 27 Building

1900 748 29 26 JL
1965 753 89 26 Leases,
2066 760 14 14 a
2088 753 95 21 number
2192 753 27 21 of
2228 753 71 22 Town
2307 753 137 22 Allotments
2451 753 28 22 in.

1891 779 38 22 the
1938 783 58 18 most
2005 779 109 23 desirable
2123 783 60 24 parts
2192 779 26 22 of
2228 779 45 22 this
2282 779 139 23 Settlement.

1918 806 46 22 The
1983 807 111 21 attention
2110 807 26 21 of
2152 806 38 22 the
2206 806 76 27 public
2299 807 18 21 is
2331 806 145 28 particularly

1891 832 71 22 called
1980 836 23 18 to
2022 833 38 21 the
2079 833 122 26 advantage
2221 833 27 21 of
2264 833 105 27 Building
2385 833 90 27 Leases,

1890 859 72 22 which
1973 859 36 22 the
2018 859 151 28 undersigned
2177 861 20 20 is
2207 859 96 22 enabled
2311 863 23 19 to
2343 863 73 23 grant,
2423 859 52 28 viz.,

1890 886 58 22 from
1957 893 66 15 seven
2035 889 23 18 to
2075 889 137 24 twenty-one
2228 894 73 19 years,
2319 886 119 27 according
2453 889 23 19 to

1890 913 38 21 the
1947 913 65 21 value
2030 913 27 21 of
2076 913 38 21 the
2137 913 112 26 buildings
2270 913 110 28 proposed
2402 916 23 18 to
2447 913 29 22 be

1891 939 96 23 erected.
2015 939 78 28 Apply
2103 942 22 18 to

2052 973 30 22 A.
2097 973 105 27 Ludlam,
2216 980 25 15 or

2051 1007 36 23 W.
2102 1007 29 22 V.
2146 1007 107 27 Brewer,
2268 1007 193 23 Manners-street.

1891 1052 86 20 Town
2000 1052 56 21 and
2080 1052 121 25 Country
2222 1051 78 21 Land
2320 1053 28 19 to
2369 1051 52 21 Let
2441 1056 35 16 on

2080 1079 78 26 Long
2178 1079 109 21 Leases.

1891 1112 99 49 NOS.
2007 1112 25 21 of
2047 1112 39 21 the
2105 1115 58 18 town
2183 1119 61 14 acres
2265 1119 28 14 on
2309 1111 38 22 the
2366 1112 111 26 Surveyor

2091 1138 114 22 General's
2216 1138 64 28 Plan,

1998 1166 42 21 224
2163 1166 41 21 510
2327 1166 40 21 263

1893 1192 43 21 For
1945 1191 137 29 particulars,
2094 1191 65 29 apply
2169 1195 23 18 to

2054 1218 122 28 Wallace,
2188 1218 94 27 White,
2294 1218 46 21 and
2350 1217 125 22 Wallace.

1922 1245 54 27 May
1985 1246 33 25 31,
2030 1246 61 21 1842.
2473 1262 4 4 .

1993 1290 105 20 Nelson
2113 1289 75 21 Land
2202 1289 145 27 Agencies.

1894 1323 89 32 rpHE
1998 1322 152 28 undersigned
2162 1323 44 27 beg
2215 1326 22 18 to
2249 1330 54 14 oner
2311 1322 133 22 themselves
2453 1324 23 19 to

1900 1344 29 27 JL
1966 1350 38 21 the
2014 1350 75 26 public
2099 1357 25 14 as
2132 1353 77 23 agents
2219 1350 35 21 for
2264 1349 37 22 the
2311 1349 107 22 selection
2432 1349 45 22 and

1893 1376 95 28 disposal
2031 1380 59 18 town
2100 1376 46 21 and
2154 1379 94 24 country
2264 1376 64 22 lands
2337 1376 23 21 in
2372 1375 38 22 the
2427 1383 50 14 new

1893 1403 126 22 settlement
2047 1403 26 21 of
2096 1403 92 22 Nelson.
2227 1402 76 28 Apply
2325 1406 22 19 to
2368 1402 107 28 Wallace,

1894 1430 80 27 White,
1985 1430 45 21 and
2039 1430 107 27 Wallace,
2157 1429 144 27 Wellington.

2013 1463 122 22 Patchett
2148 1463 44 22 and
2206 1463 92 27 White,
2308 1463 65 22 Land
2380 1463 95 27 Agents,

2190 1489 93 23 Nelson.

1921 1517 130 26 December,
2063 1518 61 20 1841.

2058 1562 90 20 Beach
2164 1562 145 26 Frontage.

1896 1596 64 48 TO
1975 1595 39 22 BE
2029 1595 64 27 LET,
2109 1595 71 21 beach
2188 1595 103 26 frontage
2305 1595 42 21 lots
2357 1595 24 21 in
2392 1597 86 19 section

1965 1624 41 20 490
2017 1630 28 13 on
2063 1622 37 21 the
2110 1622 54 21 Plan
2175 1621 26 22 of
2208 1621 39 22 the
2256 1621 68 22 Town
2338 1621 25 21 of
2369 1621 108 28 Welling-

1893 1653 46 23 ton,
1950 1649 115 27 adjoining
2074 1649 43 21 Mr.
2126 1649 88 21 Taine's
2221 1651 68 24 store;
2305 1648 44 22 and
2357 1648 25 22 in
2392 1648 85 22 section

1892 1678 47 25 616,
1948 1677 99 21 between
2055 1675 75 28 Major
2138 1675 91 22 Baker's
2239 1675 44 22 and
2291 1675 44 22 Mr.
2343 1675 134 22 Swainson's

1891 1702 87 22 houses.

1920 1729 54 22 Also
1984 1729 37 21 the
2030 1729 115 27 following
2153 1728 96 23 sections
2259 1736 30 14 on
2298 1728 36 22 the
2342 1728 57 22 Plan
2407 1728 26 22 of
2440 1728 36 22 the

1892 1756 76 27 Town,
1978 1756 47 22 viz:

1994 1783 27 21 55
2157 1784 40 20 319
2345 1783 42 20 922

1981 1811 41 20 240
2157 1810 40 22 718
2334 1809 53 22 1079

1919 1837 75 27 Apply
2007 1839 24 19 to

2068 1863 26 22 E.
2110 1863 22 21 J.
2147 1862 151 27 Wakefield,
2314 1870 24 14 or

2067 1890 36 21 W.
2119 1889 28 22 V.
2161 1889 108 27 Brewer,
2284 1890 192 21 Manners-street.

1894 1936 120 25 Country
2028 1935 124 21 Sections
2171 1935 43 20 for
2234 1935 60 20 Sale
2315 1940 36 15 on
2369 1934 108 21 Liberal

2137 1962 101 20 Terms.

1896 1993 162 49 SEVERAL
2093 1991 99 24 Sections
2220 1993 26 22 of
2277 1993 100 27 Country
2390 2013 5 3 .
2405 1991 94 35 Land,^

1957 2020 91 27 already
2058 2019 82 22 chosen
2149 2020 24 21 in
2183 2019 38 22 the
2234 2019 93 22 Porirua
2340 2019 92 28 district,
2443 2015 56 27 forip

1894 2047 56 27 Sale,
1961 2055 74 14 terms
2045 2054 105 14 liberal.
2178 2046 78 28 Apply
2264 2049 24 19 to

1988 2080 25 22 F.
2028 2080 29 22 A.
2072 2080 170 27 Molesworth,
2259 2079 183 28 Murphy-street,
2454 2086 25 16 or

1990 2107 33 21 W.
2038 2107 29 21 V.
2082 2107 106 26 Brewer,
2199 2107 194 21 Manners-street.

1895 2151 116 50 LAND
2027 2154 21 19 to
2058 2151 29 22 be
2098 2151 52 22 Sold
2160 2158 25 15 or
2194 2151 43 22 Let
2251 2158 29 15 on
2294 2150 102 28 building
2408 2151 70 22 leases

1970 2178 23 22 in
2003 2178 30 21 all
2042 2181 62 24 parts
2113 2178 25 21 of
2145 2178 36 21 the
2191 2178 77 21 Town.
2298 2177 74 28 Apply
2381 2182 23 17 to

2002 2211 91 22 Messrs.
2108 2211 77 22 Evans
2200 2211 44 21 and
2259 2211 121 27 Chetham,

2196 2237 118 27 Solicitors,

2261 2264 189 28 Lambton-quay.

1923 2293 55 26 May
1987 2293 33 25 23,
2032 2293 61 20 1842.

1898 2338 89 49 THE
2009 2338 80 21 Nelson
2110 2338 116 19 Examiner
2249 2338 42 19 and
2311 2338 52 19 New
2386 2338 93 20 Zealand

1971 2366 106 20 Chronicle
2093 2364 125 30 (published
2228 2367 23 18 at
2260 2364 99 27 Nelson,)
2376 2364 19 22 is
2413 2371 66 21 regu-

1894 2392 56 28 larly
1968 2391 142 24 transmitted
2124 2395 23 18 to
2162 2391 145 27 Wellington,
2326 2390 43 23 and
2383 2398 54 20 may
2452 2392 26 21 be

1894 2420 43 22 had
1948 2422 23 19 at
1979 2419 38 22 the
2028 2419 63 22 office
2101 2418 25 21 of
2136 2418 44 21 this
2188 2425 76 21 paper.

1922 2446 47 23 The
1978 2448 79 19 Nelson
2065 2446 115 21 Examiner
2195 2444 46 23 will
2250 2444 27 23 be
2287 2444 68 23 found
2364 2451 30 15 an
2406 2444 72 23 excel-

1894 2474 49 21 lent
1950 2474 99 21 medium
2058 2474 35 21 for
2103 2472 137 23 advertisers.

1921 2502 78 21 Terms
2008 2501 34 22 for
2052 2500 38 22 the
2100 2507 72 21 paper,
2183 2503 38 18 ten
2229 2498 100 28 shillings
2342 2505 39 21 per
2390 2501 91 25 quarter

1894 2528 93 28 payable
1995 2528 25 21 in
2030 2527 108 22 advance.

1924 2555 80 22 Orders
2027 2554 34 22 for
2081 2554 38 21 the
2140 2559 67 22 paper
2230 2552 45 22 and
2298 2552 182 22 advertisements

1896 2582 103 22 received
2008 2584 27 19 at-
2041 2581 37 22 the
2089 2580 70 23 Office
2169 2580 26 21 of
2206 2580 45 21 this
2260 2586 74 20 paper.

1896 2628 198 50 JSUTTON
2116 2627 20 22 is
2154 2634 50 15 now
2227 2625 107 28 prepared
2351 2629 24 19 to
2394 2626 85 27 supply,

1976 2655 125 26 wholesale,
2106 2654 42 23 .the
2161 2653 121 28 profession
2293 2653 26 22 of
2326 2653 52 22 Port
2387 2652 94 22 Nichol-

1896 2690 47 17 son,
1953 2683 93 26 Nelson,
2065 2681 125 26 Auckland,
2206 2679 47 23 and
2271 2680 38 22 the
2328 2679 63 22 other
2406 2679 75 22 settle-

1897 2713 72 18 ments
1978 2709 26 21 of
2018 2709 56 21 New
2087 2708 105 26 Zealand,
2202 2707 55 22 with
2269 2707 73 27 drugs,
2353 2706 126 27 chemicals,

1897 2737 73 27 stop'd
1985 2735 86 28 bottles,
2087 2738 54 25 pots,
2159 2735 39 21 &c.
2214 2735 49 26 &c,
2279 2733 45 22 and
2340 2740 61 21 upon
2418 2740 63 15 more

1898 2764 163 26 advantageous
2070 2765 68 19 terms
2148 2761 53 22 than
2210 2761 39 21 the
2260 2761 89 27 Sydney
2357 2760 105 22 markets.

1926 2792 19 19 A
1954 2791 125 26 respectable
2086 2790 65 25 youth
2159 2789 83 21 wanted
2250 2795 24 14 as
2284 2794 26 14 an
2319 2789 134 25 Apprentice.

1898 2818 99 22 Medical
2006 2817 62 27 Hall,
2080 2817 139 26 Wellington,
2228 2815 61 22 June
2300 2817 32 25 10,
2343 2816 61 20 1842.

1900 2862 90 50 THE
2009 2861 154 23 PREMISES
2182 2860 70 27 lately
2267 2859 106 34 occupied
2391 2859 31 27 by
2440 2859 41 22 Dr.

1974 2888 94 26 Gilbert,
2080 2891 23 19 at
2113 2888 37 21 the
2160 2894 76 15 corner
2246 2886 27 22 of
2279 2886 151 22 Willis-street
2438 2886 46 21 and

1899 2917 37 21 the
1945 2916 77 26 beach,
2034 2915 45 22 will
2094 2915 29 22 be
2138 2914 83 27 shortly
2230 2912 87 28 opened
2331 2912 52 23 with
2393 2919 23 17 a.
2418 2912 64 25 stock

1898 2944 26 21 of
1936 2943 94 27 genuine
2045 2942 66 26 drugs
2127 2941 44 22 and
2186 2940 108 23 chemical
2308 2939 59 22 from
2380 2939 102 28 Apothe-

1898 2972 70 20 caries
1978 2969 62 27 Hall,
2051 2968 101 23 London.

1926 2998 36 21 An
1981 2994 149 30 experienced
2145 2994 110 23 Assistant
2270 2992 93 28 wanted,
2381 2992 70 29 apply
2458 2996 23 19 to

1899 3024 22 22 J.
1933 3025 85 25 Sutton,
2032 3022 97 23 Medical
2139 3020 60 23 Hall.

1926 3051 59 22 June
1995 3052 33 25 10,
2040 3050 60 22 1842.

1900 3095 87 33 Tj^O
2000 3094 86 27 SALE,
2096 3093 30 27 by
2137 3092 36 22 the
2183 3091 149 28 undersigned

1926 3149 103 28 Superior
2036 3150 51 25 port
2096 3145 44 23 and
2150 3145 77 27 sherry
2235 3145 26 23 in
2272 3152 66 21 cases,

1927 3176 141 27 Champagne
2079 3173 22 22 in
2112 3173 62 26 ditto,

1926 3203 90 26 Brandy
2024 3201 25 21 in
2059 3203 89 25 quarter
2157 3199 70 28 casks,

1927 3230 44 22 Gin
1980 3229 24 21 in
2014 3227 65 23 hhds;

2221 3253 27 22 T.
2260 3253 34 22 M.
2309 3253 144 23 Partridge.

1896 3283 81 28 .March
1986 3282 33 27 25,
2032 3282 61 20 1842.

1898 3331 40 20 To
1953 3328 162 22 Gentlemen
2128 3325 147 28 intending
2289 3328 29 19 to
2333 3327 76 20 enter
2421 3326 60 20 into

1925 3358 43 19 the
1996 3357 144 25 profitable
2168 3357 110 27 pursuit
2306 3353 30 22 of
2360 3352 122 27 Grazing

1925 3384 53 21 and
1999 3384 137 27 Breeding
2154 3385 92 24 Stock,
2268 3383 42 21 for
2329 3379 89 20 which
2437 3379 44 20 the

1924 3410 88 22 fertile
2032 3412 110 21 Islands
2163 3411 31 21 of
2209 3411 70 21 New
2297 3406 121 23 Zealand
2436 3410 45 16 are

1924 3443 30 16 so
1969 3438 152 28 peculiarly
2134 3438 127 27 adapted.

1898 3473 90 50 THE
1999 3472 152 28 undersigned
2159 3473 43 27 beg
2210 3475 24 19 to
2242 3471 83 23 inform
2333 3466 148 25 theirfriends

1967 3500 46 23 and
2029 3500 39 22 the
2081 3500 75 24 public
2171 3499 123 28 generally,
2309 3497 47 22 that
2373 3495 54 26 they
2437 3495 46 20 will

1897 3530 100 19 contract
2020 3528 36 21 for
2075 3527 39 22 the
2138 3526 99 28 delivery
2262 3526 26 21 of
2308 3524 37 22 the
2368 3522 116 25 foUowxng

1898 3554 133 28 description
2044 3554 26 22 of
2077 3553 74 28 Stock,
2157 3554 25 21 in
2190 3560 45 20 any
2244 3553 55 21 Port
2307 3551 25 22 of
2345 3549 36 22 the
2392 3549 90 21 Islands

1898 3581 26 22 of
1929 3582 55 22 New
1994 3581 114 22 Zealand:
2361 3580 7 27 I
2411 3583 24 20 .'
2448 3600 8 8 ,

1925 3608 95 23 Horned
2035 3608 68 23 cattle
2121 3605 124 30 (improved
2257 3603 88 28 breeds)
2360 3603 27 22 of
2399 3603 31 21 ail

1898 3636 122 28 scriptions,
2350 3638 28 22 ''-'."^-Si.
2409 3637 26 27 -Si
2467 3653 14 11 t

1925 3663 91 28 Horses,
2037 3662 59 22 from
2117 3661 37 22 the
2176 3660 51 22 best
2245 3657 94 28 English
2357 3657 47 21 and
2408 3658 11 23 %
2420 3657 62 20 Arab

1898 3690 67 27 studs,
1982 3689 95 23 suitable
2093 3689 34 22 for
2245 3684 83 27 saddle,
2338 3685 129 24 ortharness
2475 3688 6 20 ;

1898 3717 45 23 and
1950 3717 109 26 breeding
2068 3722 80 20 mares,
2383 3713 35 27 ?;

1926 3744 57 23 Pure
1993 3744 75 21 Saxon
2079 3742 46 23 and
2132 3740 86 23 merino
2228 3745 64 20 ewes,

1926 3770 120 23 Half-bred
2061 3769 113 22 Leicester
2187 3766 46 22 and
2248 3771 86 16 merino
2352 3767 67 21 ewes;
2433 3768 51 21 par-

1898 3798 102 27 ticularly
2010 3796 96 28 adapted
2119 3795 34 21 for
2162 3794 43 21 this
2215 3794 102 25 country,
2327 3798 23 14 as
2359 3790 56 27 they
2420 3789 63 23 unite

1898 3825 81 27 weight
1988 3824 26 22 of
2020 3830 87 16 carcass
2118 3821 50 22 with
2178 3820 97 21 fineness
2286 3818 24 22 of
2317 3817 63 23 wool.

1924 3852 49 22 The
1995 3848 152 28 undersigned
2167 3854 42 15 can
2237 3844 167 23 accommodate
2430 3850 54 21 pur-

1898 3879 88 22 chasers
2000 3878 27 21 of
2040 3876 58 23 their
2108 3874 66 23 Stock
2191 3873 54 22 with
2262 3871 123 23 extensive.
2389 3876 93 22 grazing

1898 3913 61 19 runs,
1969 3904 77 23 within
2056 3904 41 21 100
2105 3901 64 23 miles
2180 3901 25 21 of
2210 3900 46 21 this
2266 3899 60 22 Port.

2157 3932 37 22 W.
2208 3932 27 24 B.
2251 3932 92 21 Rhodes
2356 3928 47 24 arid
2416 3930 39 21 Co.
