2529 4010
1973 880 183 24 MECANIC'S
2175 881 197 23 INSTITUTE.

1915 920 51 23 The
1985 920 87 30 weekly
2101 920 98 24 lectures
2228 921 115 23 delivered
2370 925 23 19 at
2421 922 46 22 this

1882 953 143 29 Institution,
2038 961 36 15 are
2089 961 49 15 now
2159 955 132 29 apparently
2310 954 80 30 placed
2406 962 63 23 upon

1882 995 13 15 a
1905 987 62 23 basis
1980 987 25 23 of
2020 987 106 30 security,
2144 987 45 23 and
2207 995 39 15 our
2264 987 76 24 fellow
2357 987 108 23 colonists

1882 1028 51 23 may
1941 1020 73 24 under
2026 1019 110 32 anything
2144 1020 50 25 Jike
2211 1020 134 24 favourable
2362 1021 106 28 weather,

1882 1054 108 23 calculate
2002 1061 61 23 upon
2073 1053 97 31 hearing
2181 1062 14 15 a
2202 1053 85 24 lecture
2306 1061 67 23 every
2392 1054 76 23 Tues-

1882 1087 43 30 day
1944 1089 103 28 evening.
2092 1086 59 24 Geo.
2171 1087 85 28 White,
2274 1087 69 31 Esq.,
2360 1087 110 23 favoured

1882 1129 27 14 us
1920 1120 56 23 with
1987 1120 36 23 his
2035 1120 83 23 second
2129 1120 106 28 Lecture,
2247 1128 30 15 on
2289 1120 106 30 Tuesday
2403 1120 68 31 night

1882 1153 52 28 last,
1953 1153 45 23 and
2015 1153 201 30 notwithstanding
2232 1153 38 23 the
2288 1153 141 31 inclemency
2448 1153 25 23 of

1884 1186 36 23 the
1933 1186 106 28 weather,
2058 1185 45 23 and
2121 1186 38 23 the
2176 1193 54 23 very
2247 1186 46 23 bad
2310 1190 58 19 state
2387 1186 25 23 of
2428 1186 39 23 the

1882 1219 112 31 principal
2004 1223 88 23 streets,
2103 1219 37 23 the
2150 1219 104 23 audience
2262 1227 46 15 was
2315 1219 140 30 respectable
2462 1228 6 20 ;

1884 1252 43 23 and
1940 1252 38 23 the
1989 1251 94 24 marked
2096 1253 108 22 attention
2216 1252 53 30 paid
2281 1252 30 31 by
2332 1252 30 23 all
2378 1257 93 25 present

1884 1289 62 19 must
1968 1285 57 23 have
2045 1285 58 23 been
2126 1285 78 30 highly
2233 1285 124 31 gratifying
2381 1290 24 18 to
2432 1285 38 23 the

1885 1319 119 23 Lecturer.
2046 1318 48 23 Mr.
2115 1318 97 23 White's
2230 1318 113 23 Lectures
2354 1326 82 23 appear
2446 1324 24 17 to

1884 1360 26 15 us
1923 1360 25 14 so
1960 1352 123 31 peculiarly
2096 1352 51 22 well
2159 1352 94 31 adapted
2272 1357 23 18 to
2314 1352 38 22 the
2371 1352 98 22 circum-

1885 1390 89 19 stances
1987 1386 25 22 of
2027 1385 37 22 the
2073 1386 140 29 community
2225 1386 24 21 in
2260 1385 151 30 Wellington,
2430 1385 40 23 the

1885 1419 70 23 entire
1969 1418 86 31 subject
2067 1426 26 14 so
2105 1418 133 29 condensed,
2249 1418 44 23 and
2300 1418 39 22 the
2349 1423 121 25 argument

1885 1460 23 15 so
1922 1452 85 30 closely
2018 1451 97 23 adhered
2127 1455 31 25 to,
2171 1452 49 22 that
2230 1459 33 15 we
2275 1451 49 23 find
2334 1452 20 21 it
2365 1452 107 30 impossi-

1884 1485 36 23 ble
1936 1489 23 19 to
1971 1485 68 23 make
2049 1489 90 25 greater
2152 1484 160 23 condensation
2332 1492 25 15 or
2374 1489 97 24 extract,

1884 1518 94 23 without
1988 1517 113 31 breaking
2112 1525 31 23 up
2154 1518 36 23 the
2202 1518 71 22 entire
2282 1524 103 23 economy
2398 1518 25 22 of
2432 1517 39 24 the

1886 1552 106 23 Lecture.
2039 1550 43 23 We
2103 1555 91 23 cannot,
2214 1551 120 28 therefore,
2352 1550 26 23 do
2397 1550 74 24 better

1886 1585 54 22 than
1952 1585 37 30 lay
2000 1584 75 23 before
2089 1592 41 14 our
2138 1584 97 28 readers,
2257 1592 25 15 as
2296 1592 40 15 our
2348 1591 66 23 space
2426 1584 46 23 will

1885 1619 90 30 permit,
2004 1618 61 22 these
2087 1618 135 29 interesting
2244 1617 112 23 Lectures
2364 1626 7 20 ;
2397 1617 74 23 which

1887 1651 46 23 Mr.
1947 1651 79 23 White
2041 1650 40 23 has
2101 1651 95 30 pledged
2212 1651 93 22 himself
2325 1654 23 19 to
2366 1651 106 22 continue

1886 1685 59 23 from
1953 1685 56 23 time
2022 1689 21 18 to
2054 1684 63 28 time,
2128 1684 60 23 until
2197 1684 36 22 the
2241 1684 89 31 subject
2341 1684 19 22 is
2373 1684 99 22 exhaus-

1887 1718 44 23 ted.
1969 1717 51 24 Our
2028 1717 90 23 readers
2130 1717 45 23 will
2187 1717 51 22 bear
2249 1718 25 21 in
2286 1716 64 23 mind
2366 1717 50 22 that
2434 1717 39 22 the

1887 1752 174 22 circumstances
2072 1758 38 16 are
2122 1750 94 31 entirely
2233 1758 48 15 new
2301 1750 25 23 in
2338 1750 73 23 which
2423 1750 49 24 Mr.

1887 1784 78 23 White
1976 1785 77 29 brings
2066 1783 39 23 the
2117 1788 50 19 vast
2176 1784 131 30 experience
2321 1783 27 23 he
2355 1791 117 23 possesses

1887 1822 22 19 to
1922 1818 54 23 bear
1987 1825 59 24 upon
2058 1816 39 23 the
2112 1817 87 31 subject
2209 1816 87 24 treated
2308 1816 31 29 of,
2357 1816 44 23 and
2410 1816 63 24 these

1887 1851 112 23 Lectures
2019 1850 45 23 will
2082 1851 113 29 evidently
2213 1858 92 22 possess
2324 1858 14 14 a
2358 1850 115 23 character

1889 1884 132 31 essentially
2039 1883 105 23 different
2162 1884 56 22 from
2232 1891 43 22 any
2294 1891 30 15 on
2335 1882 37 24 the
2385 1883 88 31 subject

1889 1917 99 24 hitherto
2000 1917 79 32 placed
2096 1917 78 23 before
2195 1917 36 23 the
2249 1916 85 31 public,
2354 1917 53 29 they
2429 1916 44 23 will

1887 1951 28 23 be
1927 1950 61 24 alike
2000 1950 134 30 interesting
2148 1955 21 18 to
2181 1950 37 23 the
2229 1950 60 23 local
2300 1949 85 29 reader,
2398 1949 44 24 and
2451 1954 22 19 to

1889 1992 40 15 our
1935 1984 89 23 friends
2034 1984 22 22 in
2069 1983 38 23 the
2119 1983 88 24 mother
2219 1988 95 25 country

1266 2385 95 69 New
1392 2385 221 69 Zealand
1644 2385 220 69 Gazette

1317 2457 68 21 AND
1399 2455 212 22 WELLINGTON
1627 2454 186 23 SPECTATOR.

1410 2524 131 25 Saturday,
1553 2523 62 21 June
1626 2524 31 25 18,
1666 2524 60 20 1842.

1922 2039 45 23 We
1975 2039 58 22 have
2044 2039 105 22 received
2160 2038 37 23 the
2209 2037 119 31 subjoined
2341 2037 64 23 letter
2418 2037 57 23 from

1891 2072 47 24 Mr.
1953 2072 106 28 Hanson,
2071 2072 43 22 bm
2125 2071 100 23 whether
2234 2072 19 22 it
2274 2071 27 23 be
2315 2070 119 24 addressed
2451 2072 24 21 in

1890 2106 34 23 his
1938 2106 113 23 character
2072 2112 27 15 as
2111 2104 61 31 legal
2183 2104 86 23 adviser
2286 2108 22 19 to
2322 2103 47 24 Mr.
2380 2103 94 30 Clarke,

1891 2147 23 15 or
1927 2147 26 15 as
1966 2139 80 23 CrovM
2060 2138 137 23 Prosecutor
2214 2145 33 15 we
2267 2145 37 15 are
2322 2141 40 18 not
2379 2138 95 22 certain.

1891 2172 23 23 It
1926 2180 96 23 appears
2033 2176 21 18 to
2064 2179 28 15 us
2105 2172 22 22 in
2139 2171 39 23 the
2189 2171 49 23 first
2256 2170 84 24 named
2359 2169 116 24 character

1891 2206 27 22 hs
1934 2206 114 22 threatens
2067 2212 27 15 us
2114 2204 55 23 with
2187 2204 36 23 the
2243 2209 84 18 terrors
2345 2203 24 23 of
2382 2202 39 24 the
2433 2203 43 23 law

1891 2239 29 23 he
1931 2246 116 23 possesses
2060 2238 30 29 by
2101 2238 94 30 holding
2213 2237 37 23 tlie
2269 2237 66 23 office
2353 2236 23 23 of
2393 2237 83 23 Crown

1891 2273 146 23 Prosecutor.
2072 2271 59 23 This
2150 2275 105 26 suggests
2274 2270 39 23 the
2328 2270 50 23 idea
2396 2270 50 23 that
2461 2277 17 19 &

1891 2313 83 24 person
1985 2305 81 23 should
2082 2309 40 18 not
2140 2309 36 18 act
2194 2305 22 22 in
2234 2308 44 18 two
2297 2303 119 31 capacities
2453 2310 25 16 or

1893 2338 65 24 while
1971 2339 74 30 acting
2054 2345 24 16 as
2092 2338 48 23 Mr.
2154 2337 103 24 Clarke's
2274 2338 85 30 private
2377 2337 102 22 solicitor

1893 2373 15 22 it
1922 2372 75 23 would
2016 2372 57 23 have
2091 2371 59 23 been
2167 2378 61 16 more
2247 2371 119 29 becoming
2382 2370 26 23 in
2427 2369 50 24 Mr.

1894 2406 98 23 Hanson
2007 2405 44 23 had
2070 2412 30 15 no
2119 2404 120 28 reference,
2257 2403 121 31 especially
2397 2404 26 22 in
2440 2403 39 23 the

1894 2447 47 22 way
1953 2439 25 23 of
1993 2439 80 28 threat,
2086 2438 59 23 been
2157 2437 64 24 made
2232 2441 22 19 to
2268 2437 38 23 the
2327 2436 105 24 mischief
2449 2436 30 23 he

1892 2472 74 31 might
1976 2472 102 31 possibly
2089 2472 30 23 be
2130 2470 95 25 enabled
2234 2474 24 20 to
2277 2470 73 23 inflict
2367 2477 61 23 upon
2448 2477 29 16 us

1893 2514 24 14 as
1930 2505 98 32 Captain
2040 2505 119 23 Hobson's
2175 2508 98 20 servant.
2315 2503 55 23 Had
2385 2510 33 16 we
2437 2510 40 16 en-

1890 2538 69 31 joyed
1985 2539 38 23 the
2048 2538 75 23 honor
2152 2538 26 23 of
2200 2537 70 31 being
2293 2536 50 24 Mr.
2374 2536 107 23 Clarke's

1893 2572 105 30 personal
2008 2571 81 28 friend,
2102 2571 45 23 and
2153 2571 57 23 been
2221 2571 91 31 applied
2321 2575 22 18 to
2351 2569 31 30 by
2390 2569 49 23 him
2450 2577 31 15 on

1893 2605 37 23 the
1955 2604 87 32 subject
2061 2604 25 23 of
2108 2604 39 23 the
2164 2604 77 30 fitting
2258 2604 68 23 mode
2345 2603 23 23 of
2390 2602 92 30 dealing

1893 2638 55 23 with
1971 2646 14 15 a
2006 2644 130 24 newspaper
2155 2636 84 28 article,
2265 2644 33 16 we
2322 2635 82 24 should
2422 2636 59 22 have

1893 2670 125 31 suggested
2040 2670 37 23 the
2101 2670 115 31 propriety
2239 2670 26 23 of
2288 2669 135 31 addressing
2444 2668 38 23 the

1893 2703 83 24 Editor
1988 2712 30 15 on
2029 2703 36 23 the
2077 2703 98 31 subject,
2187 2702 68 26 when,
2260 2702 141 24 satisfaction
2408 2702 75 31 might

1894 2742 23 18 at
1929 2745 56 15 once
1996 2737 55 23 have
2070 2736 59 23 been
2148 2729 121 30 obtained?-
2303 2735 50 24 Not
2370 2735 60 23 until
2448 2743 34 15 we

1894 2770 46 23 had
1960 2771 61 23 been
2042 2769 80 24 denied
2147 2769 83 32 justice
2253 2768 83 24 should
2363 2776 33 15 we
2424 2768 58 23 have

1895 2804 98 30 thought
2005 2804 25 23 of
2042 2804 115 29 resorting
2176 2807 21 18 to
2218 2809 14 16 a
2247 2802 64 31 legal
2327 2802 87 23 adviser
2448 2801 36 23 far

1894 2837 47 23 less
1953 2837 81 23 should
2044 2844 33 15 we
2090 2836 58 23 have
2160 2835 96 31 thought
2275 2836 26 23 of
2315 2836 98 30 inviting
2432 2834 49 24 Mr.

1897 2870 83 24 Crown
1999 2870 138 24 Prosecutor
2155 2874 23 18 to
2198 2869 70 23 alarm
2291 2869 39 23 the
2349 2868 82 31 culprit
2452 2869 32 29 by

1896 2903 144 32 threatening
2051 2903 49 23 him
2111 2903 56 23 with
2185 2910 12 15 a
2214 2902 105 24 criminal
2329 2903 7 13 ;
2339 2902 143 23 nformation.

1897 2936 52 25 The
1962 2945 78 15 course
2051 2936 102 31 pursued
2163 2936 31 30 by
2206 2935 47 24 Mr.
2267 2935 85 24 Clarke
2371 2935 54 23 does
2443 2939 41 18 not
2496 2959 6 3 ,

1898 2971 78 23 evince
1989 2970 49 24 that
2046 2970 116 31 humility,
2170 2969 152 28 forbearance,
2336 2968 43 23 and
2388 2968 97 22 absence

1898 3003 25 24 of
1939 3004 31 23 all
1981 3004 96 30 feelings
2099 3003 25 24 of
2145 3009 96 24 revenge
2260 3002 45 23 and
2322 3001 87 29 hatred,
2421 3005 23 19 to
2456 3001 29 22 be

1898 3037 111 30 expected
2030 3037 59 23 from
2112 3044 42 16 one
2174 3044 25 14 so
2221 3036 110 29 carefully
2352 3034 89 24 trained
2457 3034 26 23 in

1900 3070 140 31 Missionary
2048 3069 91 24 schools
2148 3074 23 19 at
2183 3069 36 23 the
2237 3076 101 24 expense
2355 3067 25 24 of
2395 3067 90 23 British

1900 3103 129 32 sympathy.

1934 3136 25 24 It
1971 3138 19 22 is
2004 3136 143 31 satisfactory
2158 3141 22 18 to
2191 3135 47 24 find
2256 3135 51 23 that
2319 3134 47 23 Mr.
2380 3133 107 24 Clarke's

1900 3171 161 23 sensitiveness
2085 3170 21 23 is
2127 3177 30 16 on
2177 3169 37 23 the
2230 3169 103 22 increase
2345 3175 6 20 ;
2376 3174 35 16 we
2432 3174 54 23 may

1900 3204 83 23 almost
1995 3208 92 19 venture
2097 3208 23 19 to
2133 3210 95 19 assume,
2236 3201 45 23 had
2290 3200 30 23 he
2329 3200 58 23 been
2395 3200 92 31 equally

1901 3237 84 31 touchy
1997 3237 64 23 when
2072 3239 24 20 at
2107 3234 128 29 Auckland,
2246 3234 31 23 he
2288 3232 125 25 wouldnot
2428 3233 58 24 have
2486 3255 2 15 (

1901 3270 108 32 accepted
2020 3270 24 23 of
2053 3274 43 19 two
2115 3269 56 23 such
2188 3266 159 32 incompatible
2366 3266 77 24 offices
2461 3274 25 16 as

1901 3304 141 31 Interpreter
2063 3301 247 30 and^SubrProtector
2328 3299 24 24 of
2371 3300 113 28 Natives;

1902 3337 45 24 and
1959 3345 32 15 we
2003 3335 72 25 would
2084 3335 63 31 feign
2157 3335 58 29 lrope
2227 3333 49 23 that
2286 3333 48 23 Mr.
2345 3333 84 24 Clarke
2441 3333 45 23 will

1902 3370 76 31 resign
1991 3374 24 19 at
2025 3369 57 23 least
2094 3376 42 16 one
2146 3368 24 23 of
2179 3367 68 28 tbem,
2259 3374 25 15 as
2296 3366 40 23 the
2347 3366 50 23 best
2408 3374 78 18 means

1903 3404 24 23 of
1937 3404 109 28 relieving
2056 3401 96 23 himself
2159 3400 57 23 from
2228 3400 128 30 suspicions
2368 3399 74 24 which
2449 3407 38 16 are

1903 3436 116 30 evidently
2029 3443 24 15 so
2065 3434 88 31 painful
2165 3437 22 19 to
2199 3433 35 23 his
2245 3433 105 31 feelings.

1936 3469 52 23 The
2008 3474 78 17 course
2104 3466 99 32 pursued
2223 3466 30 31 by
2278 3467 48 23 Mr.
2347 3466 99 24 Hanson
2467 3466 19 22 is

1903 3502 57 23 such
1971 3509 26 15 as
2014 3500 73 31 might
2103 3500 59 23 have
2182 3500 57 23 been
2256 3500 118 31 expected.
2411 3499 40 24 He
2467 3499 20 23 is
2505 3516 1 7 ,

1902 3539 38 19 too
1951 3534 126 30 intelligent
2084 3537 41 19 not
2135 3537 24 19 to
2171 3533 89 31 despise
2271 3533 40 24 the
2321 3537 85 19 master
2413 3532 75 24 whose

1902 3576 46 23 pay
1969 3568 30 23 he
2021 3566 99 24 receives
2128 3575 6 20 ;
2158 3566 30 23 he
2207 3566 113 25 therefore
2340 3566 78 24 thinks
2441 3566 48 23 that

1905 3601 98 31 Captain
2016 3599 98 25 Hobson
2131 3604 66 19 must
2211 3600 30 23 be
2253 3608 73 16 aware
2338 3600 24 22 of
2378 3599 38 23 his
2434 3606 53 16 con-

1903 3638 82 27 tempt,
1998 3633 43 24 and
2052 3637 23 19 to
2095 3633 60 31 allay
2166 3633 38 23 the
2223 3629 153 28 mischievous
2394 3632 94 30 feelings

1904 3667 74 23 which
1996 3674 50 23 may
2065 3667 59 23 arise
2143 3671 23 19 at
2183 3666 131 29 Auckland,
2336 3665 29 24 he
2384 3665 104 24 becomes

1905 3700 156 23 over-zealous
2085 3700 25 23 in
2131 3700 39 24 the
2189 3700 44 23 bad
2251 3707 77 21 cause,
2345 3698 43 25 and
2407 3698 82 30 hastily

1904 3733 90 24 advises
2023 3733 103 23 criminal
2157 3733 148 32 proceedings
2335 3732 89 31 against
2452 3731 36 23 the

1903 3774 73 24 press,
1988 3766 73 24 which
2073 3766 21 23 is
2107 3767 69 23 about
2187 3766 37 24 the
2234 3766 53 24 best
2298 3766 66 23 mode
2374 3770 24 19 to
2409 3764 80 24 render

1905 3799 97 24 himself
2011 3799 99 24 detested
2123 3801 25 22 in
2159 3800 38 23 the
2208 3799 73 32 place.

1940 3832 30 25 In
1983 3832 137 30 conclusion,
2133 3841 47 17 we,
2185 3833 43 31 beg
2247 3837 23 20 to
2283 3836 58 20 state
2355 3839 35 16 we
2406 3831 47 24 had
2461 3838 27 15 no

1905 3867 115 23 intention
2039 3866 24 24 of
2082 3867 108 30 accusing
2207 3866 49 24 Mr.
2277 3865 84 25 Clarke
2384 3865 25 23 of
2423 3864 67 29 being

1905 3900 74 31 guilty
1992 3900 26 23 of
2023 3899 93 32 perjury
2152 3907 40 16 our
2199 3899 75 32 object
2285 3907 46 15 was
2343 3904 22 17 to
2374 3898 63 23 show
2444 3897 47 23 that

1906 3934 30 23 he
1946 3933 63 24 filled
2025 3933 161 32 incompatible'
2202 3933 86 28 offices;
2301 3932 44 24 and
2355 3930 136 29 necessarily

1309 2579 93 24 Almost
1423 2586 68 23 every
1511 2578 148 31 ship-master
1684 2578 40 23 lias
1743 2585 81 16 reasou
1843 2582 22 19 to

1278 2613 112 31 complain
1407 2611 78 31 loudly
1507 2611 25 23 of
1549 2611 38 23 the
1609 2611 67 30 delay
1698 2611 45 23 and
1765 2618 100 23 expense

1277 2646 75 24 which
1370 2646 59 22 arise
1449 2644 59 24 from
1527 2644 38 23 the
1590 2644 112 23 desertion
1717 2644 26 24 of
1764 2651 100 16 seamen.

1278 2680 51 24 The
1346 2679 122 31 complaint
1480 2679 20 22 is
1513 2682 35 19 too
1560 2677 125 23 invariable
1698 2682 21 18 to
1732 2677 65 23 allow
1809 2677 18 23 it
1842 2681 23 19 to

1279 2714 27 23 be
1319 2712 113 33 supposed
1444 2710 49 25 that
1505 2711 37 23 the
1555 2718 92 16 seamen
1663 2719 42 15 can
1716 2710 48 23 find
1776 2719 14 14 a
1802 2710 64 23 suffi-

1281 2747 59 23 cient
1347 2745 154 33 justification
1511 2745 35 23 for
1557 2743 59 24 their
1628 2744 104 28 conduct,
1739 2745 25 22 in
1773 2743 39 24 the
1823 2743 45 23 bad

1281 2783 120 21 treatment
1419 2778 55 30 they
1488 2778 132 31 experience
1637 2777 59 24 from
1715 2777 38 23 the
1771 2782 97 18 masters

1282 2813 24 24 of
1316 2813 93 24 vessels.
1447 2811 106 28 Further,
1567 2811 19 23 if
1603 2811 50 23 that
1664 2818 58 16 were
1740 2810 39 24 the
1792 2818 75 21 cause,

1282 2847 53 30 they
1342 2845 73 24 would
1426 2844 58 24 have
1492 2853 28 15 no
1532 2852 82 16 reason
1625 2849 24 18 to
1661 2844 82 28 desert,
1751 2844 43 28 for,
1806 2851 62 23 upon

1283 2889 13 14 a
1315 2879 179 32 representation
1518 2882 23 19 to
1562 2877 38 24 the
1621 2885 83 24 proper
1726 2877 142 28 authorities,

1284 2913 52 31 they
1352 2912 75 24 would
1438 2912 77 23 obtain
1527 2919 14 16 a
1557 2910 60 32 legal
1632 2910 125 32 discharge,
1775 2910 46 24 and
1832 2910 38 23 the

1283 2954 75 23 wages
1369 2945 45 24 and
1426 2945 103 31 clothing
1539 2944 54 31 they
1599 2952 52 16 now
1658 2952 24 16 so
1695 2944 62 24 often
1768 2943 102 25 sacrifice

1283 2982 24 21 in
1318 2979 146 30 abandoning
1473 2978 58 23 their
1539 2978 71 31 ships.
1646 2978 95 24 Vessels
1753 2976 117 32 generally

1285 3013 81 24 dislike
1378 3013 92 30 coming
1480 3019 51 16 now
1542 3016 23 18 to
1585 3011 57 23 New
1660 3011 108 28 Zealand,
1781 3010 45 24 and
1837 3018 33 15 we

1284 3046 86 24 believe
1391 3046 39 23 the
1449 3045 63 24 chief
1526 3052 81 16 reason
1625 3044 35 23 for
1677 3052 26 15 so
1714 3044 44 23 few
1771 3043 101 31 whaling

1287 3079 83 24 vessels
1381 3079 115 30 resorting
1508 3083 23 18 to
1550 3084 40 16 our
1600 3082 53 26 port
1670 3081 22 19 to
1710 3077 51 23 refit
1774 3076 47 24 and
1838 3076 34 23 for

1287 3114 106 31 supplies,
1416 3112 22 23 is
1455 3111 39 24 the
1510 3111 48 23 fear
1577 3110 24 23 of
1615 3110 77 31 losing
1713 3110 59 23 their
1792 3117 78 16 crews.

1286 3147 44 23 We
1350 3145 67 25 know
1434 3149 41 19 not
1493 3149 23 19 to
1534 3143 59 23 what
1611 3137 108 38 caus||to
1738 3142 77 24 attach
1827 3143 45 23 this

1287 3184 79 26 strong
1376 3178 73 23 desire
1461 3182 24 19 to
1498 3178 80 27 desert,
1590 3184 24 15 so
1623 3176 126 31 peculiarly
1755 3176 118 32 prevalent

1287 3220 82 24 among
1381 3211 90 24 British
1483 3218 99 16 seamen.
1617 3209 44 24 We
1673 3210 87 23 believe
1772 3211 18 22 it
1802 3210 71 23 arises

1288 3247 128 23 sometimes
1428 3244 61 24 from
1506 3243 85 31 merely
1601 3243 103 24 reckless
1719 3243 87 31 feeling
1818 3252 7 20 ;
1845 3251 28 16 on

1289 3279 64 24 other
1365 3279 116 23 occasions
1493 3277 59 24 from
1562 3284 14 16 a
1588 3276 71 24 belief
1673 3277 25 23 in
1717 3276 39 24 the
1774 3276 61 32 good
1846 3284 26 16 or

1290 3314 100 30 pleasure
1403 3311 54 31 they
1470 3319 51 23 may
1533 3310 75 23 derive
1627 3310 59 24 from
1703 3310 129 32 remaining
1849 3310 25 23 in

1289 3354 14 16 a
1313 3354 49 16 new
1379 3344 89 31 colony,
1485 3344 89 24 backed
1590 3343 31 31 by
1632 3348 66 26 great
1717 3344 156 23 recklessness

1291 3380 24 23 of
1320 3379 124 24 character.
1480 3377 54 29 But,
1543 3377 29 23 be
1584 3377 37 22 the
1633 3384 68 16 cause
1712 3377 61 24 what
1784 3377 19 23 it
1813 3385 60 23 may,

1292 3413 61 23 there
1365 3419 42 17 can
1417 3411 30 23 be
1458 3418 30 16 no
1500 3410 69 24 doubt
1581 3410 49 23 that
1641 3411 113 23 desertion
1763 3411 20 22 is
1795 3410 80 30 highly

1291 3445 150 25 mischievous
1459 3448 23 19 to
1501 3452 40 15 our
1559 3444 66 28 Port,
1647 3443 45 24 and
1715 3443 72 31 ought
1806 3447 23 18 to
1847 3443 28 22 be

1292 3477 154 32 discouraged.

1325 3513 34 24 At
1369 3511 101 31 Sydney,
1482 3510 113 24 desertion
1605 3509 42 24 has
1657 3509 60 24 been
1728 3509 147 30 discouraged

1292 3547 31 30 by
1331 3546 38 24 the
1380 3543 189 25 introduction/of
1578 3551 14 15 a
1601 3542 81 24 Water
1692 3543 87 28 Police,
1792 3542 42 24 but
1842 3549 33 16 we

1292 3580 48 23 fear
1352 3578 37 25 the
1400 3577 92 30 remedy
1505 3577 52 22 does
1574 3580 40 19 not
1625 3576 69 23 much
1711 3575 108 24 diminish
1838 3575 37 23 the

1293 3612 44 24 evil
1349 3611 23 25 of
1383 3618 106 23 expense,
1593 3609 19 22 it
1623 3616 52 23 may
1683 3608 25 23 of
1715 3608 73 31 delay.
1826 3608 49 24 The

1292 3646 79 24 Water
1384 3644 79 23 Police
1472 3643 21 35 }s
1512 3641 120 32 supported
1644 3641 96 31 entirely
1752 3646 23 19 at
1785 3641 39 24 the
1835 3649 41 15 ex-

1293 3686 70 25 pense
1370 3678 25 23 of
1402 3677 39 23 the
1452 3676 112 30 slapping,
1578 3674 43 23 and
1632 3674 19 23 it
1662 3676 103 28 together
1771 3675 57 23 with
1839 3674 38 23 the

1295 3712 63 23 other
1368 3714 53 28 port
1432 3709 55 24 dues
1499 3712 22 19 at
1533 3707 92 31 Sydney
1637 3712 93 18 amount
1742 3712 22 19 to
1778 3715 25 15 so
1814 3708 63 30 large

1294 3753 14 15 a
1319 3752 57 21 sura,
1390 3741 98 25 that'the
1501 3747 151 24 consequence
1664 3745 63 18 must
1739 3741 28 24 be
1779 3747 14 16 a
1806 3740 69 24 disin-

1296 3778 105 23 clination
1414 3775 28 24 I**
1459 3774 39 24 the
1506 3777 54 28 ,part
1571 3773 24 22 of
1613 3773 108 32 shipping
1735 3778 22 18 to
1769 3777 74 20 resort
1855 3778 22 18 to

1280 3818 60 14 m...
1360 3831 4 10 t
1388 3818 16 10 m
1433 3818 21 13 i>i
1474 3807 106 31 sujpWf-
1616 3805 25 24 It
1651 3806 75 23 would
1744 3814 83 24 appear
1847 3806 31 31 by

1281 3849 3 24 j
1298 3850 3 17 l
1308 3846 3 16 l
1317 3856 17 5 '-
1346 3855 5 12 ;
1363 3855 8 12 i
1409 3851 11 15 v
1430 3848 58 20 ';:c:-;
1501 3845 45 17 \A
1560 3839 91 23 lu^art
1661 3839 73 24 Town
1745 3840 21 23 is
1778 3839 38 24 the
1826 3845 53 26 port

1281 3874 4 24 I
1299 3884 11 15 \
1339 3886 4 4 -
1360 3877 40 23 x~l
1427 3882 21 15 vvi
1475 3875 3 16 |
1484 3884 3 8 '
1491 3882 4 8 i
1505 3895 5 7 r
1512 3885 5 13 j
1532 3873 82 22 ve-pek
1631 3878 74 18 resort
1723 3878 22 18 to
1766 3872 52 24 refit
1835 3873 44 23 and

1281 3906 30 26 !.:.
1324 3914 26 19 .l
1360 3906 58 36 a^j.
1457 3907 20 18 Vl
1515 3907 53 22 hpvo
1581 3914 37 15 not
1636 3905 58 25 been
1706 3906 49 24 able
1767 3911 23 19 to
1803 3914 74 16 ascer-

1282 3934 61 36 j-tatn
1352 3931 116 47 tha'Jcau'jH
1479 3938 26 24 c-f
1519 3939 38 22 the
1565 3938 138 32 pi?rance,
1715 3940 41 23 but
1767 3941 19 22 it
1797 3940 20 24 is
1828 3940 51 23 well

539 40 100 47 &i)t
662 39 121 42 Tsm
809 38 210 42 eate*stfc
1045 38 189 47 ffimtu
1258 36 94 41 and
1377 36 303 47 mmimton
1705 31 255 51 Spectator.

1257 124 45 25 gin,
1320 125 12 19 2
1347 124 51 25 kegs
1413 124 97 24 tobacco,
1528 125 10 19 1
1555 123 92 26 package
1657 129 61 19 guns,
1739 124 9 19 1
1763 123 87 20 kitchen

1258 154 99 21 steamer,
1379 151 75 20 Order.
1502 151 123 25 Passengers
1656 151 89 25 Captin
1765 151 85 20 Salmon

1258 179 43 19 and
1310 181 92 20 servant,
1413 178 20 20 I.
1443 178 36 20 W.
1490 178 26 20 C.
1525 179 75 19 Hame.
1697 184 2 7 '

1288 205 90 20 Inthe
1661 211 64 14 from
1745 205 106 20 Sydney.

1289 233 40 19 100
1339 233 79 20 barrels
1426 234 63 22 flour,
1502 233 41 21 123
1552 233 50 25 bags
1612 232 61 24 flour,
1684 234 39 19 140
1730 233 50 25 bags
1788 232 63 24 flour,

1259 261 26 19 21
1298 260 69 20 chests
1377 262 41 21 tea,
1429 261 13 19 3
1454 261 70 19 chests
1533 264 40 19 tea,
1586 261 25 19 20
1623 259 63 21 boxes
1697 263 41 20 tea,
1750 261 40 19 189
1801 259 50 26 bags

1258 287 62 23 flour,
1331 287 40 20 350
1382 288 71 25 sheep,
1464 288 27 18 33
1502 289 57 19 bales
1572 288 14 19 4
1602 288 61 20 hhds.
1683 289 13 19 2
1712 288 57 20 bales
1785 287 66 25 slops,

1258 315 14 19 4
1284 315 71 19 chesta
1365 317 39 21 tea,
1419 315 74 19 Order.
1525 316 10 19 1
1546 315 47 20 bale
1603 316 65 25 slops,
1680 315 26 20 10
1716 315 64 19 boxes
1791 320 60 20 soap,

1259 342 41 20 500
1310 341 44 20 feet
1371 342 71 26 plank,
1460 342 27 20 40
1503 343 50 25 bags
1563 343 62 24 flour,
1639 343 73 19 Order.
1743 343 12 19 3
1765 341 64 21 hhds.
1840 342 11 18 1

1258 369 48 19 bale
1317 369 13 19 3
1339 369 62 20 hhds.
1415 369 10 19 1
1438 375 47 14 case
1499 371 12 18 1
1529 370 46 19 bale
1592 370 65 26 slops,
1675 371 11 18 1
1705 369 61 20 chain
1785 369 67 22 cable,

1259 396 14 20 2
1284 396 96 25 anchors,
1391 396 13 20 4
1416 396 61 20 casks
1488 402 94 20 oranges,
1601 398 11 19 6
1630 403 57 14 cases
1705 400 62 17 trees.
1802 395 50 20 Pas-

1259 423 148 25 sengersW.
1419 423 26 20 G.
1457 423 70 22 Duke,
1538 425 25 19 T.
1579 424 87 26 Tainey,
1683 424 35 21 W.
1734 422 118 24 Whitfleld,

1259 450 26 20 T.
1296 450 78 25 Burrd,
1390 450 27 20 A.
1429 450 132 26 O'Donnell,
1578 452 34 20 W.
1624 452 96 26 Hughes,
1738 451 35 20 W.
1792 450 60 25 Bills,

1259 477 23 20 J.
1293 478 123 19 Mullholm.

1879 122 83 24 known
1981 123 49 23 that
2046 123 134 30 provisions-
2190 132 36 15 are
2245 124 98 31 cheaper
2364 123 56 25 than
2439 129 25 19 at

1880 155 101 31 Sydney,
2002 155 45 24 and
2065 163 35 15 we
2123 162 91 26 suspect
2235 156 50 24 that
2304 157 39 23 the
2364 156 100 25 harbour
2493 160 5 5 '

1880 188 72 23 duties
1964 196 38 16 are
2015 193 38 19 not
2073 196 26 15 so
2111 197 103 22 onerous,
2223 191 3 10 '
2234 190 44 23 and
2289 189 51 24 that
2351 189 62 24 there
2425 198 39 16 are

1879 229 78 15 means
1976 222 30 30 by
2024 221 72 23 which
2114 222 38 23 the
2173 222 100 24 Masters
2291 231 39 15 are
2351 223 114 30 protected

1880 255 89 29 agaiust
1982 255 38 22 the
2032 254 54 23 evils
2099 255 25 23 of
2134 255 119 24 desertion.

1913 287 22 22 It
1948 287 82 23 should
2040 287 28 23 te
2080 294 42 16 our
2132 288 73 32 ohject
2217 293 21 18 to
2250 289 59 31 keep
2322 296 40 16 our
2374 293 59 26 port.

1880 320 46 22 free
1940 320 59 23 from
2020 321 100 22 taxation
2140 329 29 15 on
2188 321 105 32 shipping
2310 330 26 15 as
2354 322 109 31 possible.

1881 353 31 23 So
1932 353 104 31 strongly
2053 360 38 16 are
2103 361 33 16 we
2153 355 122 30 impressed
2287 355 56 22 with
2362 355 37 22 the
2419 356 44 21 im-

1880 393 78 16 mense
1971 386 123 30 advantage
2107 387 24 22 of
2140 388 68 29 being
2220 395 13 15 a
2243 387 48 24 free
2303 392 59 27 port,
2374 388 49 23 that
2431 395 34 15 we

1880 418 73 23 would
1958 419 92 31 provide
2056 419 38 22 the
2101 419 106 31 shipping
2214 420 51 23 with
2272 421 142 30 lighthouses
2420 421 45 23 and

1881 451 99 31 pilotage
2001 452 95 23 without
2119 452 88 31 charge,
2227 454 115 23 confident
2364 454 49 23 that
2430 461 35 15 we

1882 484 81 24 should
1974 485 28 23 be
2012 485 48 23 able
2072 489 23 19 at
2106 493 30 15 no
2148 486 84 23 distant
2242 486 60 29 date,
2315 491 23 18 to
2347 486 61 23 show
2416 487 50 23 that

1882 525 31 16 we
1931 518 47 23 had
1995 517 103 24 received
2115 518 25 23 in
2158 518 38 23 the
2213 518 69 32 shape
2295 520 26 23 of
2338 520 80 30 profits
2436 527 31 16 on

1883 551 68 28 trade,
1969 551 45 23 five
2028 551 65 23 times
2112 551 39 23 the
2168 556 92 19 amount
2272 560 33 15 we
2315 552 46 24 had
2377 552 44 24 had
2442 556 25 20 to

1882 585 63 22 incur
1960 585 25 22 in
2004 584 121 31 rendering
2144 584 39 23 the
2195 589 50 26 port
2262 585 53 23 thus
2338 586 127 23 attractive.

1882 617 56 23 This
1952 617 88 32 subject
2051 617 82 23 should
2149 617 29 23 be
2189 617 98 30 brought
2297 618 72 23 under
2380 619 38 23 the
2431 622 36 20 at-

1882 651 87 23 tention
1991 651 25 23 of
2042 650 37 23 the
2103 650 139 31 Legislative
2266 651 103 29 Council,
2398 651 31 31 by
2453 659 14 16 a

1882 684 117 23 memorial
2010 684 142 30 suggesting,
2171 683 49 23 that
2235 683 37 23 the
2290 683 45 24 law
2346 688 21 19 to
2378 684 29 23 be
2425 692 41 16 en-

1882 717 70 28 acted,
1967 717 80 24 should
2058 717 19 22 if
2086 717 102 31 possible
2199 721 91 27 present
2303 717 38 23 the
2352 724 78 16 means
2443 717 26 23 of

1882 751 136 30 compelling
2029 757 90 16 seamen
2133 754 22 19 to
2162 750 58 23 fulfil
2232 750 59 23 their
2304 755 162 26 engagements

1882 783 52 22 with
1954 783 59 23 their
2033 783 168 30 ship-masters,
2221 783 98 24 without
2338 783 129 31 subjecting

1882 816 37 22 the
1931 815 108 32 shipping
2054 821 23 17 to
2090 824 44 23 auy
2146 817 101 22 taxation
2263 817 26 22 in
2302 824 163 23 consequence.

1419 541 107 13 inwards
1555 541 133 13 coastwise.

1291 563 27 21 In
1329 570 47 14 the
1415 564 85 20 Royal
1665 571 63 14 from
1741 565 108 19 Poverty

1264 591 58 21 Bay.
1350 592 22 20 J.
1382 592 34 20 M.
1429 593 84 24 Taylor,
1531 593 76 24 Agent.
1637 593 27 19 30
1681 595 49 17 tons
1747 593 102 24 potatoes,

1264 619 24 19 40
1298 619 55 26 pigs,
1363 620 13 20 3
1385 619 80 20 barrels
1475 619 61 26 pork,
1548 621 12 18 2
1570 619 79 20 barrels
1666 620 53 23 lard,
1731 621 10 18 1
1754 619 51 20 cask
1815 618 34 24 oil,

1264 647 75 20 Order.

1291 674 27 20 In
1334 680 46 14 the
1421 673 152 24 Catarine,''
1589 680 64 14 from
1663 674 90 19 Hawes
1763 673 60 21 Bay.

1264 702 20 19 J.
1298 701 71 24 Wade,
1377 702 79 25 Agent.
1486 702 25 18 11
1520 701 54 26 pigs,
1582 702 13 18 2
1603 703 49 18 tons
1661 704 105 23 potatoes,
1778 701 71 19 Order.

1264 728 113 27 Passenger
1405 728 34 20 M.
1451 728 95 27 Murray.

1409 791 140 16 OTJTWARTOS,
1562 791 141 13 COASTWISE.

1291 817 81 20 Inthe
1557 816 4 7 1
1564 817 5 10 '
1581 816 46 20 for
1627 816 109 20 Nelson.
1765 816 86 24 Agents,

1266 846 99 22 Wallace,
1378 845 79 23 White,
1468 844 44 20 and
1523 844 99 20 Wallace.
1662 845 12 19 2
1684 844 64 19 boxes
1766 844 10 18 1
1794 842 58 19 chest

1264 875 40 21 tea,
1317 873 10 19 1
1340 879 46 13 case
1396 872 81 25 cheese,
1489 872 12 19 2
1512 872 60 19 casks
1579 871 60 25 meal,
1653 872 10 19 1
1675 871 50 20 cask
1734 870 51 26 split
1794 875 57 20 peas,

1265 901 10 19 1
1287 902 33 18 set
1329 901 12 19 5
1352 905 113 18 measures,
1487 899 11 20 1
1515 899 40 25 bag
1571 899 72 23 coffee,
1663 899 26 20 16
1706 898 50 25 bags
1765 898 64 21 flour,
1840 897 12 20 7

1264 928 49 25 bags
1322 927 51 25 rice,
1383 928 27 19 84
1419 927 49 19 iron
1478 929 54 24 pots,
1543 926 19 20 /.
1573 926 19 20 /.
1600 927 61 19 Irvin
1669 926 44 20 and
1724 926 34 20 Cv.
1790 922 10 22 I
1814 930 38 13 oox

1264 957 69 24 putty,
1356 955 22 19 F.
1400 955 106 19 Otterson.
1536 955 12 19 9
1567 954 80 19 barrels
1661 953 61 23 meal,
1741 954 14 19 2
1773 952 79 20 barrels

1264 982 60 24 soda,
1334 983 13 19 3
1357 982 78 20 barrels
1451 981 111 26 peasmeal,
1579 982 13 18 1
1609 981 69 20 barrel
1693 981 62 19 white
1771 985 58 21 peas,
1841 979 10 20 1

1264 1010 41 20 box
1320 1010 77 23 starch,
1409 1010 11 18 1
1437 1009 42 19 box
1494 1009 63 23 resin,
1569 1009 13 19 2
1598 1009 51 24 kegs
1666 1009 66 24 paint,
1749 1009 12 18 2
1777 1007 75 19 firkins

1264 1037 103 26 herrings,
1377 1037 27 19 R.
1417 1036 51 20 Tod.
1499 1037 26 19 20
1535 1036 50 25 kegs
1595 1036 63 19 white
1667 1036 53 22 lead,
1733 1035 11 20 1
1756 1034 50 20 cask
1816 1034 36 23 oil,

1266 1066 11 18 1
1289 1065 49 20 cask
1347 1064 95 25 -whiting,
1455 1064 40 19 100
1512 1064 84 20 bushels
1613 1063 72 24 maise,
1703 1063 93 20 Wallace
1813 1061 39 20 and

1267 1092 34 21 Co.
1332 1092 53 20 1340
1396 1091 43 20 feet
1449 1091 82 24 timber,
1543 1091 26 20 jB.
1583 1091 49 20 Tod.
1663 1092 12 18 2
1694 1090 64 20 boxes
1778 1090 74 19 chaco-

1264 1120 50 23 late,
1338 1119 92 20 Wallace
1447 1119 42 19 and
1508 1119 33 19 Co.
1573 1119 10 19 1
1600 1124 47 13 case
1663 1118 95 25 whiting,
1780 1118 11 18 1
1809 1116 43 20 bale

1265 1147 66 25 slops,
1341 1148 12 23 i
1365 1147 58 22 ches*
1433 1148 42 21 tea,
1487 1146 11 20 1
1508 1145 70 21 ferkin
1586 1145 80 24 butter,
1677 1146 11 18 1
1697 1145 46 19 bale
1749 1143 103 24 blankets,

1265 1175 13 19 4
1297 1174 65 20 boxes
1376 1173 78 24 starch,
1476 1174 11 18 1
1505 1179 47 14 case
1568 1173 85 23 raisins,
1671 1173 11 19 1
1698 1173 50 19 cask
1757 1172 95 23 tobacco,

1265 1202 99 25 Murray.
1393 1202 12 19 2
1426 1200 90 20 bundles
1534 1200 87 23 leather,
1644 1200 78 20 Tinlin.
1752 1200 40 19 800
1813 1198 39 19 feet

1266 1229 84 25 timber,
1361 1230 11 19 1
1382 1228 87 25 bundle,
1482 1228 10 19 1
1503 1228 73 23 kettle,
1588 1228 11 18 2
1608 1227 78 20 barrels
1697 1227 61 24 meal,
1764 1227 28 20 R.
1802 1225 50 20 Tod.

1266 1256 124 26 Passengers
1419 1256 46 20 The
1477 1255 50 20 Rev.
1539 1254 42 20 Mr.
1594 1254 103 25 Ironside,
1708 1254 44 20 Mr.
1762 1254 28 19 R.
1800 1253 52 23 Tod,

1266 1287 84 17 servant
1359 1284 41 20 and
1411 1283 64 24 child,
1486 1282 88 20 Messrs.
1585 1282 102 25 Empson,
1702 1281 76 26 Lloyd,
1794 1279 58 21 Mur-

1265 1317 45 21 ray,
1320 1311 80 27 Joseph
1411 1310 76 24 Smith,
1499 1310 72 26 Fryett
1580 1310 42 19 and
1632 1309 64 20 child.

1294 1339 30 20 In
1337 1345 46 14 the
1545 1343 46 14 fob.
1608 1336 117 21 Hawke's
1746 1336 52 20 Bay
1830 1335 22 19 10

1265 1367 51 25 bags
1334 1373 68 19 sugar,
1419 1367 27 20 20
1462 1366 52 25 bags
1530 1366 62 22 flour,
1611 1366 12 18 2
1641 1365 52 19 coils
1709 1364 117 23 whaleline,
1843 1363 9 18 5

1266 1394 50 20 boat
1326 1395 86 23 anchor,
1425 1395 10 19 1
1446 1394 46 19 bale
1503 1393 103 23 blankets,
1618 1392 11 19 1
1640 1392 47 20 bale
1696 1392 64 26 slops,
1772 1392 13 19 2
1795 1390 57 20 casks

1266 1421 54 26 beef,
1332 1422 12 20 3
1355 1421 60 21 casks
1425 1421 85 20 biscuit.

1294 1449 30 19 In
1348 1455 46 14 ths
1576 1453 47 14 for
1644 1447 106 20 Sydne-/.
1778 1445 74 25 Affeut,

1266 1478 22 20 J.
1301 1477 71 21 Wade
1403 1476 97 25 Original
1506 1481 60 20 cargo
1574 1475 55 19 from
1637 1474 133 24 Melbourne,
1780 1473 72 21 Order.

1296 1505 10 19 1
1319 1505 50 19 cask
1377 1504 89 25 brandy,
1479 1505 10 18 1
1501 1503 49 20 cask
1560 1503 95 23 tobacco,
1666 1503 13 19 6
1697 1508 56 14 cases
1767 1501 44 26 gia,
1829 1500 23 20 31

1266 1533 50 20 boat
1325 1532 72 23 knees,
1409 1532 26 19 30
1447 1531 134 26 handspikes.
1615 1529 124 26 Passengers
1768 1529 84 19 Messrs.

1267 1559 81 22 Hardy,
1359 1559 128 22 Leadbitter,
1498 1559 103 21 Johnson,
1610 1557 108 24 Newman,
1729 1557 41 19 and
1779 1555 54 21 Bell.

1440 1616 121 21 LATEST
1577 1616 108 19 DATES.

1282 1650 76 18 London
1445 1651 42 16 Jan.
1520 1652 26 15 15.
1574 1649 40 21 Bay
1622 1649 21 17 of
1652 1649 84 17 Islands.
1741 1660 5 5 .
1752 1649 44 16 Feb.
1829 1649 18 14 i.

1282 1672 74 21 Sydney
1447 1672 45 20 May
1519 1672 27 17 26.
1574 1670 101 17 Auckland
1750 1670 49 16 Mar.
1821 1669 26 17 30.

1282 1692 40 18 Van
1346 1692 99 18 Dieman's
1574 1692 45 17 Port
1628 1691 70 21 Phillip
1712 1703 35 5 ....
1752 1689 55 23 April
1819 1691 28 15 20.

1301 1713 54 18 Land
1447 1713 54 19 April
1529 1714 17 17 6.
1574 1713 91 17 Adelaidn
1752 1712 50 17 Mar.
1830 1712 17 15 2.

1362 1760 124 21 AGENTS
1499 1761 58 20 FOR
1572 1760 71 20 THIS
1656 1760 109 19 PAPER.

1291 1795 38 17 Mr.
1341 1794 125 18 BURCKA.M
1560 1793 75 18 Petoni.

1291 1823 38 17 Mr.
1343 1823 17 17 F.
1372 1822 24 18 G.
1408 1821 54 18 MOO
1466 1821 31 18 HE
1561 1821 72 18 Nelson
1641 1821 76 18 Haven.

1291 1851 38 17 Mr.
1341 1851 23 17 R.
1376 1850 116 17 BA.RRETT
1566 1849 45 17 New
1619 1849 110 21 Plymouth,
1736 1847 102 19 Taranaki.

1291 1879 38 17 Mr.
1341 1879 25 17 H.
1376 1878 123 18 CHUItTON
1564 1877 114 23 Wanganui.

1292 1908 37 16 Mr.
1341 1907 29 17 W.
1381 1907 34 17 Wl
1419 1906 63 18 LSON
1564 1906 39 21 Bay
1611 1906 21 17 of
1641 1907 8 15 1
1653 1905 72 18 slands.

1291 1953 40 17 The
1339 1952 96 22 following
1442 1957 33 12 are
1483 1952 33 17 ths
1523 1953 77 20 quarter
1611 1952 47 21 days
1665 1956 20 13 or
1697 1951 40 17 this
1746 1955 70 18 paper:

1376 1981 68 16 March
1703 1980 49 17 31st.

1376 2008 52 16 Tune
1494 2018 14 5 ..
1524 2007 7 9 '
1705 2007 50 16 30th.

1377 2035 112 21 September
1706 2034 50 18 30th.

1377 2064 107 17 December
1705 2063 49 17 31st.

1291 2091 81 18 Persons
1379 2090 112 22 previously
1498 2091 21 16 to
1531 2089 145 23 discontinuing
1687 2090 52 17 tueir
1746 2093 70 17 paper?
1823 2088 38 17 and

1273 2112 165 21 advertisements,
1447 2113 52 15 must
1507 2112 56 17 settle
1571 2111 32 16 the
1614 2112 92 15 accounts
1715 2110 37 17 due
1759 2115 26 16 up
1797 2110 21 16 to
1829 2110 34 16 the

1273 2133 51 18 date.

722 2709 171 24 SHIPPING
911 2709 275 25 INTELLIGENCE.

885 2767 146 21 ARRIVED.

690 2794 58 21 June
762 2795 33 25 15,
811 2794 120 26 brigantiae
950 2795 120 25 Vanguard,
1085 2794 95 28 Murray,
1197 2795 55 21 from

663 2822 94 20 Akaroa.

692 2849 57 21 Jane
759 2850 34 24 16,
800 2849 105 20 schooner
918 2850 112 20 Susannah
1045 2850 56 24 Ann,
1119 2849 132 27 Dougherty,

663 2877 57 20 from
728 2878 37 19 the
774 2878 65 19 coast.

904 2922 115 20 SAILED.

694 2949 57 20 June
770 2950 33 24 15,
823 2949 105 20 schooner
944 2950 101 27 Blossom,
1064 2950 36 25 44,
1120 2950 78 26 Tulett,
1219 2952 36 19 for

666 2978 36 19 the
713 2977 103 20 Chatham
826 2976 91 21 Islands.

893 3020 34 21 IN
942 3016 85 26 PORT.

694 3054 84 27 Barque
796 3053 113 26 Clydeside,
919 3054 41 20 256
975 3055 57 22 tons,
1052 3053 42 27 Mat
1094 3053 86 27 Meson,
1195 3056 59 20 refit-

667 3083 55 25 ting.
751 3081 66 21 Waitt
826 3081 42 20 and
877 3081 73 26 Tyser,
958 3081 89 26 Agents.

696 3109 54 27 Ship
758 3109 92 26 London,
863 3109 41 20 700
915 3110 56 23 tons,
981 3109 97 25 Atwood,
1088 3109 35 21 for
1132 3109 121 28 Sincapore.

668 3137 69 21 Waitt
744 3137 41 20 and
794 3136 72 26 Tyser,
880 3136 89 26 Agents.

683 3165 8 13 -'
697 3164 65 27 Sloop
771 3164 67 25 Royal
854 3164 101 25 William,
971 3164 36 24 43,
1024 3163 84 22 Lovett.
1143 3165 76 26 Agent,
1230 3165 22 20 J.

669 3192 34 21 M.
714 3192 85 26 Taylor.

698 3220 107 20 Schooner
815 3219 117 24 Catherine,
941 3219 25 20 25
975 3218 77 21 Smith.
1066 3218 77 27 Agent,
1151 3220 21 20 J.
1183 3220 75 21 Wade.

697 3247 108 20 Schooner
813 3246 79 24 Fidele,
904 3246 94 21 Cemino.
1028 3247 77 25 Agent,
1116 3247 22 21 J.
1148 3248 71 20 Wade.

699 3274 108 21 Schooner
821 3274 128 26 Harlequin,
960 3274 26 20 64
1000 3276 56 22 tons,
1068 3274 84 27 Fhelps.
1179 3276 80 26 Agent,

670 3302 22 21 J.
702 3302 76 20 Wade.

697 3330 85 26 Barque
791 3329 78 25 Bright
882 3330 84 24 Planet,
977 3329 49 25 187,
1037 3328 116 22 Morrison.
1179 3330 81 26 Agent,

671 3357 23 21 J.
704 3357 75 20 Wade.

700 3384 110 20 Schooner
827 3383 90 21 Thomas
934 3384 66 26 Crisp,
1018 3384 48 24 175,
1076 3384 76 20 Beard.
1180 3385 78 26 Agent,

673 3411 49 26 Hay
732 3411 42 21 and
783 3411 125 20 Machattie.

701 3439 107 20 Schooner
821 3439 66 24 Kate,
907 3438 34 25 70,
958 3437 63 21 Reid.
1056 3438 76 26 Agent,
1150 3439 35 20 W.
1202 3439 59 21 Fitz-

672 3466 95 21 herbert.

701 3493 123 27 Brigantine
840 3493 122 26 Vanguard,
983 3493 34 24 61,
1038 3493 94 27 Murray.
1171 3494 90 27 Agents,

673 3522 70 20 Waitt
752 3521 42 20 and
802 3521 74 26 Tyser.

702 3549 108 20 Schooner
819 3549 112 19 Susannah
939 3548 56 25 Ann,
1011 3547 27 21 79
1054 3549 57 24 tons,
1129 3547 133 28 Dougherty.

674 3576 79 27 Agent,
763 3576 23 20 J.
795 3576 75 20 Wade.

846 3634 123 22 CUSTOM
984 3634 106 21 HOUSE.

919 3702 111 15 IMPORTS.

708 3730 31 19 In
757 3735 46 14 the
1080 3734 66 15 from
1161 3729 104 21 Sydney.

706 3758 28 19 50
744 3757 50 26 tags
802 3758 62 22 flour,
879 3758 73 19 Order.
983 3758 40 19 125
1033 3757 50 25 bags
1093 3763 70 19 sugar,
1174 3757 12 20 6
1195 3757 72 23 phests

679 3786 41 22 tea,
735 3785 71 20 Order.
837 3785 26 19 14
873 3784 51 26 bags
933 3785 62 24 flour,
1007 3785 11 19 1
1030 3790 47 15 case
1087 3784 91 26 apparel,
1193 3785 12 19 5
1216 3784 50 24 bags

679 3811 112 27 groceries,
807 3812 25 20 21
845 3814 57 18 mats
915 3818 68 20 sugar,
1000 3813 13 18 5
1024 3811 64 21 boxes
1100 3812 10 19 1
1122 3811 63 21 tierce
1194 3811 72 30 groce-

679 3839 50 20 ries.
744 3839 71 20 Order.
844 3839 27 19 50
879 3839 78 20 barrels
965 3839 96 24 oatmeal,
1059 3839 7 13 4
1070 3840 26 20 18
1104 3839 63 20 boxes
1176 3838 82 27 candle*
1261 3857 5 5 ,

679 3867 42 20 480
732 3867 51 26 bags
791 3867 63 23 flour,
866 3867 53 19 1000
936 3866 50 26 bags
1003 3867 63 24 flour,
1087 3866 67 20 Order
1155 3859 47 27 AA
1219 3867 50 18 tea.,

680 3900 70 19 sugar,
770 3895 27 19 30
816 3894 64 20 boxes
901 3897 40 21 tea,
961 3895 25 18 25
1007 3894 50 25 bags
1075 3893 73 24 coffee,
1165 3895 68 26 20y:a
1247 3899 22 12 iv.

680 3921 69 26 pipes,
760 3923 12 19 9
788 3922 63 20 boxes
869 3924 41 20 tea,
929 3922 12 20 7
957 3921 56 20 bales
1023 3921 104 23 blankets,
1141 3921 13 19 2
1171 3918 81 23 dota'J-
1265 3935 4 7 ,

680 3950 28 19 34
720 3949 50 24 baps
779 3949 49 23 rice,
838 3949 19 19 J
872 3949 92 20 Salmon.
995 3949 24 18 11
1038 3947 60 21 casks
1101 3947 68 27 ;-'beef,
1169 3949 68 23 _,4ijcai
1240 3946 30 19 -k\

31 133 60 21 List
119 132 30 21 of
178 131 206 27 Subscriptions
411 129 124 21 towards
570 129 44 20 the

50 159 4 5 '
84 159 128 21 Erection
227 158 31 20 of
269 163 17 15 a
300 158 98 20 Scotch
412 156 108 21 Church
533 155 29 20 in

235 185 178 26 Wellington.

34 218 186 28 /COLONIAL
229 217 188 23 COMMITTEE
425 217 26 21 of
457 216 37 22 the
500 215 89 23 Church
595 215 24 21 of

34 246 41 22 V>>
90 245 112 27 Scotland,
210 252 41 21 per
261 245 55 22 Rev.
323 244 23 23 J.
357 242 193 24 M'Farlanelso
577 243 15 19 0

59 272 48 22 The
116 272 55 22 Rev.
183 272 22 21 J.
211 272 32 21 Ttf
246 272 100 21 'Farlane
523 271 26 19 10
577 270 14 19 0

60 299 91 27 Captain
165 299 52 27 Hay
537 296 12 20 5
577 295 14 20 5

60 326 88 26 George
157 326 98 26 Hunter,
267 325 57 26 Esq.,
336 324 43 21 J.P
537 322 12 20 5
577 321 14 20 5

61 352 89 21 Messrs.
161 352 70 21 Durie
242 351 45 22 and
297 352 30 21 Co
537 349 12 19 5
577 347 14 21 5

60 378 84 22 Robert
154 379 24 21 R.
190 379 88 26 Strang,
289 378 43 27 Esq
537 375 12 20 5
578 375 13 19 5

61 405 84 22 Robert
156 405 75 26 Waitt,
242 405 46 27 Esq
536 403 13 19 5
577 401 14 21 5

61 431 106 22 Kenneth
176 432 105 21 Bethune
527 429 22 23 J>
577 428 14 20 5

61 458 90 22 Donald
161 457 132 27 M'Donald,
306 458 61 26 Esq.,
383 455 126 23 Kai-warra
536 455 13 21 5
577 455 14 19 5

60 485 25 21 E.
98 485 115 26 Halswell,
225 485 51 26 Esq.
288 484 41 21 J.P
537 482 12 20 5
577 482 14 20 5

61 511 95 22 William
168 511 145 26 Fitzherbert,
322 511 47 27 Esq
525 509 26 21 10
578 510 15 19 0

60 539 86 20 Robert
155 538 65 26 Park,
233 537 43 28 Esq
536 535 13 21 5
577 536 14 20 5

59 565 92 21 Colonel
160 564 126 21 Wakefield
537 564 14 20 5
578 564 15 20 0

61 591 27 21 R.
101 591 28 21 D.
141 591 99 26 Hanson,
252 591 44 27 Esq
537 590 12 20 5
578 589 14 21 5

61 617 60 22 John
132 617 78 27 Smith,
222 618 61 27 Esq.,
295 617 72 21 Union
378 615 65 23 Bank
537 617 13 20 5
579 616 13 20 5

61 645 74 21 Rober
137 648 9 18 t
155 645 54 25 Tod,
221 644 45 26 Esq
538 644 12 20 5
579 642 14 20 5

64 671 120 22 Archibald
195 671 82 26 Shand,
289 671 59 26 Esq.,
360 669 110 22 Waiwatu
489 670 104 21 ..33

62 697 92 28 Captain
165 697 92 22 Rhodes
537 698 14 20 3
579 697 14 19 3

61 724 129 22 Alexander
200 724 70 27 Perry
537 724 14 20 3
579 723 13 20 3

62 751 105 22 Kenneth
177 751 136 26 Mathieson,
324 751 46 26 Esq
538 751 13 19 2
579 749 14 21 2

62 778 87 27 George
160 777 78 22 Butler
248 777 65 27 Earp,
325 777 46 27 Esq
539 777 13 20 2
579 777 14 20 2

62 804 97 22 William
170 805 99 26 Guyton,
281 804 43 27 Esq
539 804 14 20 2
580 803 15 20 2

62 831 99 21 Michael
174 831 109 26 Murphy,
295 831 44 26 Esq
539 831 14 19 2
580 829 15 21 2

62 858 35 20 W.
108 857 28 22 V.
149 859 93 24 Brewer,
255 857 45 28 Esq
539 857 15 20 2
580 857 15 20 2

61 885 26 21 T.
99 885 32 21 M.
143 884 121 26 Partridge,
277 884 43 27 Esq
539 884 14 20 2
580 883 15 21 2

64 911 42 21 Mr.
118 911 35 21 W.
164 911 60 26 Hay,
236 911 32 21 Te
278 911 47 21 Aro
540 911 14 19 2
581 910 15 20 2

62 939 40 21 Dr.
117 937 126 28 Fitzgerald
541 938 14 20 2
582 937 14 19 2

63 965 59 21 John
132 964 77 27 Wade,
221 965 45 26 Esq
541 964 14 20 2
582 964 15 20 2

63 993 29 20 A.
104 991 64 27 Hort,
180 992 44 26 Esq
541 991 14 19 2
582 991 15 21 2

63 1018 36 22 W.
110 1019 69 26 Lyon,
192 1018 46 27 Esq
541 1018 15 20 2
583 1018 14 20 2

63 1045 89 21 Messrs.
163 1045 119 21 Anderson
293 1044 44 22 and
346 1043 102 23 Rowand
493 1058 5 5 .
506 1057 5 6 .
541 1044 15 20 2
583 1045 14 19 2

63 1072 90 21 Messrs.
163 1071 77 21 Cullen
252 1071 43 21 and
302 1071 105 27 Simpson
438 1085 6 6 .
452 1085 5 5 .
541 1071 15 20 2
583 1073 15 19 2

63 1099 44 21 Mr.
118 1097 98 23 Andrew
225 1097 95 23 Duncan
493 1098 105 20 ..22

64 1125 43 21 Mr.
118 1123 35 23 W.
165 1125 94 27 Couper,
273 1124 93 26 (Thistle
376 1125 97 26 Tavern)
494 1125 104 20 ..22

63 1152 89 22 Messrs.
164 1152 73 20 Mnrin
247 1151 46 21 and
302 1151 86 21 Barker
440 1166 5 6 .
452 1165 6 6 .
493 1165 5 5 .
506 1165 5 5 .
544 1151 11 20 1
586 1152 10 20 1

64 1179 28 20 A.
104 1178 101 26 Ludlam,
218 1179 44 26 Esq
543 1178 10 19 1
585 1179 10 19 1

65 1205 25 21 E.
102 1205 125 27 Catchpool,
239 1205 45 27 Esq
543 1205 12 19 1
585 1206 11 19 1

64 1232 21 21 J.
99 1232 73 27 Tnglis,
184 1232 44 27 Esq
544 1231 11 20 1
586 1233 11 19 1

66 1259 27 21 G.
105 1258 93 27 Hunter,
207 1259 51 26 jun.
269 1259 42 26 Esq
544 1258 11 20 1
586 1259 11 21 1

65 1285 40 21 Dr.
117 1285 81 26 Butler,
210 1286 32 21 Te
254 1285 45 21 Aro
544 1285 11 20 1
586 1284 12 22 I

64 1313 90 21 Messrs.
169 1312 107 27 Wallace,
289 1312 80 27 While,
381 1312 19 21 &
417 1311 99 22 Wallace
545 1312 11 20 1
586 1313 11 20 1

66 1339 28 21 N.
106 1339 75 26 Levin,
193 1339 47 27 Esq
544 1339 12 20 1
586 1340 11 20 1

65 1366 90 21 Messrs.
166 1365 103 22 Johnson
281 1365 42 22 and
334 1366 78 21 Moore
440 1380 18 6 ..
494 1379 19 6 ..
544 1366 12 20 1
586 1367 11 19 1

66 1393 43 21 Mr.
121 1392 72 22 Grace
544 1393 12 19 1
587 1393 11 20 1

66 1419 43 21 Mr.
122 1419 28 21 G.
161 1419 28 21 D.
202 1419 113 21 Monteith
545 1419 11 20 1
587 1420 10 20 1

66 1446 44 22 Mr.
122 1445 81 26 Foster,
217 1446 35 26 (of
264 1446 97 27 Sydney)
546 1446 10 20 1
588 1447 10 19 1

67 1473 42 21 Mr.
121 1472 21 21 J.
153 1472 21 22 J.
186 1473 87 21 France
545 1473 11 19 1
587 1474 11 20 1

66 1500 44 21 Mr.
122 1499 97 21 Richard
229 1500 79 21 Brown
546 1500 10 20 1
588 1501 10 19 1

66 1526 44 22 Mr.
121 1525 83 23 Robert
214 1526 95 22 Jenkins
546 1527 12 19 1
588 1527 10 20 1

66 1553 45 21 Mr.
122 1552 87 28 George
219 1553 82 28 Young
546 1553 12 21 1
588 1554 10 20 1

66 1579 44 22 Mr.
122 1579 153 27 Honneyman
547 1581 11 19 1
588 1581 10 19 1

66 1607 43 21 Mr.
122 1606 116 27 Pharazyn
547 1607 11 20 1
589 1608 10 19 1

67 1633 44 21 Mr.
122 1633 88 27 Knight
546 1634 11 19 1
588 1635 10 19 1

68 1660 43 21 Mr.
122 1659 27 22 R.
162 1659 56 23 Seed
546 1661 11 19 1
588 1661 12 19 0

68 1687 43 21 Mr.
123 1687 87 26 George
221 1687 110 22 Crawford
548 1687 10 20 1
588 1688 10 19 1

67 1713 45 22 Mr.
123 1713 22 22 J.
156 1713 108 28 Jackson,
277 1714 48 26 (300
335 1714 47 21 feet
391 1713 91 26 timber)
496 1714 105 21 30

68 1740 89 22 Messrs.
167 1740 92 27 Wright
268 1741 42 21 and
320 1740 66 22 Clark
441 1755 6 5 .
456 1755 4 5 .
496 1755 6 5 .
509 1754 6 6 .
547 1741 11 19 1
589 1741 11 20 1

66 1767 45 22 Mr.
122 1767 26 22 T.
160 1767 141 27 O'Loughlin
548 1768 51 20 11

67 1794 44 21 Mr.
122 1793 60 22 John
192 1795 63 20 Rout
547 1795 11 19 1
588 1795 11 20 1

68 1821 43 21 Mr.
123 1820 68 22 Jabez
202 1821 67 21 Allen
548 1821 8 20 1
588 1821 10 20 1

68 1848 44 20 Mr.
123 1847 84 22 Robert
217 1848 86 21 Branks
548 1849 9 19 1
589 1849 10 19 1

68 1875 44 20 Mr.
123 1873 61 22 John
194 1875 88 21 Branks
548 1875 11 20 1
590 1875 9 20 1

68 1901 45 21 Mr.
129 1901 75 22 James
218 1902 118 21 Anderson
347 1901 91 26 (Evans'
452 1901 67 27 Bay,)
548 1902 10 20 1
590 1902 9 20 1

68 1928 44 21 Mr.
123 1927 130 22 Alexander
262 1928 134 23 Sutherland
407 1928 44 27 do.,
497 1942 5 6 .
510 1942 5 6 .
549 1929 51 20 11

68 1955 43 21 Mr.
123 1954 89 23 Donald
222 1955 111 22 Morrison
406 1955 44 26 do.,
496 1970 6 5 .
510 1969 5 5 .
548 1956 52 20 11

68 1981 43 22 Mr.
120 1981 131 22 Alexander
261 1982 123 22 M'Kenzie
394 1981 55 27 (Kai
458 1982 102 26 warra,)l
590 1983 10 20 1

68 2008 43 21 Mr.
122 2008 97 22 Duncan
229 2009 77 22 Fraser
443 2009 44 26 do.,
541 2010 17 19 4
588 2010 14 19 0

48 2034 65 23 '"Mr.
123 2035 68 21 Evven
202 2035 108 22 Cameron
442 2035 44 27 do.,
548 2036 12 20 1
588 2036 14 20 0

68 2063 45 20 Mr.
125 2063 88 26 Gregor
221 2062 124 27 M'Gregor
443 2061 42 28 do.,
548 2063 11 20 1
589 2063 13 20 0

69 2090 44 21 Mr.
124 2089 90 21 Donald
223 2089 125 27 Fergusson
443 2089 44 27 do.,
548 2090 12 19 1
589 2090 13 19 0

69 2116 44 21 Mr.
125 2116 84 21 Walter
218 2116 62 21 Scott
443 2115 44 27 do.,
548 2117 14 19 0
576 2116 26 21 10

70 2143 43 21 Mr.
125 2143 60 21 John
196 2143 116 22 Anderson
443 2143 44 26 do.,
548 2144 14 19 0
576 2143 26 20 10

70 2170 43 21 Mr.
125 2170 91 21 Donald
228 2170 127 24 M'Quarrie
444 2169 43 26 do.,
548 2171 14 19 0
589 2170 12 20 5

69 2197 44 21 Mr.
125 2198 89 26 George
222 2197 84 22 Barron
443 2196 45 27 do.,
549 2198 14 19 0
590 2196 12 21 5

69 2223 44 22 Mr.
125 2223 85 22 Robert
219 2223 80 22 Dickie
443 2223 44 27 do.,
548 2224 14 20 0
590 2224 11 20 5

70 2250 43 22 Mr.
125 2250 21 22 J.
157 2250 119 27 Burcham,
289 2250 78 22 Petoni
549 2252 14 19 0
577 2251 26 21 10

71 2277 43 22 Mr.
122 2277 96 22 Edward
229 2278 68 21 Davis
549 2278 14 20 0
590 2278 12 20 5

70 2304 43 21 Mr.
125 2304 25 22 E.
161 2304 70 22 Moon
549 2306 14 19 0
577 2305 26 20 10

70 2332 45 21 Mr.
126 2332 24 21 C.
162 2332 93 27 Harvey
551 2332 13 20 0
578 2332 26 21 10
617 2334 13 19 6

69 2358 46 21 Mr.
127 2358 33 22 W.
170 2358 72 22 Brash
550 2360 13 19 0
591 2360 12 19 5

71 2386 91 26 Captain
173 2385 100 22 William
285 2386 74 26 Stobo,
370 2385 84 27 barque
468 2386 55 20 Jane
550 2386 11 20 1
591 2388 12 19 0

71 2412 43 22 Mr.
126 2413 21 21 J.
160 2412 83 27 Fraser,
257 2412 164 27 (hair-dresser)
551 2414 12 19 0
579 2414 25 20 10

71 2440 44 21 Mr.
127 2439 124 22 Mounsher
551 2440 13 20 0
591 2440 12 20 5

72 2466 44 22 Mr.
128 2467 77 21 James
215 2466 81 28 Taylor
308 2467 88 26 (baker)
549 2468 14 19 0
578 2468 26 20 10

73 2493 43 22 Mr.
129 2494 28 21 G.
168 2494 27 21 B.
209 2494 80 21 Batten
551 2496 14 19 0
580 2495 25 20 10

72 2520 44 22 Mr.
128 2520 70 22 Jabez
210 2521 64 21 Dean
549 2522 14 19 0
579 2522 26 20 10

73 2546 44 23 Mr.
128 2547 98 22 William
237 2548 81 26 Taylor
329 2548 135 26 (carpenter)
500 2562 5 6 .
513 2562 5 6 .
549 2548 54 21 010

73 2574 45 21 Mr.
129 2574 21 21 J.
162 2574 80 22 Harris
255 2574 143 28 (bricklayer)
552 2576 11 19 1
593 2576 12 20 0

73 2601 44 21 Mr.
129 2601 20 22 J.
162 2601 63 22 Poad
552 2602 13 20 0
580 2603 25 20 10

74 2628 44 21 Mr.
130 2628 33 21 W.
181 2628 87 22 Hewitt
552 2630 14 19 0
581 2630 24 20 10

75 2655 43 22 Mr.
165 2655 80 22 Brown
551 2656 15 20 0
593 2656 11 20 5

75 2682 43 21 Mr.
130 2683 23 21 C.
163 2682 80 28 Cundy
552 2683 14 20 0
581 2684 25 20 10

76 2709 43 21 Mr.
166 2709 60 22 Neal
552 2710 15 20 0
593 2710 12 20 5

75 2736 46 21 Mr.
132 2737 21 21 J.
163 2736 75 28 Spiers
553 2737 14 20 0
581 2738 27 19 10

76 2762 44 22 Mr.
132 2763 85 27 Joseph
226 2763 123 27 M'Gregor
554 2764 14 19 0
583 2764 25 21 10

76 2790 91 26 Captain
179 2790 78 21 Roche
269 2790 68 26 (Lady
343 2790 77 26 Leigh)
451 2805 5 5 .
463 2804 5 6 .
504 2804 5 5 .
517 2804 6 5 .
554 2791 54 20 010

79 2816 43 21 Mr.
132 2817 78 21 James
219 2816 86 22 Wilson
555 2818 14 20 3
596 2818 13 20 0

76 2843 44 21 Mr.
132 2844 62 21 John
206 2844 111 27 Ferguson
556 2844 11 20 1
584 2845 25 20 10

77 2870 45 21 Mr.
133 2871 84 21 Robert
227 2870 68 22 Hood
556 2871 11 20 1
596 2871 13 20 0

77 2898 45 20 Mr.
133 2898 99 21 William
242 2897 68 23 Hood
557 2898 10 20 1
596 2898 14 20 0

78 2924 44 22 Mr.
134 2925 84 21 Robert
226 2925 94 21 Duncan
558 2925 11 20 1
597 2925 13 20 0

78 2951 45 21 Mr.
133 2952 97 21 Thomas
240 2952 97 22 Straiton
558 2952 13 19 0
586 2952 25 20 10

78 2978 45 21 Mr.
134 2978 61 22 John
207 2979 116 21 Waterson
557 2979 14 19 0
586 2979 25 20 10

78 3005 45 21 Mr.
135 3005 105 22 Solomon
252 3005 61 28 Levy
558 3005 13 20 0
586 3005 25 21 10

78 3032 45 21 Mr.
134 3032 97 22 Thomas
242 3033 62 21 Scott
558 3032 12 20 1
598 3033 14 19 0

80 3058 43 22 Mr.
135 3059 28 22 D.
175 3059 136 22 Sutherland
559 3059 10 20 1
599 3060 13 19 0

80 3085 44 22 Mr.
137 3086 96 22 William
252 3086 47 22 Tod
560 3087 13 19 0
588 3086 24 21 10

81 3112 44 22 Mr.
137 3113 77 21 James
228 3113 66 26 Blyth
558 3113 14 20 2
600 3114 13 19 0

80 3139 45 21 Mr.
137 3140 77 22 James
224 3139 70 23 Sellar
558 3139 14 20 2
599 3140 13 20 2

81 3166 24 21 P.
118 3167 27 21 D.
158 3167 73 26 Hogg,
245 3167 44 27 Esq
560 3167 14 20 3
600 3167 14 20 3

82 3193 22 21 J.
115 3193 32 22 M.
159 3193 127 27 McCarthy,
297 3194 44 27 Esq
561 3193 11 20 1
601 3193 11 21 1

82 3219 59 22 John
151 3220 79 26 Lewis,
243 3221 44 27 Esq
560 3220 54 20 22

72 3246 3 9 '
82 3247 40 21 Dr.
134 3247 84 26 Stokes,
231 3247 45 28 Esq
560 3247 14 21 3
600 3247 14 20 3

82 3273 45 22 Mr.
137 3273 76 22 James
222 3273 70 23 Smith
562 3274 9 20 1
602 3274 11 20 1

82 3300 56 22 Rev.
150 3301 44 21 Mr.
202 3300 85 22 Aldred
561 3301 14 20 2
601 3301 14 20 2

83 3355 100 21 Amount
193 3353 90 28 already
292 3353 129 23 subscribed
514 3353 62 25 358
591 3355 25 20 13
630 3355 7 20 (

84 3388 83 21 Parties
172 3387 51 22 who
228 3386 57 23 have
297 3391 39 18 not
346 3387 54 28 paid
409 3387 59 22 their
477 3387 158 27 subscriptions

57 3422 37 14 are
113 3413 142 29 respectfully
274 3414 118 27 requested
415 3417 24 19 to
463 3414 29 22 do
511 3421 23 15 so
560 3418 23 17 to
606 3414 31 21 th(

57 3442 125 26 Treasurer,
202 3440 46 23 Mr.
264 3440 108 23 Kenneth
391 3441 110 27 Bethune,
522 3440 31 28 by
570 3440 67 22 whorr

57 3468 85 22 further
151 3468 118 21 donations
280 3467 43 22 will
331 3467 30 22 be
371 3467 129 27 thankfully
506 3467 111 23 received.

85 3501 143 28 Wellington,
240 3501 59 21 June
309 3502 32 25 16,
353 3501 61 21 1842.

60 3547 106 48 MISS
186 3545 115 27 WHITE,
318 3552 56 15 STAT
390 3552 48 15 AND
457 3552 82 15 CORSET
559 3553 78 15 MAKER

136 3574 57 21 from
203 3573 56 22 Mrs.
268 3571 128 28 Huntley's,
405 3571 176 28 Regent-street,
590 3573 46 21 Lon

60 3600 44 23 don
110 3608 5 19 ;
130 3600 54 27 begs
194 3604 23 17 to
227 3599 82 22 inform
318 3599 38 22 the
367 3598 71 22 ladies
450 3599 25 21 of
485 3599 53 21 Port
555 3599 81 22 Nichol

59 3635 47 19 son,
117 3627 46 22 that
173 3627 40 21 she
222 3627 40 20 has
271 3625 145 23 commenced
420 3625 103 22 business
530 3628 24 19 at
563 3625 74 28 Pipitei

61 3654 54 28 Pah,
125 3661 55 15 near
189 3653 39 22 the
238 3654 67 21 Court
315 3653 85 22 House.

142 3694 44 16 N.B.
217 3694 14 14 A
242 3694 118 14 COMPLETE
370 3693 71 15 STOCK
450 3693 25 15 IN
485 3692 82 15 TRADE.

88 3721 61 22 June
158 3721 34 27 17,
204 3721 60 22 1842.

63 3767 67 48 TO
148 3766 40 23 BE
209 3765 86 27 SOLD,
309 3766 25 22 in
349 3766 43 21 lols
407 3767 24 20 to
450 3765 45 22 suit
512 3764 125 28 purchasers

128 3793 37 23 the
181 3792 72 23 whole
271 3794 25 20 of
306 3795 61 19 town
382 3799 51 14 acre
450 3791 44 25 No.
506 3792 46 26 134,
569 3799 28 14 on
612 3791 24 22 th

62 3820 53 27 plan
126 3820 138 22 oftheTown
272 3820 23 21 of
299 3819 145 27 Wellington,
450 3818 83 26 having
538 3817 99 28 frontage

63 3851 22 17 to
94 3847 191 21 Taranaki-street
293 3846 46 22 and
349 3846 198 27 Ingestrie-street.
576 3845 61 22 Term

62 3873 84 23 liberal.
174 3873 78 27 Apply
262 3876 23 18 to

401 3899 36 22 W.
449 3898 28 23 V.
489 3898 107 26 Brewer,

459 3926 174 22 Manners-stree

93 3953 56 23 June
158 3952 34 28 17,
205 3954 60 21 1342.

1393 2188 101 21 XJotica
1509 2190 28 19 to
1553 2189 181 20 Subscribers.

1276 2228 76 25 Papers
1367 2227 44 19 will
1423 2228 36 18 not
1475 2227 23 19 be
1512 2227 45 19 sent
1573 2227 20 19 io
1606 2232 87 19 2>ersons
1707 2227 64 25 living
1787 2227 37 19 out
1842 2225 27 24 of

1301 2263 55 20 Port
1365 2262 121 24 NicJiolson,
1503 2262 68 19 unless
1585 2263 154 23 arrangements
1753 2268 37 13 are
1805 2261 60 20 made

1298 2297 36 23 for
1345 2297 33 20 tlie
1383 2297 102 25 payment
1494 2296 27 25 of
1526 2296 35 20 the
1570 2301 61 21 same,
1644 2296 90 25 thrvvgh
1745 2302 27 13 an
1785 2296 78 25 Agent,

1301 2333 23 17 ai
1336 2331 134 24 Wellington.

729 126 246 25 GOVERNMENT
1003 125 141 24 NOTICE.

870 165 146 27 Wellington,
1028 164 60 22 June
1098 166 34 25 10,
1144 165 60 21 1842.

644 200 148 49 NOTICE
812 199 27 22 IS
861 198 130 23 HEREBY
1016 198 108 26 GIVEN,
1150 198 47 22 that
1219 205 12 14 a

727 226 87 27 County
823 226 67 21 Court
901 226 24 21 of
932 224 57 23 Civil
998 224 47 22 and
1054 224 105 22 Criminal
1168 225 63 22 Judi-

645 256 75 19 cature
730 253 37 22 for
776 253 36 21 the
823 252 110 22 Southern
943 251 94 22 District
1047 252 25 21 of
1082 251 58 22 New
1150 252 79 26 Ulster,

644 280 45 21 will
708 280 27 21 be
754 279 90 26 holden,
861 278 78 21 within
958 277 37 22 the
1015 278 70 21 Court
1106 278 84 27 House,
1209 282 22 18 at

645 306 139 26 Wellington
803 305 117 27 aforesaid,
941 311 30 15 on
992 304 110 27 Tuesday,
1129 305 38 21 the
1184 306 47 21 21st

644 333 91 26 instant,
748 336 22 18 at
780 334 26 20 10
812 331 87 22 o'clock
908 332 23 21 in
939 331 37 22 the
992 331 109 21 forenoon
1117 332 112 26 precisely,

645 360 65 21 when
720 359 31 22 all
758 366 89 20 persons
859 359 73 21 under
946 357 160 27 recognizance
1120 361 21 18 to
1152 365 79 20 appear

645 393 25 14 as
678 390 146 22 prosecutors,
836 385 121 26 witnesses,
969 391 24 14 or
1002 384 138 27 defendants,
1157 385 74 21 before

645 412 56 22 such
708 412 75 26 Court,
794 419 36 14 are
838 412 105 27 required
953 414 21 18 to
981 411 50 27 give
1039 410 56 22 their
1101 412 129 21 attendance

644 439 56 22 then
708 438 45 22 and
765 439 72 26 there;
852 438 46 21 and
908 438 29 21 all
952 444 91 20 persons
1057 437 49 22 who
1123 437 56 22 have
1194 446 37 20 ap-

644 466 62 27 peals
716 468 24 19 to
749 466 108 26 interpose
869 472 25 14 or
904 464 63 22 other
979 464 102 21 business
1098 468 22 17 to
1136 468 96 19 transact

646 499 37 14 are
694 492 88 21 desired
793 496 22 17 to
830 492 51 26 give
892 492 57 21 their
964 490 140 28 attendance,
1122 492 54 21 time
1188 491 44 22 and

645 519 64 27 place
720 518 115 23 aforesaid.

889 544 95 23 Robert
1003 544 28 21 R.
1052 544 99 28 Strang,

969 577 65 22 Clerk
1043 577 25 22 of
1080 577 37 22 the
1128 578 76 23 Peace.

733 624 246 25 GOVERNMENT
997 624 141 24 NOTICE.

710 664 60 20 Sale
800 663 30 20 of
856 663 178 20 Condemned
1063 663 102 21 Goods.

866 696 92 22 Custom
968 696 86 26 House,
1063 696 142 29 Wellington,

937 723 70 21 -June
1019 724 33 26 16,
1064 724 61 20 1842.

649 757 99 48 TWO
767 756 130 23 ULLAGE
918 756 86 22 PIPES
1022 756 131 23 GENEVA
1174 758 59 26 (con-

725 783 97 22 demned
830 783 78 27 goods)
918 783 44 22 will
971 783 27 20 be
1005 783 51 22 sold
1065 786 23 18 at
1098 783 37 22 the
1146 784 88 22 Custom

649 810 87 27 House,
748 818 29 14 on
788 810 149 27 Wednesday,
948 809 37 22 the
1000 809 45 22 22d
1060 814 97 23 current,
1173 814 22 19 at
1210 813 25 20 12

650 837 94 28 o'clock,
755 845 67 14 noon.

950 864 24 21 P.
990 863 30 22 D.
1037 863 78 26 Hogg,

1036 890 171 23 Sub-Collector.

777 934 141 21 Desirable
933 936 178 19 Investment.

652 968 160 48 MESSRS.
825 968 94 27 HORT,
930 968 159 27 MOCATTA,
1101 969 67 21 AND
1183 970 51 27 CO.,

730 995 46 21 will
786 995 53 21 offer
848 995 36 21 for
901 995 52 26 sale,
962 995 31 26 by
1004 994 78 22 Public
1094 996 102 27 Auction,
1207 1004 28 14 on

650 1021 125 28 Thursday,
791 1022 37 21 the
841 1021 53 22 30th
909 1021 89 27 instant,
1009 1025 25 17 at
1049 1023 26 20 12
1091 1022 83 22 o'clock
1189 1031 48 20 pre-

651 1048 76 27 cisely,
746 1056 28 14 on
796 1048 36 22 the
850 1048 88 27 ground
957 1051 22 18 at
997 1048 183 28 Tinakore-road,
1200 1051 37 20 the

650 1075 73 22 whole
741 1076 26 20 of
779 1075 36 21 the
831 1078 60 18 town
902 1082 56 19 acre,
970 1075 37 21 the
1017 1080 103 22 property
1131 1076 25 21 of
1164 1076 73 22 James

651 1102 70 26 Watt,
732 1101 61 28 Esq.,
806 1101 94 26 (second
910 1109 48 14 acre
969 1102 57 21 from
1035 1102 92 28 Captain
1138 1103 97 28 Smith's)

652 1129 134 21 subdivided
805 1129 45 21 into
875 1129 102 26 building
995 1129 135 22 allotments.
1167 1130 70 22 Three

652 1163 55 19 very
725 1155 152 22 commodious
896 1155 210 28 wooden-cottages,
1124 1156 52 22 with
1189 1158 49 21 zinc

651 1183 68 26 roof's,
730 1189 39 15 arc
779 1182 89 27 already
881 1183 89 22 erected
979 1190 29 14 on
1023 1182 61 22 three
1094 1183 26 21 of
1126 1183 38 21 the
1177 1184 61 21 allot-

651 1212 82 24 ments,
746 1209 54 22 each
809 1209 132 28 containing
950 1209 50 21 four
1013 1216 76 15 rooms
1105 1210 45 21 and
1164 1218 13 13 a
1190 1218 48 20 pas-

652 1243 60 20 sage,
720 1236 43 22 and
774 1236 49 22 well
831 1236 65 22 fitted
904 1237 25 21 in
939 1244 66 19 every
1012 1240 91 24 respect,
1116 1237 45 21 and
1171 1244 34 15 are
1216 1241 23 18 at

774 1266 89 24 present
871 1263 33 21 let
912 1263 36 21 for
956 1263 32 22 1
998 1270 41 21 per
1049 1263 68 22 week.

919 1298 62 19 ALSO,

652 1323 135 22 TWENTY
798 1324 147 22 SECTIONS
960 1324 35 21 IN
1011 1324 119 22 WADE'S
1139 1325 98 22 TOWN.

708 1350 82 22 Lunch
798 1350 44 22 will
850 1351 29 21 be
889 1350 106 28 provided
1004 1358 30 14 on
1045 1352 36 20 the
1091 1352 93 26 ground.

856 1385 87 27 Terms,
953 1385 86 21 liberal.

681 1411 61 22 June
755 1412 32 26 17,
799 1412 59 21 1842.

655 1456 73 48 ON
744 1456 84 27 SALE,
845 1463 30 15 ex
895 1458 88 19 Thomas
999 1458 66 26 Crisp,
1081 1459 93 24 London,
1195 1459 44 21 and

732 1481 110 28 Agnedk

682 1510 60 21 First
750 1510 88 32 flourjin
848 1512 48 26 100,
908 1513 46 26 150,
966 1511 45 22 and
1020 1513 41 21 200
1070 1512 30 22 lb.
1110 1513 62 26 bags,

682 1536 57 22 Fine
751 1537 87 22 Chilian
849 1537 38 23 do.

683 1564 100 21 Seconds
793 1564 61 28 flour,

682 1590 75 22 Patna
765 1591 52 27 rice,

682 1617 79 22 Finest
769 1618 94 21 Manilla
873 1625 73 21 sugar,

682 1644 103 22 Tobacco
795 1644 23 22 in
827 1645 87 27 tierces,
925 1646 54 27 duty
988 1647 54 25 free,

682 1670 94 28 Brandy
783 1672 23 20 in
814 1671 67 22 hhds.

683 1698 46 21 Gin
740 1698 23 21 in
774 1702 88 24 quarter
873 1699 63 22 casks
948 1699 43 22 and
998 1699 66 23 hhds.

682 1724 62 22 Rum
754 1725 23 21 in
787 1725 63 21 hhds.

682 1751 95 27 Arrack,
786 1752 49 21 best
845 1752 55 22 East
909 1753 71 26 India,

682 1778 55 21 Port
746 1779 44 21 and
800 1779 76 27 sherry
886 1780 24 21 in
920 1780 63 22 hhds.
991 1781 45 21 and
1046 1783 88 25 quarter
1144 1781 68 27 casks,

683 1804 61 28 Port,
762 1805 82 28 sherry,
870 1806 107 26 Madeira,
997 1812 47 17 and
1062 1808 135 27 champagne
1217 1808 23 22 in

654 1831 71 22 bottle
734 1839 5 19 ;
757 1832 136 22 Rutherford
904 1834 45 22 and
958 1835 75 26 Drury
1044 1835 77 26 brand,

683 1858 44 22 Ale
738 1860 24 20 in
772 1861 13 19 6
797 1859 69 21 dozen
875 1861 69 26 casks,

683 1885 53 21 Coir
744 1893 59 20 rope,
816 1889 33 18 tar
859 1887 47 21 and
915 1887 68 27 pitch,

682 1912 23 21 A
715 1913 85 27 variety
810 1913 26 21 of
842 1913 67 28 slops,

683 1940 66 21 Sawn
759 1940 78 21 timber
845 1940 60 22 from
915 1941 36 21 the
962 1941 67 26 Hutt,
1042 1941 28 22 all
1080 1941 74 22 kinds.

974 1974 84 23 Waitt
1073 1975 44 22 and
1131 1976 82 22 Tysxr.

682 1999 145 28 Wellington,
839 2000 60 21 June
910 2003 32 22 16,
954 2002 60 20 1542.
1065 2013 19 7 ..
1092 2015 4 2 -
1149 1997 41 21 .*
1198 2009 11 9 -

658 2043 89 25 Tj^O
757 2044 83 26 SALE,
852 2051 28 14 ex
890 2046 92 23 London,
991 2045 32 27 by
1033 2046 35 21 the
1080 2046 160 26 Undersigned,

657 2068 34 24 _t?
730 2071 100 27 previous
841 2075 22 18 to
873 2071 89 29 leaving
970 2073 35 21 for
1015 2072 91 21 Nelson.

683 2098 54 21 Port
746 2098 65 21 Wine
821 2098 21 21 in
853 2100 71 21 wood.

683 2124 44 21 Do.
740 2125 35 21 do.
786 2125 21 21 in
817 2124 78 24 bottle.

685 2151 82 28 Sherry
776 2152 23 21 in

684 2178 45 21 Do.
741 2178 35 22 do.
786 2178 22 22 in
820 2179 76 23 bottle.

683 2205 94 28 Brandy
797 2207 8 20 1
918 2206 30 10 '"'

685 2232 62 22 Rum
799 2233 52 32 pin
863 2233 65 22 hhds.

686 2259 93 22 Geneva
793 2255 10 31 J

685 2286 58 21 Irish
754 2286 53 22 beef
814 2287 23 21 in
847 2287 87 21 tierces.

685 2312 128 29 Archangel
822 2314 56 27 pork
887 2314 24 22 in
920 2314 91 22 barrels.

687 2340 76 22 Crates
772 2341 25 21 of
803 2341 160 22 earthenware.

687 2366 134 23 Puncheons
830 2368 26 20 of
862 2368 65 26 glass.

687 2394 22 20 A
719 2395 101 26 quantity
829 2394 26 22 of
863 2396 62 20 boots
935 2394 44 22 and
988 2394 71 22 shoes.

687 2421 23 20 A
720 2421 64 21 small
793 2421 103 28 quantity
906 2421 24 21 of
937 2421 79 27 kersey
1025 2421 128 22 moleskins.

896 2454 106 21 Charles
1013 2453 101 28 Empson,
1127 2453 43 22 and
1180 2453 37 22 Co.

689 2479 112 23 Larnbton
811 2481 73 26 Quay,
896 2481 57 20 Jnne
964 2481 32 26 17,
1009 2481 62 22 1842.

661 2531 83 49 DR.
775 2531 175 27 TURNBULL,
980 2531 154 28 SURGEON,
1158 2532 89 22 intends

729 2559 120 28 practising
859 2558 38 22 the
908 2559 86 21 various
1004 2558 107 22 branches
1122 2559 26 21 of
1157 2559 33 22 his
1198 2567 50 20 pro-

660 2585 91 28 fession,
762 2585 45 22 and
821 2592 52 20 may
882 2585 35 22 for
933 2585 38 22 the
986 2589 90 24 present
1089 2586 30 22 be
1136 2585 113 23 consulted

661 2615 23 19 at
694 2613 75 21 Baron
782 2612 95 22 Alzdorf
879 2613 25 21 's.

689 2646 69 22 River
767 2647 65 25 Hutt,
844 2646 62 22 June
915 2646 34 28 17,
960 2648 60 20 1842.
