2529 4010
1880 504 217 23 WHOLESALE
2127 504 125 21 PRICES
2286 504 175 21 CURRENT.

1978 547 131 11 CORRECTED
2125 547 28 11 UP
2169 547 28 11 TO
2212 546 55 12 LAST
2284 547 79 11 NIGHT.

1922 3400 40 17 The
1973 3399 49 16 New
2032 3398 97 16 Zealand
2141 3398 92 16 Gazette
2239 3397 37 17 and
2286 3397 136 18 Wellington
2435 3400 58 15 Spec-

1903 3424 65 13 tator,
1973 3420 15 16 is
1995 3419 95 21 published
2096 3423 55 16 every
2157 3419 114 19 Wednesday
2281 3419 37 16 and
2329 3419 94 21 Saturday.
2445 3421 46 16 Sub-

1901 3442 61 20 joined
1969 3445 31 12 are
2008 3441 30 15 the
2046 3442 61 14 terms:
2109 3448 22 3 —

1923 3462 64 16 Price
1995 3465 24 12 of
2025 3465 40 12 the
2072 3461 75 15 Paper.
2147 3468 21 3 —
2168 3459 56 21 Forty
2229 3459 85 21 shillings
2320 3464 32 17 per
2362 3465 76 17 annum,
2449 3466 44 17 pay-

1903 3483 39 17 able
1948 3483 21 16 in
1975 3482 81 16 advance
2060 3487 4 14 ;
2075 3485 20 12 or
2101 3485 35 12 one
2143 3480 76 21 shilling
2224 3481 29 16 for
2258 3481 59 20 single
2324 3483 92 16 numbers.

1924 3504 188 16 Advertisements.
2112 3510 22 3 —
2135 3502 32 16 Six
2176 3501 47 17 lines
2234 3502 38 16 and
2281 3502 64 20 under,
2356 3504 26 16 3s.
2390 3504 30 16 6d.
2426 3504 28 17 for
2460 3504 31 16 the

1904 3525 39 16 first
1952 3525 96 17 insertion,
2059 3523 35 16 and
2105 3527 35 12 one
2150 3522 76 22 shilling
2231 3523 29 16 for
2266 3523 45 16 each
2317 3524 112 21 subsequent
2435 3525 57 17 inser-

1905 3546 47 19 tion;
1963 3545 48 17 from
2018 3544 30 16 six
2055 3546 17 14 to
2079 3546 30 14 ten
2116 3543 54 19 lines,
2178 3543 35 17 five
2220 3543 85 22 shillings
2316 3544 28 17 for
2354 3546 32 16 the
2397 3546 45 19 first,
2454 3546 36 16 and

1905 3571 33 12 one
1948 3565 77 20 shilling
2035 3565 36 16 and
2081 3564 86 20 sixpence
2178 3564 28 17 for
2216 3565 45 16 each
2272 3566 111 20 subsequent
2393 3567 98 19 insertion;

1905 3589 55 15 above
1971 3588 31 14 ten
2013 3586 52 18 lines,
2077 3586 34 16 five
2122 3585 86 20 shillings
2218 3586 28 16 for
2256 3586 32 16 the
2299 3587 39 16 first
2349 3588 31 15 ten
2390 3588 54 19 lines,
2456 3588 35 16 and

1905 3609 97 19 fourpence
2009 3610 32 17 per
2046 3606 36 16 line
2088 3606 29 16 for
2123 3607 32 15 the
2162 3610 64 13 excess
2233 3607 20 17 of
2261 3607 41 16 that
2309 3609 85 19 number;
2406 3609 37 16 and
2449 3610 43 16 two-

1905 3633 56 17 pence
1968 3632 33 17 per
2005 3628 39 15 line
2049 3628 28 15 for
2082 3627 46 16 each
2135 3628 113 20 subsequent
2252 3628 96 17 insertion.

1926 3648 155 18 Advertisements
2087 3647 39 17 will
2132 3650 33 14 not
2171 3653 66 16 appear
2247 3649 20 16 in
2278 3649 32 16 the
2320 3649 79 20 ensuing
2408 3650 78 16 number
2488 3659 5 11 k

1908 3671 15 16 if
1930 3669 85 18 received
2021 3669 46 16 later
2072 3669 45 16 than
2129 3669 20 16 10
2155 3669 74 20 o'clock,
2237 3674 49 15 a.m.,
2293 3675 24 12 on
2324 3670 30 17 the
2361 3674 94 17 mornings
2461 3671 30 16 be-

1907 3692 36 16 fore
1957 3690 118 21 publication.
2096 3690 159 18 Advertisements
2268 3690 39 17 will
2317 3692 21 16 be
2349 3691 99 17 continued
2455 3691 35 17 and

1907 3711 77 21 charged
1995 3711 49 16 until
2053 3711 165 21 counter-ordered;
2229 3712 47 17 such
2282 3712 53 17 order
2340 3713 50 16 must
2397 3713 22 16 be
2426 3714 40 15 sent
2472 3713 19 15 to

1908 3734 30 15 the
1947 3732 56 16 Office
2016 3733 35 15 two
2069 3732 43 19 days
2130 3732 62 17 before
2202 3732 119 21 publication,
2333 3734 35 15 and
2378 3735 51 14 must
2438 3734 22 15 be
2470 3733 20 16 in

1907 3754 78 19 writing.
2010 3752 155 17 Advertisements
2179 3754 83 16 received
2280 3754 52 21 after
2349 3755 20 16 10
2385 3753 68 17 o'clock
2467 3757 23 13 on

1908 3774 84 19 Tuesday
2004 3774 37 15 and
2051 3773 64 21 Priday
2125 3774 96 22 mornings
2231 3774 39 17 will
2279 3775 23 16 be
2313 3775 77 21 charged
2401 3775 51 16 twice
2460 3775 31 16 the

1909 3795 53 17 usual
1966 3795 55 16 rates.

1928 3816 31 17 All
1966 3816 67 18 orders,
2044 3815 157 20 advertisements,
2212 3816 38 17 and
2259 3816 164 17 communications
2434 3817 19 16 to
2463 3816 30 16 th«

1910 3837 69 19 Editor,
1985 3840 31 12 are
2022 3836 95 20 requested
2123 3838 19 15 to
2149 3838 22 15 be
2178 3837 99 17 addressed
2282 3838 18 16 to
2307 3837 38 17 this
2351 3836 55 18 Offift
2408 3849 5 4 .

1911 3882 74 17 Printed
1999 3882 36 16 and
2049 3882 96 20 published
2161 3887 55 16 every
2232 3882 114 21 Wednesday
2362 3883 36 16 and
2408 3882 87 20 Saturday

1930 3903 92 20 morning,
2036 3903 23 20 by
2077 3903 84 16 Samuel
2176 3904 89 18 Revahb,
2281 3905 20 15 at
2316 3904 31 18 the
2362 3904 54 16 Office
2432 3904 20 16 of
2463 3904 30 15 the

1931 3925 50 16 New
1994 3923 97 17 Zealand
2103 3925 92 16 Gazette
2207 3929 42 12 and
2262 3924 134 17 Wellington
2413 3924 82 17 Specta-

1930 3950 45 13 tor,
1987 3944 155 20 Manneri-street,
2151 3945 116 22 Wellington,
2279 3946 44 16 Port
2335 3946 104 18 Nicholson,
2452 3945 42 17 Xevr

1932 3965 86 19 Zealand.

536 41 98 45 &t)t
658 39 122 42 Weta
801 38 208 43 Zt&ianb
1034 36 193 47 <Ste?ctte
1249 35 92 40 attti
1366 32 303 47 Wttllinqton
1692 26 252 50 Spectator.

2219 573 16 17 £
2258 577 14 12 s.
2297 573 19 16 d.
2369 572 16 17 £
2407 577 16 12 s.
2449 573 19 16 d.

1880 603 61 21 Ale:
1959 601 29 23 In
1997 601 76 28 bottle,
2087 601 115 28 perdoz..
2221 603 13 20 0
2250 603 26 19 13
2303 603 14 19 0
2334 615 18 7 ..
2371 603 13 19 0
2399 603 26 20 14
2453 603 13 19 0

1979 629 89 27 Alsop's
2074 636 39 20 per
2120 628 54 22 hhd.
2185 643 4 5 .
2197 643 6 5 .
2221 630 13 20 8
2263 629 13 20 0
2303 629 14 19 0
2334 642 5 6 .
2346 642 6 6 .
2370 629 13 20 0
2411 630 13 20 0
2453 630 13 19 0

1880 656 98 21 Arrack
1986 663 6 14 :
2008 655 43 22 Per
2059 655 43 27 gal.
2112 655 25 21 in
2146 655 62 21 bond
2221 657 14 19 0
2265 656 10 19 1
2304 655 14 20 9
2334 669 18 5 ..
2371 656 13 20 0
2411 656 14 20 2
2452 659 14 19 0

1879 683 78 21 Bread
1966 690 5 14 :
1988 682 43 22 Per
2040 682 42 22 21b.
2094 682 50 22 loaf
2223 684 13 19 0
2264 682 13 20 0
2305 681 80 21 7..0
2412 683 13 19 0
2453 683 13 19 0

1879 710 72 21 Beef:
1968 709 77 26 Fresh,
2064 716 88 14 carcase
2168 716 41 20 per

1996 735 23 21 lb
2220 737 12 19 0
2261 735 12 19 0
2289 735 26 21 10
2333 748 18 6 ..
2369 736 14 19 0
2411 735 10 19 1
2451 735 14 20 0

1988 762 54 26 Salt,
2052 770 38 19 per
2104 763 68 21 tierce
2185 777 19 5 ..
2221 764 14 20 6
2252 763 25 20 10
2305 763 14 19 0
2335 775 18 5 ..
2373 763 14 19 0
2413 762 13 20 0
2454 763 14 19 0

1988 788 44 22 Do.
2042 796 37 18 per
2094 789 74 21 barrel
2185 803 5 6 .
2198 803 6 6 .
2221 791 15 19 4
2251 790 26 20 10
2304 789 15 20 0
2334 802 6 6 .
2347 802 6 6 .
2371 789 14 19 0
2412 789 13 19 0
2453 789 14 19 0

1880 815 106 22 Butter:
2002 815 65 26 Irish,
2075 823 41 19 per
2124 815 30 22 lb.
2186 818 51 19 ..0
2265 817 10 19 1
2305 816 14 19 9
2336 829 18 5 ..
2373 817 13 19 0
2413 815 14 20 2
2454 816 14 19 0

2002 841 136 22 Fresh.....
2223 844 14 20 0
2264 843 13 21 3
2305 843 13 19 3
2336 855 18 7 ..
2372 843 13 20 0
2413 843 14 19 0
2454 843 14 19 0

1880 874 82 16 Dranp
1967 875 11 15 v
1985 875 5 14 :
2006 868 58 21 First
2070 868 92 27 quality,
2171 876 39 19 per

2030 894 73 27 gallon
2113 895 24 20 in
2148 895 61 21 bond
2222 897 14 19 0
2264 896 13 20 6
2305 896 14 20 0
2335 909 6 5 .
2347 908 7 6 .
2372 896 13 19 0
2413 895 13 20 9
2453 895 14 20 0

1881 923 85 21 Brown
1987 921 85 21 Stout:
2096 928 41 20 per
2150 921 54 21 hhd.
2220 923 13 19 0
2261 923 14 19 0
2302 923 13 19 0
2333 935 17 5 ..
2371 922 13 19 6
2412 923 13 18 0
2453 922 12 19 0

1882 950 98 21 Cigars:
1993 947 100 28 Manilla,
2102 955 39 20 per
2148 949 60 26 1000,
2223 949 13 20 3
2265 949 12 19 0
2305 949 14 19 0
2335 961 18 6 ..
2371 948 16 20 4
2413 949 14 19 0
2454 949 14 19 0

1990 975 95 21 Inferior
2224 976 10 20 1
2252 976 25 20 18
2305 976 13 19 0
2335 987 19 7 ..
2371 975 14 20 2
2413 975 12 19 0
2453 975 14 19 0

1990 1001 218 27 Havannah,perlb.
2222 1004 13 19 0
2252 1003 25 19 16
2304 1003 14 19 0
2334 1015 18 6 ..
2372 1002 11 20 1
2413 1002 13 20 0
2453 1002 14 20 0

1990 1028 168 26 Chinsurahper
2165 1029 68 21 10001
2252 1029 26 21 10
2305 1029 14 20 0
2335 1041 18 7 ..
2371 1029 14 19 0
2413 1029 12 19 0
2453 1029 12 19 0

1990 1055 155 21 Alexandrian
2223 1057 54 19 110
2305 1056 80 20 0..0
2413 1056 12 19 0
2454 1056 13 19 0

1883 1084 87 21 Coffee
1977 1090 4 14 :
1993 1083 64 25 Java,
2068 1090 39 19 per
2115 1082 23 22 lb
2223 1085 14 19 0
2266 1083 11 20 1
2305 1083 15 19 4
2336 1095 5 6 .
2348 1095 6 7 .
2372 1083 13 19 0
2414 1082 10 20 1
2454 1083 14 19 6

1884 1111 101 21 Cheese:
2002 1109 104 21 Cheshire
2223 1111 14 19 0
2266 1111 10 19 1
2305 1109 81 20 6..0
2414 1109 13 19 0
2454 1110 14 18 0

2000 1136 55 21 Pine
2065 1135 73 28 Apple
2224 1138 13 19 0
2266 1137 13 19 0
2306 1137 80 19 0..0
2415 1135 10 20 1
2454 1135 14 19 2

2000 1162 73 22 Dutch
2225 1165 14 19 0
2267 1164 12 19 0
2307 1163 13 19 0
2336 1175 19 7 ..
2373 1163 14 19 0
2416 1162 10 20 1
2455 1163 14 19 0

1885 1191 104 21 Candles
1997 1196 4 14 :
2009 1188 92 27 English
2109 1196 56 19 wax,
2173 1196 40 19 per

2027 1215 23 21 lb
2225 1217 13 19 0
2266 1216 13 20 3
2306 1216 14 18 6
2337 1229 18 5 ..
2374 1216 13 20 0
2415 1215 13 19 0
2456 1216 12 20 0

2014 1241 79 22 Mould
2224 1244 13 19 0
2265 1243 14 19 2
2307 1243 48 19 0..
2374 1243 13 19 0
2415 1242 13 20 0
2455 1243 14 19 0

2015 1269 55 27 Dips
2223 1271 14 19 0
2265 1271 13 18 0
2305 1269 14 19 0
2336 1282 18 6 ..
2373 1269 13 19 0
2414 1269 13 19 0
2455 1271 13 17 0

1886 1297 92 22 Flour:
1987 1297 34 20 Ist
2026 1295 91 28 quality,
2128 1299 83 23 perton

2007 1322 26 22 of
2043 1324 53 20 2000
2106 1322 34 21 lbs
2209 1323 28 21 22
2265 1323 13 19 0
2306 1323 81 19 0..28
2415 1323 13 19 0
2456 1325 13 18 0

1983 1349 47 22 2nd
2040 1349 53 21 ditto
2214 1351 25 19 18
2267 1351 12 18 0
2307 1351 13 18 0
2337 1350 51 19 ..20
2416 1350 13 18 0
2456 1351 14 19 0

1887 1378 57 21 Gin:
1966 1377 53 21 Pale
2036 1377 24 20 in
2070 1376 59 21 bond
2225 1379 13 18 0
2265 1377 14 19 2
2307 1377 13 19 6
2336 1389 18 6 ..
2373 1377 14 19 0
2414 1376 13 20 3
2456 1377 14 20 0

1933 1405 63 24 Case,
2004 1405 15 19 4
2025 1403 35 26 gal
2070 1404 36 20 4-s
2114 1403 24 21 in
2148 1403 61 21 bond
2223 1405 10 19 1
2263 1403 14 20 2
2305 1405 48 19 0..
2373 1403 10 21 1
2414 1403 13 20 6
2455 1405 13 19 0

1886 1431 81 22 Hams:
1982 1430 128 27 Yorkshire,
2124 1438 40 19 per
2173 1429 23 22 lb
2206 1446 5 5 .
2225 1432 14 18 0
2267 1431 13 19 0
2308 1431 13 19 0
2338 1443 18 6 ..
2375 1431 13 19 0
2416 1431 13 19 0
2457 1431 15 19 0

1886 1459 126 20 Mustard:
2028 1457 42 21 Per
2078 1457 72 21 dozen
2226 1459 13 19 0
2255 1457 25 20 18
2308 1457 80 20 0..0
2417 1457 13 19 0
2458 1458 13 20 0

1886 1485 113 21 Mutton:
2021 1483 92 21 Carcase
2122 1490 40 20 per
2172 1483 22 21 lb
2206 1485 33 20 .0
2267 1485 13 19 0
2308 1484 13 19 9
2338 1497 19 6 ..
2375 1484 13 20 0
2416 1484 13 19 0
2444 1484 24 20 11

1886 1512 122 21 Muskets:
2023 1510 92 21 Walnut
2121 1509 93 23 stocked
2227 1512 13 19 0
2268 1511 12 19 0
2308 1511 14 19 0
2338 1524 19 6 ..
2375 1511 13 19 0
2404 1511 24 19 15
2457 1512 14 18 0

1886 1539 77 21 Milk:
1979 1537 98 27 Perpint
2227 1539 13 19 0
2268 1538 12 19 0
2308 1537 13 20 3
2338 1551 19 5 ..
2376 1538 12 19 0
2416 1538 14 19 0
2456 1538 16 20 4

1887 1566 42 21 Oil
1937 1573 5 13 :
1958 1563 105 26 Linseed,
2072 1570 40 21 per
2120 1563 77 27 gallon
2207 1565 33 20 .0
2267 1564 12 20 5
2308 1565 14 19 0
2339 1577 5 6 .
2351 1578 6 5 .
2375 1565 13 19 0
2417 1563 13 21 7
2458 1566 14 18 0

1960 1591 78 26 Black,
2043 1591 23 21 in
2071 1590 171 27 cask,pertoul6
2270 1592 12 19 0
2310 1591 14 19 0
2340 1605 18 5 ..
2376 1592 14 19 0
2418 1592 13 19 0
2458 1593 13 18 0

1998 1618 77 25 Sperm
2212 1619 25 21 75
2267 1618 11 19 0
2307 1618 12 18 0
2337 1631 18 7 ..
2374 1618 12 18 0
2416 1617 11 19 0
2457 1619 12 18 0

1887 1646 76 21 Pork:
1978 1644 77 27 Fresh,
2072 1651 88 15 carcase
2176 1652 40 19 per

2004 1671 22 21 lb
2227 1673 13 20 0
2268 1673 12 19 0
2308 1671 13 21 5
2338 1686 19 5 ..
2375 1673 13 19 0
2416 1673 13 19 0
2457 1671 14 22 7

1887 1699 63 21 Pork
1957 1707 7 13 :
1979 1698 67 27 Irish,
2056 1705 39 20 per
2103 1698 75 22 barrel
2190 1713 5 5 .
2204 1713 4 5 .
2227 1700 13 20 0
2268 1700 12 19 0
2310 1700 12 20 0
2340 1713 5 5 .
2352 1713 6 5 .
2376 1699 12 20 5
2405 1699 26 20 10
2459 1702 13 18 0

1887 1727 130 21 Potatoes:
2038 1725 55 21 New
2106 1725 108 28 Zealand,

2062 1760 39 19 per
2110 1755 38 18 ton
2227 1753 15 21 4
2268 1754 12 19 0
2310 1754 12 19 0
2339 1767 6 5 .
2352 1767 6 5 .
2376 1754 14 20 0
2417 1754 13 19 0
2458 1754 13 19 0

1887 1780 93 21 Porter
1990 1786 5 14 :
2024 1779 101 27 Dunbar,
2136 1779 24 21 in
2167 1779 47 22 hot.

2054 1813 39 20 per
2103 1805 42 22 doz
2228 1807 53 20 013
2310 1808 80 19 0..0
2419 1808 12 19 0
2459 1808 13 19 0

1996 1833 84 26 Bryant
2091 1833 45 21 and
2145 1833 69 21 Davis
2229 1836 13 18 0
2258 1834 24 20 13
2311 1835 13 19 0
2341 1848 18 4 ..
2378 1836 12 18 0
2419 1836 13 18 0
2459 1836 13 18 0

1888 1860 98 22 Pickles
1997 1867 5 14 :
2033 1859 115 28 Assoi^d,
2178 1867 39 20 per

2060 1887 57 26 doz.,
2141 1891 75 23 quarts
2232 1888 10 20 1
2273 1888 9 19 1
2313 1890 12 17 0
2343 1901 17 6 ..
2380 1889 12 19 0
2421 1889 12 18 0
2461 1888 13 18 0

1889 1914 72 21 Pitch
1974 1920 5 14 :
2012 1913 136 28 Stockholm,
2178 1921 40 20 per

2037 1941 71 20 barrel
2231 1942 13 20 0
2272 1943 12 18 0
2313 1944 13 17 0
2343 1955 17 6 ..
2381 1942 9 19 1
2409 1942 23 19 15
2464 1944 12 17 0

1889 1968 92 21 Plank:
2009 1967 54 21 Port
2083 1967 133 27 Nicholson,

2036 2000 39 20 per
2083 1995 41 19 100
2133 1994 47 20 feet
2192 2008 6 5 .
2206 2007 5 7 .
2230 1996 14 19 0
2271 1996 13 18 0
2312 1997 35 17 0.
2355 2008 5 4 .
2380 1996 7 18 1
2423 1996 5 18 1
2461 1998 12 16 o

1887 2020 69 21 Rice:
1970 2019 108 22 Common
2087 2026 40 21 per
2134 2022 49 19 cwt.
2194 2034 19 7 ..
2231 2022 14 19 0
2273 2027 11 13 v
2314 2026 11 15 v
2343 2034 18 6 ..
2383 2022 5 18 1
2421 2024 12 16 v
2461 2024 13 16 0

1970 2046 66 22 Good
2230 2048 12 20 1
2258 2048 25 20 10
2312 2048 12 20 0
2341 2061 19 6 ..
2378 2049 13 19 0
2419 2051 13 17 O
2460 2052 14 16 o

1889 2074 53 21 Rum
1950 2081 5 14 :
1973 2073 24 21 P.
2008 2073 27 21 B.
2046 2073 31 26 P.,
2092 2080 41 21 per
2141 2073 77 27 gallon

2009 2100 24 21 in
2048 2100 60 21 bond
2230 2102 14 19 0
2270 2101 14 20 4
2313 2101 11 19 0
2343 2114 17 6 ..
2380 2102 13 19 0
2420 2102 12 19 5
2461 2103 14 19 0

1889 2127 87 22 Sugar:
1993 2127 118 21 Mauritius
2120 2134 40 20 per
2167 2130 50 19 cwt.
2231 2130 13 18 0
2272 2129 13 19 0
2313 2129 13 20 0
2343 2142 18 6 ..
2380 2130 12 19 0
2420 2130 13 19 0
2461 2130 13 19 0

1998 2154 79 21 Brown
2092 2153 54 22 ditto
2229 2156 54 19 114
2310 2156 80 19 0..2
2419 2158 13 17 0
2460 2158 13 17 0

1999 2180 94 22 Refined
2108 2181 53 27 loaf,
2179 2188 39 20 per

2024 2207 23 22 lb
2232 2210 14 19 0
2273 2209 13 20 0
2314 2209 13 20 9
2344 2222 18 6 ..
2381 2210 13 19 0
2422 2210 12 19 0
2463 2210 13 19 0

2000 2234 94 21 Manilla
2113 2241 39 21 per
2166 2238 48 18 cwt.
2230 2238 14 18 0
2272 2236 12 19 0
2313 2236 13 20 0
2343 2249 18 6 ..
2380 2236 13 20 3
2421 2237 13 20 0
2461 2238 14 19 0

1891 2262 57 21 Salt
1957 2269 5 14 :
1978 2261 125 27 Liverpool,
2113 2269 40 19 per
2163 2265 39 18 ton
2211 2264 34 19 .4
2260 2263 25 20 10
2314 2263 12 20 0
2344 2276 4 6 .
2356 2276 6 6 .
2380 2262 13 20 5
2422 2264 12 19 0
2463 2264 12 19 0

1891 2289 58 21 Soav
1959 2297 5 13 :
1991 2288 101 21 Hawes's
2113 2288 104 27 London,

2016 2318 85 24 perton
2218 2317 27 20 30
2273 2317 13 19 0
2314 2317 12 20 0
2344 2330 18 5 ..
2381 2316 13 19 0
2423 2318 13 19 0
2464 2318 13 19 0

2009 2342 117 27 Liverpool
2218 2344 28 20 26
2273 2344 13 19 0
2314 2344 80 20 0..0
2422 2344 12 18 0
2463 2345 14 19 0

1892 2370 103 21 Starch:
2011 2369 72 21 Perlb
2233 2372 14 19 0
2275 2372 12 18 0
2315 2372 13 18 9
2345 2383 19 6 ..
2382 2372 13 19 0
2423 2372 14 19 0
2464 2372 14 19 0

1892 2397 129 21 Scantling
2030 2403 4 14 :
2051 2396 40 21 Per
2099 2398 40 19 100
2148 2396 54 22 feet.
2210 2412 6 5 .
2234 2398 54 20 OIS
2316 2398 13 19 0
2346 2410 5 7 .
2359 2410 5 6 .
2384 2398 10 20 1
2424 2398 13 19 0
2465 2399 12 20 0

1892 2424 128 21 Shingles:
2036 2422 41 22 Per
2084 2424 61 26 1000,
2154 2423 31 22 N.
2192 2423 27 22 Z.
2234 2425 12 20 1
2275 2423 19 22 7-
2317 2425 48 19 0..
2383 2425 14 20 2
2424 2425 15 20 2
2465 2426 14 19 0

2023 2450 68 26 Ditto,
2112 2450 29 21 V.
2152 2450 29 22 D.
2192 2450 27 22 L.
2233 2452 14 19 2
2275 2451 12 20 5
2317 2452 13 19 0
2347 2464 5 6 .
2359 2464 6 6 .
2383 2452 14 20 0
2424 2453 13 19 0
2465 2453 13 19 0

1892 2478 61 21 Tar:
1971 2476 54 22 Coal
2235 2479 11 20 1
2263 2478 26 21 10
2317 2478 13 20 0
2347 2491 19 6 ..
2385 2479 13 20 0
2425 2480 14 19 0
2467 2480 12 19 0

1974 2503 127 22 Stockholm
2237 2505 53 20 115
2319 2506 80 19 0..0
2426 2506 14 19 0
2467 2506 14 20 0

1892 2531 62 22 Tea:
1965 2530 81 27 Hyson
2051 2530 54 27 skin,
2112 2538 39 20 per
2161 2531 63 22 chest
2237 2533 14 20 0
2278 2533 13 19 0
2319 2532 13 20 0
2348 2532 52 21 ..10
2427 2533 14 20 0
2468 2534 13 18 0

1969 2558 92 26 Congou
2225 2560 27 19 12
2279 2560 14 19 0
2320 2560 47 19 0..
2387 2561 13 18 0
2427 2560 14 20 0
2468 2560 13 19 0

1892 2585 105 21 Tobacco
2006 2592 5 13 :
2025 2584 141 27 Negrohead,
2183 2593 40 19 per

2051 2611 29 21 lb.
2094 2611 24 21 in
2134 2610 60 23 bond
2236 2614 13 19 0
2278 2613 10 19 1
2319 2613 48 19 9..
2385 2613 14 20 0
2426 2613 15 20 2
2468 2614 14 19 0

1892 2638 164 21 Turpentine:
2072 2638 41 21 Per
2118 2638 100 26 gallon..
2236 2640 13 19 0
2277 2640 14 19 8
2319 2640 13 19 0
2348 2652 19 6 ..
2386 2640 14 19 0
2427 2640 14 20 0
2468 2642 13 18 0

1893 2664 161 22 Whalebone:
2071 2664 89 21 Perton
2223 2666 26 20 85
2277 2666 14 20 0
2319 2666 13 19 0
2348 2666 52 20 ..90
2427 2668 14 19 0
2468 2668 13 19 0

1894 2691 82 22 Wine:
1992 2691 87 27 Sherry,
2089 2698 41 20 per
2138 2691 51 27 pipe
2200 2693 51 20 ..28
2278 2694 13 19 0
2319 2693 13 20 0
2348 2693 52 20 ..40
2427 2694 14 19 0
2468 2694 14 20 0

2002 2718 71 27 Ditto,
2088 2725 41 19 per
2143 2718 79 22 dozen.
2238 2720 54 20 14
2319 2720 14 19 0
2342 2718 26 24 ;.\
2386 2720 14 19 2
2428 2721 14 19 0
2470 2722 12 19 0

1878 2746 4 10 i

1896 2772 121 22 Poultry:
2032 2772 79 27 Fowls,
2117 2779 41 20 per
2163 2772 50 27 pair
2219 2788 5 6 .
2239 2774 14 20 0

2031 2798 84 28 Ducks,
2125 2799 57 21 ditto
2202 2813 6 6 .
2215 2813 6 7 .
2240 2801 10 19 1

2033 2826 78 27 Geese,
2123 2826 56 21 each
2202 2841 18 6 ..
2240 2828 11 19 1

2031 2852 108 27 Turkeys,
2150 2853 57 21 each
2242 2854 10 20 1

2033 2879 102 27 Pigeons,
2145 2880 79 27 (wild,)

2057 2914 40 20 per
2106 2907 49 27 pair
2176 2921 45 7 ....
2240 2908 14 20 0

2032 2933 83 27 Ducks,
2124 2933 36 23 do.
2171 2934 29 22 do
2205 2949 5 6 .
2217 2949 6 6 .
2241 2935 14 21 0

1896 2961 62 22 Eggs
1965 2968 6 15 :
1987 2961 44 21 Per
2040 2960 71 22 dozen
2242 2962 14 20 0

2281 2773 12 20 8

2280 2801 13 19 0

2280 2827 13 20 0

2282 2854 13 20 0

2281 2908 14 20 0

2282 2935 13 19 5

2282 2962 15 20 4

2322 2774 13 19 0
2351 2786 19 7 ..
2388 2774 14 20 0
2417 2773 26 21 16

2322 2801 12 19 0
2351 2813 19 7 ..
2388 2802 14 18 0
2429 2801 15 20 0

2321 2828 13 20 0
2351 2841 18 5 ..
2388 2828 13 20 0
2428 2828 15 20 0

2322 2855 13 19 0
2352 2867 19 7 ..
2390 2855 13 20 0
2431 2855 14 20 0

2323 2908 13 20 0
2353 2921 18 6 ..
2390 2909 13 20 0
2428 2909 15 20 2

2324 2936 12 19 0
2353 2948 19 6 ..
2390 2937 14 19 0
2431 2938 14 18 0

2324 2963 13 19 0
2353 2975 19 7 ..
2390 2963 14 20 0
2431 2963 14 20 0

2471 2775 13 19 0

2471 2802 14 20 0

2470 2829 13 19 0

2471 2856 13 19 0

2471 2909 14 20 0

2473 2937 12 19 0

2473 2963 14 20 0

1898 3016 62 22 Cows
1969 3023 5 14 :
1989 3015 72 21 Milch
2228 3017 28 21 20
2283 3017 13 20 0

1898 3043 83 21 Mares
1989 3050 5 14 :
2009 3042 74 22 Brood
2226 3044 28 20 50
2282 3045 13 19 0

1898 3070 117 21 Working
2031 3069 119 22 Bullocks
2157 3077 5 14 :
2186 3069 42 23 Per

1923 3097 51 27 pair
2049 3093 26 23 \.
2228 3098 30 20 40
2284 3098 14 20 0

1898 3123 64 23 Hire
1974 3130 26 14 of
2011 3130 66 14 ditto
2083 3131 6 13 :
2105 3123 43 22 Per
2155 3123 52 28 day,
2216 3131 14 14 a

1924 3154 62 18 team
1995 3150 47 22 and
2048 3149 72 23 driver
2244 3151 10 21 1
2284 3152 13 19 0

1899 3177 87 23 Sheep:
2002 3177 63 22 Each
2242 3179 12 19 1
2282 3178 14 20 3

1899 3205 63 22 Boat
1972 3204 75 22 Hire:
2061 3204 43 22 Per
2110 3204 50 27 day,
2165 3204 64 22 with-

2089 3234 40 19 out
2138 3231 73 21 hands
2220 3247 6 5 .
2241 3232 13 20 0
2270 3231 26 21 10

2324 3017 12 19 0
2353 3017 51 21 ..30

2323 3045 13 19 0
2352 3044 52 20 ..90

2326 3098 12 20 0
2355 3097 51 21 ..60

2325 3151 13 20 0
2354 3163 19 7 ..
2390 3151 14 20 2

2324 3179 12 19 0
2353 3190 18 7 ..
2392 3179 10 19 1

2324 3232 12 20 0
2353 3244 19 7 ..
2391 3232 11 20 1

2431 3018 14 19 0

2430 3044 15 20 0

2433 3099 14 19 0

2433 3152 13 19 0

2432 3179 13 20 8

2432 3233 14 20 0

2472 3018 14 20 0

2472 3045 15 20 0

2474 3099 13 19 0

2474 3153 13 19 0

2473 3180 13 19 0

2473 3233 13 20 0

1902 3286 86 22 Wages
1994 3293 5 13 :

2029 3285 137 27 Mechanics,
2192 3292 40 20 per

2056 3312 60 21 week
2244 3307 30 26 2%
2286 3312 14 20 0

2039 3339 124 21 Labourers
2181 3352 45 6 ....
2246 3339 10 20 1
2273 3339 26 20 10

2328 3312 12 20 0
2357 3325 19 7 ..
2394 3312 14 21 3
2436 3314 14 20 0

2327 3339 13 20 0
2357 3352 19 7 ..
2396 3340 10 20 1
2423 3340 27 21 16

2477 3315 13 19 0

2477 3342 13 19 0

2060 114 78 20 Book
2151 114 128 25 Binding.

1880 147 112 50 BOOK
2020 147 136 22 BINDING
2180 147 58 22 done
2262 149 23 18 at
2308 146 37 21 the
2368 146 95 21 Gazette

1954 173 79 23 Office.
2288 196 3 4 .
2392 180 7 6 *

1880 219 86 48 FOR
1980 218 78 22 SALE
2071 220 23 19 at
2110 217 44 22 this
2170 218 69 27 office,
2258 217 79 27 Hymn
2351 216 73 21 Books
2438 216 24 21 in

1949 245 39 21 the
1997 245 74 21 native
2080 244 120 27 language.

1904 277 127 22 December
2039 278 33 24 28,
2084 278 60 21 1841.

1971 321 155 26 Stationery
2142 321 62 27 just
2217 321 150 26 unpacked.

1880 354 70 49 ON
1965 354 86 26 SALE,
2066 356 22 19 at
2097 353 38 22 the
2147 355 85 20 Gazette
2248 353 78 26 Office,
2342 360 30 15 an
2384 355 79 19 exten-

1954 380 48 23 sive
2012 380 44 21 and
2066 380 76 21 varied
2151 383 134 20 assortment
2300 380 26 21 of
2342 380 123 26 stationery

1880 408 24 22 of
1914 415 67 19 every
1992 407 141 27 description.

1905 441 101 25 January
2017 441 19 25 7,
2050 441 61 20 1842.

40 135 148 26 Township
205 134 30 21 of
251 135 36 19 Te
307 132 96 25 Maire,
419 137 37 15 on
470 132 44 19 the
534 130 88 21 banks

68 163 31 21 of
122 163 46 19 the
192 161 167 23 Manawatu,
380 160 55 19 two
458 158 67 25 days
547 156 76 21 walk

68 189 71 21 from
154 189 66 19 Port
233 186 160 22 Nicholson.

42 221 159 50 MESSRS.
219 219 94 26 HORT,
331 217 157 26 MOCATTA,
506 216 43 22 and
567 215 54 26 CO.,

119 248 57 21 have
301 245 142 22 instructions
457 243 56 22 from
527 243 35 21 the
571 248 52 21 pro-

40 275 94 27 prietors
150 274 102 21 Captain
269 273 27 21 E.
312 272 113 25 Daniell,
442 269 25 23 F.
484 270 30 22 A.
531 269 91 22 Moles-

41 308 90 20 worth,
143 307 44 15 and
199 299 21 22 J.
231 299 80 25 Watt,
322 298 88 25 Esaits.,
421 297 46 21 and
481 295 45 23 will
540 294 83 27 shortly

141 327 54 21 offer
202 326 36 21 for
247 326 45 21 sale
302 326 29 25 by
340 323 76 28 public
425 323 96 26 auction,

40 361 55 21 283
105 358 208 24 ALLOTMENTS
329 356 35 22 IN
378 356 64 22 THE
456 354 167 23 TOWNSHIP

223 385 39 22 OF
276 384 39 21 TE
330 382 111 23 MAIRE.

40 414 49 20 The
98 413 132 27 proprietors
246 410 114 26 intending
374 413 22 17 to
413 408 106 23 establish
534 415 12 14 a
555 410 68 19 town-

40 440 51 27 ship
101 443 23 18 at
138 440 130 21 Maiiawatu
281 437 57 21 have
356 436 55 21 been
427 439 22 17 at
459 438 62 24 great
530 436 62 25 pains
600 434 23 21 in

39 466 127 28 personally
182 465 128 25 examining
327 462 48 22 that
391 462 92 26 district,
505 461 43 22 and
565 468 58 13 were

40 494 113 20 fortunate
164 491 87 27 enough
262 494 22 17 at
294 490 37 21 the
341 490 44 21 late
399 488 106 22 selection
515 488 25 21 of
552 488 79 21 Coun-,

39 523 36 23 try
95 518 69 27 Land,
183 521 23 18 to
225 517 73 22 obtain
318 516 37 21 the
373 522 52 20 very
443 514 95 22 sections
552 513 73 22 which

40 545 111 28 appeared
160 548 22 18 to
192 544 61 21 them
261 544 38 21 the
315 546 58 18 most
387 541 88 27 eligible
486 541 43 21 and
541 540 84 22 advan-

40 576 93 23 tageous
147 571 34 22 for
197 571 37 21 the
249 576 102 22 purpose.
385 568 63 27 They
460 567 108 22 entrusted
585 567 39 21 the

172 597 141 27 preparation
322 596 26 21 of
358 595 37 21 the
405 595 54 27 plan
469 598 22 17 to

82 631 125 22 ROBERT
221 629 94 27 PARK,
330 629 62 26 Esq.,
408 628 174 25 SURVEYOR,

39 659 53 22 And
102 658 48 22 that
166 657 127 28 gentleman
310 656 40 21 has
367 655 109 27 surveyed
492 655 44 21 and
543 654 82 28 judici-

39 685 64 27 ously
113 684 46 22 laid
169 688 38 18 out
223 684 37 21 the
275 683 94 22 sections
379 689 23 15 as
418 689 13 14 a
446 681 114 28 township,
571 681 54 21 with

221 710 72 28 ample
301 716 99 15 reserves
409 709 35 21 for

40 745 143 27 WHARFS,
212 743 110 25 QUAYS,
347 742 184 26 EXCHANGE,
559 741 66 22 CUS-

99 772 69 21 TOM
183 770 110 26 HOUSE,
310 769 134 22 MARKET
459 768 105 26 PLACE,

42 798 138 25 CHURCH,
207 796 153 26 CEMETRY,
387 795 102 22 COURT
513 795 110 26 HOUSE,

114 825 67 22 AND
197 822 181 24 BOTANICAL
393 822 157 26 GARDENS,

41 852 45 22 and
103 854 103 24 amongst
221 850 62 22 other
303 849 74 27 things
396 856 13 14 a
426 856 88 14 reserve
534 848 34 22 for
587 847 38 22 the

146 883 193 23 MECHANIC'S
355 882 165 22 INSTITUTE

40 911 41 22 has
91 915 40 18 not
145 912 55 21 been
218 909 139 23 overlooked.
385 909 48 22 The
447 908 108 28 township
572 915 55 15 con-

41 939 52 21 sists
103 939 25 21 of
139 939 39 21 586
188 938 132 25 allotments,
332 936 25 22 of
368 935 73 22 which
449 935 37 21 the
495 935 130 28 proprietors

39 966 74 21 retain
129 972 40 14 one
185 965 50 21 half
246 965 22 21 in
286 963 56 21 their
357 970 50 14 own
423 962 79 27 hands,
514 963 43 21 and
571 962 55 22 offer

114 992 34 21 for
157 991 44 22 sale
211 991 37 21 the
256 989 134 27 remainder,
400 989 122 26 consisting
532 989 24 21 of

96 1027 52 20 283
165 1024 178 23 HALF-ACRE
358 1023 216 22 ALLOTMENTS.

42 1052 48 22 The
106 1053 126 21 allotments
246 1052 34 21 for
297 1050 44 22 sale
358 1050 44 21 and
418 1057 87 14 reserve
522 1057 55 14 were
588 1049 38 22 de-

43 1079 65 22 cided
122 1080 30 26 by
167 1080 38 26 lot,
217 1078 44 22 and
277 1077 64 22 while
357 1076 37 22 the
410 1076 132 28 proprietors
557 1076 70 22 selec-

42 1106 38 21 ted
96 1106 57 21 their
171 1113 54 19 own,
237 1105 49 22 Mr.
298 1104 64 21 Park
373 1103 65 22 chose
448 1103 62 21 those
520 1102 107 23 intended

42 1133 35 21 for
86 1132 53 27 sale,
150 1132 71 21 which
237 1139 35 14 are
288 1130 116 27 decidedly
413 1130 73 21 better
495 1137 29 14 on
538 1137 26 14 an
574 1137 52 14 ave-

42 1167 54 19 rage
105 1159 54 22 than
171 1159 61 21 those
242 1157 72 23 which
322 1157 36 21 the
366 1157 131 26 proprietors
503 1156 56 22 have
567 1156 59 22 been

126 1186 92 21 enabled
228 1189 23 18 to
260 1191 87 15 reserve
357 1184 35 21 for
402 1183 141 22 themselves.

42 1219 64 21 THE
122 1219 114 21 WHOLE
251 1218 38 22 OF
303 1217 64 21 THE
381 1217 160 21 PROCEEDS
552 1217 24 21 of
588 1217 37 21 the

295 1244 78 22 SALE

188 1271 44 23 will
242 1272 28 21 be
280 1270 117 28 expended
407 1278 28 14 on
444 1269 38 22 the

96 1304 235 23 IMPROVEMENT
345 1304 39 21 OF
398 1304 64 21 THE
476 1303 97 27 TOWN,

286 1331 45 22 and
346 1330 37 22 the

44 1358 236 23 CONSTRUCTION
299 1358 38 21 OF
359 1357 139 28 WHARFS,
515 1357 110 27 QUAYS,

314 1385 46 25 &c,

44 1412 54 23 And
106 1412 44 22 will
160 1412 27 21 be
197 1411 109 27 managed
318 1412 42 21 and
374 1410 115 28 regulated
498 1410 31 28 by
538 1419 14 14 a
560 1411 67 21 Com-

150 1440 74 20 mittee
235 1439 26 21 of
272 1445 66 15 seven
348 1438 120 26 consisting
479 1438 50 21 of—

44 1467 69 21 Capt.
134 1466 149 25 DANIELL,
319 1465 48 21 Mr.
397 1464 228 28 MOLESWORTH,

181 1493 48 21 Mr.
240 1492 94 26 WATT,
351 1499 45 14 and
407 1491 85 22 FOUR

43 1523 23 18 to
76 1520 29 21 be
117 1520 84 21 elected
214 1520 30 26 by
253 1519 36 22 the
305 1518 131 28 purchasers
450 1518 58 22 from
525 1522 102 23 amongst

266 1545 140 22 themselves.

43 1573 50 22 The
105 1573 132 28 proprietors
252 1580 35 15 are
307 1571 113 22 confident
436 1572 50 21 that
503 1572 56 21 their
578 1579 49 14 own

44 1600 103 21 interests
164 1600 43 21 will
221 1600 28 21 be
264 1606 62 15 more
342 1598 126 28 effectually
484 1598 96 28 secured,
597 1599 30 26 by

44 1627 126 26 sacrificing
188 1633 42 15 one
246 1626 50 21 half
313 1626 26 21 of
355 1625 57 22 their
426 1626 103 21 sections-
541 1626 22 21 in
583 1625 44 22 this

44 1654 74 26 mode,
129 1653 64 22 while
203 1653 38 22 the
250 1652 130 28 purchasers
390 1652 43 22 will
444 1652 56 22 have
510 1652 37 22 the
557 1652 70 22 whole

44 1680 27 21 of
82 1680 37 21 the
128 1680 107 28 purchase
246 1687 79 19 money
335 1679 105 22 returned
450 1682 22 19 to
482 1679 61 22 them
552 1680 22 21 in
585 1680 32 21 im

44 1708 95 26 proving
148 1707 44 21 and
202 1706 125 26 enhancing
341 1706 38 21 the
395 1706 64 21 value
475 1706 25 21 of
510 1706 56 22 their
577 1713 50 14 own

44 1737 111 24 property.

72 1761 48 21 The
131 1760 69 22 whole
216 1760 26 22 of
253 1760 35 21 the
305 1759 54 22 land
373 1759 19 22 is
406 1759 106 27 perfectly
526 1759 45 27 flat,
584 1760 44 21 and

44 1787 38 22 the
98 1787 40 22 soil
156 1788 25 21 of
198 1787 37 22 the
250 1786 82 23 richest
346 1786 140 27 description,
506 1786 61 22 while
590 1787 37 21 the

44 1814 125 28 prevailing
182 1814 69 21 winds
268 1821 37 14 are
322 1820 68 14 never
404 1821 24 13 so
443 1814 84 21 violent
542 1821 22 14 as
574 1813 54 27 they

45 1849 37 13 are
93 1841 23 22 in
127 1841 37 21 the
174 1840 162 28 neighbouring
346 1839 102 22 districts.
478 1840 87 21 Vessels
578 1840 26 21 of
616 1848 12 13 a

45 1868 61 26 large
122 1868 95 27 draught
232 1868 24 21 of
272 1871 68 17 water
355 1874 41 14 can
411 1866 36 28 lay
463 1867 110 27 alongside
590 1867 38 21 the

45 1895 60 21 bank
115 1898 23 17 at
148 1894 29 22 all
186 1895 65 21 times
260 1894 25 21 of
296 1894 38 21 the
344 1893 51 27 tide,
407 1901 23 14 as
440 1894 62 21 there
512 1895 18 20 is
540 1901 13 14 a
561 1894 67 27 depth

46 1922 25 21 of
83 1921 78 27 nearly
171 1922 49 21 four
230 1921 94 22 fathoms
334 1920 58 22 close
401 1920 32 21 in.

100 1955 147 22 Auctioneers
256 1953 74 23 would
339 1953 42 22 call
389 1954 109 22 attention
508 1957 22 19 to
538 1954 35 22 the
584 1953 46 23 fact

249 1981 24 21 of
281 1981 61 21 there
353 1981 66 26 being

44 2016 23 21 A
92 2016 106 21 LARGE
221 2014 66 23 SAW
307 2014 81 22 MILL
410 2014 152 22 ALREADY
583 2014 47 21 ES-

248 2040 179 23 TABLISHED

46 2077 13 14 a
69 2069 62 22 short
142 2069 97 22 distance
253 2069 57 21 from
327 2068 36 21 the
378 2068 106 21 intended
497 2068 41 21 site
553 2067 25 22 of
592 2067 37 22 the

46 2097 80 26 Town;
148 2096 49 26 and,
218 2103 24 14 as
260 2096 36 21 the
316 2094 69 22 whole
404 2094 26 21 of
446 2094 38 22 the
503 2094 127 22 allotments

117 2122 87 23 abound
213 2123 22 21 in
246 2129 77 20 groves
331 2122 26 21 of
363 2121 102 27 splendid
476 2122 84 26 timber,

45 2157 66 22 THE
141 2156 162 22 PURCHASE
335 2155 114 22 MONEY
478 2155 81 22 WILL
591 2155 39 21 BE

121 2183 168 22 RETURNED
305 2182 87 22 WITH
407 2182 152 22 INTEREST

43 2211 26 21 dn
80 2218 14 14 a
102 2218 55 19 very
167 2210 60 21 short
236 2209 83 28 period,
332 2216 22 14 as
365 2216 58 14 sawn
434 2209 81 21 timber
524 2208 41 22 will
574 2208 29 22 be
618 2216 14 14 a

46 2237 70 28 staple
132 2237 75 21 article
222 2237 26 21 of
261 2239 77 24 export
347 2236 57 21 from
416 2236 131 21 Manawatu
557 2239 21 17 to
594 2235 36 22 the

46 2265 70 26 ready
125 2264 86 21 market
220 2263 98 22 afforded
332 2263 29 26 by
371 2263 37 21 the
417 2262 160 27 neighbouring
588 2266 44 17 set-

44 2291 113 26 tlements,
176 2294 21 18 to
216 2290 72 22 which
303 2289 129 24 abundaii.ee
453 2289 26 21 of
494 2289 64 21 small
576 2289 56 21 craft

46 2318 45 21 will
102 2322 23 16 at
133 2318 29 21 all
169 2318 63 21 times
242 2316 68 22 afford
321 2317 36 21 the
365 2324 77 14 means
453 2316 26 21 of
484 2323 146 20 conveyance.

47 2346 21 20 A
83 2348 63 23 great
159 2345 86 26 portion
261 2344 25 21 of
301 2343 37 22 the
356 2343 53 21 land
428 2343 146 26 surrounding
595 2343 36 21 the

46 2372 70 21 Town
126 2371 66 27 being
200 2371 23 21 in
232 2371 37 21 the
279 2371 121 26 possession
413 2369 24 22 of
449 2370 37 21 the
497 2370 135 26 Proprietors

47 2399 26 20 of
80 2398 37 21 the
127 2398 126 27 Township,
263 2397 44 22 will
322 2397 26 21 be
360 2397 32 21 let
401 2399 39 19 out
449 2396 24 22 in
484 2397 64 21 small
563 2397 69 21 farms

45 2425 28 21 of
84 2425 58 21 from
152 2425 41 21 five
204 2428 22 18 to
242 2428 36 18 ten
293 2431 67 20 acres,
373 2431 28 14 on
417 2431 53 19 easy
479 2423 77 22 leases.
584 2423 48 22 The

48 2452 85 21 district
143 2452 17 21 is
171 2452 35 21 the
215 2451 50 22 best
275 2451 48 21 that
331 2451 40 21 has
378 2453 38 24 yet
425 2451 56 21 been
488 2450 65 27 given
562 2453 39 19 out
609 2450 24 21 in

239 2479 54 21 New
303 2477 99 22 Zealand
411 2477 33 21 for

130 2511 246 23 AGRICULTURAL
391 2510 161 28 PURPOSES,

261 2545 24 14 as
294 2538 49 21 well
354 2545 24 14 as
387 2538 34 21 for

50 2566 147 22 GRAZING
226 2565 67 21 AND
327 2564 165 22 BREEDING
520 2564 111 28 STOCK;

188 2592 68 22 AND
270 2591 103 22 DAIRY
387 2591 106 22 FARMS

126 2619 72 27 might
209 2619 30 21 be
253 2618 85 22 earned
352 2625 28 15 on
395 2618 53 22 with
463 2625 92 15 success.

218 2652 72 21 SHIP
305 2651 158 22 BUILDING

49 2679 73 28 might
134 2679 46 21 also
190 2678 188 27 advantageously
387 2679 27 21 he
425 2679 139 26 established,
575 2679 59 21 from

50 2707 39 21 the
107 2706 102 22 facilities
228 2705 98 22 afforded
342 2705 32 27 by
390 2705 43 22 this
447 2706 71 26 really
533 2705 102 28 splendid

50 2734 67 25 river,
125 2733 44 22 and
178 2733 37 21 the
225 2733 83 27 quality
320 2732 25 21 of
352 2732 36 21 the
397 2732 80 21 timber
483 2740 29 13 on
519 2733 28 21 its
556 2733 78 21 banks.

80 2760 22 21 It
110 2767 53 20 may
173 2760 27 21 be
211 2759 123 26 remarked,
348 2759 50 21 that
407 2759 39 22 the
456 2760 85 21 natives
550 2759 86 22 neither

51 2787 87 28 dispute
149 2787 36 21 the
195 2787 59 21 titles
263 2790 21 17 to
298 2785 38 22 the
350 2785 61 28 land,
425 2793 43 14 nor
477 2786 29 21 do
520 2787 52 26 they
583 2786 54 21 offer

51 2821 45 19 any
106 2820 129 21 annoyance
246 2816 22 19 to
278 2813 93 21 settlers.

80 2840 51 23 Full
146 2840 128 28 particulars
288 2846 44 15 can
347 2840 28 20 be
384 2839 104 22 obtained
502 2847 29 14 on
541 2839 96 28 applica-

51 2868 49 21 tion
120 2871 23 18 to
155 2868 38 21 the
209 2867 153 26 Auctioneers,
380 2866 74 22 where
470 2874 13 13 a
492 2867 55 22 Plan
562 2867 26 21 of
600 2867 37 21 the

52 2894 119 28 Township
187 2894 26 21 of
223 2894 33 21 Te
272 2893 71 22 Marie
362 2900 42 15 can
419 2893 29 22 be
463 2900 59 15 seen.
550 2894 51 27 Day
616 2893 25 22 of

52 2921 46 22 sale
107 2922 45 21 will
168 2922 27 21 be
206 2920 104 28 specified
319 2920 22 21 in
353 2927 13 15 a
374 2920 75 21 future
458 2920 179 22 advertisement.

80 2948 65 28 April
153 2950 33 25 22,
199 2950 59 19 1842.

109 2995 60 21 Sale
185 2995 29 21 of
226 2995 100 20 Leases
341 2994 32 20 of
385 2995 87 20 Town
486 2995 98 20 Lands.

56 3028 161 49 MESSRS.
233 3028 93 26 HORT,
342 3028 159 27 MOCATTA,
512 3028 67 22 AND
593 3028 46 22 CO.

147 3056 57 21 have
218 3054 104 23 received
337 3054 142 23 instructions
491 3059 23 18 to
529 3058 38 26 put
578 3063 31 19 up
618 3058 23 19 to

55 3082 77 26 public
143 3082 94 26 auction,
249 3082 36 21 the
300 3081 112 29 following
426 3082 103 22 valuable
539 3082 70 22 leases
619 3082 25 21 of

56 3109 70 21 Town
142 3109 81 26 Lands,
233 3109 24 21 in
272 3108 126 22 allotments
413 3112 22 19 to
447 3110 44 21 suit
503 3109 137 28 purchasers.

56 3135 48 22 The
115 3135 45 21 sale
171 3136 43 21 will
230 3136 50 21 take
294 3135 64 27 place
373 3140 23 17 at
409 3136 38 22 the
465 3136 127 28 Exchange,
609 3136 32 22 Te

61 3162 51 26 Aro,
130 3162 23 21 in
173 3162 36 21 the
225 3169 76 15 course
320 3162 24 21 of
362 3170 13 14 a
389 3162 42 23 few
449 3162 61 28 days,
529 3164 25 21 of
568 3163 74 22 which

58 3189 44 22 due
112 3188 74 22 notice
196 3189 44 22 will
248 3189 27 22 be
284 3189 75 27 given.
387 3190 22 21 A
423 3190 69 22 lunch
501 3190 44 22 will
554 3190 27 23 he
592 3197 50 21 pro-

313 3216 74 22 vided.

258 3242 41 22 AT
312 3242 40 22 TE
366 3243 72 27 ARO,

58 3270 54 21 Two
128 3269 156 22 Allotments
303 3276 28 14 on
350 3270 87 22 Section
454 3272 48 26 209,
523 3271 79 22 situate
621 3271 23 22 in

59 3297 120 22 Manners
202 3296 94 25 Street,
314 3296 100 27 frontage
433 3300 23 19 to
475 3298 55 22 each
547 3300 26 21 33
590 3298 52 27 feet,

59 3323 68 28 depth
137 3325 27 20 80
174 3322 50 26 feet,
233 3322 115 27 adjoining
358 3323 37 22 the
403 3324 107 26 premises
519 3326 26 21 of
551 3325 92 22 Messrs.

59 3350 133 26 Ridgways,
209 3349 104 26 Guyton,
331 3349 44 22 and
389 3350 71 28 Earp,
475 3352 45 21 and
534 3352 84 28 having
632 3359 13 15 a

59 3377 61 27 right
129 3377 26 21 of
167 3383 48 21 way
225 3379 22 18 to
258 3376 36 21 the
310 3376 78 22 beach.
416 3377 73 22 These
498 3378 45 22 will
557 3379 29 22 be
596 3379 49 22 sold

60 3411 30 14 on
105 3404 36 21 the
159 3402 114 23 condition
284 3402 25 21 of
320 3402 62 22 brick
393 3403 112 29 buildings
519 3406 50 27 only
578 3406 68 27 being

60 3430 97 23 erected.
195 3430 73 26 Term,
286 3430 125 21 remainder
430 3430 27 22 of
472 3439 14 14 a
500 3431 59 23 lease
576 3433 26 22 of
620 3435 26 20 14

148 3464 71 21 years,
230 3458 39 24 12|
279 3463 63 21 years
352 3456 66 27 being
427 3458 130 28 unexpired.

62 3484 41 22 Six
124 3484 156 22 Allotments
297 3490 29 14 on
345 3484 88 21 Section
453 3485 45 27 120,
520 3485 126 24 Ingestre-

62 3519 93 19 street,
166 3514 57 18 term
239 3512 26 20 14
273 3517 70 20 years.
383 3510 21 21 A
413 3514 80 19 stream
503 3512 26 21 of
537 3513 109 22 excellent

162 3541 66 18 water
236 3544 53 15 runs
297 3536 98 27 through
404 3536 43 22 this
456 3538 91 22 section.

62 3564 78 22 Eight
155 3564 156 23 Allotments
327 3571 28 14 on
370 3564 88 21 Section
474 3566 46 25 164,
533 3565 114 23 Dickson-

63 3599 94 14 street.
194 3592 74 26 Term,
282 3590 127 22 remainder
426 3591 27 20 of
465 3598 14 14 a
494 3591 58 23 lease
569 3593 35 21 for
622 3595 25 20 10

179 3629 8 7 »■
193 3625 71 21 years,
275 3619 26 24 8£
312 3624 66 21 years
385 3617 132 28 unexpired.

167 3651 213 23 WELLINGTON
394 3651 152 23 TERRACE.

64 3678 79 22 Eight
160 3679 158 21 Allotments
338 3685 28 14 on
387 3678 87 22 Section
491 3679 45 22 187.
572 3680 75 28 Term,

209 3707 26 20 14
243 3712 70 21 years,
326 3706 37 25 12J
374 3705 129 27 unexpired.

65 3732 78 22 Eight
160 3732 155 22 Allotments
335 3739 29 15 on
383 3732 90 22 Section
489 3733 48 21 455.
573 3733 74 28 Term,

299 3759 39 21 the
346 3766 69 14 same.

66 3785 79 22 Eight
165 3785 156 23 Allotments
341 3793 28 15 on
385 3786 89 22 Section
489 3787 49 21 461.
573 3787 75 28 Term,

305 3813 28 21 14
340 3820 71 21 years.

67 3837 48 23 The
125 3841 42 19 two
176 3838 43 22 last
230 3839 57 22 have
296 3846 31 15 an
337 3840 111 22 excellent
457 3843 81 19 stream
548 3839 25 23 of
583 3844 70 19 water

216 3866 96 28 running
326 3866 94 27 through
433 3867 69 22 them.

191 3898 201 25 HAWKSTONE
406 3900 125 23 STREET.

68 3924 78 23 Eight
161 3925 155 23 Allotments
336 3933 28 14 on
385 3927 88 22 Section
492 3928 48 27 557,
555 3928 98 28 opposite

134 3952 37 22 the
180 3951 113 23 residence
303 3952 26 23 of
336 3952 80 30 Henry
425 3954 32 23 St.
469 3954 56 28 Hill,
536 3955 52 27 Esq.

653 127 159 26 WALLACE,
832 124 138 26 WRIGHT,
989 131 47 14 and
1056 122 180 23 HARGRAVE

873 149 137 28 STREETS,

706 179 87 23 Section
808 179 46 26 697,
864 178 98 26 fronting
974 176 207 23 Wright-street.

707 207 87 21 Section
808 207 47 24 698,
866 204 95 26 fronting
974 203 207 22 Wright-street.

652 233 90 23 Section
761 235 46 25 699,
824 232 56 22 with
894 232 111 25 frontages
1022 233 31 18 to-
1067 229 28 22 all
1114 228 37 22 the
1165 228 71 22 above

902 260 83 19 streets.

703 286 88 22 Section
800 285 47 27 714,
857 284 98 26 fronting
963 283 223 22 Wallace-street.

701 313 87 21 Section
799 312 46 24 722,
855 310 99 27 fronting
963 310 123 21 Wallace-
1092 315 92 15 street.

652 340 48 21 The
710 340 70 20 above
789 345 37 15 are
836 338 35 21 for
886 338 13 22 7
913 343 69 21 years,
993 336 26 25 5§
1031 335 26 21 of
1068 334 70 22 which
1149 341 37 15 are
1195 341 42 15 un-

653 366 92 27 expired
751 374 5 18 ;
772 366 36 20 the
818 367 88 25 greater
914 366 49 24 part
971 365 57 19 have
1038 362 57 21 been
1106 360 129 28 cultivated,

653 393 45 21 and
707 393 62 21 there
784 392 19 21 is
818 399 28 14 an
857 390 109 23 excellent
976 395 81 16 stream
1069 388 25 21 of
1106 391 67 18 water
1186 395 51 14 run-

650 420 57 26 ning
716 418 94 28 through
819 418 70 21 them.
918 416 45 22 The
975 416 72 21 leases
1057 414 45 22 will
1113 414 28 22 be
1151 414 49 21 sold
1212 414 24 21 in

653 444 49 23 half
719 453 50 14 acre
787 453 25 14 or
827 447 90 25 quarter
935 449 48 16 acre
1002 442 132 25 allotments,
1154 444 23 18 to
1194 441 44 21 suit

652 472 137 28 purchasers,
798 472 43 21 and
848 473 92 25 present
948 477 27 14 an
982 468 110 23 excellent
1100 468 138 27 opportunity

654 503 22 17 to
694 498 127 22 mechanics
839 497 44 22 and
901 496 110 22 labourers
1031 495 26 22 of
1077 495 84 27 getting
1181 494 56 27 good

892 523 102 27 gardens.

782 555 160 24 ORIENTAL
957 554 152 23 TERRACE.

654 585 89 21 Section
752 585 40 21 406
800 592 5 19 ;
822 583 43 22 this
874 583 66 21 abuts
953 588 29 14 on
997 581 36 21 the
1053 588 63 14 town
1136 587 102 15 reserve

653 612 72 21 under
741 611 81 22 Mount
836 609 141 26 Wellington,
989 607 43 22 and
1042 607 73 22 would
1130 607 66 21 make
1211 614 27 14 an

654 638 111 22 excellent
787 644 96 16 station
908 643 41 14 tor
972 642 73 14 sheep
1073 641 45 15 and
1144 641 93 14 cattle.

852 663 74 26 Term,
938 663 26 20 14
976 668 71 20 years.

806 696 165 24 ADELAIDE
991 696 96 21 ROAD.

655 726 89 22 Section
753 726 52 21 1023
812 733 5 19 ;
834 723 115 28 adjoining
959 722 36 22 the
1003 722 115 22 residence
1127 721 26 22 of
1162 722 78 21 James

655 753 68 26 Watt,
741 752 60 27 Esq.,
822 750 124 26 admirably
961 748 96 28 adapted
1072 750 32 20 for
1120 755 14 16 a
1153 755 86 16 cattle

777 785 104 16 station,
919 777 72 25 lerm,
1003 777 27 20 14
1044 783 71 19 years.

794 818 2 4 .
826 803 119 22 WADE'S
966 802 102 23 TOWN.

669 832 49 22 One
727 832 51 22 half
785 839 56 19 acre,
850 830 80 22 situate
939 830 23 21 in
972 837 40 14 one
1021 829 26 22 of
1053 828 37 23 the
1099 828 49 23 best
1156 832 69 24 parts.

843 865 102 23 RIVER
958 863 92 23 HUTT.

655 894 56 21 Five
726 894 84 26 Acres,
825 899 55 15 near
894 891 37 22 the
942 891 106 21 Village
1063 898 26 14 of
1103 890 135 27 Richmond,

654 921 24 21 in
694 921 38 21 the
746 920 72 27 valley
828 919 26 22 of
860 919 37 21 the
911 918 75 26 Hutt,
996 917 53 22 with
1056 919 67 20 water
1132 917 106 27 frontage.

682 954 44 22 For
741 954 43 21 sale
801 954 30 26 by
840 952 85 28 private
940 954 98 19 contract
1052 951 34 21 for
1099 957 45 19 any
1161 950 25 22 of
1203 950 37 22 the

718 981 76 26 above,
806 979 66 29 apply
883 981 23 19 to
915 978 36 21 the
962 978 142 26 Auctioneer,
1117 984 24 15 or
1149 980 23 18 to

723 1014 90 21 Messrs.
827 1013 133 24 Ridgways,
975 1011 108 27 Guyton,
1098 1011 20 21 &
1131 1010 74 27 Earp,
1217 1018 24 14 or

723 1041 36 21 W.
775 1040 28 22 V.
819 1040 108 25 Brewer,
942 1039 53 22 Esq.

790 1085 88 20 Town
897 1083 30 20 of
939 1084 165 19 Manewatu,

656 1118 92 49 THE
770 1116 214 24 PROPRIETORS
1008 1116 27 21 of
1059 1115 38 22 the
1118 1115 61 21 three
1193 1115 48 22 first

744 1145 87 21 choices
847 1147 23 18 at
880 1144 38 21 the
935 1143 42 22 last
991 1142 106 22 selection
1109 1142 24 22 of
1148 1147 93 22 country

654 1172 71 27 lands,
739 1171 83 28 having
841 1170 137 22 determined
991 1177 63 19 upon
1071 1169 36 21 the
1123 1169 40 21 site
1178 1169 36 21 for
1228 1177 13 13 a

668 1205 94 22 TOWN
777 1205 43 22 ON
834 1204 66 22 THE
915 1202 189 23 MANEWATU
1118 1202 107 27 RIVER,

655 1233 56 21 after
716 1234 78 19 several
802 1234 59 19 visits
871 1235 22 18 to
904 1231 36 22 the
948 1229 186 32 neighbourhood,
1147 1229 47 22 and
1204 1230 36 21 the

654 1262 58 19 most
731 1259 83 22 careful
832 1258 45 23 and
895 1258 83 21 minute
998 1257 150 21 examination
1164 1256 25 22 of
1204 1256 37 22 the

655 1291 72 17 entire
743 1287 90 26 district,
849 1284 67 23 aided
931 1285 30 26 by
969 1284 38 21 the
1022 1283 145 29 professional
1181 1283 59 27 skill,

656 1313 136 27 knowledge,
812 1312 44 22 and
871 1312 130 27 experience
1015 1311 26 21 of
1054 1310 36 21 the
1106 1314 60 17 most
1181 1317 61 14 com-

655 1343 77 23 petent
739 1340 87 27 judges,
843 1345 93 22 propose
951 1341 22 18 to
990 1338 53 21 offer
1055 1337 33 22 for
1105 1336 104 28 disposal,
1221 1340 22 18 at

806 1366 37 22 the
857 1368 89 25 present
955 1365 58 25 time,
1026 1364 68 21 about

655 1399 219 23 TWENTY-FIVE
910 1398 103 25 ACRES,
1054 1397 36 22 IN
1127 1397 115 22 ALLOT-

655 1427 115 26 MENTS,
785 1425 85 23 EACH
892 1425 40 21 OF
956 1424 62 22 ONE
1040 1423 149 25 QUARTER
1203 1424 39 22 OF

871 1451 149 32 AN,^ACRE.

681 1480 48 22 The
739 1483 48 25 spot
796 1480 51 21 thus
856 1478 97 22 selected
964 1485 111 21 possesses
1083 1477 37 21 the
1129 1481 59 18 most
1205 1484 37 15 ex-

655 1507 86 22 tensive
754 1507 100 26 frontage
868 1509 24 18 to
910 1505 53 28 deep
975 1509 68 17 water
1059 1505 26 21 of
1095 1511 44 24 any
1154 1512 28 14 on
1204 1505 37 21 the

655 1535 65 21 river.
749 1535 23 21 It
788 1533 19 22 is
825 1531 97 24 situated
936 1532 47 26 just
995 1534 22 18 at
1034 1531 49 21 that
1101 1531 63 27 point
1182 1531 60 22 from

689 1562 6 6 %
717 1561 73 21 which
800 1568 14 14 a
822 1559 54 23 road
888 1558 71 22 would
968 1557 85 23 branch
1065 1557 32 23 off
1104 1562 21 18 to
1135 1557 38 22 the

656 1602 95 14 WOODED
774 1601 46 15 AND
842 1600 97 15 FERTILE
959 1599 118 14 DISTRICTS
1097 1599 75 14 ALONG
1197 1599 45 15 THE

826 1627 56 15 BASE
897 1627 27 14 OF
939 1626 44 14 THE
998 1626 76 18 HILLS,

656 1655 45 21 and
713 1655 70 21 above
793 1653 72 23 which
876 1653 37 21 the
927 1652 128 27 navigation
1069 1653 35 21 for
1113 1651 82 22 vessels
1203 1652 40 22 be-

657 1689 74 14 comes
742 1682 83 24 tedious,
836 1681 25 25 if
865 1682 38 18 not
913 1681 92 24 difficult.
1035 1679 23 21 It
1064 1679 18 22 is
1089 1679 108 21 therefore
1204 1679 38 21 the

854 1707 63 28 point
926 1707 70 21 where
1007 1706 37 22 the

657 1743 89 21 LAND
760 1742 67 22 AND
843 1740 113 23 WATER
970 1740 161 23 CARRIAGE
1147 1738 94 29 MEET,

656 1777 45 21 and
711 1777 73 21 where
793 1783 14 14 a
815 1777 70 20 Town
902 1782 59 14 must
976 1782 27 14 be
1019 1782 90 14 formed
1127 1773 65 22 when
1205 1774 37 22 the

657 1804 86 21 district
757 1803 18 21 is
786 1802 85 22 settled.
902 1801 22 22 It
933 1809 42 14 was
986 1801 97 23 selected
1098 1801 29 27 by
1138 1801 37 21 the
1190 1801 53 21 Sur-

656 1830 82 28 veying
748 1830 57 21 Staff
817 1837 24 14 as
852 1829 37 21 the
898 1829 135 21 rendezvous
1042 1828 38 22 for
1094 1827 56 23 their
1164 1827 62 27 body
1236 1836 5 19 ;

658 1858 42 21 and
711 1857 40 22 has
760 1858 56 20 been
826 1864 51 14 now
890 1855 76 28 found,
977 1855 57 22 after
1045 1855 85 21 several
1146 1855 96 21 months'

656 1884 105 26 location,
774 1887 19 18 to
808 1884 27 21 be
845 1883 37 21 the
893 1886 56 18 most
964 1882 164 27 advantageous
1138 1882 104 26 position,

657 1911 58 21 from
731 1912 28 20 its
775 1910 96 27 peculiar
892 1909 83 27 facility
991 1909 25 21 of
1028 1907 111 30 approach
1149 1908 56 22 both
1214 1907 29 28 by

657 1937 54 22 land
721 1938 46 21 and
775 1941 73 18 water.

686 1964 28 22 In
725 1964 153 22 confirmation
888 1963 26 21 of
920 1963 36 21 the
967 1962 130 27 superiority
1107 1961 25 23 of
1141 1961 43 22 this
1195 1964 49 24 spot

658 1998 53 14 over
720 1997 46 20 any
775 1991 61 21 other
844 1995 39 22 yet
892 1990 88 25 known,
992 1989 37 21 the
1041 1990 88 20 Messrs.
1138 1988 104 27 Kebbell,

658 2018 58 21 after
733 2017 39 21 the
791 2016 149 22 examination
957 2015 26 22 of
998 2015 37 22 the
1054 2015 58 21 river
1128 2015 58 21 from
1205 2015 38 21 the

659 2044 90 22 Paneiri
759 2043 46 22 Pah
815 2047 22 18 to
847 2043 28 21 its
886 2043 83 26 mouth,
981 2041 139 23 determined
1133 2048 30 14 on
1173 2045 70 18 erect-

897 2070 38 26 ing
948 2069 57 22 their

659 2105 67 21 SAW
741 2105 79 22 MILL
841 2103 230 23 IMMEDIATELY
1085 2102 158 22 OPPOSITE.

659 2138 48 22 The
725 2138 71 23 works
814 2138 24 21 of
854 2138 50 21 that
922 2137 167 22 establishment
1106 2144 36 14 are
1163 2139 23 19 at
1202 2137 43 21 this

660 2170 100 17 moment
779 2166 22 21 in
815 2164 64 28 rapid
894 2171 106 21 progress,
1018 2164 44 21 and
1082 2163 36 22 the
1135 2163 110 28 proposed

659 2192 70 22 Town
739 2192 44 22 will
793 2191 132 27 necessarily
930 2191 91 27 partake
1028 2191 26 21 of
1061 2191 41 20 this
1113 2190 130 27 advantage.

687 2228 49 22 The
755 2227 91 22 nucleus
862 2227 25 21 of
904 2234 12 13 a
934 2227 67 21 Town
1016 2226 26 26 is,
1053 2226 24 21 in
1091 2226 50 25 fact,
1154 2225 91 28 already

661 2254 97 25 created,
768 2255 28 26 by
806 2254 37 22 the
854 2253 162 22 concentration
1034 2253 25 21 of
1075 2253 36 21 the
1122 2253 124 26 Surveying

661 2281 58 22 Staff
726 2288 28 14 on
766 2281 47 21 that
822 2283 55 25 spot,
889 2288 24 14 as
922 2280 36 22 the
969 2283 74 18 centre
1060 2279 25 21 of
1096 2279 150 22 communica-

660 2309 46 21 tion
717 2311 24 19 to
752 2308 36 22 the
798 2307 148 26 surrounding
955 2306 85 22 district
1047 2314 5 19 ;
1069 2306 36 22 the
1116 2306 98 22 erection
1225 2306 24 22 of

661 2335 90 22 Messrs.
764 2334 115 22 Kebbell's
894 2335 49 21 Saw
959 2333 62 22 Mills
1039 2333 95 28 opposite
1142 2341 6 18 ;
1165 2333 30 26 by
1209 2333 37 21 the

661 2365 163 24 arrangements
839 2361 34 21 for
888 2368 30 14 an
935 2361 111 21 extensive
1059 2359 97 23 General
1168 2360 63 22 Store
1240 2368 5 19 ;

661 2389 45 21 and
716 2389 30 26 by
754 2389 37 21 the
800 2389 43 21 late
854 2387 132 32 application
993 2387 32 21 for
1035 2394 13 14 a
1055 2386 108 22 Licensed
1169 2387 77 21 House

662 2423 28 14 on
699 2415 38 22 the
744 2418 51 25 part
804 2415 25 21 of
842 2422 27 14 an
879 2413 123 23 individual
1015 2413 51 22 who
1080 2413 47 28 has,
1137 2413 62 22 since
1210 2413 38 23 the

661 2443 119 21 formation
798 2442 24 22 of
837 2441 37 22 the
892 2441 90 27 Colony,
998 2440 96 27 pursued
1110 2448 14 14 a
1141 2440 107 22 lucrative

662 2469 63 22 trade
737 2469 52 21 with
798 2469 37 21 the
845 2468 94 27 natives,
950 2467 45 22 and
1005 2467 73 22 whose
1088 2467 131 27 knowledge
1227 2467 25 22 of

662 2497 38 21 the
711 2496 135 26 advantages
857 2495 25 21 of
888 2495 39 21 the
936 2495 99 27 position,
1043 2493 117 28 prompted
1168 2494 49 22 him
1228 2497 22 19 at

662 2531 57 14 once
731 2526 22 18 to
761 2523 73 27 prefer
844 2522 49 22 that
905 2521 140 28 application.

689 2557 49 22 The
748 2556 93 23 Natives
855 2556 32 27 by
895 2555 72 22 whom
982 2555 44 22 this
1036 2555 55 22 land
1101 2562 43 15 was
1155 2555 94 22 claimed

663 2591 38 15 are
712 2584 60 28 quite
782 2582 109 28 prepared
900 2586 22 17 to
930 2582 50 27 give
987 2589 28 20 up
1022 2583 131 26 possession,
1162 2582 45 22 and
1214 2591 35 14 are

663 2611 145 27 exceedingly
819 2610 94 22 anxious
926 2612 22 18 to
962 2608 57 22 have
1029 2617 14 13 a
1053 2609 117 28 European
1180 2617 70 21 popu-

661 2637 70 22 lation
742 2645 80 19 among
832 2636 69 27 them,
912 2636 82 26 having
1010 2636 59 21 been
1078 2643 57 21 upon
1146 2636 38 22 the
1193 2639 59 19 most

661 2664 99 28 friendly
766 2664 86 27 footing
862 2663 54 22 with
925 2663 36 21 the
974 2663 124 27 Surveying
1108 2663 57 22 Staff
1170 2663 82 27 during

661 2692 40 22 the
709 2692 51 22 four
769 2699 24 14 or
801 2691 44 22 five
854 2690 90 22 months
951 2689 54 28 they
1022 2689 60 22 have
1097 2690 56 21 been
1163 2690 89 23 located

661 2719 72 22 there.

692 2746 34 22 As
735 2745 39 22 the
781 2744 139 28 Proprietors
928 2751 93 19 purpose
1028 2746 24 19 to
1063 2743 86 28 dispose
1160 2744 24 21 of
1191 2744 41 22 but
1241 2753 12 13 a

663 2772 88 22 limited
765 2772 88 27 portion
869 2770 27 22 of
907 2770 38 22 the
959 2770 68 23 Town
1044 2774 24 18 at
1085 2773 94 25 present,
1200 2772 53 27 they

663 2800 81 27 pledge
754 2798 132 22 themselves
894 2797 54 27 that,
960 2800 22 19 at
991 2805 28 14 no
1040 2797 73 22 future
1123 2797 62 27 sales,
1197 2798 57 22 shall

665 2827 39 21 the
714 2826 127 22 allotments
849 2825 29 21 be
888 2827 40 25 put
934 2831 29 21 up
973 2827 23 18 at
1005 2832 14 14 a
1029 2822 46 24 Jess
1085 2832 47 14 sum
1141 2824 55 22 than
1205 2833 50 15 now

666 2853 90 22 offered.

693 2886 23 22 A
735 2886 131 27 Prospectus
885 2885 46 21 and
949 2885 55 22 Plan
1024 2885 28 22 of
1067 2885 36 22 the
1122 2885 69 22 Town
1210 2886 45 22 will

666 2913 87 27 shortly
761 2913 28 21 be
798 2911 68 27 ready
874 2911 37 22 for
919 2912 123 26 inspection
1058 2914 23 19 at
1093 2912 37 22 the
1141 2912 82 23 Offices
1233 2914 25 21 of

667 2940 91 22 Messrs.
770 2939 68 21 Waitt
847 2938 45 22 and
901 2939 74 26 Tyser,
988 2939 31 21 Te
1029 2939 56 21 Aro.

695 2971 145 27 Wellington,
850 2970 67 28 April
925 2971 33 25 22,
969 2971 62 20 1842.

841 3015 79 21 Land
934 3014 28 21 in
977 3015 107 21 Karori.

669 3048 179 52 WANTED
880 3048 41 22 TO
950 3048 172 28 PURCHASE,
1150 3048 55 24 land
1232 3051 23 22 in

768 3076 80 22 Karori
859 3074 92 23 district.
979 3074 76 29 Apply
1066 3078 22 19 to

1066 3102 64 23 John
1146 3103 84 23 Wade.

697 3130 33 22 Te
740 3130 54 26 Aro,
806 3130 61 22 June
876 3130 21 26 1,
909 3130 59 21 1842.

881 3175 166 20 Manewatu.

673 3210 89 49 FOR
776 3208 84 26 SALE,
878 3215 14 14 a
906 3207 102 22 valuable
1024 3207 86 22 section
1127 3208 26 21 of
1165 3208 55 23 land
1236 3213 23 19 at

745 3236 136 25 Manewatu,
901 3234 96 22 selected
1005 3234 73 23 under
1090 3234 42 22 No.
1144 3235 25 21 of
1181 3236 77 23 choice

671 3264 49 21 420.
758 3263 44 22 Mr.
822 3262 87 27 Kettle,
930 3262 118 27 Surveyor,
1068 3261 46 22 will
1136 3262 62 22 shew
1221 3264 38 21 the

675 3289 97 27 ground.

700 3316 45 23 For
754 3320 74 23 terms,
840 3314 70 32 apply
920 3318 22 19 to
953 3315 37 22 the
999 3315 130 29 proprietor,

1047 3343 31 20 A.
1094 3342 137 25 W.,Shand.

742 3390 4 8 '
911 3388 38 20 To
963 3388 58 25 Let,

674 3423 52 49 A
754 3420 254 23 SUBSTANTIALLY
1029 3421 96 24 BUILT
1147 3422 111 28 HOUSE,

741 3448 121 27 consisting
878 3447 26 22 of
920 3447 49 22 four
984 3455 81 21 rooms,
1076 3448 52 23 with
1143 3456 13 14 a
1174 3451 55 20 roof
1239 3451 25 22 of

674 3476 53 21 Van
746 3475 115 22 Dieman's
885 3474 67 22 Land
975 3474 105 29 shingles,
1101 3476 42 22 and
1162 3483 13 14 a
1198 3476 63 23 brick

674 3503 110 27 chimney,
796 3501 101 28 together
913 3501 50 22 with
977 3502 80 28 nearly
1067 3510 41 15 one
1118 3510 49 15 acre
1178 3503 27 22 of
1215 3504 46 23 cul-

675 3529 86 22 tivated
770 3529 43 22 and
822 3528 49 23 well
880 3527 80 22 fenced
968 3528 61 22 land.

703 3556 49 23 The
761 3556 69 22 house
840 3556 19 21 is
867 3555 123 28 pleasantly
1000 3555 94 22 situated
1100 3556 25 22 in
1132 3563 12 14 a
1151 3556 112 24 sheltered

676 3586 54 25 spot,
740 3584 24 21 in
774 3582 219 33 Majoribank-street

703 3610 45 22 For
761 3610 138 28 particulars,
913 3608 65 29 apply
992 3612 22 19 to
1030 3609 171 29 Mr.Jßrewer,
1212 3611 49 22 Mr.

676 3636 74 28 Park,
761 3645 25 14 or
795 3637 50 22 Mr.
855 3636 96 22 Robert
961 3636 122 22 Langdon.

876 3680 78 22 Fruit
974 3682 90 20 Trees.
1149 3694 6 5 -
1223 3695 17 10 ...

678 3707 90 49 FOR
790 3708 84 26 SALE,
895 3715 14 14 a
927 3708 92 21 number
1042 3708 27 22 of
1087 3708 104 22 first-rate
1210 3709 57 25 fruit;

751 3737 63 24 trees,
831 3735 111 27 imported
952 3734 69 22 direct
1030 3735 58 22 from
1104 3735 110 28 England,
1226 3737 36 21 the

678 3761 100 26 superior
786 3761 52 21 fruit
847 3763 26 19 of
883 3761 73 22 which
963 3762 84 26 gained
1060 3762 38 22 the
1112 3763 71 26 prizes
1193 3767 24 18 at
1226 3763 36 22 the

678 3789 43 20 two
737 3787 43 22 last
795 3787 155 23 horticultural
968 3788 79 23 shows.
1076 3789 61 28 They
1156 3796 39 15 are
1214 3797 50 15 now

678 3813 70 28 ready
765 3814 35 21 for
817 3814 190 29 transplantation,
1027 3816 46 22 and
1095 3816 108 27 comprise
1226 3817 36 22 the

679 3840 50 22 best
739 3840 45 22 and
791 3840 68 22 latest
867 3840 65 22 kinds
946 3842 57 22 from
1012 3843 38 21 the
1066 3843 71 28 Royal
1149 3843 115 23 Horticul-

680 3867 60 22 tural
751 3867 106 22 Gardens.
887 3868 72 28 Apply
971 3871 23 19 to
1266 3868 6 22 (

808 3903 108 21 Charles
929 3902 26 22 E.
971 3902 52 23 Yon
1038 3904 117 26 Alzdorf,
1262 3895 7 30 I

1000 3930 75 22 Breda
1084 3938 28 14 on
1123 3930 37 22 the
1170 3930 67 23 Hutt.
1260 3931 4 22 I

673 3951 3 22 !
710 3956 56 27 May
775 3956 33 27 27,
819 3956 60 21 1842.
1250 3949 20 39 £

1297 121 84 20 Mane
1383 121 113 19 watu—
1498 119 83 26 cheap
1596 119 78 20 Land
1688 117 43 20 for
1744 117 69 21 Sale.

1264 154 51 48 A
1330 152 200 23 GENTLEMAN
1547 152 85 26 having
1647 150 98 23 selected
1764 149 86 22 several

1344 180 95 22 sections
1449 180 22 21 in
1489 187 41 14 one
1545 178 67 22 block
1621 180 25 19 in
1666 178 37 21 the
1720 176 131 23 Manewatu

1264 206 98 27 district;
1386 206 63 22 offers
1467 208 22 19 to
1504 205 46 22 real
1564 204 133 26 cultivators,
1715 209 91 21 persons
1828 203 25 20 of

1264 234 63 20 small
1344 232 87 28 capital,
1443 232 45 21 and
1504 232 37 21 the
1557 231 102 27 working
1675 231 86 25 classes,
1773 234 22 16 to
1806 228 45 22 dis-

1263 267 52 20 pose
1323 260 26 21 of
1359 260 37 21 the
1406 266 67 19 same,
1484 259 25 21 in
1519 258 36 22 the
1566 258 116 26 following
1689 263 95 15 manner
1791 263 6 14 :
1798 267 30 4 —

1290 286 24 22 It
1325 286 19 22 is
1358 285 110 28 proposed
1481 288 23 18 to
1521 285 139 27 appropriate
1675 284 67 21 about
1756 285 95 24 twenty-

1264 312 43 22 five
1317 319 63 15 acres
1389 312 34 21 for
1433 319 14 14 a
1456 315 59 18 town
1526 319 27 14 on
1563 312 39 21 the
1616 311 73 22 banks
1699 310 25 21 of
1735 308 37 22 the
1783 309 65 26 river,

1264 339 68 27 depth
1348 339 25 21 of
1390 339 38 21 the
1443 341 70 18 water
1527 338 61 21 three
1608 338 46 21 and
1671 345 13 14 a
1699 336 50 21 half
1760 339 23 18 to
1798 335 53 22 four

1264 366 97 21 fathoms
1377 366 57 21 close
1449 368 23 18 to
1488 364 38 22 the
1541 365 71 26 shore,
1627 364 26 22 of
1664 362 72 23 which
1751 362 63 21 there
1831 361 24 33 is^

1264 392 125 26 something
1402 391 44 22 less
1461 391 56 22 than
1527 399 13 14 a
1555 391 54 22 mile
1618 392 24 21 in
1657 390 75 26 length
1741 397 5 19 ;
1761 388 38 22 the
1815 389 40 20 re-*

1264 418 101 22 mainder
1376 418 23 22 of
1410 418 39 21 the
1463 418 55 21 land
1534 420 21 19 to
1572 418 29 21 be
1618 417 89 22 divided
1723 416 46 21 into
1785 415 65 21 small

1264 446 75 24 farms,
1351 445 26 21 of
1388 445 42 21 five
1440 451 24 14 or
1475 448 38 17 ten
1529 451 62 15 acres
1608 444 62 27 eacb,
1681 450 65 20 every
1755 441 96 29 purcha-

1265 479 35 14 ser
1310 472 25 21 of
1346 472 44 21 five
1400 478 61 15 acres
1471 474 23 18 to
1503 472 27 21 be
1547 471 91 21 entitled
1656 474 22 18 to
1689 477 41 14 one
1740 468 112 23 sixteenth

1266 498 24 21 of
1301 506 15 14 a
1325 502 59 18 town
1394 505 50 14 acre
1456 498 121 26 GRATIS,
1589 497 46 22 and
1649 505 24 14 so
1688 503 29 15 on
1726 496 25 21 in
1760 502 91 21 propor-

1266 525 54 22 tion.
1330 529 5 6 '

1294 552 82 26 Spaces
1389 550 45 23 will
1449 550 29 22 be
1492 550 42 22 left
1547 550 36 21 for
1600 549 136 23 ornamental
1753 555 97 21 squares,

1265 578 87 21 market
1362 578 80 27 places,
1454 583 75 21 quays,
1539 577 75 27 places
1624 577 34 22 for
1666 576 74 28 public
1749 575 100 27 worship,

1266 604 74 28 public
1352 604 121 26 buildings,
1485 604 40 21 &c.

1292 631 48 22 The
1350 631 53 21 land
1412 630 19 21 is
1442 630 25 21 of
1478 630 39 21 the
1527 637 54 20 very
1589 630 49 21 first
1652 628 91 28 quality,
1755 628 97 22 watered

1265 658 31 27 by
1304 657 66 22 small
1379 661 98 22 streams,
1488 656 67 27 finely
1564 656 111 22 timbered
1683 656 23 21 in
1723 656 74 25 places
1807 655 45 21 and

1266 688 59 23 parts
1336 684 88 27 already
1435 683 94 27 cleared,
1541 682 45 22 and
1603 683 19 21 is
1636 682 151 27 immediately
1798 689 53 14 con-

1266 712 89 26 tiguous
1372 714 21 19 to
1407 710 39 21 the
1463 710 57 21 lines
1536 710 24 21 of
1579 709 37 22 the
1633 710 51 21 best
1696 708 75 28 public
1785 708 66 21 roads

1265 738 93 27 leading
1367 740 22 19 to
1398 737 54 22 Port
1461 736 132 23 Nicholson.

1294 764 58 23 Cash
1362 767 123 25 payments,
1496 763 52 22 with
1557 763 38 21 the
1606 761 115 28 exception
1732 761 26 22 of
1765 768 12 14 a
1788 761 64 21 small

1267 791 92 27 deposit,
1370 790 44 23 will
1423 794 41 17 not
1472 790 29 21 be
1514 789 110 27 required,
1636 790 41 20 but
1690 788 110 27 approved
1816 795 36 14 ac-

1268 821 116 24 ceptances
1393 817 94 28 payable
1498 820 23 18 at
1530 824 13 14 a
1551 816 55 27 long
1616 815 50 22 date
1684 822 22 15 or
1717 815 62 21 other
1790 822 62 14 secu-

1266 845 61 21 rities
1337 851 26 15 or
1377 844 130 22 LABOUR
1520 843 44 22 will
1581 843 27 21 be
1617 843 68 21 taken
1700 848 24 15 as
1737 844 114 25 payment.

1266 871 72 22 There
1348 871 45 22 will
1403 871 28 21 be
1442 878 29 14 no
1487 870 42 22 law
1545 870 93 26 charges
1652 869 35 22 for
1703 868 36 21 the
1756 874 97 21 convey-

1267 905 67 14 ances
1352 898 27 21 of
1393 897 38 22 the
1450 900 112 24 property,
1580 896 129 22 immediate
1727 895 125 28 possession

1268 924 43 22 will
1321 926 27 20 be
1358 925 65 26 given
1439 928 22 17 to
1477 924 38 21 the
1528 923 121 28 purchaser
1664 922 44 23 and
1724 929 81 19 money
1815 921 39 21 ad-

1266 951 87 22 vanced
1362 952 21 21 if
1392 950 111 28 required.

1294 978 48 22 The
1353 978 126 27 Proprietor
1487 977 89 22 intends
1591 980 23 18 to
1629 976 72 22 reside
1717 983 29 14 on
1756 975 37 22 the
1802 982 52 21 pro-

1267 1008 63 24 perty
1330 1020 8 16 ;
1350 1005 45 21 and
1403 1005 91 27 pledges
1501 1003 92 22 himself
1598 1007 22 18 to
1631 1003 94 28 employ,
1736 1003 118 20 whenever

1266 1031 141 27 practicable,
1419 1030 51 28 only
1482 1031 61 21 those
1558 1030 50 22 who
1626 1037 37 15 are
1679 1029 88 22 located
1776 1037 29 14 on
1816 1029 38 21 the

1266 1058 60 22 land.
1855 1070 6 7 ■•

1294 1085 143 27 Application
1445 1084 44 21 will
1504 1084 28 21 be
1548 1083 66 22 made
1629 1086 23 19 to
1668 1083 36 22 the
1720 1082 134 27 Legislative

1269 1112 92 21 Council
1371 1112 33 21 for
1413 1118 30 14 an
1454 1112 45 20 Act
1508 1116 22 15 to
1539 1110 100 27 regulate
1650 1110 37 21 the
1696 1109 116 27 township.

1294 1138 36 26 By
1340 1138 39 21 the
1389 1138 70 21 above
1477 1140 156 23 arrangement
1642 1137 37 21 the
1689 1143 106 20 expenses
1805 1136 26 21 of
1842 1143 14 13 a

1267 1165 74 27 public
1351 1165 44 21 sale
1405 1164 45 21 will
1459 1164 27 21 be
1498 1163 100 27 avoided,
1610 1164 45 21 and
1665 1163 37 21 the
1711 1163 55 21 land
1772 1163 46 21 will
1828 1163 27 20 be

1269 1192 104 21 obtained
1383 1194 22 19 at
1418 1198 15 14 a
1448 1191 68 21 lower
1530 1194 47 18 rate
1595 1190 54 21 than
1664 1190 37 21 the
1717 1189 88 27 usually
1821 1196 35 14 re-

1268 1218 78 22 served
1357 1218 58 27 price
1425 1221 24 18 at
1459 1225 28 14 an
1505 1218 96 21 auction.
1630 1216 156 28 Applications
1797 1219 22 18 to
1828 1215 28 21 be

1268 1245 65 22 made
1359 1249 23 18 to
1403 1244 45 23 Mr.
1475 1244 23 21 J.
1525 1244 32 21 M.
1582 1243 89 27 Taylor,
1695 1243 31 21 Te
1746 1243 54 25 Aro,
1828 1243 28 26 by

1269 1272 72 22 whum
1350 1272 87 21 further
1445 1271 131 27 particulars
1587 1270 44 21 will
1641 1270 27 21 be
1678 1269 122 22 furnished.

1363 1316 93 21 Union
1470 1316 79 21 Bank
1564 1316 30 20 of
1612 1315 148 20 Australia.

1269 1351 96 21 London
1384 1351 92 25 Office,
1492 1349 44 22 No.
1550 1351 36 24 33,
1606 1349 50 21 Old
1671 1349 185 21 Broad-stueet.

1324 1384 93 27 Capital,
1427 1384 122 26 £800,000;
1570 1383 53 27 paid
1631 1390 38 20 up,
1685 1382 117 26 £500,000.

1504 1420 120 13 DIRECTORS!

1377 1444 66 21 George
1451 1444 39 16 Fife
1497 1444 67 20 Angas,
1572 1444 49 20 Esq.,

1376 1465 67 16 Kobert
1450 1465 75 19 Brooks,
1534 1465 49 19 Esq.,

1376 1486 61 16 James
1444 1486 48 16 John
1501 1486 98 19 Cummins,
1608 1486 49 19 Esq.,

1376 1507 67 16 Kobert
1450 1507 96 19 Gardener,
1558 1507 49 19 Esq.,
1619 1506 122 19 Manchester,

1376 1528 47 16 John
1431 1528 46 15 Gore
1494 1528 47 19 Esq.,

1376 1549 47 16 John
1430 1548 80 16 William
1517 1547 75 19 Buckle,
1598 1547 49 21 Esq.,

1376 1570 95 19 Benjamin
1479 1570 21 15 E.
1506 1568 64 19 Lindo,
1577 1569 49 19 Esq.,

1377 1590 72 16 Charles
1457 1590 75 16 Edward
1540 1589 88 21 Mangles,
1637 1589 48 20 Esq.,

1376 1611 115 20 Christopher
1499 1611 82 18 Rawson,
1590 1610 48 20 Esq.,
1650 1610 81 19 Halifax,

1376 1632 78 16 Thomas
1462 1632 63 18 Sands,
1533 1631 48 20 Esq.,
1589 1631 100 20 Liverpool,

1376 1653 61 16 James
1444 1652 57 20 Bogle
1508 1652 64 19 Smith,
1577 1652 49 19 Esq.,

1376 1674 61 16 James
1444 1672 81 17 Ruddell
1530 1672 56 20 Xodd,
1595 1673 42 19 Esq.

1270 1704 86 16 Trustees
1362 1707 4 11 :
1383 1702 80 16 George
1475 1701 56 16 Carr
1543 1700 61 19 Glyn,
1616 1700 48 20 Esq.,
1675 1700 52 16 John
1739 1700 61 18 Gore,
1809 1699 50 20 Esq.,

1417 1722 36 16 and
1460 1722 67 16 James
1534 1721 16 16 J.
1557 1721 102 19 Cummins,
1669 1721 42 19 Esq.

1298 1752 83 16 Bankers
1386 1756 4 10 :
1401 1751 76 16 Messrs.
1485 1750 59 18 Glyn,
1556 1749 115 19 Hallifax,
1680 1748 70 20 Mills,
1758 1748 35 16 and
1802 1748 31 17 Co.

1391 1779 101 19 Secretary:
1504 1778 83 16 Samuel
1594 1777 95 19 Jackson,
1696 1777 42 19 Esq.

1362 1805 80 18 Colonial
1449 1806 102 19 Inspector:
1564 1805 17 15 J.
1588 1805 20 15 C.
1616 1805 102 18 M'Laren,
1725 1804 44 20 Esq.

1393 1854 69 20 New
1480 1853 124 20 Zealand
1621 1852 115 20 Branch.

1270 1889 54 16 Local
1331 1889 91 16 Directors
1428 1892 5 12 :
1449 1887 47 17 Geo.
1508 1887 17 16 S.
1536 1886 74 18 Evans,
1622 1886 49 21 Esq.,
1684 1886 68 18 D.C.L.,
1765 1886 36 16 and
1814 1886 45 16 Geo.

1492 1908 91 18 Hunter,
1597 1907 43 21 Esq.

1271 1938 96 20 Manager:
1379 1937 47 16 John
1435 1936 73 18 Smith,
1515 1936 48 19 Esq.,
1572 1935 37 16 late
1616 1935 20 16 of
1645 1935 30 16 the
1684 1934 116 17 Commercial
1806 1934 53 17 Bank

1438 1957 21 16 of
1468 1956 88 21 England,
1569 1956 122 16 Manchester.

1261 1987 13 14 f
1382 1984 114 22 Branches
1506 1987 23 17 at
1544 1983 98 26 Sydney,

1543 2009 90 22 Hobart
1641 2009 75 27 ToAvn,

1544 2036 148 26 Launceston,
1706 2035 44 22 and

1544 2064 55 21 Port
1609 2063 80 27 Philip.

1272 2093 53 22 Port
1335 2091 130 27 Nicholson,
1477 2090 79 22 March
1566 2092 35 24 24,
1613 2092 62 19 1840.

1275 2147 90 49 THE
1383 2146 114 22 Directors
1514 2144 25 22 of
1553 2144 40 21 the
1610 2144 56 21 New
1684 2143 97 22 Zealand
1797 2143 64 22 Land

1349 2174 116 26 Company
1480 2172 80 26 hereby
1579 2172 51 26 give
1647 2171 80 26 notice,
1746 2170 48 21 that
1808 2171 53 26 they

1273 2201 57 21 have
1337 2207 113 15 EFFECTED
1461 2206 29 14 AN
1501 2205 172 15 ARRANGEMENT
1682 2198 52 21 with
1741 2197 36 22 tile
1787 2198 74 21 Union

1273 2228 65 21 Bank
1353 2228 26 20 of
1395 2226 120 26 Australia,
1532 2225 44 21 No.
1592 2226 34 25 3S,
1642 2225 45 21 Old
1702 2224 159 27 Broad-street,

1274 2254 102 27 London,
1388 2254 33 21 for
1430 2253 38 21 the
1482 2252 168 22 establishment
1664 2252 25 21 of
1702 2259 14 13 a
1731 2251 131 22 BRANCH

1274 2281 89 22 BANK
1377 2280 33 22 IN
1425 2280 73 21 NEW
1512 2278 159 28 ZEALAND,
1685 2278 95 27 through
1791 2278 72 21 which

1275 2308 36 21 the
1321 2308 101 21 business
1435 2307 26 21 of
1474 2306 38 22 the
1529 2306 55 21 New
1602 2305 100 22 Zealand
1716 2304 64 22 Land
1797 2306 66 20 Com-

1274 2342 60 20 pany
1343 2334 45 22 will
1396 2334 27 21 be
1434 2332 134 22 transacted.
1597 2332 48 22 The
1661 2332 113 21 Directors
1791 2332 72 21 there-

1274 2363 46 20 fore
1330 2360 145 23 recommend
1485 2363 22 18 to
1525 2360 110 21 Colonists
1652 2359 37 21 the
1708 2359 73 21 Union
1798 2358 65 22 Bank

1275 2389 26 21 of
1318 2387 114 23 Australia
1450 2394 24 14 as
1492 2394 30 14 an
1547 2386 170 22 establishment
1737 2386 127 27 possessing

1275 2415 57 23 their
1348 2415 78 22 entire,
1442 2413 136 27 confidence,
1600 2413 45 21 and
1664 2412 48 22 able
1731 2415 23 18 to
1771 2413 93 26 provide

1276 2442 125 26 effectually
1416 2441 36 21 for
1466 2440 39 22 the
1519 2440 106 22 financial
1639 2442 71 19 wants
1727 2440 25 20 of
1764 2439 36 21 the
1818 2440 47 21 first

1276 2469 133 23 settlement.

1443 2494 35 27 By
1488 2494 65 21 order
1562 2494 27 20 of
1599 2493 38 21 the
1647 2493 79 27 Board,

1522 2527 84 22 JOHN
1620 2527 104 26 WARD,
1740 2527 123 27 Secretary.

1278 2565 55 22 New
1343 2562 100 24 Zealand
1452 2561 66 23 Land
1527 2562 136 27 Company's
1672 2561 76 26 Office,

1304 2598 20 22 1.
1335 2596 160 24 Adam-street,
1506 2594 106 27 Adelphi,
1621 2593 54 22 27th
1685 2593 59 26 Aug.
1763 2594 60 21 1839.

1277 2639 184 52 WANTED,
1473 2647 14 13 a
1496 2642 76 23 strong
1581 2639 73 21 active
1664 2637 37 23 lad
1717 2638 34 21 for
1760 2637 37 22 the
1807 2645 57 14 boot

1362 2674 45 15 AND
1417 2673 161 15 SHOE-MAKING
1588 2672 114 15 BUSINESS.
1731 2664 76 28 Apply
1818 2668 22 18 to

1704 2698 29 22 R.
1745 2699 66 26 Seed,

1675 2725 71 23 Lamb
1750 2728 114 25 ton-quay.

1281 2756 143 26 Wellington.
1435 2754 69 26 June,
1515 2754 19 26 3,
1543 2754 61 21 1842.

1390 2800 78 21 Cook
1483 2800 54 21 and
1555 2800 203 24 Housekeeper.

1280 2833 185 52 WANTED,
1495 2840 15 14 a
1536 2833 62 21 Cook
1625 2833 46 21 and
1700 2831 166 28 Housekeeper.

1377 2861 75 27 Apply
1463 2863 24 19 at
1496 2860 91 21 Colonel
1598 2859 152 22 Wakefield's.

1435 2906 78 20 Land
1529 2911 35 15 on
1578 2906 45 19 the
1639 2905 78 20 Hutt.

1283 2941 67 49 TO
1365 2940 39 22 BE
1419 2939 89 27 SOLD,
1518 2947 14 13 a
1539 2939 61 22 lease
1610 2939 25 22 of
1642 2939 38 21 the
1691 2937 88 23 Section
1789 2938 45 22 No.
1842 2939 26 20 24

1358 2975 30 14 on
1395 2967 37 21 the
1440 2967 66 26 Hutt,
1514 2966 53 22 with
1577 2973 13 15 a
1599 2966 74 27 newly
1681 2965 87 23 erected
1775 2965 93 22 wooden

1283 2998 94 24 cottage,
1395 2993 36 22 the
1450 2996 88 25 potatoe
1555 3000 53 20 crop
1624 3000 30 14 on
1669 2993 37 21 the
1720 2992 101 27 ground,.
1826 2992 44 21 and

1283 3022 63 23 other
1351 3022 181 27 improvements.
1559 3020 46 22 For
1612 3023 68 19 terms
1687 3019 24 22 of
1715 3019 53 28 sale,
1776 3019 66 28 apply
1848 3022 22 18 to

1512 3054 76 27 Hort,
1605 3054 122 26 Mocatta,
1744 3053 45 22 and
1804 3054 38 21 Co.

1425 3101 55 20 For
1494 3101 68 24 Sale,
1579 3101 29 19 at
1621 3099 105 21 Karori.

1283 3135 157 51 APIECE
1450 3134 39 22 OF
1500 3134 93 26 LAND,
1607 3134 127 26 containing
1742 3133 13 21 5
1766 3141 69 20 acres,
1846 3134 25 21 in

1363 3162 44 21 this
1422 3162 98 27 district;
1540 3164 50 24 part
1605 3162 25 20 of
1640 3160 39 22 the
1696 3160 87 22 Section
1802 3161 69 27 lately

1284 3191 45 21 Mr.
1349 3188 83 23 Yule's.
1467 3188 77 22 Terms
1560 3187 87 22 liberal.
1681 3188 44 22 For
1742 3188 129 28 particulars

1284 3217 66 28 apply
1359 3219 23 18 to
1391 3216 27 21 R.
1429 3215 67 27 Park,
1511 3216 59 26 Esq.,

1433 3262 42 21 To
1489 3262 34 21 be
1537 3262 51 21 Let
1604 3268 29 15 or
1649 3262 73 21 Sold.

1286 3297 51 50 A
1352 3296 106 22 SMALL
1473 3296 91 22 FARM
1579 3295 26 22 of
1611 3296 27 21 25
1648 3303 61 15 acres
1719 3303 28 14 on
1759 3296 38 21 the
1807 3296 64 26 Hutt,

1365 3323 38 22 the
1410 3322 71 22 whole
1491 3322 95 28 cleared,
1594 3322 110 29 stumped,
1711 3323 107 27 inclosed,
1830 3323 44 21 and

1285 3352 26 22 fit
1320 3351 35 21 for
1364 3350 37 22 the
1415 3346 107 31 plough;'
1527 3353 50 24 part
1590 3350 73 22 under
1675 3357 59 19 crop.
1764 3350 110 27 Together

1287 3378 53 22 with
1358 3377 164 22 a-substantial
1539 3377 45 21 and
1603 3377 145 22 comfortable
1767 3377 108 22 weather-

1285 3404 99 24 boarded
1398 3403 45 23 and
1459 3403 71 22 slated
1545 3403 77 28 house,
1635 3403 123 23 three-stall
1767 3404 108 22 weather-

1285 3431 101 23 boarded
1394 3430 77 27 stable,
1479 3430 45 22 and
1532 3430 62 22 other
1600 3431 168 23 conveniences.
1797 3431 78 22 Terms

1286 3458 88 27 liberal,
1386 3457 66 28 apply
1461 3461 23 18 at
1492 3457 45 23 this
1547 3458 77 22 Office.

1316 3487 55 26 May
1381 3487 33 24 24,
1426 3485 61 21 1842.

1478 3529 92 21 House
1587 3531 29 19 to
1627 3530 58 21 Let.

1289 3566 52 48 A
1363 3563 86 22 GOOD
1468 3563 132 21 substantial
1618 3563 76 26 house,
1715 3563 53 21 with
1785 3563 93 22 kitchen

1369 3590 44 22 and
1423 3588 138 28 out-hbuses,
1575 3593 22 18 to
1608 3590 31 21 let
1647 3590 24 21 in
1682 3590 196 22 Manners-street

1282 3626 24 21 ,o
1320 3626 12 14 r
1340 3616 138 29 particulars,
1490 3616 67 27 apply
1569 3620 22 18 to
1603 3617 45 21 Mr.
1660 3617 120 21 Brewer's
1791 3617 87 23 Office..

1282 3668 3 17 ;
1439 3661 40 21 To
1493 3661 35 21 be
1543 3661 66 20 Sold
1628 3667 31 15 or
1673 3661 56 21 Let.

1280 3687 7 33 ff
1289 3696 11 13 r
1306 3694 78 32 |>WO
1508 3693 96 26 Houses,
1616 3699 29 15 on
1652 3692 38 22 the
1695 3692 183 30 Tinakore-road,

1281 3715 44 39 jjll.
1367 3721 37 22 the
1423 3719 84 24 second
1525 3727 50 14 acre
1593 3720 59 21 from
1672 3720 92 27 Captain
1781 3721 97 27 Smith's,

1280 3754 17 20 if
1336 3748 130 26 containing
1479 3746 51 23 four
1538 3753 75 15 rooms
1622 3746 46 22 and
1683 3753 13 15 a
1708 3754 99 20 passage,
1824 3748 56 22 each

1282 3775 63 32 [with
1363 3776 49 21 zinc
1431 3774 68 24 roofs,
1525 3773 45 22 and
1592 3773 25 22 in
1641 3780 67 20 every
1725 3778 89 23 respect
1831 3774 50 23 well

1282 3796 111 34 (finished.
1421 3800 79 23 Terms
1502 3811 27 5 —
1529 3800 24 22 If
1560 3800 56 27 sold,
1626 3800 61 22 £150
1697 3800 35 22 for
1737 3800 56 22 each
1798 3800 69 23 house
1873 3810 6 19 ;

1281 3830 30 21 'if
1323 3830 38 26 let,
1372 3830 31 22 £1
1414 3835 42 21 per
1464 3827 63 25 week
1536 3828 34 21 for
1580 3827 56 22 each
1644 3827 78 22 house.
1750 3828 77 27 Apply
1837 3831 23 19 to

1686 3861 74 22 James
1774 3861 80 23 Watt.

1306 3889 144 27 Wellington,
1458 3889 60 21 Nov.
1525 3888 35 27 '27,
1570 3889 61 21 1841.

1296 3934 72 47 ON
1383 3931 85 28 SALS',
1483 3936 24 18 at
1515 3932 43 22 this
1570 3933 71 27 office,
1652 3934 70 21 blank
1731 3934 56 22 Bill
1799 3934 83 23 Books.

1527 3958 71 27 office,
1609 3960 57 21 Dec.
1675 3961 21 20 4.
