2540 4010
1898 130 107 25 WHOLESALE
2005 130 43 25 PRICES
2095 130 380 25 CURRENT.

1994 169 131 13 CORRECTED
2140 170 30 12 UP
2184 170 29 12 TO
2227 168 56 14 LAST
2298 169 82 13 NIGHT.

1915 3535 38 16 The
1964 3535 50 17 New
2024 3535 97 19 Zealakd
2132 3539 93 18 Gazette
2231 3542 38 16 and
2279 3542 134 18 Wellington
2425 3544 52 16 Spec-

1894 3560 63 12 tator
1963 3560 15 12 is
1985 3556 97 21 published
2087 3563 56 18 every
2151 3561 112 21 Wednesday
2273 3563 37 16 and
2321 3563 93 19 Saturday.
2435 3564 41 17 Sub-

1894 3577 60 20 joined
1960 3581 32 12 are
1999 3577 31 17 the
2036 3580 63 16 terms:
2100 3588 23 5 —
2194 3594 4 6 ,
2278 3581 6 9 »*»
2286 3584 4 5 *

1915 3598 63 16 Pjiim
1985 3602 72 15 ofthe
2064 3600 97 18 Paper.—
2160 3602 56 22 JPorty
2220 3603 86 22 shillings
2311 3608 34 17 per
2354 3609 75 17 annum,
2438 3605 32 21 piy

1894 3619 39 16 able
1939 3622 19 13 in
1966 3619 81 17 advance
2051 3626 5 15 j
2067 3626 19 12 or
2092 3626 35 13 one
2133 3622 78 22 shilling
2216 3624 28 17 for
2250 3625 59 21 single
2315 3627 92 16 numbers.

1916 3640 155 19 Advertisements
2077 3642 37 17 will
2121 3645 32 15 not
2159 3648 67 17 appear
2234 3645 21 16 in
2265 3647 33 15 the
2307 3650 80 18 ensuing
2397 3647 72 17 number

1895 3661 17 15 if
1919 3661 84 16 received
2008 3661 47 18 later
2060 3663 44 17 than
2116 3665 20 16 10
2142 3664 75 21 o'clock,
2224 3670 49 17 a.m.,
2279 3671 25 12 on
2311 3668 128 20 thetaornings
2446 3668 28 15 be-

1894 3681 37 17 fore
1944 3682 119 20 publication.
2083 3685 163 18 Advertisements:
2254 3687 39 17 will
2303 3688 22 17 be
2336 3688 96 17 continued
2438 3687 33 17 and

1895 3703 76 19 charged
1982 3704 50 16 until
2040 3706 165 21 counter-ordered;
2217 3707 45 16 such
2269 3708 53 17 order
2328 3711 50 15 must
2384 3709 21 16 be
2412 3711 39 15 tent
2457 3709 15 15 to

1895 3723 31 16 the
1934 3723 56 17 Office
2003 3725 35 16 two
2057 3726 42 21 days
2117 3727 61 17 before
2188 3728 118 21 publication,
2317 3730 38 16 and
2365 3732 49 16 must
2423 3731 20 15 be
2454 3728 17 16 in

1895 3744 76 20 writing.
1996 3745 155 19 Advertisements
2164 3748 82 17 received
2264 3749 53 21 after
2334 3744 22 23 KJ
2371 3750 65 17 o'clock
2450 3753 20 13 on

1895 3765 82 21 Tuesday
1990 3766 37 16 and
2036 3767 66 22 Friday
2111 3768 95 22 mornings
2216 3769 39 18 will
2264 3770 23 17 be
2297 3770 79 21 charged
2385 3772 51 16 twice
2443 3772 28 15 to*

1895 3786 52 16 usual
1952 3788 56 15 rates.

1916 3806 30 18 All
1951 3807 69 20 orders,
2030 3808 157 21 advertisements,
2197 3810 37 17 and
2245 3811 163 18 communications
2418 3815 18 14 to
2446 3810 28 17 th»

1895 3827 69 20 Editor,
1970 3833 31 12 are
2006 3830 99 20 requested,
2108 3830 19 17 to
2133 3831 23 17 be
2161 3831 100 18 addressed
2266 3834 19 15 to
2292 3833 38 21 thjg
2336 3833 62 18 Office.

1895 3874 75 17 Printed
1983 3875 37 16 and
2032 3876 96 19 published
2145 3881 55 16 every
2216 3878 114 21 Wednesday
2346 3879 36 17 and
2391 3877 81 20 Saturday

1916 3895 89 21 morning,
2020 3895 23 21 by
2060 3897 85 18 Bamoh.
2158 3898 89 21 Revaks,
2263 3901 21 15 at
2297 3899 33 17 th«
2345 3900 54 16 Office
2413 3899 21 16 of
2443 3900 29 13 tut

1916 3916 48 16 New
1978 3916 98 18 Zealand
2086 3918 93 17 Gazette
2190 3923 42 13 and
2245 3919 135 18 Wellington
2395 3920 78 16 Smcta-

1916 3937 210 23 TOBtMannßn-itmt,
2135 3939 116 23 Wellington,
2262 3941 43 18 Port
2312 3940 109 22 .Woholioa,
2432 3938 40 18 N«w

569 47 99 47 $$t
689 47 120 42 VltX*
834 45 208 42 JEtalantr
1066 45 189 47 ffia^tte
1278 45 91 39 anii
1392 44 299 46 GSfcWugtow
1714 39 253 51 Shpttt&ov.

2232 201 17 12 a
2270 201 16 11 a.
2310 201 20 11 a.
2379 211 4 8 t
2384 201 17 11 »
2421 201 17 11 a.
2462 201 20 11 a.

1896 221 174 29 Ai,is:perhhd
2182 239 33 7 ...
2234 225 14 22 7
2274 225 15 21 0
2316 223 83 23 0.-7
2425 223 13 23 7
2465 226 15 19 0

2070 251 143 25 perbarrel..
2231 251 14 21 5
2272 246 125 28 O.OJTo
2424 252 15 20 0
2465 252 15 20 0

2070 283 38 20 per
2116 276 41 22 doz
2233 279 14 20 0
2261 270 106 29 188*0*7.
2384 277 14 21 0
2423 278 15 20 0
2464 278 16 20 0

1896 301 98 22 Arrack
2002 309 6 14 :
2023 301 44 23 Per
2075 303 42 24 gal.
2127 303 24 22 in
2160 304 61 22 bond
2235 306 14 20 0
2255 308 8 6 '
2276 305 12 19 1
2316 304 15 20 9
2347 316 7 7 .
2360 317 8 7 .
2385 304 14 20 0
2424 304 15 20 2
2465 308 15 19 0

1895 327 78 22 Bread
1982 335 5 14 :
2004 327 94 23 Per.2lb.
2110 328 49 22 loaf
2172 333 78 19 ....0
2276 333 14 19 0
2317 330 14 20 6
2348 343 20 7 ..
2385 331 15 19 0
2425 330 15 20 0
2464 331 21 20 0,

1895 354 73 22 Beef:
1983 353 78 29 Fresh,
2080 361 87 16 carcase
2182 363 44 20 per-
2329 359 20 17 >*.
2458 359 11 17 >

2011 380 24 22 lb
2232 385 14 20 0
2273 383 13 20 0
2302 383 28 21 10
2346 397 19 7 ..
2383 384 15 20 0
2423 383 15 20 0
2463 383 16 20 0

2002 406 54 27 Salt,
2067 414 38 20 per
2117 407 68 22 tierce
2199 422 19 6 ..
2256 405 115 35 none\...
2384 411 15 23 0
2423 410 15 20 0
2465 410 15 21 0

2002 433 45 22 Do.
2056 440 40 20 per
2108 433 74 23 barrel
2199 448 5 6 .
2211 449 7 5 .
2256 442 58 17 none
2333 431 38 25 '*.'."
2381 437 16 20 0
2423 437 14 20 0
2463 436 16 20 0

1896 460 94 22 Butter
1997 467 5 14 :
2019 459 66 28 Irish,
2094 467 39 20 per
2140 460 32 22 lb.
2197 474 6 6 .
2209 475 7 6 .
2235 463 14 19 0
2276 463 12 19 1
2317 464 13 20 9
2338 461 16 23 T.
2360 477 6 7 .
2385 464 29 20 0»
2424 463 14 20 2
2465 463 16 19 0

2016 486 69 22 Fresh
2237 489 14 19 0
2277 487 23 23 2'
2318 487 51 23 6ii.
2385 491 15 20 0
2425 490 15 20 0
2465 489 16 21 0

1896 518 108 18 DRANPif:
2020 512 59 22 First
2085 513 91 27 quality,
2183 520 40 20 per
2357 512 17 26 \
2448 528 14 15 h

2043 539 75 27 gallon
2126 540 24 21 in
2161 540 61 21 bond
2236 541 13 20 0
2277 542 14 19 6
2318 542 14 20 0
2349 544 25 18 ;V
2385 543 15 21 0
2426 541 22 22 8'
2449 540 8 10 4
2466 543 15 19 0

1895 565 86 22 Brown
2000 566 87 21 Sto-ct:
2109 573 40 20 per
2162 566 54 22 hhd.
2232 567 14 20 6
2260 567 28 21 10
2314 569 14 19 0
2345 581 19 7 ..
2384 568 15 22 7
2423 569 14 20 0
2464 569 20 20 0>

1896 592 99 22 Cigars:
2007 592 100 28 Manilla,
2115 600 40 20 per
2159 594 61 27 1000,
2235 594 14 20 3
2277 595 14 19 0
2317 595 50 19 0..
2385 596 14 20 0
2425 595 54 21 0/0

1962 615 11 10 '"
2004 618 96 23 Inferior
2236 621 11 20 1
2263 620 28 22 18
2317 621 14 20 0
2348 634 20 7 ..
2385 621 14 21 2
2425 622 19 25 0,
2460 622 20 25 ,0

1987 659 5 2 -
2004 644 134 28 Havannah,
2143 646 77 27 perlb.
2255 653 61 15 none
2347 660 7 7 .
2360 660 6 7 .
2384 648 15 20 0
2424 648 14 19 0
2464 649 15 19 0

2003 671 167 27 Chinsurahper
2176 673 71 21 10001
2263 674 27 21 10
2317 675 14 19 0
2348 686 19 8 ..
2385 674 14 20 0
2415 674 24 20 ;0
2465 675 14 19 0

2002 697 154 24 Alexandrian
2169 713 46 7 ....
2234 701 11 20 1
2261 701 28 21 10
2315 700 15 21 0
2346 714 20 7 ..
2383 701 16 20 0
2423 700 56 21 0,0

1895 724 87 22 Coffee
1989 731 5 14 :
2006 722 113 30 Java^per
2126 725 24 22 lb
2234 729 14 20 0
2275 727 56 21 010
2347 740 7 7 .
2361 741 5 6 .
2385 728 13 20 0
2425 726 14 21 0
2465 727 15 20 0

1895 751 90 22 Cheese
1992 758 5 14 :
2014 751 103 22 Cheshire
2235 756 14 19 0
2276 754 11 20 1
2316 755 83 19 6..0
2425 754 14 19 0
2466 754 14 20 0

2012 778 55 21 Pine
2077 778 72 28 Apple
2171 782 77 20 ....0
2276 783 13 19 0
2316 781 82 20 0..0
2427 779 11 21 1
2465 780 14 20 2

2011 804 77 22 Dutch
2236 809 13 19 0
2276 809 14 19 0
2317 808 14 19 0
2348 820 19 7 ..
2385 808 14 20 0
2427 806 11 21 1

1896 830 105 23 Candles
2009 838 5 14 :
2021 829 93 29 English
2120 839 56 20 wax,
2183 839 40 21 per
2235 850 15 10 ,_

2038 856 24 23 lb
2236 861 13 20 0
2276 861 13 20 3
2317 861 14 19 0
2349 874 19 7 ..
2386 861 13 20 0
2426 860 14 20 0
2455 856 25 24 '0

2025 884 79 21 Mould
2235 888 13 19 0
2277 886 11 20 1
2317 887 13 20 3
2349 900 19 6 ..
2386 888 13 19 0
2426 887 13 20 0
2467 887 14 20 0

2026 910 57 28 Dips
2235 914 14 19 0
2276 913 54 20 10
2349 914 50 19 ./0
2426 914 13 19 0
2467 914 13 19 0

1895 936 93 23 Flour:
1997 937 130 27 lstquality,
2138 940 83 24 perton

2018 963 25 21 of
2053 965 53 20 2000
2115 963 34 22 lbs
2220 964 26 21 15
2274 967 14 20 0
2316 966 13 20 0
2347 966 51 21 ..20
2425 967 12 19 0
2465 966 14 19 0

1993 990 46 21 2nd
2049 990 54 21 ditto
2236 993 13 20 0
2276 994 13 20 0
2316 993 14 20 0
2347 1006 6 7 .
2360 1006 6 6 .
2373 989 26 24 I'
2411 989 1 24 2
2425 993 14 20 0
2466 994 14 19 0

1896 1016 59 22 Gin:
1976 1016 54 22 Pale
2047 1016 24 22 in
2081 1017 57 22 bond
2234 1020 14 19 0
2274 1020 14 21 3
2316 1020 13 19 0
2347 1032 19 7 ..
2383 1020 19 20 0>
2423 1019 14 20 4
2464 1020 14 19 0

1945 1043 62 26 Case,
2015 1044 15 21 4
2035 1043 37 27 gal
2081 1044 35 21 4-5
2125 1044 24 21 in
2159 1045 60 22 bond
2235 1046 11 19 1
2275 1047 13 20 8
2316 1047 13 19 0
2347 1059 19 6 ..
2385 1046 11 19 1
2412 1045 26 20 10
2465 1046 14 19 0

1896 1068 80 23 Hams:
1992 1070 127 27 Yorkshire,
2134 1071 85 27 perlb.
2235 1074 13 19 0
2276 1074 14 20 0
2317 1073 14 20 0
2349 1086 18 7 ..
2386 1075 13 19 0
2426 1073 14 19 0
2467 1072 14 20 0

1895 1096 127 22 Mustard:
2037 1096 43 23 Per
2088 1097 102 22 dozen..
2199 1112 18 7 ..
2235 1099 55 21 018
2318 1100 50 19 0..
2387 1100 13 20 0
2427 1100 13 19 0
2467 1099 14 19 0

1895 1123 114 22 Mutton:
2030 1123 92 22 Carcase
2131 1131 41 20 per
2180 1124 24 21 lb
2215 1140 5 6 .
2236 1127 13 20 0
2276 1128 14 19 0
2317 1126 14 20 9
2349 1140 18 6 ..
2386 1127 13 20 0
2426 1126 13 20 0
2454 1125 25 20 11

1895 1150 122 21 Muskets:
2033 1149 91 22 Walnut
2130 1150 93 23 stocked
2236 1153 13 20 0
2277 1154 14 19 0
2317 1154 14 19 0
2349 1166 19 7 ..
2386 1154 13 19 0
2415 1152 24 20 15
2469 1153 14 19 0

1895 1176 78 22 Milk:
1989 1176 43 22 Per
2039 1176 49 26 pint
2236 1180 13 19 0
2277 1180 14 19 0
2317 1179 14 20 3
2350 1193 18 6 ..
2387 1181 12 19 0
2426 1180 13 19 0
2466 1179 15 20 4

1896 1203 44 22 Oil
1947 1211 5 14 :
1968 1202 104 26 Linseed,
2081 1209 40 21 per
2128 1203 76 27 gallon
2215 1206 34 19 .0
2277 1206 14 19 0
2319 1206 37 19 0.
2364 1219 5 6 .
2401 1211 64 16 none.

1968 1229 79 26 Black,
2051 1230 23 20 in
2079 1229 172 27 cask,pertonl7
2279 1232 14 19 0
2320 1232 13 19 0
2351 1245 19 6 ..
2388 1234 13 19 0
2428 1234 13 19 0
2468 1233 14 20 0

2006 1256 77 25 Sperm
2218 1258 28 21 60
2273 1258 13 19 0
2315 1258 12 19 0
2346 1259 50 20 ..65
2424 1259 12 19 0
2465 1259 12 19 0

1896 1282 63 22 Pork
1966 1289 5 14 :
1987 1282 78 28 Fresh,
2082 1289 87 16 carcase
2183 1291 42 19 per

2011 1309 24 21 lb
2235 1312 14 20 0
2276 1312 13 20 0
2317 1310 13 21 5
2349 1325 18 6 ..
2385 1313 13 20 0
2425 1314 13 19 0
2466 1314 14 20 0

1896 1335 64 22 Pork
1967 1342 4 14 :
1989 1335 65 27 Irish,
2065 1343 38 20 per
2112 1336 74 22 barrel
2199 1339 50 20 ..'0
2277 1340 14 19 0
2318 1338 81 21 0..5
2425 1340 57 21 5.0

1895 1362 131 22 Potatoes:
2047 1362 55 22 New
2114 1362 108 29 Zealand,

2070 1393 86 23 perton
2169 1405 46 7 ....
2234 1391 13 20 5
2276 1393 13 20 0
2317 1394 13 19 0
2348 1406 20 7 ..
2386 1394 13 19 8
2425 1394 13 20 0
2467 1394 12 19 0

1896 1416 93 21 Porter
1997 1423 7 14 :
2032 1416 101 28 Dunbar,
2143 1417 25 22 in
2175 1417 46 22 bot.

2062 1449 38 21 per
2109 1443 42 22 doz
2234 1446 14 20 0
2263 1445 26 21 13
2316 1447 14 19 0
2348 1460 6 6 .
2361 1460 6 6 .
2385 1448 14 19 0
2425 1448 14 19 0
2467 1448 13 19 0

2003 1469 85 27 Bryant
2098 1470 44 21 and
2151 1471 70 22 Davis
2236 1472 53 21 013
2317 1474 14 19 0
2349 1486 5 7 .
2361 1486 7 7 .
2386 1474 13 20 0
2426 1475 14 20 0
2467 1475 13 18 0

1944 1503 49 14 cles
2005 1503 5 14 :
2041 1496 115 28 Assorted,
2184 1505 41 19 per

2044 1519 79 31 '^dpz.,
2147 1528 76 23 quarts
2238 1526 10 19 1
2279 1527 11 19 1
2319 1527 13 20 0
2350 1539 20 7 ..
2388 1528 13 19 0
2429 1528 14 19 0
2470 1527 13 19 0

1896 1549 73 22 Pitch
1982 1556 5 14 :
2020 1549 135 28 Stockholm,
2184 1559 41 19 per

2044 1576 71 22 barrel
2238 1581 13 20 0
2278 1581 14 20 0
2320 1580 13 20 0
2350 1593 20 7 ..
2390 1580 10 19 1
2429 1580 13 21 5
2471 1582 13 19 0

1896 1602 93 22 Plank:
2018 1603 53 22 Port
2092 1603 140 29 Nicholson,-

2044 1637 39 20 per
2092 1632 39 20 100
2140 1631 47 22 feet
2199 1647 6 5 .
2212 1647 5 6 .
2237 1634 13 19 0
2277 1635 14 19 0
2319 1634 12 20 0
2350 1647 6 7 .
2363 1647 6 6 .
2388 1634 10 19 1
2468 1636 13 19 0

1895 1655 69 22 Rice:
1978 1657 108 22 Common
2095 1664 40 20 pcr
2140 1662 49 18 cwt.
2201 1674 18 5 ..
2238 1661 13 19 0
2279 1662 13 19 0
2319 1661 14 20 0
2350 1674 19 7 ..
2387 1662 14 20 0
2426 1662 15 20 0
2468 1663 13 19 0

1976 1683 67 22 Good
2237 1687 55 21 14
2319 1688 80 21 0..0
2426 1689 15 20 0
2467 1690 14 19 0

1896 1709 54 22 Rum
1957 1717 6 14 :
1980 1710 25 21 P.
2015 1710 27 21 B.
2053 1710 32 27 P.,
2099 1718 39 20 per
2147 1712 76 26 gallon

2016 1737 25 21 in
2055 1738 59 21 bond
2236 1742 13 19 0
2276 1742 15 19 4
2318 1740 12 21 0
2349 1754 19 7 ..
2386 1742 13 21 0
2425 1741 13 21 5
2467 1742 14 21 0

1896 1763 88 22 Sugar:
2001 1764 118 22 Mauritius
2128 1772 40 20 per
2175 1770 49 18 cwt.
2239 1768 13 20 0
2279 1769 14 20 0
2321 1769 49 20 0..
2402 1774 57 15 none

2004 1791 80 22 Brown
2098 1791 54 22 ditto
2170 1794 76 20 ....'1
2274 1795 14 20 2
2316 1796 80 19 0..1
2424 1796 13 20 8
2465 1796 14 20 0

2004 1818 94 23 Refined
2113 1819 54 28 loaf,
2184 1827 41 20 per

2030 1845 24 21 lb
2237 1850 14 19 0
2278 1850 14 19 0
2319 1850 14 19 9
2350 1863 19 6 ..
2387 1850 13 19 0
2427 1850 14 20 0
2468 1850 15 20 0

2005 1872 94 22 Manilla
2117 1880 40 20 per
2171 1877 48 19 cwt.
2235 1876 13 20 0
2276 1877 13 20 0
2317 1877 51 20 0..
2387 1874 64 23 None

1895 1897 59 22 Salt
1962 1905 6 14 :
1983 1898 124 28 Liverpool,
2117 1907 41 22 per
2167 1904 40 19 ton
2215 1903 33 20 .3
2277 1904 13 20 0
2317 1903 14 20 0
2349 1916 7 7 .
2362 1916 6 7 .
2386 1904 14 20 4
2427 1904 13 20 0
2467 1904 15 20 0

1895 1924 59 22 Soap
1962 1932 6 14 :
1996 1925 100 23 Hawes's
2110 1927 112 28 ..London,

2020 1956 114 23 perton.'.
2221 1956 27 21 35
2276 1957 14 20 0
2317 1957 14 20 0
2349 1970 19 7 ..
2387 1956 12 20 P
2428 1958 14 20 0
2469 1958 15 19 O

2012 1978 117 25 Liverpool
2221 1984 27 16 26
2276 1984 14 16 O
2317 1984 14 15 O
2349 1985 50 15 ••«*■'>
2426 1984 15 15 O
2467 1985 15 16 O

1895 2001 90 21 Starch
1993 2009 6 13 :
2015 2002 43 21 Per
2065 2003 23 20 lb
2237 2006 14 19 0
2278 2007 14 18 0
2319 2006 14 19 9
2350 2019 6 6 .
2363 2020 7 5 .
2388 2007 13 20 0
2427 2008 14 19 0
2469 2008 14 20 0

1895 2027 143 21 Scantling:
2054 2028 41 21 Per
2102 2030 41 20 100
2150 2030 69 21 feet..
2238 2032 13 19 0
2266 2032 27 20 18
2321 2032 13 20 0
2352 2046 18 5 ..
2390 2033 9 19 1
2429 2035 14 19 0
2469 2036 14 19 0

1895 2053 127 22 Shingles:
2039 2054 42 22 Per
2088 2056 60 27 1000,
2156 2056 31 22 N.Z..
2195 2057 26 21 Z.
2237 2058 11 20 1
2279 2059 10 19 1
2319 2060 13 19 0
2350 2072 18 7 ..
2388 2060 11 20 1
2427 2061 13 20 5
2467 2062 14 19 0

2024 2081 70 28 Ditto,
2115 2081 28 23 V.
2154 2083 29 21 D.
2195 2083 26 22 L.
2236 2086 13 19 2
2277 2087 14 19 0
2319 2086 13 20 0
2350 2100 6 5 .
2363 2100 5 6 .
2387 2088 12 20 0
2427 2089 14 20 0
2467 2090 13 19 0

1894 2107 49 22 Tax
1950 2114 6 14 :
1972 2107 55 22 Coal
2237 2112 10 19 1
2278 2113 11 19 l
2318 2114 50 19 0..
2387 2115 13 20 0
2427 2116 14 19 0
2467 2116 13 19 0

1976 2134 127 23 Stockholm
2239 2139 10 20 I
2279 2140 10 19 1
2318 2140 50 20 0..
2386 2142 13 19 0
2426 2142 14 20 0
2467 2143 12 18 0

1894 2160 61 22 Tea:
1966 2161 81 27 Hyson
2052 2162 53 27 skin,
2112 2170 39 19 per
2161 2163 64 22 chest
2236 2167 14 20 4
2277 2168 14 19 0
2318 2167 13 20 0
2349 2180 19 7 ..
2387 2168 12 21 7
2426 2167 13 22 7
2467 2170 13 18 0

1968 2188 95 27 Congou
2225 2193 25 21 10
2277 2194 90 21 00..
2385 2196 14 19 0
2425 2196 14 19 0
2465 2196 14 20 0

1894 2214 105 22 Tobacco
2008 2222 5 14 :
2026 2215 142 29 Negrohead,
2184 2225 41 16 per

2053 2243 29 21 lb.
2095 2243 24 22 in
2135 2243 61 22 bond
2237 2248 12 19 0
2279 2248 8 19 1
2318 2248 50 19 0..
2386 2249 13 19 0
2426 2249 14 20 0
2467 2250 14 19 0

1893 2267 165 24 Turpentine:
2073 2270 145 27 Pergallon,.
2237 2274 13 20 0
2278 2276 13 19 8
2319 2275 14 20 0
2350 2288 19 7 ..
2387 2276 13 19 0
2427 2277 14 19 0
2467 2278 12 19 0

1895 2294 161 24 Whalebone:
2072 2297 90 22 Perton
2224 2301 27 20 90
2278 2302 13 19 0
2318 2302 14 19 0
2350 2301 49 21 ..95
2427 2304 13 19 0
2467 2304 13 19 0

1895 2321 81 23 Wine:
1992 2323 89 28 Sherry,
2089 2331 41 20 per
2137 2325 81 27 pipe..
2223 2328 26 20 28
2277 2329 91 20 0.0..
2373 2330 26 19 40
2426 2330 14 20 0
2466 2331 14 19 0

2002 2350 72 28 Ditto,
2088 2358 40 20 per
2141 2352 81 22 dozen.
2237 2356 9 19 1
2276 2356 14 19 4
2317 2356 14 19 0
2349 2368 17 7 ..
2385 2356 13 19 2
2425 2357 14 20 0
2465 2358 14 19 0

2004 2377 59 28 Port,
2074 2385 38 20 per
2122 2378 49 28 pipe
2197 2382 51 21 ..28
2274 2383 15 20 O
2316 2382 14 21 0
2347 2383 50 20 ..60
2424 2384 14 20 0
2464 2384 13 20 0

2070 2412 39 19 per
2119 2406 48 21 doz.
2197 2421 6 6 .
2209 2421 7 6 .
2236 2408 10 21 1
2275 2410 13 19 8
2316 2410 14 19 0
2347 2422 6 7 .
2360 2422 6 7 .
2383 2410 14 20 2
2423 2411 14 19 8
2463 2411 14 20 0

2002 2430 148 29 Champagne,
2166 2432 56 23 ditto
2234 2436 14 20 2
2275 2435 13 21 5
2316 2436 15 20 0
2347 2449 19 6 ..
2384 2437 13 20 3
2412 2436 26 21 10
2464 2438 14 19 0

1894 2455 122 24 Poultry:
2031 2458 78 28 Fowls,
2116 2466 40 20 per
2162 2460 49 27 pair
2217 2477 6 6 .
2237 2464 14 19 0
2279 2464 12 19 8
2319 2464 14 19 0
2350 2476 19 7 ..
2387 2464 12 19 0
2415 2464 25 20 16
2467 2465 13 18 0

2029 2485 83 27 Ducks,
2122 2486 57 22 ditto
2199 2502 18 7 ..
2236 2490 13 19 0
2263 2489 27 21 16
2317 2490 14 20 0
2348 2502 20 7 ..
2385 2490 13 20 0
2425 2492 14 19 0
2465 2492 14 19 0

2020 2530 7 9 G
2030 2512 79 27 eese,
2119 2513 56 22 each
2198 2516 48 20 ..1
2275 2517 14 20 0
2316 2516 14 20 0
2347 2529 19 7 ..
2384 2517 13 20 0
2424 2518 14 19 0
2465 2518 14 19 0

2029 2539 107 28 Turkeys,
2147 2540 56 23 each
2238 2542 9 21 1
2277 2544 14 19 0
2317 2543 14 20 0
2348 2556 19 6 ..
2385 2544 14 19 0
2425 2545 14 19 0
2465 2546 14 18 0

2030 2565 101 28 Pigeons,
2141 2567 79 28 (wild,)

2055 2600 39 20 per
2102 2594 49 26 pair
2171 2596 78 20 ....0
2276 2597 13 19 0
2317 2596 14 20 0
2349 2610 5 5 .
2361 2609 7 6 .
2385 2598 14 19 0
2424 2597 14 20 2
2466 2598 13 19 0

2029 2619 83 27 Ducks,
2120 2620 36 22 do.
2167 2621 51 22 do..
2236 2624 14 19 0
2277 2623 13 20 5
2318 2624 15 19 0
2350 2636 18 7 ..
2386 2624 13 19 0
2426 2626 14 19 0
2466 2625 14 19 0

1894 2645 71 21 Eggs:
1983 2645 44 22 Per
2037 2645 70 23 dozen
2237 2650 13 20 0
2277 2650 14 21 2
2318 2650 15 20 0
2349 2664 19 5 ..
2386 2651 13 20 0
2427 2652 13 19 0
2466 2652 13 19 0

1895 2699 76 20 Cows:
1984 2699 73 22 Milch
2224 2702 25 21 15
2277 2705 14 20 0
2317 2704 16 20 0
2349 2704 49 21 ..25
2425 2706 15 19 0
2465 2706 14 19 0

1894 2725 95 22 Mares:
2005 2726 74 22 Brood
2221 2730 28 21 50
2276 2732 13 19 0
2316 2732 15 19 0
2348 2732 50 21 ..80
2425 2733 14 19 0
2465 2733 13 19 0

1895 2751 116 23 Working
2027 2753 131 23 Bullocks:
2180 2755 45 22 Per

1921 2779 48 27 pair
2223 2784 28 20 40
2279 2785 13 20 0
2319 2785 15 20 0
2350 2786 51 19 ..60
2427 2786 14 20 0
2467 2785 12 19 0

1895 2805 62 22 Hire
1969 2813 26 14 of
2006 2813 68 16 ditto
2080 2815 6 14 :
2100 2808 44 22 Per
2150 2808 52 29 day,
2211 2817 14 14 a

1922 2836 60 19 team
1991 2833 46 22 and
2044 2834 81 23 driver.
2239 2838 10 21 1
2279 2840 14 19 0
2319 2838 81 21 0..2
2427 2840 14 19 0
2466 2840 15 19 0

1895 2860 87 23 Sheep;
1997 2859 63 24 Each
2237 2865 11 20 1
2277 2866 14 19 0
2317 2866 16 19 0
2349 2878 20 7 ..
2387 2866 10 20 1
2425 2867 14 20 8
2465 2867 14 19 0

1894 2885 63 22 Boat
1961 2886 81 22 .Hire:
2056 2887 42 22 Per
2103 2887 51 27 day,
2159 2888 65 21 with-

2084 2916 39 19 out
2131 2914 73 22 hands
2215 2930 5 6 .
2236 2916 54 21 010
2317 2917 15 20 0
2349 2930 6 7 .
2362 2929 6 8 .
2387 2911 9 26 i
2426 2919 14 20 0
2465 2918 12 20 0

1894 2965 98 22 Wages:
2021 2965 138 30 Mechanics,
2184 2975 41 21 per
2350 2989 3 4 .
2375 2985 2 6 ,

2030 2996 2 5 '
2047 2994 62 22 week
2237 2996 14 20 2
2279 2998 14 20 0
2319 2998 16 20 0
2350 2994 21 25 I.
2387 2999 14 20 3
2428 3000 14 20 0
2466 3000 14 20 0

2030 3019 126 25 Labourers
2172 3036 46 7 ....
2237 3024 11 20 1
2265 3024 26 21 10
2318 3025 15 20 0
2350 3038 20 7 ..
2389 3026 10 20 1
2415 3026 25 21 16
2466 3026 12 19 0

2034 3050 4 7 '
2088 3053 5 4 '
2128 3048 122 23 DUTIES,
2283 3060 12 15 v-
2331 3066 3 8 ,

1894 3073 100 22 British
2004 3074 90 23 Spirits
2308 3078 34 22 4s.
2351 3085 41 21 per
2399 3078 79 27 gallon.

1894 3099 106 23 Foreign
2011 3100 56 23 ditto
2309 3105 33 22 sa.
2352 3113 38 20 per
2397 3106 80 26 gallon.

1893 3127 106 22 Tobacco
2008 3129 177 29 manufactured,
2190 3145 6 6 .
2203 3126 33 26 .V.
2244 3145 47 7 ....
2311 3133 31 20 Is.
2351 3139 39 21 per
2399 3132 30 23 lb.

2008 3154 205 26 Unmanufactured
2308 3158 37 23 9d.
2356 3166 39 20 per
2403 3159 30 22 lb.

1895 3181 74 22 Snuff
2286 3182 55 27 ;;#&
2350 3193 15 20 p
2367 3193 22 14 er
2389 3203 3 3 .
2397 3186 31 22 lb.

1895 3208 86 22 Cigars
2302 3214 40 19 -2s.
2350 3212 80 28 perlb.

1894 3234 82 23 Wines
2301 3238 25 21 15
2340 3242 105 24 percent,

1893 3261 56 27 Tea,
1963 3263 86 27 Sugar,
2065 3264 85 26 Flour,

1912 3289 45 21 and
1966 3290 66 25 other,
2037 3291 88 27 XJrain,
2136 3292 14 21 5
2159 3298 40 20 per
2209 3295 58 19 cent
2280 3286 5 27 I
2331 3306 7 7 ,
2378 3307 8 6 ,

1894 3315 39 22 All
1942 3316 64 22 other
2013 3317 106 22 Foreign
2124 3318 144 28 productions
2279 3317 13 32 f
2310 3306 31 22 ad

1908 3342 43 23 and
1955 3344 167 22 manufactures
2130 3346 26 20 10
2161 3352 41 19 per
2209 3350 57 18 cent.
2272 3339 13 32 J

2093 3371 188 27 EXCHANGE.
2330 3368 16 15 -'

1895 3410 66 23 Bank
1970 3410 52 22 bills
2032 3418 28 15 on
2069 3412 95 23 London
2197 3399 16 39 ■[
2220 3401 28 22 30
2263 3402 29 22 da
2291 3410 16 21 y
2307 3410 12 14 s
2333 3403 19 22 si
2352 3410 16 21 K
2368 3403 24 23 ht
2392 3419 6 11 »
2415 3405 13 21 2
2441 3411 14 20 P
2456 3410 21 16 er

1898 3450 14 3 _
1939 3450 13 9 _,
1975 3450 8 9 ,
2204 3431 11 24 I
2253 3435 60 17 cent,
2324 3437 113 20 premium.

1895 3450 134 29 OnSydney
2314 3457 73 26 Ditto,

1895 3476 87 23 Private
1992 3478 50 22 bills
2285 3481 119 26 'Nominal.

1285 130 90 22 rriHE
1398 130 80 20 Nelson
1500 130 116 21 Examiner
1639 131 43 21 and
1702 131 52 20 New
1777 130 94 20 Zealand

1291 151 29 27 X.
1345 156 122 22 'Chronicle
1483 155 126 34 (published
1618 160 23 18 at
1650 157 102 26 Nelson,)
1768 156 19 22 is
1804 164 66 20 regu-

1281 183 59 27 larly
1357 183 141 22 transmitted
1513 186 23 18 to
1552 183 144 27 Wellington,
1716 182 45 22 and
1775 190 51 20 may
1840 183 28 21 be

1282 209 45 23 had
1336 209 70 27 atghe
1416 209 64 21 office
1489 208 26 22 of
1525 209 45 22 this
1578 217 75 24 paper.

1309 235 48 22 The
1363 236 83 24 [Nelson
1455 237 116 20 Examiner
1585 237 45 21 will
1639 237 28 21 be
1677 235 69 23 found
1756 242 29 15 an
1796 235 73 22 excel-

1279 262 51 21 lent
1338 261 99 23 medium
1447 261 35 23 for
1491 262 139 22 advertisers.

1308 288 83 32 Terms^
1397 289 34 21 for
1440 287 38 23 the
1487 296 74 21 paper,
1572 292 36 18 ten
1617 288 101 27 shillings
1731 295 40 20 per
1779 290 90 25 quarter

1278 314 97 29 payable
1384 314 24 22 in
1419 314 107 23 advance.

1310 341 82 21 Orders
1414 341 34 21 for
1468 342 37 21 the
1528 348 68 21 paper
1617 341 45 21 and
1685 340 192 23 advertisements*

1282 367 103 22 received
1395 370 24 19 at
1427 367 37 21 the
1476 368 70 22 Office
1557 367 24 23 of
1594 367 43 21 this
1646 374 76 20 paper.

1531 417 89 22 Seeds.

1282 449 162 48 ALWAYS
1458 450 115 22 .READY
1588 453 22 18 to
1627 449 109 28 purchase
1757 448 67 22 Seeds
1844 448 27 22 of

1362 476 30 22 all
1403 476 151 28 descriptions,
1563 484 75 19 grown
1649 476 23 21 in
1683 474 106 28 England
1796 482 24 14 or
1829 475 38 21 the

1282 502 101 22 Colonies
1390 510 6 19 ;
1410 503 41 21 but
1460 510 14 15 a
1483 503 93 22 marked
1591 502 130 28 preference
1729 501 47 22 will
1786 501 82 27 always

1281 528 29 22 be
1319 529 66 26 given
1396 529 34 22 for
1438 529 42 22 lots
1490 529 26 22 of
1523 529 52 23 seed
1589 529 115 28 produced
1713 529 23 21 in
1745 527 38 23 the
1792 527 76 23 settle-

1281 559 63 17 ment
1353 555 26 21 of
1385 555 56 22 New
1451 556 108 22 Zealand.

1461 588 78 26 Office,
1550 588 59 22 Nov.
1621 588 33 26 19,
1666 588 61 21 1842.

1456 639 108 22 Heifers
1578 639 30 21 in
1623 639 68 21 Calf.

1282 670 89 47 FOR
1385 670 85 26 SALE,
1481 671 69 22 about
1563 671 27 22 50
1600 670 100 28 superior
1709 669 56 22 bred
1777 669 88 27 heifers,

1340 700 59 18 most
1415 696 26 22 of
1451 696 62 23 them
1528 697 73 27 heavy
1613 693 23 26 iii
1654 696 51 28 calf,
1723 696 45 22 and
1783 696 84 28 having

1281 723 57 21 been
1357 729 60 15 some
1433 722 53 23 time
1501 723 23 22 in
1538 724 38 22 the
1596 724 92 26 Colony,
1706 726 40 19 not
1759 722 67 23 liable
1843 727 24 17 to

1281 750 67 21 suffer
1356 749 57 22 from
1423 748 37 23 the
1471 749 75 22 effects
1556 750 24 21 of
1592 750 37 22 the
1646 750 62 21 Toot.
1736 749 48 22 The
1797 749 70 22 above

1281 776 67 21 cattle
1365 783 41 14 can
1422 776 27 21 be
1466 776 99 28 strongly
1577 776 180 26 recommended,
1776 783 23 16 as
1813 775 53 28 they

1280 802 58 21 have
1354 802 57 21 been
1428 802 97 22 selected
1540 804 56 21 from
1603 804 47 21 -the
1667 809 119 16 numerous
1801 802 66 22 cattle

1281 828 61 28 ships
1351 828 71 22 which
1432 828 58 23 have
1506 829 88 22 arrived
1606 830 61 21 here.
1697 828 75 34 Apply
1786 832 22 18 to
1821 829 45 22 Mr.

1281 855 97 27 Revans,
1391 856 87 21 Gazette
1488 856 69 27 office,
1570 863 24 14 or
1603 859 22 19 to
1637 856 44 22 Mr.
1693 856 84 26 Hulke,
1786 856 81 21 Evans'

1282 882 55 26 Bay.
1436 886 5 10 '

1308 908 62 26 Also,
1380 908 63 22 three
1453 908 117 23 well-bred
1578 916 73 15 mares
1656 908 25 22 in
1690 908 54 28 foal,
1756 912 22 18 to
1787 908 80 27 impor-

1281 934 37 22 ted
1328 934 83 21 horses.

1380 985 40 20 To
1441 985 170 25 Proprietors
1628 985 29 21 of
1670 985 92 21 Stock.

1281 1018 50 48 A
1356 1017 198 22 GENTLEMAN
1573 1018 49 21 who
1641 1018 42 21 has
1701 1018 60 22 been
1780 1018 88 22 several

1359 1051 63 19 years
1429 1044 24 21 in
1464 1044 79 26 charge
1554 1044 25 21 of
1590 1044 64 22 stock
1663 1045 25 21 in
1699 1044 112 28 England,
1823 1045 46 22 and

1281 1070 48 22 who
1344 1070 40 22 has
1393 1071 58 21 been
1471 1077 62 15 more
1552 1070 54 22 than
1627 1071 78 22 twelve
1724 1071 98 22 months'
1842 1072 23 21 in

1281 1097 80 27 charge
1371 1098 26 21 of
1413 1104 42 15 one
1473 1096 26 23 of
1516 1096 38 23 the
1571 1098 84 27 largest
1674 1098 80 21 dairies
1770 1098 24 22 in
1813 1098 55 22 Port

1281 1124 128 26 Nicholson,
1419 1124 41 21 has
1471 1124 139 22 determined
1618 1128 23 18 to
1651 1124 106 22 establish
1771 1132 13 14 a
1799 1124 68 28 sheep

1280 1151 43 21 and
1333 1150 66 21 cattle
1409 1150 88 26 station,
1507 1151 101 22 between
1618 1151 145 22 Poriruaand
1770 1151 97 28 Wanga-

1281 1178 45 26 nui,
1347 1177 54 21 with
1414 1176 37 22 the
1468 1178 111 21 intention
1597 1178 26 21 of
1639 1178 78 27 taking
1735 1178 67 28 sheep
1821 1178 46 22 and

1281 1204 66 21 cattle
1357 1210 28 15 on
1396 1203 81 27 shares,
1490 1211 24 14 or
1522 1204 122 26 otherwise,
1655 1212 25 14 as
1686 1212 52 20 may
1747 1205 27 22 be
1784 1206 83 26 agreed

1279 1237 66 24 upon.
1375 1230 47 22 The
1437 1237 50 14 new
1497 1230 73 22 North
1579 1231 72 26 Road,
1663 1239 50 14 now
1722 1238 25 14 in
1756 1239 109 20 progress,

1280 1256 46 22 will
1335 1256 50 27 give
1395 1256 38 21 the
1444 1259 58 19 most
1510 1258 86 26 perfect
1604 1258 86 26 facility
1708 1258 25 21 of
1745 1258 122 21 communi-

1280 1284 75 26 cating
1364 1283 30 27 by
1403 1282 54 23 land
1467 1283 52 22 with
1530 1283 37 22 the
1580 1284 94 27 grazing
1686 1284 97 22 districts
1796 1284 23 21 in
1829 1285 38 20 the

1280 1310 70 21 above
1373 1309 113 22 indicated
1509 1310 113 23 direction.
1670 1310 45 22 For
1737 1311 130 27 particulars

1281 1336 65 28 apply
1354 1340 21 17 to
1385 1336 38 22 the
1436 1337 86 20 Gazette
1531 1337 72 22 office.

1307 1367 127 23 November
1444 1369 34 26 25,
1491 1369 59 21 1842.

1280 1418 95 47 JUST
1389 1417 159 23 RECEIVED
1558 1422 24 18 at
1590 1418 37 22 the
1636 1418 70 23 Office
1713 1419 25 21 of
1745 1419 37 22 the

1343 1444 99 23 Zealand
1582 1452 14 14 a
1604 1446 43 21 few
1662 1446 74 26 copies
1746 1446 25 21 of
1778 1446 37 22 the
1825 1446 42 23 fol-

1280 1471 81 26 lowing
1374 1472 79 26 works,
1465 1472 26 21 of
1498 1471 45 22 last
1551 1472 72 26 year's
1633 1472 141 27 publication,
1785 1473 44 22 and
1843 1476 23 20 in

1281 1497 111 22 excellent
1402 1499 112 22 condition
1522 1506 6 14 :
1530 1509 26 5 —

1306 1531 48 21 The
1369 1531 100 23 Poetical
1484 1531 79 22 Works
1580 1531 26 21 of
1620 1531 89 26 Milton,
1721 1532 54 22 with
1789 1540 13 14 a
1820 1541 48 15 me-

1280 1557 63 26 moir,
1364 1559 44 21 and
1430 1566 68 15 seven
1523 1558 191 24 embellishments
1736 1559 31 27 by
1786 1560 80 27 Fuseli,

1282 1583 98 29 Westal],
1405 1585 44 23 and
1474 1585 92 22 Martin.
1614 1586 62 25 Also,
1701 1592 29 15 an
1757 1587 111 22 excellent

1280 1611 93 27 portrait
1391 1613 27 21 of
1434 1613 89 25 Milton,
1545 1612 114 27 engraved
1672 1612 30 27 by
1716 1612 22 22 J.
1759 1613 106 28 Cochran,

1281 1637 58 22 from
1349 1644 13 14 a
1371 1639 125 26 miniature,
1508 1638 117 29 originally
1634 1639 23 22 in
1669 1638 38 23 the
1713 1641 121 26 possession
1846 1641 25 21 of

1281 1664 76 24 Oliver
1364 1666 124 22 Cromwell.
1517 1665 12 22 I
1540 1667 44 21 vol.
1591 1668 55 24 Bvo.,
1656 1666 77 22 bound
1742 1666 23 22 in
1772 1667 67 22 cloth.

1309 1691 49 23 Life
1374 1693 26 21 of
1415 1693 38 21 the
1471 1693 67 22 Duke
1555 1693 25 21 of
1592 1693 146 28 Wellington,
1759 1694 109 30 compiled

1280 1717 59 22 from
1363 1719 34 22 his
1421 1720 91 22 Grace's
1536 1721 145 26 Despatches,
1705 1720 117 27 published
1843 1721 24 21 in

1281 1746 60 26 1840,
1354 1745 29 27 by
1395 1747 88 26 George
1492 1747 78 26 Soane,
1583 1747 57 22 A.B.
1668 1749 15 20 2
1691 1747 54 23 vols.
1756 1747 60 22 cloth
1822 1748 46 22 and

1281 1771 100 23 lettered.

1307 1798 49 22 The
1365 1799 62 27 Holy
1437 1799 72 29 Bible,
1519 1800 128 28 containing
1657 1800 37 23 the
1703 1800 45 23 Old
1758 1801 44 22 and
1812 1801 56 22 New

1280 1824 145 28 Testaments,
1450 1827 55 22 with
1528 1832 69 23 notes,
1618 1828 30 27 by
1672 1828 38 22 the
1729 1827 56 23 Rev.
1805 1828 62 22 John

1281 1851 88 24 Hobart
1383 1854 105 27 Caunter,
1505 1855 61 27 8.C.,
1581 1855 79 22 author
1675 1855 25 21 of
1707 1854 38 22 the

1281 1878 26 21 of
1317 1879 38 22 the
1369 1880 145 28 Pentateuch,
1518 1881 70 23 'land
1596 1881 148 23 embellished
1753 1882 52 21 with
1817 1882 50 21 four

1280 1912 63 22 maps
1357 1907 46 22 and
1416 1908 42 21 144
1471 1909 139 27 engravings,
1630 1909 58 21 from
1706 1908 112 28 paintings
1836 1910 31 27 by

1280 1931 94 25 Westall
1383 1933 46 23 and
1439 1934 92 27 Martin,
1542 1938 48 19 Bvo.
1601 1935 67 22 cloth.

1307 1959 47 21 The
1364 1960 138 25 Beginner's.
1507 1962 85 20 Frpncb
1611 1962 70 22 Book,
1693 1962 44 21 and
1750 1963 38 21 the
1798 1962 69 22 Scho-

1279 1982 52 22 lar's
1351 1984 85 22 French
1453 1985 70 26 Book,
1540 1986 29 25 by
1580 1985 62 21 Ren6
1661 1985 75 26 Aliva,
1747 1985 79 22 author
1844 1987 26 20 of

1279 2009 38 21 the
1353 2011 166 26 Anti-Spelling

1307 2036 143 22 Montacute:
1467 2044 24 14 or
1501 2044 13 14 a
1524 2037 56 21 New
1597 2037 65 21 horne
1663 2048 28 4 —
1691 2036 75 22 who'll
1778 2037 89 22 follow?

1279 2062 35 27 By
1324 2063 54 21 Mrs.
1390 2064 65 26 Mary
1466 2064 97 21 Clavers.
1585 2065 20 23 ,2
1612 2064 53 21 vols.
1677 2065 49 21 Bvo.

1288 2115 6 4 __
1308 2090 110 26 Scripture
1434 2088 134 29 Biography,
1582 2091 35 21 for
1629 2090 37 22 the
1681 2090 89 27 Young,
1783 2091 84 22 embel-

1279 2114 72 23 lished
1361 2116 52 22 with
1422 2116 78 28 plates.
1618 2130 4 7 <

1307 2142 110 28 Voyages,
1429 2143 149 27 Adventures,
1595 2143 45 22 and
1655 2144 96 26 Escapes
1765 2144 26 21 of
1803 2145 62 28 Capt.

1279 2168 99 23 Richard
1388 2170 115 26 Falconer,
1515 2171 86 21 written
1611 2170 30 27 by
1651 2170 96 26 himself,
1759 2172 11 20 1
1781 2171 43 22 vol.

1306 2196 97 22 Fisher's
1412 2196 106 22 Juvenile
1530 2197 66 26 Scrap
1606 2197 71 26 Book,
1687 2197 36 21 for
1731 2199 59 20 1842.

1307 2222 50 22 Life
1376 2222 46 22 and
1439 2223 74 27 Reign
1533 2224 25 20 of
1570 2223 98 22 William
1682 2223 37 22 the
1737 2224 88 26 Fourth,
1836 2225 31 25 by

1279 2247 37 23 the
1327 2250 55 21 Rev.
1396 2250 27 22 G.
1434 2249 29 22 N.
1475 2250 95 27 Wright,
1582 2250 73 26 M.A.,
1666 2251 14 20 2
1690 2250 54 22 vols.

1307 2276 50 22 Life
1365 2276 44 22 and
1420 2276 136 28 Campaigns
1564 2277 27 21 of
1602 2277 37 21 the
1650 2276 67 22 Duke
1726 2278 26 20 of
1759 2278 107 28 Welling-

1279 2305 44 24 ton,
1334 2303 30 27 by
1373 2302 38 22 the
1421 2311 62 14 same
1492 2304 96 21 Author.
1615 2305 15 20 4
1639 2303 55 22 vols.

1306 2330 50 21 Life
1369 2330 46 22 and
1429 2330 95 23 services
1541 2330 26 22 of
1580 2330 94 22 Horatio
1688 2330 108 23 Viscount
1812 2331 54 23 Nel-

1279 2363 47 20 son,
1345 2357 57 21 from
1415 2356 36 22 his
1469 2356 118 28 lordship's
1606 2357 153 28 manuscripts,
1779 2358 31 27 by
1827 2359 39 22 the

1279 2383 56 22 Rev.
1347 2384 21 21 J.
1379 2385 22 21 S.
1413 2384 86 26 Clarke,
1511 2384 88 27 F.R.S.,
1611 2384 46 22 and
1667 2384 60 22 John
1738 2385 127 28 M'Arthur,

1279 2410 60 27 Esq.,
1350 2410 87 22 L.L.D.
1465 2412 14 20 3
1489 2410 55 22 vols.

1306 2436 48 22 The
1371 2437 80 27 Rhine,
1463 2437 67 27 Italy,
1541 2437 46 22 and
1603 2438 87 22 Greece
1698 2438 132 27 illustrated,
1841 2439 24 21 in

1279 2471 14 14 a
1302 2464 67 21 series
1379 2464 25 21 of
1411 2464 112 27 drawings
1538 2464 58 22 from
1611 2467 87 25 nature,
1708 2464 54 23 with
1777 2465 89 22 histori-

1279 2490 35 22 cal
1324 2491 45 21 and
1378 2490 122 28 legendary
1510 2490 152 28 descriptions.
1756 2505 2 6 .

1306 2517 156 28 Shakspeare's
1472 2518 115 22 Dramatic
1597 2518 87 27 Works,
1696 2518 53 22 with
1759 2518 77 27 plates.
1853 2521 11 19 1

1279 2544 44 22 vol.

1306 2570 143 22 Buchanan's
1458 2571 85 27 history
1554 2570 25 22 of
1586 2571 114 23 Scotland.
1729 2573 11 20 1
1750 2572 44 22 vol.

1307 2598 92 27 History
1409 2597 27 22 of
1447 2598 109 27 England,
1566 2601 24 18 to
1605 2598 38 22 the
1659 2598 67 22 death
1740 2599 26 21 of
1778 2599 87 28 George

1279 2624 38 22 the
1328 2624 93 28 Second,
1432 2624 31 28 by
1472 2624 78 22 Oliver
1559 2624 126 24 Goldsmith
1691 2634 7 19 ;
1713 2626 121 22 continued
1843 2631 22 17 to

1279 2650 37 22 the
1327 2652 127 21 coronation
1464 2651 26 22 of
1503 2652 79 24 Queen
1592 2652 108 26 Victoria,
1715 2653 30 25 by
1755 2653 37 21 the
1808 2653 56 23 Rev.

1280 2678 30 21 G.
1321 2678 30 21 N.
1362 2678 98 28 Wright,
1469 2678 66 22 M.A.
1624 2690 4 7 .
1652 2695 5 3 .

1306 2705 109 27 Wesley's
1438 2706 111 26 Sermons,
1566 2705 55 22 with
1637 2712 15 14 a
1670 2706 100 27 memoir,
1792 2707 31 27 by
1842 2708 22 21 S.

1279 2731 74 27 Drew,
1367 2732 65 22 M.A.

1307 2758 97 22 Memoir
1413 2758 26 22 of
1445 2759 57 21 Rev.
1512 2758 109 23 Rowland
1636 2759 55 27 Hill,
1702 2760 30 27 by
1742 2760 35 22 W.
1788 2761 76 26 Jones,

1279 2784 89 22 Author
1392 2785 25 21 of
1463 2786 169 27 Testamentary
1656 2787 114 27 Counsels,
1820 2787 46 23 2nd

1279 2811 90 22 edition.
1399 2814 9 19 1
1422 2812 43 22 vol.

1307 2838 121 27 Magnall's
1437 2839 133 28 Questions;
1584 2839 104 28 pictorial
1697 2840 90 24 edition.
1803 2852 3 12 :

1305 2866 104 22 Barton's
1420 2866 83 28 Gospel
1511 2866 86 28 history
1605 2867 26 22 of
1637 2867 80 22 Christ.
1746 2869 11 21 1
1766 2867 45 22 vol.

1305 2892 47 21 The
1363 2892 78 22 Easter
1453 2893 54 25 Gift,
1517 2893 31 28 by
1557 2893 83 23 L.E.L.
1671 2895 10 21 1
1693 2893 44 25 vol.

1305 2918 48 22 The
1363 2919 101 22 Parents'
1475 2919 88 28 Friend,
1572 2920 29 27 by
1609 2920 61 22 John
1681 2921 106 26 Morison,
1795 2920 77 27 D.D.,,

1278 2945 89 22 Author
1375 2947 26 21 of
1549 2950 23 18 to
1582 2954 14 14 a
1607 2946 178 27 newly-wedded

1307 2972 122 28 Scripture,
1430 2972 98 29 (History
1540 2973 36 22 for
1591 2973 85 22 Youth.
1704 2975 15 20 2
1735 2973 61 27 vols.,
1812 2973 64 23 with,

1276 3006 66 20 maps
1350 3000 46 21 and
1404 2999 78 28 plates.

1305 3023 54 24 The'
1372 3026 98 22 Women
1488 3026 25 22 of
1530 3026 108 26 England,
1659 3026 58 22 their
1737 3026 72 22 Social
1822 3026 43 23 and

1278 3052 115 22 Domestic
1407 3052 88 28 Duties,
1511 3052 31 28 by
1552 3053 56 21 Mrs.
1624 3052 55 22 Ellis
1687 3061 6 19 ;
1709 3052 52 22 15th
1776 3053 89 22 edition.

1301 3079 44 21 vol.

1306 3106 101 22 Summer
1421 3106 46 22 and
1476 3105 85 22 Winter
1576 3105 25 22 in
1615 3106 38 21 the
1663 3106 117 27 Pyrenees,
1790 3106 31 27 by
1827 3106 38 22 the

1278 3139 61 15 same
1349 3133 95 21 Author.
1474 3133 10 21 1
1495 3132 45 22 vol.

1307 3159 137 22 Goldsmiths
1453 3159 83 27 history
1546 3159 25 24 of
1579 3158 37 23 the
1626 3159 71 23 earth.
1724 3161 14 20 4
1747 3160 55 24 vols.

1305 3186 106 22 Burder's
1420 3186 89 27 Village
1519 3186 111 22 Sermons.
1660 3186 12 22 I
1682 3186 44 22 vol.

1275 3220 4 4 •
1305 3212 91 22 Wood's
1404 3212 133 28 Dictionary
1547 3213 26 21 of
1580 3213 37 21 the
1627 3213 71 23 Bible.
1726 3215 14 20 2
1750 3214 55 22 vols.

1305 3240 92 22 Smith's
1406 3240 128 27 Mechanic,
1544 3241 14 21 2
1566 3240 56 22 vols.

1273 3285 9 5 ..
1305 3266 48 22 The
1363 3266 65 22 Book
1435 3267 27 23 of
1475 3267 108 22 Common
1694 3267 128 23 illustrated.

1305 3292 146 24 Fleetwood's
1460 3294 39 22 life
1509 3294 26 21 of
1542 3294 79 22 Christ.

1305 3320 66 22 Fox's
1382 3320 112 22 Christain
1503 3320 163 28 Martyrology.

1305 3347 48 21 The
1363 3347 71 22 whole
1445 3346 55 30 duty
1510 3347 25 22 of
1542 3348 63 27 Man,
1620 3347 31 28 by
1660 3347 38 23 the
1708 3348 56 22 Rev.
1776 3348 90 23 Charles

1279 3374 101 25 Atmore,

1305 3400 131 23 Morrison's
1445 3400 88 27 Family

1305 3427 118 27 Bunyan's
1439 3426 113 28 Pilgrim's
1567 3427 112 28 Progress,
1694 3428 132 29 beautifully
1839 3429 16 23 il

1277 3454 115 22 lustrated.

1305 3480 111 23 Sermon's
1425 3480 31 27 by
1465 3480 61 22 Blair
1534 3480 46 22 and
1589 3481 137 23 Whitefield.

1305 3507 114 23 Buchan's
1429 3507 114 22 Domestic
1553 3508 123 22 Medicine.

1305 3534 111 23 Walker's
1426 3534 156 27 Pronouncing
1592 3535 138 28 Dictionary.

1305 3561 136 23 Jamieson's
1447 3560 131 29 Dictionary
1584 3562 26 22 of
1613 3561 143 25 Mechanical
1766 3563 99 28 Science,

1278 3589 61 26 Arts,
1350 3588 176 26 Manufactures,
1537 3589 40 21 &c.
1590 3613 6 8 t
1605 3590 15 20 2
1629 3588 63 28 vols.,
1702 3591 46 21 4to.

1305 3614 174 28 Encyclopaedia
1488 3613 128 24 Edinensis.
1643 3617 14 20 6
1666 3616 55 22 vols.

1305 3641 192 28 Drawing-Room
1507 3642 68 27 Scrap
1585 3642 63 23 Book
1657 3643 34 22 for
1702 3645 60 21 1842.
1817 3650 4 8 ;

1307 3668 100 24 Mathew
1414 3668 77 23 Wald.
1744 3675 13 12 v-

1306 3696 83 22 Close's
1397 3695 89 25 Family
1495 3695 90 28 Prayer.

1269 3743 10 5 ..
1307 3722 72 28 Guy's
1388 3722 94 28 spelling
1490 3723 65 26 book,
1567 3723 49 26 &c,
1627 3723 40 22 &c.
1690 3724 41 22 &c.

1268 3772 8 19 '■
1468 3774 69 22 Bees
1550 3774 44 22 for
1608 3775 70 21 Sale.

1279 3805 198 51 EXPECTED
1491 3805 59 23 from
1560 3805 100 29 Sydney,
1671 3807 31 28 by
1711 3807 50 23 first
1775 3808 90 29 arrival,

1357 3840 14 15 a
1385 3833 44 22 few
1444 3832 64 23 hives
1518 3833 25 22 of
1549 3833 65 28 bees;
1630 3833 76 24 orders
1718 3835 46 22 will
1778 3835 46 23 also
1839 3837 27 22 be

1279 3861 68 22 taken
1352 3859 40 23 for
1401 3861 38 21 the
1453 3860 144 28 importation
1607 3860 27 22 of
1645 3861 53 24 bees
1708 3864 23 19 to
1742 3862 38 23 the
1789 3866 78 20 extent

1281 3887 45 22 offr
1330 3894 37 15 om
1378 3889 84 26 twenty
1469 3890 22 19 to
1497 3888 69 27 thirty
1572 3887 71 23 hives.
1672 3888 45 23 For
1725 3889 67 26 price,
1799 3890 68 25 apply

1270 3916 34 21 'at
1310 3914 42 22 the

1307 3947 131 28 Septsmiier
1446 3949 35 26 20,
1493 3948 59 22 1842.

199 138 87 20 Town
301 136 31 21 of
343 136 165 21 Manewatu.

66 170 91 49 THE
179 168 209 24 PROPRIETORS
412 169 26 21 of
461 167 39 22 the
520 167 62 21 three
597 167 47 21 first

152 195 87 22 choices
254 197 24 19 at
286 195 38 22 the
340 195 43 22 last
397 194 105 22 selection
513 193 24 22 of
551 196 93 24 country

64 222 72 26 lands,
148 221 82 28 having
249 221 135 23 determined
397 228 61 18 upon
474 219 38 22 the
527 220 42 21 site
583 220 34 21 for
632 226 13 14 a

77 254 93 23 TOWN
185 254 43 22 ON
242 254 65 25 THE
322 252 185 25 MANEWATU
520 252 108 27 RIVER,

63 287 57 21 after
124 287 79 19 several
211 287 57 19 visits
277 289 23 19 to
307 286 38 21 the
353 284 183 28 neignbouroood,
548 284 47 22 and
604 283 39 22 the

63 315 59 19 most
139 312 84 22 careful
241 312 45 22 and
303 312 81 22 minute
403 311 149 22 examination
568 311 26 21 of
605 310 38 21 the

64 343 71 18 entire
150 339 91 27 district,
256 338 65 22 aided
336 338 29 26 by
373 337 38 22 the
427 336 143 30 professional
585 336 56 26 skill,

63 366 137 26 knowledge,
218 365 45 21 and
276 364 128 28 experience
419 364 25 21 of
455 364 38 21 the
509 366 60 18 most
583 369 61 16 com-

63 395 77 24 petent
146 392 87 27 judges,
250 396 90 22 propose
355 393 23 18 to
393 390 54 22 offer
456 390 35 21 for
507 388 102 28 disposal,

211 417 37 22 tbe
261 419 87 24 present
357 416 59 26 time,
428 416 67 22 about

63 447 216 23 TWENTY-FIVE
312 446 105 26 ACRES,
454 446 37 22 IN
527 446 116 21 ALLOT-

63 475 123 26 MENTS,-
190 473 85 23 EACH
295 473 40 21 OF
359 473 61 21 ONE
440 472 148 24 QUARTER
602 472 40 21 OF

277 500 44 21 AN
337 498 88 22 ACRE.

87 535 49 22 The
144 537 49 25 spot
202 534 51 22 thus
261 533 96 22 selected
366 538 111 22 possesses
485 531 37 22 the
532 534 59 19 most
606 539 38 14 ex-

60 561 85 22 tensive
159 561 101 27 frontage
273 564 23 18 to
313 559 54 28 deep
379 561 67 19 water
461 557 27 22 of
498 566 44 19 any
557 565 30 15 on
606 558 38 22 the

59 595 67 15 river.
154 587 23 22 It
193 587 19 22 is
230 585 96 23 situated
339 585 46 26 just
397 587 24 19 at
435 585 49 21 that
503 585 63 26 point
585 584 58 22 from

124 613 71 23 which
205 621 13 13 a
226 612 54 22 road
291 611 71 22 would
371 611 83 23 branch
466 610 33 22 off
505 614 22 18 to
536 610 39 22 the

61 647 94 15 WOODED
178 647 45 14 AND
245 645 96 15 FERTILE
361 644 116 15 DISTRICTS
498 644 76 15 ALONG
597 644 45 14 THE

229 672 56 15 BASE
299 672 27 14 OF
340 671 44 15 THE
400 670 73 20 HILLS,
486 685 4 2 .

61 692 44 23 and
117 693 69 22 above
197 691 71 22 which
279 691 36 22 the
322 691 134 25 .navigation
470 689 35 22 for
514 689 81 22 vessels
604 689 40 22 be-

61 726 75 15 comes
145 719 84 24 tedious,
240 718 23 25 if
268 719 37 19 not
314 717 85 26 difficult
435 716 23 21 Tt
466 715 16 22 is
489 715 109 23 therefore
604 715 38 22 the

258 745 61 26 point
328 743 71 22 wboro
409 741 37 23 the

62 777 89 23 LAND
165 778 67 22 AND
247 776 112 23 WATER
371 774 162 23 CARRIAGE
547 774 95 23 MEET,

61 809 45 21 and
115 809 73 22 where
197 816 13 14 a
219 809 68 21 Town
305 815 57 15 must
376 815 28 13 be
420 814 90 14 formed
526 806 66 22 when
602 806 39 22 the

61 835 85 22 district
160 835 19 21 is
188 835 86 21 settled.
303 834 23 22 It
334 841 43 15 was
386 833 96 22 selected
498 834 30 26 by
538 833 38 21 the
589 834 53 20 Sur-

60 861 81 27 veying
151 861 58 22 Staff
220 868 24 14 as
253 861 37 22 the
299 860 134 22 rendezvous
442 860 37 21 for
493 860 57 21 their
564 859 61 27 body
634 867 6 19 ;

61 887 44 22 and
114 887 41 22 has
163 887 56 22 been
228 894 51 15 now
291 887 75 27 found,
377 886 56 21 after
444 886 85 21 several
545 886 96 21 months'

60 914 103 26 location,
174 917 23 18 to
209 914 28 21 be
247 913 36 22 the
293 915 57 19 most
363 912 164 27 advantageous
537 912 103 26 position,

58 940 60 22 from
133 941 28 21 its
174 940 98 27 peculiar
292 940 82 26 facility
390 938 26 22 of
427 937 112 29 approach
548 938 54 22 both
611 938 30 27 by

59 966 54 22 land
123 966 44 22 and
176 969 73 19 water.

79 993 37 21 ~ln
126 992 152 22 confirmation
287 992 27 22 of
319 992 36 22 the
364 991 132 27 superiority
505 990 26 22 of
540 990 43 22 this
594 994 50 24 spot

56 1026 55 15 over
120 1027 45 19 any
175 1019 62 22 other
245 1021 38 25 yet
291 1018 87 26 known,
390 1017 38 22 the
439 1018 89 21 Messrs.
538 1017 103 27 Kebbell,

60 1046 59 21 after
135 1046 38 21 the
192 1045 148 22 examination
356 1045 25 21 of
397 1044 36 21 the
453 1044 58 21 river
527 1043 58 22 from
602 1043 39 22 the

61 1072 88 22 Paneiri
159 1072 46 22 Pah
214 1075 23 18 to
246 1072 29 21 its
284 1071 83 27 mouth,
378 1070 139 22 determined
531 1077 29 14 on
571 1074 70 18 erect-

295 1098 39 26 ing
346 1096 57 23 their

58 1131 69 22 SAW
139 1131 81 22 MILL
240 1129 228 23 IMMEDIATELY
483 1129 159 22 OPPOSITE.

58 1162 48 22 The
125 1162 71 22 works
213 1162 25 21 of
252 1161 49 22 that
319 1160 166 23 establishment
502 1168 38 14 are
560 1164 23 18 at
598 1161 44 20 this

60 1192 100 19 moment
177 1188 24 22 in
214 1187 64 28 rapid
291 1186 167 29 progressj^and
476 1187 37 21 the
531 1187 111 28 proposed

59 1215 70 22 Town
138 1215 44 22 will
191 1215 131 26 necessarily
327 1214 90 27 partake
423 1214 26 21 of
454 1213 44 22 this
507 1213 132 28 advantage.

87 1241 49 23 The
154 1241 91 22 nucleus
260 1241 25 21 of
300 1248 13 14 a
327 1241 70 21 Town
413 1240 26 27 is,
448 1240 28 21 in'
486 1241 51 26 fact,
549 1240 92 27 already

61 1268 95 25 created,
166 1268 30 27 by
204 1267 38 22 the
252 1267 161 22 concentration
429 1267 25 21 of
468 1266 37 22 the
515 1267 126 26 Surveying

61 1295 58 21 Staff
125 1302 28 14 on
163 1294 48 21 that
220 1296 55 25 spot,
285 1301 25 14 as
318 1294 37 21 the
364 1296 74 19 centre
454 1293 26 21 of
489 1293 151 22 communica-

60 1322 47 21 tion
117 1324 22 19 to
150 1321 37 21 the
193 1320 150 27 .surrounding
352 1319 94 28 district;
463 1319 37 23 the
510 1321 97 21 erection
618 1321 26 21 of

61 1348 90 21 Messrs.
162 1347 115 22 Kebbell's
291 1347 49 22 Saw
355 1347 62 21 Mills
433 1346 96 28 opposite
536 1354 7 19 ;
559 1347 30 27 by
602 1347 38 21 the

59 1377 163 24 arrangements
236 1373 34 22 for
284 1380 29 15 an
330 1373 110 22 extensive
452 1373 98 21 General
562 1373 62 22 Store
632 1381 7 19 ;

60 1401 46 22 and
113 1401 32 27 by
151 1401 38 21 the
198 1401 43 21 late
251 1400 129 32 application
386 1399 34 21 for
428 1405 14 16 a
447 1399 192 23 Licensed^House

60 1434 28 15 on
97 1426 38 22 the
141 1430 53 28 part
202 1427 25 21 of
238 1434 29 14 an
277 1425 119 23 individual
410 1426 50 22 who
474 1426 46 27 has,
531 1425 61 23 since
602 1426 38 22 the

59 1454 118 22 formation
195 1453 25 21 of
233 1453 39 21 the
287 1453 89 27 Colony,
391 1453 96 26 pursued
503 1460 13 14 a
534 1453 107 22 lucrative

60 1480 64 22 trade
134 1479 51 23 with
195 1479 37 22 the
241 1480 92 25 natives,
345 1479 43 22 and
399 1479 72 22 whose
482 1479 129 27 knowledge
619 1480 25 21 of

59 1507 39 21 the
108 1506 134 27 advantages
252 1506 25 21 of
282 1505 38 22 the
329 1506 99 27 position,
437 1506 116 27 prompted
562 1505 46 23 him
618 1509 24 19 at

59 1540 58 14 once
127 1537 22 17 to
157 1534 73 26 prefer
239 1532 47 22 that
298 1532 139 27 application.

86 1560 48 22 The
144 1559 93 22 Natives
250 1559 30 27 by
288 1559 72 21 whom
375 1558 43 21 this
427 1558 55 22 land
493 1566 44 15 was
546 1559 95 23 claimed

59 1593 38 15 are
108 1587 59 27 quite
177 1585 108 28 prepared
293 1589 22 18 to
324 1585 48 26 give
378 1592 30 20 up
414 1586 130 27 possession,
552 1587 45 21 and
602 1594 38 14 are

59 1614 145 26 exceedingly
214 1613 92 21 anxious
319 1616 22 17 to
355 1611 56 22 have
421 1620 14 13 a
443 1612 119 28 European
571 1620 70 21 popu-

58 1639 70 23 lation
138 1646 80 20 among
228 1639 66 26 them,
306 1638 81 27 having
403 1638 57 22 been
468 1646 59 20 upon
537 1639 37 22 the
584 1643 58 18 most

58 1666 97 28 friendly
159 1667 87 26 footing
256 1665 52 23 with
317 1665 36 22 the
364 1666 124 27 Surveying
498 1666 58 21 Staff
560 1667 81 26 during

57 1693 39 22 the
105 1693 50 23 four
164 1700 24 15 or
197 1693 43 22 five
249 1691 87 23 months
345 1691 52 28 they
416 1692 57 22 have
488 1692 56 22 been
554 1692 88 23 located

56 1719 73 24 there.

85 1747 34 21 As
128 1747 37 21 the
173 1745 135 29 Proprietors
317 1752 92 21 purpose
417 1749 22 19 to
449 1746 87 27 dispose
545 1747 27 21 of
577 1747 41 22 but
626 1755 14 14 a

56 1773 87 23 limited
154 1773 90 33 portion
261 1773 25 21 of
297 1772 40 21 the
348 1773 68 21 Town
432 1776 24 18 at
472 1776 95 24 present,
587 1774 53 27 they

56 1799 80 31 pledge
146 1800 131 22 themselves
285 1799 53 26 that,
350 1801 23 19 at
380 1805 29 15 no
427 1799 73 22 future
509 1800 64 27 sales,
584 1801 57 22 shall

57 1826 40 22 the
107 1827 126 22 allotments
241 1826 28 22 be
278 1829 39 24 put
324 1821 83 34 up.^a/tla
417 1823 44 25 less
471 1833 48 15 sum
528 1827 55 21 than
591 1836 50 14 now

58 1853 90 23 offered.
166 1877 8 4 _
343 1865 13 9 •-
383 1858 14 19 <i

86 1881 22 22 A
127 1881 129 26 Prospectus
275 1879 117 31 andean
413 1880 26 22 of
453 1880 36 22 the
507 1881 69 21 Town
594 1881 47 22 will

58 1906 85 29 shortly
152 1907 27 22 be
189 1907 67 27 ready
265 1907 33 21 for
307 1906 121 27 inspection
440 1907 167 27 afc:,the,Qnices
618 1909 26 21 of

58 1933 170 23 Messrs/Waitt
237 1930 128 29 and~4EHße,r>
374 1933 32 22 Te

85 1966 145 26 Wellington.
240 1956 178 46 Apnjr22,^p.

273 2032 3 4 .
308 2015 95 26 Seeds.,

58 2051 73 49 ON
141 2051 85 28 SALE,
230 2055 30 18 -at
268 2052 37 22 the
315 2052 84 21 Gazette
404 2053 77 26 Office,
489 2053 22 21 in
517 2053 121 28 quantities

131 2082 28 20 -to
166 2079 43 22 suit
218 2079 135 27 purchasers,
364 2079 38 22 the
410 2079 112 28 following
531 2081 63 21 seeds
602 2088 5 14 :
609 2091 29 5 —

84 2105 77 22 Sword
169 2105 108 28 long-pod
285 2105 64 28 bean,

86 2131 117 28 Long-pod
214 2133 65 26 bean,
395 2135 7 25 )

84 2158 109 27 Speckled
202 2158 73 22 dwaif
282 2158 82 29 kidney
373 2159 66 28 bean,
477 2178 2 6 ,
495 2163 3 3 '

83 2185 75 22 Broad
166 2185 66 27 bean,
411 2194 13 6 -
470 2187 30 18 '.""•
510 2196 17 8 »--
540 2194 4 6 -

82 2211 75 22 Horse
166 2211 66 28 bean,

84 2238 85 22 Scarlet
177 2245 91 20 runner,

82 2264 71 28 Early.
160 2265 109 23 Warwick
277 2273 49 24 pea,

82 2291 70 28 Early
160 2292 121 23 Mazarine'
285 2300 49 21 pea,

82 2318 105 22 Prussian
196 2319 52 22 blue
257 2326 49 21 pea,

81 2345 109 22 Nonsuch
198 2352 49 21 pea,

82 2371 56 23 Blue
146 2372 102 27 imperial
256 2380 50 20 pea,

81 2398 95 27 Spanish
186 2399 72 21 dwarf
264 2407 48 20 pea,

82 2425 72 28 Large
164 2425 97 27 cabbage
271 2427 86 26 lettuce,

81 2451 132 23 Drumhead
223 2452 97 28 cabbage
328 2453 88 28 lettuce,

81 2479 114 22 Battersea
204 2479 106 28 cabbage,

80 2505 131 25 Drumhead
216 2518 1 3 ■
220 2506 104 27 cabbage,
622 2526 8 7 

52 2535 4 5 '
78 2532 53 22 JEted
141 2533 75 21 Dutch
225 2533 104 27 cabbage,
343 2553 2 5 ,

80 2558 94 24 Puller's
184 2559 59 28 early
253 2560 104 27 cabbage,
505 2556 26 18 -'*

80 2585 105 24 Prussian
193 2586 66 23 white
269 2587 79 28 turnip,
361 2608 6 8 t

80 2614 87 22 Yellow
176 2613 77 23 Swede
265 2614 79 27 turnip,

78 2641 83 33 Purple
170 2644 37 25 top
216 2641 78 24 Swede
303 2641 80 27 turnip,

79 2667 83 26 White,
164 2671 63 19 stone
238 2668 82 27 turnip,

79 2694 76 23 White
162 2694 58 22 born
230 2695 81 27 turnip,

80 2721 72 23 Silver
159 2721 81 22 leaved
247 2721 59 27 beet,

80 2748 51 23 Red
139 2748 58 27 beet,

81 2775 111 27 Mangold
201 2775 97 27 wurtsel,

80 2801 142 28 Altringham
232 2805 81 24 carrot,
367 2819 19 4 _

81 2828 67 28 Early
157 2831 56 19 horn
224 2832 79 23 carrot,

80 2855 66 28 Long
155 2862 82 21 orange
247 2857 79 26 carrot,

80 2882 75 22 White
165 2881 107 28 mustard,

81 2909 81 22 Curled
171 2916 66 19 cress,

81 2936 65 27 Long
154 2936 79 22 scarlet
241 2935 73 22 radish
313 2940 4 4 1
315 2951 7 11 ,

76 2962 75 23 White
160 2962 77 28 turnip,
242 2962 81 27 radish,

80 2989 133 33 Red-turnip
221 2988 82 29 radish,
333 3010 11 5 

80 3015 133 27 Strasburgh
222 3015 75 27 onion,
428 3035 3 4 .
454 3037 3 3 .

81 3043 80 22 Brown
171 3041 96 30 Spanish
276 3041 73 28 onion,
409 3049 3 3 '
434 3048 6 4 *

81 3069 98 27 Parsnip,
446 3074 15 11 •«•

82 3096 82 22 Curled
173 3095 93 28 parsley,
462 3111 4 3 •
491 3117 3 3 .

82 3123 75 21 Green
167 3121 83 33 curled_
256 3121 79 23 endive

81 3149 109 22 Batavian
199 3146 87 30 e.ridive,

81 3172 69 31 Leek,
265 3171 4 11 !
287 3173 6 11 *
453 3196 3 4 .
475 3185 7 2 -
505 3179 19 22 '?

82 3229 44 22 Sea
134 3229 52 26 kail,
266 3240 11 10 a.
293 3227 22 21 '•-
345 3236 2 4 •

83 3256 72 22 Globe
165 3262 85 21 savoys,

83 3283 82 22 Curled
174 3282 90 25 brocoli,

81 3309 51 23 Red
140 3307 56 25 solid
206 3309 73 28 celery
288 3309 46 23 and
342 3309 66 23 white
419 3310 94 31 celery,v

82 3336 103 27 Cabbage
195 3336 91 27 lettuce,
400 3347 4 17 ;

82 3363 104 22 Summer
195 3370 87 21 savory,

80 3389 89 23 Winter
179 3396 86 21 savory,

82 3417 64 27 Sage,

80 3443 79 26 White,
164 3443 60 28 beet,

80 3470 94 28 Thyme,

80 3497 101 23 Brussels
190 3499 94 26 sprouts,

79 3529 96 25 J3oragjG,
186 3541 5 7 .,
279 3532 14 16 %
297 3532 3 5 *
305 3548 4 3 r

79 3551 124 32 Angelica/

56 3595 9 6 .
79 3577 76 23 White
165 3576 79 24 selesia
252 3576 89 28 lettuce,

42 3610 4 5 '
54 3619 4 3 •
77 3603 139 24 Brown'and
225 3603 66 23 white
300 3611 49 21 goss
359 3603 90 29 lettuce,

195 3650 3 5 ,
594 3650 4 4 .

80 3657 73 23 Vanal
162 3658 104 27 cabbage,

80 3710 94 27 Fennel,

60 3745 4 3 •
79 3736 122 29 Lavender,

74 3763 72 28 Xeng
152 3764 86 28 prickly
248 3765 126 28 cucumber,

80 3790 73 22 Sweet
160 3791 56 22 basil
225 3792 44 23 and
277 3792 57 23 bush
342 3791 64 28 basil,

65 3838 4 2 .
79 3815 98 30 Hyssop,

49 3865 3 4 .
79 3843 69 28 Early
158 3843 138 24 cauliflower.

78 3870 62 23 Also'
145 3878 13 14 a
174 3871 84 28 variety
267 3872 27 22 of
299 3871 75 24 flower
384 3873 70 28 seeds,
465 3873 57 24 both
532 3875 103 24 Colonial

51 3897 47 25 and
107 3897 100 28 English.

77 3929 127 24 December
213 3932 20 25 8,
244 3931 61 23 1842.

856 133 114 22 Gazette
985 132 88 21 Office.

674 165 198 24 STATIONERY
885 164 196 23 WHOLESALE
1095 164 21 22 &
1130 164 124 23 RETAIL.

672 200 87 49 WE
781 199 44 28 beg
847 202 22 18 to
893 205 115 16 announce
1027 198 37 21 the
1085 198 88 27 artival,
1197 198 58 22 from

889 226 25 21 of
921 225 38 22 the
975 225 47 21 first
1030 228 49 23 part
1088 225 26 21 of
1123 232 40 14 our
1178 228 78 18 exten-

672 252 45 22 sive
727 252 74 23 orders
809 252 25 21 in
844 252 44 23 this
896 252 143 27 department
1048 251 25 21 of
1080 250 107 23 business.
1209 252 47 21 Our

673 279 67 22 stock
744 279 90 27 already
844 279 91 22 consists
950 279 26 21 of
988 284 66 27 every
1063 277 75 22 article
1154 278 102 27 required

673 306 34 21 for
721 305 96 27 Schools,
834 305 81 28 Banks,
931 305 86 26 Courts,
1035 303 54 23 Law
1104 303 89 25 Offices,
1211 305 45 21 and

673 331 87 28 Artists,
771 333 40 20 &c.
821 339 5 20 ;
842 331 73 22 whilst
923 331 38 22 the
978 329 137 23 ornamental
1126 329 43 23 and
1186 331 69 21 draw-

672 360 38 25 ing
722 366 62 14 room
799 358 122 27 stationery
935 358 41 21 has
990 360 40 18 not
1041 357 59 21 been
1115 357 140 22 overlooked.

672 385 47 24 The
729 385 126 22 difficulties
865 384 116 27 attending
989 383 39 22 the
1037 383 47 23 first
1091 382 165 24 establishment

672 411 80 28 having
761 413 58 20 been
835 418 122 21 overcome,
968 409 46 23 and
1024 416 65 21 every
1105 409 80 24 arrival
1199 411 56 21 from

672 439 104 26 England
793 437 85 28 adding
892 437 61 22 fresh
968 435 110 23 additions
1091 439 25 19 to
1131 442 39 16 our
1185 436 68 27 stock,

672 466 43 22 will
733 464 77 23 enable
825 471 26 15 us
859 467 24 19 to
898 464 83 22 reduce
998 470 40 14 our
1052 462 93 27 charges
1155 470 28 15 on
1198 466 58 20 most

672 493 86 22 articles
768 494 23 18 at
797 491 59 21 least
864 492 28 20 50
899 497 41 20 per
949 492 59 20 cent.

700 524 153 27 Storekeepers
870 522 44 23 and
931 522 119 22 wholesale
1068 522 86 21 dealers
1172 531 41 14 can
1228 523 27 22 be

672 550 99 29 supplied
787 553 22 18 to
824 557 44 19 any
878 552 84 22 extent,
980 548 44 23 and
1040 555 28 15 on
1085 552 67 19 terms
1168 550 87 28 equally

672 578 163 25 advantageous
844 578 23 19 to
877 583 44 20 any
928 576 106 23 obtained
1042 575 24 22 in
1077 575 96 28 Sydney,

699 603 176 27 Writingpaper,

699 627 111 31 Imperial,

699 656 78 28 Royal,

699 683 113 31 Foolscap^
824 682 88 22 various
921 682 108 28 qualities,

699 710 70 26 Large
778 708 60 22 thick
847 712 56 28 post,
914 715 62 16 wove
987 709 45 21 and
1041 708 53 26 laid,

698 736 57 22 Thin
763 738 58 30 post,
832 734 63 27 ditto,

699 762 55 23 Fine
763 761 54 22 bath
826 766 56 22 post,
893 761 48 28 gilt.

698 788 88 23 Double
802 788 110 27 elephant,
928 787 148 27 antiquarian,
1092 788 107 29 imperial,
1210 789 44 22 and

672 816 62 26 royal
743 815 98 26 drawing
848 821 75 21 paper,

699 842 89 26 Oblong
798 839 90 29 clasped
898 841 167 22 memorandum
1076 841 76 27 books,
1234 860 3 8 ,

698 868 85 23 French
792 867 86 27 tracing
886 874 75 20 paper,

698 895 88 22 Ladies'
797 894 44 23 and
850 893 147 28 gentlemen's
1007 893 53 22 card
1069 900 67 20 cases,

698 922 63 21 Ditto
830 921 35 20 do.
910 920 84 21 -tinted
1004 919 45 22 and
1059 921 117 22 embossed
1182 922 70 27 cards,

698 948 93 26 Sponge,
803 946 78 23 wafers
889 947 23 21 in
921 948 14 20 2
945 954 34 14 oz.
989 947 75 25 boxes,

698 974 68 22 Black
781 974 56 27 edge
856 973 56 22 and-
919 972 117 29 bordered,
1055 973 66 22 letter
1138 974 46 22 and
1202 978 51 19 note

670 1008 73 20 paper.

698 1027 90 22 Invoice
797 1026 76 27 books,
883 1025 54 23 with
947 1026 99 27 indexes,
1057 1027 88 21 various
1155 1028 63 28 sizes,

698 1053 57 23 Cash
761 1054 78 26 books,
849 1053 64 22 ruled
922 1052 89 28 double,
1022 1053 87 22 various
1119 1054 63 27 sizes,

698 1081 129 26 Envelopes,

698 1107 84 22 Pewter
788 1106 122 27 inkstands,

697 1134 80 25 Ebony
785 1133 122 26 inkstands,
919 1132 52 22 with
982 1132 99 27 drawers,

696 1159 73 22 Broad
781 1159 44 22 and
833 1166 85 15 narrow
928 1166 68 19 green
1006 1159 41 21 silk
1058 1159 86 26 ribbon,

697 1187 65 21 Brief
768 1186 45 22 and
823 1186 58 21 deed
888 1192 75 21 paper,

697 1213 72 22 Ruled
779 1220 68 20 paper
855 1212 34 22 for
898 1211 40 22 bill
947 1211 76 26 heads,

696 1239 72 28 Royal
779 1233 72 32 liand,
863 1238 81 22 double
962 1238 61 22 hand
1037 1239 84 26 brown,
1139 1240 44 21 and
1192 1241 60 27 royal

670 1267 73 21 brown
754 1265 114 28 wrapping
876 1272 75 21 paper,

696 1293 99 26 Ledgers
804 1291 45 22 and
858 1295 96 19 account
962 1291 77 27 books,
1050 1292 88 22 various
1149 1293 60 27 sizes,

696 1319 83 22 Pocket
786 1318 88 27 ledgers
883 1318 45 22 and
936 1317 171 23 memorandum
1115 1319 77 28 books,

696 1345 120 28 Engraved
825 1352 56 20 copy
888 1345 53 27 slips
950 1345 47 21 and
1006 1345 75 26 books,

696 1373 52 21 Best
757 1371 80 22 Welch
846 1375 66 18 sialew
928 1371 62 28 large
998 1371 43 22 and
1050 1371 71 28 small,

697 1399 73 21 Blank
778 1398 71 22 music
858 1398 57 22 book

696 1426 103 26 Message
809 1424 71 28 cards,

696 1451 110 23 Coloured
816 1458 79 21 papers

697 1480 70 27 Sugar
774 1486 87 20 papers,

698 1505 57 22 l^ote
765 1512 85 21 papers,

696 1532 92 27 Playing
798 1531 69 28 cards,
879 1532 104 22 coloured
993 1532 43 22 and
1042 1531 53 28 gold
1103 1532 75 29 backs,

696 1560 61 27 Copy
765 1559 77 26 books,

658 1587 2 4 1
695 1585 69 23 Black
773 1585 51 22 lead
833 1585 89 28 pencils,

696 1613 65 22 India
769 1612 88 26 rubber,
868 1612 71 22 bottle
948 1611 46 23 and
1005 1615 84 25 patent,

696 1640 66 27 Ivory
772 1639 82 21 folders
863 1638 46 22 and
917 1639 87 26 knives,

696 1667 46 21 Pen
754 1665 83 26 knives,

696 1693 85 25 Rulers,
792 1692 82 27 pocket
882 1691 78 28 books,

696 1719 73 22 Blank
777 1719 52 21 bills
839 1719 24 21 of
871 1719 124 27 exchange,

696 1747 75 21 Letter
780 1745 45 22 and
834 1745 41 23 bill
885 1745 56 28 files,

696 1773 42 21 Ink
748 1772 44 23 and
800 1772 40 22 ink
848 1772 107 28 powders,

696 1799 75 23 Bibles
779 1799 44 22 and
833 1802 135 24 testaments,

696 1827 98 26 Spelling
801 1825 76 28 books,
887 1826 95 27 various,

696 1853 100 27 Primers,

696 1880 124 22 Children's
828 1879 71 22 books
907 1879 25 22 in
941 1882 64 25 great
1013 1879 93 28 variety,

695 1907 73 21 Blank
778 1906 170 22 Custom-house
962 1907 76 26 forms,
1055 1906 36 22 for
1107 1907 142 28 auctioneers,

668 1933 46 22 and
724 1933 28 22 all
761 1933 39 23 the
816 1933 63 22 other
889 1932 171 23 Custom-house
1069 1933 68 22 forms
1147 1933 34 23 for
1191 1935 59 21 Mer-

668 1961 84 19 chants.

696 1985 113 22 Seamen's
818 1984 99 22 advance
928 1987 71 19 notes.

696 2011 114 22 Seamen's
820 2011 88 22 articles-
916 2011 25 21 of
949 2014 135 23 agreement.

695 2038 137 27 Log-books.

695 2065 74 21 Blank
778 2064 66 26 writs,

695 2091 144 22 Parchments
849 2090 34 22 for
909 2090 76 22 deeds.
1009 2108 4 3 .

694 2118 79 24 Quills.

694 2145 59 21 Ever
761 2144 90 28 pointed
860 2144 73 28 pencil
943 2151 61 14 cases
1012 2144 24 22 in
1044 2144 98 27 superior
1152 2142 109 24 German^

668 2171 77 23 Silver.
758 2196 3 4 _
793 2194 4 3 .
806 2182 10 6 ►
1085 2188 5 4 .

694 2196 86 24 Luciiei
793 2194 74 24 boxes.

694 2225 77 21 Water
780 2230 88 17 stamps.

670 2275 357 30 /^HARTER'jPARTIESjfor
1036 2276 45 21 sale
1091 2279 24 18 at
1119 2276 38 21 the
1167 2278 85 20 Gazette

670 2297 40 28 V_/
726 2302 76 22 Office.

895 2354 41 20 On
952 2354 70 24 Sale,

668 2387 91 22 mHE
788 2386 72 22 NEW
883 2387 153 22 ZEALAND
1064 2387 185 27 PORTFOLIO,

675 2409 28 27 JL
740 2413 126 22 conducted
883 2413 31 27 by
933 2413 31 22 H.
982 2414 22 21 S.
1023 2414 121 27 Chapman,
1166 2415 35 26 (of
1213 2415 37 22 the

668 2441 85 22 Middle
759 2439 111 28 Temple,)
881 2440 216 23 Barrister-at-Law.

693 2468 43 21 No.
750 2469 19 20 1.
770 2478 29 5 —
799 2467 22 21 A
836 2467 77 22 Letter
928 2469 23 19 to
969 2467 39 21 the
1024 2467 71 27 Right
1111 2467 62 22 Hon.
1191 2468 60 23 Lard

668 2494 96 27 Stanley,
783 2495 117 26 Secretary
920 2494 27 21 of
962 2494 61 22 State
1042 2494 35 22 for
1095 2494 38 22 the
1152 2495 99 23 Colonial

667 2521 153 28 Department,
831 2528 29 14 on
868 2521 38 21 the
922 2520 190 23 Administration
1128 2521 26 21 of
1166 2521 85 23 Justice

667 2548 34 22 for
710 2548 56 22 New
774 2547 109 22 Zealand.
912 2547 72 27 Price,
995 2548 37 21 6d.

696 2581 85 20 Gazette
794 2580 78 27 Gffice,
884 2580 110 27 January,
1006 2581 60 21 1843.

782 2647 4 7 t
837 2632 65 21 Just
922 2632 158 25 Published,

669 2664 90 24 rrtHE
782 2665 215 23 WELLINGTON
1019 2665 180 23 ALMANACK
1215 2666 36 23 for

675 2687 29 29 X
741 2694 54 22 1843
803 2701 6 14 :

896 2726 126 15 CONTENTS.

695 2746 107 22 Weather
823 2746 78 26 Table,
922 2746 79 27 Cycles
1022 2746 42 22 and
1088 2746 164 24 Astronomical

668 2773 119 26 Numbers,
800 2773 116 26 Calendar,
934 2773 136 22 Gardener's
1085 2773 44 21 and
1144 2773 107 23 Farmer's

663 2801 119 26 .Calendar,
794 2799 183 28 Meteorological
990 2800 69 22 Table
1068 2799 35 23 for
1119 2801 60 26 1840,
1190 2803 59 26 1841,

659 2827 54 25 •'And
721 2828 60 26 1842,
794 2827 97 27 Eclipses
901 2827 27 21 of
935 2827 38 24 the
983 2827 47 23 Sun
1039 2826 47 22 and
1102 2827 78 28 Moon,
1195 2828 56 22 New

668 2853 98 23 Zealand
782 2855 121 26 Company,
915 2853 54 23 Post
984 2854 70 21 Office
1065 2853 143 28 Regulations
1216 2855 35 22 for

668 2881 55 23 New
733 2880 108 27 Zealand,
851 2880 58 23 Civil
925 2880 185 28 Establishment;
1123 2881 55 25 Fees
1188 2882 70 22 Land-

669 2908 88 22 Claims'
783 2907 77 26 Office,
885 2908 55 22 Post
962 2907 72 23 Office
1034 2919 28 4 —
1063 2907 99 23 Colonial
1189 2909 61 27 Law,

668 2935 73 22 Police
768 2934 70 22 Office
839 2946 28 4 —
868 2935 67 27 Petty
958 2935 107 26 Sessions,
1097 2935 113 28 Holidays,
1227 2939 24 19 at

669 2961 76 23 Public
756 2961 88 28 Offices,
856 2962 111 22 Discount
970 2961 76 28 >Days.
1100 2963 16 20 .*

870 2996 80 28 Price,
966 2996 32 22 Is.
1013 2995 35 23 6d.
1060 3005 26 22 <^
1088 3010 5 14 r
1106 3011 11 11 v

697 3030 87 20 Gazette
794 3029 78 28 Office,
882 3030 140 34 January,.^
1025 3031 61 28 1§43.
1125 3040 10 13 <*

837 3082 78 20 Meat
936 3082 153 27 Company.,

670 3114 89 49 THE
779 3114 238 28 UNDERSIGNED,
1035 3114 85 28 having
1137 3115 56 23 been
1213 3124 38 21 ap-

741 3141 91 28 pointed
846 3141 111 27 Manager
966 3140 26 23 of
1006 3142 36 21 the
1055 3142 65 22 Meat
1129 3142 119 30 Company,

667 3168 54 27 begs
729 3172 23 18 to
762 3175 117 16 announce
889 3168 50 22 that
952 3175 16 15 a
975 3168 88 27 regular
1072 3168 78 28 supply
1160 3170 24 21 of
1192 3171 57 27 beef,

668 3198 93 24 mutton,
783 3195 52 26 and.
843 3194 57 28 pork
915 3202 55 20 may
988 3193 82 30 always
1082 3196 33 28 ,-be
1136 3196 124 31 depended,

668 3229 68 20 upon,
738 3225 24 19 at
770 3221 44 23 this
824 3220 175 24 establishment.

694 3249 33 22 As
750 3248 44 23 this
818 3249 115 27 Company
952 3255 107 26 purposes
1077 3249 80 28 selling
1174 3254 23 19 at
1213 3251 37 23 the

668 3275 76 23 lowest
752 3275 71 28 prices
833 3279 23 18 at
870 3274 75 23 which
952 3279 20 18 it
985 3275 19 22 is
1012 3275 77 28 found.
1093 3276 37 22 the
1130 3273 3 13 1
1139 3281 59 19 meat
1210 3285 41 16 can

667 3302 27 21 be
705 3302 106 28 afforded,
822 3302 38 22 the
869 3302 152 28 undersigned
1028 3302 19 22 is
1061 3302 53 28 only
1124 3304 125 23 authorized

668 3332 25 23 to;
700 3329 50 27 give
755 3336 55 20 very
814 3329 88 22 limited
911 3329 78 27 credit,
996 3329 46 22 and
1048 3329 41 22 has
1094 3330 57 23 been
1160 3332 91 22 ordered

668 3358 22 19 to
705 3359 49 25 stop
768 3355 31 23 all
812 3359 106 19 accounts
931 3356 75 23 which
1020 3363 37 15 are
1072 3360 41 19 not
1126 3357 52 28 paid
1192 3366 58 21 upon

668 3381 100 24 demand.

693 3409 47 22 The
750 3409 101 22 business
861 3409 25 22 of
893 3408 38 23 the
943 3409 114 34 Company
1065 3409 20 23 is
1095 3411 84 23 carried
1189 3420 28 16 on
1226 3414 24 21 in

668 3435 56 22 their
738 3443 50 15 new
802 3436 108 27 building,
923 3436 89 22 erected
1028 3436 102 23 between
1148 3438 102 24 France's

667 3462 68 23 Hotel
754 3463 44 22 and
816 3462 38 23 the
872 3462 61 23 head
948 3462 27 23 of
988 3462 39 23 the
1041 3463 57 28 Bay,
1115 3464 46 23 and
1174 3467 76 28 nearly

668 3490 96 27 opposite
774 3492 24 19 to
808 3490 45 22 Mr.
863 3490 85 28 Lyon's
957 3490 71 22 Store.

940 3523 36 23 W.
989 3523 102 29 Flyger,
1107 3525 115 29 Manager.

693 3549 129 23 November
830 3551 35 27 23,
877 3551 62 21 1842.

801 3611 12 17 %
905 3601 111 21 Cheese.

684 3633 17 22 A
727 3633 118 22 SUPPLY
854 3633 103 23 received
964 3634 87 28 weekly
1058 3635 25 22 of
1090 3635 57 24 New
1152 3638 99 24 Zealand

667 3657 50 24 JOL
744 3660 67 22 made
821 3659 91 29 Cheese,
920 3660 58 23 from
987 3660 38 23 the
1033 3662 141 28 Cowpasture
1180 3666 68 27 dairy,

666 3686 45 23 and
719 3686 34 22 for
761 3687 47 22 sale
817 3689 24 20 at
855 3687 38 22 the
901 3687 109 28 premises
1020 3688 26 22 of
1058 3688 38 23 the
1111 3690 65 25 Meat
1185 3694 65 21 Com-

665 3720 65 21 pany.
836 3720 20 16 •>
1255 3719 3 11 i

762 3738 21 28 't
935 3741 45 27 JW.
991 3741 102 30 Flyger,
1105 3744 117 30 Manager.
1243 3744 3 6 '

691 3774 159 28 Willis-street,
861 3775 128 23 December
997 3774 108 30 20j&842.

854 3826 86 21 Fresh
954 3826 106 28 Butter,

663 3859 164 51 ALWAYS
842 3866 30 16 on
887 3852 145 31 Sal^at'.titte
1041 3861 65 27 Meat
1118 3863 133 30 Cpmpany's

741 3887 118 27 premises.

687 3938 63 10 ,«.„.
860 3941 21 7 «
935 3913 31 23 w
966 3929 6 6 -
987 3913 103 32 FtTGBR,
1105 3917 117 31 Manager.

687 3938 161 29 Willis-street,
860 3941 55 22 Dec.
926 3941 23 27 2,
959 3942 63 26 1842,
