3380 4270
295 121 267 77 Hot
651 121 445 77 Lakes
1185 121 890 77 Chronicle.

526 375 215 37 -A.2STD
794 376 502 42 TOURISTS'

542 488 449 89 Circulating
1013 493 453 84 throughout
1489 492 127 70 the
1640 493 185 69 Tour
1825 494 101 69 Ist
1973 496 303 72 Resorts
2325 502 80 67 of
2439 504 128 68 the
2612 504 269 73 World.

159 639 57 19 VOL.
231 641 18 16 4.
279 638 40 20 No.
337 640 35 17 173

1356 643 139 22 EOTORUA,
1512 643 57 21 N.Z.,
1589 643 184 24 WEDNESDAY,
1792 643 99 21 MARCH
1906 646 31 21 25,
1959 647 48 17 1890

2931 661 287 25 PUICE-THKEEPENCJJ

158 723 22 23 BY
194 722 84 24 SPECIAL
305 723 73 41 gggg
391 723 148 25 APPOINTMENT

186 770 57 25 ASK
268 770 146 25 GROCERS
438 771 57 25 FOR

186 1035 159 26 CEYLON

187 1070 131 26 INDIAN
351 1070 29 26 &

186 1105 182 25 BLENDED

262 1145 152 18 AWARDED

162 1171 67 24 GOLD
239 1171 56 24 AND
306 1172 96 23 SILVER
414 1173 108 23 MEDALS

175 1211 57 26 Why
247 1213 45 25 buy
307 1213 97 20 Inferior
417 1213 56 20 Teas
487 1214 64 20 when

133 1244 37 20 you
184 1244 42 14 can
240 1240 36 23 get
291 1239 24 20 N.
332 1239 26 20 M.
376 1239 16 19 &
409 1239 53 20 Co.'s
476 1241 24 19 at
514 1240 37 20 the

133 1270 53 14 same
201 1265 65 24 price.
300 1265 35 19 All
350 1265 77 20 others
445 1271 38 15 are
499 1268 51 23 only

132 1291 66 24 copies
216 1291 23 19 in
259 1297 72 18 name,
346 1292 45 19 and
413 1297 37 14 are
466 1292 84 25 pushed

132 1318 30 19 for
174 1317 63 21 extra
252 1318 72 24 profit.

175 1352 12 12 A
196 1351 44 16 proof
251 1351 16 13 of
279 1352 26 12 Iho
318 1352 61 16 Buperio

160 1367 38 14 Co.'s
207 1367 38 13 Tens
252 1367 11 13 is
275 1368 26 13 tho
311 1368 31 13 f:ict
352 1368 25 13 tha

160 1388 23 9 are
192 1383 77 14 hundreds
281 1384 16 13 of
308 1384 54 14 racket
372 1384 32 14 tens
416 1388 19 8 on
447 1383 25 14 ilia
483 1388 27 9 mar-

160 1400 29 16 iet,
207 1399 18 14 N.
238 1400 20 13 M.
272 1400 11 13 i
298 1401 41 13 Co.'s
354 1400 38 13 Tens
407 1404 26 9 are
449 1400 15 13 in
482 1401 36 13 such

160 1416 62 13 demand
231 1416 34 13 that
278 1417 37 16 Lhey
327 1417 28 13 Rell
367 1417 52 15 nearly
431 1416 88 14 oue-fourth

160 1433 14 13 of
190 1433 26 12 tho
233 1433 49 13 vrhol<;
299 1434 16 12 of
332 1434 27 12 the
377 1435 25 11 tea
419 1434 86 12 consumed.

132 1452 96 25 SOLD
265 1452 225 25 EVERYWri£
500 1453 22 22 R
529 1452 2 25 1

236 1512 28 11 '■*}
267 1512 133 16 39E5S»B*«E5,
405 1512 16 14 «
426 1512 18 12 mi
447 1512 15 16 H
465 1512 27 14 BM
496 1512 57 15 SJSffjW

212 1566 48 26 Do
273 1567 57 25 not
343 1566 118 31 Forget
475 1583 5 4 ■

211 1613 250 46 CRAIG'S
530 1606 9 63 g

176 1678 164 19 CURIOSITY
360 1677 79 19 SHOP
457 1677 47 19 and
529 1669 18 27 S.

267 1705 141 23 MUSEUM,
529 1704 19 20 m

199 1745 111 23 Opposite
318 1744 78 20 Grand
404 1745 75 21 Hotel,
529 1748 8 13 a

163 1785 122 26 PRINCES
297 1786 44 27 ST,
353 1774 188 41 AUCKLAND.^

151 1850 28 18 :/-■
444 1856 7 10 -■
458 1849 74 19 -}':\W>',
537 1849 16 18 -<\

210 1908 140 17 INSURS
376 1908 92 16 MITH

129 1941 128 18 TIIESOUTH
268 1942 95 16 HRITISn
374 1942 75 15 I'H.'K.t
459 1941 94 17 MARISE

197 1964 41 15 Coy.
250 1964 29 15 OF
290 1963 56 15 NEW
355 1962 120 17 ZEALAND.

128 1985 73 17 Capital.
454 1985 99 17 £1,000,000

169 2005 90 17 Unlimited
276 2006 73 20 liability
359 2006 17 16 of
385 2006 10 14 S
404 2005 107 17 iHii-l.nlJoic.

128 2027 50 21 Being
186 2032 9 10 a
205 2026 75 17 Colonial
296 2027 100 16 lurtitiirinii
414 2026 59 16 L'lofitu
487 2032 28 10 we
529 2027 16 17 iu-

271 2048 57 16 vested
337 2048 66 21 locally.

128 2069 44 17 Head
188 2069 51 16 Office
465 2069 88 16 Auckland

127 2090 45 17 Local
182 2093 50 16 agent
417 2089 4 20 I
442 2089 25 18 \V.
478 2090 75 17 Wifulev

131 2150 34 30 T|
186 2150 40 18 OF
238 2150 12 16 V
259 2150 20 17 M
290 2150 16 18 A
316 2150 17 18 N
355 2150 16 16 A
381 2150 16 17 N

195 2195 40 18 QUI
246 2196 69 14 B'-SF
360 2196 22 13 l(
393 2195 31 15 KL
443 2195 39 15 NO.

176 2216 86 17 WJLLIS
275 2216 39 20 ST.,
327 2216 169 16 WKLI.INGION.

127 2301 62 21 Organs
196 2302 17 15 in
222 2301 41 16 New
277 2302 80 16 Zeal-u.d.

145 2343 34 16 Sole
189 2347 60 17 Bfrenls
257 2343 26 16 f<rr
292 2347 47 13 John
349 2343 98 17 Brinfmcad
459 2343 31 16 and
504 2344 10 15 S
527 2349 19 10 tit.
546 2343 4 21 1

126 2365 60 16 Collar.}
206 2365 32 16 and
254 2365 68 17 Collard
339 2365 72 17 Emrli»h
430 2364 65 20 Pianos,
513 2365 30 16 Cm
548 2364 3 20 I

125 2386 42 16 Ecke
184 2386 57 17 Berlin
268 2386 67 18 Pimos,
362 2386 109 17 Sohwcclifpn
494 2386 57 15 Berlin

125 2407 61 19 Pianos,
205 2407 72 17 Beonrdi
295 2408 54 16 Berlin
365 2408 68 17 Piano*,
451 2407 50 21 Story
519 2407 32 16 and

126 2428 45 16 Clark
181 2429 87 16 Auiprican
279 2429 74 21 Orgajis,
365 2430 18 15 K.
395 2429 61 15 He-on
471 2430 33 14 and
514 2430 36 18 Co.,

126 2450 70 16 London.
209 2450 48 16 Brass
268 2450 46 17 liond
325 2450 120 17 Instiumnitn.

165 2471 49 17 Come
221 2475 33 11 an-t
262 2477 29 11 see
298 2477 32 11 ntir
338 2477 36 11 new
389 2471 88 20 Shipment
491 2471 19 15 of

241 2492 99 17 Brinsmead
355 2493 67 16 Pianos.

144 2513 30 17 Fno
186 2514 54 16 simile
254 2514 17 16 vf
285 2514 29 16 llie
329 2514 30 16 Ins
369 2517 76 13 rnments
462 2513 88 16 exhibited

125 2538 14 12 at
151 2534 181 21 Bnbnrt-Exhibition,
343 2535 84 22 reo-ivjuu
442 2535 43 15 Gold
494 2534 57 16 Medal

127 2556 27 15 nod
165 2556 73 20 Highest
257 2557 65 15 awards
337 2557 25 15 for
383 2556 63 19 Benniy
463 2556 18 15 of
496 2555 53 19 Tone,

125 2577 58 17 Touch,
195 2578 31 14 mal
235 2578 80 17 Superior
324 2578 89 15 Cnxtro.-t

127 2667 51 20 THE
189 2668 145 20 NATIONAL
348 2668 137 20 CARBOLIC
496 2668 42 20 DIS-

252 2694 166 20 INFECTANT.

126 2736 41 18 The
185 2737 53 17 best'
257 2737 46 18 and
320 2737 111 23 cheapest
447 2737 104 18 Carbolic

125 2758 149 22 Disinfectant
296 2760 97 19 Powder
413 2760 77 18 before
511 2760 40 18 the

290 2784 87 18 Public.

145 2815 84 23 Strong
241 2815 23 19 in
274 2816 84 21 action,
369 2815 120 24 agreeable
504 2815 23 19 in

125 2837 64 21 smell,
224 2839 96 18 Purines
334 2839 40 18 the
389 2838 34 19 air
440 2838 45 19 and
502 2843 37 19 pre-

243 2864 70 17 vents
324 2862 96 19 disease,

157 2893 214 26 CARBOLIC
391 2893 117 26 SOAP.

184 2934 189 26 WARNOCK
396 2935 87 29 Bros.,

134 2975 83 18 Works
224 2975 4 22 :
238 2976 62 18 Coxs
310 2975 79 22 Creek,
402 2975 135 19 Richmond,

125 3005 137 20 Warehouse
269 3007 149 22 Durham-St,
426 3006 125 19 Auckland

220 3194 104 19 FENTON
341 3194 102 22 STREET,

209 3227 98 19 OrrosiTE

143 3255 62 19 Saslios
214 3257 54 17 made
276 3258 21 16 to
306 3257 61 17 order.

210 3316 26 40 F,
282 3315 172 48 GOODSON,

258 3367 150 32 RGTGRPJA

295 3664 68 16 notice.

141 3690 14 17 It
157 3691 46 17 ATA
209 3696 41 13 AM)
256 3692 55 17 TAW
312 3693 17 16 A
336 3697 26 12 AT
367 3695 80 14 LOWEST
456 3696 52 12 HATE

134 4035 395 37 H.W.MITCHELL,

208 4095 117 24 Sutljorisco
336 4091 113 27 jsurbcfibr,

253 4147 146 25 HQTORUfi,

871 901 281 51 ROTORUJI,
1197 902 126 46 .NEW
1360 902 273 46 ZEJIULND.

580 986 37 42 T)
625 985 179 19 OTORTTA.—This
813 989 105 19 wonderful
925 991 74 17 district
1007 991 16 18 is
1031 991 129 22 unparalleled
1169 992 19 16 in
1197 992 32 17 the
1237 992 69 17 known
1317 992 58 16 world
1385 992 29 16 for
1421 992 33 17 the
1462 992 80 17 number
1550 992 38 17 and
1597 992 72 23 variety
1679 993 20 16 of
1707 993 24 16 its
1739 993 87 17 Thermal
1837 993 84 23 Springs.

607 1009 67 19 VAs
683 1015 12 12 a
702 1009 66 18 h<altli
776 1013 61 16 resort
844 1012 25 18 its
877 1013 110 23 popularity
995 1014 16 17 is
1019 1013 75 24 rapidly
1101 1014 112 24 increasing,
1223 1015 38 17 and
1274 1015 43 17 that
1331 1015 80 22 entirely
1428 1020 24 12 on
1465 1015 24 17 its
1507 1021 43 11 own
1566 1016 71 20 merits,
1655 1022 20 11 sis
1691 1016 83 17 hitherto
1791 1016 82 23 nothing
1889 1016 33 18 has

578 1032 47 17 been
635 1032 49 17 clone
693 1032 18 17 in
722 1033 31 17 the
762 1039 42 17 way
812 1036 21 15 of
841 1036 122 23 advertising.

602 1055 86 18 Patients
698 1056 90 23 suffering
797 1057 47 18 from
854 1058 86 23 Chronic,
952 1060 99 19 Articular,
1061 1060 38 17 and
1108 1060 97 18 Muscular
1211 1060 129 22 rheumatism,
1351 1061 56 18 Gout.
1418 1060 101 19 Rhumatic
1525 1061 56 21 Gout,
1597 1062 45 16 Skin
1651 1062 90 18 Diseases.
1760 1062 85 19 Sciatica,
1863 1062 45 18 Lum-

577 1078 56 23 bago,
654 1078 111 24 Neuralgia,
783 1081 85 17 Nervous
885 1082 125 20 Exhaustion,
1028 1083 78 17 Uterine
1122 1084 99 19 Ailments,
1239 1084 38 17 and
1293 1084 55 22 tardy
1366 1083 139 19 convalcscense
1522 1085 49 17 from
1587 1086 55 16 acute
1659 1084 79 18 diseases
1755 1091 44 16 may
1815 1086 40 22 rely
1872 1091 51 17 upon

578 1101 101 23 obtaining
687 1107 91 13 immense
786 1103 59 21 relief,
855 1105 37 17 and
901 1106 20 16 in
928 1107 32 15 the
970 1106 89 22 majority
1068 1106 20 18 of
1097 1112 50 12 cases
1155 1112 12 12 a
1175 1107 92 22 complete
1276 1112 50 12 cure.
1337 1101 3 28 '

602 1163 53 16 THE
670 1163 91 17 PRIEST
768 1163 13 17 S
788 1163 148 20 BATH.—This
943 1166 17 17 is
969 1166 87 23 strongly
1064 1166 47 18 acid,
1126 1167 111 20 aluminous,
1254 1168 80 21 sulphur
1349 1169 65 18 water,
1431 1168 65 22 acting
1512 1174 19 11 as
1549 1174 11 11 a
1576 1168 93 22 powerful
1686 1168 41 17 skin
1743 1169 105 17 stimulant.
1882 1169 42 18 Hot

578 1185 38 16 and
626 1185 42 16 cold
678 1184 87 22 showers,
775 1185 37 19 and
821 1187 82 19 douches
912 1196 31 10 are
952 1189 90 22 provided
1051 1189 36 18 and
1097 1190 125 18 comfortably
1230 1190 86 17 enclosed
1325 1190 86 21 dressing
1420 1196 60 12 rooms

603 1208 114 17 MADAME
738 1208 125 21 RACHEL'S
884 1211 146 19 BATH.—This
1038 1212 106 18 celebrated
1152 1213 70 23 Spring
1230 1213 16 18 is
1254 1219 11 11 a
1280 1213 63 18 Saline
1358 1215 58 15 water
1428 1213 46 18 with
1491 1214 90 20 Silicates,
1597 1215 37 16 and
1647 1215 34 17 has
1698 1220 24 12 an
1735 1215 81 17 alkaline
1833 1215 89 17 reaction.

578 1230 40 17 The
628 1232 58 15 water
695 1237 15 10 is
719 1231 39 17 also
768 1238 21 11 us
796 1232 18 17 >d
821 1233 102 23 internally
932 1236 30 16 for
970 1236 25 16 its
1003 1236 96 17 beneficial
1108 1236 63 17 action
1180 1242 24 11 on
1212 1237 32 16 the
1253 1236 85 22 kidneys.

602 1253 53 18 THE
677 1254 68 17 RUE
766 1255 145 19 RATH.—This
928 1258 15 16 is
960 1258 32 18 the
1008 1258 71 21 largest
1096 1259 73 18 natural
1188 1259 107 22 swimming
1310 1260 47 16 bath
1372 1260 20 17 in
1406 1260 32 16 the
1454 1258 95 19 Southern
1556 1260 131 23 Hemisphere.
1713 1261 20 16 It
1741 1261 68 17 affords
1819 1261 105 17 rheumatic

578 1277 81 17 invalids
669 1282 8 12 ll
690 1283 62 10 means
761 1278 20 17 of
790 1278 67 23 taking
865 1281 81 21 painless
956 1282 86 18 exercise,
1053 1282 60 16 which
1122 1283 45 21 they
1176 1283 68 21 highly
1253 1283 113 22 appreciate.

602 1300 53 16 THE
665 1300 28 17 SI.
698 1300 90 18 LPIIUR
797 1302 104 19 VAPOUR
912 1305 74 16 BATH.
989 1305 67 16 —This
1063 1305 15 17 is
1084 1310 12 12 a
1101 1305 77 18 natural
1182 1305 34 18 hot
1221 1311 79 17 vapour,
1305 1305 69 23 highly
1380 1305 82 23 charged
1467 1306 47 17 with
1519 1306 81 23 sulphur
1607 1312 60 18 gases,
1680 1307 105 17 conducted
1798 1307 41 17 into
1853 1314 12 10 a
1879 1314 33 15 pro-

578 1326 53 24 perly
642 1323 121 18 constructed
771 1324 57 21 chest,
838 1325 20 18 in
866 1326 63 19 which
934 1327 33 18 the
973 1328 33 17 tho
1011 1328 72 21 patient
1093 1328 39 19 sits,
1142 1328 55 17 while
1206 1334 11 12 a
1223 1330 70 16 stream
1298 1328 21 19 of
1323 1328 88 23 palpable
1420 1328 79 23 sulphur
1503 1329 17 17 is
1524 1330 59 22 being
1588 1330 108 22 constantly
1701 1330 98 22 deposited
1803 1336 25 12 on
1836 1330 32 18 the
1874 1330 48 18 skin.

603 1346 53 17 THE
677 1346 53 17 >E\\
757 1346 122 20 SULPHUR
900 1350 76 18 BATH.
978 1351 68 17 —This
1058 1351 15 16 is
1086 1357 11 10 a
1109 1357 46 16 very
1167 1353 65 19 strong
1244 1352 59 17 acidic
1315 1353 59 15 water
1387 1352 19 16 of
1418 1351 45 22 high
1477 1353 132 22 temperature,
1623 1353 38 17 and
1677 1353 87 22 strongly
1781 1353 142 18 recommondod

578 1375 20 10 in
615 1375 51 10 cases
683 1370 20 15 of
718 1370 124 19 rheumatism
850 1373 38 16 and
896 1373 57 17 allied
962 1374 86 16 diseases.
1073 1374 39 16 The
1120 1374 47 17 bath
1181 1375 59 17 house
1256 1375 16 16 is
1288 1375 76 17 divided
1380 1375 40 16 into
1436 1375 67 17 Ladies
1519 1375 38 17 and
1574 1376 121 18 Gentlcmens
1711 1376 129 22 departments
1854 1376 37 18 and
1908 1377 16 16 is

578 1392 78 22 capable
665 1392 17 17 oi
694 1393 163 23 accommodating
865 1396 34 17 400
908 1396 77 17 bathers
993 1397 57 21 daily.

604 1415 53 17 THE
665 1415 163 23 ELECTRICAL
835 1418 254 19 DEPARTMENT.—This
1099 1420 119 23 department
1233 1421 16 17 is
1265 1422 72 21 replete
1353 1422 46 16 with
1413 1422 32 16 the
1461 1423 49 16 most
1524 1422 78 17 modem
1619 1423 107 21 appliances
1741 1423 31 18 for
1788 1423 89 21 currying
1891 1424 33 16 out

579 1444 75 10 various
666 1439 56 16 Forms
731 1439 21 16 of
760 1440 78 17 medical
847 1442 92 17 electrical
950 1443 101 17 treatment
1059 1444 18 16 in
1087 1444 49 16 their
1147 1443 87 23 entirety.

604 1460 33 18 TH
641 1461 16 17 E
665 1460 80 19 HYDR(
750 1462 102 20 )PATHIC
860 1465 117 18 PACKING
983 1465 53 18 AND
1044 1465 20 18 M
1068 1466 94 18 A.SSAGE
1168 1467 224 18 DEPARTMENT.—A
1399 1468 54 16 series
1459 1468 20 16 of
1485 1474 62 11 rooms
1554 1475 31 11 are
1594 1469 97 17 furnished
1700 1469 37 17 and
1746 1470 28 16 set
1781 1470 54 21 apart
1843 1470 29 16 for
1879 1470 45 17 each

579 1490 39 14 sex,
625 1490 20 10 in
652 1484 55 17 order
711 1486 20 16 to
741 1491 54 17 carry
800 1488 34 15 out
842 1487 38 18 this
885 1488 105 23 important
995 1489 80 23 adjunct
1079 1490 20 17 to
1106 1490 107 18 treatment.
1219 1491 41 17 Tho
1264 1491 79 18 services
1349 1490 21 19 of
1374 1496 12 12 a
1390 1490 89 24 qualified
1484 1491 96 18 Masseuse
1585 1491 39 18 and
1628 1491 86 19 Masseur
1722 1498 30 11 are
1761 1493 115 17 obtainable.

650 1563 116 19 CAMILLE
779 1564 133 23 MALFROY,
922 1568 16 17 E

786 1832 18 23 7
808 1841 36 15 zoo
856 1834 71 23 miles
941 1836 74 29 from
1035 1835 121 30 Rotorua,
1178 1837 134 31 adjoining
1326 1838 150 31 interesting
1486 1839 82 23 native
1580 1841 143 23 settlement.

1197 1884 28 11 /GV
1251 1879 32 16 <>fo>
1296 1882 30 13 it**-.

1442 1903 301 55 SOTEL.

1101 2000 25 22 P
1144 2001 25 22 A
1193 2001 24 23 T
1233 2001 24 23 R
1277 2001 21 24 O
1315 2002 35 23 N
1366 2002 21 23 S
1396 2010 10 18 ;

621 2028 146 34 mc-irff.M
787 2034 25 28 i°
814 2029 11 18 f
847 2029 106 24 Kintore,
980 2031 54 18 Earl
1059 2032 26 18 of
1108 2032 99 23 Onslow,
1230 2033 105 24 Marquis
1357 2034 26 18 of
1400 2034 128 23 Drogheda,
1552 2036 61 18 Lord
1635 2036 144 24 Carrington.

580 2053 89 18 rnilES
686 2053 90 18 IiOILL
787 2055 35 16 has
832 2054 89 24 recently
933 2055 50 17 been
994 2055 141 24 considerably
1145 2056 102 24 enlarged,
1260 2058 115 23 renovated,
1387 2058 40 18 and
1437 2059 129 19 refurnished
1576 2060 113 25 regardless
1699 2063 20 16 of
1736 2067 92 18 expanse,
1849 2062 41 19 and
1906 2063 17 18 is

585 2076 24 22 JL
647 2078 71 24 widely
730 2078 72 19 known
815 2079 31 18 for
856 2079 26 18 its
892 2080 99 18 excellent
1002 2081 176 23 accommodation,
1191 2083 87 22 Cuisine,
1291 2084 33 18 &c.

953 2114 73 24 Here
1039 2125 44 13 are
1096 2116 40 22 the
1150 2116 82 31 Chief
1239 2118 90 29 Sights
1341 2118 32 31 of
1381 2119 40 22 the
1433 2118 117 24 District.

670 2152 3 31 _
708 2152 46 18 Tho
764 2153 139 19 Wonderful
913 2155 80 18 Steam
1002 2156 47 17 and
1058 2156 49 18 Hot
1115 2156 83 19 Water
1207 2157 130 23 Petrifying
1346 2158 99 23 Geysers
1459 2159 79 24 playing
1551 2161 66 21 nearly
1636 2163 32 15 100
1685 2162 37 17 feet
1739 2162 53 17 hi<-h.

577 2176 132 23 Petrifying
718 2177 105 22 Geysers,
835 2177 129 19 Cauldrons
974 2179 26 17 of
1006 2179 91 23 Boiling
1105 2179 58 19 Mud
1171 2180 46 18 and
1227 2180 41 19 Oil.
1295 2181 76 23 Spout
1381 2182 64 22 Bath,
1457 2182 35 18 Oil
1501 2182 66 23 Bath,
1577 2184 71 18 Alum
1658 2184 59 19 Bath
1727 2184 20 19 &
1761 2185 80 18 Jack's
1853 2186 61 19 Bath

578 2201 80 17 Known
672 2201 31 17 tor
711 2201 34 17 the
752 2201 155 19 extraordinary
915 2208 57 12 cures
979 2204 21 16 of
1011 2202 148 18 Rheumatism.
1172 2205 116 15 .Neural..in.
1299 2205 106 15 1.,,,,,1,:,.,-,,
1421 2205 82 15 KninHnn
1522 2206 80 14 K';,1,,,.,-
1622 2208 6 12 l
1641 2208 41 12 ;,.,>,.
1691 2208 36 12 „„,i
1736 2209 41 11 ~ti.,
1862 2210 59 10 i.,:.....

694 2233 42 47 C.
763 2236 41 44 E.

941 2205 56 15 res.it
1011 2202 148 25 Rheumatism,
1170 2204 119 25 Keuralgia,
1298 2205 113 24 Lumbago,
1421 2206 90 23 Sciatica,
1520 2207 89 24 Kidney,
1622 2208 60 18 Liver
1691 2208 40 19 and
1736 2208 58 20 other
1802 2210 115 24 complaint!

988 2293 103 26 Guide

1388 2297 124 31 Sophia.

1526 2242 278 55 Proprietor.

998 2509 38 24 On
1060 2510 40 23 the
1124 2511 90 22 Direct
1237 2512 81 23 Route
1340 2516 21 19 to
1381 2513 117 22 Rotorua-

811 2548 45 18 For
873 2549 108 23 Scenery,
997 2549 109 19 Curative
1119 2550 130 24 Properties
1259 2552 26 18 of
1291 2552 40 18 the
1341 2553 72 17 Baths
1423 2553 45 18 and
1477 2555 207 22 accommodation,

719 2580 123 25 EXCEL
873 2580 70 26 ALL
977 2580 140 26 PLACES
1148 2582 47 25 OF
1225 2583 73 25 THE
1333 2584 87 25 KIND
1453 2585 31 25 IN
1517 2586 74 24 THE
1625 2587 158 26 COLONY.

1294 2646 101 20 __.Citable
1404 2646 96 27 Fittings,
1511 2648 53 20 hnve
1575 2648 49 21 been
1643 2652 128 23 pronounced
1787 2652 27 24 by
1830 2653 26 19 all
1875 2653 44 20 who

575 2671 51 17 have
647 2669 73 19 visited
741 2669 56 19 them
812 2674 77 14 SECOND
906 2676 24 12 To
948 2676 54 13 xonk
1019 2676 21 13 i.\
1059 2671 51 18 Nkw
1127 2671 105 19 Zealand.
1261 2672 42 19 The
1318 2679 109 13 numerous
1437 2674 134 19 testimonials
1581 2676 91 19 received
1682 2683 23 12 as
1716 2680 20 16 to
1746 2678 55 19 their
1809 2685 58 13 cures
1877 2681 42 18 and

574 2696 85 18 comfort
672 2695 73 19 should
765 2695 26 19 be
808 2695 98 20 sufficient
926 2699 20 15 to
963 2697 72 17 induce
1051 2697 91 18 Tourists
1159 2697 39 19 ami
1213 2700 66 17 others
1296 2700 21 18 to
1327 2699 48 19 visit
1386 2699 60 19 them.
1475 2699 33 21 No
1518 2704 58 16 extra
1586 2701 75 27 charge
1671 2703 18 19 is
1698 2703 59 20 made
1766 2704 33 19 for
1808 2705 34 20 the
1852 2712 37 13 use
1898 2706 21 19 of

575 2722 34 18 the
620 2722 61 18 baths
692 2725 19 15 to
722 2728 83 18 persons
815 2722 82 24 staying
907 2725 21 15 at
939 2722 33 19 the
983 2722 61 19 hotel.

894 2770 83 24 THE
1003 2757 530 42 OKOR^IRE^SA^NATORIUM

600 2810 21 18 Is
631 2810 110 18 connected
752 2810 48 17 with
812 2809 35 19 tho
856 2810 136 25 Telegraphic
1002 2813 73 20 system
1086 2812 22 17 of
1118 2812 34 17 the
1163 2812 81 24 Colony,
1256 2814 33 16 tin-
1298 2812 115 26 Telegraph
1425 2814 60 19 Office
1495 2815 108 26 adjoining
1614 2817 34 18 the
1660 2817 68 19 Hotel.
1757 2818 35 19 All
1800 2819 119 24 Telegrams

575 2836 101 26 promptly
687 2836 77 23 replied
775 2839 26 15 to.

601 2862 97 21 Conclies,
710 2862 97 25 P.uggies,
819 2861 39 19 and
870 2861 142 25 Conve3'ances
1021 2862 21 19 of
1052 2862 26 19 nil
1089 2862 61 19 hinds
1169 2864 56 17 leave
1244 2864 40 18 this
1303 2864 60 19 Hotel
1381 2872 24 11 on
1426 2866 108 24 Tuesdays,
1557 2867 124 26 Thursdays,
1700 2869 40 19 and
1758 2870 119 25 Saturdays,
1897 2878 22 13 or

574 2888 55 25 daily
639 2889 17 17 if
668 2888 101 24 required.
811 2887 88 19 Persons
918 2894 25 12 en
961 2891 58 15 route
1038 2888 31 18 for
1087 2888 92 20 Eutorua
1193 2895 34 13 are
1248 2890 102 18 therefore
1370 2891 85 19 enabled
1476 2895 18 16 lo
1573 2897 34 16 the
1624 2895 91 19 wonders
1723 2895 22 19 of
1758 2895 97 21 Okoroire
1878 2898 40 20 and

574 2914 61 25 enjoy
646 2914 35 20 the
692 2913 89 20 Natural
791 2914 42 18 Hot
844 2913 64 19 liaths
919 2914 38 18 and
967 2921 12 12 a
988 2914 57 25 day's
1056 2918 40 15 rest
1106 2916 94 24 previous
1211 2920 19 14 to
1243 2916 138 26 undertaking
1392 2924 10 11 u
1412 2917 86 25 journey
1510 2922 19 15 to
1540 2920 34 18 the
1587 2920 72 19 Lakes.

1133 2965 83 14 THIS
1242 2965 71 16 HOT

747 2989 45 20 Has
800 2989 90 26 recently
900 2990 5 15 >
914 2996 36 13 eon
961 2990 85 22 erected,
1057 2991 38 18 and
1110 2991 17 17 is
1138 2993 76 23 replete
1224 2993 48 18 with
1290 3000 60 15 every
1360 2995 84 17 comfort
1455 2994 31 18 for
1496 2995 92 19 Tourists
1599 2996 38 18 and
1649 2997 97 19 Invalids.

603 3016 187 19 Note.—Tourists
799 3018 20 17 to
830 3015 102 20 Sotorua!
962 3016 29 18 Be
1001 3023 46 11 sure
1061 3020 19 14 to
1098 3017 47 18 take
1164 3024 50 17 your
1233 3019 29 19 rai
1273 3026 43 17 way
1336 3020 72 18 tickets
1427 3021 31 17 for
1475 3020 113 21 Okokoiiie.
1627 3022 141 26 Conveyances
1782 3028 53 16 meet
1854 3026 65 19 trains

575 3043 103 23 Okoroire,
691 3043 95 24 carrying
795 3048 122 19 passengers
927 3045 19 16 to
958 3042 63 19 Hotel
1032 3043 41 18 free
1089 3043 21 18 of
1119 3043 81 26 charge.

833 3385 244 42 EXPRESS
1112 3385 136 39 LINE
1284 3388 69 40 OF
1390 3389 264 40 COACHES.

574 3436 228 57 Carrying
821 3437 97 46 .Her
945 3437 252 56 .Majesty's
1234 3438 136 47 .Mails
1402 3451 51 36 as
1491 3454 83 43 per
1604 3442 301 51 Time-tables

737 3506 274 18 TAURANGA-ROTORUA
1024 3506 69 17 LINE.

727 3547 68 22 depart
842 3546 85 22 Tuesday
937 3546 38 17 and
984 3545 95 22 Saturday
1134 3547 10 14 S
1153 3553 44 10 a.m.

725 3570 61 16 arrive
874 3582 11 7 ~
1031 3581 10 8 ~
1092 3569 52 17 10.30
1153 3576 44 10 a.m.

726 3593 67 22 depart
874 3605 11 8 ~
1030 3604 11 8 ~
1092 3592 51 17 10.45
1152 3598 44 11 a.m.

727 3616 61 17 arrive
873 3629 11 6 „
1030 3628 10 4 ..
1133 3617 10 14 (i
1150 3621 45 15 p.m.

724 3639 67 22 depart
837 3638 87 23 Monday
940 3638 38 17 and
995 3637 70 22 Friday
1133 3638 9 17 7
1152 3645 43 11 a.m.

723 3662 60 17 arrive
871 3675 11 7 ~
1028 3674 11 7 ~
1089 3661 52 16 12.30
1150 3666 45 17 p.m.

723 3685 67 22 depart
870 3697 12 7 ~
1027 3697 11 7 ~
1089 3684 50 16 12.-10
1149 3690 46 16 p.m.

724 3708 60 17 arrive
869 3721 11 7 ~
1025 3720 12 7 ~
1099 3708 40 15 3.10
1150 3713 45 16 p.m.

1423 3509 217 21 ROTORUA-TAUPO
1658 3513 69 18 LINE.

1246 3548 85 17 Rotorua
1386 3548 67 22 depart
1501 3551 117 23 Wednesday
1635 3553 38 16 and
1694 3553 94 23 Saturday

1246 3570 97 18 Atcamuri
1387 3572 66 21 depart
1548 3587 11 7 ~

1245 3593 93 19 Wairakei
1387 3594 66 23 depart
1547 3610 12 7 ~

1244 3616 71 23 Taupo,
1388 3618 59 17 arrive;
1547 3633 12 7 ~

1244 3640 70 22 Taupo,
1387 3640 67 22 depart
1501 3643 98 22 Thursday
1615 3644 38 17 and
1668 3645 85 22 Monday

1244 3662 94 18 Wairakei
1388 3663 66 23 depart
1549 3679 11 7 ~

1244 3686 103 20 Atcamuri,
1389 3687 67 21 depart
1550 3702 12 7 „

1244 3709 90 21 Rotorua,
1388 3710 59 17 arrive
1550 3725 12 5 ~

1811 3693 52 16 11.30
1872 3700 43 11 a.m.

1819 3717 41 15 4.30
1870 3722 45 14 p.m.

740 3763 125 32 Special
879 3763 231 32 Conveyances
1122 3765 158 30 arranged
1293 3764 48 25 for
1355 3765 33 25 at
1400 3765 54 26 the
1467 3766 147 27 Shortest
1627 3768 120 26 Notice.

898 3799 200 27 STABLES:
1117 3799 168 27 Tutanekai
1314 3802 111 30 Street,
1449 3803 142 27 Rotorua.

735 3841 114 34 Buggies,
1003 3840 51 24 ai-xd
1072 3840 96 28 £addle
1294 3851 32 22 ci?
1345 3843 50 32 tyre
1413 3852 31 23 crp
1462 3844 44 32 tfye
1524 3845 120 32 Shortest
1663 3845 94 33 I^otiee.

1057 3883 129 16 TERMS
1215 3885 217 17 7UVJDERKTe.

922 3913 145 30 Telegrams
1078 3911 54 23 and
1140 3912 100 24 Letters
1248 3915 151 29 punctually
1412 3916 117 23 attended
1538 3920 29 20 to.

684 3978 115 25 Please
811 3977 74 25 note
899 3977 133 26 address

691 4020 59 64 e.
801 4017 461 67 ROBeRTSON
1309 4021 48 63 &
1393 4021 127 66 CO.,
1559 4030 234 48 Rotorua.

900 4097 306 47 contractors
1230 4092 78 54 for
1322 4094 181 52 .Messrs
1525 4095 44 46 T.
1592 4095 127 47 Cook
1741 4096 46 48 &
1808 4099 106 47 Son.

2146 743 59 25 Hot
2234 744 96 26 Lakes
2350 746 33 24 of
2400 746 70 25 New
2489 747 144 27 Zealand.

1947 819 470 54 WmsMMmstiasi
2425 833 215 40 amtm:
2651 833 53 40 m
2714 833 71 40 m

2085 893 28 18 IS
2126 893 22 18 A
2162 893 192 20 FIRST-CLASS
2367 895 207 20 TEMPERANCE
2586 897 108 20 HOTEL.

2034 930 238 25 HINGMOK
2289 932 198 26 STREET,
2508 935 240 24 RGTORUK.

1946 993 83 32 rpHIS
2042 994 59 18 NEW
2113 995 54 17 AXD
2181 996 190 17 COMFORTABLE
2385 996 217 20 ESTABLISHMENT
2609 998 17 18 is
2634 999 83 18 situated
2724 1000 21 18 in
2753 1001 34 18 the
2794 1007 43 12 new

1955 1014 17 23 JL
2138 1018 92 22 Rotorua,
2240 1019 49 18 close
2298 1019 21 18 to
2326 1019 34 18 the
2368 1019 127 19 Government
2511 1021 120 19 Sanatorium
2644 1023 38 17 and
2694 1023 65 21 Baths,
2774 1024 62 18 which

2266 1042 91 22 comprise
2366 1042 32 17 the
2407 1043 106 18 celebrated

1945 1069 92 19 Priest's
2047 1069 65 22 Bath,
2124 1070 109 18 Madame
2242 1070 86 18 Rachel
2338 1070 76 22 Baths,
2426 1071 140 20 Chameleon
2576 1073 95 18 Douche
2680 1074 66 22 Bath,
2762 1075 74 23 Large

2015 1092 57 18 Blue
2081 1092 137 24 Swimming
2228 1094 66 21 Bath,
2311 1094 102 22 Sulphur
2425 1094 96 23 Vapour
2530 1096 61 19 Bath
2599 1097 47 18 and
2655 1097 111 19 Galvanic

2302 1117 98 22 Battery
2408 1117 66 22 Bath,

1945 1139 69 18 OVER
2026 1139 91 17 WIIICPI
2134 1139 86 18 LARGE
2238 1140 117 17 BATHING
2373 1141 140 17 PAVILIONS
2534 1143 72 17 HAVE
2627 1143 70 18 BEEN
2717 1144 119 19 ERECTED

2051 1162 43 17 with
2105 1167 100 13 numerous
2214 1162 92 23 Dressing
2322 1164 75 17 Romas,
2407 1164 35 17 etc.
2468 1165 75 17 Besides
2553 1165 52 19 these
2614 1166 52 17 there
2675 1167 15 16 is
2699 1167 32 16 the

1945 1184 133 20 Pain-killer
2091 1184 66 23 Bath,
2172 1184 134 24 Coffee-pot,
2323 1186 131 18 Cameron's
2468 1188 46 17 and
2529 1188 125 19 Hinemaru
2671 1189 73 19 Baths
2757 1190 24 19 in
2795 1191 41 18 the

2250 1209 149 18 Sanatorium
2416 1210 114 20 Grounds.

1945 1253 113 20 Bathgate
2077 1252 72 19 llouse
2166 1252 38 19 has
2220 1252 53 19 been
2292 1253 80 24 greatly
2388 1254 98 24 enlarged
2501 1256 32 18 for
2549 1256 93 19 Tourists
2658 1263 22 12 as
2700 1256 45 21 well
2762 1264 22 13 as
2804 1258 33 20 for

2181 1279 73 24 people
2267 1279 73 25 taking
2350 1285 12 13 a
2372 1286 68 12 eoursa
2451 1281 22 18 of
2482 1282 35 18 the
2527 1281 72 20 Baths.
2616 1279 2 25 ■

2199 1312 133 20 TERMS
2353 1314 230 22 MODERATE.

2121 1358 53 34 S.
2223 1359 52 34 T.
2330 1360 43 32 B
2386 1344 124 52 °Re
2535 1364 121 36 NT,

2268 1404 243 19 PROPRIETOR.

1945 1427 126 19 N.B.—Most
2079 1429 20 18 of
2108 1430 53 17 those
2170 1431 42 17 who
2222 1432 43 17 visit
2275 1433 73 17 Brent's
2358 1433 23 19 do
2391 1441 20 10 so
2420 1435 83 24 through
2513 1438 32 16 the
2560 1438 45 18 kind
2621 1440 179 20 recommendations
2818 1444 19 15 of

2286 1457 86 21 previous
2381 1460 108 17 customers.

1969 2257 228 60 STA

2380 2262 413 61 HOTEL

2111 2343 147 27 ALBERT
2276 2346 150 30 STREET,
2453 2347 214 27 AUCKLAND.

2064 2450 156 48 LODIS
2256 2453 183 50 DOYLE,
2470 2455 238 56 .Manager.

2002 2597 216 51 TftML,

2042 2670 166 36 QUEF.N
2236 2673 204 35 STREET,
2459 2675 275 34 AUCKLAND,

2171 2712 107 19 UNDER
2292 2714 74 18 NEW
2379 2714 226 21 MANAGEMENT.

2158 2757 213 49 JOSEPH
2403 2759 213 53 JneRJIE,

2070 2820 58 21 'Late
2138 2822 22 19 of
2170 2823 34 18 the
2214 2823 58 19 Lake
2282 2823 71 19 House
2368 2824 40 19 and
2423 2824 73 21 Palace
2507 2826 79 22 Hotels,
2599 2827 108 26 Rotoruti.)

2188 2854 49 18 Has
2243 2855 52 23 just
2304 2855 72 19 taken
2388 2861 54 13 over
2451 2856 48 19 this
2509 2857 76 20 Hotel.

1941 2875 128 18 Travellers
2078 2875 46 19 will
2133 2876 48 19 find
2190 2883 71 19 every
2270 2878 97 18 Modern
2378 2879 160 20 Convenience
2548 2881 122 19 combined
2676 2882 58 18 with
2740 2882 94 25 Civility

2246 2902 46 18 and
2299 2902 97 22 Prompt
2402 2903 125 19 attention.

1966 2942 44 20 The
2021 2942 98 20 situation
2128 2944 22 20 of
2165 2945 35 19 the
2216 2945 125 21 Waverley
2360 2947 82 19 renders
2463 2948 16 19 it
2498 2949 97 24 specially
2614 2950 119 19 convenient
2752 2950 31 19 for
2799 2952 35 19 the

1941 2968 118 26 Travelling
2070 2969 72 20 Public
2152 2971 40 19 and
2211 2971 88 21 Visitors
2316 2976 20 16 to
2353 2973 35 19 the
2405 2974 46 24 City
2467 2975 53 19 from
2536 2975 34 19 the
2581 2969 96 31 'Country
2694 2976 27 25 by
2741 2978 53 18 train
2811 2985 23 12 or

1941 2999 92 14 steamer.

1941 3020 103 30 Special
2055 3022 206 29 Arrangements
2272 3025 75 23 made
2357 3025 40 23 for
2410 3025 44 23 the
2470 3028 178 22 convenience
2662 3028 27 22 of
2701 3028 131 26 Families.

2134 3062 202 17 NIGHT
2381 3064 263 18 RORTER.

1943 3101 176 27 First-class
2134 3103 117 26 Billiard
2269 3105 119 25 Rooms.
2425 3106 101 27 Wines
2540 3109 60 24 and
2617 3108 109 30 Spirits
2739 3110 33 24 of
2778 3110 54 26 the

2021 3135 69 25 best
2105 3136 125 26 Brands.
2276 3138 171 26 Hancock's
2470 3140 83 26 Prize
2567 3141 103 25 XXXX
2686 3142 69 26 Ales

2214 3170 113 33 always
2347 3178 37 19 on
2411 3173 141 32 draught.

1941 3291 81 19 Under
2029 3292 41 18 the
2075 3293 172 24 distinguished
2253 3297 129 23 patronage
2389 3297 27 18 of
2418 3297 43 19 His
2468 3298 140 25 Excellency
2617 3299 60 18 Lord
2687 3300 144 24 Carrington,

1965 3324 120 18 Governor
2094 3325 26 18 of
2126 3326 100 24 N.S.W.,
2237 3328 47 18 and
2293 3328 62 19 Lord
2372 3328 94 20 Onslow
2475 3330 120 19 Governor
2604 3330 26 19 of
2636 3331 59 19 New
2703 3331 105 21 Zealand.

2101 3598 577 40 TKURKNG7S.

2259 3688 82 12 lounceu
2354 3688 24 19 ny
2394 3688 26 13 its
2432 3688 87 15 ratrons
2536 3688 21 15 to
2573 3688 24 16 be
2613 3688 34 15 the
2667 3688 42 15 best
2724 3688 50 16 built
2790 3688 39 17 and

1945 3705 21 15 J.
2007 3705 43 17 best
2060 3705 108 19 furnished
2179 3706 63 19 Hotel
2252 3707 21 19 in
2283 3708 35 18 tho
2328 3708 67 19 North
2405 3709 76 19 Is'aud.

1972 3735 135 26 Private
2121 3736 107 27 Suites
2238 3739 21 19 of
2268 3738 133 26 Apartments
2411 3740 32 19 for
2455 3741 100 19 Families.

2254 3771 103 30 Sample
2371 3773 95 24 Rooms
2487 3775 33 18 for
2534 3775 131 19 Commercial
2677 3775 125 21 Gentlemen.

1938 3801 88 19 Coaches
2036 3801 56 19 leave
2102 3803 34 19 tho
2146 3803 63 19 Hotel
2218 3804 33 20 for
2266 3806 35 18 the
2314 3806 67 19 Lakes
2400 3815 25 11 on
2442 3809 75 18 arrival
2532 3810 21 18 of
2570 3809 25 20 all
2614 3812 103 16 steamers.
2747 3810 80 26 Special

2045 3827 92 26 Buggies
2154 3830 40 18 and
2205 3831 75 19 Saddle
2291 3831 78 20 Horses
2379 3839 37 13 can
2432 3834 25 19 be
2473 3834 98 20 obtained
2588 3836 32 18 for
2630 3835 27 19 all
2669 3840 55 20 parts

2294 3858 22 18 of
2326 3858 35 19 the
2377 3859 96 25 Country.

1939 3887 185 26 First-class
2137 3888 127 34 Sailing-
2277 3892 62 25 and
2352 3893 137 33 Rowing
2501 3894 101 27 Boats
2614 3895 48 25 for
2674 3896 154 27 Pleasure

2200 3924 64 25 and
2282 3924 136 34 Fishing
2430 3926 134 28 Parties.

1938 3960 63 25 The
2034 3960 163 27 Saltwater
2227 3964 129 33 Bathing
2391 3966 127 27 Pavilion
2554 3969 23 25 is
2613 3969 100 26 within
2738 3970 89 26 three

2139 3995 140 27 minutes'
2302 3999 76 24 walk
2399 4000 33 24 of
2446 4001 54 25 the

2155 4035 120 26 Telegrams
2295 4039 79 19 receive
2400 4043 82 22 prompt
2500 4042 107 19 attention.

2055 4082 98 47 jMI.
2226 4072 505 67 IKlEasnE.A.Ij'X",

2246 4138 281 32 PROPRIETOR.

2860 727 217 44 IMPERIAL
3137 732 146 46 HOTEL.

2901 781 125 23 PORT
3050 784 198 27 STREET.

2994 813 162 22 AUCKLAND.

2860 869 8 20 ?
2874 869 3 29 I
2886 870 95 24 Splendid
2997 876 168 21 accommodation
3177 879 32 18 for
3221 879 52 19 Tour-

2859 895 36 18 ists
2905 896 40 19 and
2954 897 117 23 Travellers.

2876 930 183 32 High-class
3077 936 110 26 Wines
3210 940 61 24 and

2970 964 115 33 Spirits
3098 968 84 34 kept.

2905 1035 40 25 W.
2979 1037 30 25 H.
3039 1038 206 35 PEARCE,

2986 1073 177 33 Proprietor.

2940 1122 16 15 L
2984 1122 14 17 E
3026 1123 17 16 N
3075 1126 15 16 A.
3121 1125 15 18 L
3169 1127 15 16 V
3217 1129 14 16 O
3266 1129 22 20 N,

2965 1163 109 20 SYMONDS
3090 1168 94 21 STREET,

2861 1192 94 21 (Formerly
2963 1194 28 15 Sir
3002 1194 49 17 Fred.
3066 1195 104 20 Whitaker's
3180 1200 108 19 Residence,)

3003 1224 96 20 Telephone
3113 1228 36 16 .')l4.

2941 1258 6 2 -
2956 1251 61 18 Ladies
3025 1254 33 15 and
3068 1254 99 19 Gentlemen
3180 1263 32 10 can
3224 1259 22 16 be
3259 1264 19 11 ae-

2942 1273 35 17 ited
2980 1274 42 16 with
3026 1276 76 20 superior
3104 1276 57 18 Board
3168 1278 12 16 &
3187 1279 99 17 Residence.

2881 1301 37 16 The
2926 1303 53 16 hmise
2986 1303 14 16 is
3008 1305 73 16 situated
3091 1306 15 14 in
3114 1306 46 21 large
3165 1308 81 19 grounds,
3254 1310 34 16 and

2860 1324 98 16 commands
2966 1325 108 20 magnificent
3084 1327 51 17 views
3143 1329 18 14 of
3170 1329 29 16 the
3208 1329 78 17 harbour.

2881 1352 65 17 Tennis
2954 1352 60 19 Lawn.

2882 1381 36 17 Teu
2927 1383 80 17 minutes'
3017 1384 44 16 walk
3071 1385 44 16 from
3124 1386 29 16 the
3161 1387 40 17 Post
3211 1388 57 17 Oflico.

2882 1411 41 16 Cur*
2934 1414 32 14 mid
2976 1413 62 16 Busses
3045 1419 39 15 puss
3093 1414 29 18 the
3128 1418 81 15 entrance
3219 1421 46 16 (fate.

2879 1485 227 30 CLARENDON
3143 1492 132 34 HOTEL,

2890 1527 80 16 Junction
2980 1528 58 18 Queen
3047 1531 32 15 and
3097 1532 93 18 Wakefield
3200 1536 60 16 Street.

2966 1558 140 34 /Tueklaipd,
3125 1562 61 27 f).Z.

2851 1611 1 45 I
2861 1615 146 25 First-class
3024 1621 201 26 accommodation
3244 1625 50 29 for

3008 1651 150 26 Travellers.

2943 1689 48 19 Hot
2999 1691 46 18 and
3060 1692 56 20 Cold
3130 1694 78 21 Baths.

2882 1720 41 16 Best
2932 1720 58 18 Wines
2998 1723 33 15 and
3040 1723 62 21 Spirits
3113 1725 65 18 always
3186 1727 17 16 in
3212 1727 56 19 Stock.

2954 1751 37 16 Hot
2999 1751 60 18 Lunch
3071 1754 17 16 12
3101 1756 17 13 to
3126 1756 9 14 2
3144 1755 54 22 daily.

2860 1779 37 20 W.
2918 1780 109 24 LYNCH,
3065 1793 8 3 -
3109 1794 9 3 -
3153 1785 138 24 Proprietor.

2967 1813 53 17 Chad
3032 1814 62 21 JVlille
3107 1816 92 17 Faicthe.

2860 1859 47 25 W.
2921 1859 38 25 H.
2979 1858 28 27 &
3026 1860 38 25 H.
3093 1861 30 26 C.
3154 1861 138 35 Wright,

2933 1907 131 22 &TJEGEON
3077 1910 138 21 DENTISTS.

3038 1988 18 10 uu
3068 1988 24 10 a..
3105 1988 22 11 Jj.
3144 1980 102 27 Wright.)

2886 2011 73 24 Notify
2966 2012 45 18 that
3022 2013 48 24 they
3079 2020 35 13 are
3123 2015 121 27 coutinuing
3257 2017 35 21 tho

2859 2037 97 19 Business
2966 2039 21 18 at
2995 2038 34 20 the
3039 2039 101 21 Premises
3150 2043 34 24 top
3192 2042 21 19 of
3220 2042 59 21 Short-

2859 2063 127 19 land-street.
3015 2065 40 18 The
3198 2065 61 23 work'
3271 2070 21 18 of

2859 2089 34 19 the
2903 2089 45 18 late.
2956 2089 31 19 Mr
2998 2089 22 19 A.
3031 2091 22 18 L.
3062 2093 89 24 •Wright
3163 2093 40 20 will
3213 2094 25 19 bo
3255 2095 25 19 ad-

2859 2114 62 19 hered
2932 2117 25 21 to;
2969 2115 40 19 and
3019 2122 40 19 any
3074 2116 38 20 left
3130 2119 116 20 unfinished
3264 2122 27 24 by

2860 2140 44 20 that
2914 2140 116 26 gentleman
3043 2142 38 19 will
3093 2144 25 18 bv>
3133 2146 113 23 completed
3264 2147 28 25 by

2953 2167 34 18 the
2994 2174 43 13 new
3047 2174 148 20 management.

2893 2255 23 25 J.
2938 2255 30 26 H.
2991 2256 265 36 BUCHANAN,

2933 2297 95 26 Stone
3041 2298 175 29 Merchant.

2951 2338 177 19 ESTABLISHED
3146 2342 49 19 1892.

2882 2387 117 23 Statuary,
3027 2388 161 21 Monumental
3220 2393 46 19 and

2975 2411 97 19 General
3081 2413 90 21 Mason.

2859 2441 106 19 MARBLE
2975 2442 15 18 &
2994 2442 150 21 FREESTONE
3154 2446 118 21 CHIMNEY-

2882 2465 96 22 PIECES,
2996 2466 126 23 MANTELS,
3137 2469 79 19 VASES
3233 2471 26 18 &c

2886 2494 138 27 VICTORIA
3042 2496 119 27 STREET
3179 2498 81 30 EAST,

2861 2527 426 41 HUCKLHND,

2885 2589 88 25 Designs
2991 2590 40 19 and
3048 2590 68 20 Prices
3135 2592 114 21 forwarded
3267 2597 21 18 to

2859 2622 39 17 any
2908 2618 45 22 part
2963 2616 21 18 of
2994 2616 34 19 tho
3038 2616 97 21 Province
3146 2625 22 13 or
3175 2618 78 27 Colony
3262 2627 26 13 on

2859 2641 128 25 application.

2871 2782 187 40 MARAEROA
3105 2784 171 43 SAWMILL,

2859 2835 133 42 DESIRE
3001 2836 24 18 to
3034 2836 74 19 thank
3118 2838 40 18 the
3167 2839 78 23 public
3254 2840 34 18 for

2926 2860 54 21 past
2994 2859 78 18 favors
3086 2861 46 18 and
3147 2861 44 23 beg-
3210 2863 25 18 to
3251 2869 26 13 an-

2858 2887 90 13 nounce
2958 2882 51 18 that
3018 2883 86 23 having
3112 2890 14 12 a
3140 2884 63 24 large
3220 2887 68 18 stock

2857 2905 28 18 of
2893 2905 174 19 well-seasoned
3076 2907 120 19 first-class
3205 2909 84 19 timber

2858 2933 30 13 on
2897 2928 62 18 hand
2968 2929 56 22 they
3033 2935 38 12 are
3079 2931 112 22 prepared
3198 2933 25 17 to
3230 2933 58 18 fulfil

2858 2951 79 19 orders
2946 2952 25 18 at
2979 2952 98 19 reduced
3086 2954 69 19 rates.

2859 3014 36 34 T
2950 3013 25 35 1\
2983 3014 15 34 F
3053 3014 167 24 TTARRISON,
3234 3018 54 20 8.A.,

2892 3068 142 18 BARRISTER
3048 3069 52 17 AND
3110 3070 141 21 SOLICITOR,

2871 3100 37 21 118,
2930 3100 97 17 Victoria
3048 3100 87 23 Arcade,
3158 3102 118 21 Acckxaxd,

3036 3132 64 18 ALSO

2857 3162 92 17 Barrister
2962 3163 36 16 and
3013 3163 87 18 Solicitor
3113 3164 20 18 of
3149 3165 33 17 the
3199 3166 89 22 Supreme

2951 3186 62 18 Court,
3022 3187 83 20 Ontario,
3112 3187 81 19 Canada.

2857 3389 73 17 Losses
2940 3389 51 17 Paid
3166 3391 14 18 f
3180 3392 108 21 20,000,000

2857 3420 50 18 Fire
2920 3420 99 18 Premium
3034 3421 253 23 Exceeds....£l,soo,ooo

2855 3451 150 17 Accumulated
3010 3451 69 19 Fuxds
3083 3453 84 18 Exceed
3177 3453 110 23 £1,000,000

2926 3482 37 19 W.
2986 3483 94 18 WARD
3099 3484 110 23 3AKER,

2888 3513 97 18 District
2993 3514 116 23 Manager,
3120 3516 130 19 Auckland.

2942 3544 37 21 W.
2992 3546 28 19 A.
3034 3546 166 24 WILLIAMS,

2913 3576 71 18 Local
3003 3577 83 23 Agent,
3115 3578 110 20 Rotorua.

2855 3638 162 41 ROTORUA
3041 3640 164 41 SAY/MILL
3229 3640 51 46 CO,

2908 3733 73 19 'HITE
2994 3735 52 17 AND
3065 3735 51 18 RED
3135 3735 61 18 PINE
3215 3735 19 17 of
3250 3735 30 17 tic

2942 3758 54 17 finest
3005 3758 73 22 quality
3086 3759 38 16 and
3137 3759 90 21 carefully
3243 3758 36 17 cut.

2853 3832 89 28 Matai,
2974 3832 125 28 Pukatea,
3127 3833 50 22 and
3203 3832 75 22 Tawa

2893 3876 129 30 Shingles,
3033 3877 113 29 Palings,
3159 3876 92 23 Blocks

2996 3915 51 22 aud
3055 3915 80 22 Posts-

2878 3948 19 18 A
2910 3949 53 24 good
2974 3949 40 18 and
3024 3949 88 18 assorted
3123 3948 70 24 supply
3203 3947 73 23 always

2853 3980 25 13 on
2888 3975 55 18 hand
2952 3977 21 16 at
2983 3975 34 18 the
3027 3974 80 19 Timber
3116 3973 61 23 Yard,

2975 4008 176 17 RGTORUH.

2852 4067 160 25 N.l3.—Special
3022 4073 44 13 care
3076 4066 59 19 taken
3146 4066 20 17 in
3182 4064 34 19 tho
3233 4071 33 11 sea-

3024 4092 76 22 soning.

2852 4123 105 19 PRICES
2970 4123 39 18 AT
3022 4121 138 20 CURRENT
3173 4121 103 19 RATES.

2886 4161 37 19 W.
2944 4159 162 22 HENSHAW,
3125 4158 116 23 Manager.
