3289 4298
86 110 36 41 IN
131 105 148 42 ANCIENT
296 104 215 42 MAORILAND.

85 192 66 18 .Notes
167 191 111 14 collected
301 191 53 13 from
371 187 43 17 Tiie
428 191 70 13 descex

111 216 60 14 HANTS
187 215 24 13 OF
221 214 40 14 THE
269 214 125 13 AJIORIGIXAL
403 214 76 13 PEOM-K
491 214 7 12 O

108 240 39 13 Tiriv
153 235 15 16 R
170 237 106 14 AXGITAIKI
279 233 84 17 YaXLEY
367 237 24 12 A?,
392 232 2 21 T
395 237 13 12 D
414 232 84 18 THEUItE

108 263 29 13 VIC
139 263 11 12 It
153 263 11 11 A
171 258 102 18 COUXTItY,
280 260 42 13 AXI)
329 260 54 13 FKOJr
392 259 41 13 THE
442 255 56 17 MaTA

107 285 52 14 atua
167 280 78 17 Tribes.

185 311 30 17 By
224 310 104 17 ELSDOX
338 309 67 18 BEST.

106 367 4 24 (
116 371 47 17 riven
170 369 26 22 by
205 369 91 17 members
305 369 20 16 of
333 369 32 16 the
371 367 127 22 Ngati-Mana

85 401 31 14 \va,
135 391 144 24 Xguti-Whare,
299 391 70 20 Tuhoo,
391 390 107 23 Ngati-Apa

83 416 118 23 Xgati-Awa,
222 414 149 23 Ngati-Hamua
393 413 37 17 and
450 414 48 16 Patu

83 440 70 19 lieuiicu
161 438 68 18 Tribes.

98 512 121 17 JvOHIKOIIIA
230 512 41 13 X'C.A
285 511 115 13 MAR.VMARA
412 511 11 12 O
437 506 61 18 MATA

125 593 117 19 CHAPTER
259 593 45 16 VII.
307 592 155 22 —(Continued.)

82 644 55 17 WARS
151 644 23 13 OF
187 643 41 13 TIIE
244 639 48 16 Mat
293 643 12 12 A
308 642 53 13 ATUA
374 642 42 12 AND
430 639 68 16 Ali.VftV

249 662 80 17 Tribes.

105 697 50 18 Soon
163 694 52 19 after
226 693 33 19 tlio
270 692 108 25 departure
389 693 20 18 of
419 692 28 19 To
455 692 33 19 Ara-

82 731 27 12 ,va
118 724 30 18 for
156 720 53 19 their
219 720 76 18 distant
302 720 77 21 .homes,
391 719 33 18 the
433 719 52 19 Tnma-

82 750 111 20 ];ai-nioana
214 746 55 23 liapu
294 745 22 18 of
336 744 162 25 Mauugapoliatu

82 774 73 22 jiviived
165 776 20 15 at
195 771 131 19 Kuatahima.
342 771 46 17 And
398 771 34 17 the
442 771 56 19 chiefs

82 804 18 17 of
120 798 190 21 Tauia-kai-inoaiia
329 802 50 12 w«re
400 803 66 17 angry
485 800 13 15 at

82 833 53 21 peace
146 826 61 23 being
216 823 65 18 made.
309 821 41 19 ]sut
360 821 34 19 the
403 823 65 17 chiefs
485 823 13 18 oi

80 852 118 22 ]{uatahuna
207 849 49 22 said,
290 847 31 19 Do
331 851 35 14 not
379 854 75 18 pursue
471 849 27 18 tlie

80 882 68 17 Aiawa
157 878 31 17 for
198 881 59 19 peace
266 874 17 18 is
293 873 60 19 made
360 874 50 18 linn,
425 874 73 19 should

80 912 35 13 vou
124 902 83 24 trample
217 906 53 19 upon
281 899 41 19 this
339 899 159 25 peace-making,

80 938 34 12 vou
123 929 39 19 will
174 929 24 17 bo
209 926 101 19 delivered
327 926 42 17 into
388 926 34 17 the
437 926 61 19 hands

79 960 17 17 of
106 950 3 27 t
115 958 21 18 lie
269 951 27 19 So
311 950 44 19 said
370 951 35 18 tho
420 957 46 12 men
482 953 16 18 of

78 981 123 23 liuatahuna,
212 979 34 18 the
254 984 45 12 men
308 978 22 17 of
337 976 161 25 Ngai-Tawhaki

78 1009 35 20 and
122 1008 20 18 of
151 1005 118 20 Koiuairira.
298 1002 57 19 Then
373 1003 77 23 replied
468 1004 30 18 the

77 1035 56 20 chiefs
142 1033 21 18 of
181 1029 169 25 Maungapohatu
358 1028 4 27 :
461 1030 37 18 will

77 1063 31 18 jiot
114 1058 73 21 remain
193 1058 52 21 here,
252 1063 29 11 we
289 1054 110 19 willattack
407 1055 33 18 the
448 1054 38 19 Ara-

161 1084 42 18 The
226 1080 121 20 huataliuna
365 1080 64 19 chiefs
447 1080 51 25 said,

79 1116 9 9 '•
97 1107 103 29 Begone.!''
214 1108 47 19 And
268 1108 34 18 the
309 1107 189 19 Taina-kai-iuoana

76 1142 51 17 veut.
155 1138 25 16 So
189 1134 49 25 they
247 1132 97 20 travelled
355 1140 25 10 on
391 1132 40 18 and
442 1139 45 12 over-

76 1165 41 19 took
139 1162 33 19 tho
192 1162 74 18 Arawa
291 1162 21 16 at
334 1159 28 18 To
389 1158 109 19 Whatu-o-

76 1188 90 23 Mawake.
195 1187 55 18 Then
262 1185 34 19 tlio
306 1188 40 15 two
353 1184 63 19 tribes
423 1185 75 24 fougliit

76 1216 35 21 and
120 1215 31 19 the
161 1212 194 20 Tama-kai-moana
363 1210 36 18 fell
409 1217 26 11 on
452 1210 46 20 that

78 1240 115 22 imttle'field.
221 1238 47 18 And
278 1237 35 19 tho
324 1235 65 20 oraclo
398 1238 21 16 of
429 1236 68 25 Ilapo,

75 1270 29 19 die
113 1269 14 17 A
130 1273 39 12 raw
172 1271 12 12 a
193 1265 98 24 tohunga,
302 1263 61 24 given
374 1264 21 16 at
405 1263 33 17 the
454 1263 43 18 kin*

75 1296 50 19 (Hi,in-
134 1293 20 18 of
163 1292 34 18 the
207 1290 69 20 sacred
286 1290 42 21 lire,
337 1294 41 13 was
384 1288 113 19 fulliileil—

75 1326 10 7 *•
93 1322 29 18 Ko
130 1321 19 16 to
158 1318 35 18 I'ivi
204 1317 33 18 kei
247 1322 48 12 luua
305 1315 6 18 i
323 1321 11 12 a
349 1317 56 16 tatou
441 1314 55 20 Yes.!

74 1348 36 19 The
120 1344 51 21 word
181 1343 21 19 of
215 1343 35 19 the
268 1342 63 24 priest
346 1347 40 12 was
402 1340 94 19 fulfilled.

73 1374 45 18 War
125 1372 32 23 lay
168 1375 65 13 across
244 1368 53 18 their
308 1367 47 24 path
365 1367 40 18 and
422 1367 60 18 Tama-

73 1400 108 19 kai-uioana
190 1395 40 19 had
242 1394 62 18 fidlen
320 1400 26 11 un
361 1393 33 18 the
409 1393 48 19 lielu
475 1394 22 18 of

73 1425 62 20 battle.

93 1450 51 20 Thus
162 1447 64 19 ended
245 1447 34 19 the
299 1452 50 12 wars
368 1445 81 25 against
468 1445 27 19 Te

73 1479 70 19 Avawa,
155 1474 40 18 and
205 1473 34 19 the
256 1478 90 12 war-axe
363 1478 40 12 was
424 1471 70 19 buried

72 1508 17 14 at-
106 1499 182 22 Puke-kai-kaahu
308 1505 22 12 as
348 1498 16 19 it
383 1498 41 18 had
443 1497 51 20 been

72 1528 61 21 buried
146 1531 19 15 at
175 1527 75 24 Opope.

93 1554 42 20 And
144 1554 78 23 Tionga
233 1551 38 19 had
287 1550 90 22 Mahora,
392 1550 44 18 who
453 1550 39 18 had

71 1581 59 21 Muko,
141 1580 44 18 wlio
199 1577 41 20 had
255 1578 28 18 Te
302 1576 67 22 Kur.u,
389 1576 44 19 who
452 1576 41 19 had

71 1609 33 17 Am
108 1612 29 13 ma
147 1604 90 22 Karaka,
249 1604 45 19 who
308 1603 40 18 liad
364 1602 117 25 Ng-a-raugi-

71 1633 47 23 kaki,
128 1632 44 18 who
182 1630 40 19 had
232 1630 100 19 Heniaiia.

93 1658 41 19 And
150 1658 28 19 Te
193 1656 101 19 Huri-nui
309 1655 40 18 had
368 1654 27 19 Te
414 1654 65 25 Pnngi-

71 1684 77 26 puawhi,
160 1683 44 19 wlio
214 1682 40 19 had
264 1682 28 18 Te
301 1681 72 25 Keepa
382 1681 27 18 Te
427 1680 52 19 Huri-

70 1711 33 19 nui.
115 1710 41 19 who
167 1709 40 19 had
217 1708 77 19 iMaiica.

90 1736 41 19 And
145 1736 27 18 Te
196 1735 99 24 h'angi'pa
315 1732 40 20 liad
371 1733 27 18 To
415 1733 75 21 Ariari,
497 1728 1 34 j

69 1762 37 19 who
127 1762 39 19 liad
189 1760 170 22 Tama-i-kowlm,
386 1759 43 19 who
451 1759 38 19 had

69 1788 86 21 l'iliitahi,
168 1788 43 18 who
222 1786 40 19 had
272 1786 67 18 Miria.

90 1814 40 19 And
141 1814 55 19 Uhia
206 1812 40 20 had
255 1811 86 23 Mereki,
353 1811 44 19 who
410 1811 42 19 had
463 1811 27 19 Te

69 1840 47 19 Wini
127 1840 114 25 o-Tiopera,
261 1838 43 19 who
321 1837 41 20 had
379 1837 110 24 Mahirata,

69 1866 37 19 who
115 1866 37 19 Jiad
163 1866 56 19 Uhia,
228 1871 22 13 ir.

90 1892 34 19 Hut
135 1892 28 18 To
174 1891 151 19 Whare-kotua
335 1890 39 19 liad
387 1896 25 12 110
428 1890 60 18 issue,

69 1918 67 20 ihouf-h
149 1918 58 19 other
215 1917 89 19 families
314 1917 51 18 have
377 1916 61 19 taken
455 1916 34 19 the
497 1916 1 27 ;

68 1952 55 12 mime.

178 1993 120 18 CHAPTER
305 1992 58 17 Till.

78 2041 140 17 IXTEIt-TEII'.AL
229 2039 92 18 WAJIS.—
323 2038 44 18 TjIK
383 2039 95 17 AkHITAL
497 2038 1 20 i

191 2068 24 12 or
228 2063 123 17 Mataatua.

113 2095 31 23 (As
159 2095 56 22 given
223 2094 26 21 by
257 2092 174 24 Nguti-Manawa.)

87 2126 37 19 The
147 2127 107 18 Matantua
280 2131 61 13 c-uioe
367 2124 73 19 landed
468 2129 20 14 at

68 2153 177 24 Wlianga-paraoa.
283 2152 42 17 The
346 2157 43 12 tnen
408 2151 21 18 of
447 2152 30 17 dis-

68 2179 71 19 tinction
162 2185 25 12 on
208 2178 62 18 board
292 2179 43 17 that
355 2177 62 18 vessel
436 2184 52 12 were

68 2206 58 21 Toroa,
150 2204 60 22 Puhi,
235 2204 120 22 Tane-atui;,
369 2202 55 19 Talca
447 2204 40 18 and
497 2202 1 25 j

68 2231 71 23 Whare,
162 2230 48 19 with
341 2230 33 17 the
391 2229 60 19 eister
468 2230 21 18 of

68 2257 59 19 Toroa.
170 2256 28 19 On
228 2256 85 24 landing
339 2254 56 19 these
416 2256 72 25 people
497 2251 1 30 j

69 2282 173 26 separated—Puhi
269 2282 39 18 and
335 2281 77 18 AVharn
439 2282 47 18 with

69 2309 42 18 their
120 2309 69 25 people
201 2310 52 17 went
264 2312 19 14 to
294 2308 34 18 the
336 2307 66 19 north.
431 2308 57 18 Taka
497 2307 1 27 I

68 2338 43 15 went
120 2335 26 24 by
156 2341 42 18 way
210 2334 20 19 of
250 2332 4 30 i
262 2341 53 18 aupo
335 2333 40 19 and
393 2334 94 24 perished
497 2332 1 30 J

68 2365 15 14 at
92 2362 30 17 the
131 2361 48 18 bas-.-
188 2361 20 18 of
218 2360 117 22 Tone;n.riro.
374 2360 42 18 The
433 2367 55 12 coin-
497 2356 1 26 !

68 2393 43 19 puny
122 2387 41 18 who
176 2390 52 16 went
246 2386 48 19 with
315 2386 40 20 him
376 2386 111 20 numbered

68 2420 29 11 ni.f
107 2413 88 19 hundred
210 2413 38 19 and
266 2413 54 24 forty
337 2413 37 19 but
393 2412 47 25 they
461 2413 25 18 all
497 2412 1 25 ,

68 2439 80 25 perished
156 2439 19 18 in
184 2439 34 19 the
224 2446 66 12 snows
296 2439 22 19 of
325 2439 117 23 Tougariro,
452 2443 36 15 not

106 2465 86 25 escaped.
212 2465 42 19 The
265 2472 25 12 on
300 2472 13 17 y
324 2465 101 19 survivors
436 2472 50 11 were

68 2491 24 19 his
101 2491 46 24 dogs
158 2491 65 19 which
234 2498 34 12 are
278 2491 40 19 still
330 2494 21 16 at
361 2491 44 19 that
422 2491 63 24 place.

68 2517 33 19 But
109 2517 61 18 Toroa
178 2517 39 19 and
224 2517 93 19 Muriwai
326 2517 39 19 and
372 2518 115 18 Tans-atua
497 2517 1 23 j

68 2546 43 15 went,
120 2546 19 15 to
149 2543 130 19 Whakatane
290 2543 38 19 and
340 2543 56 19 there
406 2543 80 19 settled,
497 2543 1 25 j

87 2569 54 19 From
164 2569 64 19 Toroa
247 2569 111 19 descended
382 2569 104 23 Wairaka,
497 2569 1 23 i

67 2595 257 21 Tamateo-ki-tediua-tahi,
332 2595 153 24 Tuhoe-po'iki,
497 2595 1 30 |

68 2621 126 25 ]{augi-ahua,
209 2621 172 25 Uruhald-rangi,
398 2621 87 19 TJho-te-
497 2621 1 25 j

67 2647 47 25 ariki,
125 2647 115 23 Tu-kalma,
255 2647 109 22 Tu-maihi,
381 2647 30 19 Tu
424 2647 61 20 niaka
497 2647 1 25 |

68 2673 106 23 Tara-whai,
194 2673 27 19 Te
241 2673 157 20 Ahialii-o-Tau.
414 2674 72 19 Tu-ta-
497 2673 1 23 i

67 2698 126 26 liungaki.ao,
210 2700 162 24 Eangi-maniao.
395 2700 81 19 Tai-ara-

68 2725 29 23 hia,
118 2726 217 22 Te-Whaka-a-Tana,
357 2726 67 22 Kalia,
444 2726 43 18 Tu-
497 2725 1 23 1

68 2757 73 15 rere-au,
153 2752 127 24 Itangiainio.
290 2752 54 18 Itewi
358 2752 127 24 ltangiamio,
497 2751 1 25 |

67 2776 63 25 Tlaare,
141 2778 69 19 Haare
219 2778 82 24 liaupa-

101 2827 42 17 The
151 2827 78 18 Second
239 2827 54 17 Fat.i.
302 2831 24 13 oe
335 2827 103 18 Oputaua.

175 2858 65 23 (From
257 2858 112 24 Ngatiapn.)

87 2887 43 19 This
139 2888 17 18 is
165 2887 35 19 the
210 2891 55 21 story
275 2888 21 18 of
304 2887 35 19 tho
349 2887 37 19 fall
396 2887 20 19 of
425 2894 12 13 a
443 2894 43 12 eer-
496 2887 2 25 |

69 2913 30 19 tain
109 2921 24 17 pa
143 2914 21 18 of
174 2914 74 18 former
257 2914 60 19 times
335 2914 35 18 the
388 2920 58 12 name
466 2915 21 18 of

68 2939 53 19 which
143 2946 41 13 was
208 2940 98 24 Opntara.
342 2941 10 15 'I
360 2940 24 18 ho
406 2940 81 19 trouble

68 2966 112 19 commenced
198 2968 21 17 at
248 2965 160 20 Kakara-htmui
428 2966 57 19 when

68 2990 130 25 Xgai-Tawka
221 2994 53 16 went
299 2994 21 16 to
337 2992 72 24 gather
426 2992 59 18 titoki

68 3015 62 22 hemes
142 3018 39 18 and
191 3024 52 12 v.'ere
257 3017 93 19 attacked
367 3017 28 23 by
410 3017 76 25 Ngati-

68 3042 34 25 Apa
111 3044 42 18 who
162 3044 64 18 killed
235 3043 80 21 Pakau.
348 3044 70 18 While
438 3044 47 24 they

68 3074 40 14 were
116 3070 87 25 lighting
212 3070 28 18 Te
250 3070 42 18 Hui
309 3069 60 24 cried,
442 3070 29 18 Tu
479 3070 6 19 1

68 3095 71 24 Papatia
149 3099 19 15 te
262 3096 48 20 (Hit
320 3096 54 18 them
386 3096 47 18 witii
451 3096 35 18 tho

68 3126 38 18 open
116 3122 58 22 hand,
185 3122 39 22 i.e.,
236 3121 63 19 strike
315 3122 73 25 lightly
405 3122 25 18 do
450 3125 36 16 not

68 3144 27 20 kill
102 3147 70 25 them.)
201 3147 46 19 And
254 3148 73 19 Tarera
334 3148 50 20 said,
420 3148 66 19 Wlia-
496 3143 1 29 '

68 3172 38 19 wliai
118 3180 49 12 raua
181 3174 42 18 talii
242 3173 34 19 kia
413 3175 72 18 Pakau

69 3197 24 19 fell
109 3200 61 18 there.
210 3200 125 19 Afterwards
353 3200 69 25 Tapoa
445 3207 41 11 was
496 3197 1 28 1

69 3223 38 20 f-lain
118 3228 19 16 at
147 3226 183 25 Jiatangi-a-here.
358 3226 42 18 The
410 3233 44 12 men
466 3227 19 17 in
496 3223 2 28 |

69 3249 25 19 the
102 3251 60 19 house
171 3252 58 19 when
240 3251 70 26 Tapoa
317 3258 40 13 was
363 3251 63 19 killed
434 3259 51 12 were

70 3274 78 26 '•lukuha,
179 3277 129 23 Eangitukia
338 3277 41 19 and
410 3279 75 24 Tapoa.
495 3274 3 29 j

90 3304 33 18 lien
133 3304 34 18 tho
177 3304 66 18 attack
255 3304 46 18 took
319 3304 62 25 place,
400 3304 86 19 Tukuha

69 3328 72 21 climbed
149 3336 27 18 up
191 3333 21 16 to
231 3330 34 19 the
282 3329 112 20 whatitoka
412 3331 21 18 of
452 3330 35 19 the

70 3353 53 21 whare
130 3352 40 22 and
180 3355 129 26 Eangitukia
318 3355 69 25 placed
403 3356 84 19 himself

71 3378 18 24 hy
97 3380 30 20 the
143 3385 49 21 puta
209 3382 67 19 auahi.
311 3382 68 19 When
395 3382 33 19 the
445 3389 42 12 war

70 3409 45 21 party
124 3408 93 19 collected
227 3408 20 18 in
256 3408 34 19 the
300 3409 69 19 house,
379 3408 35 19 the
430 3408 56 24 l'ugi-
497 3408 1 24 i

71 3435 38 16 lives
118 3434 87 26 dropped
215 3434 58 19 down
289 3435 40 18 and
338 3434 83 25 escaped
441 3439 46 14 out-
497 3434 1 26 j

71 3456 30 21 side
118 3460 35 18 hut
171 3460 69 25 Tapoa
259 3467 40 12 was
317 3460 74 24 caught
413 3460 72 19 inside,
497 3456 1 29 i

71 3485 110 24 Eangitukia
189 3486 39 19 and
238 3486 87 19 Tukuha
336 3493 12 11 w
354 3493 32 12 ere
398 3486 87 24 pursued
497 3485 1 25 ]

71 3510 28 18 •ind
107 3512 98 24 managed
220 3515 21 16 to
257 3518 70 18 escape
346 3512 27 24 by
391 3512 96 24 jumping

71 3540 33 14 ever
111 3538 31 18 the
152 3538 48 19 cliff.
227 3538 57 24 They
294 3542 54 15 went
358 3542 19 14 to
397 3538 89 19 Pou-tu-
497 3531 1 33 j

71 3559 28 21 kua
116 3564 65 18 where
201 3564 89 19 Tukuha
309 3564 80 18 advised
407 3564 78 20 Punu'i-
497 3559 1 25 I

72 3587 43 21 tukia
127 3592 19 16 to
156 3597 25 16 go
191 3590 40 19 and
250 3597 91 12 summon
365 3590 34 18 the
416 3590 71 18 Tubne
497 3587 1 26 \

71 3613 38 20 tribe
128 3616 63 19 whieh
217 3616 70 21 Bangi
314 3616 41 19 did,
378 3616 63 18 travel
451 3616 37 25 ing

67 3639 1 28 I
72 3640 71 25 'piickly.
171 3643 56 23 They
246 3642 100 25 arranged
363 3649 11 11 a
393 3648 42 17 way
456 3643 31 17 for

67 3665 1 35 j
74 3666 77 20 iuhoeto
162 3668 88 19 advance
261 3675 24 11 on
297 3668 89 24 Opntara
396 3668 26 23 by
442 3674 43 17 way

67 3693 1 30 |
73 3696 12 13 e;
94 3693 29 19 the
133 3694 217 19 Pae-whakataratara
363 3694 30 18 Tin
398 3700 38 19 age
446 3693 40 19 and

67 3712 1 28 I
72 3723 32 17 past
111 3721 26 17 To
147 3719 258 20 Pewa-a-Te-Wini-rehe.
440 3719 44 19 The

73 3747 34 17 taua
115 3747 19 17 of
147 3746 70 19 Tuhoe
236 3745 111 20 descended
363 3746 33 18 the
415 3752 70 16 range,

72 3771 62 19 crossed
143 3773 34 18 the
187 3772 65 24 valley
263 3776 46 21 past
325 3771 105 19 Kolcotahi
444 3771 40 19 and

73 3798 109 23 approached
192 3799 91 24 Oputara
292 3804 26 19 pa
332 3798 51 18 from
400 3797 35 19 the
452 3801 35 21 top

73 3823 13 16 °f
93 3823 29 19 tho
130 3824 35 19 hill
177 3825 63 19 above
249 3825 33 18 tho
295 3823 114 20 Whirinaki
421 3823 60 19 river.

73 3845 43 24 From
146 3854 57 15 there
233 3851 48 23 they
312 3849 110 20 descended
453 3849 34 18 the

73 3877 40 22 Keep
122 3882 46 19 spur
178 3883 25 12 on
217 3876 65 19 which
295 3876 91 24 Oputaru
403 3882 26 18 pa
445 3881 41 12 was

73 3898 69 23 situated
156 3902 74 26 (where
241 3903 34 18 the
287 3902 64 24 iieavy
362 3900 125 20 earthworks

103 3928 35 18 still
149 3933 19 14 to
180 3928 25 19 bo
215 3930 65 23 seen),
293 3928 39 19 and
346 3927 92 19 attacked
452 3926 35 19 tho

73 3949 123 26 H'lii-Tawha
206 3956 20 18 iri
238 3954 33 19 the
279 3961 33 18 put.
329 3954 40 18 The
380 3953 107 18 defenders

73 3976 57 27 flight
140 3981 46 19 with
196 3981 33 18 the
238 3980 63 20 huata
310 3980 63 19 which
382 3979 47 24 they
437 3978 50 19 used

73 4008 14 12 115
94 4011 9 11 a
112 4005 83 25 bayonet
205 4007 16 18 is
232 4006 55 23 used,
298 4006 95 24 spearing
405 4005 35 19 tiio
456 4004 21 18 in-

73 4029 55 21 vaders
138 4039 22 12 as
167 4033 47 24 they
224 4032 115 19 clambered
350 4038 26 18 up
388 4031 33 19 the
438 4030 47 19 mai-

116 4059 51 24 They
179 4059 41 18 also
231 4058 47 19 used
290 4060 33 16 the
332 4061 45 18 Lote,
388 4057 33 18 the
431 4055 53 19 head

93 4083 56 20 which
159 4084 72 20 breaks
238 4085 28 18 off
275 4091 24 11 on
308 4083 92 24 entering
407 4088 11 12 a
426 4081 60 24 body,

73 4108 5 15 l
80 4109 67 24 'cjether
166 4111 47 20 with
233 4111 58 18 other
311 4115 99 19 weapons
447 4107 41 21 Put

538 106 34 17 tlio
581 106 143 23 Ngai-Tawha
734 112 51 12 were
938 109 29 19 do.

507 129 3 25 '
538 129 67 19 feated
616 130 26 24 by
654 129 35 19 the
705 131 59 19 fierce
781 132 69 20 Tulioo
870 134 40 18 and
929 134 38 20 fled

538 155 57 19 down
606 155 33 18 the
649 161 49 18 spur
708 158 20 16 to
737 157 35 18 tho
781 157 67 25 plains
859 159 21 18 of
896 159 57 21 Kuba-

507 192 7 8 •_
538 180 167 20 waoa.Thus
724 182 35 19 the
777 183 91 25 Oputara
886 186 81 20 fortress

507 214 8 13 r
537 206 35 19 fell
582 206 40 19 and
632 206 49 19 thus
692 213 51 14 were
754 208 94 20 defeated
857 210 35 19 the
902 211 52 26 Ngai-

538 239 7 9 i
552 232 62 19 awha.
653 232 52 19 Isow
728 235 59 18 when
815 235 88 20 Tukuha
929 239 38 18 and

507 265 5 3 -
535 257 127 25 Uangitukia
684 260 85 24 escaped
788 261 59 19 down
866 262 35 19 the
921 269 46 19 spur

536 283 39 18 and
584 282 37 19 fell
631 289 22 12 or
661 283 86 26 jumped
756 291 48 14 over
814 287 34 18 the
863 288 42 19 cliff
926 289 41 19 into

534 308 35 19 the
580 308 118 20 Whirinaki
715 310 54 19 river
785 312 45 20 that
848 314 57 24 place
926 321 41 13 was

534 334 63 19 called
607 334 155 27 Takatakanga.

559 361 47 18 And
616 361 21 18 in
647 361 53 18 after
708 368 60 17 years
778 365 16 16 it
803 363 106 26 happened
922 367 45 19 that

507 385 3 31 ~
534 385 90 24 TJnuhia,
645 394 11 11 a
675 386 54 20 chief
748 388 21 18 of
786 388 178 28 Ngati-Manawa,

507 411 3 28 -
534 411 44 19 who
587 418 40 13 was
637 419 25 12 on
674 419 10 11 a
694 413 49 19 visit
752 416 21 16 to
782 415 100 24 Hauraki,
895 418 49 19 stole
955 425 11 12 a

533 437 43 18 toki
595 437 111 26 belonging
726 441 19 17 to
764 440 35 18 tho
822 441 143 26 Ngati-Maru.

532 463 46 19 And
588 464 34 18 the
634 464 135 24 Ngati-Maru
782 467 35 17 170
828 470 49 22 topu
894 472 71 23 strong

533 489 93 19 marched
635 489 65 19 under
717 490 78 24 Taraia,
814 493 91 20 Ifauhihi
925 497 41 18 and

531 514 28 19 To
576 515 115 19 Tumuhuia
706 518 20 16 to
747 517 68 19 attack
839 519 33 19 the
889 521 76 24 Ngati-

531 540 99 20 Manawa.
659 541 58 25 They
726 548 52 13 were
793 543 70 26 joined
880 546 28 25 by
926 550 37 16 400

531 568 49 23 topu
592 567 47 23 (800
649 568 54 24 men)
715 568 21 18 of
746 569 69 19 Tuhoe
827 571 64 19 under
898 572 66 21 Paora

530 591 71 25 Kingi,
625 595 61 20 Kuril,
709 594 27 18 'j'e
759 597 52 20 liou,
837 599 26 17 Te
882 598 79 25 I'ueliu,

530 617 85 23 Paerau,
625 620 27 17 To
661 618 143 21 Whenua-uui
812 623 41 18 and
860 623 28 19 To
895 625 55 19 Alioa-

507 643 1 27 -1
530 643 31 19 ho.
596 644 123 19 Meanwhile
735 646 170 24 Ngati-Manawa
922 650 40 20 had

531 669 50 19 built
592 676 11 12 a
613 676 27 19 pa
649 673 22 15 at
680 670 150 27 Takatakanga
838 675 39 18 and
885 675 77 25 having

507 695 1 27 •
529 695 80 25 heavily
618 696 120 19 entrenched
748 697 120 22 themselves
875 703 86 19 awaited

507 721 1 28 ■
517 721 2 28 j
529 722 34 18 the
573 721 80 25 coining
663 726 118 22 war-party.
809 725 42 20 Tho
861 729 49 17 taua
926 735 24 12 en-

507 744 1 29 i
516 744 2 29 |
528 747 83 24 cainpod
622 754 24 12 on
658 748 33 18 the
708 748 140 22 Kuha-Waea
863 753 57 20 plain
938 761 22 12 a-
966 744 1 29 j

527 774 65 18 round
601 774 35 18 the
646 780 33 18 pa.
707 775 46 19 And
768 776 49 19 then
833 778 57 19 there
906 786 36 13 com-

527 799 83 19 menced
620 806 12 11 a
641 799 48 26 long
699 801 72 19 korero
785 809 26 12 oil
827 804 34 19 the
880 805 74 25 subject

527 825 22 17 of
558 825 34 18 the
602 825 65 19 stolen
679 826 49 23 told,
740 827 48 19 with
796 834 60 20 many
863 835 91 20 speeches

527 851 39 18 and
576 851 62 18 awful
647 851 77 20 threats
731 853 40 18 and
779 854 46 25 wily
834 860 120 21 arguments,

526 877 48 18 such
585 883 22 12 as
614 877 37 19 the
661 877 93 20 old-time
771 880 114 21 aboriginal
899 883 55 19 loved

526 902 37 19 full
574 902 75 25 dearly,
661 903 40 19 and
711 904 35 19 the
755 906 40 18 end
811 914 40 12 was
867 909 45 19 that
927 910 18 18 in-

526 928 55 19 stead
595 929 21 18 of
626 929 106 26 attacking
748 931 35 19 the
803 938 25 19 pa
848 935 34 18 the
900 938 54 21 great

524 956 49 17 tana
583 956 108 18 consented
700 959 21 16 to
728 957 60 19 retire
795 961 113 24 peacefully
917 962 37 18 and

524 980 35 19 the
568 981 39 18 List
615 987 46 12 seen
669 982 21 18 of
698 982 136 24 Ngati-Maru
842 992 40 13 was
889 994 12 11 a
908 987 46 26 long

524 1006 113 24 procession
647 1008 23 17 of
680 1009 92 18 warriors
783 1012 105 25 marching
898 1013 56 19 down

524 1032 33 19 the
572 1032 81 19 historic
662 1034 67 24 valley
747 1035 21 18 of
783 1036 35 19 the
837 1037 117 27 Rangitaiki

522 1065 26 11 on
558 1058 53 19 their
622 1065 43 18 way
675 1063 20 15 to
705 1060 28 19 Te
743 1062 51 19 Awa
803 1066 105 17 o'te-atua.

548 1087 27 16 As
584 1085 32 18 for
626 1085 68 25 'iapoa
705 1086 45 19 who
760 1093 41 14 was
818 1089 50 20 slain
880 1095 19 14 at
910 1091 30 19 Ma-

521 1110 140 25 tangi-a-here
672 1112 56 18 there
739 1119 34 12 are
791 1121 60 13 seven
869 1123 73 17 genera-

521 1136 53 19 tions
583 1137 22 18 of
615 1143 45 13 men
677 1138 52 18 from
745 1138 42 20 Lim
801 1142 57 19 down
909 1149 30 13 mv-

520 1162 45 18 self.
931 1154 8 13 J

549 1188 63 20 lhere
636 1194 41 13 was
700 1196 12 12 a
734 1192 77 19 certaiu
836 1200 78 13 woman
934 1195 20 18 of

520 1213 120 26 Ngati-Apa
647 1215 65 25 living
719 1216 47 19 with
774 1218 34 19 the
816 1219 70 20 Tuhoe
893 1221 59 23 tribe,

520 1240 40 18 and
571 1241 66 18 whose
647 1247 60 13 name
716 1243 150 21 wasPare-uia.
886 1247 66 18 AVlien

520 1265 36 19 her
566 1266 53 18 child
631 1273 39 12 was
681 1267 50 19 born
741 1269 69 20 Tuhoe
820 1272 78 19 desired
908 1273 44 18 that

520 1292 34 18 the
571 1291 132 21 descendants
721 1295 22 17 of
761 1297 103 24 Apa-koki
880 1299 73 18 should

519 1324 33 13 see
562 1317 53 20 their
623 1319 96 23 youthful
730 1321 102 21 kinsman.
869 1324 27 18 So
914 1331 25 12 mo-

519 1344 45 18 ther
574 1344 39 18 uLd
627 1350 36 13 son
675 1351 51 13 were
736 1347 122 25 despatched
869 1353 20 15 to
899 1350 53 19 their

519 1370 52 19 tribe
580 1370 38 18 but
627 1377 50 12 were
686 1373 106 19 murdered
801 1375 24 23 by
834 1375 34 19 the
876 1376 76 25 Ngati-

518 1396 104 24 Manauga
633 1399 20 16 at
665 1397 26 18 JLo
730 1398 57 20 haiti.
822 1401 41 19 The
881 1402 71 20 Xmlioc

517 1422 33 18 did
562 1425 35 15 not
614 1422 59 19 know
688 1423 45 20 who
754 1425 40 19 had
813 1426 63 20 killed
895 1428 55 19 them

517 1448 57 19 until,
595 1451 21 15 at
635 1449 34 18 the
687 1450 37 19 fall
744 1451 22 18 of
786 1452 95 25 Oputara,
903 1455 48 23 (lit-.v

507 1474 1 33 |
515 1474 65 18 found
590 1474 35 18 the
634 1479 104 19 garments
757 1477 21 19 of
794 1479 34 18 the
844 1480 106 19 murdered

507 1497 1 33 ]
516 1500 60 18 twain
594 1500 20 18 in
631 1502 44 17 that
690 1502 64 24 place.
787 1505 45 18 And
852 1505 48 25 they
917 1513 33 12 en-

507 1526 1 30 I
515 1526 72 24 quired
613 1526 21 18 of
653 1528 33 18 the
704 1530 102 19 survivors
825 1531 21 18 of
864 1532 35 18 the
917 1538 31 18 pa,

507 1552 1 28 .
517 1552 80 19 "l'rom
611 1552 64 20 whom
694 1554 34 19 did
747 1562 40 18 you
805 1556 69 20 obtain
893 1559 55 18 these

507 1578 1 31 |
660 1580 45 19 And
715 1580 35 19 the
765 1583 83 18 morehu
863 1584 84 25 replied,

507 1604 1 28 j
517 1607 10 7 •'
539 1604 58 19 From
613 1604 203 28 Ngati-Mahanga.''
837 1610 55 19 Then
909 1617 41 12 was

507 1630 1 31 j
515 1631 15 17 it
540 1630 73 19 known
625 1632 44 18 that
682 1632 99 21 Pare-uia
794 1635 39 19 and
847 1636 35 18 her
894 1636 53 19 child

507 1656 1 28 I
512 1656 42 18 had
565 1657 62 18 fallen
640 1658 27 24 by
676 1657 35 19 the
722 1658 65 20 hands
797 1661 21 18 of
827 1661 45 19 that
888 1662 59 22 tribe,

507 1683 1 28 |
724 1685 162 26 whakarerekai,
893 1688 41 19 wha-

514 1708 71 20 karere
596 1709 71 19 vvalca.'
673 1708 2 25 1
704 1711 57 19 Then
773 1719 51 12 were
843 1714 34 18 the
897 1714 51 19 Sons

514 1735 20 18 of
544 1735 146 25 Tuhoe-potiki
701 1737 51 19 dark
773 1738 20 19 in
812 1740 52 18 their
881 1740 67 19 hearts

513 1761 39 18 and
563 1761 48 24 they
620 1768 57 12 arose
684 1763 38 18 and
732 1764 93 20 attacked
831 1765 34 19 the
874 1765 62 26 Ngnti

515 1787 105 25 Mahanga
631 1791 20 15 at
658 1790 30 17 To
699 1788 114 27 Ilauminga
822 1798 26 18 pa
858 1798 49 12 near
919 1791 28 20 Te

513 1813 147 20 Whaiti—and
694 1814 18 18 N
715 1816 159 27 gati-Maha.nga
904 1818 41 18 fell.

512 1839 42 18 The
564 1839 102 20 survivors
679 1840 40 20 fled
736 1844 21 16 to
777 1842 124 20 Matua-talu
921 1850 23 18 pa

513 1865 65 19 where
588 1865 48 25 they
647 1873 51 12 were
716 1868 61 23 again
795 1869 93 19 attacked
906 1871 39 17 and

512 1891 99 19 defeated.
639 1892 57 19 Then
714 1893 33 19 (lie
763 1899 93 15 remnant
871 1895 39 19 fled
928 1899 18 15 to

514 1918 17 17 \\
541 1917 138 20 liare-oneone
690 1919 39 19 and
740 1920 57 20 there
809 1921 54 19 lived
881 1921 65 19 under

512 1944 33 17 the
556 1950 60 13 maim
626 1945 20 18 of
657 1945 124 26 Ngati-Apa.

1243 50 57 20 THE
1327 52 59 20 HOT
1412 55 93 20 LAKES
1534 54 171 29 CHRONICLE,
1733 60 189 23 WEDNESDAY,
1951 62 105 20 MARCH
2084 66 31 17 25,
2133 66 49 17 189G

536 1995 28 16 'lt
574 1995 14 17 is
598 1995 39 17 said
646 1995 26 23 by
686 2002 35 11 our
734 1997 33 17 old
783 2003 43 11 men
843 1999 43 16 that
900 1999 46 22 long

510 2023 64 17 spears
583 2024 47 11 wore
638 2018 67 18 lashed
714 2020 94 21 together,
818 2021 37 17 iiml
862 2021 84 18 bunclios

510 2042 21 16 of
540 2041 52 17 dried
601 2042 40 16 fern
651 2042 38 17 tied
698 2048 23 12 on
731 2043 33 17 the
773 2044 37 16 end
818 2044 38 17 und
864 2044 80 23 lighted,

510 2064 37 17 mid
556 2065 43 16 that
607 2065 46 22 flory
663 2065 52 18 darts
724 2065 58 24 (poro)
795 2073 48 11 were
857 2070 39 15 east
904 2068 41 17 into

510 2087 32 17 the
550 2087 23 27 p.-1
583 2087 26 20 by
629 2094 62 11 means
709 2090 20 16 of
746 2090 32 17 the
795 2090 42 17 bow
854 2090 89 24 (whaini).

509 2110 51 17 Thus
569 2110 32 17 the
610 2111 72 17 wharos
691 2117 48 12 wore
745 2112 46 17 fired
797 2114 37 16 and
843 2111 31 20 the
881 2114 64 17 smolco

509 2133 36 17 and
555 2134 65 17 flanios
628 2140 46 12 soon
683 2134 57 19 drove
750 2136 31 17 the
797 2136 98 18 defenders
912 2139 33 15 out

510 2157 20 17 of
538 2157 33 17 the
585 2162 30 18 pa.

630 2188 33 22 [To
675 2194 22 12 JIB
710 2195 98 11 C»JTIVIJFJS

531 2237 100 17 THRICE
641 2237 23 17 TS
674 2238 36 16 1-IE
720 2239 92 17 ARMED

557 2260 60 18 WI-IO
627 2260 50 18 HAS
686 2261 45 21 lI.IS
741 2262 122 19 QUARREL
877 2263 66 18 JUST.

512 2306 136 18 CLEMENTS
660 2307 83 18 TOXIC.

533 2329 52 18 THE
613 2330 106 17 WORLDS
732 2331 85 18 GREAT
835 2332 93 18 RESTOR-

512 2353 76 16 ATIVE
601 2354 50 15 HAS
669 2354 87 18 CURED
773 2355 74 18 MORE
868 2356 77 17 CASES

510 2376 32 17 OF
576 2376 178 19 INDIGESTION.
784 2378 159 21 NEURALGIA,

510 2399 146 21 WEAKNESS,
682 2401 133 19 DEBILITY,
833 2402 108 18 DROPSY.

512 2423 12 16 H
529 2423 99 22 I'TOUT'S
653 2423 115 22 DISEASE,
790 2425 53 17 AND
865 2425 80 17 LIVER
953 2423 1 22 I

510 2446 151 17 COMPLAINT
684 2447 72 18 THAN
777 2448 50 17 ALL
856 2448 87 17 OTHER

509 2469 146 18 MEDICINES
665 2470 50 18 PUT
728 2470 144 19 TOGETHER.

533 2516 19 16 If
564 2521 37 17 you
610 2522 31 10 are
650 2516 37 17 sioV
696 2516 38 17 and
741 2517 57 18 value
805 2524 47 15 your
859 2518 39 18 life,
914 2518 20 17 in-

509 2539 33 16 sist
559 2545 24 11 on
588 2539 73 23 having
672 2539 95 18 Clements
788 2541 63 20 Tonic,
865 2542 38 16 and
920 2547 24 11 no

508 2562 102 17 substitute
627 2569 20 10 or
656 2568 38 17 you
703 2563 38 17 will
748 2564 23 17 be
780 2564 118 23 disappointe
903 2564 14 17 V

615 2609 69 17 READ
691 2609 62 18 THIS
767 2610 69 20 CASE,

508 2641 40 16 Mrs
566 2640 61 17 Annie
649 2641 73 21 Lovett,
745 2642 196 17 Manchester-street.

508 2663 140 21 Christehurr.h,
660 2663 54 25 N.Z.,
732 2665 42 16 who
783 2665 63 17 writes
855 2671 24 11 oil
890 2665 54 23 April

510 2686 49 21 18th,
571 2687 184 19 IS!).'?:—-Abouttwo
764 2693 54 17 years
832 2695 36 15 ago
884 2689 9 16 I
911 2695 20 10 re-

508 2710 64 17 ceived
588 2716 11 10 it
606 2711 54 21 groat
669 2710 45 18 shoe
719 2717 5 10 ?
734 2712 20 16 to
764 2717 31 15 my
804 2717 66 11 nerves
879 2712 60 16 which

508 2733 85 22 brought
601 2739 24 11 011
638 2733 115 22 palpitation
766 2735 21 16 of
795 2735 32 16 the
836 2734 60 20 heart,
905 2735 38 16 and

508 2756 38 17 laid
555 2762 29 11 me
593 2758 93 20 prostrate
694 2757 20 17 in
722 2757 37 17 bed
773 2758 29 17 for
811 2763 10 11 a
830 2758 71 17 month.
929 2758 9 17 I

508 2780 38 16 had
554 2782 60 14 resort
623 2781 19 16 to
651 2787 12 9 a
672 2780 66 17 doctor
745 2780 36 17 but
788 2780 25 17 lie
821 2780 32 17 did
859 2787 29 10 me
898 2786 45 16 very

508 2803 49 17 little
566 2802 55 23 good,
642 2803 30 17 till
684 2809 45 16 very
747 2804 49 17 little
812 2804 66 19 better;
889 2804 10 17 I
908 2809 23 17 ap-

508 2826 50 22 plied
566 2827 21 16 to
598 2832 11 11 a
618 2826 85 20 chemist,
717 2827 57 22 being
782 2832 45 16 very
844 2827 53 17 weak
905 2827 38 17 and

508 2855 78 11 nervous
597 2849 37 17 and
643 2849 59 22 really
710 2849 23 18 fit
738 2849 30 18 for
773 2856 25 11 no
804 2849 46 18 kind
857 2850 20 17 of
883 2849 57 20 work;

508 2873 9 16 I
525 2872 37 17 had
571 2879 24 10 no
604 2872 54 17 heart
667 2874 19 15 to
697 2872 24 18 do
738 2873 99 22 anything,
853 2873 38 17 and
910 2879 33 16 my

508 2896 32 16 life
561 2902 38 11 was
630 2902 11 10 a
661 2896 73 17 burden
755 2897 19 16 to
797 2902 35 11 me.
875 2896 9 16 I
904 2896 39 17 liad

508 2919 43 16 read
561 2919 59 17 about
629 2919 94 17 Clements
731 2919 64 21 Tonic,
803 2919 38 17 and
849 2925 39 11 was
896 2925 32 17 per-

508 2942 70 17 suaded
595 2943 19 16 to
628 2942 43 21 give
687 2942 16 17 it
711 2949 11 10 a
738 2942 50 17 trial.
815 2943 9 16 1'
842 2943 34 21 got
892 2948 51 12 some

507 2965 38 17 and
554 2965 60 17 found
627 2965 14 17 it
651 2971 38 11 was
706 2966 32 16 the
751 2966 41 16 best
806 2966 55 21 tiling
882 2966 9 16 I
905 2966 37 16 bad

507 2989 57 16 taken
574 2989 29 17 for
612 2994 31 16 my
651 2989 148 21 complaint—in
814 2989 44 20 fact,
875 2989 16 17 it
907 2989 35 17 lias

508 3011 54 18 made
575 3018 29 11 me
618 3011 35 18 feel
667 3013 73 20 strong,
762 3011 73 23 having
850 3013 36 21 put
901 3018 31 10 new-

507 3035 55 21 vigor
577 3035 41 16 into
628 3041 33 13 mo;
681 3035 15 16 it
713 3035 34 17 has
762 3036 75 21 greatly
844 3034 98 22 improved

507 3063 33 17 my
546 3058 89 22 appetite,
646 3058 37 17 and
700 3058 88 17 removed
804 3058 42 17 that
861 3058 69 22 unplea-

507 3083 43 15 sant
559 3081 71 22 feeling
642 3081 21 17 of
671 3081 95 17 weakness
775 3081 167 22 andlauguour.—

507 3104 64 17 Yours
577 3104 57 22 truly,
644 3104 62 17 Annie
718 3104 74 21 Levett,
810 3104 119 17 Maiiohcstor-

507 3129 64 18 street,
581 3128 140 19 Christchuroh,
728 3128 47 16 N.Z.

594 3191 261 19 EXHIBITION.

509 3238 38 19 Oil
559 3239 113 17 r.vixJt:,T.s
681 3243 25 12 ok
714 3238 51 17 New
774 3239 97 16 Zealaxd
881 3237 52 18 Scejj-

611 3266 45 16 euy,
667 3262 45 16 Hot
722 3262 76 19 Lakes,
809 3263 31 15 &c.

519 3308 14 17 f
663 3307 38 18 and
710 3308 63 17 others
782 3312 31 13 aro
821 3305 123 25 respectfully

524 3330 12 19 >
578 3331 71 18 invited
663 3332 20 16 to
697 3331 74 22 inspect
783 3330 32 17 Mr
828 3329 116 18 Blomfield's

508 3355 76 22 Unique
594 3354 102 18 Collodion
706 3354 20 17 of
741 3353 85 24 Original
844 3352 100 23 Paintings

508 3384 43 11 now
560 3384 24 11 on
593 3377 48 18 view
649 3378 21 16 at
677 3377 30 17 his
717 3376 71 22 Studio,
803 3376 141 23 Karangahape

509 3401 59 17 Road.
580 3400 104 18 Auckland.

533 3423 174 23 N.8.--Paintings
717 3424 19 16 of
745 3423 33 16 (lie
787 3421 98 23 destroyed
899 3422 34 16 Tcr-

508 3453 51 16 racps
569 3447 70 17 similar
650 3448 20 16 to
685 3446 53 18 those
753 3452 23 10 on
793 3446 47 16 view
856 3446 21 16 at
893 3444 52 18 Lake

509 3471 65 17 House
587 3470 38 17 and
639 3470 68 17 Palace
724 3469 66 19 Hotel,
809 3474 33 12 can
860 3468 45 22 only
921 3467 24 17 lie

509 3493 89 18 obtained
611 3493 59 17 direct
687 3493 48 16 from
753 3492 32 17 the
803 3491 60 17 Artist
877 3493 19 14 at
913 3490 32 17 the

508 3517 60 18 übovc
579 3516 82 19 address.

543 3582 45 45 R,
613 3579 301 48 GRIFFITHS,

622 3644 213 32 ROTORUA,

510 3697 434 31 GENERALCARTER&CARRIER.

536 3777 67 18 Goods
614 3775 103 19 delivered
726 3777 21 16 to
755 3774 28 19 fill
799 3776 56 23 parts
872 3773 21 18 of
910 3772 35 19 the

509 3803 78 19 district
595 3805 21 16 at
623 3801 38 19 low
672 3805 60 14 rates.

591 3840 62 19 ALL
666 3839 112 19 TRAINS
792 3838 69 19 MET.

536 3916 408 30 N.B.—GoodpnddocldngforalimitGd

508 3949 87 19 number
605 3948 21 19 of
635 3947 77 19 horses.
729 3944 106 26 Spencer's
845 3942 98 27 pnddoclc,

510 3973 145 21 well-watered
682 3972 40 19 and
754 3978 59 18 every
844 3969 101 20 attention

509 4001 54 25 paid.

530 4055 78 19 ITOTE
628 4060 63 18 paper
712 4052 40 19 and
768 4050 113 24 Envelopes
898 4048 47 19 with

511 4071 36 26 -l\
590 4079 82 27 printed
686 4078 90 24 heading
787 4078 21 17 at
818 4076 63 24 cheap
889 4076 56 18 ratos

510 4110 21 17 at
542 4106 106 21 Chronicle
663 4104 63 23 office,

1227 196 90 18 Tourists
1327 196 41 19 and
1380 196 92 21 Invalids
1482 199 85 25 visiting
1576 199 35 19 the
1621 200 141 21 Wonderland
1773 203 21 18 of
1804 203 50 19 New
1863 203 92 19 Zealand
1966 204 41 18 will
2015 204 87 21 find'the

990 390 80 19 nnilE
1084 393 51 17 most
1145 391 86 26 elegant,
1242 391 132 20 comfortable
1383 393 40 19 and
1434 393 44 19 best
1489 395 110 24 appointed
1608 396 156 20 establishment
1774 397 21 19 in
1815 398 51 19 New
1882 398 98 24 Zealand,
1999 400 17 18 it
2036 400 62 26 being
2115 402 76 24 replete
2208 403 125 20 throughout

995 416 25 17 -*-
1457 419 50 19 with
1518 420 34 18 the
1562 423 52 16 most
1628 422 83 18 modern
1726 424 149 18 conveniences.

1014 442 58 19 THE
1084 442 92 20 HOTEL
1194 443 18 18 is
1230 443 21 19 in
1270 443 35 19 the
1322 443 117 20 immediate
1454 445 171 25 neighbourhood
1643 447 22 18 of
1682 447 36 19 the
1736 448 73 23 Priest,
1830 449 83 23 Rachel,
1934 450 126 20 Postmaster
2084 453 40 19 and
2139 454 58 18 other
2212 454 61 19 baths
2298 456 34 18 the

988 471 89 16 curative
1086 473 112 20 properties
1208 469 20 18 of
1240 469 63 18 which
1319 475 35 12 are
1371 469 147 20 world-famed.
1547 471 55 19 Bath
1613 471 66 20 chairs
1691 474 40 18 and
1742 475 118 18 attendants
1870 482 34 12 are
1915 476 98 23 provided
2025 481 19 14 to
2058 484 76 18 convey
2150 479 86 20 invalids
2253 469 26 30 to'
2292 482 40 17 and

987 493 52 19 from
1049 494 34 18 the
1093 501 80 12 various
1185 495 139 18 bath-houses.
1354 494 42 19 The
1407 496 107 19 bedrooms
1524 497 40 18 and
1584 498 88 24 retiring
1695 505 66 13 rooms
1782 506 33 12 are
1834 501 59 19 fitted
1911 501 50 19 with
1990 503 75 24 special
2079 504 74 23 regard
2168 507 19 16 to
2201 505 35 19 the
2251 508 81 19 require

988 523 64 15 ments
1062 520 21 18 of
1091 523 70 21 guests
1171 520 20 19 in
1202 521 68 18 search
1280 521 21 18 of
1311 521 91 18 renewed
1413 522 99 24 strength.
2279 518 8 13 x

1012 545 43 19 The
1068 546 62 18 Baths
1140 549 22 15 at
1171 546 35 19 the
1214 546 128 19 Sanatorium
1355 546 51 19 have
1417 548 100 18 attracted
1528 555 60 17 many
1598 549 81 20 visitors
1700 551 22 18 of
1741 551 40 19 late
1802 558 70 18 yenrs;
1900 556 95 21 amongst
2011 553 59 20 those
2083 555 44 19 who
2135 555 52 19 have
2199 556 64 19 found
2273 557 58 19 relief

986 570 32 20 bei
1028 571 33 19 the
1072 571 144 24 convalescent,
1227 578 90 17 nervous,
1329 572 118 23 rheumatic,
1460 574 41 18 and
1512 574 100 24 sleepless.

1012 596 91 20 Rotorua
1111 597 18 19 is
1138 597 35 19 the
1192 601 66 15 centre
1275 598 53 19 from
1348 598 63 19 which
1432 598 28 19 all
1481 600 69 24 points
1560 600 21 18 of
1590 600 84 20 interest
1685 603 20 17 in
1723 603 34 18 the
1768 602 94 19 Therm.il
1874 603 85 26 Springs
1976 605 87 19 District
2079 612 47 19 may
2142 607 24 19 be
2181 608 84 18 reached
2291 609 39 19 and

984 623 74 24 special
1069 623 94 19 facilities
1174 630 33 12 are
1216 624 96 24 pi-ovided
1322 624 32 18 for
1361 624 58 18 those
1427 624 20 18 in
1458 625 70 18 search
1538 626 21 17 of
1568 626 33 18 the
1611 626 103 20 beautiful
1726 628 40 19 and
1781 629 128 20 marvelious.

1079 654 181 18 MAGNIFICENT
1272 655 176 17 APARTMENTS.
1579 657 84 18 LOFTY
1676 659 146 18 BEDROOMS.
1941 663 117 17 PERFECT
2075 663 155 18 SANITATION

1129 678 26 18 In
1166 678 55 18 short
1230 685 14 11 a
1253 684 125 13 I'lkst-class
1391 678 173 19 Establishment
1574 680 87 26 offering
1671 682 60 25 equal
1741 683 94 19 comforts
1845 685 20 17 to
1876 684 34 19 the
1921 685 45 19 best
1980 686 65 19 hotels
2056 687 20 17 in
2086 687 87 24 Europe.
2195 678 4 33 '

1221 729 90 24 (Suites
1328 730 29 23 of
1364 729 173 30 Apartments
1547 732 67 22 with
1623 734 100 28 special
1737 735 155 23 attendance
1907 736 40 23 for
1962 737 131 23 Families-

983 757 98 32 Spacious
1091 763 127 20 Promenade
1227 764 113 23 Balconies,
1352 764 57 26 Snug
1421 765 91 23 Alcoves,
1524 765 40 19 and
1581 765 127 26 luxuriously
1726 769 109 24 appointed
1846 769 104 27 Drawing,
1970 771 71 21 Music,
2060 772 150 24 Conversation,
2227 772 100 25 Bending

1435 790 99 26 Smoking
1543 791 40 19 and
1593 791 86 21 Billiard
1691 793 92 21 Rooms.',
1802 795 70 19 Baths.

1218 825 38 24 fT
1272 823 117 20 SPECIAL
1403 824 161 20 ATTENTION
1576 826 70 19 PAID
1658 828 35 18 TO
1708 828 118 20 CUISINE
1839 830 61 18 AND
1914 830 125 21 SERVICE.
2056 835 35 21 4%

1007 855 35 19 All
1053 856 177 19 communications
1243 856 26 24 by
1280 856 60 18 letter
1350 862 22 12 or
1383 856 99 23 telegram
1493 857 40 18 will
1543 857 77 20 receive
1630 863 81 21 prompt
1721 861 106 18 attention.

1153 917 48 33 A.
1229 906 31 44 I

1380 908 130 43 'JTOX

1452 967 60 24 (Late
1522 968 21 17 of
1552 967 114 19 Grosvenor
1677 967 68 24 Hotel,
1758 969 81 25 Sydney
1848 970 7 23 )

1176 1063 489 61 STREWS

1877 1036 2 55 !
1892 1037 165 42 ROTORUA
2080 1040 91 40 BOOT
2192 1041 25 39 &
2235 1041 89 42 SHOE

1877 1097 4 44 I
2043 1097 127 42 DEPOT.

1079 1409 19 18 A
1119 1409 116 20 First-class
1250 1411 38 18 and
1307 1411 45 19 well
1362 1412 110 25 appointed
1481 1412 70 18 House
1564 1412 118 19 convenient
1695 1415 19 15 to
1724 1412 35 19 the

975 1459 96 33 HOT
1086 1461 202 34 SPJ&INGS
1312 1463 33 33 &
1360 1464 238 32 MTURAL
1615 1464 247 32 WONDERS,

999 1519 57 19 HOT
1082 1520 90 19 BATHS
1195 1527 25 12 on
1237 1520 34 19 the
1291 1523 103 23 premises.
1430 1522 44 20 The
1484 1523 97 26 stopping
1589 1522 72 21 House
1672 1523 31 20 for

1085 1550 67 22 THE
1176 1550 62 23 SPA
1260 1552 107 23 HOTEL
1393 1553 169 24 COACHING
1583 1553 167 23 COMPANY,

1887 1425 18 18 A
1925 1425 67 27 Large
2012 1428 62 20 Stock
2093 1431 22 18 of
2131 1430 94 24 Gorman,
2243 1430 76 19 French

1952 1454 43 18 ■and
2005 1454 91 21 Colonial
2108 1456 61 20 Boots
2180 1456 75 26 always

2050 1482 21 19 in
2089 1482 67 19 Stock.

1885 1515 68 20 BEST
1961 1516 77 21 MATE
2043 1519 71 19 RIAL.
2151 1520 29 18 B!■
2189 1520 29 18 ST
2227 1520 90 19 WORK.

973 1626 85 21 Fridays
1069 1628 39 18 and
1119 1628 104 24 Mondays.

1241 1604 70 25 Taupo
1321 1604 118 27 Thursdays
1448 1606 41 19 and
1506 1606 98 24 Sundays,
1616 1606 41 19 and
1672 1606 56 19 leave
1744 1606 32 18 for
1790 1605 70 25 Taupo
1884 1601 165 25 Hand-sewn
2060 1604 78 24 Boots
2148 1612 15 16 a
2178 1606 137 29 Specialty.

1044 2010 123 76 Hi

1218 1682 194 20 MODERATE
1435 1683 175 21 CHARGES.

1225 1779 109 20 BEFORE
1351 1780 147 20 ORDERING
1512 1781 60 19 ELSE-

1188 1837 107 20 WHERE
1307 1839 57 19 THE
1385 1839 104 21 PUBLIC
1503 1840 56 19 ARE
1579 1840 17 19 Ii

1226 1897 86 20 YITED
1328 1898 33 20 TO
1376 1898 69 19 CALL
1458 1900 60 18 AND
1530 1900 51 19 SEE

1267 1957 67 19 NEW
1349 1957 145 20 MATERIAL
1513 1959 31 18 IX
1554 1957 2 21 .

1190 2015 162 29 SUITINGS,

1268 2065 169 29 COATINGS,

1332 2115 172 26 TESTINGS.

1909 1665 115 23 Visitors
2034 1667 28 22 to
2076 1667 46 22 the
2136 1667 54 23 Hot
2198 1668 91 23 Lakes,

1911 1743 177 47 Palace
2124 1746 143 46 Hotel

1882 1800 92 19 Sitiiiitil
1999 1801 20 19 in
2045 1802 35 19 the
2103 1802 50 19 New
2176 1804 137 19 Government

1881 1826 108 23 Township
2004 1828 20 18 in
2042 1835 53 13 cose
2114 1829 107 26 proximity
2241 1833 21 16 to
2281 1830 34 19 the

1881 1851 71 25 Baths,
1969 1853 136 26 Sanatorium,
2126 1856 49 19 Post
2197 1856 60 19 Office
2276 1857 38 19 and

1881 1878 91 26 Railway
1981 1881 88 18 Station.

1907 1931 41 18 The
1959 1932 62 19 Hotel
2034 1933 15 18 is
2067 1933 126 27 luxuriously
2209 1934 105 20 furnished

1880 1957 38 19 and
1931 1958 77 23 replete
2020 1959 47 20 with
2075 1967 58 18 every
2143 1961 133 19 convenience
2284 1962 32 19 for

1881 1984 85 18 tourists
1976 1985 39 19 and
2025 1986 75 19 others.
2131 1987 21 19 It
2173 1988 115 19 commands
2305 1995 9 11 n

1880 2009 91 25 splendid
1983 2011 49 19 view
2042 2013 23 18 of
2076 2013 34 19 the
2118 2013 55 19 Lake
2184 2014 37 18 and
2232 2014 16 18 is
2258 2014 45 19 «i:h-

1880 2035 19 19 in
1910 2042 45 19 easy
1967 2044 67 12 access
2048 2038 22 20 of
2087 2039 34 19 the
2137 2040 78 24 Geyser
2230 2041 84 24 Springs

1880 2062 20 18 nf
1912 2062 187 22 Whakarewarewa
2110 2065 39 19 and
2160 2066 26 18 all
2200 2066 32 20 the
2251 2066 63 25 sights

1879 2088 21 19 of
1912 2089 33 18 the
1955 2089 86 19 district.

1867 2115 1 28 I
1893 2115 32 18 All
1935 2115 107 25 telegrams
2056 2117 101 26 promptly
2169 2119 96 19 attended
2274 2124 27 14 to.

1385 2225 236 28 TROUSERINGS,

2016 2206 169 21 PROPRIETOR.

1060 2635 34 16 Ida
1105 2635 41 16 half
1153 2635 53 16 miles
1216 2635 49 16 from
1272 2635 32 16 the
1315 2635 43 16 Post
1369 2635 38 16 Offt

1457 2635 32 16 All
1495 2635 83 18 Coaches
1584 2635 50 18 from
1639 2636 49 17 Toko

1101 2658 38 16 mot
1147 2656 26 23 by
1181 2658 32 16 the
1307 2656 87 19 Coaches,
1404 2657 37 17 and
1450 2658 74 17 visitors
1534 2658 94 23 conveyed
1641 2660 20 17 to
1676 2660 32 17 the
1819 2662 37 15 free

1357 2681 19 17 of
1385 2681 74 22 charge.

1121 2709 7 6 *
1174 2709 18 18 is
1204 2709 34 17 the
1249 2709 66 18 Home
1325 2709 22 18 of
1357 2710 33 17 the
1401 2709 88 19 Famous
1505 2709 93 24 Crow's

1098 2740 61 16 mron,
1173 2735 121 22 Champagne
1309 2734 75 23 Goyser,
1402 2735 62 22 Milky
1478 2735 75 23 Geyser.
1573 2736 106 23 Flcsn-pot,
1696 2742 9 13 l
1706 2742 6 6 J
1713 2742 74 19 orridge.
1805 2742 50 15 i'ots,

1099 2757 83 18 Hannah
1190 2757 76 23 Geyser,
1275 2757 33 18 the
1316 2757 67 19 Lesser
1397 2758 69 18 Crow's
1480 2759 53 20 Nest,
1548 2759 136 21 Yonusßuth,
1700 2761 74 18 Satan's
1792 2761 63 24 Glory,

1102 2780 146 22 Paddle-wheel,
1259 2780 36 17 and
1305 2781 70 17 several
1384 2782 54 17 other
1446 2782 61 22 sights
1515 2782 19 17 of
1542 2782 85 18 interest;.
1653 2783 76 18 Guide's
1738 2785 29 17 fee
1776 2786 20 16 2s
1811 2786 45 16 each

1761 2326 19 20 fy
1888 2326 32 20 O
1927 2324 51 19 ECS
1989 2327 19 16 to
2017 2325 93 18 intimate
2119 2326 45 18 that
2175 2326 24 17 he
2217 2326 36 19 hfS
2270 2333 44 13 now

1218 2359 27 21 n,
1287 2359 32 21 VV,
1358 2359 237 24 lUiiUi'iDUU'ft-O,
1638 2346 1 37 '
1672 2346 2 37 '
1885 2346 38 24 *-*
1954 2350 111 20 concluded
2075 2352 35 18 the
2123 2351 118 20 alterations
2253 2355 20 16 to
2283 2352 32 21 his

1881 2378 95 23 premises
1992 2383 20 12 111
2031 2377 79 19 Fenton
2128 2378 71 22 Street,
2215 2378 99 26 (opposite

990 2402 2 26 .
1881 2403 32 18 the
1924 2402 69 19 Grand
2005 2403 79 25 Hotel,)
2095 2404 38 18 and
2146 2404 36 17 has
2191 2411 12 12 a
2211 2404 55 24 large
2275 2405 39 18 and

1067 2442 27 16 *f
1112 2444 44 14 s->+
1255 2442 16 16 L\
1308 2443 26 15 it
1417 2443 27 13 ~y>
1456 2443 30 15 -&-
1498 2442 45 16 ✓~v
1557 2444 53 12 rn
1686 2444 22 14 t
1709 2444 7 9 5,
1881 2436 27 11 uu
1935 2428 91 20 assorted
2036 2430 55 18 stock
2103 2430 21 19 of
2138 2430 34 19 the
2193 2430 121 20 undermou-

1111 2451 184 68 SPA
1417 2451 133 68 MO
1572 2451 25 62 1
1621 2451 140 80 EiLt,
1881 2489 66 40 for
2074 2490 24 41 a
2112 2490 86 41 gash
2212 2490 100 42 only.

1905 2544 49 19 This
1965 2544 53 19 Rule
2030 2545 42 19 will
2089 2546 23 18 he
2129 2546 77 23 strictly
2226 2546 88 20 adhered

1539 2571 2 21 1
1880 2572 20 17 to
1910 2577 21 11 so
1943 2577 26 11 no
1980 2577 38 12 one
2028 2571 52 19 need
2092 2572 22 18 be
2124 2571 94 20 offended
2227 2573 16 17 if
2253 2573 62 19 credit

1521 2608 7 2 -
1552 2602 10 18 3
1880 2596 16 19 is
1908 2597 88 18 refused.

990 2635 40 16 One
1039 2635 38 16 and
1086 2641 8 10 a
1105 2635 41 16 half
1154 2635 53 16 miles
1216 2635 48 16 from
1272 2635 32 16 the
1314 2635 45 16 Post
1369 2635 63 17 Office.
1457 2635 31 16 All
1496 2635 81 17 Coaches
1584 2635 48 18 from
1640 2635 96 23 To'kaanu,
1743 2637 71 22 Xapier
1820 2637 36 18 and
1880 2631 84 23 Men's
1975 2631 128 31 Mercery,
2112 2632 76 28 Hats,
2201 2633 42 23 &C.

967 2657 85 18 Rotorua
1060 2663 32 11 arc
1100 2658 40 16 mot
1147 2656 27 23 by
1180 2657 34 17 the
1404 2657 38 17 and
1449 2658 180 23 visitorsconvoyed
1640 2660 20 17 to
1676 2660 32 16 the
1790 2656 4 33 1
1797 2656 4 33 '
1819 2662 37 15 free
1882 2662 84 22 Men's
1982 2662 53 22 and
2049 2662 77 27 Boys'
2144 2663 121 26 Clothing'

1357 2685 17 13 Ol
1385 2685 32 13 CllJl
1421 2686 38 12 L'°*S.

992 2709 22 6 ~„
1050 2706 78 9 ,<„„.
1144 2709 123 6 ...,,„
1340 2709 30 6 ..,
1401 2709 17 6 „
1430 2695 10 8 c
1456 2694 2 27 '
1505 2709 16 6 ~
1580 2694 3 27 .
1612 2710 24 5 „
1987 2710 14 11 ~
2114 2694 77 23 Boots
2203 2695 21 22 &
2236 2695 78 25 Shoes

1895 2724 123 28 Jlankets,
2033 2724 80 30 Rugs,
2126 2725 96 29 Prints,
2239 2726 75 24 Flan-

966 2757 121 22 Blow-holcs,
1098 2757 84 18 Hannah
1190 2750 80 30 GeyserT
1275 2757 33 18 the
1316 2757 67 19 Lesser
1397 2750 69 26 Crowds
1480 2759 53 20 Nest,
1548 2759 63 17 Venus
1628 2760 56 18 Bath,
1700 2762 74 16 Satan's
1792 2753 63 31 Glory!
1867 2750 1 36 |
1934 2755 123 28 lielettes,
2070 2758 47 22 etc.

966 2781 40 18 Salt
1015 2781 76 23 Spring,
1101 2780 148 22 Paddlc-whcol,
1258 2780 38 18 and
1304 2781 72 17 several
1383 2782 55 17 other
1446 2782 62 23 sights
1514 2782 20 17 of
1541 2782 85 19 interest.
1653 2783 76 19 Guide's
1738 2785 29 17 fee
1775 2786 20 16 2s
1812 2786 43 16 each
1868 2787 122 25 (Saddles
2009 2788 102 23 Bridles
2135 2791 41 20 etc

988 2827 39 17 The
1037 2827 72 17 lITTKA
1126 2827 85 18 FALLS.
1237 2827 79 17 Visitors
1326 2828 19 16 to
1355 2827 32 17 the
1478 2829 95 22 convoyed
1583 2829 37 18 free
1630 2829 19 18 of
1658 2830 75 24 charge.

989 2873 20 8 rm
1135 2874 34 8 1.•
1216 2874 30 8 ~1
1274 2874 30 8 ~0
1316 2860 113 22 ~~-

991 2874 36 17 rho
1034 2874 161 17 accommodation
1204 2874 20 16 at
1232 2874 33 17 the
1293 2874 38 21 Spa
1358 2879 16 12 is
1381 2874 26 17 all
1414 2874 42 17 that
1473 2881 34 10 can
1525 2875 22 16 he
1564 2875 78 18 desired.
1676 2876 63 22 Every
1755 2877 102 19 Bed-room
1883 2888 20 10 -n
1988 2888 18 10 «
2044 2889 12 9 j
2098 2889 24 9 «..
2144 2891 19 7 ...

966 2896 108 18 over-looks
1082 2896 132 20 the.Gardens.
1240 2896 75 19 Private
1324 2897 62 17 Suites
1395 2898 19 16 of
1423 2898 129 21 Apartments.
1583 2898 63 23 Large
1660 2899 156 24 Drawing-room
1830 2902 29 16 for
1883 2892 90 25 *anCy
1988 2895 91 21 IxOOttS,
2098 2892 150 30 btatlOlieiy
2265 2893 49 23 and

967 2920 72 16 Ladies.
1065 2919 128 18 Comfortable
1202 2919 160 23 Smoking-room.
1933 2920 87 23 Books

988 2942 54 18 THE
1055 2942 82 21 MAORI
1154 2943 101 20 CARVED
1269 2943 97 17 DINING
1378 2943 71 17 HALL
1458 2945 49 16 seats
1520 2950 35 11 one
1568 2945 87 17 hundred
1670 2952 77 16 persons
1762 2947 37 17 and
1814 2954 44 10 eon-
1882 2952 195 20 Tobacconist's
2093 2953 83 19 ftrmrls
2197 2961 40 11 pto

967 2965 49 17 tains
1025 2966 24 16 all
1060 2967 83 21 separate
1154 2966 59 16 tallies
1224 2968 27 14 for
1260 2966 73 22 private
1341 2966 71 22 parties
1421 2972 21 11 or
1453 2967 77 17 friends.
1884 2959 172 16 XODaCCOmSt
2065 2959 12 16 S
2093 2959 91 23 LrOOCIS,
2197 2959 36 19 etC-

990 2989 52 17 THE
1051 2988 66 18 LARG
1124 2989 12 17 E
1147 2988 57 18 HOT.
1216 2989 66 17 (!()LD
1292 2990 15 16 &
1315 2989 79 17 TEPID
1401 2989 137 19 SWIMMING
1547 2990 69 18 BATH
1626 2991 74 22 adjoins
1708 2992 33 18 the
1750 2994 107 17 Bedrooms.
1884 2984 113 22 Musical
2013 2984 177 25 Instruments

989 3011 39 18 The
1038 3011 122 18 SULPHUR
1169 3013 68 16 PATH
1247 3012 14 17 is
1270 3011 77 23 equally
1356 3011 104 19 efficacious
1469 3018 20 12 as
1496 3014 32 16 the
1534 3015 74 16 famous
1615 3015 60 17 Priest
1681 3016 50 17 Bath
1740 3016 19 18 of
1768 3016 89 19 Rotorua.
2008 3014 96 22 Tackle

990 3034 38 18 Tho
1037 3034 79 18 TEPID
1128 3035 71 18 BLUE
1211 3035 70 18 BATH
1288 3036 17 17 is
1312 3040 47 17 very
1366 3036 113 21 refreshing.
1881 3033 50 24 ■«,•.'
1951 3046 6 7 ,
1977 3030 14 13 to
2027 3046 7 7 ,
2095 3046 8 7 »
2119 3047 13 10 T
2223 3048 7 9 ,

1178 3058 49 18 all
1237 3058 82 17 paths
1329 3059 38 16 free
1376 3059 20 17 to
1404 3059 81 17 visitors
1494 3060 20 17 to
1523 3060 32 17 the
1884 3048 118 21 Window
2009 3048 72 26 glass
2089 3048 23 21 &
2119 3048 78 29 Lamp
2206 3048 107 29 glasses.

1021 3081 43 19 The
1075 3081 93 19 Grounds
1178 3088 34 12 are
1223 3081 42 19 l.dd
1274 3084 36 16 out
1324 3081 21 19 in
1362 3081 68 21 choice
1451 3082 120 25 Rose-beds,
1594 3084 141 23 Shrubberies,
1752 3085 104 21 Beautiful
1883 3081 4 30 i
1902 3098 9 13 A
1919 3097 54 14 r-n?
1993 3098 57 13 a\'Ti
2081 3099 76 12 wvtt
2180 3100 134 11 ic.oo.)t.pt,

967 3107 93 24 Flowers,
1072 3107 52 19 Bine
1134 3107 133 24 Plantations,
1279 3107 52 19 Turf
1340 3107 75 20 Tennis
1434 3109 69 22 Lawn,
1519 3109 127 20 Promenade
1667 3110 40 20 and
1727 3111 129 21 Ornamental
1883 3099 92 18 lAB(,rE
2030 3099 20 18 D
2081 3099 233 22 WELL-ASSORTED

967 3134 78 18 Lawns.
2027 3130 89 20 STOCK
2130 3131 34 19 OF

1018 3158 58 20 Good
1086 3158 62 20 Grass
1157 3158 112 24 Paddocks,
1281 3158 102 27 Stabling,
1395 3160 68 20 Horse
1473 3160 61 25 Feed,
1545 3163 33 18 Sc.
1894 3161 186 28 BIRTHDAY,
2110 3163 94 23 XMAS
2230 3164 70 23 AND

1098 3208 132 14 ——-a
1244 3208 53 14 <v_

967 3208 117 23 Visitors
1098 3208 135 29 conveyed
1244 3208 54 22 free
1309 3208 27 22 of
1345 3208 95 31 charge
1450 3211 27 21 to
1486 3212 69 21 meet
1566 3211 35 23 all
1617 3211 109 24 coaches
1740 3215 104 26 proceed-

1252 3241 46 21 ing
1313 3236 26 21 to
1356 3234 119 24 different
1491 3238 77 27 parts.

1100 3283 125 22 TARIFF
1237 3283 3 23 :
1260 3285 33 17 10e
1307 3283 55 19 PER
1378 3284 65 19 DAY.
1473 3285 28 18 £2
1519 3288 34 16 10s
1564 3286 54 19 PER
1632 3287 92 19 WEEK.

992 3331 80 26 Special
1080 3332 124 18 concessions
1211 3334 20 16 to
1239 3332 95 19 Families
1341 3333 40 19 and
1389 3333 57 25 large
1454 3335 76 24 parties
1537 3335 86 26 making
1630 3342 11 12 a
1649 3336 124 24 lengthened
1780 3342 52 21 stay.

967 3380 87 21 Visitors
1066 3387 45 18 may
1122 3380 121 26 confidently
1254 3384 61 15 count
1325 3388 53 18 upon
1388 3389 59 19 every
1458 3390 45 13 care
1515 3384 39 19 and
1564 3385 101 19 attention
1675 3388 20 16 to
1705 3386 54 20 their
1766 3388 90 23 comfort,

1268 3408 40 18 and
1318 3408 77 25 civility
1404 3410 50 18 from
1465 3410 34 18 the
1510 3411 54 18 staff.

1073 3432 115 19 First-class
1197 3432 70 19 Table.
1401 3435 126 20 Abundance
1537 3437 22 18 of
1568 3437 57 19 Fruit
1635 3438 21 19 in
1667 3438 81 20 Season.

967 3458 41 19 Tea
1018 3458 41 21 and
1069 3458 68 19 Coffee
1148 3458 70 19 served
1228 3459 20 18 in
1265 3460 35 18 the
1317 3460 78 25 Dining
1411 3461 49 18 Hall
1481 3463 104 25 mornings
1604 3465 40 18 and
1661 3464 124 20 afternoons.
1822 3466 33 19 No

1337 3491 57 14 extra
1404 3488 82 24 charge.

1101 3536 104 34 THE
1394 3525 241 53 COACHING
1658 3542 63 33 CO,

1148 3578 40 16 Pun
1199 3578 82 18 Coaches
1289 3580 20 17 to
1318 3579 33 17 the
1359 3578 169 26 following'places
1536 3582 20 17 of
1564 3582 113 18 interest:—

968 3609 133 26 Tokaanil,
1113 3609 115 21 Thursdays
1239 3610 38 19 and
1293 3610 99 24 Sundays.
1421 3611 52 20 Fare
1483 3614 28 18 ss.

972 3634 136 23 Waiiakei
1122 3634 118 30 Gej'Sers,
1251 3636 62 24 daily,
1324 3636 94 26 Sundays
1428 3638 100 19 included.
1557 3639 51 19 Fare
1619 3641 21 17 2s
1651 3641 31 18 Cd.

967 3665 152 18 ARATEATEA
1129 3666 98 21 RAPIDS,
1238 3667 56 23 daily.
1319 3668 48 17 Fare
1380 3670 19 15 :js
1407 3669 30 17 Gd.

967 3688 145 18 ROTOKAWA
1125 3689 121 18 SULPHUR
1258 3691 76 16 LAKE.
1360 3691 47 18 Fare
1417 3693 18 16 7s
1444 3692 30 18 Gd.
1484 3698 38 15 any
1531 3693 50 18 time.

1921 3244 66 20 Maori
1999 3245 74 20 Curios
2084 3246 21 19 in
2116 3248 61 18 Great
2186 3247 91 26 Variety.

1945 3297 120 20 First-class
2082 3298 86 20 Billiard
2178 3299 69 20 Table.

1881 3344 149 25 Prescriptions
2040 3345 109 25 dispensed
2160 3350 25 21 by
2194 3354 11 12 a
2215 3350 98 18 Qualified

2039 3371 90 19 Chemist
2140 3376 21 15 at

1958 3402 128 33 ROBERT
2103 3404 135 33 WAKE'S.

2015 3459 161 25 ROTORUA.

1023 3778 108 42 DAVID
1163 3779 183 48 SHERRIFF,
1467 3779 30 29 *■
1524 3770 37 46 ?■
1592 3771 217 54 *»*»»,

1053 3853 113 19 FAMILY
1180 3853 50 19 BUI
1237 3853 82 25 CHER,

1020 3902 81 20 Ahawa
1125 3901 90 25 Stiieet,
1239 3902 106 21 BOXOIIITA.

993 3951 22 19 Is
1035 3957 44 13 now
1098 3950 94 25 carrying
1211 3957 24 12 on
1254 3951 35 19 the
1307 3952 92 20 business

967 3977 62 24 lately
1052 3976 110 19 conducted
1181 3977 28 24 by
1225 3977 75 19 Messrs
1318 3977 80 21 Jecklin

967 4004 40 18 and
1020 4003 73 22 Cotter,
1107 4001 40 19 nud
1157 4002 17 18 is
1183 4003 99 24 prepared
1292 4007 20 15 to
1325 4004 73 26 supply

967 4031 35 17 tho
1013 4027 69 26 public
1093 4027 47 20 with
1152 4028 63 25 prime
1223 4029 78 24 quality
1312 4030 21 18 of
1345 4034 54 15 meat

968 4055 39 21 and
1017 4053 59 20 small
1086 4053 62 25 goods

1040 4096 37 20 AT
1091 4097 117 19 LOWEST
1222 4097 104 21 PRICES.

1552 3837 170 23 FRUITERER.

1447 3879 58 19 Next
1515 3879 98 20 Saddler's
1628 3881 56 25 shop,
1695 3881 132 25 Obinemutu.

1423 3918 44 20 Has
1478 3919 74 25 always
1567 3926 11 12 a
1594 3921 52 24 good
1660 3924 72 24 supply
1749 3925 22 19 of
1792 3926 60 21 Fresh

1496 3945 65 24 Frail,
1572 3945 48 20 both
1635 3947 50 20 local
1695 3950 37 19 and
1745 3951 22 19 im-

1547 3973 70 23 ported
1629 3980 25 12 on
1667 3974 57 20 hand.

1590 3998 19 19 A
1619 4005 11 12 l
1641 4005 38 17 so,

1545 4024 19 19 A
1584 4025 42 18 well
1637 4030 91 16 assorted

1474 4048 57 21 stock
1541 4050 21 18 of
1574 4049 85 25 Biscuit,
1673 4053 117 21 Confection-

1421 4079 35 20 ory
1467 4075 39 18 and
1517 4077 91 18 Summer
1621 4076 77 21 Drinks
1710 4083 21 16 at
1748 4082 105 20 Moderate

1598 4102 76 21 Prices.

1900 3632 49 23 (One
1955 3634 89 19 minute's
2053 3636 50 17 walk
2112 3638 48 16 from
2168 3638 31 17 the
2206 3638 72 19 Govern-

2029 3660 53 16 ment
2090 3660 76 23 Baths.)

1997 3711 190 24 TeR7UtS:

1903 3744 46 23 35s
1957 3752 45 22 per
2022 3747 88 28 week;
2130 3747 29 23 6s
2173 3755 46 22 per
2227 3749 57 30 day.

1905 3773 60 25 Two
1976 3776 90 23 weeks
2076 3784 27 15 or
2114 3777 99 29 longer,
2230 3780 54 25 30s.

1912 3823 28 31 G.
1973 3813 304 53 H/MKER~WSISON,

2003 3866 187 23 PROPRIETOR.

1904 3926 177 25 WYNYARD
2095 3914 214 48 &PURCHAsT

1938 3961 131 21 BaBIUSTKRS
2076 3970 43 12 AND
2130 3965 123 25 SOLICITOUS,

1877 3995 78 23 B.N.Z.
1964 3999 120 26 Chambers,
2094 4001 103 27 QuoenSt,
2205 4005 107 21 Auckland

1877 4060 60 28 \\r
1940 4060 18 19 E
1971 4061 52 20 llftVo
2035 4069 72 19 money
2117 4067 21 16 to
2148 4064 47 20 lend
2207 4072 25 14 on
2249 4067 50 21 Mort-

1911 4090 9 13 T
1967 4093 53 19 gage
2030 4090 23 17 of
2069 4089 99 20 Freehold
2183 4092 41 19 and
2239 4093 60 20 Leaso-

1875 4111 48 19 hold
1933 4117 96 20 property
2039 4116 22 17 at
2072 4120 82 15 current
2163 4121 60 16 rates.

967 4189 101 44 Ask
1101 4189 73 39 for
1200 4190 270 50 Hanppck's
1498 4195 280 42 Celebrated
1804 4199 190 43 XXXX
2018 4204 115 43 Ales
2159 4210 96 40 and
2280 4212 140 40 Stout

2391 357 64 25 Tlie
2474 359 214 32 undersigned
2709 369 53 19 are
2780 369 73 20 now
2867 367 139 29 running
3020 370 139 26 Busies
3176 374 61 22 and

2357 389 141 26 Coaches
2519 392 32 24 to
2571 392 54 25 the
2638 393 165 33 following
2815 396 105 32 places
2933 400 35 25 of
2981 401 132 29 interest
3131 404 33 27 in
3184 406 53 25 toe

2373 422 221 32 .eighborhood
2611 426 34 24 at
2663 428 127 31 greatly
2815 429 134 28 reduced
2974 435 91 26 rates.
3113 438 124 28 Special

2355 454 183 26 reductions
2545 463 49 19 ior
2606 457 90 32 large
2704 460 126 30 parties.
3136 452 11 17 l

2354 492 328 28 WTTAKAREWAREWA;
2719 499 164 22 WAIRAKEI
2903 504 20 18 &
2943 506 113 17 TV-ttpo-
3081 509 68 14 TTT-tt

2494 518 143 20 TIKITERE
2651 521 138 20 &OKERE
2802 508 295 43 FALLSfwAIOTAPXL

2367 563 93 27 Special
2472 565 167 28 Conveyances
2651 568 45 25 ar?d
2709 570 85 19 Saddle
2806 570 81 23 Horses
2898 561 60 33 to~all
2970 581 60 21 parts
3047 579 22 18 o?
3081 579 38 20 the
3136 580 85 20 district

2677 598 23 16 at
2712 597 115 22 Moderate
2838 598 76 23 F^ates.

2541 694 44 45 J.
2620 695 308 52 FALLOONA
2949 703 48 45 &
3020 706 95 55 Co.,

2848 765 323 55 Proprietors.

2352 821 144 40 ROOKING
2510 823 104 27 OFFICE
2625 826 61 25 AND
2700 827 132 27 STABLES
2846 829 145 29 OPPOSITE
3001 833 99 28 GRAND
3117 837 95 26 HOTEL

2775 875 75 46 KH
2859 877 95 48 ESS
2966 868 92 59 IT

2382 964 381 29 MANUFACTURERS
2800 969 113 26 AND
2949 971 249 37 IMPORTERS,

2541 1035 182 35 FORT
2757 1038 287 39 STR69T.

2455 1171 218 33 MAECAKU

2345 1209 75 40 SAW
2435 1209 25 40 &
2486 1209 153 42 PLANING
2660 1210 117 42 MILLS,

2347 1279 268 23 MOUNTHIN
2640 1281 137 25 FRI7VTU,

2346 1356 133 20 GENUINE
2493 1356 60 20 DRY
2569 1357 79 19 LAND
2666 1357 111 21 TIMBER

2449 1390 30 19 IN
2491 1391 52 17 THE
2556 1390 115 20 MARKET.

2344 1437 128 43 MESSES
2490 1437 99 18 KUSABS
2607 1437 71 19 BEOS,
2692 1437 38 25 bog
2747 1444 19 12 re-

2419 1460 102 23 spectfully
2525 1462 21 17 to
2554 1460 69 19 inform
2634 1462 31 16 the
2677 1462 68 17 Public
2757 1462 20 18 of

2344 1484 78 15 Itotorua
2430 1484 33 15 and
2474 1483 71 22 vicinity
2554 1484 40 16 that
2601 1486 42 19 they
2658 1484 44 16 have
2717 1487 48 13 estab-

2343 1504 54 17 lished
2406 1510 10 10 u
2425 1505 43 19 yard
2477 1504 17 16 in
2509 1504 124 21 Hiuenioa-st.,
2643 1506 33 15 nnd
2692 1511 31 10 can
2738 1512 37 9 now

2342 1528 62 19 snpply
2414 1526 28 15 the
2451 1526 50 15 finest,
2510 1527 42 15 class
2567 1526 18 16 of
2599 1526 83 21 Building
2695 1526 79 17 Material

2342 1547 16 16 in
2368 1548 29 15 the
2406 1547 75 16 Market.
2496 1547 19 16 It
2522 1547 14 16 is
2544 1547 101 21 unequalled
2655 1548 16 15 in
2681 1548 94 22 durability

2342 1569 33 14 and
2385 1568 104 21 impervious
2498 1571 18 13 to
2525 1570 29 15 the
2562 1571 67 13 attacks
2645 1570 18 14 of
2678 1570 48 15 borer
2742 1570 32 15 mid

2341 1590 32 20 dry
2385 1594 31 12 rot.
2441 1590 52 15 Their
2502 1590 82 16 sawmills
2592 1596 29 10 «re
2629 1590 50 16 fitted
2689 1591 42 15 with
2747 1591 27 15 tho

2341 1614 44 12 most
2392 1610 71 17 modern
2473 1610 98 19 appliances
2581 1612 33 15 and
2624 1611 29 17 the
2661 1613 26 14 fin

2338 1697 144 28 Skirtings,
2490 1696 179 28 Architraves,
2674 1697 83 24 Mould-

2375 1727 67 29 ings,
2455 1728 52 22 and
2517 1727 111 23 Dressed
2637 1728 103 23 Timber

2406 1757 28 23 of
2442 1764 80 23 every
2538 1758 165 29 description,

2433 1789 109 29 Always
2552 1796 33 15 on
2595 1789 84 23 Hand.

2364 1822 120 24 HENAU
2495 1823 107 24 HOUSE
2615 1824 129 22 BLOCKS.

2359 1869 50 17 Price
2418 1871 47 15 Lists
2474 1875 20 11 on
2504 1870 103 21 application
2618 1872 17 14 to

2338 1901 226 32 KUSABS
2601 1902 169 36 BROS,

2413 1942 118 19 MAMAKU
2541 1948 27 13 on
2580 1943 115 19 OHAUPO.

2467 1971 26 18 Or
2502 1973 20 17 at
2529 1972 32 18 tho
2575 1971 67 23 Yards,

2361 2000 125 17 JIINEMOA
2498 2000 101 20 STEEET,
2620 1999 127 18 EOTOKUA.

2338 2071 33 20 TO
2387 2072 58 18 THE
2460 2071 105 21 PUBLIO
2580 2072 34 19 OF
2632 2072 138 20 KOTORUA.

2338 2123 95 43 IBEG
2445 2126 19 16 to
2475 2124 64 18 thank
2549 2124 34 19 the
2597 2123 73 20 Public
2681 2123 21 20 of
2710 2124 49 18 Roto-

2392 2156 39 13 rua
2449 2150 33 19 for
2496 2149 53 21 thoir
2556 2150 81 20 favours
2651 2150 75 25 during
2738 2150 33 19 the

2338 2178 45 23 past
2393 2176 70 18 fifteen
2473 2182 65 18 years,
2550 2175 39 20 and
2605 2180 20 15 to
2642 2176 65 25 notify
2728 2176 43 18 tltat

2338 2203 31 18 for
2380 2202 33 19 the
2426 2202 132 19 convenience
2569 2201 20 20 of
2599 2203 99 17 residents
2709 2203 20 18 in
2738 2202 33 19 the

2340 2229 49 18 New
2400 2227 116 26 Township,
2529 2228 40 19 and
2580 2234 31 19 my
2625 2228 57 19 trade
2701 2235 59 18 gener-

2338 2254 47 24 ally,
2397 2254 10 18 I
2419 2254 51 19 have
2481 2254 53 18 built

2364 2288 53 21 New
2427 2288 102 20 Premises
2538 2295 22 12 ix
2567 2288 84 20 Fextox
2660 2288 84 25 Street,

2338 2325 65 19 which
2415 2332 33 12 aio
2458 2332 45 12 now
2515 2332 49 18 open
2575 2325 31 19 for
2616 2325 100 24 business,
2733 2325 39 19 and

2338 2352 53 18 lam
2411 2351 98 26 prepared
2533 2354 19 16 to
2566 2351 72 26 supply

2480 2385 69 20 Prime
2570 2385 61 20 Meat

2338 2424 19 18 in
2371 2424 49 18 both
2431 2423 51 19 New
2494 2424 40 18 and
2544 2424 38 19 Old
2592 2424 127 24 Townships.

2371 2490 42 22 An
2427 2490 151 29 Inspection
2594 2490 22 22 is
2630 2490 109 23 invited.

2547 2530 102 21 HENRY
2663 2530 82 20 KIRK.

2390 2612 6 10 ~
2493 2583 133 44 Al°A
2639 2584 40 18 UI
2681 2594 5 7 '
2698 2584 44 18 EY
2743 2598 5 7 -

2338 2653 123 24 Plumber
2479 2653 21 23 &
2511 2653 111 24 General
2634 2653 148 24 Mechanic,

2559 2827 33 40 M.
2629 2827 119 47 SIMON,

2535 2878 61 26 (Late
2602 2878 23 20 of
2632 2879 126 20 Melbourne,

2533 3001 104 25 Clothes
2650 3003 76 22 made
2745 3004 26 22 to

2559 3029 73 22 order
2651 3035 33 16 on
2700 3029 45 23 the

2585 3054 135 24 shortest

2603 3081 93 23 notice.

2543 3175 55 26 Style
2608 3183 12 12 a
2636 3177 10 18 d
2660 3176 35 20 Fit
2707 3175 3 26 I
2735 3179 7 17 t
2752 3179 19 17 fr>

2533 3205 22 16 ho
2565 3207 75 20 equate,
2648 3203 10 16 i'
2687 3210 10 11 u
2716 3207 54 15 town

2466 3238 46 21 W3B
2532 3239 14 19 A
2552 3244 41 14 unit
2597 3245 22 12 Fs
2624 3245 8 12 s
2639 3238 3 21 :
2661 3241 71 17 Arawa
2740 3238 30 21 St.

2350 3355 255 24 HAIRDRESSING
2623 3355 126 24 SALOON

2370 3419 32 26 L.
2411 3419 117 28 BULL,
2540 3419 123 32 having
2671 3420 99 25 taken

2337 3459 78 20 over
2444 3452 54 26 the
2526 3452 240 33 Hair-dressing
2766 3452 4 33 1

2338 3485 116 27 Saloon
2468 3485 34 25 of
2511 3485 50 26 Mr
2573 3486 37 25 H.
2623 3485 145 31 Stewart;

2337 3518 123 26 solicits
2474 3518 53 25 the
2542 3525 87 19 same
2641 3520 111 31 patron-

2337 3557 58 26 age
2409 3551 154 26 accorded
2576 3553 32 24 to
2630 3551 51 26 his
2702 3558 50 26 pre-

2337 3585 154 25 decessor.

2370 3618 50 25 Mr
2434 3617 36 25 H.
2481 3617 139 26 Stewart
2628 3617 67 25 will
2702 3617 67 25 still

2337 3650 137 26 conduct
2493 3650 54 25 the
2729 3656 39 19 on

2336 3690 57 26 my
2401 3682 115 26 behalf.

2415 3725 53 35 L..
2489 3725 202 37 BULL,

2336 3858 114 20 BARBER
2472 3859 60 18 AND
2561 3859 206 21 HAIRDRESSER,

2335 3918 39 18 J-J
2404 3926 25 11 nit
2432 3920 54 18 need
2498 3920 91 18 business
2601 3920 19 18 in
2632 3920 34 19 tho
2683 3920 51 24 shop
2749 3920 19 18 in

2335 3947 34 18 tho
2386 3945 32 18 old
2435 3947 60 22 town,
2516 3946 94 24 formerly
2630 3945 96 26 occupied
2743 3946 26 24 by

2335 3972 33 19 Mr
2378 3971 124 24 McFudyeu,
2512 3971 85 24 saddler,
2615 3972 41 18 and
2671 3972 64 24 hopes
2749 3973 19 18 to

2335 3998 59 19 merit
2406 4004 11 12 a
2428 3999 58 17 share
2498 3998 21 18 of
2529 3997 33 19 tho
2573 3998 68 25 public
2653 4000 88 23 support.

2418 4031 158 19 EAZOSS
2604 4031 77 19 SET.

2357 4080 23 18 A
2389 4080 83 19 Choice
2484 4080 150 18 Assortment
2648 4080 26 18 of
2684 4080 70 18 Tobac-

2335 4108 45 17 cos,
2391 4103 86 26 Cigars,
2488 4103 129 23 Cigarettes
2625 4103 19 19 &
2652 4103 116 19 Smoker's

2335 4126 139 22 Requisites.

2860 1109 40 40 W,
2928 1110 30 39 A,
2991 1111 182 44 WILLIAMS'

2804 1180 220 25 PIONEER
3067 1185 164 28 STORE,

2881 1220 100 23 Opposite
2998 1220 71 21 Palace
3086 1222 66 20 Hotel.

2841 1300 137 21 OILMEN'S
2993 1303 110 24 STORES,

2884 1331 215 26 IRONMONGERY,

2985 1397 141 27 DRAPERY,
3144 1401 41 23 &c,
3196 1403 33 19 &c

2827 1430 16 14 A
2860 1427 148 21 well-assorted
3025 1429 56 21 stock
3102 1430 17 20 in
3137 1431 25 19 all
3180 1431 49 20 lines

2799 1453 21 19 of
2830 1453 34 19 tho
2873 1453 61 21 above
2945 1459 21 15 at
2975 1455 71 20 lowest
3057 1463 71 16 prices.

2799 1488 49 19 New
2859 1488 86 20 Zealand
2954 1490 65 26 Dairy
3027 1490 146 20 Association's
3179 1492 37 20 Fac-

2834 1515 45 24 tory
2890 1514 74 21 Butter
2975 1517 54 18 fresh
3039 1517 59 19 twice
3109 1519 80 24 weekly.

2874 1549 49 19 New
2934 1550 49 20 Laid
2995 1551 60 24 Epgs,
3067 1552 41 24 &c,
3121 1554 33 17 &c.

2816 1603 164 26 MONEY
3004 1606 55 24 TO
3085 1607 117 26 LEND

2998 1638 21 10 AT

2860 1652 298 30 LOWEST_RATES.

2897 1691 52 18 Apply
2955 1694 18 13 to
2979 1697 32 13 any
3017 1695 45 13 oilicc
3069 1695 16 13 of
3091 1695 28 14 tho

2811 1714 124 23 GOVERNMENT
2952 1717 103 21 INSURANCE
3074 1719 129 23 DEPARTMENT.

2950 1764 15 15 J.
2973 1766 20 13 H.
3001 1766 136 17 RICHARDSON,

2798 1831 117 32 UNITED
2937 1832 185 32 INSORANCE
3140 1833 83 32 COY..

2857 1930 149 29 CAPITAL,
3022 1930 143 30 £500,000.

2797 1982 51 45 FI
2853 1981 33 20 RE
2895 1982 52 19 risks
2955 1983 21 19 of
2983 1984 27 18 all
3019 1984 73 19 classes
3099 1984 127 19 undertaken

2864 2009 20 18 at
2894 2008 69 20 lowest
2973 2012 80 16 current
3064 2013 60 16 rates.

2797 2043 72 19 Claims
2878 2043 72 19 settled
2959 2045 103 24 promptly
3072 2045 40 19 and
3125 2045 99 26 liberally.

2805 2091 48 17 Now
2862 2091 82 18 Zealand
2954 2091 54 19 Head
3019 2093 62 20 Office,
3092 2093 121 23 Wellington,

2829 2118 89 19 Resident
2927 2119 46 21 See.,
2984 2119 66 18 James
3060 2120 18 18 S.
3092 2121 98 17 Jameson.

2918 2148 99 18 Auckland
3027 2148 73 24 Agent:

2855 2174 22 18 A,
2891 2175 108 22 HEATHER,
3010 2177 76 17 Custom
3095 2177 66 17 Street.

2925 2207 85 18 Rotorua
3018 2207 74 24 Agent:

2839 2239 21 18 F.
2875 2239 20 18 P.
2905 2240 68 20 Watt,
2987 2241 117 18 Chroxicxe
3115 2242 62 17 Office.

2798 2304 175 23 AUCKLAND
2995 2305 51 23 and
3065 2304 159 26 WAIKATO

2937 2339 135 23 AGENCY

2808 2373 56 19 Near
2874 2373 91 21 Catholic
2975 2374 86 23 Church,
3076 2375 134 19 ROTORTJA.

3062 2427 124 43 DEPOT,

2797 2523 240 27 GENERAL
3056 2523 166 27 STORE.

2818 2594 70 19 Local
2910 2594 79 24 Agent
3013 2595 36 18 for
3074 2595 150 20 Commercial

2797 2617 76 19 Union
2886 2618 51 18 Fire
2951 2619 133 17 Assurance
3099 2619 123 24 Company,

2797 2641 104 18 Limited.

2845 2756 210 26 Commission
3069 2758 109 31 Agent.

2797 2822 167 19 BILLIARDS.

3055 2822 169 21 BILLIARDS.

2797 2869 119 42 HARRY
2932 2869 132 17 ESKRIDGE
3087 2869 46 24 begs
3150 2871 20 17 to
3191 2876 22 12 an-

2867 2897 73 13 nounce
2957 2892 41 18 that
3020 2892 22 18 he
3062 2892 34 17 lias
3114 2893 65 17 routed
3201 2893 22 18 R.

2797 2916 71 16 Wake's

2899 2938 125 18 BILLIARD
3039 2938 79 22 ROOM,

2797 2961 82 23 opposite
2888 2961 31 18 tho
2933 2961 64 18 Grand
3012 2961 63 20 Hotel,
3093 2962 37 17 and
3147 2962 38 18 will
3201 2963 23 17 bo

2797 2985 41 22 glad
2848 2987 19 14 to
2878 2984 46 17 have
2938 2991 11 11 a
2960 2985 36 17 call
3010 2985 49 16 from
3072 2984 25 18 all
3111 2985 77 23 knights
3205 2986 19 17 of

2797 3008 29 17 the
2836 3014 38 13 cue,
2885 3008 41 17 who
2941 3008 37 17 will
2992 3007 40 18 find
3048 3014 35 11 one
3100 3009 20 16 of
3135 3008 33 18 the
3182 3008 41 18 best

2797 3031 98 19 appointed
2905 3031 59 17 tables
2973 3031 18 17 in
3000 3031 47 17 New
3056 3031 88 17 Zealand.

2798 3161 182 44 I)ASSENGERS
2990 3163 19 18 to
3019 3163 83 17 Kotovua
3111 3169 31 11 are
3149 3163 74 18 advised

2858 3186 42 17 that
2908 3191 11 12 a
2932 3186 76 23 regular
3019 3186 52 22 daily
3084 3186 56 17 coach
3156 3187 67 18 service

2802 3210 76 17 ictwenn
2886 3208 91 19 Okovoire
2986 3209 38 17 and
3033 3209 85 18 Rotorua
3132 3210 38 16 and
3184 3210 40 18 vice

2798 3238 47 12 70rsa
2855 3238 14 10 is
2879 3237 42 11 now
2930 3233 89 21 running.

2817 3255 38 18 The
2864 3254 116 23 advantages
2985 3262 11 11 o
3003 3257 5 16 i
3013 3255 36 18 this
3055 3257 53 15 route
3113 3262 31 10 are
3149 3261 64 13 nuiuor-

2799 3284 34 15 >us,
2843 3284 12 11 a
2863 3279 103 16 somewhat
2979 3279 72 16 tedious
3060 3278 77 23 railway
3145 3279 79 22 journey

2801 3308 7 10 s
2817 3302 76 19 broken,
2904 3301 37 17 and
2949 3302 33 16 the
2998 3304 54 14 route
3068 3303 90 16 traverses
3174 3308 50 11 some

2799 3325 14 16 if
2831 3325 33 16 the
2880 3324 85 18 loveliest
2980 3325 52 17 Bush
3049 3323 79 24 Scenery
3144 3325 19 16 in
3177 3325 45 17 New

2799 3348 82 17 Zealand.

2833 3379 104 21 FARES,
2952 3379 42 17 10s
3003 3378 83 18 BACH
3099 3378 80 19 WAY.

2798 3406 86 23 Special
2901 3407 164 22 Conveyances
3083 3412 43 12 can
3146 3406 28 19 be
3191 3413 22 13 ar-

2938 3429 87 20 ranged
3033 3429 42 19 for.

2798 3476 69 18 Leave
2885 3475 118 19 -Okoroire
3013 3476 35 17 for
3062 3476 103 18 Rotorua
3179 3476 44 19 and

2861 3499 219 18 Whakarewarewa
3109 3499 63 24 daily
3199 3501 23 17 at

2863 3522 29 18 10
2900 3527 51 14 a.m.

2797 3545 77 18 Leave-
2883 3544 113 19 -Rotorua
3005 3545 45 18 and-

2860 3573 62 13 rewa
2938 3569 37 17 for
2989 3568 115 23 Okoroire,
3121 3569 61 24 daily
3198 3571 24 17 at

2862 3591 30 19 10
2900 3596 51 14 a.m.

2814 3619 32 17 All
2866 3624 111 17 passengers
2997 3624 31 11 arc
3044 3619 77 17 advised
3140 3621 19 15 to
3175 3619 45 18 avail

2797 3642 105 17 themselves
2911 3642 20 17 of
2939 3642 38 17 this
2994 3642 61 17 Route
3070 3648 20 11 as
3105 3642 88 17 Okoroire
3206 3643 15 17 is

2797 3671 29 11 mc
2841 3665 21 17 of
2872 3664 32 18 the
2913 3665 52 17 show
2974 3664 61 23 places
3053 3665 20 17 of
3090 3665 31 18 the
3137 3665 83 18 Thermal

2797 3687 79 21 District,
2898 3688 37 16 and
2950 3693 25 11 no
2991 3688 43 16 visit
3048 3689 21 16 to
3085 3689 33 16 the
3131 3688 60 18 Lakes
3206 3689 14 17 is

2797 3711 86 22 jomplete
2892 3711 81 17 without
2979 3711 24 16 its
3008 3711 98 16 inclusion.

2814 3734 74 22 Special
2897 3734 93 17 attention
3001 3734 16 16 is
3031 3734 58 17 called
3102 3735 21 16 to
3135 3734 32 17 the
3183 3735 37 16 fact

2799 3756 35 18 hat
2842 3762 11 12 a
2862 3757 56 17 coach
2926 3757 62 17 leaves
3001 3757 85 17 Rotorua
3094 3757 37 17 and
3140 3756 68 19 Whiiku-

2798 3785 92 13 ■owarewa
2899 3786 24 10 on
2932 3780 78 22 Sunday
3019 3781 19 15 at
3048 3780 21 17 10
3078 3786 43 11 a.m.

2926 3826 160 17 AGENTS:

2797 3847 66 17 ri-lOS.
2878 3847 68 17 COOK
2963 3847 15 17 '&
2997 3847 54 19 SOX,
3069 3847 96 17 Auckland
3182 3846 36 17 and

2962 3871 89 16 Rotorua.

2817 3934 154 20 FIREWOOD
2980 3933 4 21 !
3031 3933 157 21 FIREAVOOI)!

2799 4022 99 18 Delivered
2917 4021 28 25 bj'
2963 4022 83 18 Kusabs
3065 4020 56 19 Bros,
3138 4021 20 17 to
3176 4025 39 18 any

2799 4050 38 16 iart
2848 4048 21 18 of
2880 4048 34 18 the
2926 4047 98 24 township
3033 4048 20 17 at

2862 4073 84 19 Lowest
2959 4073 97 19 Current
3067 4071 73 19 Rates.

2817 4099 73 19 Orders
2900 4099 91 19 received
3002 4103 20 14 at
3032 4097 33 20 the
3075 4097 64 25 yards.
3151 4096 50 21 Uiue-

2798 4132 37 12 uoa
2844 4124 72 20 Street.
