3449 6224
196 4997 135 73 The
376 4997 224 73 Lyell
645 4997 269 73 Times.

197 5147 252 41 SATURDAY,
467 5150 272 33 SEPTEMBER
753 5153 50 35 26,
823 5153 91 31 1885.

222 5259 70 37 The
306 5266 111 30 return
434 5263 35 34 of
480 5264 164 44 amalgam
661 5266 84 33 from
757 5266 55 35 the
822 5266 114 45 plates,

183 5306 119 45 ripples
318 5308 63 33 and
398 5308 138 35 berdans
558 5317 34 27 at
607 5311 55 34 the
685 5312 122 34 United
822 5314 115 43 Alpiae

183 5351 128 45 b&Uery
339 5355 50 32 for
415 5355 56 33 the
500 5357 92 33 week
617 5358 110 33 ended
756 5360 181 42 yesterday,

181 5396 32 37 is
227 5399 139 42 blOozs.,
382 5399 82 35 from
482 5403 62 34 220
555 5407 73 30 tons
644 5403 36 34 of
688 5410 125 39 quartz.

225 5445 69 34 The
323 5452 77 28 next
435 5448 130 43 sittings
593 5452 36 31 of
661 5451 55 33 the
755 5451 88 34 R.M.
874 5453 65 33 and

184 5489 172 36 Warden's
379 5492 125 43 Courts,
527 5506 54 23 are
605 5496 85 33 fixed
713 5497 48 33 for
784 5498 132 34 Wednes-

180 5546 80 45 day,
276 5547 56 35 the
347 5550 77 33 30th
441 5550 89 42 inst.,
544 5557 34 29 at
594 5555 39 31 10
648 5555 133 37 o'clock,
799 5565 77 23 a;m.

226 5604 43 34 In
285 5605 135 35 anocher
442 5607 132 34 column
594 5621 53 22 are
669 5612 193 33 a>nnou<nced
887 5612 54 35 the

186 5661 176 43 respective
392 5662 90 35 dates
506 5665 36 33 of
560 5665 55 34 the
636 5671 78 30 next
746 5668 196 45 half-yearly

185 5717 162 43 meetings
361 5719 40 34 of
408 5720 58 35 the
483 5721 123 36 United
620 5724 129 43 AJpin*,
764 5726 99 44 Italy,
877 5727 64 33 and

180 5771 136 37 Croesus
325 5774 203 47 Companies,

229 5830 71 36 The
325 5832 79 35 Rev.
428 5834 53 35 Mr
504 5837 142 44 Spencer
669 5840 29 35 is
718 5845 36 31 to
779 5841 123 36 deliver
925 5854 19 23 a

191 5886 137 36 Lecture
343 5888 88 44 here,
453 5903 42 24 on
511 5894 57 35 the
584 5899 150 33 occasion
752 5899 36 34 of
799 5899 51 34 his
866 5904 78 31 next

187 5943 89 35 visit.
321 5945 72 36 Due
408 5953 117 39 notice,
542 5964 35 22 as
593 5958 33 30 to
641 5955 75 35 date
732 5957 64 34 and
808 5957 136 45 subject,

273 6012 118 34 appear
404 6004 36 36 in
451 6018 23 24 a
488 6007 106 38 future
606 6010 100 36 issue.

988 220 68 35 The
1073 221 79 34 Rev.
1164 221 122 34 Father
1296 221 150 41 Rolland,
1458 222 81 34 from
1553 224 145 35 Reefton.

946 278 66 33 will
1028 279 104 32 arrive
1149 278 75 34 here
1241 278 64 34 this
1317 281 149 41 evening,
1484 280 64 33 and
1562 281 139 34 conduct

949 333 88 35 Mass
1066 333 64 35 and
1159 335 138 45 Vespers
1329 340 32 29 at
1395 336 45 34 St.
1475 336 150 45 Joseph's
1655 346 29 27 to-

948 403 149 29 morrow,
1106 398 33 28 at
1151 392 54 34 the
1218 394 90 32 usual
1317 394 109 38 hours,
1430 395 193 44 —morniug
1637 398 63 32 aud

947 451 148 42 evening.

989 506 68 34 The
1083 506 131 34 athletic
1239 513 123 29 contest
1389 509 35 33 of
1444 509 53 34 the
1524 509 74 42 day,
1626 511 26 34 is
1685 525 18 21 a

948 564 223 41 quarter-mile
1202 565 151 33 foot-race
1384 565 143 34 between
1559 568 143 34 Thomas

949 620 214 43 O'Loughlin,
1180 621 36 34 of
1226 615 300 42 Bruunerton*and
1542 626 34 31 T.
1597 626 104 39 Hunt,

949 676 34 32 of
999 675 208 45 Wellington.
1253 680 67 33 The
1337 680 90 33 stake
1444 681 26 32 is
1489 681 85 34 .£1)0
1588 683 113 42 a-side,

948 732 64 33 and
1030 733 54 33 the
1100 741 97 27 event
1213 735 26 33 is
1256 740 31 28 to
1301 737 72 32 take
1388 737 87 42 place
1489 744 33 26 at
1534 738 53 34 the
1602 741 79 42 Grey-

949 789 115 32 mouth
1082 800 195 30 racecourse,
1295 803 40 21 011
1356 792 142 45 Monday
1517 800 84 27 next.

991 855 47 33 Dr
1054 857 99 41 Gaze,
1169 859 37 33 of
1219 860 173 44 Westport,
1413 862 26 32 is
1462 864 192 33 announced
1673 869 32 29 to

950 911 102 33 arrive
1068 913 76 34 litre
1168 919 198 35 to-morrow,
1390 917 63 32 and
1472 929 75 32 may
1570 920 36 32 be
1630 932 54 22 con-

950 968 106 33 sulted
1070 976 33 27 at
1122 971 52 33 the
1192 973 133 42 Empire
1343 974 110 33 Hotel.

991 1035 98 36 Local
1112 1038 63 33 and
1198 1038 124 36 distant
1348 1040 225 37 shareholders
1593 1044 34 34 in
1651 1045 54 36 the

952 1092 144 35 Manuka
1120 1095 72 33 Flat
1216 1097 181 44 Compan),
1422 1100 64 32 will
1510 1099 37 34 be
1574 1102 75 42 glad
1673 1109 32 28 to

950 1148 78 33 hear
1057 1149 72 34 that
1152 1152 81 40 good
1260 1165 147 30 progress
1430 1155 27 32 is
1484 1155 97 44 being
1611 1160 94 33 made

952 1205 78 35 with
1062 1207 53 34 the
1145 1211 167 33 extension
1349 1212 35 33 of
1410 1212 55 33 the
1503 1217 203 43 prospecting

952 1265 123 32 tunnel.
1119 1267 28 31 A
1169 1273 110 37 report
1294 1280 86 31 upon
1398 1269 54 34 the
1475 1271 140 44 locality,
1639 1275 66 34 and

952 1325 129 37 present
1103 1325 196 40 operations,
1323 1326 67 33 will
1412 1325 38 35 be
1473 1327 96 43 given
1592 1329 34 34 in
1647 1342 59 23 our

952 1382 87 26 next.

995 1445 180 40 According
1198 1451 34 31 to
1256 1448 254 37 advertisement
1533 1457 175 41 appearing

953 1501 31 31 in
1017 1503 136 32 another
1179 1505 143 41 column,
1354 1518 19 21 a
1397 1508 66 43 poll
1487 1509 36 32 of
1547 1509 53 35 the
1627 1520 64 27 rate-

955 1570 113 30 payers
1091 1561 198 39 throughout
1315 1563 54 34 the
1392 1566 140 43 County,
1560 1580 27 20 is
1613 1575 31 27 to
1672 1570 36 33 be

955 1615 94 34 taken
1067 1628 42 22 ou
1129 1617 144 45 Monday
1291 1626 87 35 next,
1402 1633 87 32 upon
1505 1624 54 33 the
1575 1625 114 44 import-

954 1680 58 26 ant
1056 1676 149 40 question
1251 1676 153 45 affecting
1451 1680 55 33 the
1552 1686 156 40 proposed

954 1738 140 26 erection
1112 1731 36 34 of
1158 1743 19 22 a
1193 1730 109 47 bridge
1320 1744 77 25 over
1415 1735 55 35 the
1487 1736 112 38 BuUer
1614 1742 94 41 river,

956 1800 77 21 near
1063 1789 174 43 Westport.
1282 1791 35 33 If
1347 1792 90 34 there
1467 1796 27 32 is
1524 1807 66 33 any
1619 1798 89 43 place

955 1845 104 33 under
1082 1846 54 33 the
1153 1858 61 22 sun
1230 1848 107 34 which
1357 1850 98 35 needs
1478 1852 104 35 better
1604 1857 104 40 roads,

956 1901 65 35 and
1035 1914 90 23 more
1141 1903 139 45 bridges,
1297 1908 177 45 assuredly,
1498 1909 27 35 it
1545 1911 27 33 is
1593 1914 95 34 round-

957 1960 98 33 about
1077 1959 67 35 this
1166 1968 73 37 part
1261 1964 36 32 of
1308 1964 54 34 the
1386 1966 117 41 Coast;
1519 1969 64 32 and
1607 1970 86 35 there-

957 2017 75 37 iore,
1049 2017 163 44 anything
1233 2019 108 35 which
1358 2022 84 33 aims
1461 2028 35 29 at
1517 2024 194 46 facilitating

957 2075 113 41 traffic,
1095 2075 41 45 by
1158 2079 171 43 removing
1348 2087 98 37 punts
1461 2082 66 34 and
1549 2083 55 35 the
1628 2085 82 43 ferry

957 2132 134 40 charges
1106 2135 152 32 attached
1275 2141 32 28 to
1322 2137 102 40 them,
1438 2140 65 31 will
1519 2141 36 31 be
1572 2141 139 44 heartily

958 2188 65 35 and
1044 2190 165 45 generally
1233 2194 164 43 approved
1419 2196 41 32 of.
1505 2196 69 35 The
1599 2197 59 36 site
1681 2200 34 33 of

958 2245 54 35 the
1036 2246 269 45 bridge,—under
1331 2252 117 39 notice,
1472 2255 66 32 will
1562 2256 37 33 be
1624 2269 87 23 some

956 2305 223 34 considerable
1190 2307 144 35 distance
1348 2312 154 32 removed
1514 2313 83 33 from
1610 2315 101 43 Lyell,

958 2360 58 35 but
1038 2362 72 35 that
1132 2364 26 33 is
1179 2364 162 44 nothing;
1364 2367 26 33 it
1412 2368 27 33 is
1464 2379 19 24 a
1506 2376 70 38 step
1599 2372 33 33 in
1658 2373 54 34 the

958 2418 87 41 right
1082 2420 155 34 direction
1253 2433 7 28 ;
1286 2425 78 31 with
1398 2432 83 33 good
1517 2429 96 32 roads
1650 2431 62 31 and

958 2474 128 44 bridges
1118 2478 114 42 spread
1262 2480 109 39 about,
1402 2482 100 35 direct
1533 2491 87 28 taxes
1649 2487 63 33 and

959 2534 112 44 delays
1085 2535 67 32 aud
1176 2536 90 33 hosts
1281 2539 36 31 of
1328 2539 94 32 other
1446 2541 266 36 inconveniences

958 2591 66 32 will
1047 2591 38 33 be
1113 2592 174 41 banished;
1311 2596 64 32 and
1399 2609 45 21 we
1468 2609 77 31 may
1568 2600 89 38 then,
1680 2602 32 33 in

957 2649 92 40 time,
1073 2648 38 36 be
1134 2649 72 35 able
1223 2656 32 29 to
1279 2658 54 37 get
1349 2652 97 35 about
1466 2654 62 35 like
1553 2659 111 43 people
1680 2659 32 34 ia

957 2707 94 31 other
1073 2708 117 41 places.
1236 2710 32 31 It
1291 2710 26 32 is
1333 2722 19 20 a
1368 2718 119 27 matter
1506 2715 36 30 of
1560 2727 152 22 common

960 2764 139 38 remark,
1111 2765 72 34 that
1195 2765 55 34 the
1264 2766 98 41 drags
1370 2780 98 31 upon,
1479 2772 62 32 and
1557 2772 156 36 obstacles

959 2826 33 27 to
1009 2821 114 34 decent
1140 2825 172 43 travelling
1327 2826 65 33 and
1416 2833 297 39 transport,—-even

960 2889 41 21 on
1025 2879 56 32 the
1104 2890 89 23 mam
1217 2882 98 33 trunk
1339 2883 63 33 line
1426 2885 35 33 of
1480 2887 89 38 road,
1593 2899 64 27 are,
1682 2891 31 31 in

958 2936 174 42 instances,
1153 2938 72 43 just
1251 2952 35 20 as
1311 2941 79 44 deep
1414 2952 58 29 set,
1497 2957 35 19 as
1559 2946 32 32 in
1621 2958 93 31 years

960 3004 87 31 upon
1077 3006 93 30 years
1198 3008 70 28 ago,
1301 2999 96 33 when
1434 3001 186 34 settlement
1650 3015 65 23 was

960 3051 139 44 perhaps
1115 3052 31 33 in
1165 3064 35 22 as
1216 3054 148 35 doubtful
1380 3068 19 21 a
1411 3063 86 28 state
1518 3059 35 32 of
1566 3059 97 35 chaos
1679 3073 35 21 as

959 3109 247 41 anything<dse.
1254 3112 91 39 Now,
1354 3114 55 31 the
1421 3126 75 21 case
1507 3116 26 31 is
1545 3116 169 42 tliiferetft;

957 3164 67 33 and
1054 3164 53 34 the
1137 3167 201 43 importance
1376 3171 35 32 of
1443 3173 130 39 regular
1600 3174 114 35 inland

957 3225 292 40 communication,
1267 3227 147 40 together
1436 3230 74 33 with
1530 3232 54 33 the
1602 3232 112 45 steady

960 3280 228 44 development
1218 3283 35 33 of
1278 3286 43 31 ali
1358 3287 72 32 that
1460 3289 105 31 which
1597 3291 27 31 is
1653 3292 62 32 fast

960 3337 120 42 adding
1115 3342 33 29 to
1188 3350 222 35 permanency
1447 3345 37 33 of
1517 3347 197 41 settlement,

960 3395 157 44 certainly
1134 3403 141 28 warrant
1298 3399 71 35 that
1385 3407 31 27 at
1439 3401 90 38 least,
1547 3404 54 33 the
1626 3407 86 32 main

959 3451 99 33 trunk
1086 3452 65 34 line
1178 3454 36 33 of
1234 3455 80 34 road
1338 3457 118 33 should
1482 3464 53 34 get
1564 3460 70 34 that
1664 3474 33 20 ex-

960 3510 169 43 penditure
1145 3513 106 34 which
1268 3514 93 34 alone
1378 3516 65 34 will
1458 3517 95 34 \nAa
1571 3519 25 33 it
1614 3520 35 34 fit
1665 3521 48 34 for

960 3566 54 34 the
1031 3578 155 33 purposes
1203 3571 164 34 intended.

1003 3635 155 42 Sergeant
1166 3639 139 40 Russell,
1319 3642 73 32 who
1402 3644 123 37 resigns
1536 3644 51 33 his
1599 3645 116 36 charge

960 3698 33 28 at
1009 3693 148 36 Kumara
1172 3703 34 26 at
1221 3698 55 33 the
1293 3700 62 33 end
1372 3701 35 33 of
1421 3701 64 33 this
1507 3703 126 40 month,
1652 3705 63 33 will

960 3749 37 34 be
1021 3752 174 35 succeeded
1219 3754 42 40 by
1279 3756 155 39 Sergeant
1450 3758 89 33 John
1564 3759 149 38 Keatimr,

960 3808 32 31 of
1007 3808 204 42 Boatman's,
1229 3812 83 39 who,
1327 3814 35 32 .in
1374 3813 82 43 July
1473 3815 72 40 last,
1563 3828 65 22 was
1644 3829 51 31 pro-

960 3865 110 33 moted
1087 3870 32 28 to
1136 3867 54 33 the
1206 3868 84 33 rank
1305 3871 35 31 of
1352 3870 186 35 third-class
1553 3879 95 38 sergt.

1001 3932 69 34 The
1083 3934 104 44 Otago
1200 3936 98 44 Daily
1312 3938 109 35 Times
1432 3950 76 33 says
1606 3943 88 34 What-

960 3999 75 24 ever
1057 4002 77 33 may
1159 3992 37 34 be
1220 3994 55 33 the
1298 3995 82 34 fault
1402 3997 35 33 of
1463 3998 51 32 Mr
1536 3999 181 36 Balance's

960 4048 108 45 policy
1080 4049 65 33 and
1157 4051 278 42 administration,
1453 4055 25 33 it
1489 4055 28 33 is
1530 4056 186 44 impossible

960 4110 33 28 to
1009 4105 101 36 doubt
1127 4107 72 36 that
1221 4108 78 46 they
1314 4123 54 23 are
1384 4112 168 44 grounded
1568 4127 41 23 on
1632 4118 68 43 prin-

960 4162 99 43 ciples
1080 4164 108 34 which
1212 4166 42 33 do
1277 4169 100 32 credit
1400 4169 83 35 alike
1505 4176 31 28 to
1560 4173 66 33 him
1651 4175 63 33 and

961 4224 32 28 to
1025 4220 55 33 the
1110 4222 122 34 House.
1278 4225 32 33 It
1331 4237 27 21 is
1385 4226 148 43 pleasant
1560 4234 32 28 to
1622 4242 52 22 see
1700 4243 17 22 a

961 4276 153 36 Minister
1129 4279 112 45 taking
1256 4293 35 21 so
1304 4282 78 44 high
1395 4295 19 22 a
1427 4284 96 34 stand
1536 4286 64 34 and
1610 4289 107 44 acting

960 4343 89 33 upon

1057 4456 160 47 THE
1316 4461 306 52 MINES.

1030 4559 109 38 (From
1170 4569 67 24 our
1270 4561 132 35 Mixing
1432 4565 28 33 R
1467 4576 15 22 is
1488 4577 155 27 porter.)

1350 4655 139 42 Friday,
1516 4660 88 45 Sept.
1629 4665 48 32 23.

1006 4706 134 35 United
1157 4709 251 39 Alpine.—The
1422 4717 158 36 excellent
1592 4725 127 31 returns

962 4761 86 35 frem
1072 4765 64 33 this
1153 4767 89 33 mine
1266 4780 53 21 are
1337 4769 95 45 being
1454 4775 140 44 steadily
1616 4780 80 33 main-

962 4819 124 41 tained,
1124 4823 63 32 and
1218 4826 194 43 everything
1440 4829 27 33 is
1497 4831 140 45 shaping
1677 4838 45 31 for

963 4877 140 34 another
1129 4880 82 40 good
1241 4883 131 42 general
1402 4886 207 48 cleaning-up
1643 4892 78 35 after

964 4934 57 32 the
1038 4935 62 32 end
1116 4937 34 32 of
1164 4937 53 33 the
1230 4946 127 28 current
1371 4944 125 33 month.
1542 4946 111 36 Inside
1666 4951 52 34 tke

968 4993 99 40 mine,
1098 4994 54 33 the
1182 4997 93 33 usual
1305 5000 139 35 nunirber
1473 5003 36 33 of
1531 5010 106 39 stopcs
1670 5021 51 22 are

968 5048 95 44 being
1081 5050 126 35 worked
1219 5064 80 23 -over
1315 5055 60 33 No.
1390 5059 21 31 £
1427 5059 92 41 level,
1533 5063 65 32 and
1615 5065 106 34 winch

964 5105 94 34 ■show
1095 5109 81 41 good
1205 5109 86 35 faces
1321 5114 34 32 of
1389 5121 102 29 stone.
1538 5119 120 42 Quarts
1696 5126 25 32 is

968 5164 130 43 coming
1119 5170 35 28 to
1180 5177 90 31 grass
1298 5170 109 42 freely.
1453 5175 68 33 The
1549 5179 77 42 only
1655 5192 50 30 per-

970 5219 135 42 ceptible
1122 5221 124 43 change
1262 5224 26 33 is
1305 5224 33 34 in
1356 5228 53 32 the
1427 5233 54 40 top
1498 5236 101 40 stope,
1616 5236 106 42 (north

967 5278 77 42 end)
1063 5279 106 34 where
1187 5293 17 20 a
1220 5282 48 33 lot
1281 5294 88 24 more
1383 5289 141 34 mullock
1540 5292 78 33 than
1631 5298 93 32 usual

970 5333 60 34 has
1053 5346 92 23 come
1171 5338 54 40 in;
1249 5339 65 33 and
1336 5341 101 36 above
1463 5345 54 34 the
1542 5351 101 42 stope,
1672 5353 53 34 the

971 5397 137 37 country
1140 5393 57 34 has
1222 5396 58 33 the
1305 5409 206 34 appearance
1541 5406 35 32 of
1604 5407 121 48 having

972 5449 135 43 slipped.
1172 5453 78 34 This
1295 5455 59 35 has
1397 5459 158 37 disclosed
1592 5477 42 21 an
1672 5481 33 32 ap-

971 5507 151 44 parently
1145 5509 140 35 massive
1300 5511 87 47 -body
1406 5516 40 33 of
1463 5522 101 39 stone,
1582 5522 38 33 of
1639 5523 86 48 large

973 5563 211 43 dimensions,
1206 5568 89 43 right
1312 5571 164 43 alongside
1495 5577 51 34 the
1569 5555 156 74 hanging

973 5620 95 41 wall;
1101 5621 57 35 but
1187 5624 99 36 about
1314 5628 119 42 which,
1473 5633 82 37 little
1592 5651 59 22 can
1692 5643 35 33 U

974 5676 119 35 known
1117 5681 84 33 until
1224 5682 54 34 the
1302 5691 90 38 stope
1416 5687 60 35 has
1499 5691 80 36 been
1601 5696 127 38 further

974 5736 169 40 extended,
1167 5738 65 34 and
1248 5741 54 33 the
1319 5754 71 22 new
1407 5747 95 34 make
1517 5750 86 35 risen
1628 5766 98 34 upon,

975 5790 65 34 and
1056 5791 121 37 broken
1193 5795 79 35 into.
1319 5799 52 34 Mr
1388 5801 187 41 Conradson
1592 5809 59 36 has
1659 5813 69 45 just

975 5852 210 34 commenced
1215 5861 229 43 cross-cutting
1468 5863 50 34 for
1547 5867 54 34 the
1631 5875 96 33 north

976 5904 103 42 block,
1096 5908 84 35 from
1196 5910 55 36 the
1267 5915 117 34 second
1400 5920 179 44 man-hole,
1594 5925 60 37 180
1665 5928 64 39 feet

976 5974 44 33 up
1033 5965 54 34 the
1100 5968 89 32 main
1200 5979 74 32 pass
1284 5971 101 36 above
1397 5975 61 34 No.
1469 5979 19 32 6
1498 5979 92 37 level.
1625 5984 104 39 Ther«

973 6031 57 25 are
1055 6020 196 41 indications
1277 6026 35 36 in
1338 6028 56 37 the
1416 6035 180 45 man-hole,
1625 6042 104 39 which

1732 238 65 22 was
1820 226 112 34 driven
1957 229 38 31 12
2021 228 73 40 feet,
2115 231 119 42 (south)
2260 231 57 33 but
2340 232 33 32 in
2397 233 94 33 order

1732 290 32 26 to
1781 285 175 33 command
1976 285 55 34 the
2055 286 142 35 mullock
2214 300 85 31 pass,
2317 290 53 31 the
2388 302 84 20 cross-

1733 347 54 27 cut
1802 340 27 33 is
1847 352 71 22 now
1935 341 95 45 being
2046 344 120 33 started
2181 345 82 34 from
2276 345 53 34 the
2343 347 146 43 opposite

1734 398 66 33 side
1817 399 35 31 of
1865 399 54 32 the
1934 401 71 31 rise.
2051 401 125 33 luciine
2202 408 171 38 tramway,
2392 405 77 31 head-

1735 467 71 22 race
1830 455 65 33 and
1917 455 138 45 battery,
2072 457 43 33 ail
2132 457 33 34 in
2188 459 84 43 good
2296 460 104 40 order,
2426 461 63 33 and

1734 512 98 44 ready
1849 513 49 33 for
1914 526 62 32 any
1994 519 136 29 amount
2147 516 35 33 of
2193 517 99 40 work,
2313 518 48 33 for
2378 531 18 20 a
2416 519 75 42 long

1735 571 74 32 time
1827 574 33 29 to
1876 581 102 23 come.

1776 627 360 36 Crossus.—-Tribnters
2152 635 33 29 at
2208 637 128 38 present

1736 685 93 32 north
1854 686 82 32 from
1961 689 89 31 main
2069 700 82 30 pass,
2165 689 70 42 just
2261 690 101 33 above
2390 691 59 32 No.
2473 693 20 31 2

1736 742 90 33 level.
1874 744 97 33 Stone
1988 745 131 40 looking
2137 753 106 36 pretty
2260 747 138 40 regular,
2426 747 65 33 and

1736 811 103 23 varies
1849 800 144 35 between
2004 815 59 21 one
2074 805 63 31 and
2154 812 61 26 two
2229 806 63 32 feet
2307 806 99 33 thick.
2439 806 52 34 S.x

1736 869 75 21 men
1828 859 32 31 in
1877 859 54 33 the
1948 862 98 36 mine,
2061 860 65 34 and
2140 865 52 30 the
2206 862 128 43 battery
2348 865 145 39 running

1736 926 61 22 one
1813 915 79 34 shift
1907 916 109 44 a-day.
2061 918 138 35 General
2217 920 223 45 cleaning-up,
2458 929 34 25 at

1736 972 176 45 beginning
1929 975 35 33 of
1976 980 77 29 next
2066 977 126 33 month.

1778 1028 69 35 Tyr
1863 1030 444 48 Connell.—Blocking-out
2322 1047 42 22 on
2385 1035 117 35 leader'

1738 1092 32 27 at
1786 1092 55 38 top
1857 1088 35 32 of
1902 1089 71 32 rise.
2020 1090 98 33 Stone
2135 1091 137 44 keeping
2286 1092 99 34 about
2400 1096 93 31 usual

1737 1145 75 36 size,
1827 1145 63 32 and
1902 1145 147 43 showing
2062 1148 74 38 gold
2150 1154 105 37 pretty
2272 1149 105 44 fairly.
2424 1152 67 31 The

1738 1198 124 35 outside
1887 1200 105 35 works
2021 1215 53 22 are
2104 1203 97 45 being
2225 1205 125 43 pushed
2375 1206 114 40 ahead,

1738 1263 210 39 preparatory
1964 1261 48 32 for
2029 1261 52 33 the
2098 1262 164 43 crushing.
2307 1264 68 33 The
2397 1269 93 30 stone

1738 1315 67 33 will
1827 1315 38 34 be
1888 1316 137 35 lowered
2049 1318 43 43 by
2115 1330 18 22 a
2159 1320 106 40 shoot,
2288 1324 64 30 two
2376 1321 115 33 chains

1738 1372 204 39 long,—now
1959 1375 33 32 in
2009 1387 110 21 eourse
2135 1377 36 32 of
2182 1379 231 38 construction,
2430 1379 64 33 and

1740 1434 31 28 at
1795 1429 55 35 the
1875 1429 138 42 bottom,
2037 1443 18 22 a
2081 1433 95 34 small
2199 1434 148 44 paddock
2375 1436 27 33 is
2428 1436 67 34 also

1740 1487 95 42 being
1864 1492 59 38 put
1952 1499 54 32 up.
2061 1490 101 33 From
2186 1492 76 40 this,
2294 1494 55 33 the
2379 1499 114 38 quartz

1739 1544 63 33 will
1820 1543 38 34 be
1874 1544 135 45 bagged,
2026 1546 65 34 and
2107 1548 108 34 carted
2232 1555 31 28 to
2287 1550 54 34 the
2364 1551 131 36 Croesus

1740 1602 104 38 shoot,
1862 1613 43 22 on
1920 1603 54 33 the
1990 1604 103 44 Eight
2110 1605 76 34 Mile
2204 1607 90 33 road.

1783 1658 134 34 United
1962 1660 349 45 Italy.—Operations
2353 1677 42 22 on
2431 1665 65 34 this

1740 1715 85 33 lease
1840 1727 54 21 are
1911 1721 34 28 at
1959 1723 131 38 present
2107 1718 241 35 discontinued.

1783 1773 262 36 Maruia.—The
2061 1776 152 34 tributers
2230 1789 53 22 are
2300 1778 82 43 busy
2394 1780 103 33 inside

1737 1831 68 43 just
1820 1842 85 29 now,
1907 1843 131 23 —some
2051 1835 222 44 constructing
2286 1836 153 44 roadway
2450 1836 49 35 for

1740 1887 193 43 facilitating
1955 1888 159 42 handling
2129 1890 36 32 of
2183 1894 103 33 stone,
2303 1892 63 32 and
2391 1893 109 33 others

1741 1944 226 45 bloeking-out
1983 1959 40 21 on
2041 1948 78 33 each
2136 1948 67 33 side
2220 1951 36 30 of
2273 1950 112 33 winze.
2432 1951 67 35 The

1743 2003 109 33 leader
1877 2003 59 34 has
1960 2016 19 21 a
2004 2004 114 33 deceut
2147 2016 137 33 average
2310 2007 166 34 thickness
2491 2019 7 26 ;

1743 2059 117 33 carries
1884 2061 59 32 fair
1965 2061 85 43 gold,
2074 2062 34 34 in
2138 2064 106 44 places
2262 2075 7 29 ;
2294 2064 56 33 but
2372 2064 27 33 is
2423 2064 79 33 both

1743 2118 139 33 difficult
1905 2120 64 32 and
1985 2122 171 41 expensive
2172 2128 32 27 to
2224 2122 119 36 follow,
2361 2122 141 42 through

1743 2175 56 32 the
1828 2186 206 23 unevenness
2063 2179 35 31 of
2126 2180 54 32 the
2210 2186 104 33 stone,
2345 2180 64 32 and
2447 2180 55 33 the

1744 2231 206 44 irregularity
1974 2233 35 34 of
2021 2234 188 41 formation,
2254 2236 28 34 A
2299 2236 155 44 crushing
2476 2238 26 33 is

1744 2289 164 38 intended,
1927 2289 106 35 before
2051 2292 192 33 Christmas.

1788 2346 111 34 Lykll
1924 2347 113 35 Creek
2061 2350 239 43 Extd.—Very
2323 2351 61 33 fair
2407 2352 76 34 head-

1746 2416 72 31 way
1835 2404 96 43 being
1950 2407 94 32 made
2062 2405 41 44 by
2122 2407 53 35 the
2192 2411 311 38 contractors,—the

1745 2468 129 36 present
1902 2463 67 32 face
1997 2463 35 33 of
2057 2464 54 33 the
2142 2464 83 35 level
2250 2477 72 23 now
2347 2466 97 41 being
2470 2468 33 33 in

1745 2520 151 40 upwards
1926 2520 35 31 of
1991 2522 77 31 1100
2098 2522 74 32 feet.
2226 2524 29 32 A
2285 2525 219 33 well-defined

1746 2575 89 34 track
1853 2588 65 21 was
1935 2583 55 28 cut
2007 2577 140 44 through
2166 2579 53 35 the
2232 2580 94 35 other
2336 2581 73 45 day,
2427 2593 55 23 con-

1745 2633 116 44 sisting
1891 2635 35 31 of
1953 2647 18 20 a
2001 2636 73 32 vein
2098 2637 35 32 of
2155 2644 114 36 quartz
2300 2644 62 28 two
2393 2640 111 33 inches

1746 2691 99 39 thick,
1876 2692 112 42 laying
2018 2694 34 32 in
2081 2707 18 20 a
2129 2706 75 31 pug,
2235 2697 66 32 and
2331 2698 63 33 soft
2423 2699 80 33 slate

1745 2747 186 35 formation.

1988 2857 277 35 LATEST

1789 2913 290 49 CABLE
2174 2917 284 50 NEWS.

2141 3058 148 40 London,
2308 3059 89 45 Sept.
2415 3061 48 33 18.

1790 3111 51 32 Sir
1858 3112 141 34 Michael
2013 3115 242 40 Hicks-Reach,
2269 3117 194 34 Chancellor
2474 3119 35 32 of

1747 3167 54 33 the
1819 3169 202 43 Exchequer,
2038 3171 174 34 addressed
2235 3184 18 22 a
2273 3173 108 43 public
2405 3181 79 28 meet-

1747 3225 55 42 ing
1818 3226 35 33 of
1866 3226 55 34 the
1938 3226 135 35 electors
2089 3228 36 33 of
2136 3229 79 34 East
2226 3230 277 36 Gloucestershire

1748 3284 61 31 last
1831 3285 93 38 night
1947 3290 33 26 at
1996 3286 210 33 Cirencester.
2252 3288 41 32 In
2315 3289 56 33 the
2394 3301 111 23 course

1745 3341 37 32 of
1801 3339 50 33 his
1875 3341 116 43 speech
2015 3342 40 32 he
2072 3342 116 35 denied
2212 3344 54 34 the
2289 3347 162 34 existence
2474 3348 35 34 of

1748 3407 63 32 any
1829 3404 148 36 compact
1994 3398 84 34 betw
2100 3412 40 21 en
2157 3400 55 34 the
2236 3402 191 35 Parnellites
2442 3405 65 33 and

1748 3453 230 34 Conservative
1997 3457 118 40 parties
2133 3458 172 43 regarding
2328 3460 54 33 the
2398 3461 108 33 Home

1749 3510 81 34 Rule
1870 3513 158 42 question.
2077 3515 52 33 Sir
2159 3515 140 36 Miehael
2336 3519 169 43 expressed

1748 3568 134 34 h'mself
1900 3581 33 21 m
1956 3571 91 33 favor
2062 3573 36 31 of
2111 3573 53 33 the
2183 3576 169 32 extension
2368 3576 36 33 of
2422 3576 83 33 local

1748 3626 288 42 self-government
2053 3636 31 26 to
2101 3629 54 34 the
2171 3630 169 44 kingdom.

2311 3689 87 45 Sept.
2415 3692 50 34 20.

1790 3740 137 33 Advices
1950 3741 82 33 from
2058 3743 101 42 Sicily
2175 3749 85 28 state
2284 3746 73 34 that
2379 3747 129 34 cholera

1748 3799 26 32 is
1805 3799 182 45 increasing
2014 3804 32 30 to
2077 3814 42 21 an
2150 3801 160 47 alarming
2335 3809 112 30 extent
2476 3811 32 29 at

1750 3856 158 34 Palermo.

1794 3912 94 34 News
1910 3915 26 32 is
1959 3918 34 29 to
2015 3915 90 33 hand
2127 3915 84 35 from
2235 3917 173 36 Roumelia
2430 3919 35 35 of
2488 3932 19 22 a

1749 3971 182 33 revolution
1971 3971 122 46 having
2136 3973 98 35 taken
2270 3976 90 42 place
2404 3977 103 34 there.

1750 4028 212 43 Fortunately
1977 4029 25 34 it
2018 4028 27 34 is
2060 4033 32 30 ol
2107 4042 19 21 a
2142 4032 145 42 peaceful
2302 4037 128 35 nature,
2449 4045 39 23 un-

1750 4086 231 43 accompanied
1997 4086 42 44 by
2060 4086 190 36 bloodshed.
2294 4090 70 34 The
2380 4091 108 35 inhabi-

1750 4148 88 28 tants
1860 4155 33 22 in
1917 4144 55 34 the
1987 4145 153 43 province
2163 4146 107 35 seized
2288 4147 54 35 the
2366 4149 141 35 Turkish

1752 4201 177 39 Governor,
1959 4201 102 35 Aleko
2092 4203 119 41 Pasha,
2249 4204 65 35 and
2351 4206 109 35 issued
2490 4220 18 21 a

1750 4258 236 44 proclamation
2022 4259 166 44 declaring
2228 4261 56 35 the
2327 4263 103 35 union
2474 4276 19 22 o

1752 4316 172 33 Boumelia
1933 4317 77 32 with
2020 4317 164 44 Bulgaria.
2230 4320 68 34 The
2311 4321 196 34 Roumelian

1751 4385 94 32 army
1861 4375 76 33 took
1954 4373 54 35 the
2023 4375 78 33 oath
2114 4375 34 34 of
2156 4376 175 44 allegiance
2346 4383 31 30 to
2391 4380 116 34 Prince

1753 4430 180 34 Alexander
1966 4430 36 36 of
2030 4432 181 42 Boumelia,
2249 4436 65 33 and
2350 4448 54 22 are
2437 4450 71 22 now

1752 4500 181 31 occupying
1949 4490 123 32 several
2088 4491 151 43 strategic
2260 4494 109 42 points
2385 4507 42 21 on
2453 4496 55 34 the

1752 4545 138 35 Turkish
1921 4547 143 35 frontier.
2110 4549 205 45 Consequent
2344 4563 41 23 on
2418 4554 90 34 these

1752 4611 124 32 events,
1907 4605 55 33 the
1993 4606 178 44 Bulgarian
2206 4620 93 33 army
2329 4610 60 34 has
2425 4611 82 35 been

1754 4661 179 35 mobilised.

2313 4725 88 43 Sept.
2418 4728 50 33 21.

1794 4776 28 33 A
1850 4777 156 43 telegram
2037 4781 32 30 to
2100 4779 87 34 hand
2220 4781 83 33 from
2334 4783 174 34 Roumelia

1753 4836 98 30 states
1869 4833 71 34 that
1958 4835 112 34 Prince
2088 4836 191 42 Alexander,
2298 4838 35 35 of
2341 4840 168 43 Bulgaria,

1753 4890 107 34 issued
1884 4903 18 21 a
1925 4892 173 34 manifesto
2123 4899 31 28 to
2174 4894 55 35 the
2252 4896 203 36 inhabitants
2479 4900 35 33 of

1754 4948 154 43 Bulgaria
1936 4950 65 33 and
2038 4951 185 42 Roumelia,
2257 4955 33 33 in
2320 4956 108 34 which
2471 4958 40 34 be

1754 5012 126 38 a-ccepts
1900 5007 57 33 -the
1981 5020 109 22 crown
2106 5010 36 33 of
2159 5010 55 35 the
2236 5018 67 29 two
2328 5014 183 43 Bulgarias,

1754 5063 64 33 and
1848 5064 79 33 calls
1957 5077 87 31 upon
2075 5066 55 35 the
2164 5070 113 43 people
2307 5075 32 29 to
2370 5072 77 44 help
2481 5078 32 29 to

1750 5120 120 34 'defend
1898 5121 54 33 the
1976 5122 112 34 union.
2135 5125 115 35 Prince
2276 5128 184 36 Alexander
2484 5132 28 32 is

1755 5189 40 22 on
1813 5178 50 33 his
1878 5190 72 31 way
1972 5183 34 29 to
2030 5181 232 44 Phillppopoli,
2278 5184 55 35 the
2356 5187 157 43 principal

1754 5238 89 30 town
1858 5235 35 33 in
1909 5236 140 34 Eastern
2065 5237 185 37 Roumelia.

2313 5301 91 42 Sept.
2422 5303 50 31 22.

1798 5349 86 34 Lord
1918 5351 209 42 Carrington,
2173 5354 213 37 Governor-el
2408 5362 31 29 ct
2484 5359 34 34 of

1759 5407 80 33 New
1856 5408 103 33 South
1984 5409 118 41 Wales,
2118 5411 77 33 sails
2214 5412 48 33 for
2284 5414 166 35 Australia
2473 5426 41 23 on

1756 5463 56 34 the
1829 5464 85 32 22nd
1931 5464 147 33 October.

1966 5572 131 33 NEWS
2119 5574 58 33 BY
2201 5575 96 34 THE

1803 5626 109 49 SAN
1946 5628 327 52 FRANCISCO
2305 5633 165 50 MAIL.

1803 5759 135 34 Hanlan
1957 5772 70 22 won
2043 5761 51 34 his
2110 5762 71 35 first
2197 5776 76 25 race
2287 5779 91 25 since
2392 5774 108 31 return-

1761 5817 55 43 ing
1827 5816 105 42 home,
1947 5816 130 47 beating
2089 5819 65 36 Lee
2167 5820 43 46 by
2220 5825 66 35 two
2300 5825 143 47 lengths.
2465 5829 55 36 He

1761 5876 27 32 is
1803 5886 74 22 now
1892 5879 33 31 to
1941 5887 67 23 row
2023 5877 83 35 Ross
2121 5890 21 22 a
2157 5879 91 36 three
2264 5884 78 35 mile
2358 5896 84 23 race.

1803 5932 244 46 Farquharson,
2076 5935 55 36 the
2157 5936 182 50 defaulting
2364 5955 157 36 manager

1762 5991 36 33 of
1809 5991 56 34 the
1883 5992 149 34 Munster
2046 5994 106 39 Bank,
2169 6006 67 24 was
2248 6000 111 33 traced
2369 6004 32 31 to
2419 6002 102 45 Spain

1761 6048 44 43 by
1820 6049 111 37 letters
1948 6050 128 37 written
2093 6055 33 33 to
2143 6052 121 39 friends
2279 6056 35 37 in
2331 6058 124 36 Dublin

2565 235 69 33 The
2649 235 99 44 yacht
2763 235 176 38 Sunbeam,
2955 236 76 32 with
3047 235 180 34 Gladstone
3240 249 40 21 on

2523 289 109 41 board,
2650 292 136 33 reached
2805 293 138 42 Bergen,
2970 292 151 44 Norway,
3139 304 42 21 on
3198 294 82 40 Aug.

2524 348 48 34 18.
2617 348 69 35 The
2710 349 64 35 late
2791 349 146 35 Premier
2955 361 66 22 was
3037 350 127 44 greatly
3188 349 74 34 bene-

2523 406 77 33 fited
2618 408 41 42 by
2676 409 54 32 the
2750 409 73 42 trip.
2869 409 52 32 He
2939 408 95 33 made
3060 419 18 22 a
3102 408 182 43 pedestrian

2524 465 169 33 excursion
2709 465 82 35 from
2809 466 80 35 Fied
2906 465 115 36 Feiord
3033 472 31 28 to
3077 465 205 44 Varingford,

2527 524 36 30 18
2595 523 104 40 miles,
2730 525 140 34 without
2900 526 95 43 being
3029 524 155 43 fatigued.
3231 524 51 34 He

2525 578 151 35 returned
2702 585 32 28 to
2765 581 152 44 England
2943 594 41 22 on
3019 582 51 34 fchn
3098 582 88 34 27th.
3232 582 51 31 H.j

2526 647 63 22 was
2614 639 202 35 courteously
2843 639 145 34 received
3014 640 206 42 everywhere
3244 637 40 44 by

2526 692 53 34 tin
2598 693 221 44 Ixorwegians.

2567 750 68 33 The
2662 751 114 34 Prince
2799 753 36 32 of
2857 753 105 33 Wales
2993 753 55 33 left
3076 753 135 31 London
3238 752 49 33 fo;

2529 806 138 43 Norway
2683 808 33 33 in
2735 809 53 33 the
2808 810 103 41 Royal
2927 810 101 41 yacht
3044 820 40 22 on
3105 813 81 40 Aug.
3205 811 49 30 20.

2569 865 130 32 Several
2716 865 179 34 thousands
2904 868 35 32 of
2945 867 220 43 unemployed
3184 865 81 34 work-

2527 921 55 42 ing
2607 933 75 22 men
2710 924 181 32 assembled
2916 929 34 28 at
2975 924 163 42 Hackney
3162 935 43 21 on
3235 923 54 34 the

2527 980 89 38 27th,
2633 980 63 33 and
2712 980 140 43 adopted
2869 994 18 20 a
2897 982 177 33 resolution
3085 981 201 43 demanding

2528 1037 225 33 Government
2769 1043 31 27 to
2817 1039 95 32 assist
2930 1037 89 35 them
3038 1044 32 27 to
3089 1039 168 42 emigrate.

2571 1105 25 31 A.
2613 1105 123 32 British
2753 1107 212 31 man-of-war
2980 1105 57 34 left
3058 1107 93 32 Aden
3176 1117 42 21 on
3235 1107 54 31 the

2528 1161 76 33 28th
2621 1163 126 40 August
2763 1166 32 28 to
2811 1173 124 31 occupy
2951 1163 120 38 Ambo,
3090 1163 141 33 situated
3247 1174 41 22 on

2529 1218 172 43 Loorigato
2718 1218 82 43 Bay,
2826 1218 82 34 East
2929 1218 123 34 Africa.
3099 1219 70 33 The
3186 1219 103 44 object

2529 1276 26 32 is
2585 1279 32 29 to
2648 1275 176 43 anticipate
2856 1276 54 33 the
2939 1278 198 42 occupation
3175 1277 36 33 of
3237 1277 52 34 the

2528 1331 89 44 place
2633 1331 42 44 by
2692 1332 134 33 France.

2570 1401 28 31 A
2615 1400 134 34 volcano
2767 1400 55 33 has
2838 1400 89 34 burst
2944 1406 55 28 out
3018 1401 34 33 in
3070 1401 146 35 Nevada.

2570 1469 112 42 Queen
2698 1469 145 34 Victoria
2859 1469 65 34 and
2947 1469 60 35 her
3024 1471 102 33 Court
3142 1471 58 34 left
3219 1472 54 33 Bal-

2530 1525 101 33 moral
2647 1537 42 22 on
2697 1527 127 43 August
2832 1526 70 34 4th.
2941 1527 68 34 The
3020 1528 173 43 Highland
3206 1529 87 34 clans

2530 1595 80 30 gave
2634 1596 18 19 a
2674 1584 102 41 grand
2793 1584 165 43 reception
2981 1591 32 27 to
3039 1586 147 34 Princess
3211 1587 59 33 Bea-

2530 1639 78 33 trice
2627 1639 65 33 and
2708 1639 116 35 Prince
2842 1641 116 45 Henry
2975 1643 34 32 of
3022 1643 211 43 Battenbeig.

2572 1708 89 32 John
2702 1709 125 32 liuskin
2859 1710 26 32 is
2923 1711 112 43 slowly
3073 1711 101 44 dying
3210 1712 82 33 from

2533 1764 142 35 oerebral
2692 1766 137 41 disease,
2853 1769 232 43 accompanied
3109 1769 40 44 by
3172 1769 100 34 insom-

2533 1832 66 21 nia.

2577 1889 68 32 The
2664 1890 78 32 Earl
2759 1891 36 31 of
2810 1891 93 33 Doon
2920 1893 96 32 mad*
3033 1905 41 21 an
3091 1894 79 33 offer
3185 1895 35 33 of
3240 1902 52 26 ten

2535 1958 57 31 p«r
2619 1952 83 28 cent,
2733 1950 166 32 reduction
2925 1952 33 31 in
2987 1951 54 33 the
3067 1961 89 24 rents
3186 1954 34 33 of
3245 1954 48 33 bis

2537 2003 162 33 Limerick
2718 2009 141 28 tenants.
2905 2007 32 32 It
2952 2019 67 21 was
3034 2009 161 42 accepted.

2579 2071 91 32 After
2686 2083 18 20 a
2720 2077 125 38 stormy
2862 2075 153 44 meeting,
3034 2087 16 21 a
3067 2075 61 33 riot
3139 2078 154 33 occurred

2538 2133 33 28 at
2601 2128 236 45 Londonderry
2869 2143 41 21 on
2941 2133 126 39 August
3101 2136 50 32 20.
3196 2137 100 38 Forty

2539 2184 132 32 soldiers
2688 2184 72 34 beat
2783 2197 19 21 a
2819 2188 105 31 crowd
2942 2188 34 33 of
2994 2189 159 39 civilians,
3171 2192 103 33 where-

2539 2252 87 33 upon
2650 2241 55 34 the
2728 2241 95 36 latter
2842 2244 112 34 turned
2976 2257 88 33 upon
3088 2247 53 34 the
3165 2248 131 34 soldiers

2539 2298 65 33 and
2634 2311 18 21 a
2682 2300 107 43 picket
2817 2303 102 39 guard
2958 2303 62 33 had
3052 2310 32 28 to
3121 2305 38 33 be
3196 2307 100 33 called

2539 2363 65 26 out.
2652 2357 71 33 The
2753 2361 103 41 guard
2881 2372 82 22 were
2989 2362 127 40 obliged
3144 2371 31 25 to
3206 2376 90 31 carry

2540 2414 84 33 fixed
2653 2415 157 43 bayonets
2841 2418 47 33 for
2916 2420 63 32 self
3006 2419 142 35 defence.
3195 2423 100 33 Order

2539 2482 66 22 was
2622 2472 77 33 with
2716 2472 158 47 difficulty
2892 2476 155 33 restored.

2581 2540 67 33 The
2667 2541 214 34 Nationalists
2893 2543 36 33 of
2939 2544 84 32 Cork
3034 2545 65 33 and
3113 2545 158 35 Waterfor
3283 2548 11 32 I

2539 2598 182 34 assembled
2738 2603 33 30 at
2787 2599 228 37 Knockamore
3038 2614 41 23 on
3096 2604 126 41 August
3245 2607 49 37 25,

2540 2654 64 34 and
2633 2656 142 34 interred
2812 2668 18 23 a
2867 2658 175 35 document
3075 2662 221 45 representing

2536 2714 101 30 crime
2661 2725 34 20 as
2718 2726 61 20 one
2796 2716 101 32 result
2911 2717 38 31 of
2962 2717 86 32 Lord
3066 2719 228 39 Carnarvon's,

2539 2770 144 42 peaceful
2700 2781 148 33 progress
2864 2771 140 46 through
3020 2772 141 36 Ireland.

2567 2865 245 47 [Continuation
2829 2870 35 33 of
2880 2872 104 37 News,
3003 2884 51 22 see
3078 2874 58 31 4th
3155 2872 111 44 Page.'

691 77 135 52 till:
898 82 220 47 LYKLL
1185 79 219 54 TIMES,
1476 81 365 59 SAT'JRDW,
1919 83 404 56 ST-rTF.Mnrrv
2397 86 62 56 -A
2540 102 78 40 rSX
2627 110 19 46 S

376 374 119 33 GOLD
523 376 172 32 MINING

179 418 186 37 LEASE
407 423 62 32 10
508 423 68 31 BE
615 421 277 35 GRANTED.

338 515 124 32 Public
487 514 250 35 Notification.

210 607 24 33 N
254 607 195 39 conformity
471 606 77 32 with
567 606 54 33 the
639 606 74 33 37th
739 607 118 32 section
882 608 35 32 of

192 672 11 8 -
250 660 17 12 •'
292 654 57 32 ihe
377 653 103 32 Mines
506 656 70 35 Act,
749 652 64 34 and
836 653 78 34 with

164 701 54 33 the
241 700 197 38 regulations
457 698 93 32 made
568 704 100 27 under
692 699 70 31 that
784 700 61 31 Act
869 701 46 30 for

165 746 53 35 the
235 745 151 43 planting
400 752 31 26 oi
444 744 101 34 leat>eb
558 745 47 31 for
617 743 278 44 gold-niiningpur-

163 802 103 35 poses,
290 792 24 33 it
337 793 24 30 is
385 788 118 46 hereby
522 789 132 34 notified
678 788 71 34 that
771 797 25 25 it
818 790 26 33 is
868 790 30 31 in-

165 839 115 33 tended
307 844 31 26 to
361 842 94 35 grant
478 849 17 19 a
626 836 36 32 of
682 836 115 32 Crown
821 835 94 35 lands

165 889 49 30 for
229 884 216 43 galdinining
455 893 155 33 purposes
622 889 30 26 to
666 881 54 33 the
734 881 182 43 applicants

165 930 151 46 specified
341 931 30 33 in
390 929 54 33 the
461 928 144 34 annexed
631 927 159 35 Schedule
807 928 109 33 unless

167 980 90 31 there
269 978 83 31 shall
369 978 36 31 l>e
418 975 84 32 valid
510 975 178 43 objections
700 976 128 40 against
836 974 79 32 such

161 1023 97 36 lease.

208 1081 184 42 Objections
404 1084 33 29 to
450 1079 54 33 the
519 1078 152 44 granting
681 1078 37 34 of
728 1077 77 33 such
819 1077 96 39 lease,

165 1127 122 42 stating
305 1126 51 33 the
373 1126 141 38 grounds
537 1139 17 18 o
584 1124 166 43 objection,
776 1127 86 28 must
881 1122 35 32 he

165 1172 96 34 made
291 1173 32 31 in
354 1173 138 36 writing,
523 1173 65 29 and
616 1169 112 43 lodged
756 1168 76 32 with
863 1168 54 31 the

166 1220 141 32 harden
331 1227 32 24 at
386 1218 102 42 Lyell,
511 1230 38 20 on
575 1228 36 21 or
635 1216 104 33 before
763 1214 53 34 the
840 1213 76 35 27th

162 1265 65 43 day
245 1267 31 31 of
292 1264 148 37 October,
457 1266 89 31 1865.

208 1310 88 44 Copy
314 1310 34 33 of
362 1310 53 33 the
432 1310 192 42 application
640 1307 106 40 made,
760 1307 64 33 and
841 1306 40 45 pi:
895 1316 21 23 o

163 1357 159 37 annexed,
346 1367 75 30 may
447 1355 37 33 be
508 1367 74 20 seen
610 1361 34 27 at
670 1354 54 33 the
749 1353 169 34 Warden's

163 1402 113 40 Office,
293 1411 33 25 at
342 1401 101 43 Lyell.

447 1492 190 33 Schedule.

204 1550 211 45 Applicants:
454 1552 144 31 William
636 1552 35 31 P.
710 1549 107 34 Smith
855 1548 63 34 and

288 1597 114 34 Nicola
414 1596 134 35 Cacace.

207 1654 90 44 Style
327 1653 102 34 under
457 1653 106 33 which
594 1653 25 33 it
641 1654 28 32 is
699 1653 155 33 intended
890 1660 30 25 to

289 1699 137 34 conduct
443 1698 55 35 the
513 1698 147 34 business
681 1709 7 24 :
714 1699 205 34 Commotion

288 1749 122 40 Quartz
428 1747 128 41 Mining
573 1747 182 44 Company.

208 1804 83 34 Area
305 1813 6 24 :
337 1804 38 33 16
390 1815 89 22 acres
491 1804 19 32 2
525 1803 106 33 roods.

207 1861 147 42 Locality
369 1869 7 24 :
399 1861 117 43 Alpine
533 1861 122 39 Range,
676 1860 101 43 Lyell.

210 1918 127 44 Mining
353 1919 153 34 District:
531 1919 122 34 Nelson
672 1919 207 35 South-west.

210 2011 106 34 Given
332 2010 104 34 under
449 2022 57 33 my
531 2011 97 39 hand,
645 2016 33 29 at
701 2011 134 40 Nelson,
858 2010 65 34 this

166 2057 74 35 21st
268 2057 64 45 day
361 2057 35 35 of
430 2057 196 45 September,
664 2069 60 23 one
762 2056 161 36 thousand

166 2104 94 44 eight
273 2103 150 34 hundred
436 2105 66 32 and
514 2104 201 43 eighty-five.

293 2158 181 36 ALFRED
498 2158 310 42 GREENFIELD,

309 2217 256 36 Commissioner
580 2218 35 34 of
628 2218 115 35 Crown
762 2218 120 34 Lands*

379 2274 160 45 (Holding
551 2276 167 41 delegated
734 2276 148 44 powers.)

365 2528 163 35 PUBLIC
553 2528 175 35 NOTICE,

294 2620 506 36 PROPERTY-TAX,

172 2714 233 35 PROPERTY
417 2714 290 34 ASSESSMENT
723 2715 94 40 ACT,
836 2715 88 41 1879,

285 2761 94 35 AND
396 2761 70 35 ITS
480 2761 330 35 AMENDMENTS,

171 2889 44 37 J-
259 2899 108 46 public
384 2898 103 35 notice
503 2899 27 33 is
542 2898 120 46 hereby
674 2900 97 41 given
789 2900 71 33 that
870 2901 55 32 the

172 2949 71 31 21st
258 2946 63 44 day
335 2947 37 33 of
384 2946 137 34 October
543 2955 76 24 next
642 2949 26 31 is
684 2947 55 33 the
755 2949 88 37 time,
861 2947 63 33 and

172 3004 57 31 my
246 2993 110 39 Office,
381 2993 222 32 Government
624 2992 181 44 Buildings,
829 2994 76 32 Well-

172 3039 124 44 ington,
320 3039 26 32 is
361 3038 55 33 the
431 3038 100 43 place,
548 3046 33 25 at
601 3039 107 32 which
726 3040 42 32 ail
789 3051 136 32 persons

172 3086 32 32 in
233 3085 56 34 the
319 3085 124 43 Colony
473 3095 54 23 are
557 3085 148 43 required
737 3093 31 26 to
798 3086 126 33 furnish

173 3131 201 32 Statements
389 3132 32 30 of
437 3130 43 32 all
497 3130 80 33 Real
600 3133 61 29 and
680 3130 153 34 Personal
850 3133 55 30 Pro-

171 3181 93 39 perty
286 3175 175 43 belonging
483 3180 34 28 to
539 3175 104 40 them,
666 3177 33 31 in
726 3177 198 33 accordance

167 3221 82 36 with
265 3222 56 35 the
336 3222 70 35 said
420 3223 89 34 Acts,

554 3268 35 34 J.
614 3269 188 39 SPERRY,

364 3314 240 44 Property-Tax
620 3315 264 34 Commisiioner,

212 3359 212 45 Wellington,
441 3361 49 32 Ist
507 3361 200 43 September,
725 3363 89 32 1885,

214 3452 245 34 N.B.—Forms
480 3453 35 32 of
534 3457 177 30 statement
725 3453 67 33 will
810 3453 39 33 be
873 3453 34 33 de-

172 3499 121 35 livered
309 3499 42 45 by
367 3500 165 34 Assessors
548 3511 34 23 as
598 3499 49 34 far
662 3512 35 22 as
720 3500 204 44 practicable,

172 3545 69 41 but,
258 3557 35 22 as
315 3546 55 33 the
386 3546 81 42 duty
483 3546 36 33 of
530 3547 172 42 procuring
723 3547 79 32 such
826 3549 99 31 forms

172 3591 29 35 is
230 3595 69 31 cast
327 3603 87 33 upon
444 3591 55 35 the
528 3591 119 45 public,
680 3604 42 22 no
752 3605 117 32 person
899 3594 26 33 is

168 3638 143 34 excused
334 3639 83 32 from
431 3638 186 44 neglecting
638 3644 31 28 to
683 3640 134 43 provide
840 3640 63 33 him-

169 3685 65 35 self
241 3685 181 34 therewith.

213 3730 117 34 Forms
345 3741 77 32 may
435 3728 41 35 be
488 3729 154 35 obtained
657 3732 82 33 from
751 3742 66 33 any
834 3733 71 32 Post-

167 3781 133 35 master,
316 3788 37 23 or
367 3777 83 33 from
469 3776 54 36 the
540 3777 98 34 Local
655 3779 160 33 Assessor.

347 3874 183 35 BULLER
551 3876 195 34 COUNTY,

168 4000 79 35 TN
279 4000 270 36 PURSUANCE
580 4002 37 34 of
642 4002 205 36 notification
876 4015 33 23 re-

272 4064 110 36 ceived
404 4065 83 36 from
509 4064 56 36 the
590 4065 127 45 County
746 4066 179 34 Chairman

170 4132 36 31 to
227 4128 75 36 take
325 4141 19 22 a
366 4129 115 35 POLL
498 4129 37 34 of
553 4130 55 35 the
633 4131 292 34 RATEPAYERS

167 4191 40 35 of
219 4191 55 35 the
289 4191 196 42 BULLER,
499 4192 194 42 COUNTY,
708 4206 45 22 on
769 4194 157 39 Monday,

171 4254 56 35 the
243 4254 78 35 28th
334 4254 67 45 day
414 4254 38 35 of
473 4254 212 40 September,
704 4257 90 39 1885,
811 4268 42 22 on
871 4256 56 34 the

169 4318 154 45 proposal
339 4322 33 31 to
385 4322 89 30 erect
490 4329 19 24 a
525 4316 118 45 Bridge
657 4330 77 23 over
746 4319 54 33 the
815 4319 113 33 Buller

172 4381 109 42 River,
305 4387 33 30 at
353 4383 188 44 Westport;
565 4384 17 32 I
599 4384 190 33 HEREBY
809 4384 116 33 GIVE

172 4443 165 38 PUBLIC
354 4446 180 41 NOTICE,
558 4446 72 35 that
645 4446 56 34 the
722 4446 69 35 Poll
807 4446 63 34 will
888 4445 37 35 be

170 4507 101 36 taken
297 4520 42 23 on
366 4508 56 35 the
449 4508 101 35 above
573 4509 74 44 day,
673 4514 32 28 at
731 4508 55 34 the
814 4509 113 33 Court

173 4571 132 41 House,
328 4571 105 45 Lyell,
456 4571 228 41 commencing
700 4576 32 29 at
751 4573 20 32 0
794 4571 133 38 o'clock,

173 4634 35 34 in
224 4633 56 35 the
296 4635 166 39 forenoon,
486 4633 66 36 and
570 4635 120 43 ending
707 4639 32 29 at
755 4635 19 33 G
792 4633 136 42 o'clock,

172 4698 35 34 in
224 4697 55 36 the
294 4698 181 35 afternoon.

389 4760 128 35 ROBT.
541 4760 38 34 F.
603 4759 203 41 MULLAN,

561 4823 184 43 Returning
760 4823 128 33 Officer.

215 4884 178 46 Westport,
411 4887 76 34 14th
505 4887 100 43 Sept.,
624 4888 89 33 1885.

2543 2987 171 33 UNITED
2737 2989 168 33 ALPINE
2930 2991 176 41 QUARTZ
3125 2993 171 33 MINING

2691 3052 228 40 COMPANY,
2937 3055 206 33 LIMITED.

2543 3176 128 62 rpHE
2716 3178 318 35 HALF-YEARLY
3079 3181 216 35 GENERAL

2549 3213 44 34 X
2648 3240 211 36 MEETING
2875 3243 35 34 of
2927 3243 368 37 SHAREHOLDERS

2540 3303 65 32 will
2619 3302 39 33 be
2674 3304 77 32 held
2766 3309 33 27 at
2814 3305 55 32 the
2887 3306 198 43 Company's
3101 3308 102 39 office,
3222 3310 78 32 Cliff

2541 3367 116 33 Street.
2675 3365 104 43 Lyell,
2790 3378 42 22 on
2843 3368 181 42 FRIDAY,
3038 3370 77 33 30th
3129 3371 166 39 October,

2542 3429 89 38 1885,
2650 3432 33 30 at
2701 3430 38 33 10
2754 3429 134 42 o'tlcwk,
2909 3443 77 23 a.m.

2823 3558 166 34 Business
3001 3568 9 24 :

2623 3619 46 34 To
2699 3619 124 36 receive
2853 3621 175 36 Directors'
3067 3622 134 46 Report,
3233 3624 64 35 and

2706 3683 143 35 Balance
2869 3684 123 42 Sheet;
3017 3686 64 34 and

2623 3746 46 31 To
2686 3746 81 33 elect
2782 3747 166 33 Directors
2966 3748 65 33 and
3043 3749 165 33 Auditors.

2837 3821 147 34 JAMES
3008 3822 169 40 INGLIS,

3089 3885 168 44 Manager.

2582 3943 103 45 Lyell,
2702 3943 79 37 23rd
2798 3945 99 44 Sept.,
2911 3947 90 34 1885.

2542 4052 176 34 UNITED
2747 4053 138 34 ITALY
2915 4054 177 43 QUARTZ
3125 4057 174 36 MINING

2685 4115 225 43 COMPANY,
2935 4118 206 37 LIMITED.

2543 4243 130 32 mHE
2720 4243 319 36 HALF-YEARLY
3083 4247 216 35 GENERAL

2652 4305 210 35 MEETING
2878 4307 36 34 of
2930 4308 369 36 SHAREHOLDERS

2543 4367 63 33 will
2626 4367 36 34 be
2678 4366 75 35 held
2769 4372 32 30 at
2818 4369 55 34 the
2887 4369 103 45 Cornp
2995 4372 91 44 xnfs
3104 4370 104 40 office,
3225 4372 77 35 Cliff

2540 4431 120 39 Street,
2703 4430 106 43 Lyeli,
2852 4442 43 22 on
2940 4433 249 42 SATURDAY,
3228 4437 72 33 31st

2542 4493 218 41 OCTOBER,
2777 4495 90 39 1885,
2883 4501 35 28 at
2932 4497 19 33 7
2967 4497 134 40 o'clock,
3118 4509 80 33 p.m.

2824 4622 167 34 Business
3006 4633 6 24 :

2626 4683 46 35 To
2702 4683 122 35 receive
2860 4684 176 36 Directors'
3069 4687 134 45 Report,
3234 4691 65 33 and

2709 4748 141 34 Balance
2868 4748 118 36 Sheet:
3010 4750 65 34 and

2627 4809 46 34 To
2689 4809 81 35 elect
2786 4810 164 35 Directors
2965 4812 64 33 and
3044 4813 163 37 Auditors.

2841 4884 146 34 JAMES
3011 4885 168 41 INGLIS,

3095 4950 169 45 Manager.

2587 5008 103 45 Lyell,
2707 5009 79 35 23rd
2803 5009 99 45 Sept.,
2922 5011 90 34 1885.

2547 5108 92 33 THE
2683 5108 184 36 CRCESUS
2912 5110 176 42 QUARTZ
3134 5113 173 37 MINING

2693 5171 225 34 COMPANY.
2942 5173 208 36 LIMITED.

2552 5295 129 34 mHE
2728 5294 317 38 HALF-YEARLY
3091 5300 217 38 GENERAL

2660 5357 262 37 MEETINGS
2939 5360 371 42 SHAREHOLDERS

2550 5419 65 34 will
2632 5419 37 34 be
2686 5420 77 34 held
2779 5425 34 31 at
2829 5421 54 35 the
2900 5423 201 45 Company's
3116 5426 103 41 office,
3236 5428 79 35 Cliff

2552 5484 115 36 Street,
2692 5485 104 42 Lyell,
2820 5498 42 21 on
2880 5486 203 43 MONDAY,
3102 5491 65 33 2nd
3190 5492 65 44 day
3278 5494 35 34 of

2553 5546 268 44 NOVEMBER,
2836 5550 90 41 1885,
2940 5553 35 32 at
2991 5552 183 43 10o'clock,
3191 5565 77 26 a.m.

2833 5675 170 37 Business
3017 5689 9 23 :

2635 5735 47 36 To
2711 5738 124 35 receive
2864 5738 177 38 Directors'
3073 5743 133 43 Report,
3244 5746 65 34 and

2718 5799 147 37 Balance
2882 5801 121 44 Sheet;
3025 5805 69 34 and

2636 5862 47 36 To
2699 5864 81 36 elect
2797 5865 166 38 Directors
2980 5868 67 35 and
3056 5870 166 36 Auditors.

2852 5940 146 36 JAMES
3022 5941 167 45 INGLIS,

3106 6007 165 47 Manager.

2598 6064 104 44 Lyell,
2718 6065 80 38 23rd
2815 6066 101 43 Sept.,
2935 6068 89 36 1885.
