3449 6224
797 86 136 51 THK
1007 93 213 48 i.VKLL
1300 95 207 51 JIMi-S.
1577 97 365 62 SArjRJAV,
2498 137 56 37 >>,
2630 124 76 46 i3B
2719 137 20 40 s
2748 164 5 7 .

796 180 74 4 ——■
2716 175 20 10 *✓

372 221 303 39 NOTICE.

233 345 271 38 TILLIAM
549 348 85 40 TJ
700 351 58 59 p
790 352 112 34 IZE

246 439 103 41 M.D.,
374 442 170 39 L.R.C.P.,
569 443 35 32 of
625 443 173 43 Westport,

380 503 77 35 Will
476 505 36 33 he
530 515 33 24 at
580 506 91 44 Lyell

163 561 284 47 TO-MORROW,
468 568 158 43 (Sunday,
644 569 77 35 27th
748 571 132 42 Septr.)

289 680 161 36 Address:
480 684 134 44 Empire
633 685 110 33 Hotel.

142 780 337 45 Memorandum:
517 793 58 32 of
608 794 291 34 association

266 855 40 28 of
322 858 65 25 the
403 849 222 35 HAMPDEN
642 851 97 36 SOOI
758 852 72 34 4TY
845 851 56 35 OF

270 904 171 37 CYNICS.

186 1019 27 33 1.
236 1019 70 34 The
336 1031 98 24 name
463 1023 35 33 of
529 1022 54 34 the
615 1023 128 44 Society
772 1022 39 41 is,
848 1022 56 36 the

143 1077 22 19 14
178 1076 178 46 Hampden
375 1079 128 43 Sorety
520 1081 36 33 of

187 1133 69 35 The
284 1135 120 44 objects
430 1136 50 32 for
503 1138 105 33 which
635 1138 54 34 the
720 1138 131 45 Society
876 1141 28 32 is

144 1190 200 35 established
361 1204 53 21 are
429 1202 6 23 :

190 1248 30 33 2.
243 1247 49 36 To
308 1248 188 44 discourage
518 1263 35 23 as
576 1252 97 34 much
694 1265 35 23 as
753 1253 150 44 possible,

146 1303 57 35 the
233 1307 182 42 pernicious
445 1308 65 34 and
536 1311 134 32 ruinous
703 1312 137 44 practice
871 1312 38 31 of

146 1361 157 46 drinking
323 1374 34 23 in
374 1375 172 35 company,
571 1368 191 43 commonly
781 1370 124 33 termed

147 1420 22 16 %i

191 1478 28 32 3.
245 1478 50 34 To
318 1479 82 34 raise
417 1480 95 34 funds
536 1481 40 44 by
601 1482 216 44 subscription
841 1483 64 34 and

149 1533 176 48 voluntary
341 1538 247 40 contributions,
605 1545 32 29 to
647 1540 39 35 be
698 1542 159 33 available
871 1543 32 32 in

147 1601 91 23 eases
253 1592 36 33 of
299 1593 158 41 accident,
475 1605 36 23 or
525 1596 153 34 sickness.

191 1649 30 31 4.
245 1648 47 34 To
314 1661 178 30 encourage
515 1663 19 21 a
557 1653 99 32 social
679 1654 64 32 and
765 1654 141 44 friendly

151 1703 102 35 union
276 1707 49 32 tor
348 1708 126 33 mutual
505 1709 199 40 assistance;
731 1720 30 24 to
784 1712 124 33 further

151 1759 56 36 the
230 1772 97 24 cause
350 1763 37 34 of
409 1770 217 38 temperance,
650 1766 138 35 without
809 1770 99 43 going

152 1823 34 30 to
209 1831 66 33 any
297 1826 171 36 extremes,
484 1834 36 23 or
542 1824 190 42 interfering
750 1825 80 35 with
852 1825 56 35 the

151 1875 122 46 liberty
294 1877 38 35 of
348 1877 220 44 individuals;
591 1881 65 34 and
678 1881 136 46 thereby
836 1893 59 35 pro

154 1934 127 44 moting
302 1934 55 36 the
374 1935 195 48 well-being,
591 1939 65 35 and
673 1940 183 45 prosperity
877 1940 36 35 of

151 1991 58 35 the
225 1995 217 43 community.

403 2107 259 38 RULES.

198 2175 29 34 I.
250 2177 76 43 Any
362 2188 115 33 person
508 2190 78 33 may
614 2180 38 33 be
682 2181 159 34 admitted
878 2185 33 30 to

157 2232 236 46 membership,
437 2236 206 43 irrespective
684 2238 32 33 of
753 2243 84 29 state
880 2240 37 33 of

156 2289 126 43 health,
311 2302 70 33 age,
407 2292 104 41 creed,
543 2299 137 39 country
704 2306 37 23 or
764 2295 147 45 political

153 2347 165 44 opinions.

201 2405 48 34 11.
273 2406 50 34 No
336 2407 148 34 member
492 2405 84 37 shall
588 2407 96 36 drink
699 2409 214 43 intoxicating

158 2462 118 45 liquor,
301 2470 113 39 except
435 2470 35 29 at
495 2465 51 34 his
568 2476 73 24 own
667 2478 158 34 expense;
854 2479 60 23 nor

159 2531 65 32 pay
250 2521 50 32 for
321 2521 117 43 liquor,
463 2523 104 32 which
592 2535 64 31 any
679 2525 95 33 other
795 2535 117 33 person

158 2587 78 33 may
248 2576 114 43 drink;
380 2579 127 33 neither
522 2580 74 33 lend
607 2592 35 21 or
654 2580 125 35 borrow
792 2593 121 33 money

158 2636 33 31 to
207 2632 39 35 be
261 2639 95 39 spent
370 2634 34 33 in
421 2635 77 34 such
518 2636 106 33 drink.

201 2691 68 34 111.
294 2692 50 35 No
367 2693 146 35 member
530 2695 27 33 is
579 2699 33 31 to
636 2695 37 35 be
696 2695 159 41 watched,
878 2709 37 22 or

160 2749 148 40 accused,
337 2750 27 33 if
390 2750 40 34 he
460 2753 153 32 commits
642 2764 64 31 any
736 2752 116 35 breach
882 2755 36 32 of

160 2805 83 35 Rule
259 2806 62 35 No.
338 2808 30 40 2,
386 2806 57 35 but
459 2807 55 34 the
530 2809 195 34 Committee
741 2810 67 33 will
830 2810 82 34 have

160 2861 56 36 the
238 2873 109 34 power
368 2867 34 32 to
423 2865 92 44 expel
535 2876 64 34 any
623 2866 146 34 member
790 2866 73 36 who
886 2867 27 35 is

158 2917 121 36 known
308 2925 34 30 to
367 2923 117 42 persist
508 2923 35 33 in
571 2923 155 43 breaking
751 2925 36 38 it,
790 2924 124 35 —after

158 2975 113 45 giving
287 2976 70 36 him
372 2976 63 38 due
450 2981 117 33 notice.

200 3030 61 36 IV.
283 3034 70 35 The
368 3040 152 31 entrance
542 3036 61 42 fee,
625 3038 27 33 is
668 3038 77 35 Two
764 3038 150 45 shillings

155 3090 67 33 and
238 3090 166 45 Sixpence.

199 3146 39 34 V.
263 3147 67 34 The
360 3148 125 44 weekly
514 3149 218 45 subscription
757 3151 85 35 shall
871 3153 40 33 be

155 3201 170 44 Sixpence.

200 3257 59 34 VI.
281 3258 76 45 Any
378 3259 148 36 member
546 3262 110 35 whose
679 3262 234 46 subscriptions

155 3323 57 25 are
242 3325 78 24 over
343 3316 91 35 three
463 3318 135 35 months
619 3320 33 33 in
678 3330 120 32 arrear,
829 3320 84 35 shall

157 3375 61 30 not
239 3371 39 35 be
299 3374 154 42 qualified
475 3380 34 29 to
524 3381 75 29 vote
618 3381 36 29 at
675 3377 57 34 the
755 3377 158 44 Society's

156 3426 174 46 meetings.

200 3485 80 34 VII.
303 3486 69 35 The
396 3487 129 46 Society
546 3487 77 37 does
645 3494 59 31 not
725 3490 79 35 bind
825 3492 90 34 itself

156 3545 36 31 to
214 3553 67 33 pay
299 3555 23 22 a
343 3545 147 35 member
504 3558 67 31 any
590 3548 85 34 fixed
691 3560 81 28 sum,
789 3562 36 20 or
847 3562 66 30 any

157 3607 100 35 sum;
283 3597 59 37 but
364 3599 67 37 will
461 3600 127 49 dispose
617 3603 37 37 of
673 3604 56 36 the
754 3603 98 39 funds
879 3610 33 33 to

158 3655 165 38 members
344 3671 37 22 as
395 3661 254 35 circumstances
664 3675 78 33 may
758 3664 149 42 demand,

156 3713 68 35 and
238 3725 36 24 as
289 3714 56 37 the
360 3716 153 47 majority
527 3718 137 37 decides.

199 3770 100 37 VIIL
322 3772 42 35 In
379 3772 158 49 balloting
550 3776 50 36 for
614 3777 55 36 the
685 3776 179 40 admission
880 3781 37 35 of

155 3839 22 23 a
209 3830 186 41 candidate,
425 3843 19 23 a
469 3833 140 35 number
637 3835 36 34 of
698 3835 94 35 black
829 3838 82 33 balls

154 3885 98 46 equal
266 3890 35 32 to
315 3898 62 25 one
392 3887 87 37 third
493 3890 39 35 of
539 3890 56 37 the
607 3892 162 37 members
779 3901 131 38 present

153 3949 38 28 at
202 3944 55 34 the
266 3946 154 44 meeting,
433 3947 66 34 will
510 3948 133 36 exclude
651 3950 55 34 the
717 3953 170 34 candidate
901 3963 9 31 ;

152 4000 69 35 and
243 4000 37 37 in
304 4001 158 48 balloting
484 4004 48 36 for
556 4006 56 35 the
638 4009 172 44 expulsion
836 4010 36 35 of
891 4023 19 22 a

154 4059 159 44 member,
342 4062 55 35 the
424 4074 89 24 same
540 4066 187 45 proportion
757 4067 36 36 of
814 4067 95 37 black

153 4116 84 35 balls
251 4118 66 33 will
333 4119 102 44 expel.

195 4173 60 36 IX.
278 4174 69 37 The
369 4177 133 46 penalty
521 4177 51 37 for
592 4177 157 49 breaking
772 4182 83 37 Rule
878 4186 29 38 2,

152 4233 29 32 is
196 4233 69 35 One
280 4233 152 45 Shilling,
448 4235 58 35 but
522 4249 36 22 as
573 4238 56 34 the
644 4238 135 36 breaker
795 4242 35 32 of
850 4242 57 35 the

150 4288 73 36 rule
247 4290 28 35 is
297 4290 51 35 his
370 4304 73 23 own
466 4305 142 31 accuser,
630 4297 64 33 and
718 4298 112 43 judge,
853 4300 57 34 the

149 4345 69 36 fine
232 4351 91 32 must
337 4348 38 36 be
391 4350 199 48 voluntarily
605 4352 88 46 paid,
710 4366 36 24 or
760 4360 60 31 not
831 4357 77 45 paid

153 4408 35 32 at
202 4405 54 36 all.

195 4461 41 35 Xt
258 4462 29 34 A
301 4463 148 36 member
463 4476 78 35 may
556 4468 107 44 resign
679 4473 33 30 at
727 4481 64 34 any
805 4470 101 44 time;

150 4515 62 38 but
233 4519 116 36 should
371 4521 41 36 he
426 4523 81 34 wish
525 4529 34 29 to
581 4524 39 36 be
642 4525 210 38 re-admitted
871 4536 38 29 at

154 4586 67 35 any
242 4576 106 36 future
373 4579 91 42 time,
494 4580 38 36 he
558 4581 84 36 shall
664 4593 66 35 pay
757 4597 19 22 a
799 4585 48 36 fee
873 4590 35 32 of

154 4632 81 36 Five
252 4634 166 46 Shillings,
435 4638 64 34 and
514 4638 39 35 be
567 4638 143 38 balloted
724 4642 60 42 for,
802 4644 34 34 in
852 4645 54 34 the

151 4692 96 33 usual
262 4704 84 32 way.

194 4748 61 33 XI.
278 4749 127 35 Youths
419 4750 145 36 between
579 4753 56 35 the
652 4765 76 30 ages
739 4756 37 34 of
788 4758 38 32 14
842 4759 64 33 and

151 4804 42 34 21
210 4815 94 32 years
319 4804 84 38 shall
416 4805 41 38 be
480 4806 160 40 admitted
660 4812 78 40 free,
757 4826 41 22 on
823 4815 67 37 sign-

153 4860 122 45 ingthe
292 4862 250 36 Memorandum
557 4866 35 34 of
600 4867 225 45 Association;
842 4872 65 34 and

151 4919 87 34 shall
263 4926 56 28 not
345 4920 38 35 be
407 4924 153 42 expected
589 4929 34 30 to
652 4936 64 33 pay
743 4938 66 32 any
835 4929 53 33 sub-

149 4975 158 46 scription
331 4977 83 36 until
439 4977 36 37 of
493 4992 58 32 age
569 4990 7 24 :
596 4978 62 38 but
679 4981 29 35 if
729 4984 120 43 youths
872 4997 34 23 so

148 5033 176 42 admitted,
336 5034 84 35 shall
433 5038 118 41 resign,
564 5049 36 23 or
612 5038 38 35 be
663 5040 154 44 expelled,
829 5042 78 44 they
918 5033 2 53 I

152 5089 84 37 shall
259 5091 78 35 then
355 5092 38 35 be
409 5093 124 45 subject
548 5098 33 31 to
599 5095 55 36 the
677 5108 89 24 same
781 5100 107 43 regula-

146 5147 91 34 tions
252 5160 37 23 as
303 5148 94 36 those
410 5150 37 34 of
458 5160 68 35 age,

191 5206 80 33 XII.
296 5206 51 35 No
362 5206 219 36 office-bearer
596 5209 86 34 shall
699 5211 125 34 receive
841 5224 65 32 any

144 5264 250 34 remuneration
416 5265 50 35 for
479 5264 53 36 his
547 5267 137 34 services
698 5276 10 25 :
732 5268 45 34 all
798 5268 108 35 offices

144 5319 92 34 •shall
250 5319 39 35 be
305 5322 128 44 strictly
446 5320 178 47 honorary,

429 5437 82 43 Wm,
531 5438 169 43 WHITE,

586 5498 193 42 Chairman,

560 5554 144 44 Glenroy
721 5555 142 35 Branch.

367 5610 39 34 B.
430 5609 46 35 H.
500 5611 196 43 DELANO,

512 5669 191 34 Murchison
718 5670 144 35 Branch.

400 5722 32 36 J.
456 5724 242 44 O'ROURKE,

442 5781 133 35 Central
584 5782 119 36 Buller
716 5783 146 37 Branch.

475 5838 40 34 R.
539 5839 157 43 M'NEE,

398 5895 263 47 Corresponding
677 5898 182 45 Secretary.

221 5994 304 36 ILL-HEADS
554 5995 65 36 and
646 5996 255 39 CIRCULARS

254 6042 113 47 B#atly
379 6041 132 48 printed
522 6046 33 34 at
567 6042 56 39 the
636 6044 107 38 Tejjss
760 6044 138 38 Otfice.

1115 406 183 34 BULLER
1325 409 188 33 COUNTY.

1009 529 136 37 ÜBLTC
1169 533 169 35 NOTICE
1355 536 26 32 is
1401 535 121 45 hereby
1539 536 95 45 given
1657 538 33 32 in

1048 600 98 26 terms
1169 596 35 33 of
1225 597 130 35 S.ction
1378 600 39 31 49
1442 600 33 32 of
1497 600 55 32 t'.ie
1580 600 109 32 R->ads

937 655 64 34 and
1040 656 134 45 Bridges
1219 661 228 34 Construction
1488 663 71 41 A'-D,
1599 665 90 33 1882.

937 717 72 35 that
1024 729 51 22 :

1019 784 29 30 1.
1072 783 69 33 The
1178 784 114 34 Buller
1329 787 128 43 County
1489 788 133 34 Council
1658 790 33 31 in

1141 847 208 43 conjunction
1383 851 76 32 with
1493 851 53 33 the
1589 853 78 33 West-

1141 917 74 37 port
1252 912 152 44 Borough
1433 914 146 41 Council,
1618 927 52 34 pro-

1142 984 77 32 pose
1251 981 31 27 to
1307 983 86 26 erect
1417 988 18 21 a
1465 978 119 43 Bridge
1614 989 77 23 over

1143 1035 55 35 the
1225 1038 112 34 Buller
1364 1039 99 35 River
1489 1041 202 39 withinfthe

1142 1100 152 43 Borough
1340 1103 35 32 of
1416 1103 174 43 Westport,
1637 1105 55 33 the

1142 1168 49 26 est
1196 1163 2 36 :
1205 1163 110 32 mated
1352 1169 68 28 cost
1450 1166 37 31 of
1519 1165 119 34 which*
1665 1167 28 31 is

1145 1225 148 40 £20,743.

1019 1287 30 32 2.
1072 1286 69 35 The
1165 1294 138 29 amount
1331 1290 36 34 of
1388 1290 55 34 the
1473 1291 112 45 yearly
1613 1303 59 33 pay-

1144 1356 108 30 ments
1268 1352 150 45 required
1434 1359 32 29 to
1484 1354 37 35 be
1538 1355 95 34 made
1651 1355 42 44 by

1143 1413 56 35 the
1222 1415 113 34 Buller
1357 1416 130 46 County
1510 1418 136 34 Council
1666 1418 28 33 is

1146 1477 87 34 i>259
1249 1480 35 32 5*
1306 1480 41 32 9d
1362 1481 50 31 for
1426 1483 55 31 ten
1501 1492 105 33 years,
1630 1481 65 34 and

1145 1542 55 33 the
1217 1552 137 24 amount
1369 1548 35 29 of
1419 1546 54 32 the
1490 1547 119 41 special
1625 1553 69 25 rate

1145 1603 149 45 required
1309 1608 34 31 to
1358 1611 88 29 met
1461 1606 56 35 the
1533 1607 70 34 said
1617 1619 57 32 pay-

1145 1671 109 29 ments
1280 1667 65 35 will
1374 1666 38 36 be
1439 1670 75 33 3-16
1540 1669 36 34 of
1595 1670 40 33 Id
1661 1669 34 34 in

1146 1727 56 34 the
1230 1729 44 33 £1
1298 1740 43 23 on
1367 1731 56 33 the
1447 1732 82 33 total
1552 1733 144 33 rateable

1146 1789 96 38 value
1263 1794 36 35 of
1320 1793 56 36 the
1402 1801 155 40 property
1579 1796 117 34 within

1147 1853 57 35 the
1216 1855 143 46 County.

1023 1916 30 33 3.
1077 1914 70 36 The
1191 1916 106 46 plans,
1341 1919 249 45 specifications,
1633 1920 64 36 and

1148 1980 141 37 detailed
1310 1984 168 35 estimates
1495 1985 36 34 of
1548 1987 56 32 tbe
1626 1997 54 30 pro-

1148 2043 102 43 posed
1275 2044 92 35 work
1395 2056 80 33 may
1501 2046 38 34 be
1566 2058 76 21 seen
1666 2053 34 28 at

1150 2105 56 36 the
1232 2105 131 47 County
1387 2107 113 43 Office,
1524 2109 174 44 Westport,

1150 2168 119 45 during
1293 2170 56 34 the
1371 2171 155 44 ordinary
1551 2171 148 35 business

1150 2231 111 34 hours,

1026 2294 30 33 4.
1079 2294 29 33 A
1131 2295 114 33 POLL
1268 2307 42 22 on
1333 2297 55 34 the
1410 2297 100 35 above
1534 2300 167 42 proposals

1152 2358 67 33 will
1247 2359 37 34 be
1312 2360 96 34 taken
1432 2373 42 22 on
1499 2362 201 42 MONDAY,

1150 2422 56 33 the
1233 2424 78 31 28th
1339 2422 66 45 day
1428 2425 37 32 of
1487 2426 212 32 September.

1153 2487 89 32 1885.

1268 2533 40 32 K
1333 2533 204 41 O'CONOR,

1327 2580 131 42 County
1471 2582 189 33 Chairman.

1029 2621 129 44 County
1171 2623 111 40 Office,

988 2668 174 46 Westport,
1179 2671 76 33 20th
1273 2672 136 44 August,
1428 2675 89 33 188j.

1033 2759 299 35 APPLICATION
1352 2761 87 33 FOR
1459 2763 153 34 LEASE.

1059 2850 162 36 District:
1247 2853 122 34 Nelson
1386 2854 211 35 South-west.

1126 2899 83 33 Date
1224 2908 6 23 :
1250 2899 74 33 15th
1341 2900 211 44 September.,
1571 2904 89 32 1885.

1062 2944 48 34 To
1131 2954 67 23 the
1224 2945 152 34 Warden
1398 2957 41 23 at
1461 2947 124 35 Lyell.

1034 2991 58 43 fE
1126 2992 189 32 HEREBY
1349 2994 99 42 apply
1478 2995 50 31 for
1563 3006 19 21 a
1620 2996 84 32 Gold

985 3062 6 11 f
1018 3062 8 11 f
1108 3036 129 45 Mining
1259 3038 101 34 Lease
1376 3039 36 34 of
1425 3039 55 34 the
1501 3039 94 34 lands
1612 3041 72 33 here-

944 3082 119 33 inafter
1078 3083 178 40 described,
1279 3086 34 31 in
1330 3086 197 34 accordance
1545 3087 79 33 with
1649 3088 54 33 the

944 3128 232 44 Gold-Mining
1197 3130 121 33 Leases
1339 3132 214 41 Regulations
1569 3133 35 32 of
1625 3134 78 32 New

944 3173 156 39 Zealand,
1111 3173 63 32 and
1190 3174 57 32 We
1259 3186 107 29 agree,
1379 3187 88 31 upon
1481 3179 55 30 the
1548 3180 155 39 approval

944 3217 36 32 of
1000 3217 65 32 this
1091 3219 210 43 application,
1327 3225 33 28 to
1390 3226 133 29 execute
1556 3234 18 21 a
1602 3224 101 33 Lease

944 3274 88 32 upon
1070 3264 56 33 the
1157 3265 85 33 basis
1272 3266 128 34 therein
1430 3268 118 34 stated,
1586 3269 26 32 if
1647 3271 55 31 the

945 3309 171 35 Governor
1145 3310 85 34 shall
1266 3311 97 35 think
1392 3312 38 35 fit
1461 3322 32 25 lo
1522 3321 98 38 grant
1649 3315 55 34 the

945 3367 101 22 same.

1219 3401 80 35 Wm,
1323 3404 35 34 P,
1384 3404 145 35 SMITH

1219 3449 168 34 NICOLA
1409 3452 169 33 CACACE

1458 3499 203 45 Applicants.

987 3584 105 36 Name
1108 3585 65 36 and
1190 3586 131 36 address
1336 3589 33 34 in
1386 3588 60 36 full
1463 3590 35 34 of
1512 3590 192 47 Applicants

1068 3635 120 34 —Wm.
1213 3637 35 32 P.
1274 3638 119 34 Smith.
1439 3640 115 33 Nicola
1571 3641 130 33 Cucace.

1068 3681 102 43 Lyell.

985 3726 92 44 Style
1106 3728 105 34 under
1240 3729 107 34 which
1377 3731 27 34 it
1428 3732 28 32 is
1482 3731 158 36 intended
1670 3737 33 30 to

1068 3775 140 35 conduct
1223 3776 56 35 the
1292 3776 409 39 Business—Commotion

1068 3821 120 41 Quartz
1207 3823 129 42 Mining
1353 3824 183 43 Company,

985 3865 124 36 Extent
1131 3868 34 34 of
1176 3869 127 40 ground
1326 3870 128 45 applied
1475 3872 225 36 for—Sixteen

1066 3915 65 33 and
1147 3916 105 33 a-half
1262 3928 99 22 acres.

985 3959 179 35 Minimum
1187 3962 138 35 number
1341 3965 35 32 of
1389 3975 76 22 men
1486 3965 159 44 proposed
1667 3970 34 29 to

1067 4007 38 35 be
1127 4009 172 43 employed
1324 4011 41 43 by
1392 4012 55 32 the
1475 4013 118 33 Lessee
1594 4014 108 32 —For

1066 4054 56 35 the
1138 4054 71 35 first
1225 4057 47 33 six
1296 4058 134 34 months
1446 4060 19 32 2
1487 4070 86 22 meu.
1620 4059 59 35 Sub-

1066 4104 184 40 sequently,
1280 4104 96 32 when
1406 4106 34 30 in
1467 4106 59 31 full
1551 4106 101 39 work,
1681 4109 20 30 8

1065 4157 88 23 men.

983 4194 147 34 Amount
1152 4195 36 33 of
1207 4195 118 43 capital
1352 4198 160 43 proposed
1535 4202 32 30 to
1590 4198 39 35 be
1651 4199 32 33 in-

1065 4241 152 33 vested—
1221 4243 150 39 .£IO,OOO.

983 4285 167 45 Proposed
1173 4288 95 34 mode
1292 4290 35 32 of
1339 4290 147 42 working
1504 4291 52 33 the
1579 4292 121 33 land-

1065 4334 51 44 By
1133 4335 195 42 tunnelling.

983 4379 125 36 Precise
1135 4381 169 45 locality—
1455 4384 124 43 Range,
1606 4385 94 43 Lyell

1065 4428 145 33 District.
1255 4430 161 33 Bounded
1442 4442 40 21 on
1515 4431 54 33 the
1602 4432 96 32 north

1065 4473 41 44 by
1144 4473 54 35 the
1244 4475 93 43 Lyell
1381 4476 102 34 Creek
1527 4477 172 34 Extended

1064 4522 119 42 special
1206 4522 97 33 claim
1322 4533 7 29 ;
1354 4535 40 20 on
1419 4524 55 33 the
1494 4525 108 38 south,
1626 4531 74 36 part

1065 4568 153 33 Larnach
1249 4569 96 40 lease,
1377 4570 64 33 and
1479 4578 73 36 part
1581 4571 117 34 Crown

1063 4613 78 34 land
1155 4625 8 29 ;
1187 4626 40 22 on
1247 4616 53 33 the
1318 4621 89 33 west,
1425 4616 43 44 by
1486 4617 54 33 the
1560 4619 138 43 Captain

1064 4661 89 34 Cook
1179 4662 64 32 and
1266 4663 149 33 Larnach
1438 4664 114 40 leases,
1575 4677 43 21 on
1642 4665 57 34 the

1061 4713 82 33 east,
1156 4707 42 43 by
1214 4708 116 33 Crown
1345 4709 104 32 lands.

981 4751 98 35 Term
1101 4753 51 32 for
1174 4753 107 33 which
1305 4754 85 34 lease
1411 4754 29 34 is
1464 4755 234 44 required—ls

1063 4811 104 31 years.

981 4845 93 33 Tint's
1097 4845 35 33 of
1150 4846 228 41 commen»cin£
1400 4849 275 41 operations—lm-

1062 4891 177 45 nseeli.itely
1256 4892 84 34 lease
1356 4906 27 20 is
1399 4895 147 41 granted.

981 4983 69 34 The
1073 4984 100 33 above
1197 4985 196 42 application
1418 4986 64 34 and
1506 5000 66 30 any
1593 4988 86 44 objec-

940 5028 69 33 tion
1027 5029 123 34 thereto
1167 5031 66 32 will
1243 5030 37 33 be
1296 5031 99 34 heard
1410 5041 32 25 at
1455 5034 55 33 the
1524 5035 173 34 Warden's

940 5074 100 35 Office
1064 5080 35 31 at
1121 5076 104 43 Lyell,
1248 5088 42 23 on
1320 5077 217 43 Wednesday,
1563 5082 77 34 28th
1666 5082 35 34 of

940 5122 149 39 October,
1103 5124 88 31 1885.

980 5167 74 44 Any
1078 5179 117 32 person
1220 5167 143 47 desiring
1388 5176 32 31 to
1444 5173 109 44 --object
1578 5180 33 29 to
1640 5175 56 34 the

939 5212 86 34 issue
1041 5215 36 32 of
1095 5226 19 21 a
1138 5214 128 42 Mining
1281 5217 102 34 Lease
1406 5230 87 32 upon
1515 5221 57 34 the
1594 5221 102 33 above

939 5259 198 44 application
1169 5267 99 33 must,
1296 5264 114 34 within
1436 5268 40 31 80
1501 5267 86 33 clear
1616 5268 80 42 days

939 5305 84 33 from
1045 5306 55 32 the
1124 5306 73 33 date
1221 5307 35 34 of
1268 5310 79 32 such
1372 5313 209 40 application,
1605 5320 93 26 enter

939 5350 51 35 his
1016 5350 162 46 objection
1205 5359 33 29 at
1261 5355 54 35 the
1344 5357 168 36 Warden's
1536 5359 101 35 Office
1663 5364 33 30 at

939 5397 104 43 Lyelk

1102 5444 182 37 ALFRED
1309 5448 38 34 A.
1372 5449 241 43 CORFIELD,

1421 5499 63 32 Pro
1501 5499 152 34 Warden.

1019 5536 173 37 Warden's
1209 5539 113 40 Office,

979 5582 104 43 Lyell,
1101 5585 76 33 loth
1195 5586 117 44 Septr.,
1332 5592 89 31 18S5.

979 5678 197 35 TOWLE'S
1194 5682 303 37 PENNYROYAL
1510 5687 24 33 &
1548 5689 146 32 STEEL

938 5723 128 36 PILLS
1084 5726 85 34 FOR
1186 5726 211 40 FEMALES
1418 5734 132 43 quickly
1573 5740 121 29 correct

937 5771 43 32 all
995 5772 240 42 irregularities,
1252 5777 65 32 and
1334 5778 117 34 relieve
1474 5780 55 33 the
1546 5780 129 34 distress-

935 5816 58 44 ing
1007 5823 184 38 symptoms
1207 5831 35 22 so
1257 5823 169 42 prevalent
1444 5825 78 33 with
1548 5826 55 34 the
1626 5837 65 23 sex.

935 5861 107 36 Boxes
1058 5864 34 34 Is
1108 5865 62 43 Hd
1184 5867 66 35 and
1265 5870 35 33 2s
1315 5870 64 42 9d.,
1402 5872 36 34 of
1456 5872 44 34 all
1517 5872 174 35 Chemists.

935 5908 161 44 Prepared
1112 5912 79 42 only
1205 5913 44 44 by
1270 5915 42 33 E.
1329 5916 36 34 T.
1385 5917 121 42 Towle,
1531 5918 160 41 Chemist,

935 5954 230 47 Nottingham,
1188 5959 165 45 England.
1399 5964 186 36 Wholesale
1600 5965 35 35 of
1648 5965 44 35 all

932 6001 56 35 the
1011 6002 186 39 Wholesale
1219 6007 142 38 Houses,
1406 6011 135 34 Beware
1564 6011 36 35 of
1618 6012 54 35 Irs-

932 6049 130 35 tatioas.

1881 265 64 52 in
1966 253 367 75 ewman's

1813 382 26 33 0
1858 382 25 34 Y
1900 385 71 33 AL

2133 393 100 32 AIL

2376 397 91 31 IN]

1964 496 57 33 OF
2045 498 211 37 COACHES

1764 605 301 41 Thrtcr-Weekly
2098 616 144 34 Service
2271 619 170 35 Between

1827 665 125 42 Ly.;ll,
1972 668 155 35 Reefton
2147 684 63 21 and
2231 676 146 34 Nelson.

1725 774 108 35 Leave
1861 778 96 42 Lyell
1979 782 49 32 for
2053 784 122 34 Nelson
2197 798 98 32 every
2323 790 160 44 Tuesday.

1725 832 173 46 Thursday
1909 838 65 34 and
1989 840 177 43 Saturday,
2180 849 33 28 at
2227 849 74 30 2.30
2315 858 90 32 p.m.,
2420 861 43 20 an
2479 832 4 58 1

1726 888 95 44 Lyell
1836 892 48 33 for
1907 894 159 44 Westport
2084 898 65 33 and
2171 900 146 43 Heetton,
2342 916 41 22 on
2403 907 65 33 Sun

1725 945 75 44 day,
1818 949 206 46 Wednesday
2043 955 65 32 aud
2129 957 131 44 Friday,
2272 966 34 26 at
2321 964 73 30 D.30
2408 975 64 19 a.m

1726 1049 197 47 Passengers
1955 1057 121 34 booked
2115 1059 51 34 for
2202 1060 179 47 Hampden
2421 1071 62 29 and

1869 1112 95 33 other
1979 1115 231 35 intermediate
2228 1118 120 44 places.

1931 1204 157 37 Booking
2115 1208 164 38 Offices:

1729 1270 73 35 Wes
1805 1278 88 38 tport
2209 1282 158 35 Gilmer's
2384 1285 100 34 Hotel

1727 1327 139 37 Reefton
2159 1337 212 39 Stevenson's
2386 1343 101 36 Hotel

1728 1387 77 33 Nels
1807 1399 45 23 °a
2221 1397 150 37 Masonic
2387 1401 99 35 Hotel

1767 1501 54 37 All
1834 1505 128 45 parcels
1979 1512 89 33 must
2082 1509 39 37 be
2141 1514 146 43 prepaid,
2311 1516 175 37 otherwise

1885 1563 81 45 they
1981 1566 66 33 will
2063 1567 39 34 be
2118 1568 58 33 left
2192 1569 134 37 behind.

2115 1636 45 33 H.
2186 1637 218 45 NEWMAN,

2247 1686 188 42 Proprietor

2127 1792 71 33 *%si
2220 1794 20 23 a
2373 1792 133 33 8

2137 1829 19 18 ©
2179 1821 28 23 bo

2220 1842 20 38 a

1850 2522 28 32 3
1901 2518 61 38 s«

1852 2691 28 30 <
1903 2676 128 47 &2*

2028 2740 37 17 io
2087 2744 19 21 08
2142 2744 19 20 O
2267 2740 27 33 &

1852 2888 29 28 t—i
1894 2888 28 25 -S
1945 2894 19 15 to

2064 2915 1 28 ,
2132 2923 30 20 J2
2174 2917 30 24 J
2226 2915 20 19 °
2267 2925 20 17 N

2088 3000 19 10 ,„
2143 2989 21 21 9
2185 2979 20 20 ©

1852 3000 71 50 S3
1975 2998 133 62 Mja
2143 2993 144 64 i?«
2397 2993 109 67 5

1871 3226 53 33 •«!
1976 3229 59 41 o

2134 3107 30 20 «+4
2186 3110 20 16 co

2145 3318 21 21 O
2187 3318 71 26 ftp*

2145 3390 20 17 CD
2187 3382 20 26 2
2229 3384 20 19 «8

1760 3569 134 47 N£V\T
1945 3572 165 48 CHUM
2154 3576 321 63 BUTCHERY,

1990 3682 258 44 LYELL,

1850 3821 245 51 JAMES
2157 3825 221 62 EDGE,

1736 3908 103 35 TK7
1849 3910 285 36 HOLESALE
2179 3915 96 33 AND
2330 3918 168 35 KETAIL

1912 4014 406 45 BUTCHER.

1734 4144 117 35 Hotels
1867 4146 66 35 and
1949 4148 157 35 Families
2130 4150 121 36 waited
2275 4165 44 23 on
2338 4155 97 48 Daily
2449 4158 49 36 for

2053 4209 132 34 Orders,

1795 4320 91 35 Meat
1901 4322 176 35 Delivered
2100 4327 33 31 to
2149 4324 44 35 all
2216 4331 91 40 parts
2320 4330 35 33 of
2380 4331 56 35 the

2042 4383 151 37 District,

1735 4504 140 41 XEW
1930 4508 183 38 CHUM
2166 4511 274 44 BUTCHER
2458 4518 24 38 J

1813 4581 155 44 Opposite
1981 4584 183 37 Alharabra
2178 4588 112 38 Hotel,
2310 4590 103 43 Lyell.

1755 4687 152 47 POST
1960 4691 232 47 OFFICE
2246 4697 227 54 HOTEL,

1979 4767 267 37 LYELL.

1792 4879 267 52 PETER
2098 4886 336 52 MANGOS

1740 4954 162 83 BEGS
1926 4963 34 29 to
1976 4959 123 35 inform
2122 4961 53 35 his
2197 4964 123 35 friends
2345 4967 69 33 and
2441 4969 53 34 the

1856 5005 110 42 public
1992 5007 74 33 that
2096 5007 51 35 his
2172 5021 72 23 new
2269 5014 226 35 commodious

1935 5063 104 36 Hotel
2053 5065 29 34 is
2098 5077 75 24 now
2189 5079 97 33 open.

1730 5152 182 37 Travellers
1935 5156 65 35 and
2023 5158 131 35 visitors
2177 5165 33 30 to
2234 5162 67 35 this
2322 5165 158 35 establish

1770 5227 93 31 meat
1877 5225 68 33 will
1959 5225 69 35 find
2045 5227 86 34 their
2143 5230 141 35 comfort
2291 5233 69 33 and.
2376 5245 55 23 con-

1811 5293 157 33 venience
1981 5295 201 46 thorougMy
2194 5300 157 34 attended
2366 5307 45 29 to.

1730 5385 68 33 The
1813 5384 177 37 bedrooms
2016 5401 55 21 are
2084 5391 94 42 lofty,
2195 5394 65 30 and
2277 5395 75 32 well
2368 5397 124 33 lighted

1970 5446 67 36 and
2062 5447 191 37 ventilated.

1769 5558 248 37 Comfortable
2053 5564 153 33 Parlors
2237 5576 67 23 and
2330 5567 101 35 First-

1988 5630 99 24 class
2109 5621 125 35 Table.

1727 5708 69 34 The
1813 5708 67 37 Bar
1894 5712 28 34 is
1939 5712 135 36 stocked
2086 5714 80 34 with
2183 5715 89 41 Ales,
2285 5716 125 45 Wines,
2425 5722 66 32 and

1788 5772 118 44 Spirits
1922 5775 36 35 of
1976 5778 203 42 guaranteed
2200 5778 124 35 brands
2340 5781 88 44 only.

1766 5864 27 34 A
1814 5865 174 38 first-class
2014 5870 220 34 sixteen-stall
2250 5872 105 35 stable
2371 5875 88 35 iscon-

1724 5923 118 34 nected
1856 5925 82 35 with
1955 5926 68 35 this
2040 5927 105 35 hotel.

2025 5996 153 35 PETER
2206 5997 201 44 MANGOS,

2246 6068 188 37 Provrieor-o

2553 259 135 47 SOLD
2716 263 129 47 OFF!
2920 267 135 46 SOLD
3084 271 105 45 OFF
3205 275 33 43 11

2709 337 66 23 AND
2793 338 147 26 STARTED
2956 343 113 25 AGAIN.

2525 415 228 38 GELLING
2782 420 160 34 Cheaper
2971 425 95 33 Than
3096 427 52 33 Ey
3177 431 102 31 i!-:
3289 415 9 47 0

2525 469 46 18 ***
2641 464 56 33 Pti
2738 468 80 32 Cent
2856 474 62 29 ie,-s
2964 472 79 33 ikui
3080 486 58 22 au\
3184 480 95 30 oti.<-r

2832 514 120 35 House.

2711 603 108 36 JUST
2845 607 101 34 ARlii
2968 611 14 30 ,'
3022 611 47 33 D:

2576 659 99 45 Fi/e
2721 662 120 45 (hiss
2884 665 140 57 Fancy
3066 671 114 43 Go:'.
3208 707 6 12 ,

2560 722 127 35 Consisi
2706 737 39 30 u_;
2764 727 34 32 of
2817 722 3 51 ;
2831 727 107 34 ..id.es'
2967 731 5 16 T
2983 731 10 32 I
3008 733 53 32 ind
3081 734 60 39 bag
3165 722 3 51 .

2519 769 97 37 cules,
2634 770 130 39 Combs,
2782 774 152 37 Brushes,
2958 778 104 32 Toilet
3083 762 65 62 Lie?]
3179 762 2 62 ■
3233 800 14 15 «•
3269 809 7 12 ,

2521 817 124 32 Scents,
2664 820 186 41 Stationary
2876 823 123 35 Scents,
3025 827 113 32 (r.tt.l)

2520 862 154 33 Assorted
2689 864 94 32 Bi\ar
2810 867 103 43 Pipes,
2934 870 128 35 ..ieercu
3077 884 65 22 .uni
3174 879 19 28 i'
3224 862 4 48 .

2522 907 134 35 Ambers
2686 909 63 34 and
2782 912 157 42 Ferrules,
2973 918 42 32 all
3044 918 97 35 kind,
3182 927 51 27 I'ai
3269 902 7 59 ]

2524 955 135 37 Pencils,
2685 955 119 35 Po-ket
2837 960 133 35 Knives,
3003 964 99 33 Table
3130 968 104 31 Cutlc

2520 999 53 33 Jet
2610 999 157 43 Earrings
2803 1006 64 31 and
2911 1007 176 41 Brooches,
3132 1013 45 31 T-.
3195 999 3 49 -
3224 1030 22 16 n
3270 1029 8 17 *

2525 1046 155 41 Pouches,
2715 1050 122 39 Purses,
2876 1052 127 36 Ladies'
3042 1058 204 43 Compaoiop
3272 1088 6 10 ,

2521 1093 111 42 Fancy
2682 1096 206 41 Workboxes,
2934 1101 93 33 Pearl
3070 1105 63 31 and
3186 1107 54 31 iii.,
3272 1089 8 49 \

2521 1139 117 37 Beads,
2663 1139 136 44 Play.ng
2824 1145 111 37 Cards,
2959 1146 157 44 Cribbage
3142 1151 86 31 Jtusr

2618 1184 115 40 Slates,
2752 1187 115 33 School
2889 1189 83 41 Bags
2989 1192 63 34 and
3069 1194 89 35 Boo:.

2768 1281 99 33 TWO
2895 1286 136 33 CASUS

2522 1335 198 43 Containing
2758 1338 104 35 Music
2900 1343 106 33 tiones
3052 1344 60 43 (six
3158 1353 77 28 tunc
3260 1357 18 31 i,

2521 1382 127 34 Violins
2685 1383 34 34 in
2763 1397 83 27 case,
2890 1388 210 44 Accordians,
3143 1375 136 55 Mu>ici

2520 1429 149 39 Albums,
2721 1432 247 42 Tambourines,
3011 1437 133 46 Banjos.
3200 1444 59 30 Con-

2561 1477 152 44 certinas,
2729 1478 118 38 Tutors
2864 1480 49 37 for
2935 1483 43 35 all
3004 1483 232 42 Instruments.

2785 1573 91 35 ONE
2900 1577 110 34 CASE

2521 1628 200 32 Invincible
2740 1629 111 35 Music
2871 1632 179 36 Machines
3071 1638 64 33 and
3165 1639 113 35 Music.

2521 1674 27 32 A
2565 1674 85 34 child
2667 1677 18 32 5
2707 1688 79 30 year
2801 1677 54 34 old
2871 1692 60 21 can
2949 1682 75 43 pi.,y
3049 1684 102 33 them.
3203 1688 76 33 Five

2522 1721 161 33 Hundred
2720 1723 139 34 selected
2897 1728 106 42 pieces
3033 1735 31 29 ol
3105 1731 31 33 M
3154 1745 55 22 jsc
3249 1744 31 24 to

2842 1774 115 35 arrive.

2789 1864 28 32 A
2834 1864 27 33 L
2878 1866 122 41 So,—

2522 1907 222 35 Harmonium
2773 1911 79 34 with
2883 1914 49 33 six
2961 1921 91 39 stops
3068 1926 8 31 ;
3108 1930 60 22 one
3201 1921 79 35 with

2521 1954 199 35 knee-swell.
2766 1957 119 36 Pianos
2901 1962 69 33 sold
2987 1963 103 44 cheap
3114 1966 49 33 for
3180 1970 98 37 Cash,

2592 2001 66 33 and
2673 2013 42 22 on
2733 2003 54 33 the
2804 2005 79 33 time
2898 2015 159 35 payment
3073 2019 135 34 system.

2754 2095 242 61 Jewellery:

2523 2155 27 31 A
2587 2157 103 39 grand
2719 2159 155 35 selection
2905 2164 36 32 of
2967 2165 85 33 Gold
3083 2167 64 34 and
3180 2171 104 34 Silver

2523 2201 183 45 Jewellery,
2737 2206 43 33 all
2810 2219 72 22 new
2920 2210 153 42 designs;
3113 2214 169 37 Waltham

2528 2248 160 41 Watches,
2714 2252 45 34 £3
2791 2254 54 34 15s
2863 2265 7 30 ;
2909 2256 138 43 English
3080 2260 132 40 Levers,
3239 2267 44 30 X's

2525 2297 151 40 upwards
2694 2307 6 23 :
2746 2299 45 33 all
2828 2302 131 34 makers
2995 2305 78 44 kept
3110 2307 31 33 in
3182 2311 101 32 stock.

2525 2340 301 45 Clocks-Alarms,
2845 2348 136 42 Marble,
3000 2352 127 36 French
3146 2358 20 31 8
3184 2356 103 45 Eight

2867 2396 73 42 day.

2623 2436 194 37 Wertheim
2836 2440 134 38 Sewing
2990 2445 191 38 Machines.

2796 2532 206 49 Books.

2528 2590 235 46 Shakespeare,
2794 2596 122 41 Burns,
2944 2600 213 42 Longfellow,
3189 2605 79 34 Gold-

2526 2638 112 40 smith,
2657 2640 155 40 Dickens,
2831 2643 85 35 Lord
2935 2646 133 44 Lytton,
3087 2650 81 35 Miss
3185 2652 82 34 Brad-

2525 2683 77 42 don,
2624 2687 120 42 Payne,
2763 2688 77 44 Hay
2843 2692 99 40 ward,
2961 2694 141 41 Hatton,
3121 2698 167 38 Mavhew,

2528 2731 193 41 Routledge,
2754 2735 116 40 Noble,
2901 2739 65 33 and
2996 2741 94 34 other
3127 2744 137 35 authors
3281 2756 8 30 ;

2570 2778 122 44 Moody
2722 2780 65 34 and
2816 2782 159 46 Sankey's
2998 2788 116 43 Hymn
3138 2791 111 34 Books

2851 2829 55 34 &c.
2924 2832 53 33 &c.

2692 2917 151 48 Patent
2868 2921 255 51 Medicines:

2530 2979 87 33 Irish
2655 2981 101 40 Moss,
2801 2985 114 40 Ayer's
2961 2988 126 45 Cherry
3132 2993 162 41 Pectoral,

2530 3024 127 35 Clark's
2695 3027 105 35 Blood
2832 3031 153 43 Mixture,
3024 3035 183 45 Hepaticus
3244 3041 50 35 for

2532 3071 97 34 Liver
2644 3073 201 45 Complaint,
2862 3078 84 34 Hair
2961 3080 101 43 Dyes,
3079 3083 104 35 Eno's
3200 3087 95 34 Fruit

2532 3118 82 38 Salt,
2638 3119 229 43 Tricopherus,
2891 3124 206 45 Holloway's
3125 3130 80 33 Pills
3228 3135 66 32 and

2532 3162 182 40 Ointment,
2767 3166 146 34 Cockle's
2958 3171 66 32 and
3073 3174 49 31 Dr
3172 3175 123 36 Book's

2532 3207 147 34 Oriental
2709 3209 81 34 Pills
2820 3212 66 34 and
2922 3214 118 41 Elixir,
3079 3219 97 35 Head
3213 3223 82 34 ache

2535 3252 87 41 Pills,
2640 3255 179 40 Neuralgia
2836 3258 88 39 Pills,
2942 3261 151 36 Powell's
3109 3266 134 35 Balsam
3261 3270 37 32 of

2532 3299 151 42 Aniseed,
2700 3300 68 35 Cod
2786 3302 98 36 Liver
2906 3306 62 40 Oil,
2994 3308 133 37 Mother
3149 3312 145 44 Seagle's

2533 3346 107 43 Syrup
2655 3348 65 31 and
2738 3349 89 39 Pills,
2847 3351 46 32 St.
2913 3353 132 33 Jacob's
3061 3357 52 32 Oil
3132 3360 95 38 (good
3244 3362 51 31 for

2532 3391 219 45 everything),
2777 3394 127 36 Bunter
2932 3398 154 44 Nervine,
3116 3403 179 48 Eucalypti

2533 3436 180 43 Lozenges,
2730 3441 186 41 Glycerine,
2934 3445 76 43 Hop
3027 3448 134 36 Bitters.
3176 3452 97 34 Eucal-

2532 3483 80 44 ypti,
2636 3484 140 36 Scented
2794 3487 115 45 Soaps,
2925 3492 124 40 Agents
3071 3494 51 34 for
3143 3496 152 38 Baxter's

2534 3530 97 39 Lung
2660 3532 182 38 Preserver,
2871 3535 162 45 Soothing
3064 3540 119 45 Syrup,
3213 3544 60 34 Aro-

2534 3574 99 35 matic
2659 3574 141 38 Mixture
2822 3579 65 36 and
2908 3581 180 40 Alterative
3116 3588 116 44 Elixir,
3255 3592 37 36 T.

2536 3623 43 33 M.
2598 3623 198 43 Shepherd's
2813 3627 209 41 Queensland
3035 3633 142 36 Asthma
3189 3619 104 59 Herb]

2537 3670 240 43 Bonnington's
2807 3673 85 34 Irish
2927 3676 99 42 Moss,
3066 3680 104 35 Neil's
3200 3684 94 36 Herb

2533 3715 159 41 Tobacco,
2729 3718 188 37 Dandelion
2954 3723 108 38 Caffee
3099 3729 65 33 and
3202 3731 92 43 Pills,

2537 3762 109 34 Worm
2666 3764 106 45 Syrup
2789 3767 65 33 and
2876 3768 228 46 Composition
3127 3758 167 62 Powders!

2781 3812 120 40 Herbs,
2918 3816 54 33 &c.
2989 3819 54 33 &c.

2673 3903 89 45 Ten
2788 3905 124 46 Cases
2936 3910 197 60 Drapery,

2535 3963 116 36 Which
2683 3971 89 31 must
2801 3969 39 34 be
2870 3971 72 34 sold
2976 3974 123 45 Cheap,
3131 3984 33 28 to
3195 3981 99 36 make

2532 4022 90 22 room
2639 4012 50 33 for
2706 4014 78 33 New
2810 4016 151 36 Season's
2985 4021 110 35 Goods
3119 4028 32 29 to
3174 4028 118 42 arrive,

2532 4059 179 44 consisting
2732 4061 36 33 of
2786 4064 83 32 5000
2890 4066 101 40 yards
3019 4073 144 31 assorted
3191 4074 101 36 Dress

2533 4104 108 32 Piecer
2660 4106 110 40 (Silks.
2787 4108 133 41 Satin's,
2932 4112 66 32 and
3008 4113 85 34 Irish
3108 4116 143 44 Poplins,
3259 4121 38 34 of

2532 4148 43 34 all
2591 4149 152 46 Shades),
2761 4153 173 37 Dolman's
2945 4157 140 37 Ulster's
3098 4164 64 33 and
3174 4165 119 37 Cloaks

2534 4196 67 42 (the
2639 4197 114 35 Latest
2782 4201 185 45 Fashions),
3005 4206 120 34 Ladies
3164 4211 107 36 Under-

2532 4240 157 45 clothing,
2708 4244 115 42 Skirts,
2843 4247 114 45 Fancy
2979 4251 184 43 Costumes,
3187 4257 106 46 Bugle

2633 4290 65 32 and
2715 4291 212 47 Trimmings,
2944 4296 88 41 large
3048 4305 200 33 assortment
3260 4305 38 35 of

2534 4333 102 45 Bugle
2675 4336 210 45 Oruameuts,
2922 4342 111 36 White
3067 4348 69 33 and
3173 4350 121 37 Cream

2533 4381 95 39 Lace,
2645 4383 168 40 Button's,
2830 4387 95 43 Baby
2942 4390 117 39 Robes,
3084 4394 120 35 Cloaks
3226 4399 68 34 and

2533 4427 131 41 Gowns,
2676 4429 99 42 Boys'
2789 4431 98 43 Suits,
2906 4434 97 43 Hate,
3021 4437 149 45 Flannel,
3189 4442 81 37 Mole-

2533 4473 71 34 skin
2634 4475 66 34 and
2728 4478 129 43 Carpet,
2897 4482 256 46 Counterpanes,
3186 4489 108 38 Toilet

2533 4520 130 40 Covers,
2690 4522 165 43 Curtains,
2887 4528 107 34 Men's
3023 4532 65 33 and
3119 4534 173 38 Women's

2532 4565 64 35 and
2633 4567 185 38 Children's
2856 4573 101 36 Socks
2995 4578 64 33 and
3105 4579 187 50 Stockings,

2687 4616 106 35 Shirts
2808 4619 45 33 all
2868 4622 114 40 colors,
2999 4625 55 33 &e.
3071 4626 53 34 kc.

2532 4705 68 34 The
2617 4706 104 35 Trade
2737 4710 150 44 supplied
2908 4713 34 33 in
2964 4725 67 34 any
3054 4718 37 32 of
3109 4718 56 35 the
3188 4720 105 37 abov«

2854 4758 111 35 Lines.

2533 4843 218 38 Motto—The
2768 4847 132 39 Nimble
2924 4852 188 46 Ninepence
3128 4856 93 38 beats
3236 4860 58 38 the

2782 4896 84 34 Slow
2892 4899 149 45 Shilling.

2529 4983 95 76 E.
2655 4985 92 76 E.
2772 4988 233 77 Issell
3047 4995 62 73 &
3158 4998 134 81 Co.

2645 5090 224 34 Palmeeston
2887 5094 64 39 St.,
2969 5096 199 37 Westport.

2621 5206 111 56 JOB,
2750 5207 118 46 AND
2887 5210 111 46 ALL
3016 5213 181 50 KINDS

2530 5303 78 47 OF
2638 5305 294 52 PRINTING
2961 5311 331 60 EXECUTED

2773 5419 100 34 —AT
2897 5421 138 35 THE—

2632 5515 25 19 -11
2673 5510 198 50 TIMES

2566 5657 29 32 A
2612 5658 222 36 CARD.—To
2850 5674 63 22 ALL
2930 5675 74 25 who
3021 5679 63 24 are
3101 5681 191 33 suffering

2526 5712 89 24 from
2631 5714 66 24 the
2708 5717 105 24 errors
2826 5710 64 33 and
2906 5712 208 39 indiscretion
3126 5721 42 33 <of
3172 5726 104 38 youth

2526 5759 140 25 nervous
2695 5753 180 42 weakness,
2902 5759 90 42 early
3019 5762 114 45 decay,
3162 5768 66 35 loss
3257 5772 38 36 of

2526 5795 179 43 manhood,
2721 5799 66 40 &c,
2812 5801 17 32 I
2851 5802 68 34 will
2942 5806 80 33 send
3040 5820 19 21 a
3079 5813 110 40 recipe
3215 5816 75 37 that

2526 5841 65 34 will
2607 5853 75 24 cure
2694 5856 75 32 you,
2782 5846 120 36 FREE
2916 5850 56 34 OF
2985 5853 199 41 CHARGE.
3208 5863 82 37 This

2525 5893 92 36 great
2631 5891 134 42 remedy
2777 5903 68 24 was
2853 5895 187 38 discovered
3054 5902 43 43 by
3106 5915 18 23 a
3135 5907 133 39 mission-

2526 5945 58 33 ary
2606 5946 33 23 in
2662 5936 103 35 South
2790 5940 163 38 America.
3000 5947 86 36 Send
3113 5964 18 21 a
3156 5956 119 38 self-ad

2525 5982 132 33 dressed
2673 5986 158 44 envelope
2847 5990 64 33 and
2933 5991 151 46 sixpence
3109 6004 33 30 to
3164 6012 124 29 prena*

2524 6031 134 39 postage
2686 6035 35 29 to
2750 6031 55 35 the
2827 6034 80 35 Rev.
2936 6038 131 38 Joseph
3095 6045 25 34 T
3161 6027 127 59 Inma/

2526 6072 128 39 Station
2671 6075 43 43 D,
2732 6077 80 37 N«w
2829 6081 89 38 York
2935 6086 87 47 City,
3040 6088 30 40 U
3084 6092 77 39 BJL
