3449 6224
211 212 558 49 MISCELLANEOUS.

167 346 68 31 The
262 346 81 32 Lord
369 347 114 42 Mayor
500 348 36 30 of
548 348 136 32 London
707 347 58 34 has
788 354 47 26 set
859 360 14 20 a

127 402 78 36 5oo«1
224 403 147 42 example
388 404 31 31 in
432 403 220 38 entertaining?
664 408 56 28 ata
734 404 143 43 banquet

126 459 61 35 '250
203 459 135 35 London
362 460 126 34 editors,
539 460 25 36 ft
581 462 25 32 is
624 461 53 35 the
788 475 71 19 oeen-

127 527 68 20 s:on
226 518 34 29 of
286 518 54 30 the
377 518 110 37 guides
518 520 30 29 of
581 519 53 32 the
673 520 110 42 people
815 520 60 31 and

129 572 182 40 watchdogs
336 574 33 32 of
389 574 190 35 civilisation
598 575 121 42 having
741 576 77 35 been
844 589 33 21 so

127 631 138 42 brought
282 631 153 39 together.

173 687 147 33 Madanii-
353 687 99 34 Sarah
489 688 184 34 Bernhardt,
711 690 57 33 h-iq
800 691 77 33 l»een

130 743 162 34 forbidden
325 744 40 42 by
397 745 54 31 the
483 746 140 34 German
656 748 223 34 Government

130 804 8 12 l
141 812 17 19 o
173 805 50 28 net
237 801 31 32 in
284 813 64 30 any
362 807 70 38 part
441 802 37 33 of
483 802 296 35 Alsace-Lorraine.
812 805 66 33 The

123 857 120 35 official
263 859 192 34 prohibition
479 865 99 29 states
597 861 67 33 that
691 862 53 34 tlie
762 868 118 29 actress

129 915 120 33 herself
275 915 107 34 closed
407 917 55 32 the
487 917 93 33 doors
607 918 34 33 of
665 920 41 32 ail
736 922 142 31 German

130 973 139 32 theatres
285 971 42 41 by
344 972 56 33 her
416 985 83 31 open
515 973 145 44 hostility
674 977 138 34 towards
826 979 54 33 the

133 1030 143 42 Empire,
293 1030 63 33 and
374 1030 57 33 her
449 1038 85 26 want
551 1034 29 30 ol
600 1039 73 27 Uci.

175 1087 81 33 Lord
299 1087 170 45 Randolph
507 1087 177 38 Churehill,
716 1092 27 32 if
776 1094 124 41 report!

130 1144 113 44 speaks
266 1147 97 41 truly,
384 1146 63 35 had
465 1159 39 22 an
523 1150 150 38 amusing

125 1210 38 27 ■at
186 1204 46 33 St.
251 1204 66 34 Pan
323 1215 69 23 eras
417 1206 137 32 Station.
605 1206 129 39 Having
758 1207 122 33 arrived
898 1204 3 41 I

129 1261 90 34 there
243 1261 41 44 by
308 1263 95 40 train,
429 1264 38 33 he
484 1264 114 34 betook
621 1265 132 36 himself
774 1273 30 25 to
830 1266 52 33 the
899 1261 2 44 |

132 1328 61 23 van
217 1322 32 29 to
266 1318 71 33 look
360 1320 80 33 after
463 1320 49 34 his
529 1328 240 37 portmanteau.
816 1322 66 33 The
899 1318 2 47 ;

126 1376 116 42 guard,
271 1379 84 36 who,
386 1378 78 33 with
503 1390 17 21 a
558 1378 144 43 singular
736 1385 87 27 want
854 1381 33 31 of
900 1376 1 50 j

130 1432 231 36 discernment,
379 1435 157 42 supposed
561 1434 68 33 him
648 1441 31 27 to
703 1437 35 31 bo
757 1447 16 22 a
798 1447 63 23 com-

126 1488 136 36 mercial
299 1491 161 37 traveller,
492 1492 162 42 jocularly
692 1492 169 33 remarked
878 1503 5 22 :

167 1546 96 33 What
286 1546 41 33 do
351 1558 63 31 you
442 1547 94 33 think
550 1549 14 33 ?
597 1552 97 29 we've
721 1556 55 32 got
799 1550 85 32 Lord

133 1601 170 42 Randolph
334 1604 167 33 Churchill
536 1606 30 31 in
607 1604 54 35 the
691 1608 95 32 train,
826 1609 59 31 I'm
900 1593 1 50 I

133 1658 76 34 told.
255 1659 15 33 I
294 1659 83 46 hope
402 1660 16 34 I
438 1661 82 34 shall
543 1661 38 33 he
605 1663 70 33 able
699 1670 32 26 to
756 1676 50 21 see
831 1665 54 33 the

134 1717 99 43 cocky
261 1718 82 33 little
736 1722 150 33 returned

133 1774 39 34 he
197 1776 18 17 •'
229 1774 100 35 that's
346 1788 55 32 my
418 1781 227 39 portmanteau
660 1779 76 34 with
757 1779 73 35 E.G.
845 1792 41 21 on

134 1834 44 33 it:
205 1832 93 47 bring
320 1835 25 33 it
362 1835 95 44 along
474 1841 32 28 to
523 1848 19 21 a
565 1837 68 38 cab,
657 1837 64 33 and
737 1848 64 33 you
825 1849 60 22 can

133 1893 74 33 look
222 1896 34 31 at
271 1905 52 21 me
341 1905 34 22 as
391 1894 75 42 long
482 1906 36 21 as
533 1906 64 32 you
608 1895 75 39 like,
696 1896 49 32 for
758 1896 63 32 I'm
833 1897 54 32 the

134 1949 100 46 cocky
250 1950 82 35 little

176 2009 69 31 One
262 2009 56 31 hot
335 2013 173 29 summer's
523 2010 64 42 day
603 2011 30 31 in
652 2011 55 32 the

138 2065 86 42 (says
297 2065 109 45 jEgles
487 2067 32 33 in
558 2067 54 34 the
649 2067 238 37 Australasian)

136 2133 110 34 young
262 2122 124 35 Harem
400 2124 130 34 Scarem
544 2136 65 22 was
623 2124 111 44 t.-ik'ng
748 2138 17 21 a
777 2127 112 44 couple

135 2180 39 33 of
179 2180 74 34 stud
264 2192 85 21 rams
358 2192 44 32 up
416 2191 32 24 to
460 2182 50 32 his
522 2183 133 32 father's
668 2185 130 32 station.
823 2186 67 31 The

138 2236 78 36 road
233 2249 65 24 was
312 2237 78 45 long
405 2239 65 35 and
485 2239 108 45 dusty,
610 2244 63 31 and
697 2242 54 33 the
766 2242 125 45 whisky
900 2236 1 51 i

139 2296 42 31 he
205 2295 64 32 had
296 2297 77 31 with
402 2297 69 32 him
495 2308 66 22 was
588 2309 35 22 so
649 2299 81 39 good
754 2300 72 32 that
852 2294 49 44 hej

138 2352 161 44 punished
344 2354 24 33 it
405 2355 153 43 severely.
602 2357 43 33 At
680 2356 112 43 length
837 2358 54 34 the

141 2413 18 13 tk
174 2421 118 33 enemy
309 2410 39 33 he
365 2416 59 38 put
438 2412 70 33 into
521 2412 49 33 his
586 2414 114 33 mouth
713 2414 77 34 took
802 2425 90 34 away

141 2467 51 31 his
367 2469 64 32 and
449 2470 38 31 he
504 2469 202 34 determined
729 2479 31 24 to
779 2472 80 33 have
877 2487 13 18 a

141 2522 80 35 lark.
266 2524 126 45 Taking
408 2524 54 36 the
478 2538 88 24 rams
583 2533 55 29 out
655 2528 34 34 of
710 2529 53 35 the
786 2528 107 47 buggy

141 2582 40 33 he
199 2583 111 42 placed
328 2585 88 31 them
434 2586 34 31 in
484 2584 88 43 sight
583 2587 36 31 of
625 2587 79 33 each
716 2588 103 39 other,
829 2589 64 32 and

142 2638 76 34 took
240 2639 52 34 his
308 2641 140 43 position
472 2651 43 24 on
538 2655 19 22 a
580 2644 52 44 log
654 2646 32 32 to
713 2645 103 33 watch
839 2644 56 35 die

142 2702 136 28 contest.
322 2700 43 32 At
386 2699 26 33 it
434 2699 79 44 they
538 2706 97 35 went,
659 2702 151 34 hammer
832 2703 63 33 and

139 2759 110 35 tongs,
272 2755 63 34 and
349 2757 81 33 each
448 2756 79 35 time
544 2758 78 45 they
644 2759 85 34 drew
753 2760 80 34 back
848 2760 49 34 for

145 2824 17 22 a
179 2814 83 34 fresh
275 2814 116 44 charge
403 2829 110 31 young
523 2818 124 34 Harem
661 2820 134 33 cheered
808 2820 88 33 them

146 2881 51 22 on.
356 2872 26 34 it
412 2885 60 23 one
494 2874 148 35 hundred
668 2876 64 33 and
763 2883 134 38 seventy

146 2929 133 43 guineas
294 2931 6 33 !
346 2932 49 33 Go
411 2933 24 33 it
450 2937 65 31 two
532 2934 148 34 hundred
703 2936 64 32 and
783 2936 73 43 fifty

148 2987 104 42 yelled
267 2988 55 34 the
337 2989 114 43 youth.
496 2990 168 46 Presently
750 2993 149 34 hundred

147 3044 63 32 and
222 3054 134 34 seventy
405 3046 143 45 dropped
595 3055 63 27 two
673 3049 148 34 hundred
835 3050 64 34 and

272 3112 36 21 as
330 3102 82 33 dead
434 3115 36 21 as
492 3116 19 20 a
533 3104 79 34 door
633 3105 78 34 nail.
757 3107 67 33 The
848 3119 34 21 ex-

148 3157 183 41 planations
360 3171 111 31 young
499 3162 127 32 Harem
663 3164 95 32 made
787 3170 33 27 to
850 3164 50 32 his

147 3208 105 37 father
268 3222 53 24 are
337 3218 57 30 not
409 3224 42 24 on
466 3214 122 35 record.

191 3267 68 32 The
285 3268 164 45 following
475 3271 26 33 is
531 3283 18 21 a
580 3276 175 30 statement
785 3274 35 34 of
847 3275 54 33 the

152 3334 74 32 ftges
242 3325 35 33 of
289 3326 162 35 members
473 3328 36 34 of
519 3329 55 34 the
589 3342 73 22 new
679 3332 146 40 Cabinet,
841 3325 70 47 six-1

152 3387 74 26 teen
256 3382 35 33 in
314 3382 148 43 number,
492 3384 35 34 in
554 3386 96 34 order
676 3387 36 34 ef
736 3389 166 44 seniority,

148 3438 276 37 viz:—Viscount
447 3442 198 43 Cranbrook,
668 3447 59 40 71;
755 3447 94 33 Duke
872 3447 36 34 of

152 3493 186 37 Richmond
374 3497 65 34 and
475 3499 144 41 Gordon,
654 3503 65 39 07;
757 3502 78 34 Earl
872 3503 36 34 of

152 3551 186 46 Iddesleigh
360 3554 66 43 (Sir
450 3556 140 35 Stafford
616 3559 203 43 Northcote),
842 3563 60 39 66;

151 3608 57 35 due
226 3609 100 45 Right
348 3612 88 34 Hon,
453 3613 88 35 Lord
553 3614 92 35 John
664 3617 164 42 Manners,
845 3621 57 39 66;

154 3666 52 33 air
232 3666 142 36 Richard
397 3669 109 43 Cross,
537 3673 58 41 62;
619 3673 87 36 Lord
737 3674 166 51 Halsbury

152 3724 71 39 (the
259 3725 87 35 Lord
375 3729 215 44 Chancellor),
620 3735 60 37 62;
718 3734 55 34 the
804 3737 101 42 Right

153 3780 89 35 Hon.
266 3781 51 37 W.
334 3784 44 34 H.
404 3784 118 43 Smith,
539 3789 61 41 60;
624 3789 55 35 the
703 3765 205 72 Marquis°of

155 3839 165 44 Salisbury
358 3843 180 44 (Premier),
574 3848 59 37 55;
668 3848 54 34 the
763 3848 74 36 Karl
874 3851 35 34 of

155 3895 190 47 Harrowby,
372 3902 56 40 54;
453 3902 54 35 the
536 3904 79 34 Earl
643 3906 37 33 of
703 3907 200 42 Carnarvon,

147 3953 63 41 -54;
233 3954 56 34 the
308 3956 99 35 Ri<>ht
422 3958 88 35 Hon.
536 3961 141 35 Edward
694 3964 133 41 Gibson,
843 3967 40 33 47
897 3978 7 30 ;

153 4011 51 34 Sir
221 4011 141 37 Michael
379 4015 241 44 Hicks-Beach,
642 4022 59 40 47;
726 4023 55 33 the
804 4024 102 44 Right

152 4068 88 34 Hon.
257 4070 143 36 Edward
416 4073 176 47 Stanhope,
609 4078 59 40 44;
693 4080 133 35 Colonel
851 4082 54 34 the

152 4125 101 44 Right
269 4127 87 35 Hon.
372 4130 39 34 F.
426 4134 39 32 A.
486 4134 145 45 Stanley,
647 4139 40 31 44
701 4148 7 30 ;
734 4139 54 33 the
805 4139 101 43 Right

152 4182 88 36 Hon.
272 4185 87 37 Lord
389 4188 124 47 George
540 4193 186 42 Hamilton,
756 4198 60 39 &9;
840 4198 65 33 and

154 4240 54 35 the
225 4242 102 45 Right
341 4245 89 35 Hon.
446 4247 86 35 Lord
543 4249 172 46 Randolph
726 4252 179 42 Churchill,

152 4298 80 43 Hged
246 4301 50 33 36.
341 4302 33 35 It
396 4305 67 33 will
486 4306 76 35 thus
585 4309 36 33 be
639 4321 74 22 seen
736 4310 73 34 that
834 4310 54 35 Vis-

146 4360 105 29 'count
266 4357 188 38 Cranbrook
470 4361 27 35 is
513 4362 54 34 the
588 4364 104 35 oldest
715 4367 146 35 member
877 4369 34 33 of

153 4411 54 34 the
223 4413 147 44 Cabinet,
387 4419 65 33 and
466 4420 87 34 Lord
571 4422 174 45 Randolph
762 4424 123 34 Church-

149 4466 36 35 ill
202 4468 54 36 the
272 4479 169 36 youngest.

713 68 134 51 TllL
921 73 122 46 LYIL
1078 77 56 43 ,L
1202 75 216 57 TfVIE.S,
1490 76 345 53 S\!"!":")'."*
2116 77 66 52 '.'t
2216 82 102 48 W\
2538 86 118 61 [^s.

2537 5927 136 38 Printed
2689 5932 66 35 and
2770 5935 176 45 published
2968 5938 51 36 for
3036 5939 57 37 the
3117 5941 191 49 Proprietor

2577 5976 44 45 by
2635 5979 32 34 J.
2685 5981 37 34 P.
2739 5983 111 41 Clark,
2866 5990 35 29 at
2916 5986 58 33 the
2991 5988 195 42 Registered
3205 5994 100 36 Office

2579 6030 31 26 ol
2619 6025 54 33 the
2690 6029 19 16 »
2720 6027 95 42 Lyell
2980 6032 79 34 Cliff
3071 6035 70 34 Stre
3149 6040 39 39 at,
3198 6038 102 43 Lyell

2579 6068 132 49 County
2727 6072 36 37 of
2774 6073 125 45 Buller,
2917 6075 128 48 Colony
3064 6081 37 36 of
3109 6082 82 37 NX

361 4582 329 54 NOTICE.

150 4701 46 34 To
220 4702 54 35 the
306 4706 126 35 Public
456 4709 36 33 of
510 4710 106 43 Lyell,
644 4714 63 33 and
733 4716 154 35 surround-

455 4765 153 37 districts.

149 4873 135 37 TTIHE
314 4877 344 46 UNDERSIGNED,
681 4885 125 45 having
831 4900 56 32 pnr-

260 4932 119 37 chased
395 4936 55 34 the
466 4937 148 37 business
630 4939 120 38 known
773 4955 35 22 as
835 4944 74 36 Win

152 4986 149 40 Brown's
318 4993 83 35 Boot
419 4995 98 45 Shop,
535 4998 105 44 Lyell,
656 5012 27 23 is
700 5003 158 43 prepared
878 5008 31 30 to

148 5048 64 32 sell
225 5049 54 34 the
298 5050 104 36 whole
414 5052 37 35 of
458 5054 53 34 his
521 5055 153 36 LARGE
685 5059 64 34 and
768 5059 112 37 WELL-

153 5102 230 41 ASSORTED
403 5110 149 44 STOCK,
569 5114 36 34 of
618 5115 110 37 Men's
745 5119 164 37 Women's

154 5163 65 32 and
255 5163 205 39 Children's
491 5172 100 32 Boots
623 5175 65 32 and
727 5177 112 40 Shoes,
877 5184 33 28 at

157 5217 104 44 prices
291 5226 32 29 to
349 5224 64 34 suit
437 5225 54 34 the
515 5227 108 41 times,
647 5231 65 34 and
735 5232 102 44 hopes
868 5236 43 43 by

157 5276 122 34 careful
300 5281 161 34 attention
477 5289 33 27 to
533 5283 158 44 business,
715 5293 33 30 to
771 5292 97 33 merit
893 5304 19 22 a

157 5332 61 33 fair
234 5333 94 35 share
345 5336 36 33 of
392 5337 108 42 public
517 5346 186 40 patronage.

198 5400 53 36 All
267 5404 101 43 goods
383 5407 136 36 marked
535 5410 33 34 in
585 5412 88 44 plain
690 5414 130 43 figures.

201 5468 156 36 N.B.—A
373 5472 85 45 large
475 5478 119 42 supply
609 5480 35 32 of
659 5481 105 35 North
788 5483 124 36 British

154 5524 94 38 Gum
275 5528 111 40 Boots,
410 5532 65 33 and
498 5534 80 35 Own
603 5536 100 34 Make
728 5540 37 32 of
787 5541 105 36 Water-

157 5582 105 45 tights
277 5585 122 45 always
416 5598 42 23 on
475 5588 97 36 hand.

202 5640 137 44 Repairs
354 5645 113 44 neatly
482 5651 166 33 executed.

368 5737 83 36 Note
467 5741 55 34 the
539 5743 159 36 Address:

296 5794 95 48 Jo
424 5797 44 45 H
499 5799 39 48 n
592 5802 100 48 811
712 5804 200 62 OWN,

306 5870 85 37 Boot
406 5873 66 36 and
489 5875 202 40 Shoemaker
706 5881 66 36 and

451 5942 175 49 Importer.

197 6004 92 41 Jfott
305 6009 79 37 door
399 6016 34 32 to
480 6016 110 36 Times
757 6023 106 43 Lyell.

934 203 426 47 WELCOME
1448 210 222 58 INN,

1226 275 124 36 Lyell.

1025 365 162 38 Ellen
1262 369 294 50 Williams,

929 441 10 17 i
1018 436 172 35 ietUiimig
1213 426 120 37 thanks
1355 436 49 28 tor
1533 433 137 42 favours,

1100 497 31 25 to
1159 490 65 33 info
1230 504 45 20 .-in
1300 493 56 32 he/
1382 494 120 33 friends
1526 496 62 32 ami
1618 498 54 31 the

916 548 104 45 public
1047 550 70 36 that
1145 551 56 35 she
1232 552 59 35 has
1317 553 68 46 just
1412 556 184 46 completed
1621 570 33 23 ex-

916 615 121 32 tensive
1061 614 163 35 additions
1253 630 42 20 an
1309 618 8 32 I
1351 619 180 35 alterations
1559 628 31 26 to
1616 623 56 31 her

917 677 165 40 premises,
1107 690 17 19 ;i
1141 678 30 32 id
1198 680 51 31 the
1279 692 73 21 acco
1370 682 154 33 nidation
1550 683 25 32 is
1599 695 73 22 n.>w

1176 742 228 42 unsurpassed.

917 829 84 42 lies,
1036 831 118 40 Win's,
1182 833 65 34 and
1276 835 115 43 Spirits
1422 836 36 32 of
1485 837 188 36 First-class

1123 891 132 42 Quality
1272 893 77 39 only
1368 892 85 43 kept.

1150 983 92 33 Good
1265 984 160 40 Stabling.

1122 1040 152 33 ELLfiN
1305 1040 245 42 WILiMAMS,

1374 1089 230 33 Proprieties
1614 1101 20 21 4.

923 1181 47 49 W
1003 1184 178 48 OLF
1257 1186 180 46 AND
1528 1189 31 46 G
1594 1189 80 57 0.,

1081 1272 208 34 Wholesale
1307 1285 66 21 and
1393 1275 128 34 Retail

921 1336 64 70 J3
1049 1339 34 48 U
1152 1339 30 47 f
1238 1341 227 49 CHE
1517 1344 37 47 R
1600 1344 32 48 s
1666 1383 9 10 .

1043 1462 135 36 Dealers
1194 1464 34 33 in
1244 1465 45 33 all
1305 1465 215 45 descriptions
1536 1467 36 35 of

941 1532 124 32 FARM
1112 1534 91 31 AND
1249 1534 141 33 DAIRY
1435 1536 225 34 PRODUCE.

922 1645 117 33 Hotels
1049 1645 66 33 and
1131 1646 157 34 Families
1298 1647 119 34 waited
1432 1659 44 23 on
1491 1648 50 34 for
1551 1649 120 34 Orders

962 1759 120 36 Orders
1105 1760 167 35 delivered
1295 1767 33 29 to
1354 1762 45 35 all
1424 1767 90 40 parts
1530 1774 19 25 0
1586 1764 57 35 the

1232 1820 149 35 District.

1133 1935 86 34 Note
1236 1936 57 34 the
1312 1936 144 36 Address

949 2003 128 34 JS'W
1100 2005 129 32 OLF
1317 2006 136 32 AND
1552 2006 110 42 CO.,

988 2072 86 33 Next
1103 2072 56 34 the
1189 2074 229 34 Government
1439 2074 186 44 Buildiugs,

1102 2142 103 34 Cliff
1229 2142 142 41 Street,
1395 2143 125 35 Lyell.

981 2232 80 33 1050

940 2278 161 32 FRIZES

1119 2232 370 85 £50,000.

1554 2234 79 34 1050

1513 2280 159 32 PRIZES

999 2370 76 32 The
1093 2372 133 32 Sydney
1241 2372 130 32 Jockey
1387 2373 94 32 Tukf
1496 2373 121 32 Club's

927 2424 523 79 JJELBOURNE
1515 2427 170 79 QUP

1075 2527 358 43 CONSULTATION,
1452 2533 90 33 1885.

931 2623 46 33 To
988 2622 38 33 be
1038 2632 60 22 run
1113 2632 41 21 on
1169 2620 53 33 the
1237 2620 209 40 Fleiuin?t-on
1461 2622 84 36 Race
1558 2625 129 41 Course,

1026 2668 202 39 Melbourne,
1245 2667 34 34 in
1298 2669 195 41 November,
1508 2674 89 31 1885.

1094 2759 329 70 MEMBERS
1457 2768 62 63 £i

932 2876 68 34 The
1017 2876 162 33 PRIZES
1195 2876 64 33 will
1280 2876 35 33 be
1332 2877 136 34 allotted
1482 2879 40 44 by
1536 2878 155 46 Drawing

1201 2936 35 20 as
1254 2924 125 33 under;

974 2970 87 34 First
1076 2970 108 33 Horse
1510 2973 143 34 1*10.0)0

975 3017 127 33 Second
1120 3017 105 32 Horse
1558 3022 95 35 4,00)

974 3062 101 33 Third
1092 3062 106 33 Horse
1560 3068 93 36 2,000

975 3108 102 33 Oth?r
1093 3109 140 32 Starters
1251 3109 155 43 (divided)
1428 3137 31 7 ...
1561 3113 93 36 1,500

975 3154 226 33 Non-starters
1219 3155 154 42 (divided)
1426 3182 33 8 ...
1561 3161 93 35 1,500

976 3200 17 33 1
1011 3199 85 34 Cash
1113 3199 93 34 Prize
1560 3205 94 39 2,000

976 3248 18 31 2
1012 3247 83 31 Cash
1114 3246 109 32 Prizes
1236 3248 37 39 (£
1282 3250 35 30 10
1325 3250 34 30 )0
1371 3251 92 40 each)
1560 3253 93 30 2.000

976 3293 19 33 4
1011 3291 85 34 Cash
1115 3292 107 34 Prizes
1240 3292 101 44 (.£SOO
1357 3295 92 41 each)
1560 3297 95 38 2,000

957 3341 39 31 10
1012 3339 86 32 Cash
1115 3340 108 32 Prizes
1241 3341 102 38 (£2OO
1358 3343 93 40 each)
1561 3346 94 36 2,0J0

956 3386 41 31 30
1247 3386 87 33 1100
1562 3392 17 30 y
1585 3416 5 11 f
1593 3390 62 33 ooo

956 3433 41 33 70
1298 3435 40 31 50
1434 3460 34 9 ..,
1562 3438 94 38 3,500

936 3478 61 31 200
1298 3480 39 31 23
1432 3506 33 7 ...
1562 3483 94 33 5.000

937 3525 59 33 575
1300 3527 41 33 2J
1434 3553 33 8 ..,
1543 3530 113 39 11,^00

1162 3618 113 33 Grand
1291 3620 95 33 Total

1515 3624 142 38 150,000

976 3710 71 34 The
1059 3709 132 45 Sydney
1201 3712 124 43 Jockey
1339 3714 83 34 Turf
1425 3715 83 34 Club
1521 3716 35 33 of
1564 3716 133 44 Sydney

936 3757 33 32 in
987 3756 162 41 thanking
1166 3758 85 33 their
1268 3769 178 26 numerous
1463 3761 124 34 Clients
1602 3762 34 34 in
1654 3755 43 42 ail

938 3808 71 39 past
1032 3804 381 42 CONSULTATIONS,
1439 3807 58 41 beg
1521 3816 32 26 to
1578 3810 117 33 inform

935 3850 93 33 fchein
1052 3849 64 34 and
1140 3851 55 32 the
1220 3850 113 36 Public
1354 3854 179 45 generally,
1558 3855 32 33 in
1617 3857 80 32 New

938 3897 103 33 South
1082 3896 117 41 Wales,
1238 3899 54 32 the
1329 3899 169 44 adjoining
1535 3902 162 38 Colonies,

938 3943 116 36 China,
1072 3943 61 32 and
1151 3943 39 32 In
1204 3944 52 38 lia,
1272 3946 71 32 that
1354 3946 49 32 for
1413 3947 54 32 the
1484 3946 212 36 Melbouunk

938 3989 70 33 Cup
1023 3989 35 34 of
1072 3990 89 40 1885,
1178 3991 79 44 they
1274 3991 82 35 have
1373 3992 134 36 decided
1530 4000 31 28 to
1580 3995 53 34 hoi
1645 3996 10 33 1
1680 4009 17 20 a

940 4037 141 34 -£50,009
1093 4039 254 32 Consultation
1357 4040 47 31 for
1416 4040 71 33 that
1498 4049 106 24 event.
1630 4042 67 34 The

940 4082 127 41 highest
1102 4082 101 33 Piuzi«;
1234 4083 97 43 being
1363 4086 151 41 £'10,0)0,
1547 4088 64 32 and
1643 4088 54 35 th<e

940 4128 111 34 lowest
1074 4130 77 32 £lO.
1197 4131 68 32 The
1291 4131 106 33 S.J.T.
1418 4134 82 32 Club
1523 4134 83 33 have
1630 4136 67 31 also

939 4174 135 35 decided
1099 4184 30 25 to
1153 4176 120 36 deduct
1295 4179 79 41 only
1399 4180 38 33 10
1460 4191 57 32 per
1540 4188 85 26 cent,
1650 4183 48 33 for

940 4222 179 42 Expenses,
1135 4223 127 33 instead
1279 4226 36 30 of
1328 4228 35 29 15
1381 4237 56 32 per
1453 4238 59 21 cent
1517 4233 21 26 t.
1565 4228 47 42 (as
1636 4229 61 32 last

938 4270 103 41 year).
1062 4315 5 5 _

982 4315 31 32 It
1029 4315 66 32 will
1109 4314 40 33 be
1165 4327 76 21 seen
1259 4316 43 42 by
1325 4318 53 33 the
1397 4319 212 39 Programme
1627 4321 71 32 that

942 4360 80 33 1050
1054 4360 121 33 Prizws
1199 4361 68 34 will
1291 4362 38 35 be
1356 4364 246 41 Distlubutrd,
1634 4369 63 32 and

940 4414 247 33 arrangements
1218 4421 53 21 are
1299 4409 95 44 bjijag
1420 4412 94 33 mule
1543 4420 30 24 to
1606 4414 92 40 bring

941 4452 65 33 this
1023 4454 229 33 Consultation
1271 4457 220 43 prominently
1516 4459 103 33 before
1645 4466 53 26 trie

942 4498 113 34 Public
1070 4500 33 32 in
1121 4500 41 32 all
1176 4507 89 37 parts
1276 4502 34 33 of
1318 4503 53 32 the
1393 4503 150 35 World—
1547 4517 40 22 no
1600 4507 98 33 doubt

941 4546 177 40 whatever,
1150 4547 57 35 but
1236 4547 72 37 that
1342 4550 43 34 all
1416 4551 119 35 Shares
1566 4554 66 33 will
1662 4553 36 35 be

942 4593 97 33 taken
1056 4605 54 23 up.

983 4638 158 39 Drawing
1157 4640 65 34 will
1238 4642 74 33 take
1329 4643 91 43 place
1431 4645 103 35 under
1544 4645 56 35 the
1614 4646 63 35 Com-

944 4696 122 22 mittee
1084 4688 35 32 of
1132 4687 241 36 Management
1389 4692 99 33 about
1504 4694 96 31 Four,
1616 4694 85 33 clear

944 4731 78 43 days
1039 4732 106 34 before
1164 4734 54 33 the
1235 4736 72 32 Day
1324 4737 35 32 of
1368 4737 54 33 the
1438 4737 102 35 Race.
1587 4740 114 34 Result

944 4778 34 33 of
997 4779 54 32 the
1077 4779 156 44 Drawing
1258 4781 65 35 will
1340 4783 36 33 be
1396 4783 182 36 forwarded
1603 4792 32 28 to
1659 4788 42 33 all

945 4824 214 35 Subscribers.
1225 4828 74 40 Any
1339 4830 188 34 Subscriber
1566 4844 60 21 can
1663 4833 38 33 bo

944 4877 130 35 present
1091 4877 31 27 at
1140 4873 53 32 the
1219 4874 167 40 Drawing,
1404 4877 105 32 either
1527 4879 33 30 in
1585 4891 115 29 person

944 4927 35 21 or
995 4917 41 41 by
1052 4928 114 32 proxy,
1184 4930 41 21 on
1238 4920 135 43 making
1389 4922 199 44 application
1604 4928 31 30 to
1648 4924 54 34 the

945 4963 171 43 Secretary
1132 4966 34 32 in
1180 4967 139 41 writing.

983 5055 77 38 164
1083 5057 207 40 HORSES
1312 5061 352 40 NOMINATED.

1158 5150 177 38 Exchange
1346 5158 32 27 to
1393 5153 159 42 Cheques,
1565 5155 63 32 and
1641 5159 63 31 two

1111 5195 133 44 Stamps
1282 5197 49 33 for
1361 5199 93 43 reply
1492 5200 65 33 and
1593 5202 110 33 result.

1110 5240 112 35 Drafts
1239 5255 34 20 or
1290 5244 76 33 P.O.
1385 5245 118 33 Orders
1517 5252 31 27 to
1563 5247 37 33 be
1614 5248 91 33 made

1110 5287 137 43 payable
1260 5294 31 28 to

1179 5334 147 35 JAMES
1351 5338 229 37 WALLACE,

1319 5383 168 42 Secretary
1508 5384 155 37 S.J.T.C.

1028 5425 71 34 Box
1114 5427 72 41 784,
1203 5429 132 41 G.P.0.,
1355 5432 144 41 Sydney.

1122 5532 66 23 the
1219 5523 115 36 Blood
1364 5537 30 23 is
1425 5536 66 24 the

949 5565 213 35 CLARKE'S
1190 5568 340 39 WOULD-FAMKD
1558 5575 149 36 BLOOD

950 5611 210 36 MIXTURE
1185 5616 26 33 is
1234 5620 186 32 warranted
1446 5625 33 28 to
1503 5621 127 35 cleanse
1654 5624 53 34 the

948 5656 96 34 blood
1060 5659 83 34 from
1167 5661 43 33 all
1233 5663 185 43 impurities
1437 5666 83 33 from
1545 5667 164 38 whatever

950 5715 93 22 cause
1055 5705 131 42 arising
1232 5710 64 33 For
1306 5711 157 41 Scrofula,
1477 5713 134 40 Scurvv,
1628 5716 78 35 Skin

950 5751 64 32 and
1025 5751 104 34 Blood
1142 5753 161 42 Diseases,
1315 5757 65 33 and
1393 5759 94 33 Sores
1501 5761 35 32 of
1545 5760 43 33 all
1601 5761 107 43 kinds,

950 5795 41 33 its
1005 5796 110 33 effects
1131 5811 54 20 are
1203 5803 209 32 marvellous.
1457 5804 154 35 Thousan
1623 5807 29 33 Is
1675 5810 35 31 of

950 5840 229 39 testimonials.
1226 5847 77 34 Sold
1326 5849 33 33 in
1377 5849 128 41 bottles,
1523 5854 35 31 2s
1581 5853 40 33 (kl
1645 5856 63 34 and

953 5888 53 32 lis
1021 5889 80 33 each
1115 5890 44 43 by
1169 5891 165 36 Chemists
1344 5896 67 33 and
1418 5897 120 34 Patent
1549 5900 160 36 Medicine

950 5933 149 36 Vendors
1120 5939 218 44 everywhere.
1393 5941 73 37 Sole
1496 5944 213 48 Proprietors,

950 5980 74 35 The
1054 5981 153 38 Lincoln
1235 5997 66 24 and
1340 5990 162 35 Midland
1540 5993 170 37 Counties

951 6027 101 34 Drug
1068 6029 70 41 Co.,
1155 6031 141 34 Lincoln
1312 6035 165 42 England.

1700 277 403 47 EUCALffTi
2152 269 330 57 JSifMCrJ

2479 350 3 32 i

1746 376 176 41 (Deutsche
1957 377 84 32 M'l.
2077 376 118 35 Woche
2211 376 85 35 ischr
2312 377 23 34 ft
2369 380 91 39 id7J)
2501 376 1 43 i

1707 423 128 40 Hosier,
1856 422 101 41 M.D.,
1974 423 165 34 Processor
2157 433 31 23 .it
2205 434 6 22 i
2230 435 27 23 i.e
2275 426 190 41 university

1705 469 202 39 Greifswal.l,
1953 470 100 34 Ger.n
2079 482 51 30 \\y.
2180 477 124 35 reports
2322 481 50 22 :
2395 473 70 31 The
2500 469 2 43 <

1708 515 169 42 Eucalypti
1907 515 132 32 Extract
2072 516 120 42 proved
2214 517 251 42 magnificently
2482 515 2 46 j
2501 515 1 46 ■

1705 561 176 36 successful
1917 562 33 33 in
1990 573 78 32 very
2114 574 109 22 severe
2262 564 201 38 contusions,
2481 561 3 52 j
2500 561 2 52 s

1707 610 130 35 bruises,
1850 609 138 42 spraius,
2001 608 329 41 wounds,seaidiugs,
2343 610 122 34 broken
2482 608 2 43 ;

1707 655 72 37 ribs,
1792 667 39 19 an
1872 667 15 19 n
1908 667 19 20 u
1943 667 33 21 >s.
2021 664 20 23 L.
2262 665 87 33 st.iy>
2362 657 43 31 all
2416 657 47 32 in-
2482 648 2 50 I

1707 700 19 33 fl
1740 711 43 21 nil
1799 712 17 19 n
1833 714 78 18 LLua
1929 701 63 32 and
2010 703 158 38 swelling.
2215 702 87 36 Also,
2329 707 53 28 tiie
2402 714 46 21 ser-

1709 746 82 32 vices
1808 745 132 34 derived
1954 745 85 35 from
2052 747 24 31 it
2089 747 31 32 iu
2137 747 43 31 all
2189 747 163 33 disorders
2366 748 35 32 of
2411 748 54 33 the

1708 792 192 42 respiratory
1914 802 127 32 o:gan-;,
2056 804 35 20 as
2102 803 111 34 croup,
2228 793 173 42 diptiier.u,
2420 795 29 33 in-

1708 837 203 35 flamnitDiou
1943 839 35 31 of
2001 844 53 26 the
2084 837 169 36 bronchial
2279 841 92 33 tubes
2401 842 84 37 and;

1708 884 105 39 lungs,
1830 886 132 31 chronic
1988 890 143 36 catirrn,
2150 886 190 38 bronchitis,
2365 889 100 38 colls,
2483 884 3 43 !
2501 884 1 43 ,

1708 930 64 39 &c,
1791 942 53 21 are
1862 940 56 23 not
1943 938 30 25 to
1990 930 38 34 be
2046 933 149 42 equalled
2220 933 41 43 by
2284 945 64 32 any
2373 934 94 34 other
2484 928 2 49 I

1711 975 230 35 medicament.

1743 1032 156 46 Sander
1933 1032 81 46 and
2053 1033 115 46 Son's
2209 1036 221 57 Eucalypti

2001 1086 183 46 Extract.

1751 1140 115 36 Lister,
1894 1138 100 40 M.D.,
2019 1140 176 39 Professor,
2228 1143 65 39 &c,
2321 1144 146 41 London,
2485 1136 3 58 j

1711 1187 53 32 the
1783 1185 146 38 Leading
1952 1197 138 32 surgeon
2108 1190 34 30 of
2157 1189 54 32 the
2228 1197 131 35 present
2376 1192 91 38 time,

1712 1231 104 35 stated
1832 1239 32 25 at
1881 1232 53 32 the
1952 1232 62 34 List
2037 1244 144 32 meeting
2197 1237 35 31 of
2251 1236 54 33 the
2329 1237 140 33 Clinical

1712 1278 137 41 Society,
1861 1278 147 39 London,
2018 1291 35 21 as
2069 1281 170 42 published
2262 1294 19 20 n
2294 1283 175 34 Graillard's

1713 1324 138 34 Medical
1872 1324 150 40 Journal,
2039 1326 74 35 that
2128 1327 54 34 the
2206 1328 175 44 Eucalypti
2404 1330 42 34 Ex-

1712 1376 82 28 tract
1809 1371 27 32 is
1851 1371 56 32 the
1924 1371 68 33 best
2008 1371 120 35 known
2152 1375 172 43 antiseptic
2343 1378 127 41 (means

1712 1418 33 34 of
1759 1419 192 41 preventing
1966 1421 243 41 putrefaction).

1736 1474 156 45 Sander
1932 1474 81 45 and
2061 1476 115 46 Son's
2225 1478 223 59 Eucalypti

1995 1529 184 46 Extract.

1756 1580 186 42 (American
1959 1580 141 35 Medical
2112 1583 149 41 Journal,
2277 1586 194 39 November,

1715 1628 90 41 1881)
1822 1627 84 32 —ln
1922 1626 140 35 diseases
2078 1629 36 33 of
2133 1629 55 35 the
2210 1630 134 45 kidney,
2368 1632 105 34 either

1714 1672 104 34 active
1834 1675 190 41 congestion
2037 1686 36 22 or
2082 1678 210 41 suppression
2311 1679 159 43 (uraemia)

1714 1720 43 32 all
1772 1719 230 40 albuminuria,
2020 1721 130 43 dropsy,
2168 1723 150 40 lithiasis,
2337 1727 137 38 nothing

1714 1764 67 34 will
1796 1765 96 43 equal
1908 1766 33 32 in
1958 1766 41 33 its
2012 1768 107 33 action
2138 1768 177 46 Eucalypti
2328 1771 144 34 Extract.

1716 1812 114 36 Doses,
1861 1812 63 33 five
1954 1816 33 29 to
2016 1814 91 41 eight
2140 1815 97 44 drops
2264 1818 35 32 in
2336 1829 19 22 a
2391 1818 82 33 little

1715 1857 185 34 sweetened
1927 1865 101 28 water
2058 1862 93 33 twice
2183 1873 37 23 or
2248 1864 92 34 three
2378 1864 96 34 times

1715 1904 99 42 daily.

1740 1959 157 47 Sander
1938 1962 82 46 and
2074 1963 115 47 Son's
2230 1965 221 58 Eucalypti

2006 2016 184 46 Extract.

1760 2065 110 35 (From
1886 2067 172 35 American
2073 2071 140 33 Medical
2222 2072 151 40 Journal,
2386 2073 89 39 Jan.,

1718 2112 270 42 1882).—Pitzer,
2023 2115 103 42 M.D.,
2152 2117 166 35 Professor
2346 2119 131 44 Theory

1718 2158 63 32 and
1802 2159 145 33 Practice
1962 2161 35 32 of
2012 2162 168 34 Medicine,
2195 2165 174 32 American
2385 2166 67 32 Med-

1717 2204 63 33 ical
1797 2203 143 46 College,
1957 2208 174 44 says:—lt
2147 2208 27 35 is
2187 2212 55 33 the
2258 2210 71 36 best
2342 2212 135 44 remedy

1717 2252 122 32 known
1861 2252 33 33 in
1920 2255 268 40 typhomalarial,
2213 2259 137 40 typhoid
2376 2259 101 38 fever,

1714 2296 191 44 erysipelas,
1918 2297 196 45 diphtheria,
2128 2302 116 33 scarlet
2257 2304 97 34 fever,
2368 2304 90 33 small-

1720 2355 70 31 pox.
1809 2343 66 42 &c;
1899 2346 26 32 it
1948 2345 186 41 effectually
2152 2350 123 32 retards
2299 2351 55 33 the
2380 2351 80 34 disiu-

1701 2383 2 57 |
1719 2390 160 41 legation
1918 2393 34 31 of
1978 2398 56 26 tiie
2065 2395 123 32 animal
2225 2395 108 35 fluids,
2371 2398 107 31 which

1701 2436 2 50 !
1720 2436 105 42 might
1844 2440 98 29 result
1960 2438 32 33 iu
2013 2452 18 19 a
2054 2441 129 40 general
2208 2443 216 43 breaking-up
2448 2447 33 31 of

1719 2481 54 32 the
1793 2482 94 32 blood
1905 2484 64 31 and
1985 2485 33 31 in
2036 2485 110 33 death.

1740 2539 161 45 Sander
1950 2542 81 44 and
2074 2543 116 45 Son's
2239 2546 220 56 Eucalypti

2002 2595 183 46 Extract.

1764 2646 111 35 (From
1919 2647 46 33 St.
2013 2650 97 32 Luuis
2155 2652 141 33 Electric
2341 2653 138 34 Medical

1717 2692 152 40 Journal,
1908 2694 91 39 Dec,
2039 2697 104 42 1881).
2206 2700 123 32 Cancer
2358 2701 35 33 of
2427 2701 54 33 the

1728 2739 314 43 fongue—Patient,
2063 2743 77 33 Mrs.
2313 2772 6 14 ,
2336 2749 39 31 35
2387 2759 95 32 years

1720 2785 66 36 old.
1846 2787 166 36 Ev.deuce
2042 2791 34 33 •f
2103 2793 179 34 scrofulous
2314 2794 167 36 diathesis.

1722 2834 188 33 Prescribed
1934 2836 72 32 four
2034 2838 96 42 drops
2148 2847 31 25 to
2202 2840 39 32 be
2265 2841 99 32 taken
2392 2843 90 31 three

1725 2880 94 33 limes
1847 2880 87 44 daily
1954 2892 7 29 ;
1985 2883 79 42 also,
2094 2892 118 37 tongue
2245 2887 118 35 wetted
2393 2888 90 36 three

1724 2929 95 31 times
1872 2929 78 32 with
2001 2932 55 31 the
2106 2933 178 44 Eucalypti
2334 2936 148 33 Extract.

1725 2973 136 34 Treated
1886 2986 35 22 as
1945 2975 100 35 above
2075 2978 50 33 for
2155 2979 73 34 four
2256 2981 119 41 weeks,
2403 2982 82 34 then

1724 3019 191 41 discharged
1932 3023 108 33 cured.

1765 3076 46 34 a.
1855 3077 39 32 11.
1934 3078 147 43 liuttley,
2127 3082 103 39 M.D.,
2275 3084 99 40 Prof.,
2418 3087 66 38 &c,

1726 3121 407 47 Philadelphia).—Since,
2150 3128 33 33 in
2207 3128 55 34 the
2282 3142 73 22 case
2378 3132 35 33 of
2434 3133 52 32 Mr

1729 3170 132 37 Mercer,
1880 3170 35 32 of
1931 3171 141 39 Kerang,
2089 3174 73 31 who
2180 3175 64 32 had
2256 3175 80 33 been
2352 3177 134 34 advised

1726 3213 41 44 by
1797 3214 53 35 the
1885 3215 140 35 Medical
2048 3217 124 36 officers
2199 3220 35 34 of
2251 3221 56 34 the
2338 3223 148 45 Bendigo

1727 3261 152 42 Hospital
1898 3269 31 25 to
1947 3262 83 34 have
2048 3264 50 33 his
2115 3273 120 33 tongue
2245 3269 167 41 removed,
2420 3270 66 35 like

1727 3306 149 44 splendid
1891 3310 120 33 results
2027 3311 83 34 have
2121 3315 145 33 attained
2275 3316 141 43 through
2429 3318 57 33 the

1727 3354 197 41 application
1941 3356 36 32 of
1988 3356 54 33 the
2060 3358 178 44 Eucalypti
2255 3360 147 35 Extract.

1752 3409 156 47 Sander
1948 3413 82 44 and
2081 3414 115 47 Son's
2244 3417 221 59 Eucalvpti

2010 3466 183 47 Extract,

1769 3516 99 33 From
1892 3516 55 35 the
1972 3519 136 34 Clinical
2133 3522 136 40 Record,
2293 3525 37 32 of
2347 3526 139 44 August,

1730 3563 104 34 1881).
1908 3565 147 43 Surgical
2093 3568 104 33 Clinic
2242 3570 35 33 of
2320 3572 169 36 Professor

1731 3609 174 43 Mintyre,
1943 3610 129 44 College
2109 3615 36 32 of
2184 3616 196 42 Physicians
2423 3623 65 31 and

1731 3656 172 40 Surgeons,
1919 3657 47 32 St.
1980 3657 297 40 Loins—Scirrhus
2287 3664 37 34 of
2330 3664 159 38 Breast-

1729 3701 155 36 Excision
1898 3713 6 23 :
1925 3704 173 44 Eucalypti
2115 3708 138 35 Extract
2267 3713 176 43 employed
2454 3727 34 20 as

1729 3759 108 31 spray,
1868 3750 64 31 and
1962 3750 159 46 dressing.
2166 3754 103 42 Eight
2296 3757 80 44 days
2407 3759 95 37 after:

1729 3795 169 42 operation
1916 3796 181 35 Professors
2114 3800 109 34 Bauer
2238 3803 65 33 and
2322 3805 166 45 M'lntyre

1729 3841 99 32 noted
1870 3842 56 33 the
1969 3843 168 45 following
2180 3849 235 34 condition:—
2438 3853 28 34 If
2472 3866 17 21 o

1729 3887 157 42 swelling,
1905 3889 75 33 heat
1995 3901 36 21 or
2046 3890 241 43 discoloration,
2305 3908 79 22 near
2404 3910 37 22 or
2456 3901 34 32 in

1731 3934 54 31 the
1808 3935 130 35 wound,
1962 3935 107 34 which
2093 3938 60 32 has
2169 3939 113 35 united
2305 3943 83 43 fully
2402 3955 7 29 ;
2434 3946 55 33 the

1731 3979 123 44 patient
1870 3981 136 34 allowed
2021 3988 40 30 to.
2070 3986 113 33 attend
2195 3991 32 30 to
2240 3986 59 36 her
2308 3989 181 37 household

1731 4028 104 30 duties
1853 4028 106 41 again.

1754 4071 156 46 Sander
1959 4074 82 44 and
2082 4075 117 48 Son's
2246 4078 223 62 Eucalypti

2009 4129 185 46 Extract.

1700 4190 1 51 '
1773 4190 150 43 (Clinical
1952 4191 137 40 Record,
2122 4196 89 42 Sept.
2244 4199 246 42 1880).—The

1730 4237 174 33 American
1939 4238 139 35 medical
2116 4244 181 40 profession
2335 4257 83 29 uses,
2456 4250 35 32 in

1729 4283 205 43 gonorrhea,
1959 4296 35 21 as
2009 4297 42 21 an
2074 4287 170 44 injection,
2262 4303 43 22 an
2328 4294 163 34 emulsion

1700 4330 1 45 '
1731 4330 34 30 of
1790 4340 61 20 one
1875 4341 104 21 ounce
2001 4342 78 32 gum
2107 4335 130 40 Arabic,
2263 4338 35 32 in
2325 4341 41 31 30
2394 4351 37 22 or
2451 4342 42 32 40

1731 4385 119 24 ounces
1865 4375 36 34 of
1915 4380 108 36 water,
2041 4378 128 43 applied
2187 4381 74 35 four
2277 4385 98 34 times
2391 4386 99 45 daily.

1734 4421 97 41 Eight
1854 4421 96 42 drops
1974 4423 96 42 given
2087 4425 172 43 inwardly,
2284 4442 81 22 once
2390 4433 101 42 daily,

1700 4467 1 48 '
1733 4473 149 37 prevents
1899 4467 185 47 effectually
2101 4477 261 35 contamination
2382 4480 35 33 of
2437 4481 54 34 the

1700 4513 1 39 '<
1732 4513 96 34 blood
1844 4513 33 35 in
1894 4513 68 36 foul
1979 4516 136 36 disease.

1938 4609 349 40 CAUTION.

1700 4663 1 71 ;
1756 4663 157 46 Sander
1961 4667 81 44 and
2086 4668 115 49 Son's
2249 4674 223 60 Eucalypti

2027 4721 184 48 Extract.

1775 4771 60 43 (St,
1860 4771 87 34 Lous
1970 4772 138 37 Clinical
2125 4777 137 42 Record,
2285 4781 77 35 Jan.
2389 4785 104 41 1882).

1733 4818 186 38 —Hazard,
1945 4819 90 34 M.D.
2060 4821 78 35 Prof
2169 4823 38 35 of
2225 4826 183 47 Pathology
2431 4832 65 33 and

1735 4865 149 31 Diseases
1909 4865 35 33 of
1964 4866 53 32 the
2044 4868 103 40 Mmd,
2180 4881 120 25 states.:
2329 4877 58 31 We
2413 4878 82 32 have

1700 4908 1 52 )
1735 4908 171 33 examined
1929 4909 71 34 half
2018 4922 18 23 a
2053 4913 101 35 dozen
2173 4928 184 32 specimens
2373 4923 35 32 of
2429 4924 43 33 Eu-

1730 4955 124 43 calypti
1865 4957 147 33 Extract.
2043 4960 154 37 Sander's
2207 4967 211 44 preparation
2431 4982 66 22 was

1712 5002 2 56 ;
1736 5002 54 33 the
1834 5003 78 41 only
1954 5015 61 23 one
2053 5007 108 35 which
2206 5016 215 42 corresponds
2464 5022 32 31 to

1736 5048 156 34 scientific
1910 5053 88 30 tests.

1777 5096 67 32 Our
1870 5098 209 42 preparation
2110 5101 26 34 is
2167 5103 55 35 the
2252 5107 80 45 only
2358 5110 140 36 existing

1700 5142 3 60 ,
1738 5142 129 34 volatile
1890 5150 137 34 extract,
2050 5147 64 34 free
2131 5151 36 31 of
2186 5152 42 31 all
2252 5145 149 45 resinous
2424 5169 54 33 par-

1737 5188 100 33 ticles.
1889 5189 54 32 All
1980 5191 95 33 other
2111 5199 225 40 preparations
2373 5202 36 35 of
2442 5205 55 34 the

1700 5235 4 50 ,
1738 5235 213 42 Eucalyptus,
1978 5247 43 22 no
2047 5247 120 27 matter
2199 5255 106 24 wnere
2331 5251 145 34 manufac-

1738 5279 106 41 tured,
1868 5291 54 23 are
1939 5282 109 40 crude,
2066 5286 147 35 resinous
2238 5291 71 40 oils,
2333 5293 167 47 irritating

1739 5326 63 33 tmd.
1827 5326 180 45 blistering,
2030 5331 111 33 rather
2157 5338 136 41 causing
2311 5324 186 53 inflainma*

1738 5378 67 28 hon
1830 5373 81 34 than
1936 5376 131 44 staying
2089 5378 35 40 it,
2142 5381 66 34 and
2231 5383 37 35 of
2284 5386 68 35 real
2377 5388 123 46 danger

1738 5421 28 32 if
1785 5422 191 43 errcnously
1999 5425 130 42 applied
2151 5429 36 32 in
2210 5431 109 34 throat
2345 5435 153 41 diseases,

1700 5497 7 8 .
1739 5467 53 33 &c.

1700 5552 7 6 m
1781 5512 50 35 No
1859 5512 117 36 bottles
1999 5517 142 41 genuine
2162 5529 113 37 except
2295 5526 97 35 those
2418 5530 80 34 with

1700 5580 6 31 )
1736 5559 103 33 labels
1866 5559 135 42 bearing
2027 5574 59 21 our
2112 5564 168 42 signature
2312 5574 66 33 and
2409 5577 90 33 trade

1700 5638 7 12 4
1741 5604 105 41 mark,
1874 5607 66 33 and
1963 5609 135 34 secured
2121 5615 128 33 outside
2274 5619 77 34 with
2376 5634 19 20 a
2422 5624 78 41 pink

1701 5653 7 38 ;
1743 5663 143 32 wrapper
1922 5653 65 33 and
2025 5667 98 28 green
2168 5658 98 43 band,
2312 5665 55 35 the
2404 5668 98 35 latter

1700 5698 4 54 ]
1740 5698 134 45 bearing
1890 5710 59 23 our
1964 5701 141 35 location
2122 5706 63 33 and
2203 5708 179 43 signature.

1700 5790 7 15 }
1783 5755 184 35 Directions
1983 5764 49 27 tor
2046 5769 57 24 use
2117 5761 82 34 witli
2216 5767 79 33 each
2312 5768 112 37 bottle.

1700 5856 7 35 1
1762 5848 286 36 SANDER
2099 5851 137 38 AND
2286 5859 195 42 SONS'

1700 5914 8 23 e
1935 5896 196 43 Sandhurst,
2148 5900 156 40 Victoria.

1703 5977 6 54 !
1796 5989 291 38 DUNCAN
2154 5996 156 38 M<LE
2333 6004 82 34 AN
2434 6031 7 14 ,

1945 6049 119 44 Agent,
2079 6051 217 44 Greymoutk.

2606 254 99 35 TUN
2733 254 164 36 STAMP
2928 258 102 45 ACT,
3059 260 101 36 1v75.

2616 427 22 31 tt
2652 435 14 23 r
2689 427 69 32 fees
2781 425 31 35 in
2831 440 5 23 !
2837 437 14 14 t
2855 425 53 33 o!H
2932 426 135 39 mining
3081 432 64 31 and
3163 432 102 35 other

2500 489 202 21 I'U'np'iM'B
2737 490 66 22 una
3037 494 59 20 are
3128 487 136 32 warned

2501 583 69 33 sale
2591 595 38 20 <>r
2652 587 154 33 transfer
2828 597 41 21 dm
2892 600 52 15 i«ss
2963 596 59 24 uh*
3038 599 17 21 11
3072 583 31 42 »;•
3170 583 3 42 .
3211 595 56 30 »|j«

2504 646 190 33 purchaser
2730 649 38 20 or
2807 645 199 29 train>iefee
3048 651 28 23 is
3112 657 60 18 iu>-
3193 644 74 35 rted

2503 688 136 34 lllrrtJill
2677 696 33 25 at
2751 700 40 23 or
2824 699 38 25 ic
2897 703 45 21 «re
2982 691 56 34 the
3078 703 187 26 execution

2504 741 143 35 tirieot,
2673 753 19 21 a
2714 740 187 36 tiiiui-ii'ini
2937 762 7 22 k
2947 755 132 30 ;iiiaiiy
3102 753 30 25 <»:
3175 747 93 33 €IOO

2506 804 41 23 mi
2577 804 34 20 *r
2660 793 134 37 Hcoiiou
2845 797 71 33 i.o'3.
3103 797 162 36 inc-ored

2504 847 156 44 thereby.
2715 847 78 42 Any
2820 860 41 23 •u*
2892 847 3 44 »
2914 856 227 32 instrument,
3161 865 70 20 '•,;>»•
3250 847 2 44 ■

2504 912 94 21 ovr.
2619 913 37 18 so
2674 906 119 32 Mgned
2819 900 26 35 is
2878 907 200 41 ansoiurely
3102 909 75 29 void
3201 906 66 34 and

2505 952 228 44 inoperative,
2766 954 68 34 ami
2864 954 82 34 doe*
2977 964 55 25 n<»t
3059 958 112 30 dive*i
3213 957 58 33 'lie

2507 1006 61 38 tr-4.i
2589 1012 111 25 slrror
2720 1007 34 33 of
2791 1006 50 34 Ms
2860 1006 148 35 interest
3031 1008 151 36 tliettin.
3203 1011 65 33 and

2506 1055 40 36 he
2568 1069 148 24 remans
2739 1058 102 37 liable
2864 1069 5 22 I
2881 1073 127 22 Hereon
3031 1075 36 19 as
3089 1066 21 29 il
3145 1065 39 29 he
3208 1061 61 39 had

2507 1121 104 23 never
2631 1110 164 47 disposed
2817 1118 32 29 of
2887 1117 58 30 the
2966 1127 105 22 same.
3142 1113 32 37 ii
3214 1126 57 24 Ino

2507 1168 195 31 transferor
2737 1164 40 35 be
2798 1178 18 21 a
2850 1166 153 35 licensed
3034 1164 239 40 sharebroker

2508 1216 49 33 his
2580 1225 128 24 license
2744 1215 28 36 is
2806 1220 165 33 forfeited
3005 1234 42 19 ui.
3069 1220 164 36 cnuvici*
3252 1234 18 22 n

2506 1275 64 27 and
2593 1268 189 37 thereafter
2816 1271 40 32 he
2878 1284 25 21 n
2934 1270 220 49 disqualified
3187 1277 89 32 trum

2506 1321 119 46 acting
2657 1335 37 21 as
2729 1335 18 23 a
2768 1322 129 36 broker
2916 1335 38 24 or
2988 1333 85 28 h»»n
3114 1323 120 50 having
3261 1342 18 20 a

2509 1373 91 36 fresh
2624 1373 130 38 license
2768 1375 117 36 issued
2906 1383 36 28 to
2960 1378 80 35 him.

2604 1505 302 38 POSTAGE
2963 1508 217 39 KATHS.

2735 1651 108 26 TOWff
2873 1653 174 26 LKTTEKS.

2558 1691 128 37 Posted
2723 1702 37 28 at
2788 1707 66 33 any
2893 1695 81 35 Post
3010 1695 110 38 uffiee
3158 1698 119 37 within

2511 1752 59 40 the
2590 1756 123 48 colony
2735 1760 52 33 tor
2807 1757 155 51 delivery
2980 1767 35 29 at
3034 1773 39 23 or
3087 1766 88 31 trem
3193 1767 85 32 such

2514 1817 85 38 Post
2620 1818 110 39 Office
2752 1834 55 23 :

2512 1884 71 41 Not
2600 1893 194 42 exceeding
2815 1891 70 35 bait
2904 1905 42 23 an
2968 1906 114 24 ounce
3148 1925 35 7 ...
3244 1897 37 34 Id

2516 1940 198 48 Exceeding
2736 1942 67 36 half
2824 1958 41 22 an
2888 1958 124 32 ounce,
3044 1948 62 36 but
3126 1955 63 28 not

2557 1998 195 41 exceeding
2771 2010 68 22 one
2858 2010 114 24 ounce
3148 2031 35 5 ...
3241 2004 42 32 2d

2516 2045 31 36 F<
2568 2060 14 21 r
2730 2048 68 35 hail
2819 2062 111 24 ounc*
2950 2064 83 22 over
3052 2064 68 23 one
3151 2084 35 6 ...
3247 2055 37 35 LI

2709 2128 176 28 COUNTRT
2904 2130 177 29 LETTKRS.

2564 2168 126 37 Posted
2712 2178 35 27 at
2766 2184 67 33 any
2865 2178 80 39 post
2962 2173 100 37 office
3082 2175 121 35 within
3228 2177 58 36 the

2514 2232 123 48 colony
2676 2238 53 33 ior
2765 2234 158 49 delivery
2954 2245 39 28 at
3024 2252 40 21 or
3096 2239 89 35 from
3220 2253 51 35 any-

2514 2295 103 37 other
2631 2302 78 42 post
2721 2295 101 39 office
2845 2297 121 40 within
2989 2298 59 39 the
3066 2303 125 49 colony
3209 2319 6 21 :

2520 2366 68 33 Not
2608 2368 194 43 exceeding
2824 2368 68 35 halt
2913 2384 41 21 an
2978 2384 114 23 ounce
3153 2404 21 6 ..
3245 2378 41 32 2J

2521 2418 195 49 frxceedmg
2739 2420 67 38 hall
2827 2435 42 22 an
2890 2436 127 33 ounce,
3038 2426 61 35 but
3132 2434 61 28 net

2561 2474 193 45 excre-iiug
2770 2486 66 23 one
2855 2486 115 25 ounce
3153 2509 33 7 ...
3243 2483 21 33 4.
3278 2482 8 32 i

2521 2523 65 37 For
2620 2544 7 16 t
2643 2539 80 33 very
2757 2526 73 37 a\H
3007 2544 85 22 over
3128 2546 68 23 one

2563 2592 115 22 wunce
2773 2610 35 7 ...
2963 2613 37 7 ...
3153 2616 35 6 ...
3245 2587 42 34 2d

2671 2671 237 28 A-USTRAXTIST
2936 2674 198 27 COLONICS.

2524 2733 66 35 Mot
2612 2735 193 42 exceeding
2827 2737 69 36 halt
2923 2751 43 23 an
2987 2753 114 24 ounce
3155 2773 36 9 ~.
3247 2745 43 36 2d

2525 2788 196 44 blxccedinij
2740 2789 75 39 half
2841 2806 44 23 an
2903 2806 126 33 ounce,
3053 2798 63 35 but
3136 2808 62 26 not

2565 2846 195 42 exceeding
2777 2857 68 23 one
2864 2858 114 25 outice
3158 2881 34 7 ...
3247 2853 44 36 4J

2525 2893 64 38 For
2624 2910 100 36 every
2760 2896 71 39 halt
2865 2914 115 23 ounce
3017 2915 83 25 ever
3132 2918 68 24 one

2567 2963 116 25 •ujiee
2777 2981 36 10 ...
2964 2985 39 9 ...
3156 2990 37 7 ...
3247 2961 46 36 2<i

2547 3040 174 27 KN4JLI.KD
2748 3043 76 26 ANfl
2851 3043 171 28 FOREIGN
3040 3047 224 29 COUffTRTKS.

2736 3116 68 38 Per
2824 3118 92 38 Half
2945 3120 140 39 Ounce.

2527 3167 131 37 United
2684 3169 191 48 Kiugd<ji»,
2909 3173 52 36 via
2992 3181 68 29 San
3088 3174 91 38 Fran-

2568 3234 94 24 cisco
2681 3222 69 37 and
2777 3228 91 33 Suez
3160 3254 39 10 ...
3253 3235 44 34 (Jd

2526 3273 131 37 United
2696 3276 120 38 States
2848 3276 42 38 of
2930 3277 178 50 America,
3152 3295 53 25 via

2569 3328 69 35 San
2661 3328 195 38 Francisco
3163 3367 37 7 ...
3254 3341 45 34 Qfi

2524 3379 183 38 Sandwich
2727 3381 155 48 Islands,
2911 3384 55 38 via
3001 3384 70 39 San
3090 3386 89 40 Fran-

2537 3484 14 10 „

2526 3484 180 38 Canadian
2752 3486 227 51 Dominions,
3021 3492 57 37 via
3135 3494 70 39 San

2573 3538 195 39 Francisco
2971 3576 36 7 ...
3163 3579 35 9 ...
3255 3552 44 36 &d

2530 3590 128 37 British
2681 3593 191 40 Columbia
3271 3606 31 27 U

2529 3644 101 36 West
2654 3645 119 38 Indies
2968 3682 36 8 ...
3261 3659 38 36 2p

2528 3697 151 44 Mexico,
2699 3699 54 37 via
2768 3701 69 36 San
2860 3702 197 40 FraaciMJo
3160 3740 21 7 ..
3261 3697 27 50 J,

2527 3751 145 35 Central
2699 3753 163 38 America
3262 3764 13 37 J
3285 3779 16 22 s

2526 3804 110 36 South
2659 3805 174 47 America,
2850 3807 55 38 via
2920 3809 69 36 San
3008 3811 191 41 Francisco
3261 3821 38 35 is

2782 3887 263 31 newspapers.

2533 3941 125 37 Posted
2693 3955 20 23 a
2762 3955 67 34 any
2862 3945 99 38 office
2996 3949 122 39 within
3148 3952 61 37 the

2572 3995 123 49 colony
2718 4005 55 28 tor
2791 3998 156 51 delivery
2968 4007 37 31 at
3032 4002 60 37 the
3110 4019 97 24 same

2573 4047 99 36 office
3255 4063 41 23 ij

3161 4083 40 11 •••
3255 4077 45 30 je

2532 4099 125 37 Posted
2690 4111 36 26 at
2757 4115 70 36 any
2859 4104 101 39 office
2993 4107 124 39 within
3144 4111 63 38 the

2573 4153 124 50 colony
2720 4155 53 36 for
2793 4156 152 50 delivery
2967 4167 38 30 at
3019 4173 67 38 any
3104 4163 106 40 other

2574 4205 99 38 office
2692 4208 121 37 within
2833 4210 60 37 the
2911 4213 129 48 colony
3066 4203 8 8 *
3166 4248 36 9 ...

2531 4257 204 39 Australian
2755 4261 170 40 Colonies
3261 4276 41 36 J4

2533 4310 131 36 United
2688 4313 184 46 Kingdom
3165 4353 36 8 ...
3259 4327 42 37 i£

2720 4391 66 39 VU
2807 4397 68 35 San
2904 4397 209 40 Francisco.

2531 4452 134 40 United
2688 4456 120 38 States
2828 4460 34 35 of
2881 4461 169 40 America
3168 4499 35 9 ...
3261 4473 42 36 id

2532 4508 182 37 Sandwich
2735 4510 143 39 Islands
3262 4527 40 37 y

2532 4562 179 38 Canadian
2735 4564 214 41 Dominions
3261 4581 41 35 2«i

2537 4614 129 35 British
2690 4618 190 39 Columbia
3261 4633 42 38 9<i

2538 4668 28 33 \V
2567 4667 8 13 r
2581 4674 53 30 est
2657 4668 124 40 Indies
3260 4689 18 21 9
3285 4690 17 23 a

2533 4776 146 35 Central
2702 4778 164 38 America
3261 4794 41 26 -M

2532 4830 115 33 bou-th.
2667 4830 189 41 Amerrica
3262 4846 41 36 2d

2506 4894 10 61 j
2770 4911 102 28 BOOK
2899 4915 167 30 PACKETS

2539 4969 125 42 Ported
2697 4978 36 32 at
2763 4988 67 38 any
2863 4979 97 39 office
2995 4985 124 36 within
3153 4986 61 38 the

2580 5027 126 49 colony
2728 5028 54 36 for
2800 5032 156 47 delivery
2975 5044 36 28 at
3031 5037 61 36 the
3106 5051 108 34 same,

2582 5079 121 38 within
2743 5082 60 37 the
2839 5084 138 51 colony,
3012 5089 63 37 the
3121 5092 69 37 Aus-

2580 5134 128 37 trian
2916 5154 39 22 or
2986 5142 61 37 the
3078 5144 136 39 United

2587 5184 178 44 Kingdom
2867 5221 37 9 ...
3007 5195 63 36 loz
3172 5229 36 7 ...
3265 5202 38 36 u

2635 5239 50 35 1)0
2866 5272 36 8 ...
3000 5249 68 33 2uz
3172 5280 5 7 .
3262 5256 41 34 2^

2514 5334 4 64 I
2629 5343 57 37 Bo
2867 5378 36 10 -.
3008 5350 59 40 lib
3170 5388 35 7 ...
3261 5359 42 39 84

2515 5397 3 61 j
2541 5397 110 49 hvery
2686 5398 196 41 additional
2910 5405 133 44 pound,
3061 5420 39 22 or
3120 5407 76 40 frac-

2582 5449 112 37 tional
2709 5458 82 43 part
2808 5454 36 36 of
2861 5467 22 24 a
2902 5458 122 45 pomid
3173 5493 35 9 ...
3266 5466 37 37 g<f

2737 5532 68 38 Via
2824 5534 68 37 San
2915 5535 205 43 Francisco.

2516 5600 3 61 !
2539 5603 132 41 United
2708 5606 132 47 States,
2871 5623 105 38 every
3015 5613 58 44 fib
3176 5650 35 8 ...
3266 5626 36 32 4;

2499 5660 3 54 •
2744 5660 135 40 fs'lands
3026 5696 18 18 „
3174 5703 34 9 ...
3265 5678 34 34 4,.

2538 5710 177 41 Canadian
2739 5715 212 42 Dominions
3027 5751 20 17 „
3266 5732 22 33 $

2541 5761 130 41 British
2694 5768 191 40 Columbia
3029 5804 19 17 „
3175 5809 35 7 ...
3266 5761 31 56 q[

2540 5814 104 40 West
2662 5817 129 41 Indies
3288 5837 15 21 n
