2550 4029
74 88 2398 140 THE

74 228 379 76 NEW
579 228 884 76 ZEALAND
1589 228 883 76 GAZETTE

74 304 2398 75 AND

74 379 1142 76 WELLINGTON
1330 379 1142 76 SPECTATOR.

604 488 219 39 PUBLISHED
869 488 130 39 EVERY
1043 487 255 40 WEDNESDAY
1343 489 87 44 AND
1475 488 226 39 SATURDAY
1747 488 205 39 MORNING.

114 609 64 30 No.
199 606 89 38 297-1

628 607 110 29 PORT
760 606 255 37 NICHOLSON,
1039 603 223 33 SATURDAY
1286 604 207 37 MORNING,
1516 606 234 31 NOVEMBER
1778 610 47 32 11,
1855 607 86 29 1843.

2273 605 93 41 [Vol.
2389 607 53 29 IV.

204 701 55 21 For
274 699 116 22 London
406 699 94 21 direct.

122 735 54 23 Ijp'
235 733 92 27 npHE
352 730 45 24 fine
419 732 46 23 fast
488 731 80 27 sailing
596 732 50 28 brig

98 752 99 41 jSf^s.
242 752 30 30 -L
355 760 207 24 VICTORIA,

98 780 127 41 KKkSJAk
246 789 42 20 300
303 790 56 22 tons,
376 787 94 22 Sinclair
498 791 87 23 master,
601 787 44 22 will

86 808 138 42 Jpfl^jfZ
248 816 40 22 sail
300 816 34 22 for
350 816 92 21 London
455 822 28 15 on
498 822 24 15 or
533 816 68 21 about
609 815 36 21 the

75 842 154 39 55SSSS©
263 856 10 14 s
270 852 13 24 <t
301 849 133 26 December,
454 849 82 26 having
555 849 30 20 all
608 848 40 21 her

253 876 57 22 dead
326 875 81 28 weight
423 875 99 28 engaged
531 883 5 19 ;
554 875 39 22 she
608 874 39 22 has

65 912 60 16 room
136 905 53 27 only
199 904 35 22 for
244 911 14 14 a
268 904 41 21 few
319 907 49 18 tons
378 903 26 21 of
411 903 56 26 light
475 903 75 27 goods.

91 936 43 23 For
153 944 98 21 passage,
268 935 83 27 having
369 941 54 21 very
442 934 99 28 superior
560 940 88 16 accom-

63 963 121 28 modation,
195 963 65 28 apply
274 967 22 17 to

376 988 85 22 Waitt
476 988 43 22 and
534 988 86 22 Tysbr.

91 1024 145 27 Wellington,
248 1024 50 21 Oct.
310 1024 33 25 13,
355 1023 61 22 18-13.

207 1076 54 20 For
275 1075 117 21 London
407 1075 95 24 direct,

86 1111 76 25 .<-^-h
216 1108 92 28 npHE
334 1108 44 21 fine
407 1108 44 21 fast
474 1107 85 25 sailing,
586 1107 60 26 Al,

93 1125 99 42 fir&i
223 1143 30 14 -*•
291 1134 39 22 sch
333 1143 12 12 °
347 1141 54 15 oner
414 1136 63 19 LAB
479 1135 21 30 x
514 1135 40 19 le
549 1161 5 4 .
555 1134 60 20 igh
613 1148 6 8 '

77 1156 126 35 jgpliK^,
229 1163 41 20 109
281 1165 49 18 tons
345 1161 104 26 burthen,
462 1160 45 22 will
522 1161 42 21 sail
580 1161 68 21 about

65 1183 145 41 Sb|hS&
230 1188 38 22 tlle
279 1190 33 20 lst
322 1188 134 21 November.

258 1224 54 23 This
322 1224 71 22 vessel
403 1224 19 21 is
428 1224 107 27 expected
545 1224 22 21 in
580 1223 69 22 about

231 1256 38 18 ten
280 1252 55 26 days
344 1251 57 22 from
412 1258 13 14 a
434 1251 43 27 trip
486 1252 33 19 via
528 1250 120 22 Auckland

63 1282 45 22 and
125 1281 95 27 Sydney,
235 1279 46 22 and
298 1286 24 15 as
339 1278 40 22 her
394 1285 66 19 cargo
476 1277 19 22 is
510 1277 75 27 ready,
604 1277 44 22 will

65 1312 59 20 meet
133 1308 52 22 with
195 1306 127 23 immediate
334 1305 113 28 despatch.

91 1343 43 22 For
143 1348 91 21 passage
244 1340 60 27 only,
315 1338 66 29 apply
391 1342 23 18 to

380 1372 83 23 Waitt
480 1372 42 23 and
535 1372 85 22 Tyscr.

91 1407 142 27 Wellington,
245 1406 131 27 September
388 1407 32 24 19,
432 1406 61 21 1843.

255 1459 55 21 For
323 1457 128 25 London,

175 1494 31 24 To,
221 1494 43 20 tail
282 1499 26 14 on
327 1493 36 20 the
377 1492 39 19 sth
430 1492 105 26 proximo,

221 1527 86 26 TVH
322 1526 20 22 E
432 1525 44 22 fine
562 1525 86 28 barque

99 1546 95 38 $fs%L
229 1555 29 21 -L
329 1553 256 26 INDEMNITY,

78 1574 136 40 j«feßS^
235 1581 28 22 R.
288 1580 116 27 Sedgwick
434 1579 149 26 commander,
607 1581 42 20 312

67 1602 149 38 2fiaMMK»
234 1611 57 23 tons,
312 1607 40 22 has
371 1606 103 28 splendid
496 1607 153 21 accommods-

67 1628 150 38 S^^^SB
235 1635 59 21 tions
303 1634 36 22 for
348 1640 137 21 passengers.

264 1666 45 23 For
317 1666 83 26 freight
410 1673 24 14 or
443 1672 98 20 passage,
550 1665 66 27 apply
626 1668 22 18 to

280 1699 132 27 RIDGWAYS,
425 1699 105 26 GUYTON,
546 1700 20 21 &
581 1699 39 22 Co.

91 1734 143 27 Wellington,
246 1734 129 21 November
384 1735 21 25 3,
418 1734 61 21 1343.

111 1785 195 22 PASSAGE
333 1784 50 23 TO
413 1783 184 22 LONDON.

206 1819 54 20 For
275 1819 117 20 London
407 1818 94 21 direct.

216 1854 92 27 T^HE
331 1854 45 22 fine
400 1853 44 22 fast
464 1853 79 27 sailing
562 1854 84 27 barque

89 1872 114 38 Jggffl^
223 1872 29 30 JL
377 1882 48 19 TV
430 1882 20 19 R
458 1882 75 22 IAN,

229 1909 41 20 225
283 1911 49 18 tons
341 1908 100 26 register,
454 1908 82 21 Robert
550 1908 94 25 August.

69 1929 147 37 ajffiJSHß^h
229 1934 107 22 Clarkson
352 1934 151 25 commander,
515 1934 39 20 lias
563 1934 29 21 all
604 1934 41 21 her

228 1967 65 16 cargo
303 1960 106 23 engaged,
421 1959 43 20 and
477 1960 42 19 will
528 1959 116 26 positively

224 1984 29 19 be
263 1983 137 26 despatched
409 1991 30 13 on
450 1984 38 20 the
498 1985 37 21 6th
547 1985 97 21 Decem-

65 2011 43 21 ber.
136 2009 43 21 For
195 2007 63 23 cabin
277 2016 99 21 passage,
388 2010 66 27 apply
465 2013 23 18 to
498 2011 36 21 the
549 2011 94 28 Captain

65 2045 26 14 on
101 2035 73 27 board,
186 2042 25 15 or
221 2039 21 18 to

350 2064 95 22 Samuel
461 2063 44 23 and
520 2064 96 23 Joseph.

90 2096 140 28 Wellington,
243 2096 58 23 Nov.
314 2097 19 26 7,
346 2098 60 21 1843.

202 2148 52 21 For
269 2148 118 21 London
403 2148 97 26 direct,

74 2198 6 4 -
80 2186 29 16 </
102 2177 74 41 £2t2fc
214 2185 91 33 npHE
325 2185 45 22 fine
392 2185 43 21 fast
458 2185 80 26 sailing
561 2186 84 28 barque

88 2207 104 35 JgErvgk
221 2207 29 26 JL
347 2213 19 20 G
374 2213 84 20 LEN
466 2214 89 24 ARM,

67 2234 144 39 >KKfarcg^
227 2239 22 22 A
269 2240 20 25 1,
309 2240 42 21 300
371 2244 57 22 tons,
454 2240 33 21 H.
508 2240 51 28 Guy
584 2249 62 14 com-

65 2262 147 38 j»»GS§iSg|j
227 2266 106 25 mander;
350 2266 38 21 has
398 2266 106 22 first-rate
519 2275 126 15 accommo-

67 2289 141 31 T&SBg£es&F
228 2292 76 23 dation
324 2293 34 22 for
374 2300 139 21 passengers,
534 2294 43 22 and
601 2295 44 22 will

226 2320 119 28 positively
355 2320 40 22 sail
406 2320 45 22 this
461 2320 83 23 month.

89 2346 44 21 For
147 2345 80 29 freight
237 2354 26 15 or
278 2354 100 20 passage,
388 2348 66 27 apply
470 2351 22 18 to
503 2348 35 21 the
550 2348 94 28 Captain

63 2380 28 15 on
102 2373 74 27 board,
187 2380 24 15 or
221 2377 22 18 to

303 2400 23 22 J.
342 2401 123 22 Boulcott
481 2402 20 21 &
515 2402 46 25 Co.,

421 2428 111 23 Lambton
542 2430 74 27 Quay.

89 2454 96 23 October
192 2456 21 26 6,
226 2457 61 21 1842.

89 2486 56 22 N.B.
147 2498 27 4 —
174 2486 47 23 The
238 2487 99 28 Captain,
343 2487 43 22 will
404 2491 41 18 not
462 2489 28 21 be
509 2489 136 26 responsible

63 2513 31 21 for
105 2520 43 21 any
158 2514 64 22 debts
232 2515 129 22 contracted
370 2515 31 27 by
411 2515 38 21 the
460 2522 66 15 crew.

193 2566 120 27 Passage
329 2568 29 19 to
381 2567 127 21 London.

72 2594 101 40 -^3g,
212 2599 92 35 npHE
316 2601 63 26 Tyne,
389 2601 70 26 being
469 2601 72 22 under
548 2609 97 19 engage-

81 2623 113 33 ijlffeffi^
218 2623 29 25 JL
287 2632 63 17 ment
369 2632 22 17 to
411 2627 50 22 load
481 2628 53 21 wool
554 2633 22 17 at
593 2629 53 22 Port

225 2653 89 28 Phillip,
332 2654 82 22 should
428 2654 145 23 inducement
583 2655 62 27 offer,

64 2676 144 30 ■hsBEKs
225 2680 39 22 she
281 2681 45 22 will
342 2681 45 22 call
400 2681 54 22 here
470 2689 30 14 on
510 2682 39 22 her
559 2689 49 21 way
623 2687 23 18 to

87 2744 42 22 For
144 2753 90 20 passage
244 2745 61 27 only,
317 2745 82 26 having
409 2746 100 27 superior
521 2754 125 15 accommo-

64 2770 89 29 dations,
164 2773 67 28 apply
240 2776 24 18 to
274 2773 95 28 Captain
380 2773 133 28 Robertson,
526 2781 23 14 or
558 2778 23 17 to

319 2806 114 23 Betkune
449 2806 44 23 and
508 2807 108 23 Hunter.

87 2837 144 30 Wellington,
241 2839 90 28 August
341 2840 33 26 15,
387 2841 62 25 1843,

108 2889 52 22 For
176 2889 157 28 Wahganui
348 2891 54 21 and
416 2891 171 22 Manawatu.

87 2924 63 29 rjto.
219 2924 93 22 fTHHE
326 2924 45 22 fine
385 2924 45 22 fast
442 2925 80 25 sailing
536 2926 110 22 schooner

80 2945 92 37 BkSsk
225 2945 29 28 -L
372 2953 161 23 OCEAN,

67 2973 110 41 JgßEm
246 2978 80 23 James
339 2979 114 27 Ferguson
467 2984 87 18 master.

254 3060 5 3 *
268 3079 4 3 .
308 3058 4 3 '
352 3067 4 4 '
378 3060 84 22 Waitt
476 3060 45 23 and
534 3061 83 23 Tyser.

85 3097 100 22 October
193 3096 34 27 27,
237 3098 62 21 1843.

206 3154 54 21 For
274 3154 110 26 Sydney
398 3154 98 26 direct,

111 3197 6 7 '
132 3196 2 6 ■
154 3189 68 25 Daily
239 3189 100 26 expected
350 3188 63 27 from
427 3190 120 26 Auckland,

79 3223 66 30 72gi
172 3221 93 23 rfIHE
287 3221 47 23 fine
357 3222 45 22 fast
427 3223 83 27 sailing
536 3224 111 24 schooner

77 3245 82 39 effgfti
190 3253 10 12 •
298 3250 267 27 CHALLENGER,

62 3274 107 35 JJfiK
198 3276 80 27 Henry
288 3277 54 27 Hay
354 3279 154 22 commander.

62 3300 107 35 980
223 3310 44 22 For
275 3310 84 28 freight
368 3319 25 14 or
401 3319 102 21 passage,
516 3314 67 28 apply
594 3317 22 19 to

346 3345 96 23 Samuel
458 3347 47 22 and
519 3347 96 24 Joseph.

84 3374 141 30 Wellington,
237 3377 58 22 Nov.
307 3377 19 27 7,
339 3379 62 22 1843.
432 3386 4 4 •

96 3427 53 22 For
163 3429 106 22 Hobart
283 3430 88 22 Town
385 3432 56 21 and
456 3432 143 23 Adelaide.

98 3467 69 28 vJSK^
220 3463 94 23 HPHE
359 3465 54 25 first,
458 3466 57 23 class
569 3468 73 22 vessel

88 3488 111 39 JSgW^
227 3488 29 25 JL
317 3492 120 22 JOSEPH
461 3494 122 27 ALBINO,

86 3516 125 35 FYjsSujf
233 3517 93 28 Captain
362 3519 84 28 Finnis,
474 3522 21 21 is
532 3523 109 27 expected

79 3543 132 25 JUbmxir--
232 3544 82 23 hourly
323 3545 56 23 from
390 3547 93 29 Nelson,
495 3549 46 23 and
549 3549 43 23 will
599 3550 43 23 sail

66 3571 151 33 CSSSSSft
232 3578 23 16 ***
266 3579 14 15 a
299 3580 32 14 ew
344 3572 62 29 itays.

86 3608 40 25 For
134 3612 83 29 freight
225 3620 24 16 or
258 3620 102 23 passage,
371 3615 68 29 apply
448 3620 22 20 to

85 3675 21 11 «,
167 3679 9 4 .
366 3655 83 25 Waitt
465 3658 44 23 and
525 3658 86 25 Tyser.

86 3679 123 23 November
220 3682 32 25 10,
264 3683 62 21 1843.

223 3731 78 23 Meat
316 3732 148 29 Company.

124 3762 113 30 ANTED,
252 3773 14 14 a
272 3766 73 22 vessel
355 3767 26 22 of
394 3768 69 24 about
472 3771 29 22 30
509 3774 57 23 tons,
578 3775 23 19 to
611 3771 29 24 be

61 3791 46 38 n?J
134 3818 28 11 *■
174 3795 28 34 P
216 3800 12 15 c
223 3819 10 10 ,
230 3799 40 16 ons
268 3820 6 5 .
272 3794 73 22 tantlv
360 3795 117 29 employed
491 3797 25 24 in
534 3796 106 31 bringing

60 3817 68 40 ESv
152 3824 14 15 a
173 3815 60 42 ??i?
238 3828 13 29 i
250 3827 52 16 <nce
312 3828 40 20 vex
361 3823 85 28 Pound,
452 3824 59 24 from
521 3825 36 24 the
567 3832 70 23 coast,

60 3842 30 19 'or
98 3842 42 23 this
150 3845 176 26 establishment.

322 3887 37 24 W.
373 3888 103 31 FtYGBR,
490 3891 117 30 Manager.

84 3914 127 27 September
215 3919 35 27 29,
260 3921 62 23 1843.

778 699 38 21 To
847 699 86 21 Cover
962 699 56 20 this
1046 699 113 24 Season,

878 734 31 19 At
922 734 133 24 Wellington,

680 767 90 28 rpHE
822 766 280 23 THOROUGHBRED
1159 764 101 25 HORSE

686 788 29 27 ±
882 794 227 25 WANDERER,

679 820 38 22 the
726 823 104 25 property
841 820 26 22 of
873 820 84 22 Robert
968 821 103 21 Jenkins.

706 852 122 24 Wanderer
837 860 44 16 was
890 858 39 23 got
939 854 29 27 by
978 853 82 27 YoUng
1070 854 127 26 Wandferer,
1206 852 54 23 bred

679 880 28 27 by
726 881 59 22 Lord
804 881 125 27 Egremonr,
952 882 45 21 and
1016 882 110 25 imported
1145 882 45 21 into
1211 880 49 21 Van

679 908 108 21 Diemens
806 908 66 22 Land
890 908 29 27 by
942 908 77 22 James
1041 908 88 27 Henty,
1157 908 57 27 Esq.,
1240 906 21 22 of

681 935 148 21 Launceston.

707 961 59 22 Dam
782 969 12 14 a
805 961 65 22 blood
888 969 61 14 mare
957 961 32 27 by
998 958 66 27 Pete*
1079 958 69 30 Finn,
1159 963 37 19 out
1213 960 25 21 of
1249 966 12 15 a

680 987 65 22 blood
757 995 59 14 mare
829 988 28 27 by
871 988 104 22 Bollivar.

707 1014 100 22 Bollivar
823 1021 46 15 was
877 1015 110 27 imported
1005 1013 30 29 by
1044 1013 37 23 the
1093 1011 51 25 Van
1158 1014 103 22 Diemens

681 1040 73 23 Land-
764 1042 124 26 Company,
908 1042 45 21 and
972 1042 18 21 is
1008 1042 37 21 the
1065 1042 42 21 sire
1128 1041 25 21 of
1173 1039 88 23 Donald

680 1068 82 26 Caird,-
771 1068 50 23 Yon
839 1068 89 27 Trump,
947 1068 43 21 and
1001 1068 62 21 other
1081 1068 96 26 winning
1188 1067 73 22 horses

681 1101 29 14 on
722 1094 35 22 the
768 1094 50 21 Van
829 1094 106 22 Diemens
949 1094 64 23 Land
1024 1095 50 21 turf.

705 1127 49 22 The
762 1129 123 26 proprietor
895 1128 74 21 deems
987 1129 17 20 it
1013 1134 150 21 unnecessary
1172 1132 22 17 to
1209 1127 52 21 offer

680 1159 119 20 comment,
810 1162 24 14 as
847 1155 80 26 judges
937 1154 27 22 of
978 1155 75 21 horses
1069 1155 44 21 will
1129 1161 23 15 at
1168 1162 51 14 once
1235 1154 26 20 be

679 1181 123 21 convinced
822 1181 48 21 that
888 1181 33 21 his
941 1181 74 25 blood,
1037 1182 63 25 bone,
1118 1181 46 22 and
1182 1181 79 26 beauty

679 1207 90 21 reaches
779 1214 78 14 nearer
868 1208 119 25 perfection
999 1207 54 22 than
1063 1207 50 22 that
1120 1209 25 20 of
1152 1215 40 20 any
1201 1207 60 22 other

679 1233 64 22 horse
754 1235 23 20 in
789 1233 41 22 this

705 1267 86 26 Terms,
802 1275 14 13 a
825 1268 70 26 single
905 1275 60 14 mare
976 1268 35 24 £4
1032 1270 39 25 45.,
1083 1269 94 27 payable
1187 1275 28 15 on
1225 1268 36 21 the

679 1294 31 21 lst
723 1294 121 27 February,
860 1296 57 20 1844.

705 1327 128 22 November
843 1329 34 25 10,
890 1329 61 21 1843.

780 1374 40 20 To
849 1374 87 19 Cover
965 1374 55 20 this
1048 1374 114 24 Season,

834 1409 31 19 At
876 1409 84 24 Newry,
971 1408 65 20 River
1045 1408 65 24 Huit,

679 1442 93 49 THE
801 1441 48 23 well
877 1442 80 22 known
990 1442 178 26 thorough-bred
1201 1442 60 22 horse

893 1470 186 24 FIGARO,

679 1495 38 22 the
727 1499 104 24 property
842 1496 25 21 of
874 1496 25 22 F.
910 1497 28 20 A.
953 1496 149 26 Molesworth,
1115 1496 52 27 Esq.

707 1527 80 28 Figaro
799 1536 43 14 was
852 1528 72 22 foaled
935 1528 22 21 in
970 1527 126 23 December
1113 1529 60 26 1837,
1184 1531 38 24 got
1236 1528 25 26 by

679 1554 118 27 Operator,
809 1555 51 22 dam
870 1555 111 22 Adelaide
992 1555 28 26 by
1032 1554 119 22 Theorum.

707 1588 109 28 Operator
825 1596 44 15 was
881 1588 72 22 foaled
964 1589 22 21 in
999 1590 58 24 1832,
1070 1593 40 23 got
1124 1589 30 26 by
1164 1588 97 26 Emilius,

679 1614 52 23 dam
743 1615 120 22 Worthless
873 1616 28 26 by
912 1616 98 26 Walton,
1022 1621 37 17 out
1070 1616 25 21 of
1106 1616 120 22 Altisidora
1236 1616 25 26 by

679 1642 59 21 Dick
750 1642 113 22 Andrews.

707 1676 72 27 Every
790 1677 109 21 attention
916 1676 43 21 will
976 1676 29 22 be
1022 1676 50 27 paid
1091 1680 22 18 to
1130 1683 78 20 mares,
1225 1675 36 23 but

679 1706 40 18 not
730 1703 144 21 accountable
885 1704 33 20 for
927 1703 122 22 accidents.

706 1736 94 28 Charge,
824 1736 52 22 with
903 1744 130 20 guarantee,
1062 1745 68 15 seven
1159 1738 102 26 guineas;

677 1764 100 25 without,
788 1764 42 21 five
841 1764 99 26 guineas,
951 1771 122 21 groomnge
1084 1764 111 22 included.

706 1795 124 22 N.8.-*-No
850 1802 59 15 mare
929 1796 42 21 will
990 1796 28 21 be
1036 1796 138 27 guaranteed
1190 1795 71 23 unless

677 1822 41 22 left
728 1823 57 21 until
795 1823 53 21 such
856 1823 53 21 time
920 1830 23 13 as
955 1822 53 28 they
1015 1830 36 14 aie
1062 1823 92 26 stinted,
1163 1823 22 21 of
1192 1822 69 22 which

677 1849 43 21 due
731 1849 73 22 notice
815 1849 43 21 will
867 1849 29 21 be
904 1850 75 26 given.
1009 1850 75 22 Mares
1095 1853 23 18 to
1128 1851 28 21 be
1168 1850 50 28 paid
1227 1850 34 22 for

677 1877 77 21 before
764 1876 105 27 delivery.

704 1907 98 22 October
810 1907 34 25 27,
857 1908 60 21 1843.

801 1952 39 19 To
856 1952 87 20 Cover
957 1952 56 20 this
1028 1953 116 23 Season*

773 1985 31 20 At
839 1985 128 26 Herongate,
1000 1985 63 21 River
1099 1986 67 23 Hutt,

677 2018 91 31 npHE
788 2018 48 21 well
856 2018 79 21 known
957 2019 109 27 imported
1086 2019 175 28 thovough-bred

684 2040 28 26 JL
751 2044 65 22 horse
834 2046 120 26 uETHER,
976 2046 29 26 by
1025 2047 31 20 St.
1074 2046 97 27 Patrick,
1189 2051 37 18 out
1240 2047 21 22 of

676 2070 104 28 Pastille;
798 2073 25 20 10
831 2073 93 25 guineas
934 2080 13 14 a
957 2080 69 14 mare.

703 2103 99 22 iEthev's
822 2105 76 26 racing
916 2105 104 27 qualities
1039 2112 36 14 are
1100 2105 50 22 well
1173 2105 88 27 known,

677 2129 84 28 having
771 2130 54 22 been
834 2131 83 22 several
929 2132 65 21 times
1005 2138 13 15 a
1025 2133 86 20 winner
1118 2133 22 20 in
1150 2133 111 26 England,

677 2157 18 20 is
712 2157 74 21 fifteen
804 2157 71 22 hands
890 2159 61 21 three
970 2158 79 22 inches
1067 2158 64 28 high,
1150 2159 45 22 and
1210 2167 51 21 very

675 2183 132 23 handsome.

935 2219 64 18 ALSO,

703 2242 49 21 The
776 2242 109 27 imported
909 2243 178 27 thorough-bred
1105 2244 66 22 horse
1189 2246 72 20 RID-

676 2270 182 21 DLESWOR
867 2272 51 24 TH,
929 2270 28 28 by
971 2271 107 27 Emelius,
1090 2276 40 17 out
1139 2273 27 20 of
1175 2272 86 23 Bee-in-

677 2297 121 27 a-Bonnef,
815 2298 27 26 by
860 2298 130 26 Blacklock,
1007 2302 39 18 out
1059 2298 27 21 of
1100 2298 97 28 Maniac,
1213 2300 48 27 &c,

676 2327 37 18 ten
724 2324 93 26 guineas
828 2331 13 14 a
848 2331 68 15 mare.

703 2357 164 23 Riddlesworth
876 2359 19 21 is
906 2366 12 14 a
928 2357 55 24 dark
992 2359 85 27 brown,
1090 2359 78 29 nearly
1180 2360 81 23 sixteen

676 2384 79 26 hands,
769 2384 50 22 with
829 2390 63 21 great
902 2392 79 21 power.

704 2416 58 22 N.B.
765 2427 25 5 —
795 2416 75 23 Mares
886 2418 128 28 remaining
1029 2419 57 21 after
1103 2419 77 22 notice
1198 2419 63 28 being

676 2443 66 26 given
750 2444 47 21 that
808 2444 51 28 they
867 2451 38 15 are
915 2444 89 26 sthited,
1018 2446 42 21 will
1071 2446 27 22 be
1109 2446 95 27 charged
1215 2446 42 22 five

675 2470 105 28 shillings
797 2479 14 14 a
830 2471 68 22 week.
927 2472 74 27 Every
1021 2473 109 21 attention
1145 2473 60 28 paid,
1222 2473 39 23 but

676 2502 39 17 not
725 2498 136 22 answerable
870 2498 36 22 for
915 2498 123 23 accidents.
1067 2500 75 27 Apply
1154 2505 22 17 to

994 2533 88 22 Henry
1099 2534 36 22 W.
1152 2534 82 23 Petre.

704 2559 138 27 Herongate,
855 2560 50 21 Oct.
916 2562 33 19 13.

927 2606 92 21 Seeds.

677 2641 51 47 A
743 2639 86 22 VERY
844 2639 157 23 SUPERIOR
1016 2640 45 22 and
1069 2641 106 23 valuable
1185 2646 76 18 assort-

757 2670 63 19 ment
835 2667 27 21 of
877 2667 59 22 fresh
954 2667 69 22 Seeds
1039 2668 45 26 just
1100 2669 110 27 received,
1225 2670 36 22 the

677 2693 47 22 first
742 2694 26 21 of
784 2701 13 14 a
813 2694 87 27 regular
916 2694 85 27 supply,
1013 2701 49 15 now
1078 2703 29 14 on
1126 2696 46 22 sale
1187 2701 23 17 at
1225 2696 36 23 the

678 2720 71 22 Office
768 2721 26 20 of
811 2721 42 21 this
874 2721 68 27 Paper
962 2722 29 26 by
1008 2721 38 22 the
1065 2722 158 29 undersigned,
1239 2725 21 21 in

677 2747 122 28 quantities
808 2752 22 17 to
839 2748 44 21 suit
893 2748 130 27 purchasers
1032 2757 5 14 :—:
1040 2759 27 5 —

706 2781 55 21 Fine
771 2781 51 21 seed
832 2789 59 20 peas,
903 2789 66 15 seven
980 2783 110 27 vaiieties,

705 2808 44 22 Do.
778 2808 38 22 do.
844 2808 70 22 broad
922 2810 77 26 beans,
1013 2810 59 22 three
1083 2811 113 23 varieties.

704 2835 45 22 Do.
777 2835 38 23 do.
842 2835 65 23 horse
917 2836 77 27 beans,

704 2862 46 22 Do.
778 2862 35 22 do.
841 2863 80 21 scarlet
929 2870 95 16 runners
1034 2864 45 22 and
1089 2864 89 24 French
1187 2866 74 27 beans,

704 2889 44 22 Do.
778 2889 37 23 do.
843 2890 75 27 spring
928 2890 80 27 wheat,
1021 2895 63 23 tares,
1096 2892 47 22 and
1154 2898 54 22 oats,

703 2916 86 22 Round
798 2917 45 21 and
853 2917 85 28 prickly
945 2917 100 27 spinach,

705 2943 64 28 Long
778 2944 80 22 scarlet
868 2944 43 22 and
921 2944 75 29 turnip
1005 2945 82 27 radish,

704 2970 115 27 Rhubard,
831 2971 66 22 white
914 2971 50 22 and'
975 2971 40 23 red
1033 2973 50 21 beet
1098 2973 47 22 and
1159 2974 102 27 mangold

677 3005 40 14 wui
724 2997 51 28 tzel,

703 3025 125 28 Carraway,
840 3025 46 23 Dill
896 3025 44 23 and
950 3025 94 28 Burnet,

704 3052 44 21 Sea
758 3052 54 26 cale,
823 3059 126 20 asparagus,
961 3057 81 24 carrot,
1053 3054 45 22 and
1110 3055 98 28 parsnip,

667 3096 7 3 .
703 3078 95 27 English
809 3078 50 23 leek
865 3079 49 23 and.
923 3081 75 24 onion,
1010 3081 95 27 Spanish
1119 3082 35 22 do.

705 3104 123 28 Vegetable
844 3114 94 15 marrow
953 3107 44 22 and
1006 3108 56 27 long
1074 3108 89 28 prickly
1173 3116 88 16 cucum-

674 3131 48 26 ber,

704 3158 145 27 Cauliflower,
861 3159 86 28 endive,
958 3161 49 22 and
1016 3161 82 29 celery,

704 3185 119 28 Virginnia
839 3187 99 27 tobacco,
951 3188 155 28 mignionette,
1126 3190 46 23 and
1196 3193 65 20 sweet

678 3218 58 21 peas,

704 3239 39 22 All
754 3244 56 19 sorts
820 3241 26 21 of
851 3240 87 27 garden
946 3241 46 22 and
1001 3241 55 23 field
1065 3242 107 30 cabbage,

704 3265 45 23 Do.
859 3267 35 22 do.
978 3268 37 23 do.
1072 3270 80 30 turnip,

704 3293 39 22 All
753 3296 55 19 sorts
817 3294 25 22 of
848 3294 90 28 lettuce,
949 3293 70 29 salad,
1031 3296 149 30 and.brocoli,

703 3320 38 23 All
752 3324 57 18 sorts
818 3321 26 22 of
849 3321 75 28 lupins
933 3322 45 22 and
987 3324 153 28 nasturtiums,

702 3348 39 21 AH
753 3352 56 18 sorts
820 3348 25 21 of
851 3352 68 19 sweet
929 3349 74 27 herbs,

702 3375 52 22 One
763 3375 102 22 hundred
876 3376 80 22 choice
962 3376 92 23 varities
1067 3378 24 21 of
1105 3378 78 25 flower
1192 3378 67 28 seeds,

702 3403 21 21 A
735 3409 54 20 very
804 3403 102 22 valuable
923 3408 132 18 assortment
1070 3405 25 21 of
1109 3406 61 22 fresh
1187 3406 73 23 choice

675 3436 84 20 grasses
769 3430 35 22 for
811 3430 148 27 gentlemen's
973 3432 72 21 lawns
1060 3432 44 23 and
1119 3432 142 29 agricultural

675 3463 112 21 purposes,
1109 3470 3 7 .
1174 3472 3 6 
1204 3470 5 13 :

701 3483 112 28 Cabbage,
843 3484 91 28 brocoli,
962 3485 114 27 rhubard,,
1100 3487 76 28 onion,
1204 3486 56 28 leek,

674 3509 83 24 lettuce
775 3511 80 28 plants,
874 3512 49 26 &c,
943 3519 51 14 now
1013 3512 71 30 ready
1103 3517 23 19 to
1145 3514 28 23 be
1192 3518 69 19 trans-

672 3537 101 29 planted,
783 3538 73 23 raised
865 3538 57 23 from
932 3539 98 29 samples
1041 3541 26 22 of
1076 3540 64 23 these
1150 3541 71 24 seeds.

1088 3575 36 24 W.
1141 3575 93 24 Moody.

700 3599 101 23 October
809 3601 21 26 6,
842 3601 63 21 1843.

753 3653 4 4 •
795 3646 54 21 Por
863 3646 71 26 Sale,
949 3653 38 15 ex

675 3679 40 25 T>
725 3678 206 29 UTHERFORD,
973 3679 119 31 DRURY,
1135 3683 22 22 &
1191 3681 70 24 CO.'S

675 3702 50 26 XX/
752 3706 100 34 superior
860 3707 77 27 wines,
948 3708 39 22 viz
994 3716 6 14 :
1003 3720 29 4 —

699 3733 60 26 Port,
769 3733 84 28 sherry,
865 3733 45 23 and
925 3735 106 23 Madeira
1039 3735 24 22 in
1074 3736 80 27 bottle;

699 3759 55 23 Pale
764 3761 44 21 and
820 3761 75 23 brown
905 3761 79 29 sherry
993 3763 25 22 in
1029 3763 76 27 wood^,

698 3786 56 23 Port
762 3787 25 22 in
799 3788 71 27 wood,

698 3813 106 23 Madeira
812 3815 23 22 in
848 3815 71 29 wood,
935 3824 3 4 -

698 3840 143 29 Hennessy's
850 3849 86 22 cognac
944 3842 25 23 in
978 3841 74 30 wood,

698 3868 46 23 Old
753 3868 52 29 pale
815 3869 71 25 bottle
896 3870 96 28 brandy.
1067 3881 5 5 -

987 3903 86 24 Waitt
1086 3904 51 24 and
1147 3905 86 25 Tysbr.

697 3934 145 28 Wellington,
853 3935 133 28 September
996 3935 33 28 19,
1036 3937 66 23 ,1843.
1211 3958 4 3 .
1242 3958 2 3 .

1296 697 89 49 THE
1412 697 215 23 WELLINGTON
1654 697 107 22 ROOMS
1777 704 36 14 are
1827 704 50 14 now

1368 731 57 20 open
1446 727 22 18 to
1484 723 38 22 the
1542 723 138 22 Subscribers
1689 731 4 20 ;
1710 723 37 22 the
1766 723 111 26 following

1294 750 145 26 publications
1455 750 62 22 have-
1526 751 58 20 been
1603 749 104 28 provided
1712 760 24 5 —
1737 749 139 27 Edinburgh,

1295 776 122 27 Quarterly,
1448 777 103 26 Fursign,
1582 776 102 24 Frazrr's,
1711 776 163 22 Blackwood's,

1295 803 80 22 United
1394 804 95 26 Service,
1507 803 143 26 Athsneum,
1667 803 88 27 Papers,
1768 804 50 24 &c,
1833 802 44 22 and

1295 829 35 22 the
1338 830 132 22 Committee
1480 837 36 15 are
1524 830 91 26 making
1625 834 164 22 arrangements
1799 830 32 20 for
1839 829 38 21 the

1293 856 85 27 regular
1394 857 79 27 supply
1483 857 26 21 of
1520 857 72 21 works
1609 856 25 22 of
1647 856 72 27 utility
1729 856 45 22 and
1791 863 86 15 amuse-

1295 887 66 17 ment.

1321 909 163 22 Contributions
1500 910 31 21 of'
1542 909 71 22 books
1629 909 43 21 and
1690 909 133 27 periodicals
1834 907 43 23 will

1295 936 26 21 be
1331 936 127 27 thankfully
1469 937 111 21 received.

1538 970 23 21 J.
1572 970 114 26 Dorsett,

1598 996 118 27 Honorary
1727 996 124 27 Secretary.

1321 1021 130 23 November
1461 1024 30 25 10,
1507 1023 62 22 1843.

1321 1067 122 21 ROYAL
1472 1068 176 21 VICTORIA
1672 1067 181 25 THEATRE,

1419 1106 111 15 MANNERS
1545 1106 93 18 STREAT,
1656 1106 25 14 TE
1697 1106 52 14 ARO.

1326 1133 54 20 FOR
1396 1133 63 20 THE
1472 1133 135 20 BENEFIT
1622 1133 36 20 OF
1668 1133 70 21 MRS.
1752 1132 93 22 AMOR.

1297 1165 87 49 THE
1401 1166 152 27 performance
1563 1173 28 15 on
1601 1166 101 27 Tuesday
1711 1166 96 26 evening
1817 1169 60 22 next,

1382 1193 130 21 November
1537 1194 33 25 14,
1607 1193 42 21 will
1672 1200 130 14 commence
1827 1191 50 22 with

1295 1217 76 24 Black
1386 1219 66 21 Eyed
1464 1221 80 24 Susan,
1556 1224 21 16 to
1587 1219 73 21 which
1671 1219 41 22 will
1723 1219 27 21 be
1761 1218 73 22 added
1843 1219 34 21 the

1294 1245 91 22 Tinker
1401 1252 46 15 and
1462 1246 96 25 Tailor,
1569 1246 39 22 the
1618 1247 100 20 Soldier
1729 1252 46 15 and
1785 1246 92 25 Sailor,

1295 1271 43 23 and
1349 1271 41 23 will
1403 1272 106 22 conclude
1522 1273 52 21 with
1584 1273 38 21 the
1632 1273 162 21 Rendezvous.

1323 1304 20 21 A
1354 1304 85 26 variety
1448 1303 26 22 of
1482 1303 95 27 Singing
1585 1304 44 21 and
1639 1304 112 26 Dancing.

1323 1336 127 21 November
1462 1337 31 25 10,
1507 1337 61 20 1843.

1513 1383 20 21 N
1544 1383 20 21 O
1573 1383 18 22 T
1599 1383 9 21 I
1617 1383 16 21 C
1641 1383 24 21 E.

1295 1416 125 28 Meeting
1441 1416 31 21 of
1490 1416 122 21 Justices
1627 1416 43 21 for
1684 1416 46 21 the
1752 1416 125 21 Transfer

1411 1444 32 20 of
1454 1444 158 20 Publican's
1626 1444 137 20 Licences.

1298 1478 48 47 A
1360 1477 131 22 SPECIAL
1506 1477 147 22 MEETING
1667 1477 23 22 of
1703 1477 37 22 the
1752 1477 94 21 Justices
1858 1476 19 22 of

1373 1503 38 22 the
1428 1504 70 22 Peace
1514 1504 35 21 for
1559 1504 37 21 the
1614 1504 66 22 Town
1690 1506 43 19 and
1751 1504 93 21 District
1859 1504 18 20 of

1297 1530 53 21 Port
1366 1531 131 27 Nicholson,
1516 1531 45 21 will
1578 1531 28 21 be
1620 1531 82 21 hnlden
1716 1535 22 17 at
1753 1532 38 19 the
1808 1530 69 22 Police

1297 1557 74 27 Office,
1384 1557 146 27 Wellington,
1542 1565 29 14 on
1585 1557 39 22 the
1634 1557 45 22 first
1696 1558 103 26 Tuesday
1809 1558 22 21 in
1844 1557 33 22 the

1298 1584 75 22 month
1390 1584 26 22 of
1432 1584 126 22 December
1573 1588 62 23 next,
1651 1584 32 21 for
1700 1584 37 21 the
1756 1584 97 23 transfer.
1859 1584 18 21 of

1298 1610 124 23 Publican's
1438 1611 107 22 Licences
1559 1611 33 21 for
1609 1611 38 21 the
1662 1611 45 22 sale
1718 1612 24 20 of
1759 1611 118 27 Spirituous

1297 1637 99 27 Liquors,
1418 1638 71 27 Wine,
1501 1638 51 26 Ale,
1571 1637 46 22 and
1634 1637 62 26 Beer,
1707 1638 23 21 in
1743 1638 134 21 accordance

1298 1665 49 21 with
1363 1666 36 21 the
1417 1665 125 27 provisions
1559 1665 26 21 of
1603 1665 36 21 the
1659 1665 126 22 Ordinance
1796 1665 14 20 5
1821 1663 56 23 Viet.

1297 1691 87 22 Session
1392 1693 21 25 2,
1426 1692 44 21 No.
1481 1691 57 23 XII.

1486 1726 96 21 Alfred
1597 1725 29 22 R.
1642 1725 122 27 Chetham,

1593 1758 67 22 Clerk
1670 1758 24 22 of
1700 1757 65 28 Petty
1773 1758 104 22 Sessions.

1323 1792 72 24 Police
1407 1792 77 27 Office,
1497 1791 144 28 Wellington,

1363 1820 128 22 November
1500 1820 19 24 1,
1531 1821 63 20 1843.

1533 1871 110 21 Notice.

1295 1903 90 50 THE
1398 1903 231 22 UNDERSIGNED
1644 1904 65 27 being
1719 1904 69 22 about
1798 1908 23 17 to
1831 1903 46 28 pro?

1355 1931 53 21 ceed
1419 1936 22 15 to
1455 1931 102 26 England
1574 1931 28 26 by
1613 1931 37 21 the
1666 1931 46 21 first
1729 1932 148 27 opportunity,

1268 1962 4 12 ■*
1294 1957 45 20 and
1349 1964 22 14 as
1380 1957 29 21 he
1419 1957 90 20 intends
1519 1957 119 26 returning
1653 1960 22 18 to
1689 1957 139 26 Wellington
1839 1958 38 21 im-

1294 1982 126 27 mediately,
1437 1983 46 21 will
1498 1983 28 21 be
1544 1983 73 28 happy
1633 1987 22 18 to
1671 1988 96 18 transact
1783 1985 94 21 business

1293 2009 35 21 for
1338 2016 40 21 any
1389 2010 85 27 parties
1481 2010 49 21 that
1545 2017 51 20 may
1606 2011 80 21 favour
1703 2010 46 23 him
1760 2011 53 22 with
1825 2011 52 22 their

1267 2047 2 5 '
1293 2037 152 21 instructions.

1587 2063 111 23 William
1709 2064 144 22 Bannister.

1295 2089 108 22 Lambton
1415 2090 73 26 Qua}',
1500 2090 130 22 November
1639 2092 19 25 7,
1671 2092 58 22 1843.

1441 2140 34 21 H.
1504 2139 232 29 HARDEMAN,

1317 2174 92 21 Tailor
1425 2175 56 21 and
1495 2175 111 25 Draper,
1622 2176 231 27 Ziambton-quay.

1458 2228 113 28 Superfine
1583 2230 72 26 Coats,
1667 2229 56 23 from
1737 2230 34 24 £3
1785 2232 14 20 0
1813 2232 14 20 0

1295 2260 113 29 Superfine
1420 2260 100 23 Doeskin
1531 2261 120 28 Trowsers,
1662 2258 61 26 Yrom
1737 2263 61 23 £15
1812 2265 15 19 0

1322 2301 60 15 MADE
1394 2301 29 15 TO
1434 2302 106 15 MEASURE
1542 2306 27 4 —
1571 2303 42 14 FOR
1622 2303 57 14 CASH
1689 2301 30 16 ON
1730 2303 122 16 DELIVERY.

1345 2345 106 22 -Messrs.
1479 2345 153 23 HOLROYD
1657 2353 45 15 and
1730 2346 95 28 HART,

1458 2380 129 21 Notaries
1610 2381 106 25 Public,

1382 2418 38 15 TE
1450 2420 71 18 ARO,
1552 2419 241 16 WELLINGTON.

1323 2442 130 28 September
1462 2446 21 23 4,
1495 2446 60 20 1843.

1495 2494 43 21 Ex

1297 2527 71 49 ON
1382 2527 80 23 SALE
1477 2528 29 27 by
1520 2528 37 22 the
1573 2529 180 27 undersigned-

1375 2554 83 22 Hunt's
1467 2557 99 25 superior
1577 2555 36 22 old
1624 2559 50 24 port
1684 2557 62 26 wine,
1762 2557 86 23 bottled
1858 2557 19 23 in

1296 2581 90 27 Oporto,

1323 2608 102 27 Hosiery,
1436 2608 56 28 lace,
1504 2609 45 22 and
1558 2609 96 28 netting,

1323 2634 165 28 Earthenware,
1499 2637 49 21 well
1559 2637 108 26 assorted,

1323 2662 121 29 Champion
1457 2663 20 22 &
1488 2663 58 22 Co.'s
1557 2664 93 27 vinegar
1660 2665 22 21 in
1693 2664 49 22 half
1749 2664 128 28 hogsheads.

1778 2700 22 21 &
1814 2700 37 21 Co.

1322 2729 145 28 Wellington,
1480 2731 88 27 August
1578 2733 33 24 14,
1624 2733 60 21 1843.

1403 2787 41 20 On
1460 2787 69 25 Sale,
1545 2793 37 15 ex
1757 2787 13 10 11

1295 2817 66 24 OK
1391 2818 116 24 CHESTS
1537 2819 203 23 GUNPOWDER
1769 2820 69 27 TEA,

1295 2841 68 25 £i*J
1417 2847 14 20 5
1448 2851 49 17 tons
1508 2846 44 22 fine
1562 2854 74 18 sugar,

1418 2875 14 20 2
1448 2877 50 18 tons
1511 2872 87 28 Bengal
1608 2874 54 26 rice,

1374 2912 6 9 \
1421 2900 93 27 Ginger,
1526 2907 89 21 pepper,
1627 2901 41 21 &c.

1557 2938 115 21 Bethune
1688 2938 38 22 aad
1744 2938 109 23 Hunter.

1321 2969 145 28 Wellington,
1477 2970 95 27 August
1580 2971 35 26 15,
1626 2971 60 21 1843.

1458 3020 91 21 Beach
1567 3020 145 27 Frontage.

1295 3053 67 49 TO
1376 3053 37 22 BE
1429 3053 67 27 LET,
1511 3053 71 22 beach
1592 3053 103 28 frontage
1707 3055 44 22 lots
1762 3055 23 22 in
1796 3058 81 19 section

1366 3081 40 21 490
1416 3088 30 14 on
1464 3080 37 22 the
1513 3081 55 21 Plan
1578 3081 27 22 of
1612 3081 39 22 the
1660 3081 66 23 Town
1741 3082 27 21 of
1775 3082 102 27 Welling-

1292 3112 48 21 ton,
1350 3107 115 28 adjoining
1476 3107 42 22 Mr.
1526 3108 91 21 Taine's
1625 3111 58 19 store
1688 3116 8 19 j
1708 3109 44 22 and
1762 3109 23 22 in
1796 3109 81 23 section

1291 3136 48 25 616,
1348 3134 99 22 between
1456 3135 75 27 Major
1540 3134 93 23 Baker's
1643 3135 44 22 and
1697 3136 42 22 Mr.
1747 3136 130 23 Swainson's

1292 3161 88 22 houses.
1698 3168 4 12 i

1320 3193 54 22 Also
1385 3193 37 22 the
1430 3192 116 29 following
1554 3194 99 22 sections
1663 3199 28 17 on
1695 3195 44 21 'the
1746 3195 56 23 Flan
1811 3196 27 22 of
1845 3195 32 23 the

1291 3220 79 27 Town,
1380 3220 45 22 viz:
1427 3231 30 6 —

1394 3254 28 20 55
1559 3255 43 21 319
1750 3256 42 20 922

1382 3281 41 21 240
1559 3281 42 22 718
1739 3282 53 21 1079

1319 3307 75 28 Apply
1408 3310 27 19 to-

1470 3333 27 23 E.
1512 3333 21 23 J.
1549 3333 152 28 WAKEFtELD,
1716 3342 26 15 Or

1469 3365 36 22 W.
1520 3366 29 22 V.
1564 3365 110 26 Brewer,
1689 3366 188 23 Manners-street.

1293 3411 121 26 Country
1427 3411 128 21 Sections
1575 3411 43 21 for
1639 3411 61 21 Sale
1719 3417 39 17 on
1778 3412 99 22 Libera

1537 3438 104 21 Terms.

1294 3464 164 50 SEVERAL
1495 3464 101 23 Sections
1623 3465 27 22 of
1681 3465 100 29 Country
1792 3464 85 31 /Land,

1358 3491 90 28 already
1458 3491 82 23 chosen
1551 3492 23 22 in
1585 3491 38 23 the
1638 3489 93 26 Porinis
1744 3492 94 28 district,
1848 3493 29 23 for

1292 3519 60 28 Sale,
1363 3526 74 16 TERMS
1446 3526 107 15 LIBERAL.
1582 3519 78 28 Apply
1669 3523 24 18 tO
1703 3528 9 12 '-'

1389 3551 23 22 F.
1427 3551 30 23 A.
1472 3551 173 27 Molesworth,
1662 3551 185 29 Murphy-Btreet,
1858 3559 19 16 or

1389 3578 33 23 W.
1438 3578 29 22 V.
1482 3578 109 26 Brewer,
1596 3578 12 23 '
1608 3578 190 23 Manners-street.
1876 3589 2 19 ;

1423 3625 42 21 On
1481 3624 70 26 Sale,
1566 3629 37 17 ex
1617 3625 19 13 M

1291 3657 181 51 WINDOW
1487 3658 102 23 GLASS
1600 3659 85 25 20+16
1694 3662 22 19 to
1728 3660 75 26 10+8,

1389 3684 125 24 Leather—
1514 3685 47 23 sole
1570 3685 47 23 and
1631 3686 118 28 calf-skin,-

1282 3730 4 12 ,
1321 3712 59 23 Boat
1388 3712 96 23 anchors
1493 3712 46 23 and
1547 3712 94 28 chains,.

1321 3738 39 24 An
1370 3742 132 20 astortment
1511 3739 24 22 of
1545 3739 160 28 hollow-ware,

1323 3766 132 22 Glass-ware
1457 3777 27 6 —
1486 3767 138 27 comprising,
1629 3766 62 29 plain
1702 3767 44 23 and
1754 3771 40 19 cut
1802 3767 75 25 dinner

1293 3794 102 24 services,
1413 3793 80 28 wines,,
1507 3794 113 27 tumblers,
1630 3793 119 32 .druggists
1763 3795 114 29 furniture^

1293 3819 61 23 show
1364 3820 91 28 glasses,
1465 3820 46 23 and
1521 3820 64 27 vials,
1597 3821 49 25 &c,

1321 3846 76 24 White
1406 3846 52 23 lead
1467 3847 48 22 and
1514 3848 5 14 ;
1523 3847 68 23 sheer
1594 3847 62 27 lead;
1719 3869 7 5 r

1321 3873 76 24 Prime
1406 3873 61 24 Irish
1476 3874 65 28 pork,
1545 3874 59 28 .split
1611 3881 62 22 peas,
1683 3874 40 24 &ci

1366 3922 3 5 ■
1393 3923 4 4 .
1429 3921 6 5 -
1501 3918 3 8 •
1556 3908 116 24 Bbsrdns
1686 3909 44 24 and
1743 3909 113 24 Hunter.

1322 3935 131 28 September
1463 3936 20 25 1,
1495 3936 62 22 1843,
1672 3940 4 7 '

2081 716 5 2 .
2114 697 101 21 Public
2231 697 68 21 Sale.

1913 730 156 48 MESSRS.
2097 730 152 21 BETHUNE
2276 730 67 22 AND
2367 730 132 24 HUNTER

2003 756 40 22 will
2053 756 41 22 sell
2104 756 28 28 by
2142 757 103 24 Auction,
2257 761 31 18 at-
2296 757 114 24 Lambton
2422 758 71 28 Quay,

1909 791 28 13 on
1950 782 142 28 Wednesday
2102 788 63 21 next,
2175 782 38 23 the
2225 784 51 21 15th
2285 788 91 18 current
2377 795 27 5 —

1938 810 20 21 A
1968 810 103 27 quantity
2081 810 25 21 of
2114 810 183 26 Merchandise,
2309 811 43 22 &c.

1938 836 142 27 Wellington,
2093 836 130 22 November
2234 838 31 25 10,
2278 838 61 21 1843.

2057 881 168 27 Strawberry
2239 882 103 21 Plants.

1911 912 90 49 THE
2015 911 157 26 undersigned,
2182 912 82 27 having
2275 920 12 14 a
2295 913 62 26 large
2368 914 96 22 number
2471 913 25 22 of

1984 939 37 21 the
2032 939 66 21 finest
2107 939 134 26 Strawberry
2252 939 83 26 Plants,
2344 940 45 22 and
2401 940 91 27 wishing

1911 969 22 17 to
1947 972 124 19 encourage
2088 965 37 21 the
2140 964 133 28 production
2288 965 26 21 of
2330 966 60 27 fruit,
2407 967 45 21 will
2467 967 26 21 be

1911 991 71 28 happy
1994 996 22 17 to
2031 993 50 25 give
2097 991 75 22 orders
2184 991 33 21 for
2232 991 38 22 the
2285 991 107 29 delivery,
2403 998 92 22 gratis,
2521 1001 1 6 ■

1911 1026 27 14 on
1951 1019 36 21 the
1998 1018 66 27 Hutt,
2077 1022 22 18 to
2108 1024 15 15 a
2136 1018 86 22 limited
2238 1021 77 19 extent
2323 1022 24 18 to
2358 1019 55 23 each
2424 1019 72 28 appli-
2510 1026 12 12 '>

1911 1049 57 18 cant.

2100 1071 70 23 Chas.
2186 1071 26 22 E.
2227 1070 52 24 Yon
2294 1072 119 26 Alzdorp,

2274 1098 112 22 Lambton
2396 1100 74 27 Quay.

2151 1151 108 21 Notice.

1912 1184 49 46 A
1978 1182 112 23 PUBLIC
2105 1182 147 22 MEETING
2262 1182 26 22 of
2295 1182 37 22 the
2342 1182 157 23 sharehdlders

1990 1209 25 21 of
2027 1209 37 22 the
2076 1210 91 20 Colonist
2177 1216 127 20 newspaper
2320 1209 45 22 will
2376 1210 27 21 be
2412 1209 54 22 held
2476 1210 24 21 in

1912 1235 37 22 the
1961 1236 148 21 Commercial
2125 1237 88 21 Tavern
2223 1243 29 14 on
2263 1236 109 27 Monday,
2384 1236 51 21 13th
2440 1243 59 15 'cur-

1912 1265 55 22 rent,
1978 1266 23 18 at
2010 1264 13 20 3
2034 1263 86 21 o'clock
2131 1270 19 15 p.
2162 1270 32 19 m.,
2206 1266 22 18 to
2248 1263 87 21 receive
2346 1263 38 21 the
2394 1267 74 23 report
2477 1263 25 22 of

1914 1289 36 21 the
1965 1289 99 22 auditors
2080 1289 46 22 and
2142 1292 99 19 transact
2255 1290 102 21 business
2372 1290 26 21 of
2408 1290 92 27 import-

1913 1322 62 14 ance.

1940 1341 128 23 November
2080 1341 20 26 7,
2111 1344 62 20 1843.

1914 1386 99 35 rpHIS
2030 1387 27 22 IS
2072 1388 40 21 TO
2129 1388 77 21 GIVE
2222 1388 122 26 NOTICE,
2363 1389 49 21 that
2427 1389 21 22 if
2459 1389 38 22 the

1922 1410 27 25 JL
1988 1414 62 21 Guns
2060 1415 44 22 and
2114 1414 79 23 Pistols
2210 1422 48 14 now
2276 1415 60 27 lying
2351 1420 24 17 at
2384 1416 38 21 the
2437 1416 60 27 Shop

1914 1440 24 21 of
1951 1440 105 22 Stephen
2072 1442 121 27 Hartley,
2213 1442 134 26 Gunsmith,
2358 1442 19 21 is
2393 1445 40 19 not
2446 1442 52 27 paid

1883 1476 2 5 •
1913 1467 32 22 for
1954 1468 21 20 in
1990 1469 23 20 14
2023 1468 54 26 days
2087 1468 57 21 from
2155 1468 43 21 this
2214 1468 57 27 date,
2290 1469 51 27 they
2351 1469 46 22 will
2408 1469 28 22 be
2450 1469 48 22 sold

1883 1504 2 4 •
1914 1498 21 17 to
1947 1501 43 20 pay
2000 1501 116 21 expences.

1940 1527 87 28 Friday,
2039 1529 59 21 Nov.
2108 1530 22 25 3,
2140 1531 61 20 1843.

1911 1572 184 49 WANTED,
2127 1581 14 14 a
2163 1575 43 21 few
2234 1577 77 25 expert
2338 1574 68 23 Irkh
2435 1574 64 23 Flax

2008 1600 127 22 Dressebs.

2234 1626 25 23 T.
2276 1626 32 24 M.
2325 1627 148 25 Partridge.

1938 1652 95 28 TeAro,
2046 1654 99 22 October
2154 1655 34 25 31,
2202 1655 65 21 1843.

1914 1696 70 48 ON
2001 1696 87 26 SALE,
2099 1700 23 18 at
2131 1696 100 23 reduced
2241 1701 58 18 rates
2308 1698 36 22 for
2354 1698 53 22 cash
2415 1706 35 14 :—

1977 1723 75 22 Prime
2062 1722 60 23 Irish
2133 1724 82 26 butter,

1976 1750 96 21 Manilla
2083 1750 78 28 Sugar,

1978 1776 58 22 Loaf
2089 1777 44 25 do.,

1976 1803 89 23 Bottled
2074 1804 43 23 ale.

2166 1832 133 29 RIDGWAYS,
2311 1834 107 24 GUYTON.
2429 1835 21 23 &
2460 1836 40 22 Co.

1912 1856 32 22 Te
1956 1857 52 27 Aro,
2020 1858 128 22 November
2158 1859 20 26 7,
2190 1861 60 23 1843.

2026 1903 41 21 On
2082 1904 70 25 Sale,
2168 1908 36 18 ex
2244 1901 117 28 <sannei;
2365 1906 18 11 >r

1919 1941 25 22 X
1949 1946 32 23 A
2006 1940 102 24 BOXES
2132 1937 97 28 assorted
2245 1942 143 29 TOBACCO
2405 1941 94 31 PIPES,

1913 1965 67 28 *J\J
2010 1968 40 21 100
2064 1968 80 22 tierces
2154 1967 122 25 American
2288 1971 60 27 beef,

1883 1999 2 24 \
2009 1995 27 21 20
2051 1994 54 22 coils
2115 1996 100 22 assorted
2224 1997 89 28 Europe
2323 2004 62 21 rope.

2227 2030 84 22 Waitt
2326 2032 44 22 and
2384 2033 85 23 Tysbß;

1940 2059 146 28 Wellington,
2098 2061 51 21 Oct.
2161 2063 33 25 10,
2207 2063 61 21 1843.

2046 2105 89 20 Town
2152 2105 30 21 of
2196 2106 167 22 Manewatu.

1913 2134 91 51 THE
2027 2134 215 25 PROPRIETORS
2266 2138 26 22 of
2316 2138 38 23 the
2375 2139 63 23 three
2453 2141 48 23 first

1999 2162 89 23 choices
2104 2166 22 19 at
2137 2165 38 21 the
2192 2164 44 22 last
2250 2165 106 23 selection
2367 2167 26 21 of
2407 2173 92 22 country

1912 2188 70 28 lands,
1994 2188 85 30 having
2098 2190 138 24 determined
2250 2199 61 20 upon
2328 2193 37 23 the
2382 2195 40 21 site
2438 2195 35 23 for
2487 2203 13 14 a

1927 2223 92 23 TOWN
2034 2224 44 22 ON
2092 2225 66 22 THE
2175 2226 186 23 MANEWATU
2375 2228 108 28 RIVER,

1912 2251 56 21 after
1972 2253 80 19 several
2059 2253 60 20 visits
2128 2256 23 17 to
2159 2252 36 22 the
2206 2253 187 33 neighbourhood,
2457 2257 42 22 'the

1913 2280 56 20 mo9t
1988 2279 85 22 careful
2091 2279 45 22 and
2154 2279 84 23 minute
2258 2281 152 23 examinati6n
2417 2283 35 22 >©f
2463 2284 36 22 the

1914 2310 70 17 .entire
2000 2306 92 27 district,
2107 2305 67 22 aided
2189 2306 31 28 by
2229 2306 37 23 the
2282 2308 144 27 professional
2441 2310 57 27 skill,

1912 2330 27 24 k..
1945 2332 104 27 owledge,
2070 2333 44 22 and
2128 2334 132 27 experience
2274 2335 26 21 of
2311 2334 37 23 the
2365 2340 61 18 most
2439 2343 60 16 com-

1914 2362 75 23 petent
1997 2359 87 27 judges,
2101 2367 93 20 propose
2209 2364 23 18 to
2248 2361 54 22 offer
2313 2362 32 21 for
2362 2362 104 29 disposal,
2478 2368 22 19 at

2062 2387 38 21 the
2114 2390 88 24 present
2210 2388 62 26 .time,
2283 2388 67 23 about

1914 2417 218 23 TWENTY-FIVE
2168 2418 105 28 ACRES,
2312 2420 34 22 IN
2385 2422 115 24 ALLOT-

1914 2444 113 28 MENTS,
2043 2445 85 22 EACH
2149 2445 40 23 OF
2214 2446 62 23 ONE
2297 2447 149 25 QUARTER
2461 2449 38 23 OF

2130 2470 44 24 AN
2191 2468 94 28 ACRE/

1940 2498 47 23 The
1996 2501 49 26 spot
2053 2498 52 23 thus
2114 2499 98 24 selected
2223 2507 110 21 possesses
2342 2501 37 23 the
2390 2507 59 19 most
2464 2511 38 15 ex-

1913 2526 85 22 tensive
2012 2526 101 27 frontage
2127 2529 23 18 to
2168 2526 56 28 deep
2236 2531 67 19 water
2318 2528 26 22 of
2355 2536 46 21 any
2413 2538 30 14 on
2464 2531 37 23 the

1912 2554 64 20 river.
2006 2553 21 21 It
2044 2552 20 22 is
2083 2550 97 24 situated
2193 2554 52 26 just
2255 2557 22 24 a^
2293 2555 48 21 that
2361 2557 71 26 point-
2443 2557 57 23 from

1975 2579 70 23 which
2055 2587 14 14 a
2079 2580 53 21 road
2144 2580 72 22 would
2227 2581 83 22 branch
2320 2582 33 22 off
2359 2583 82 26 tOithe.
2455 2591 22 18 .\.

1912 2614 94 15 WOODED
2031 2614 45 15 AND
2097 2614 98 15 FERTILE
2216 2615 116 16 DISTRICTS
2353 2617 83 18 ALO^Q-
2445 2619 54 16 .THE

2082 2641 56 15 BASE
2152 2641 28 15 OF
2194 2642 45 14 THE
2255 2642 74 21 HILLS,

1913 2667 44 21 and
1970 2667 69 21 above
2049 2665 74 22 which
2132 2666 37 21 the
2184 2667 128 26 navigation
2326 2668 35 22 for
2370 2670 131 23 vessels'be-

1914 2701 73 14 comes
1998 2694 85 24 tedious,
2094 2694 24 24 if
2123 2696 36 18 not
2168 2694 88 27 difficult
2293 2694 21 21 Tt
2322 2696 18 20 is
2346 2695 109 24 therefore
2462 2698 38 23 the

2112 2721 62 26 point
2184 2721 72 21 whoro
2267 2721 37 22 the

1914 2747 87 22 LAND
2018 2747 67 23 AND
2100 2745 114 25 WATER
2229 2748 162 23 CARRIAGE
2406 2750 86 23 MEET

1914 2774 44 21 and
1968 2774 73 23 where
2050 2781 14 15 a
2074 2774 68 22 Town
2161 2782 59 15 must
2236 2783 28 14 be
2271 2776 3 21 !
2279 2783 90 16 formed
2386 2776 66 25 wheii
2462 2779 39 22 the

1915 2801 84 22 district
2014 2801 22 22 is
2043 2801 87 22 settled.
2160 2801 22 22 It
2191 2809 44 14 was
2245 2802 97 23 selected
2357 2801 29 30 by
2398 2804 37 23 the
2448 2806 52 24 Sur-

1914 2827 80 29 veying
2004 2828 58 21 Staff
2074 2835 25 14 as
2109 2828 39 22 the'
2156 2828 137 23 rende^ouS
2302 2830 36 21 for
2351 2828 60 26 their
2424 2832 61 27 body
2495 2841 6 19 ;

1914 2855 42 21 and
1968 2853 38 23 hds
2017 2855 56 22 been
2084 2860 50 17 now
2147 2855 77 27 found,
2235 2856 57 22 after
2302 2858 87 22 seVeral
2406 2860 96 23 months'

1914 2881 106 26 location,
2029 2886 21 17 to
2064 2882 28 21 be
2102 2882 37 21 the
2150 2886 56 17 most
2221 2882 165 28 advantageous
2396 2882 105 32 po'sitio)i,

1914 2908 56 22 from
1986 2910 27 20 its
2029 2908 97 28 peculiar
2147 2909 85 27 facility
2248 2910 26 21 of
2285 2911 113 27 approach
2408 2912 54 24 bo'tw
2471 2913 30 27 by

1914 2935 52 22 land
1973 2935 47 22 'and
2029 2940 75 17 water.
2410 2936 58 9 •■-■=

1943 2963 27 20 Jn
1980 2962 153 25 cpnfirmation
2144 2962 26 21 of
2176 2962 38 22 the
2224 2962 130 28 superiority
2365 2964 26 22 of
2400 2963 103 31 this^iipot

1883 3006 2 4 .
1913 2995 53 15 over
1975 2995 45 21 any
2029 2988 63 23 other
2100 2993 38 23 yet
2147 2989 90 27 known,
2297 2990 94 23 Messrs:
2397 2989 104 31 Kctrbell,

1914 3016 57 21 after
1987 3015 38 22 the
2045 3016 151 22 examination
2212 3017 27 21 of
2255 3016 51 25 the^
2310 3017 59 23 river
2384 3018 59 24 from
2462 3020 38 22 the

1916 3042 87 23 Paneiri
2013 3042 47 23 Pah
2070 3048 23 17 to
2102 3044 29 21 its
2140 3042 86 28 mouth,
2237 3043 139 24 determined
2390 3053 30 15 on
2430 3052 71 18 erect-

2151 3070 39 27 ing
2203 3070 59 25 their

1883 3095 2 4 '
1914 3103 66 23 SAW
1995 3104 80 23 MILL
2095 3105 230 23 IMMEDIATELY
2340 3106 160 25 OPPOSITE.

1883 3146 2 11 i
1913 3131 48 23 Uhe
1980 3131 70 23 works
2068 3131 25 22 of
2109 3131 49 22 that
2175 3132 169 23 establishment
2361 3140 39 15 are
2419 3138 23 19 at
2458 3136 43 22 this

1915 3162 99 19 moment
2031 3159 24 21 in
2069 3158 64 28 rapid
2147 3166 108 20 progress,
2273 3159 43 23 and
2335 3160 37 23 the
2390 3162 110 28 proposed

1883 3206 2 5 ,
1913 3186 69 22 Town
1992 3185 44 23 will
2046 3186 133 26 necessarily
2184 3186 92 27 partake
2281 3187 27 22 of
2314 3187 42 22 this
2366 3188 134 30 advantage.

1942 3212 47 23 The
2008 3212 93 24 nucleus
2116 3212 26 22 of
2158 3220 12 14 a
2192 3213 65 22 Town
2273 3213 26 27 is,
2309 3214 23 22 in
2347 3215 52 27 iact,
2411 3216 91 29 already

1914 3239 96 25 created,
2020 3239 30 28 by
2059 3239 38 22 the
2107 3240 166 22 concentration
2288 3241 26 22 of
2328 3241 38 22 the
2377 3242 126 30 Surveying

1915 3266 60 23 Staif.
1979 3273 29 16 on
2019 3266 47 23 that
2076 3269 56 24 spot,
2142 3273 25 15 as
2177 3267 37 21 the
2224 3270 76 19 centre
2315 3268 26 23 of
2351 3270 151 23 communica-

1915 3293 46 22 tion
1971 3296 25 19 to
2005 3293 37 22 the
2051 3293 150 28 surrounding
2210 3293 97 29 district;
2324 3295 37 22 the
2372 3297 100 25 erection.
2476 3298 30 24 ,of

1917 3320 88 22 Messrs.
2017 3319 116 23 Kebbell's
2147 3321 49 22 Saw
2214 3320 64 23 Mills
2293 3322 98 29 opposite
2398 3331 7 19 ;
2422 3323 28 29 by
2464 3324 38 23 the

1914 3351 165 24 arrangements
2092 3347 36 22 for
2141 3354 29 15 an
2188 3349 114 22 extensive
2313 3349 98 24 General
2424 3351 62 22 Store
2494 3359 6 19 ;

1883 3383 2 6 '
1915 3375 45 21 and
1969 3375 30 27 by
2006 3374 38 22 the
2053 3373 44 23 late
2107 3375 134 31 application
2248 3375 33 22 for
2289 3383 15 14 a
2309 3376 109 25 Licensed
2426 3378 75 22 House

1914 3408 28 15 on
1952 3400 37 23 the
1996 3405 52 27 part
2057 3401 26 22 of
2094 3408 29 15 an
2133 3401 124 23 individual
2271 3402 49 22 who
2334 3403 47 27 has,
2463 3404 39 23 the

1914 3428 117 23 formation
2050 3428 26 22 of
2090 3428 38 22 the
2144 3429 92 29 Colony,
2251 3430 96 26 pursued
2361 3437 16 15 a
2394 3430 108 25 lucrative

1916 3455 62 23 trade
1989 3454 52 23 with
2050 3453 38 24 the
2099 3456 93 27 natives,
2204 3456 45 22 and
2259 3456 72 23 whose
2342 3456 131 30 knowledge
2479 3458 27 23 of

1883 3484 2 22 [
1914 3482 38 22 the
1963 3481 136 28 advantages
2109 3483 26 22 of
2140 3483 38 22 the
2188 3483 101 27 position,
2296 3484 117 30 prompted
2422 3483 48 25 Him
2480 3489 24 19 at

1914 3516 57 15 once
1981 3514 23 17 to
2012 3509 76 26 prefer
2095 3509 49 22 that
2156 3509 141 28 application.

1940 3535 49 24 The
1999 3536 97 23 Natives
2107 3536 34 28 by
2146 3536 74 23 whom
2235 3536 44 22 this
2286 3535 59 23 land
2352 3542 44 18 was
2405 3537 97 26 claimed

1914 3570 38 15 are
1963 3563 59 28 quite
2032 3563 110 28 prepared
2150 3567 27 18 to-
2181 3563 51 27 give
2238 3570 33 20 up.
2274 3564 132 27 possession,
2412 3566 90 24 andtre

1914 3590 146 28 exceedingly
2069 3590 96 23 anxious
2175 3593 24 18 to
2213 3589 58 23 have
2280 3597 15 14 a
2302 3589 121 31 European
2431 3599 71 24 poptir

1912 3617 71 22 iation
1992 3623 84 21 among
2085 3615 67 29 them,
2163 3612 84 32 having
2261 3616 59 23 been
2326 3624 61 22 upon
2397 3618 39 23 the
2443 3624 61 19 most

1913 3642 99 30 friendly
2016 3644 88 28 footing
2112 3643 54 23 with
2175 3643 174 29 thcSurveying
2358 3643 61 27 Staff
2422 3646 82 31 during

1911 3670 41 24 the
1961 3670 50 23 four
2019 3678 26 15 or
2053 3671 44 22 five
2105 3669 91 24 months
2203 3669 54 29 they
2277 3670 56 23 have
2349 3671 156 26 been\loeatea

1911 3698 74 24 there.
1997 3712 4 12 ..
2033 3722 5 2 .

1902 3744 2 7 ,
1940 3725 35 23 Aa
1985 3724 37 26 the
2029 3724 141 28 Proprietors
2176 3731 94 21 purpose
2279 3728 22 19 to
2311 3724 88 30 diipose
2408 3727 28 22 of
2441 3728 42 23 hut
2492 3736 14 16 a

1912 3751 88 24 limited
2012 3751 91 29 portion
2119 3750 27 23 of
2154 3750 40 24 the
2208 3748 70 32 Tfovm
2293 3754 25 20 at
2333 3753 98 29 present,
2450 3753 55 29 they

1883 3777 2 5 '
1912 3778 85 30 pledge'
2001 3778 135 23 themselves
2142 3777 57 27 that,
2208 3780 25 19 at
2241 3784 31 17 no
2288 3777 75 25 fttuxfe
2372 3780 66 29 sales,
2447 3775 59 31 shaft

1883 3812 2 10 1
1914 3806 39 23 the
1963 3806 127 23 allotments
2099 3804 29 23 be
2137 3806 40 26 put
2181 3811 32 21 up
2221 3807 25 19 at
2254 3812 15 15 a
2278 3802 45 26 Jess
2328 3806 9 10 y
2333 3813 49 16 sum
2382 3811 4 11 ;
2390 3807 58 24 than
2450 3811 57 23 -iftfaw

1914 3833 92 25 offered.
2179 3837 5 9 »
2299 3840 6 8 '
2365 3851 5 5 ,
2392 3843 2 7 <
2430 3835 4 22 i
2439 3837 2 4 1
2455 3843 7 5 -

1943 3860 23 23 A
1981 3860 135 28 Prospectus
2134 3857 48 24 and
2199 3857 58 26 Plan
2276 3860 26 22 of
2316 3860 39 23 the
2372 3860 72 26 Xown
2455 3864 55 27 ,#ffl

1914 3884 87 30 shortly
2010 3886 28 22 be
2046 3884 69 29 ready
2124 3884 35 23 for
2165 3885 127 29 inspection
2307 3890 24 20 at
2342 3888 40 24 the
2389 3888 87 26 Offices
2485 3898 26 16 ot

1916 3909 92 29 MeWs.
2020 3912 70 23 Waitt
2097 3911 47 24 and
2151 3912 78 27 Tyser,
2240 3913 96 25 T*A*o.
2342 3911 5 17 :
2403 3902 107 22 -'""*

1927 3940 145 28 Wellington,
2081 3939 60 23 Nor,
2149 3941 35 28 27,
2193 3941 62 24 18*1,
2448 3937 4 5 '
2473 3937 3 5 '
