2550 4029
2066 1759 230 23 NELSON.

225 1814 122 21 CUSTOM
364 1813 105 22 HOUSE.

1314 1244 68 24 Since
1404 1244 98 31 copying
1524 1245 39 22 the
1587 1244 127 31 paragraph
1738 1245 54 23 from
1822 1244 38 24 the

1279 1276 87 25 Nelson
1378 1276 127 24 Examiner
1521 1278 130 30 respecting
1670 1278 38 23 the
1728 1275 132 31 Mandarin,

1280 1318 41 16 our
1343 1311 110 23 attention
1475 1311 39 23 has
1538 1311 58 23 been
1617 1311 74 23 called
1716 1317 21 17 to
1761 1311 99 30 Hardy's

1280 1344 114 31 Shipping
1407 1343 60 29 List,
1481 1344 97 23 wherein
1600 1352 30 15 we
1650 1346 93 21 observe
1764 1344 96 23 inserted

1280 1383 42 17 two
1335 1377 85 23 vessels
1439 1378 93 29 bearing
1552 1377 37 23 the
1611 1385 65 15 name
1688 1378 24 22 of
1729 1376 130 25 Mandarin.

1279 1411 50 23 The
1342 1418 42 16 one
1398 1411 18 22 is
1430 1411 90 22 entered
1529 1415 40 18 out
1577 1419 24 14 as
1613 1411 36 23 the
1662 1409 132 30 Mandarin,
1807 1411 53 22 with

1279 1444 100 23 convicts
1392 1444 35 23 for
1440 1444 89 23 Hobart
1543 1444 80 29 Town,
1636 1445 96 30 register
1746 1446 42 22 531
1802 1449 58 22 tons,

1279 1477 43 24 and
1335 1485 27 15 no
1375 1477 106 24 master's
1493 1485 64 15 name
1573 1478 81 23 stated.
1698 1477 36 24 To
1747 1477 38 23 sail
1798 1478 22 22 in
1830 1477 31 24 all

1280 1511 65 30 May.
1393 1510 51 24 The
1469 1510 62 23 other
1549 1512 20 21 is
1589 1511 114 30 evidently
1725 1511 36 23 the
1787 1511 73 23 vessel

1279 1543 72 24 which
1362 1543 44 24 has
1417 1543 57 24 been
1485 1543 52 24 here
1546 1544 83 23 before.
1666 1544 48 23 She
1722 1545 18 22 is
1748 1544 112 23 described

1279 1585 25 15 as
1315 1578 37 22 the
1364 1576 128 24 Mandarin
1502 1578 24 21 of
1535 1579 50 22 425
1599 1583 57 22 tons,
1665 1578 44 23 and
1719 1578 141 23 commanded

1278 1611 31 30 by
1320 1619 41 15 our
1373 1611 36 22 old
1422 1610 72 23 friend
1508 1610 98 32 Captain
1616 1611 68 24 Yule.
1721 1611 47 23 The
1777 1611 85 24 former

1279 1644 71 24 sailed
1373 1644 59 23 from
1453 1644 78 23 Cowes
1554 1644 38 24 the
1610 1645 62 23 22nd
1693 1645 26 23 of
1733 1645 64 28 June,
1817 1645 44 23 and

1279 1677 41 24 has
1333 1677 87 24 arrived
1432 1683 24 18 at
1477 1677 91 24 Hobart
1587 1678 79 24 Town.
1711 1678 34 24 Of
1766 1678 35 23 the
1821 1677 40 24 de-

1279 1717 90 24 parture
1382 1712 26 22 of
1424 1711 38 23 the
1475 1711 65 23 latter
1554 1719 31 15 we
1599 1712 55 23 have
1667 1720 29 14 no
1715 1719 66 16 news.
1818 1711 44 23 We

1279 1745 63 23 leave
1363 1746 38 22 the
1421 1745 103 23 remarks
1544 1745 91 30 already
1655 1745 66 24 made
1738 1750 22 19 to
1770 1753 90 24 appear,

1280 1778 96 24 because
1389 1786 32 15 we
1434 1778 66 23 think
1513 1778 55 31 they
1579 1779 45 23 still
1638 1778 53 24 hold
1703 1779 64 30 good.
1811 1778 51 24 The

1279 1811 127 24 Mandarin
1418 1811 73 23 which
1503 1811 41 24 has
1557 1812 87 23 arrived
1656 1818 23 17 at
1693 1812 87 23 Hobart
1791 1811 71 24 Town

1279 1845 71 30 ought
1362 1850 23 18 to
1399 1844 57 24 have
1469 1845 54 23 been
1537 1844 71 24 taken
1619 1845 126 31 advantage
1757 1846 26 28 of,
1797 1853 25 15 as
1834 1853 28 16 an

1281 1879 147 31 opportunity
1440 1879 29 29 by
1481 1879 79 28 which,
1575 1879 23 22 in
1617 1879 29 23 all
1663 1879 141 31 probability,
1825 1879 38 24 the

1281 1912 108 24 colonists
1402 1912 74 30 might
1487 1912 56 23 have
1555 1912 101 23 received
1669 1912 44 24 late
1726 1913 68 23 dates.

656 145 104 24 different
771 145 24 22 in
807 143 81 31 degree
900 151 26 16 as
939 142 49 23 that
1008 141 74 24 which
1102 141 20 23 is
1140 141 37 23 the
1188 148 51 16 case

657 179 22 23 in
689 178 60 24 'New
761 176 109 24 Zealaud.
906 175 80 24 Better
1004 175 68 31 proof
1087 174 30 24 of;
1128 174 42 23 the,
1183 175 56 23 mis-

657 210 60 25 chief
733 210 26 23 of
773 217 62 16 more
854 210 55 23 than
928 215 43 17 one
989 207 114 31 language
1121 207 69 31 being
1201 207 38 23 the

657 243 88 25 mother
757 248 84 25 tongue
860 242 26 24 of
901 249 13 16 a
934 242 141 29 community
1087 240 55 23 need
1163 244 39 19 not
1213 239 27 23 be

658 276 83 32 sought
752 276 56 24 than
824 275 49 24 that
893 274 75 23 which
985 275 21 22 is
1025 272 118 25 furnished
1162 273 29 30 by
1204 271 36 25 the

659 309 106 31 unhappy
777 309 113 23 condition
909 308 27 23 of
950 307 38 23 the
1009 306 80 31 people
1100 306 26 23 of
1141 305 99 29 Ireland,

660 342 43 25 and
714 342 38 24 the
764 342 89 24 discord
874 341 73 24 which
967 340 42 23 has
1020 347 26 15 so
1062 339 55 30 long
1128 338 112 32 prevailed

660 377 24 21 in
698 375 99 23 Canada.

695 408 24 23 It
730 409 20 22 is
762 407 106 24 essential
881 411 22 19 to
916 406 38 23 the
966 413 106 24 progress
1084 405 25 23 of
1124 404 45 24 this
1182 405 60 23 colo-

662 449 36 22 ny,
717 441 45 23 and
785 440 122 31 especially
928 440 36 22 for
983 438 37 24 the
1042 439 96 23 interest
1159 438 23 23 of
1205 438 37 23 the

663 475 83 23 Native
757 473 139 32 population,
909 473 52 23 that
978 471 174 31 amalgamation
1164 470 78 24 should

662 508 53 23 take
733 507 73 32 place.
849 506 59 24 This
929 509 83 20 cannot
1032 513 68 15 occur
1120 512 60 24 upon
1200 512 44 23 any

663 546 68 18 terms
743 541 26 22 of
783 539 100 32 equality
895 547 26 15 or
931 538 130 24 usefulness
1074 544 22 17 to
1109 538 38 22 the
1162 537 82 24 Native

663 574 139 31 population,
814 573 58 23 until
884 572 54 30 they
950 571 71 31 speak
1034 571 38 23 the
1085 570 98 31 English
1195 570 49 24 lan-

663 614 82 24 guage.
781 606 51 23 The
844 605 84 24 Native
950 605 64 23 when
1034 604 51 24 first
1106 603 140 32 approached

664 641 29 30 by
705 640 38 23 the
755 639 131 30 European,
899 646 45 15 was
957 638 118 31 possessed
1089 638 25 23 of
1122 638 42 23 few
1176 637 68 29 ideas,

664 673 44 24 and
719 673 29 23 he
761 673 24 23 of
795 680 79 16 course
885 671 46 24 had
943 671 52 31 only
1009 671 113 23 sufficient
1134 670 110 31 language

664 707 24 23 in
701 706 73 23 which
787 711 22 18 to
821 713 93 23 express
926 704 70 24 them.
1021 703 116 31 Suddenly
1151 711 13 16 a
1175 704 71 23 desire

665 747 64 16 arose
741 744 22 18 to
775 744 107 26 augment
894 739 35 23 his
941 737 134 32 knowledge
1087 741 23 19 at
1121 744 14 16 a
1146 741 46 19 rate
1204 745 42 15 un-

666 774 82 22 known
761 777 22 18 to
796 779 45 23 any
851 779 52 16 race
914 771 76 23 before
1000 779 6 20 ;
1020 771 44 22 and
1077 778 25 15 as
1114 770 39 23 the
1166 770 82 23 Native

666 806 43 23 had
729 813 29 15 no
779 805 97 23 suitable
896 809 71 18 terms
985 804 24 22 in
1028 803 73 23 which
1122 808 23 18 to
1157 811 91 24 express

666 839 64 23 these
738 845 120 17 numerous
868 845 47 16 new
924 837 70 28 ideas,
1005 837 18 23 it
1030 837 92 23 became
1130 844 118 24 necessary

667 872 34 23 for
713 871 38 23 the
762 871 155 23 missionaries
929 875 24 19 to
965 870 58 23 form
1036 874 69 19 terms
1118 877 25 15 as
1156 870 91 24 needed.

667 905 50 24 The
726 905 96 24 Natives
831 903 162 32 consequently
1000 911 38 15 are
1048 908 38 18 not
1095 903 69 31 being
1171 903 78 30 taught

667 938 38 24 the
725 938 112 31 language
849 937 73 23 which
940 936 74 24 would
1030 936 58 23 have
1107 944 76 23 grown
1196 937 53 23 wUh

667 971 38 24 the
717 972 125 30 expansion
854 971 26 23 of
894 970 60 23 their
966 969 82 29 minds,
1066 969 44 23 had
1129 977 47 15 new
1188 970 61 23 ideas

667 1004 96 24 reached
783 1004 62 24 them
867 1004 29 30 by
907 1004 39 23 the
967 1003 53 23 slow
1041 1003 80 31 degree
1142 1004 23 22 in
1177 1003 72 23 which

667 1038 53 30 they
732 1045 58 16 were
807 1037 98 24 attained
924 1037 30 30 by
966 1036 38 23 the
1020 1037 158 22 communities
1193 1037 56 22 from

668 1071 91 24 whence
772 1071 58 23 their
848 1072 134 22 instructors
995 1077 72 16 came.
1104 1070 24 22 It
1140 1070 72 22 would
1224 1070 26 22 be

667 1104 81 24 almost
767 1112 25 15 as
805 1112 52 23 easy
870 1103 111 24 therefore
994 1108 22 18 to
1029 1103 64 23 teach
1105 1103 61 23 them
1185 1103 64 31 Eng-

667 1137 43 23 lish
724 1146 24 14 as
761 1137 38 23 the
817 1137 112 32 language
941 1137 74 23 which
1033 1137 20 23 is
1065 1137 23 22 in
1100 1144 14 15 a
1125 1144 90 23 process
1229 1137 21 23 of

666 1171 120 24 formation
798 1171 35 23 for
849 1172 60 22 their
921 1177 48 21 use,
982 1169 44 24 and
1044 1177 25 16 as
1082 1169 36 24 the
1131 1174 36 19 act
1178 1170 72 23 would

666 1204 48 24 also
736 1205 26 23 be
775 1212 13 15 a
807 1209 59 19 most
884 1205 124 30 important
1025 1204 148 31 experiment,
1185 1211 25 15 as
1228 1208 22 18 to

667 1237 99 24 whether
776 1237 144 32 populations
940 1237 71 23 under
1021 1237 57 22 such
1091 1235 103 25 different
1205 1237 45 23 cir-

666 1277 143 17 cumstances
821 1278 40 16 can
874 1270 27 24 be
915 1270 87 24 formed
1021 1271 47 22 into
1082 1278 13 14 a
1104 1271 145 30 community,

666 1305 17 22 it
695 1305 19 22 is
727 1310 58 18 most
797 1304 111 24 desirable
919 1303 49 24 that
975 1303 37 23 the
1021 1303 100 30 English
1131 1303 118 31 language,

665 1338 43 23 and
722 1338 49 23 that
782 1338 65 23 aloue
858 1337 82 23 should
952 1337 28 23 be
992 1336 81 32 taught
1083 1341 22 19 to
1117 1336 39 24 the
1169 1338 81 22 Native

666 1371 109 22 children.

699 1404 43 23 We
754 1405 57 23 have
823 1404 56 24 been
898 1404 112 23 informed
1029 1403 48 23 that
1093 1407 38 19 not
1148 1402 52 32 only
1213 1403 37 23 the

665 1438 114 31 propriety
789 1438 26 23 of
824 1437 105 31 teaching
941 1437 39 23 the
990 1437 96 23 Natives
1097 1436 98 30 English
1208 1437 42 23 has

667 1472 56 22 been
741 1471 131 23 discovered
891 1470 29 31 by
932 1470 86 23 several
1032 1471 25 22 of
1073 1469 37 23 the
1122 1470 128 30 gentlemen

665 1504 122 23 connected
807 1504 54 23 with
881 1503 38 24 the
938 1503 122 31 Wesleyan
1083 1503 105 28 Mission,
1201 1503 48 28 but,

665 1538 85 31 having
761 1537 95 31 adopted
869 1536 45 24 this
926 1537 55 23 view
995 1537 53 30 they
1058 1536 56 23 have
1127 1536 88 31 applied
1228 1543 22 17 to

665 1571 37 23 the
714 1571 69 24 heads
795 1571 25 23 of
830 1571 37 23 the
879 1571 92 29 Society
983 1574 24 19 at
1025 1571 66 22 home
1102 1569 34 24 for
1155 1570 94 30 permis-

665 1605 48 23 sion
726 1610 23 18 to
761 1609 36 19 act
809 1612 60 24 upon
881 1605 26 27 it,
920 1603 44 23 and
976 1603 80 23 should
1069 1604 59 23 their
1140 1604 71 22 desire
1223 1604 27 22 be

665 1638 130 23 sanctioned
807 1645 14 16 a
832 1637 42 24 few
886 1637 92 24 months
996 1645 52 22 may
1060 1638 90 22 witness
1163 1645 13 14 a
1187 1637 62 31 large

665 1671 95 23 number
772 1672 24 22 of
812 1671 37 23 the
861 1672 75 22 native
955 1670 82 31 youths
1049 1670 68 31 being
1130 1670 85 23 trained
1228 1677 22 16 to

665 1710 35 18 act
718 1713 25 14 as
764 1705 134 23 instructors
916 1704 36 23 for
971 1704 44 22 this
1035 1711 98 23 purpose
1151 1709 21 18 to
1191 1703 60 24 their

665 1738 125 23 fellowmen
809 1738 139 31 throughout
966 1737 37 23 the
1016 1737 96 31 Colony.
1149 1736 41 24 We
1208 1745 40 15 are

665 1771 148 31 exceedingly
831 1770 91 32 pleased
944 1771 48 22 that
1011 1771 46 22 this
1070 1775 49 26 step
1132 1770 41 23 has
1194 1771 55 22 been

665 1804 78 29 taken,
755 1805 45 23 and
811 1812 31 16 we
851 1812 39 16 are
901 1804 56 30 fully
968 1803 130 29 convinced,
1107 1804 20 22 if
1136 1804 37 22 the
1182 1804 69 22 heads

665 1839 24 22 of
707 1838 37 23 the
757 1838 92 30 Society
861 1839 23 22 in
904 1837 109 31 England
1031 1838 53 30 give
1102 1837 37 23 the
1163 1837 88 31 subject

666 1871 58 24 their
736 1871 59 24 least
804 1871 172 28 consideration,
990 1871 54 30 they
1053 1870 43 24 will
1110 1871 102 23 sanction
1223 1879 27 15 an

665 1906 141 30 experiment
819 1904 71 24 which
911 1903 81 24 should
1012 1905 18 22 it
1042 1910 39 17 not
1098 1904 28 23 be
1145 1904 105 23 attended

665 1938 54 24 with
743 1939 38 23 the
804 1946 99 20 success,
925 1938 39 22 the
986 1941 60 19 most
1068 1938 110 29 sanguine
1201 1937 50 22 well

666 1972 93 23 wishers
776 1971 25 23 of
811 1971 37 22 the
869 1971 84 22 Native
971 1969 133 31 population
1124 1969 127 31 anticipate,

666 2009 82 19 cannot
767 2004 70 24 under
848 2012 45 22 any
905 2004 164 22 circumstance
1082 2002 28 23 be
1122 2002 129 31 productive

666 2038 25 22 of
702 2037 52 23 evil.

1509 1974 128 23 FLAX.

285 1869 115 22 Imports.

79 1902 29 21 Ik
115 1908 45 15 the
325 1908 63 14 from
395 1901 104 21 Sydney.
530 1901 85 20 Samuel
620 1901 18 24 Sc

52 1930 84 26 Joseph,
146 1930 86 26 Agents,
261 1930 26 20 14
302 1929 62 21 casks
374 1929 78 23 butter,
468 1929 24 20 15
503 1929 80 20 barrels
597 1929 39 23 ale,

50 1959 14 19 S
75 1955 35 23 do.
121 1960 78 23 porter,
211 1958 12 19 5
238 1964 58 13 cases
306 1957 70 25 cyder,
391 1957 13 19 2
415 1956 102 27 packages
526 1956 83 24 raisins,
625 1958 12 18 2

50 1984 79 20 barrels
145 1985 81 22 cheese,
243 1984 26 20 62
287 1984 60 20 casks
362 1983 54 24 beef,
435 1984 26 20 80
478 1983 89 20 bundles
581 1984 56 26 hoop

51 2012 55 23 iron,
121 2012 25 20 80
157 2014 71 23 empty
243 2011 30 20 oil
282 2011 68 24 casks,
364 2011 24 20 13
403 2011 61 20 hhds.
475 2011 89 25 brandy,
575 2011 13 20 4
602 2011 35 20 do.

51 2045 55 16 mm,
118 2039 11 20 1
141 2041 57 18 crate
208 2039 84 23 bottles,
311 2039 26 19 60
348 2041 78 17 trusses
436 2039 48 24 hay.
515 2037 122 27 Passengers

51 2066 115 21 Messrs.
175 2066 87 26 Joseph,
273 2066 25 20 L.
309 2066 65 26 Levy,
383 2065 28 21 G.
421 2065 64 26 Levy,
493 2065 34 21 W.
539 2065 98 25 Roberts,

52 2094 42 19 and
104 2094 26 19 R.
141 2094 123 25 Crampton.

81 2122 28 19 In
122 2127 45 14 the
216 2120 66 21 Lady
294 2120 69 21 Lfigi
418 2126 63 15 from
492 2120 98 21 Sydney
605 2121 34 20 via

51 2148 102 21 Nelson.
186 2148 68 21 Waitt
274 2148 18 25 8f
317 2148 73 26 Tyser,
409 2149 114 24 Agents.
523 2148 44 20 lBo
589 2148 50 26 bags

52 2179 54 21 oats,
116 2178 13 19 4
139 2176 60 20 casks
209 2176 60 24 wine,
281 2176 13 19 6
305 2182 58 15 cases
374 2176 42 24 do.,
428 2176 26 20 48
472 2176 71 19 drums
554 2176 46 27 figs,
612 2176 27 24 2J

52 2207 49 17 tons
114 2204 55 24 iron,
179 2205 13 19 4
208 2207 46 16 cwt.
266 2204 58 22 steel,
343 2204 10 19 1
365 2203 68 20 barrel
447 2204 60 22 nails,
521 2204 24 19 12
560 2207 79 16 trusses

52 2232 48 26 hay,
111 2232 13 20 3
135 2231 88 20 bundles
240 2232 52 22 files,
305 2232 40 20 150
360 2231 51 25 bags
419 2231 62 23 flour,
496 2232 14 19 2
520 2232 63 19 hhds.
597 2231 41 21 Ge-

52 2265 60 17 neva,
129 2259 24 20 10
168 2259 51 25 kegs
236 2259 95 23 tobacco,
346 2259 13 20 4
371 2258 62 21 hhds.
449 2258 85 26 brandy,
547 2259 12 19 6
576 2259 63 20 hhds.

52 2289 79 24 porter,
143 2287 24 20 18
177 2287 44 20 tins
230 2287 80 22 cheese,
324 2287 10 19 1
346 2286 46 20 bale
402 2286 103 23 blankets,
521 2287 39 19 200
572 2287 67 21 hams,

54 2315 26 21 19
91 2314 46 22 do*,
148 2320 96 20 oranges,
260 2315 11 19 1
284 2313 64 21 trunk
362 2313 91 27 wearing
463 2313 92 27 apparel,
567 2314 10 20 1
593 2320 47 14 case

54 2341 60 21 vine.

204 2397 123 23 Inwards,
345 2397 147 21 Coastwise.

82 2430 29 21 In
120 2435 46 15 the
301 2435 63 17 from
376 2429 96 21 Nelson
481 2435 50 15 and
544 2428 97 23 Kaptpi.

82 2458 95 20 Bethune
186 2456 42 21 and
238 2458 93 22 Hunter,
349 2458 112 24 Ayents.
465 2457 26 20 24
501 2456 63 21 casks
581 2457 61 20 black

56 2485 36 24 oil,
111 2486 11 19 1
139 2485 36 20 do.
192 2491 76 19 sperm,
286 2485 13 20 4
315 2484 35 21 do.
368 2484 126 26 humpback,
511 2485 25 20 15
555 2485 87 21 bundles

56 2512 127 26 whalebone,
190 2513 14 20 5
215 2515 48 17 tons
269 2512 61 20 black
340 2512 36 23 oil,
383 2512 28 21 40
419 2512 87 20 bundles
514 2512 127 24 whalebone,

57 2540 26 22 67
94 2544 49 16 tuns
152 2540 37 24 oil,
202 2540 25 20 71
238 2540 87 20 bundles
339 2540 129 23 whalebone,
478 2540 13 20 4
501 2540 62 20 casks
578 2540 64 27 slops.

84 2567 29 21 In
131 2573 46 15 the
220 2567 82 21 Royal
469 2572 63 16 from
546 2567 96 21 Kapiti.

59 2595 23 21 T.
95 2595 32 20 M.
137 2595 122 25 Partridge,
270 2595 103 25 Agent.
373 2595 31 20 l
402 2595 33 20 2
414 2598 49 16 tons
471 2595 50 20 flax.

85 2622 29 21 IN
120 2628 47 16 THE
324 2628 63 15 FROM
398 2628 47 14 THE
456 2622 63 20 EAST
529 2622 86 21 COAST.

58 2665 6 6 ..
97 2650 68 20 Waitt
174 2650 43 20 and
227 2651 71 25 Tyser,
317 2650 86 26 Agents.
434 2650 13 20 8
457 2654 47 16 cwt.
515 2650 128 24 whalebone,

38 2691 6 3 -
59 2678 25 22 13
94 2678 54 27 pigs.

197 2738 141 17 OUTWARnS,
363 2738 143 14 COASTWISE.

87 2767 30 21 In
133 2773 46 14 the
369 2773 46 14 for
433 2767 103 20 Nelson.
567 2767 78 26 Eagar,

61 2796 76 25 Agent.
167 2795 26 20 10
203 2794 79 21 barrels
293 2795 25 19 20
329 2794 47 21 half
387 2794 78 20 barrels
474 2795 62 25 pork,
548 2795 26 21 20
590 2801 57 13 cases

59 2823 61 23 wine,
131 2823 26 20 50
167 2823 67 23 hams,
246 2823 12 19 2
269 2821 89 21 bundles
372 2822 75 24 bacon,
458 2822 40 21 240
508 2822 51 26 bags
576 2828 70 20 sugar,

60 2851 25 20 11
103 2849 78 22 barrels
198 2856 54 18 rum,
270 2850 9 20 1
299 2850 113 26 puncheon
428 2849 100 27 whiskey,
542 2850 25 20 13
585 2850 61 20 hhds.

58 2877 88 28 brandy,
165 2879 25 19 12
208 2878 75 20 tierces
299 2877 55 24 beef,
374 2878 9 20 1
402 2877 77 27 pocket
495 2877 61 28 hops,
575 2879 10 18 1
601 2884 47 14 case

60 2908 65 24 yeast.

701 2089 196 31 Correspondents
909 2089 24 22 in
943 2087 108 30 England
1061 2086 69 24 make
1138 2095 29 15 no
1178 2087 76 23 efforts

667 2127 22 19 to
703 2123 164 24 communicate
879 2121 118 30 indirectly
1012 2120 53 23 with
1078 2120 55 25 New
1147 2120 106 28 Zealand,

667 2156 54 31 they
733 2157 52 23 wait
796 2156 34 23 for
844 2164 12 15 a
868 2155 52 31 ship
928 2154 137 32 proceeding
1075 2154 78 23 direct.
1189 2153 66 32 They

667 2197 60 16 seem
741 2195 23 18 to
785 2190 28 23 be
831 2188 72 25 under
923 2188 38 24 the
973 2188 49 23 idea
1043 2188 48 23 that
1110 2188 145 23 information

667 2223 69 23 about
747 2223 101 24 markets
860 2223 19 23 is
888 2223 24 23 of
921 2230 28 15 no
963 2226 99 20 moment
1070 2227 22 17 to
1105 2221 38 23 the
1157 2221 97 28 Settler;

667 2256 80 31 hardly
761 2265 13 15 a
792 2256 66 24 letter
870 2263 29 16 on
919 2255 38 24 the
977 2254 108 32 probable
1096 2254 66 26 effect
1174 2254 23 23 of
1216 2254 39 23 the

668 2291 119 23 alteration
799 2290 26 22 of
835 2289 37 24 the
886 2289 64 23 tariff
965 2296 27 16 on
1006 2288 38 24 the
1056 2288 61 31 price
1129 2287 26 23 of
1169 2287 30 24 oil
1211 2287 45 24 and

668 2323 131 24 whalebone
811 2323 40 24 has
865 2323 56 23 been
930 2322 111 28 received,
1053 2320 85 32 though
1151 2326 38 18 not
1201 2321 54 31 only

668 2356 67 25 could
748 2364 32 16 we
792 2356 56 24 have
861 2356 43 24 had
917 2355 144 24 information
1077 2355 24 23 of
1110 2354 38 24 the
1159 2354 56 24 kind
1227 2354 31 31 by

669 2390 46 24 this
727 2391 61 27 time,
810 2391 39 22 but
860 2397 32 16 we
905 2388 74 32 might
995 2388 58 23 have
1070 2388 58 23 been
1146 2388 112 23 informed

670 2424 24 23 of
705 2423 38 23 the
755 2423 66 24 effect
833 2423 25 23 of
876 2422 38 24 the
927 2423 116 30 operation
1057 2421 25 23 of
1100 2421 38 23 the
1151 2421 66 30 tariff,
1232 2429 27 15 as

670 2457 38 24 the
729 2456 64 25 dates
813 2456 57 24 from
892 2456 93 31 Europe
1007 2463 38 15 are
1063 2454 137 32 sufficiently
1213 2454 47 24 late

670 2498 56 16 even
745 2491 36 23 for
801 2490 48 24 that
870 2497 107 24 purpose.
1014 2488 100 31 Though
1134 2488 38 24 the
1189 2488 71 24 Com-

670 2525 80 30 pany's
763 2528 77 27 report
850 2528 62 19 must
924 2522 57 24 have
994 2522 57 23 besn
1063 2521 66 24 made
1136 2522 75 30 public
1224 2529 29 16 on

671 2558 37 23 the
721 2557 59 25 20th
794 2557 63 31 May,
872 2562 22 18 to
906 2556 46 24 this
973 2555 57 24 hour
1043 2557 38 21 the
1094 2554 114 25 Colonists
1222 2563 39 16 are

671 2592 106 30 ignorant
788 2590 26 24 of
823 2591 28 23 its
865 2595 111 19 contents.
1014 2589 83 31 Copies
1110 2588 80 24 should
1203 2588 58 24 have

672 2625 56 24 been
747 2628 50 20 sent
809 2625 37 23 via
864 2623 101 32 Sydney,
978 2622 45 24 and
1041 2630 24 16 as
1078 2623 17 22 it
1113 2620 50 25 was'
1177 2621 84 25 known

672 2659 37 23 the
721 2657 128 24 Mandarin
861 2656 74 25 would
947 2656 42 24 call
1002 2661 23 18 at
1045 2656 91 23 Hobart
1148 2655 70 24 Town
1231 2663 29 16 on

672 2691 41 24 her
726 2699 48 23 way
787 2696 23 18 to
820 2690 130 29 Auckland,
965 2698 13 15 a
989 2689 55 24 mail
1056 2694 23 18 to
1092 2689 25 23 be
1131 2693 49 19 sent
1190 2689 72 23 direct

674 2725 58 23 from
743 2725 50 23 that
803 2729 51 26 port
867 2729 23 18 to
903 2724 54 28 this,
970 2723 72 31 ought
1053 2728 24 17 to
1089 2722 56 23 have
1154 2722 55 24 been
1220 2728 43 26 put

675 2766 28 16 on
716 2758 69 24 board
797 2757 26 24 of
831 2757 49 24 her.
915 2758 37 22 As
965 2758 16 22 it
992 2757 21 22 is
1021 2764 34 15 we
1065 2764 52 23 may
1126 2761 39 18 not
1177 2757 86 23 receive

674 2792 41 23 her
728 2791 53 24 mail
794 2792 22 22 in
828 2795 44 19 two
882 2790 91 24 months
985 2790 56 23 from
1051 2789 44 24 this
1102 2788 85 32 period.
1218 2790 45 23 We

675 2830 95 27 suggest
781 2830 23 18 to
817 2824 36 24 the
865 2823 59 24 New
934 2823 106 24 Zealand
1049 2822 100 24 Journal
1159 2823 36 23 the
1208 2831 54 24 pro-

676 2860 73 29 priety
767 2858 26 23 of
813 2858 83 30 calling
917 2857 39 24 the
975 2857 110 23 attention
1105 2856 26 23 of
1148 2856 37 24 the
1205 2856 58 25 New

677 2892 100 24 Zealand
789 2891 76 31 public
878 2896 22 18 to
913 2891 46 23 this
970 2889 98 32 subject.

59 2969 86 23 New
174 2969 202 23 Zealand
405 2969 202 23 Gazette

99 3028 64 22 AND
178 3028 215 21 WELLINGTON
414 3028 190 20 SPECTATOR.

149 3083 133 22 Saturday.
298 3080 131 23 November
445 3081 31 24 11,
494 3081 59 21 1843.

1317 2032 50 24 The
1380 2032 104 23 machine
1496 2032 100 30 recently
1607 2032 105 23 invented
1726 2032 28 31 by
1766 2033 97 23 Messrs.

1284 2065 59 25 Reid
1356 2065 44 23 and
1414 2065 93 31 Harvey
1519 2066 19 22 is
1551 2073 51 14 now
1614 2066 118 30 complete,
1741 2066 40 23 and
1794 2066 26 23 fit
1831 2066 35 23 for

1285 2100 121 30 preparing
1422 2098 38 24 the
1479 2098 133 23 Phormium
1630 2102 75 20 tenax.
1750 2099 48 23 We'
1808 2099 58 23 have

1284 2133 57 23 been
1364 2133 108 22 favoured
1492 2132 54 23 with
1571 2140 29 15 an
1623 2133 127 30 inspection
1771 2133 25 22 of
1828 2133 38 23 the

1285 2166 103 24 machine
1409 2166 77 24 whilst
1505 2165 112 31 working,
1639 2166 44 23 and
1707 2174 37 15 are
1766 2167 100 23 satisfied

1285 2200 49 23 that
1346 2201 17 23 it
1375 2200 19 22 is
1408 2199 125 30 admirably
1547 2199 95 31 adapted
1662 2204 22 18 to
1704 2200 38 23 the
1761 2207 106 23 purposes

1286 2234 33 22 for
1334 2233 73 23 which
1419 2234 18 22 it
1456 2233 21 23 is
1496 2234 115 22 invented.
1655 2232 52 25 The
1724 2238 72 18 recent
1814 2233 53 28 leaf,

1286 2267 57 23 after
1357 2275 12 15 a
1381 2267 137 23 maceration
1538 2266 31 30 by
1588 2265 93 31 boiling,
1705 2267 19 22 is
1743 2266 28 23 let
1791 2267 46 22 into
1855 2275 14 14 a

1287 2300 110 24 reservoir
1410 2300 23 22 in
1446 2308 14 15 a
1469 2300 87 23 twisted
1569 2299 65 29 form,
1653 2300 47 22 into
1713 2299 68 23 which
1794 2307 74 17 reser-

1288 2334 47 23 voir
1347 2342 12 15 a
1369 2334 118 23 succesion
1500 2333 24 24 of
1540 2337 111 27 stampers
1669 2333 91 24 worked
1775 2341 59 23 upon
1855 2341 14 15 a

1288 2367 85 32 cogged
1391 2366 102 31 cylinder
1510 2374 93 16 remove
1622 2367 38 23 the
1686 2366 72 24 whole
1782 2367 26 23 of
1830 2366 39 24 the

1288 2401 80 23 cuticle
1382 2401 25 22 of
1423 2400 38 23 the
1473 2400 51 28 leaf,
1535 2399 45 24 and
1594 2400 62 23 when
1670 2399 37 24 the
1720 2400 52 23 fibre
1790 2408 79 24 passes

1288 2440 39 18 out
1347 2439 23 18 at
1389 2434 39 23 the
1446 2433 64 24 other
1531 2433 45 23 end
1596 2433 24 23 of
1636 2432 36 24 the
1694 2434 107 22 reservoir
1820 2434 18 22 it
1850 2435 19 21 is

1288 2467 129 31 uninjured,
1431 2467 45 23 and
1488 2467 62 23 freed
1561 2467 59 23 from
1637 2467 39 22 the
1693 2468 45 22 soft
1757 2467 113 31 vegetable

1289 2507 81 18 matter
1382 2500 73 24 which
1478 2500 120 31 originally
1616 2500 140 24 surrounded
1773 2501 26 23 it.
1847 2500 25 24 It

1289 2534 53 32 only
1362 2534 55 23 then
1436 2534 102 31 requires
1557 2533 103 31 washing
1679 2533 45 24 and
1742 2534 85 31 drying,
1848 2539 23 18 to

1289 2568 80 24 render
1382 2568 17 23 it
1409 2568 26 23 fit
1447 2568 35 22 for
1493 2575 49 16 use.

1322 2601 51 24 The
1385 2601 104 24 machine
1502 2602 19 22 is
1534 2605 24 19 at
1569 2606 92 26 present
1673 2600 90 24 worked
1781 2601 29 31 by
1828 2607 43 17 two

1289 2644 52 15 men
1353 2635 55 23 with
1420 2639 47 19 two
1479 2635 64 30 boys,
1557 2642 43 16 one
1612 2639 22 19 to
1644 2634 51 24 feed
1709 2635 24 27 it,
1746 2635 41 23 and
1794 2642 42 16 one
1850 2641 22 16 to

1291 2677 88 16 remove
1392 2668 38 24 the
1441 2668 55 24 flax.
1533 2668 52 23 The
1593 2668 129 31 expedition
1737 2668 49 23 with
1799 2668 72 23 which

1290 2703 38 23 the
1350 2702 48 24 leaf
1423 2702 20 23 is
1477 2702 92 23 cleaned
1601 2702 19 22 is
1648 2702 62 31 quite
1738 2702 133 30 surprising.

1291 2736 98 24 Messrs.
1403 2735 62 24 Reid
1478 2735 42 24 and
1533 2735 96 31 Harvey
1646 2736 104 22 estimate
1767 2735 48 23 that
1836 2735 38 23 the

1292 2770 102 23 machine
1413 2769 47 23 will
1477 2769 62 23 clean
1560 2768 63 24 three
1642 2774 51 18 tons
1706 2769 25 22 of
1745 2776 42 16 raw
1799 2768 47 26 leaf
1860 2776 13 15 a

1292 2803 70 28 week,
1376 2802 39 24 the
1427 2802 98 32 produce
1535 2802 26 23 of
1577 2802 73 23 which
1662 2802 22 23 in
1704 2801 45 24 flax
1769 2801 44 24 will
1835 2808 39 17 not

1292 2837 27 23 be
1330 2837 46 23 less
1389 2835 53 25 than
1456 2844 41 15 one
1510 2841 47 19 ton.
1606 2835 50 24 The
1675 2844 55 23 rope
1741 2835 62 25 made
1815 2835 58 24 from

1291 2870 47 24 flax
1349 2870 111 32 prepared
1472 2870 22 23 in
1512 2870 46 23 this
1579 2876 94 17 manner
1689 2869 42 23 has
1748 2869 52 24 been
1820 2876 54 23 pro-

1293 2903 110 29 nounced,
1423 2903 32 31 by
1467 2912 14 14 a
1497 2907 130 28 competent
1644 2902 79 31 judge,
1736 2902 98 31 superior
1851 2907 23 17 to

1293 2944 42 24 any
1347 2936 74 24 which
1432 2937 29 23 he
1473 2936 40 24 has
1525 2943 55 16 seen
1592 2936 65 23 made
1677 2936 58 23 from
1756 2936 34 22 the
1810 2943 64 15 same

1293 2970 110 25 material.
1445 2969 55 25 And
1512 2977 25 16 as
1550 2977 14 16 a
1575 2969 66 31 proof
1656 2969 26 23 of
1698 2969 37 23 the
1747 2968 127 31 expedition

1293 3003 53 24 with
1367 3003 74 24 which
1458 3004 19 23 it
1495 3010 42 17 can
1556 3003 29 22 be
1606 3001 88 32 applied
1714 3001 35 24 for
1761 3009 36 16 use
1810 3001 64 23 when

1294 3037 98 29 dressed,
1403 3045 33 16 we
1449 3036 57 25 need
1517 3036 56 31 only
1591 3036 109 27 mention,
1723 3036 45 22 that
1788 3042 29 16 on
1837 3035 38 23 the

1294 3071 117 24 afternoon
1430 3070 25 24 of
1482 3069 122 31 Thursday
1625 3068 72 28 week;
1716 3076 58 16 some
1790 3068 26 23 of
1837 3068 38 23 the

1294 3104 46 24 leaf
1360 3111 47 16 was
1415 3119 3 4 -
1430 3109 39 18 cut
1489 3110 28 16 on
1540 3102 36 24 Te
1600 3102 56 28 Aro,
1679 3102 125 24 macerated
1830 3102 45 23 and

1295 3137 90 24 dressed
1397 3145 29 16 on
1439 3136 93 31 Friday,
1554 3135 45 24 and
1616 3135 120 24 converted
1756 3136 44 23 into
1821 3143 54 23 rope

1295 3179 27 16 on
1332 3171 38 23 the
1382 3170 107 31 Tuesday
1501 3169 124 32 following.

1326 3204 45 24 We
1383 3204 82 32 regard
1477 3203 44 24 this
1535 3203 118 23 invention
1672 3210 26 16 as
1715 3206 57 20 most
1790 3203 86 31 impor-

1296 3243 47 19 tant
1355 3243 22 18 to
1389 3237 39 24 the
1440 3237 88 31 colony,
1541 3236 46 24 and
1599 3244 37 16 are
1648 3236 111 31 sanguine
1769 3236 46 22 that
1828 3235 48 24 flax

1295 3271 92 24 dressed
1398 3272 24 23 in
1435 3270 46 25 this
1493 3279 48 23 way
1554 3270 46 23 will
1614 3270 27 23 be
1653 3269 141 31 appreciated
1805 3269 23 23 in
1839 3269 38 23 the

1296 3305 96 24 London
1420 3303 97 25 market.
1578 3302 44 24 We
1651 3302 135 23 understand
1815 3310 62 16 some

1296 3338 97 30 samples
1404 3337 45 24 will
1462 3337 88 30 shortly
1561 3336 33 23 be.
1602 3340 50 19 sent
1661 3340 23 19 to
1696 3335 112 31 England.

1532 3399 116 22 FLAX.

710 2950 52 24 The
774 2949 87 24 Nelson
878 2948 128 25 Examiner
1024 2949 41 23 has
1077 2956 27 16 an
1126 2949 77 24 article
1222 2957 41 16 en-

678 2983 66 24 titled
788 2983 37 23 the
843 2983 46 23 late
910 2982 79 24 Police
1009 2982 138 31 Magistrate
1166 2982 43 24 and
1228 2982 37 24 his

829 3016 24 24 in
868 3015 73 24 which
962 3016 47 24 Mr.
1030 3015 61 24 John
1113 3015 30 24 N.
1166 3015 61 29 Beit,
1241 3016 25 23 of

679 3050 87 24 Nelson
780 3058 19 15 is
810 3049 85 32 proved
907 3055 22 18 to
940 3050 55 22 have
1008 3048 107 25 traduced
1125 3048 37 24 the
1173 3049 92 24 charac-

679 3089 47 18 ters
738 3084 25 23 of
777 3083 39 24 his
831 3083 75 24 fellow
928 3083 116 24 Colonists
1061 3083 24 22 in
1107 3083 39 22 the
1165 3088 102 25 grossest

677 3124 104 17 manner.
797 3127 4 4 -
818 3117 48 24 Mr.
887 3116 54 24 Beit
951 3116 140 31 persevered'
1104 3117 24 22 in
1140 3116 99 31 desiring
1253 3124 14 16 a

678 3150 67 23 letter
757 3155 23 18 to
797 3150 28 23 be
837 3149 121 31 published
979 3149 57 24 after
1055 3149 38 23 the
1104 3144 127 29 falsehoods
1243 3149 25 24 of

679 3183 37 25 the
729 3183 95 33 charges
842 3183 29 25 he
892 3183 46 23 had
954 3182 65 24 made
1038 3182 95 28 therein,
1154 3182 41 24 had
1208 3183 58 23 been

679 3216 83 32 proved
775 3222 22 18 to
811 3216 54 23 him.
901 3215 150 31 Fortunately
1059 3215 37 24 the
1108 3215 67 24 letter
1185 3223 47 16 was
1242 3222 25 18 at

679 3258 55 16 once
752 3249 179 25 communicated
948 3254 23 18 to
984 3249 65 23 those
1065 3256 61 24 upon
1138 3249 71 24 whom
1228 3250 40 23 the

679 3284 55 31 duty
747 3284 24 23 of
785 3283 131 31 furnishing
935 3291 13 14 a
966 3283 62 31 reply
1042 3282 115 29 devolved,
1170 3283 43 23 aud
1234 3291 33 16 we

679 3318 56 22 wish
748 3317 47 24 Mr.
811 3317 52 23 Beit
871 3316 41 33 joy
925 3316 26 24 of
962 3316 37 24 the
1012 3316 63 31 reply
1087 3315 72 24 which
1172 3324 96 23 appears

678 3352 24 22 in
717 3350 38 24 the
767 3358 62 17 same
841 3357 77 24 paper,
931 3349 80 31 signed
1023 3349 31 31 by
1068 3349 96 24 Messrs.
1178 3349 89 29 Dillon,

680 3383 145 29 Macdonald,
843 3383 33 24 D.
898 3383 94 28 Munro,
1007 3382 91 31 George
1117 3382 91 31 Duppa,
1221 3383 47 23 and

679 3417 30 22 E.
722 3417 39 22 W.
776 3416 108 23 Stafford.

714 3450 29 24 In
755 3450 94 31 reading
861 3450 39 24 the
915 3448 202 32 correspondence,
1133 3448 47 25 Mr.
1192 3448 75 25 Beit's

679 3483 75 32 object
771 3484 21 23 is
811 3476 61 38 plain
907 3482 29 25 he
954 3482 68 25 seeks
1041 3481 130 31 something
1188 3487 23 19 at
1229 3482 39 24 the

678 3517 74 24 hands
765 3517 25 23 of
806 3517 189 23 Government
997 3516 29 24 he
1045 3516 20 23 is
1083 3523 13 15 a
1108 3515 67 31 toady
1186 3516 26 24 of
1230 3516 39 24 the

681 3556 68 18 worst
760 3550 146 32 description,
919 3549 45 24 and
975 3557 33 16 we
1019 3556 99 24 suppose
1131 3549 44 22 will
1192 3549 76 24 there-

681 3584 47 24 fore
740 3584 28 24 be
781 3583 89 24 intitled
879 3588 22 18 to
910 3583 38 23 the
957 3582 125 25 Auckland
1093 3586 101 27 support.
1224 3582 44 24 We

682 3617 154 27 recommend.
842 3616 39 24 the
896 3615 128 26 Examiner,
1042 3620 23 19 to
1078 3615 72 24 watch
1166 3615 37 24 the
1214 3624 55 23 pro-

682 3649 105 31 ceedings
794 3649 25 23 of
824 3648 44 24 this
876 3649 133 29 individual,
1018 3657 26 15 as
1054 3656 33 16 we
1095 3656 37 16 are
1138 3649 131 28 convinced,

682 3683 19 22 if
710 3683 57 23 such
778 3682 28 24 be
818 3682 65 29 done,
895 3683 38 22 the
945 3683 47 22 real
1003 3682 85 24 motive
1098 3682 36 23 for
1145 3682 37 23 the
1193 3682 76 32 publi-

682 3717 47 23 tion
741 3716 26 23 of
781 3716 37 23 his
829 3715 109 24 offensive
955 3714 67 25 letter
1033 3715 47 23 will
1092 3723 55 16 soon
1166 3715 27 23 be
1203 3716 66 24 made

683 3749 91 23 known.

1329 3453 51 24 The
1403 3452 104 31 shippers
1529 3451 27 23 cf
1577 3450 131 24 Phormium
1730 3450 72 24 Tenax
1820 3450 59 25 have

1296 3494 49 17 now
1357 3495 13 15 a
1381 3490 60 20 most
1453 3483 130 26 favourable
1593 3484 145 32 opportunity
1747 3484 24 23 of
1778 3484 99 32 sending

1297 3521 64 23 home
1374 3519 46 24 this
1432 3523 87 27 export,
1531 3517 45 25 and
1588 3526 33 15 we
1633 3522 60 19 trust
1702 3517 53 31 they
1764 3517 42 24 will
1819 3518 59 23 avail

1298 3552 136 26 themselves
1443 3557 24 18 to
1479 3552 36 24 the
1526 3551 78 24 fullest
1612 3556 85 19 extent.
1733 3550 49 24 The
1792 3559 87 16 owners

1297 3587 24 24 of
1342 3587 38 24 the
1402 3585 126 30 Indemnity
1543 3585 58 23 have
1624 3584 139 24 determined
1778 3589 24 18 to
1823 3584 56 24 take

1296 3621 47 23 flax
1354 3625 22 18 to
1389 3618 108 32 England
1509 3623 33 27 at,
1550 3619 38 24 6
1601 3625 39 24 per
1652 3623 38 18 ton
1704 3618 88 30 weight,
1805 3617 74 24 which

1298 3656 19 22 is
1328 3654 70 23 about
1410 3652 50 24 half
1476 3652 37 24 the
1525 3657 51 19 rate
1587 3651 98 24 hitherto
1698 3651 102 31 charged.
1838 3650 43 24 We

1298 3686 139 26 understand
1455 3686 49 23 that
1515 3684 126 30 advantage
1653 3684 42 24 has
1716 3684 88 30 already
1823 3682 58 25 been

1298 3721 69 24 taken
1386 3720 27 24 of
1430 3719 46 24 this
1493 3718 81 24 liberal
1594 3715 62 31 offer,
1669 3717 36 23 for
1723 3717 123 32 shipments
1860 3722 21 18 to

1299 3755 39 23 the
1349 3758 80 19 extent
1439 3752 26 25 of
1474 3752 57 24 from
1543 3751 51 29 fifty
1606 3755 23 19 to
1641 3755 94 25 seventy
1749 3755 57 20 tons.

1458 3811 72 23 THE
1550 3810 176 24 THEATRE.

1928 1810 33 30 By
1986 1810 38 23 the
2135 1810 82 30 Leigh,
2241 1811 72 23 which
2336 1812 84 23 arrived
2440 1821 23 16 on

1893 1844 106 30 Tuesday
2011 1844 45 22 last
2068 1844 56 23 from
2147 1844 96 29 Nelson,
2257 1852 31 16 we
2306 1844 57 24 have
2377 1845 86 25 Exami-

1891 1878 62 22 ner's
1964 1882 21 18 to
1999 1877 38 23 the
2050 1877 41 23 4th
2104 1877 139 23 November.

1927 1911 50 23 The
1989 1910 118 24 Governor
2119 1911 26 23 of
2159 1910 54 24 Van
2224 1912 117 23 Diemen's
2354 1912 63 24 Land
2427 1913 37 23 had

1891 1952 61 22 upon
1966 1943 37 23 the
2016 1945 85 28 receipt
2113 1945 25 21 of
2152 1952 14 14 a
2180 1945 115 23 memorial
2307 1945 56 23 from
2375 1946 89 28 Nelson,

1893 1975 117 23 chartered
2023 1974 40 23 the
2081 1974 114 22 Emerald
2213 1975 56 25 Isle,
2282 1976 45 19 and
2344 1974 121 30 u\spaic\\eu

1893 2008 40 22 her
1947 2007 51 22 with
2011 2013 44 16 one
2067 2006 103 22 hundred
2184 2010 76 26 troops
2269 2014 7 19 ;
2295 2005 40 23 but
2348 2004 36 24 the
2399 2006 65 23 officer

1895 2042 21 21 in
1931 2039 119 24 command
2068 2047 45 15 was
2125 2038 126 24 instructed
2263 2044 22 18 to
2296 2039 94 31 proceed
2403 2038 60 24 forth-

1895 2074 53 23 with
1962 2078 22 18 to
1997 2073 101 30 Sydney,
2111 2072 19 24 if
2146 2072 38 23 the
2197 2072 128 24 settlement
2344 2080 47 14 was
2407 2072 58 24 found

1895 2113 22 18 to
1931 2108 26 22 be
1970 2108 22 22 in
2005 2115 13 15 a
2031 2107 63 30 quiet
2114 2110 68 19 state.
2218 2105 49 24 The
2287 2104 125 24 Examiner
2421 2113 44 23 very

1896 2141 105 32 properly
2023 2140 139 31 appreciates
2186 2139 46 23 this
2253 2139 157 31 promptitude,
2429 2138 37 24 and

1897 2182 31 15 we
1940 2174 44 23 feel
1996 2174 38 23 the
2048 2173 83 23 thanks
2145 2173 25 22 of
2186 2173 38 23 the
2244 2171 96 26 Settlers
2352 2173 24 22 of
2392 2172 75 23 Cook's

1897 2208 83 23 Straits
1990 2214 38 16 are
2038 2206 43 24 due
2095 2211 22 18 to
2129 2206 39 23 Sir
2180 2206 99 30 Eardley
2293 2204 92 24 Wilmot
2397 2206 30 22 for
2436 2205 30 23 the

1897 2242 93 22 interest
2001 2241 23 22 in
2047 2247 41 16 our
2109 2239 89 23 welfare
2218 2239 51 24 thus
2289 2239 121 31 displayed.
2443 2239 23 23 In

1897 2274 131 30 remarking
2045 2281 61 24 upcm
2125 2273 38 23 the
2182 2272 96 32 subject,
2298 2273 37 23 the
2356 2271 112 24 Exnminer

1897 2308 79 23 makes
1987 2307 39 23 the
2046 2307 116 30 following
2183 2306 161 28 observations,
2358 2307 69 22 which,
2436 2313 31 16 are

1898 2341 86 30 worthy
1995 2341 27 23 of
2035 2341 109 23 attention

1924 2373 49 22 The
1984 2373 142 21 instructions
2145 2371 72 22 which
2231 2371 56 23 have
2303 2371 55 22 been
2375 2371 66 21 issued
2450 2374 17 18 to

1899 2400 29 21 all
1939 2399 36 22 the
1987 2399 87 21 officers
2084 2399 48 21 who
2142 2398 57 22 have
2218 2398 78 22 visited
2312 2399 80 21 Cook's
2404 2397 67 23 Straits

1899 2427 61 22 since
1971 2427 37 21 the
2020 2426 112 21 Massacre
2143 2425 56 22 have
2211 2425 55 22 been
2277 2425 24 21 of
2315 2425 36 22 the
2361 2432 57 15 same
2428 2425 40 21 des-

1899 2454 92 27 cription
2001 2461 5 18 ;
2024 2453 44 21 and
2079 2453 57 21 have
2147 2452 110 22 rendered
2267 2453 36 21 the
2313 2452 119 27 protection
2443 2451 27 21 in-

1900 2481 81 22 tended
1992 2486 23 16 to
2034 2481 26 20 be
2077 2479 99 22 afforded
2191 2486 27 14 U3
2232 2480 26 21 of
2269 2479 55 22 little
2340 2479 66 21 avail.
2432 2478 39 22 Tlie

1900 2508 115 22 character
2025 2507 26 21 of
2064 2507 54 21 New
2128 2506 101 22 Zealand
2244 2507 91 21 warfare
2349 2506 19 21 is
2379 2509 37 18 not
2426 2503 45 23 such

1900 2543 24 13 as
1935 2543 19 13 13
1963 2534 68 27 likely
2041 2536 23 18 to
2074 2534 50 27 give
2140 2540 27 14 us
2182 2540 45 19 any
2236 2533 52 26 long
2303 2533 99 26 warning
2418 2532 23 22 of
2450 2538 21 15 an

1900 2562 83 21 attack.
2023 2561 23 22 If
2067 2559 101 27 effected,
2188 2559 18 22 it
2225 2560 43 21 will
2288 2559 27 22 be
2335 2559 84 22 sudden
2437 2557 35 23 and

1901 2589 64 26 final;
1981 2588 45 22 and
2036 2588 35 21 for
2081 2591 73 23 troops
2173 2591 21 17 to
2205 2587 27 21 be
2250 2590 49 18 sent
2308 2589 22 18 to
2341 2586 39 22 fire
2391 2594 14 14 a
2414 2585 58 23 salute

1901 2623 53 15 over
1964 2623 40 14 our
2013 2621 79 21 graves
2104 2615 33 25 (if,
2148 2613 88 24 indeed,
2250 2613 35 22 the
2296 2613 79 22 known
2389 2620 83 23 propen-

1900 2644 44 27 sity
1961 2644 24 20 of
2003 2641 37 23 the
2059 2641 86 22 natives
2163 2640 80 22 should
2260 2640 66 22 suffer
2340 2647 26 14 us
2382 2644 22 17 to
2417 2640 26 21 lie
2455 2639 17 21 in

1901 2670 79 26 them,)
1992 2668 73 23 would
2081 2669 26 21 be
2118 2676 13 13 a
2147 2667 106 28 mockery
2265 2668 24 21 of
2300 2674 40 15 our
2357 2674 75 21 prayer
2446 2667 26 21 for

1902 2698 43 21 aid.
1976 2697 65 22 From
2054 2695 37 22 the
2102 2696 76 21 letters
2194 2695 101 21 received
2311 2695 58 20 from
2385 2694 35 21 the
2437 2693 35 22 Go-

1903 2728 119 18 vernment
2038 2722 26 22 of
2081 2722 50 21 Van
2153 2722 116 21 Diemcn's
2285 2721 73 26 Laud,
2375 2728 33 14 we
2426 2720 48 22 infer

1904 2751 48 22 that
1961 2759 12 13 a
1985 2751 72 25 larger
2067 2749 119 22 discretion
2199 2755 43 15 was
2253 2748 105 22 intended
2365 2752 22 17 to
2398 2748 25 21 be
2432 2754 42 15 con-

1902 2778 74 22 feried
1987 2785 28 14 on
2029 2777 37 22 the
2077 2776 75 22 officer
2169 2776 23 21 in
2211 2775 116 22 command
2344 2775 52 21 than
2410 2774 31 22 his
2448 2773 26 22 in-

1903 2806 121 21 structions
2034 2807 57 19 irom
2104 2804 33 21 his
2151 2802 100 27 military
2268 2802 100 28 superior
2386 2799 88 24 invested

1903 2832 47 21 him
1961 2832 59 21 with.
2051 2831 40 22 We
2107 2830 52 23 feel,
2172 2829 109 27 however,
2291 2833 39 18 not
2340 2829 43 22 less
2393 2826 81 29 grateful

1904 2863 22 17 to
1937 2860 34 21 Sir
1980 2858 98 26 Enrdley
2090 2857 92 22 Wilmot
2198 2856 34 22 for
2250 2856 32 22 his
2298 2855 146 29 promptitude
2457 2853 17 22 in

1903 2886 75 25 acting
1989 2893 23 14 as
2024 2886 27 21 he
2062 2885 47 21 has.

1937 2919 50 24 The
2006 2926 63 16 same
2088 2925 70 24 paper
2185 2917 114 23 furnishes
2321 2917 38 23 the
2377 2915 99 29 following

1903 2952 103 24 remarks
2015 2959 61 24 upon
2087 2956 100 19 contests
2191 2970 7 6 Y
2197 2959 19 14 w
2219 2950 50 24 lnch
2280 2950 57 24 have
2349 2950 69 23 taken
2425 2949 51 31 place

1904 2992 22 17 at
1939 2985 121 25 Motuaka.
2097 2984 44 24 Let
2154 2983 57 25 such
2223 2984 104 23 firmness
2335 2983 45 23 and
2386 2983 89 23 modera-

1904 3021 48 22 tion
1971 3020 28 22 be
2021 3017 116 32 displayed
2152 3017 31 31 by
2196 3017 38 24 (he
2253 3017 95 23 Settlers
2366 3014 109 33 generally,

1904 3053 45 24 and
1960 3061 32 15 we
2011 3053 57 23 have
2080 3059 34 15 no>
2121 3051 71 23 doubt
2209 3051 38 23 the
2265 3051 95 23 Natives
2372 3049 43 23 will
2432 3053 44 18 soon

1904 3095 91 15 assume
2007 3094 14 16 a
2032 3086 96 32 position
2142 3084 91 32 equally
2246 3089 23 18 to
2280 3084 60 23 their
2351 3090 47 16 own
2410 3081 40 24 and
2459 3084 17 19 to

1905 3121 38 23 the
1957 3120 96 24 Settlers
2065 3119 140 30 advantage:

1933 3152 36 21 On
1989 3150 110 28 Saturday
2114 3150 43 21 last
2173 3157 28 14 an
2219 3149 61 22 affair
2295 3147 104 22 occurred
2413 3149 21 19 at
2446 3143 29 23 the

1907 3178 115 25 Motuaka,
2034 3177 72 22 which
2121 3176 130 23 threatened
2265 3183 26 14 an
2309 3173 124 23 immediate
2442 3171 35 21 and

1905 3211 59 17 most
1978 3213 30 14 set
2013 3206 50 21 ious
2072 3204 101 22 collision
2191 3204 98 21 between
2304 3201 130 22 the-settlers
2442 3199 34 21 and

1907 3233 38 22 the
1956 3233 92 22 natives.
2077 3232 49 21 One
2137 3230 26 21 of
2171 3228 110 27 thej'atter
2288 3225 143 25 commenced
2439 3225 37 27 pul-

1906 3260 49 27 ling
1964 3260 64 21 down
2039 3266 14 14 a
2068 3257 123 28 portion/of
2203 3263 14 14 a
2220 3283 4 5 _
2227 3256 62 26 fence
2303 3253 88 23 erected
2405 3253 29 27 by
2443 3252 33 22 Mr.

1908 3288 77 21 Moore
1996 3293 29 14 on
2035 3293 13 14 a
2057 3284 82 22 section
2146 3282 105 27 occupied
2264 3281 26 27 by
2297 3280 44 22 him
2352 3280 24 22 in
2386 3279 48 23 that
2443 3279 33 21 dis-

1907 3314 57 22 trict.
1994 3313 43 21 Mr.
2055 3311 77 22 Moore
2147 3310 17 20 is
2176 3308 48 22 well
2240 3307 132 28 acquainted
2383 3306 51 22 with
2447 3304 27 22 the

1907 3341 75 22 native
1997 3339 118 25 language,
2130 3335 47 22 and
2191 3334 162 22 remonstrated
2367 3333 52 22 with
2434 3331 42 24 him,

1907 3375 30 14 on
1945 3366 70 22 which
2022 3364 29 22 he
2056 3364 72 21 seized
2135 3363 35 20 his
2177 3361 123 22 tomahawk
2307 3361 44 21 and
2360 3357 116 25 threatened

1905 3401 26 16 to
1940 3393 75 22 strike.
2051 3392 44 21 Mr.
2112 3390 79 21 Moore
2206 3387 107 29 instantly
2324 3387 101 23 knocked
2439 3385 36 21 him

1908 3422 63 21 down
1981 3418 43 24 and
2035 3418 52 22 took
2099 3417 18 22 it
2126 3417 56 21 from
2194 3415 54 23 him.
2270 3435 5 3 .

1936 3448 34 22 On
1989 3445 101 27 Monday
2106 3451 13 14 a
2137 3443 97 22 number
2248 3442 26 23 of
2288 3442 38 23 th
2340 3441 85 23 nativ?s
2437 3444 41 23 pro-

1909 3473 82 24 ceeded
2006 3478 23 17 to
2045 3472 44 22 Mr.
2106 3470 99 23 Moore!s
2220 3470 69 22 house
2298 3469 53 22 with
2367 3467 71 23 hosiile
2446 3465 31 21 de-

1909 3500 162 24 monstrations,
2091 3497 139 27 demanding
2248 3496 134 23 satisfaction
2401 3495 31 21 for
2448 3492 28 20 the

1909 3528 57 22 blow
1981 3528 28 21 he
2025 3526 44 21 had
2084 3524 76 23 struck
2178 3524 39 22 the
2234 3524 82 22 native.
2352 3521 44 23 Mr.
2413 3520 65 22 Moore

1909 3559 50 18 sent
1969 3554 32 22 off
2007 3553 34 22 for
2051 3552 120 22 assistance
2180 3551 26 22 of
2212 3558 60 15 some
2279 3551 25 21 of
2311 3550 33 21 his
2351 3547 125 28 neighbour,

1909 3582 49 22 who
1967 3587 62 16 came
2039 3579 50 22 well
2105 3578 77 23 armed
2192 3578 46 21 and
2253 3575 121 24 succeeded
2387 3577 23 19 in
2418 3573 59 22 deter-

1909 3610 51 25 ring
1969 3608 36 21 the
2013 3607 87 22 natives
2109 3606 59 22 from,
2176 3604 84 23 further
2268 3603 130 29 aggression.

1937 3636 47 22 The
1994 3634 129 28 gentlemen
2133 3632 49 23 who
2194 3639 57 15 were
2267 3634 89 25 present
2365 3637 27 14 on
2405 3628 37 21 this
2450 3630 28 15 oc-

1910 3663 74 22 casion
1994 3661 44 22 had
2048 3661 92 21 become
2150 3660 56 26 fully
2218 3658 96 22 satisfied
2330 3657 47 22 that
2392 3655 47 26 they
2447 3656 29 16 are

1910 3694 40 18 not
1965 3688 67 26 likely
2043 3692 23 17 to
2081 3688 67 26 enjoy
2166 3694 45 20 any
2227 3685 110 28 quietness
2351 3682 71 23 unless
2434 3681 42 22 they

1910 3717 60 21 show
1980 3722 13 15 a
2004 3714 171 22 determination
2192 3717 41 18 not
2249 3716 21 18 to
2280 3712 63 21 allow
2361 3708 52 23 such
2422 3710 54 18 inter-

1910 3744 89 21 ference
2010 3742 57 21 from
2077 3741 38 22 the
2130 3740 95 23 natives.
2253 3738 62 28 They
2325 3735 105 24 therefore
2441 3735 37 17 tola

1911 3770 61 22 them
1982 3776 24 15 so
2022 3768 91 28 plainly,
2130 3767 45 22 and
2191 3765 72 23 added
2278 3765 49 22 that
2342 3763 52 27 they
2405 3763 38 19 had
2455 3763 23 15 no

1913 3796 53 22 wish
1982 3799 22 19 to
2024 3795 55 29 fight
2094 3794 53 23 with
2162 3794 69 26 them,
2243 3793 38 21 but
2295 3791 48 22 that
2359 3789 50 26 they
2418 3785 60 23 would

1912 3827 40 18 not
1970 3822 27 23 be
2017 3823 76 22 driven
2113 3822 34 22 off
2166 3820 58 22 their
2240 3818 87 26 lands;,
2342 3817 53 25 that,
2413 3816 23 23 it.
2448 3816 29 16 w

1912 3850 87 22 natives
2013 3849 124 28 attempted
2151 3848 25 26 it,
2194 3847 52 26 they
2264 3844 71 23 would
2352 3844 72 23 resist;
2442 3844 36 14 an*

1912 3878 53 26 they
1976 3875 83 25 offered
2078 3878 53 20 then
2150 3874 46 23 and
2216 3873 61 21 there
2296 3875 22 18 to
2337 3869 55 28 fight
2410 3871 15 17 it
2441 3868 37 17 ont

1912 3904 54 22 This
1975 3903 103 22 firmness
2088 3902 45 23 had
2143 3901 38 22 the
2191 3900 67 22 effect
2271 3897 71 23 which
2358 3895 68 27 might
2433 3895 45 18 have

1913 3931 57 22 been
1987 3930 121 28 expected:
2123 3928 38 23 the
2178 3927 86 23 natives
2279 3931 56 16 were
2350 3924 79 21 cowed,

1913 3958 43 23 left
1964 3956 37 24 the
2010 3960 60 23 spot.

1332 3864 44 24 We
1388 3863 103 33 perceive
1510 3862 32 31 by
1561 3869 29 16 an
1607 3860 178 25 advertisement,
1799 3860 22 23 in
1841 3867 43 16 our

1299 3905 78 25 paper,
1389 3897 64 24 that.
1459 3896 60 24 Mrs.
1538 3895 75 24 Amor
1632 3894 42 24 has
1696 3892 129 25 announced
1844 3893 41 23 her

1299 3931 51 23 first
1367 3930 93 29 benefit,
1483 3936 28 17 on
1531 3927 110 31 Tuesday
1661 3932 65 19 next:
1761 3926 67 25 From
1847 3925 38 24 the

1300 3963 113 24 excellent
1434 3969 96 17 manner
1557 3961 25 23 in
1609 3960 74 24 which
1705 3959 59 25 Mrs.
1787 3959 32 25 A.
1843 3959 42 24 has

717 3800 24 25 It
752 3801 21 23 is
784 3800 74 24 stated
876 3800 50 24 that
1108 3807 46 17 was
1169 3798 102 26 received

684 3839 23 19 at
718 3834 91 24 Nelson
820 3834 29 30 by
862 3833 44 24 the'
914 3831 161 34 Ospret/'itom
1089 3832 91 25 Hobart
1189 3833 81 30 Town,

684 3867 50 24 that
754 3867 40 24 the
811 3864 129 27 Mandarin
957 3867 55 24 had.
1023 3867 99 24 arrived:
1129 3867 71 29 there,
1211 3866 60 27 from

685 3900 106 30 London;.
828 3900 60 27 The.
890 3899 128 26 Mandarin
1041 3900 20 23 is
1081 3899 74 25 stated
1176 3904 21 20 to
1213 3898 58 25 have

686 3941 43 16 one
740 3932 104 25 hundred
855 3933 133 24 Parkhurst
1008 3930 125 34 see'dlfngs'
1145 3940 30 16 on
1187 3932 84 30 .board,

686 3967 62 29 sixty
766 3966 26 24 of
814 3965 80 25 whom,
903 3965 45 25 she
966 3973 47 17 was
1032 3971 24 18 to
1067 3965 62 26 -land
1148 3970 23 19 at
1182 3965 89 24 Hobart

98 3138 121 31 European
241 3137 149 24 colonization
410 3136 42 24 has
472 3135 101 25 hitherto
594 3135 55 24 been

64 3171 105 24 attended
186 3170 55 24 with
262 3170 72 24 either
354 3169 39 24 the
413 3169 140 24 destruction
571 3168 26 24 of
612 3169 37 24 the

61 3204 134 32 population
207 3204 101 31 existing
319 3204 24 23 in
355 3203 38 24 the
411 3203 115 24 countries
538 3206 24 19 to
575 3201 74 24 which

63 3238 40 24 the
114 3237 133 30 emigration
266 3236 54 24 took
340 3236 72 31 place,
425 3244 26 16 or
468 3236 21 23 if
501 3236 83 31 failing
602 3235 47 25 that

63 3271 56 24 with
131 3270 38 24 the
181 3270 83 25 Native
280 3270 131 32 population
430 3270 69 30 being
517 3269 103 24 reduced-
628 3274 22 19 to

65 3313 13 15 a
90 3303 113 33 degraded
215 3303 121 24 condition.
363 3303 149 25 Endeavours
524 3303 58 23 have
593 3302 56 24 been

63 3337 66 26 made
142 3342 22 19 to
178 3340 95 20 account
283 3337 43 23 for'
331 3337 37 23 the
380 3333 46 26 fact
444 3337 23 22 in
488 3343 69 24 many
571 3335 59 32 way's
642 3344 5 21 ;

65 3371 42 25 hut
129 3378 58 17 none
211 3370 24 24 of
256 3370 60 22 them
340 3369 58 23 have
420 3369 57 24 been
496 3370 152 29 satisfactory.

65 3405 51 25 The
136 3411 81 17 causes
234 3410 59 24 may,
308 3402 58 23 have
384 3402 58 23 been
462 3410 132 21 numerous,
606 3403 43 23 and

65 3438 57 24 each
132 3437 146 32 explanation
291 3443 51 23 may
353 3436 58 22 have
430 3436 118 24 furnished
567 3443 44 17 one
626 3444 25 15 or

67 3479 63 17 more
150 3471 25 24 of
189 3470 39 24 the
247 3476 93 17 reasons
362 3469 52 30 why
433 3469 174 24 extermination
626 3477 25 15 or

66 3505 147 32 degradation
224 3503 42 24 has
279 3502 105 24 attended
398 3500 40 31 the,
454 3502 111 31 footsteps
578 3502 24 23 of
619 3503 32 22 ci-

68 3538 115 26 vilization
195 3538 24 23 in
226 3538 35 24 its
278 3536 138 29 colonizing.
420 3542 113 23 progress.
569 3535 35 24 At
614 3535 38 24 the

66 3579 64 17 same
138 3571 65 29 time,
216 3571 18 24 it
246 3578 52 23 may
309 3573 39 27 yet
365 3575 71 25 prove
448 3568 48 23 that
507 3567 31 24 all
550 3568 39 23 the
600 3576 51 16 rea-

44 3601 172 33 -sonVfoaVe.a
227 3611 104 20 common
352 3609 68 17 cause
454 3601 80 31 spring
544 3601 59 24 from
616 3601 37 24 the

66 3646 65 19 .same
141 3640 58 24 wolt.
234 3637 25 24 It
270 3644 52 23 may
333 3635 114 25 hereafter
458 3642 83 24 appear
554 3634 48 24 that
614 3634 39 24 the

41 3672 101 31 ^safety
150 3671 26 24 of
190 3671 38 24 the
242 3670 84 26 Native
337 3669 132 32 population
484 3668 110 23 demands
606 3667 48 24 that

68 3706 30 22 its
110 3706 109 22 interests
232 3704 27 23 be
272 3702 133 33 completely
416 3700 115 25 identified
540 3701 55 23 with
604 3702 50 22 that

42 3748 3 7 <
68 3738 26 24 of
111 3738 37 24 the
169 3731 153 37 immigrants.
359 3735 38 26 No
417 3735 66 24 effort
491 3733 44 25 has
547 3739 40 26 yet
597 3735 57 23 been

42 3768 93 28 "'made
141 3776 28 19 .to
175 3771 126 24 '.ascertain
320 3770 39 24 the
378 3768 68 24 effect
463 3767 26 25 of
502 3767 59 25 such
573 3775 29 16 an
613 3776 41 16 ex-

32 3799 193 37 .*//j><er>n>'n't.'

49 3845 5 5 -
86 3855 6 7 ,
105 3837 49 24 The
172 3838 116 23 existence
306 3837 26 23 of
352 3840 43 20 two
414 3843 25 16 or
458 3841 62 17 more
530 3833 127 33 languages-

38 3871 56 23 i3b
107 3879 13 14 a
129 3872 114 29 'country,
256 3869 45 24 has:
317 3870 84 30 always
421 3868 44 24 had
486 3867 40 28 the
545 3867 69 24 effect
635 3868 22 23 of

40 3909 6 5 *
68 3904 136 31 preventing
223 3911 17 15 a
247 3918 7 4 -
266 3902 88 35 perfect
368 3922 3 3 .
380 3902 97 31 identity
500 3900 26 24 of
552 3901 104 25 interest.

70 3935 60 26 This
141 3935 42 24 has
194 3935 128 31 invariably
331 3935 121 31 happened
471 3942 57 17 even
548 3941 66 17 were'
619 3933 38 25 the

70 3968 134 31 knowledge
216 3968 26 24 of
256 3968 38 24 the
315 3968 87 31 parties
421 3975 46 17 was
487 3972 41 20 not
538 3966 81 32 nearly
633 3975 24 16 so

547 60 96 44 Wht
670 58 118 41 Wfeto
816 56 209 41 j&tatait*
1051 36 305 63 &mtiii.mh
1382 49 304 45 WMltmton
1712 47 250 45 spectator.

1877 132 101 23 hitherto
1990 131 117 24 sustained
2126 130 42 25 her
2191 132 72 23 round
2281 132 26 23 of
2322 132 125 29 characters

1879 173 31 15 we
1924 170 58 18 trust
1994 172 41 16 our
2046 165 44 23 fair
2102 163 85 25 friends
2200 165 45 23 will
2266 169 39 19 not
2318 165 38 24 fail
2369 167 22 24 in
2404 176 51 24 sup.

1879 199 92 30 porting
1982 198 41 23 her
2034 205 30 16 on
2086 197 37 23 the
2135 198 115 23 occasion.
2285 197 43 24 We
2339 198 48 24 also
2399 201 57 27 learn

1881 231 49 23 that
1943 231 96 23 Messrs.
2055 230 108 23 Marriott
2175 230 45 22 and
2237 231 89 23 Minifie
2338 240 37 14 are
2387 235 69 28 paint-

1881 266 40 28 ing
1933 271 46 16 new
2002 271 94 23 scenery
2109 263 34 23 for
2163 262 40 23 the
2225 263 65 30 night
2309 264 23 23 in
2352 268 105 30 question,

1881 297 44 23 and
1937 297 58 23 from
2007 296 37 23 the
2058 296 81 23 known
2161 295 71 23 talent
2254 296 24 23 of
2293 297 63 23 these
2375 301 83 27 gentle-

1881 338 60 20 men,
1955 337 31 15 we
1998 329 57 24 have
2074 337 29 15 no
2121 329 75 23 doubt
2218 329 48 23 that
2285 329 38 23 the
2344 329 76 26 drama
2438 335 21 23 of

1882 362 145 31 Black-eyed
2039 363 76 23 Susan
2128 362 47 22 will
2191 362 28 23 be
2239 362 113 31 produced
2367 364 22 22 in
2402 365 55 25 first-

1882 400 48 19 rate
1950 396 66 30 style.
2062 395 43 23 We
2123 400 59 17 trust
2204 403 41 15 our
2265 395 96 23 nautical
2380 396 77 28 friends

1882 428 46 24 will
1939 433 39 19 not
1990 429 39 22 fail
2041 429 23 22 in
2076 429 79 30 giving
2166 428 30 22 all
2210 428 57 23 their
2286 434 96 25 support
2392 435 21 19 to
2425 432 33 25 the

1882 462 51 23 first
1945 461 97 24 nautical
2053 462 62 29 piece
2126 461 115 30 produced
2253 461 61 23 here.

1979 525 182 23 POLICE
2204 524 176 24 COURT.

106 565 169 24 SHIPPING
294 562 266 26 INTELLIGENCE

1269 139 79 29 Town,
1361 138 46 23 and
1426 137 55 23 with
1498 136 39 24 the
1556 134 128 25 remainder
1703 134 41 24 she
1764 142 42 16 was
1825 139 23 18 to

1269 171 94 32 proceed
1375 172 71 23 direct
1458 174 24 19 to
1492 168 133 25 Auckland.
1662 168 25 24 If
1701 168 46 23 this
1757 167 25 24 be
1792 174 56 22 true,

1269 207 18 22 it
1308 205 45 23 will
1371 205 30 23 be
1419 210 64 16 some
1502 203 55 23 time
1569 202 75 24 before
1656 202 39 23 the
1707 198 144 27 Mandarin's

1270 237 54 23 mail
1336 237 46 23 will
1394 237 73 22 arrive
1480 235 60 24 here.

1303 271 51 23 The
1385 268 103 24 William
1514 267 97 25 Stoveld
1633 268 43 24 had
1703 268 42 23 left
1766 267 85 24 Nelson

1270 304 35 23 for
1317 303 58 24 New
1396 302 132 30 Plymouth,
1550 301 51 30 Bay
1613 301 23 23 of
1654 301 99 28 Islands,
1770 299 81 24 Auck-

1270 336 61 29 land,
1342 335 44 25 and
1398 335 46 23 this
1456 339 58 27 port.
1563 334 48 23 We=
1618 334 54 24 hear
1684 334 49 23 that
1742 335 59 22 there
1814 341 38 15 are

1270 371 85 29 parties
1367 369 55 23 here
1435 368 49 23 who
1495 367 46 24 had
1554 367 59 23 their
1628 367 71 31 goods
1717 366 93 32 shipped
1829 367 23 22 in

1272 402 97 24 London
1380 402 45 23 last
1443 401 127 30 February.
1615 400 66 31 They
1700 408 52 23 may
1763 407 90 16 reason-

1272 435 52 31 ably
1335 440 80 26 expect
1435 439 22 18 to
1477 441 35 16 see
1535 434 63 23 them
1618 433 81 23 landed
1714 433 52 23 here
1786 432 69 24 about

1272 473 55 19 next
1339 468 127 30 February.
1502 467 51 23 The
1568 466 98 24 Gannett
1675 467 57 23 from
1741 466 112 30 Glasgow,

1274 501 108 31 touching;
1404 506 24 18 at
1453 501 56 23 Port
1532 499 95 31 Phillip,
1658 499 92 24 Hobart
1773 499 80 28 Town,

1274 534 103 24 Twofold
1389 534 58 29 Bay,
1466 534 43 22 and
1526 533 97 28 Nelson,
1641 534 62 29 prior
1724 537 21 18 to
1767 532 89 30 coming

1274 569 61 26 here,
1348 567 100 31 lecently
1456 566 96 29 arrived,
1566 566 44 23 and
1620 565 80 24 landed
1709 573 59 16 some
1776 565 78 31 goods,

1276 601 70 23 which
1359 601 42 23 she
1414 600 42 23 had
1469 600 43 23 had
1525 600 79 23 twelve
1622 600 92 23 mouths
1733 607 28 16 on
1777 598 77 24 board.

1277 634 40 23 We
1330 634 72 23 would
1415 638 94 26 suggest
1521 633 50 23 that
1589 641 40 15 our
1648 633 86 23 friends
1753 636 18 20 at
1790 632 67 24 home

1276 667 73 23 would
1359 666 90 24 consult
1462 666 56 24 their
1531 674 49 16 own
1593 668 93 22 interest
1694 666 20 23 if
1723 666 48 30 they
1783 664 74 24 would

1276 701 68 29 study
1356 700 38 23 the
1412 699 132 32 geography
1563 699 25 24 of
1603 699 118 24 Australia
1738 699 40 23 and
1799 698 57 24 New

1277 734 108 24 Zealand.
1431 733 43 23 We
1493 733 57 23 have
1569 733 57 23 little
1638 732 71 23 doubt
1721 732 36 23 the
1768 731 89 24 settlers

1277 768 53 23 here
1343 767 45 23 will
1400 767 97 23 instruct
1509 767 60 23 their
1580 765 85 25 friends
1677 770 40 19 not
1736 770 22 18 to
1771 764 51 31 ship
1835 769 23 19 at

1277 801 38 28 all,
1339 800 19 23 if
1385 800 54 30 they
1459 804 83 19 cannot
1560 799 29 24 do
1608 807 25 16 so
1653 799 30 31 by
1707 806 60 16 some
1785 798 73 23 vessel

1279 833 72 24 bound
1364 833 72 23 direct
1450 838 23 18 to
1486 833 57 23 Port
1556 833 139 23 Nicholson.
1742 831 22 24 It
1773 831 45 23 will
1830 831 28 23 be

1277 867 70 24 found
1359 866 50 23 that
1422 866 128 31 shipments
1560 866 46 23 had
1616 865 74 24 better
1699 866 29 23 be
1740 864 118 24 embarked

1278 901 36 23 six
1326 900 91 23 months
1430 899 64 28 later,
1506 899 57 23 than
1576 899 63 23 made
1651 899 30 30 by
1693 898 57 24 such
1761 898 60 31 ships
1834 905 24 15 as

1279 934 64 22 those
1356 938 22 18 to
1391 932 74 23 which
1479 940 30 15 we
1521 932 58 23 have
1589 931 99 24 alluded.

1917 576 44 23 We
1972 575 57 23 have
2041 575 57 23 been
2112 576 111 22 informed
2243 576 47 22 that
2301 575 37 23 the
2351 576 106 34 following

1884 617 39 15 are
1935 609 36 23 the
1984 616 93 17 reasons
2088 609 34 22 for
2136 609 77 30 Major
2234 608 149 23 Richmond's
2394 610 64 33 fining

1885 642 38 23 the
1935 642 128 23 constables
2074 649 25 15 as
2109 641 118 24 described
2239 642 23 22 in
2281 642 37 22 the
2338 641 77 25 Police
2427 652 30 16 re-

1885 680 52 24 port
1948 675 22 23 in
1983 682 41 16 our
2035 682 77 22 paper.

1919 708 103 31 Burgess
2041 708 80 31 Sayer,
2143 707 39 24 the
2201 706 63 25 chief
2289 708 116 24 constable
2422 716 38 19 was

1886 746 40 18 not
1937 741 60 24 fined
2010 742 34 23 for
2064 742 70 30 going
2154 746 23 18 to
2199 741 38 23 the
2256 741 48 29 fire,
2318 742 40 23 but
2376 741 35 24 for
2427 750 35 18 not

1886 775 84 30 having
1982 775 103 31 reported
2107 783 24 15 or
2152 774 83 24 caused
2257 774 48 24 that
2323 775 68 23 event
2407 780 20 19 to
2438 776 23 24 be

1886 808 112 30 reported.
2051 807 54 24 And
2128 808 50 23 that
2201 807 100 24 Thomas
2326 807 80 24 Millar
2424 816 38 17 was

1887 841 61 23 fined
1967 846 40 18 not
2025 841 35 23 for
2078 842 69 29 being
2164 841 136 30 necessarily
2314 840 81 24 absent
2413 842 49 25 from

1888 874 36 23 his
1937 879 57 25 post,
2007 875 41 22 but
2061 874 34 23 for
2107 873 69 31 being
2195 874 80 23 absent
2295 874 59 23 from
2373 873 36 24 his
2419 882 44 24 post

1888 907 58 24 from
1959 915 42 15 one
2014 913 22 17 to
2049 913 42 17 two
2104 906 70 25 hours
2193 907 58 23 after
2262 907 28 23 he
2302 907 44 23 had
2359 907 103 26 delivered

1889 941 35 23 his
1937 941 102 31 prisoner
2051 945 23 19 at
2093 941 37 23 the
2151 940 61 31 gaol.
2250 940 24 24 If
2290 948 40 16 our
2349 941 114 26 informant

1890 974 26 23 be
1940 978 93 24 correct,
2055 974 38 23 the
2114 974 148 31 proceedings
2281 974 24 23 of
2332 974 38 23 the
2394 972 69 26 Police

1890 1007 73 24 Court
1973 1008 23 22 in
2010 1007 38 23 the
2060 1015 63 16 cases
2135 1008 23 22 in
2178 1007 105 31 question
2300 1014 91 16 assume
2410 1009 53 29 quite

1890 1040 94 24 another
2003 1040 141 31 complexion
2173 1041 58 23 from
2260 1040 47 23 that
2326 1040 73 23 which
2420 1040 43 33 they

1890 1074 118 30 presented
2021 1082 24 15 as
2058 1073 112 31 reported.

1313 992 50 24 The
1376 993 53 30 ship
1440 991 98 32 Sydney,
1553 994 50 22 500
1613 997 59 24 tons,
1684 999 46 16 was
1738 991 122 24 advertised

1279 1028 23 22 in
1324 1026 38 23 the
1383 1023 112 33 Morning
1514 1024 128 30 Ckronic'e,
1663 1025 25 23 of
1703 1025 59 24 June
1777 1026 40 27 29,
1838 1030 22 18 to

1279 1059 42 24 sail
1339 1060 34 22 for
1394 1059 148 30 Wellington,
1564 1058 95 29 Nelson,
1673 1059 44 23 and
1730 1058 129 30 Auckland.

1280 1093 51 24 The
1344 1094 53 22 time
1416 1092 26 23 of
1457 1092 83 30 sailing
1559 1099 47 16 was
1627 1097 38 18 not
1683 1092 86 24 named.
1811 1092 50 23 The

1280 1126 70 31 cheap
1373 1133 98 24 passage
1493 1131 87 26 system
1602 1126 18 22 is
1643 1125 132 23 maintained
1786 1134 6 19 ;
1823 1125 38 23 the

1280 1165 70 18 terms
1370 1159 77 31 being,
1469 1158 62 25 chief
1552 1159 65 23 cabin
1639 1159 55 23 42
1705 1168 7 18 ;
1733 1158 42 24 fore
1796 1159 64 23 cabin

1279 1194 63 22 20.

1992 1137 194 25 CORONER'S
2208 1137 163 25 INQUEST.

1924 1194 38 24 An
1976 1194 95 32 Inquest
2083 1202 44 16 was
2140 1195 51 23 held
2205 1203 27 15 on
2253 1195 120 30 Thursday
2386 1195 48 30 last,
2445 1203 19 18 at

1891 1228 47 23 Mr.
1961 1228 118 31 Couper's,
2107 1228 37 23 the
2166 1228 91 23 Thistle
2275 1228 52 28 Inn,
2349 1228 115 27 Thorndon

1890 1261 60 28 Flat,
1963 1261 76 24 before
2051 1261 21 23 J.
2087 1261 139 30 Fitzgerald,
2237 1261 67 31 Esq.,
2317 1261 69 24 M.D.
2401 1263 63 24 Coro-

1890 1302 48 20 ner,
1952 1295 42 22 and
2007 1303 13 14 a
2040 1294 140 31 respectable
2196 1294 63 31 jury,
2271 1302 28 15 on
2319 1296 55 21 view
2394 1297 25 23 of
2433 1297 31 24 the

1890 1327 59 31 body
1968 1328 24 22 of
2014 1327 67 24 Isaac
2103 1327 115 28 Windsor,
2248 1327 73 24 whose
2344 1327 67 26 death
2428 1338 36 16 was

1890 1369 67 15 cause
1968 1361 30 29 by
2011 1369 13 14 a
2036 1361 80 23 wound
2128 1362 22 22 in
2164 1361 35 23 his
2213 1362 80 23 throat.

1924 1595 67 23 After
2003 1603 14 15 a
2034 1595 86 31 patient
2139 1595 159 30 investigation
2318 1595 38 23 the
2371 1595 52 31 jury
2434 1604 29 15 re-

1891 1628 80 23 turned
1983 1636 13 15 a
2011 1628 87 23 verdict
2144 1627 48 24 that
2210 1628 66 23 Isaac
2293 1628 109 24 Windsor
2419 1630 44 22 des-

1891 1661 77 30 troyed
1987 1661 94 24 himself
2096 1661 28 31 by
2145 1662 89 30 cutting
2253 1661 34 23 bis
2305 1661 81 29 throat,
2400 1662 63 24 whilst

1891 1694 119 30 labouring
2022 1694 80 24 undeir
2114 1700 129 24 temporary

1924 1394 24 24 It
1960 1395 111 30 appeared
2083 1394 48 24 that
2143 1402 29 15 on
2192 1394 106 31 Tuesday
2311 1394 64 31 night
2387 1395 37 24 the
2435 1397 29 23 in-

1890 1433 73 18 mates
1975 1422 25 29 o?
2015 1428 38 22 the
2066 1428 88 23 Thistle
2169 1427 43 24 Inn
2235 1435 57 16 were
2304 1428 101 24 alarmed
2416 1430 25 30 by
2453 1438 10 16 a

1890 1462 99 29 peculiar
2010 1461 63 23 noise
2093 1461 90 31 coming
2201 1461 59 23 frcrn
2281 1461 37 23 the
2330 1461 103 24 bedroom
2445 1465 20 22 of

1890 1494 115 29 deceased,
2029 1494 43 23 and
2101 1502 27 15 on
2152 1494 137 31 proceeding
2312 1494 84 24 thither
2418 1496 45 31 they

1890 1527 69 23 found
1970 1528 48 22 that
2029 1528 28 23 he
2070 1527 43 24 had
2124 1532 38 19 cut
2182 1528 36 22 his
2229 1527 76 24 throat
2317 1528 53 24 with
2383 1536 13 16 a
2407 1537 56 16 razor

1890 1562 22 22 in
1926 1569 12 15 a
1951 1567 58 17 most
2020 1560 112 31 shocking
2143 1569 103 16 manner.

267 618 142 21 ARRIVED.

74 653 120 21 November
204 654 20 21 8,
235 652 104 21 Echooner
348 651 78 24 Fidele,
439 652 19 22 5,
474 651 97 22 Cemino,
581 650 55 20 from

46 682 36 20 the
93 681 51 20 East
154 680 72 21 Coast.

287 730 116 20 SAILED.

75 764 117 21 November
202 765 19 22 9,
233 764 103 19 schooner
353 762 62 24 Kate,
434 761 25 20 62
468 781 5 5 v
474 763 57 21 tons,
554 760 83 20 M'Far-

46 793 55 23 lane,
110 793 33 19 for
152 792 36 19 the
199 793 67 18 coast.

74 820 61 19 Same
157 819 47 26 day,
216 818 104 21 schooner
338 818 92 22 Aurora,
440 816 27 19 50
485 818 56 21 tons,
560 814 77 25 Smith,

43 847 34 20 for
87 847 88 19 Nelson.

72 873 120 22 November
218 873 35 23 10,
273 873 103 19 schooner
408 872 98 22 Oratava,
527 869 26 21 91
581 871 56 22 tons,

46 902 85 23 Adams,
142 901 34 20 for
185 901 81 19 Nelson
278 899 41 21 and
334 899 92 26 Sydney.

269 949 34 21 IN
318 948 86 22 PORT.

72 987 84 25 Barque
174 985 132 25 Indemnity,
324 985 42 19 312
392 987 59 19 tons,
472 982 26 20 R.
521 979 118 28 Sedgvrick'

42 1015 92 25 Agents,
146 1013 112 26 Ridgways
269 1012 41 21 and
322 1012 40 20 Co.
390 1011 53 20 Laid
453 1016 28 14 on
491 1010 35 20 for
540 1009 98 22 London.

71 1042 111 20 Schooner
204 1042 59 24 Ann,
289 1041 26 19 22
336 1042 61 17 tons.
426 1038 54 20 Laid
504 1044 39 20 up.

70 1070 111 20 Schooner
207 1069 64 25 Erin,
298 1069 26 19 25
351 1072 59 15 tons.
440 1066 53 20 Laid
504 1072 37 19 up.

71 1098 110 19 Schooner
187 1097 71 19 Maori
266 1096 73 24 Davis,
350 1096 24 19 15
383 1098 59 16 tons.
470 1093 127 27 Repairing.

71 1125 84 26 Barque
174 1124 106 22 Glenarm,
298 1124 41 21 297
356 1126 58 19 tons,
433 1122 56 26 Guy.
528 1121 111 24 Boulcott,

44 1153 78 25 Agent.
152 1151 95 25 Loading
256 1152 35 19 for
301 1150 99 21 London.

72 1180 110 19 Schooner
190 1179 110 25 Industry,
310 1179 26 19 24
348 1181 58 21 tons,
417 1176 83 27 Wylde.
531 1176 22 21 J.
563 1176 75 24 Wade,

47 1207 78 26 Agent.
155 1206 124 26 Repairing.'

72 1235 82 26 Barque
169 1234 129 25 Brougham,
320 1233 49 21 227.
390 1232 129 21 Robertson.
547 1231 90 27 Agents,

49 1263 102 20 Boulcott
160 1261 42 21 and
213 1261 39 21 Co.
282 1261 42 21 For
333 1260 132 27 Valparaiso.

73 1290 108 20 Schooner
199 1289 75 26 Ocean,
293 1289 26 20 30
337 1291 58 21 tons,
417 1288 114 26 Ferguson.
571 1287 68 20 Waitt

45 1318 42 20 and
98 1317 73 26 Tyser,
181 1317 89 25 Agents.

72 1345 52 26 Brig
142 1345 102 24 Victoria,
256 1345 41 20 220
314 1347 58 19 tons,
392 1343 97 21 Sinclair.
519 1342 68 21 Wait!
597 1342 42 21 and

44 1373 75 26 Tyser,
129 1372 88 25 Agents.
247 1372 96 25 Loading
353 1371 34 20 for
402 1371 95 20 London.

74 1400 108 20 Schooner
197 1400 111 20 Susannah
317 1400 58 21 Ann,
392 1399 26 20 79
428 1400 57 22 tons,
502 1398 135 26 Dougherty.

46 1428 85 21 Samuel
142 1427 41 20 and
193 1427 89 26 Joseph,
294 1427 87 24 Agents.

74 1454 75 21 Cutter
164 1455 75 25 Leven,
251 1455 26 20 24
294 1457 57 17 tons.
364 1453 103 26 Hensley.
496 1453 85 21 Samuel
596 1452 42 21 and

46 1482 81 26 Joseph
136 1482 87 25 Agents.

74 1510 83 27 Barque
169 1510 85 24 Tyrian,
266 1510 40 19 225
317 1510 59 23 tons,
387 1508 111 20 Clarkson.
527 1508 86 20 Samuel
619 1509 18 19 &

47 1538 88 25 Joseph,
145 1537 88 25 Agents.
262 1536 97 26 Loading
368 1536 34 20 for
413 1536 98 19 London.

76 1565 82 26 Barque
171 1565 61 26 Tyne,
247 1565 42 20 428
300 1566 57 22 tons,
373 1563 127 20 Robertson.
538 1562 71 21 Willis
618 1564 19 19 &

49 1592 48 24 Co.,
108 1593 87 25 Agents.

77 1620 63 26 Sloop
148 1620 68 25 Royal
226 1620 100 24 William,
337 1620 28 19 43
376 1621 56 21 tons,
444 1618 83 21 Lovett.
557 1618 78 26 Agent,

48 1648 25 20 T.
84 1647 33 21 M.
136 1647 112 24 Partridge.

77 1675 106 21 Schooner
201 1675 61 24 Lady
281 1674 74 25 Leigh,
383 1674 40 21 109
447 1675 56 23 tons,
525 1673 110 21 Cuthbert.

48 1703 67 20 Waitt
125 1704 19 18 &
152 1702 73 27 Tyser,
238 1702 87 26 Agents.
355 1701 53 21 Laid
418 1708 28 13 on
457 1701 33 21 for
500 1701 98 20 London.

79 1730 106 20 Schooner
195 1730 77 25 Fidele,
291 1730 11 20 5
313 1732 57 21 tons,
388 1729 95 20 Cemino.
513 1729 68 19 Waitt
595 1728 40 20 and

48 1757 73 25 Tyser,
132 1758 87 24 Agents.

45 151 116 51 SPARS
178 150 61 22 FOR
253 149 86 26 SALE,
348 149 27 21 of
377 148 101 22 different
485 146 142 22 dimensions,

110 178 62 28 lying
187 181 25 17 at
229 176 46 22 Kai
295 175 85 22 Warra.
419 174 71 27 Large
507 172 121 28 quantities

43 212 42 14 can
96 205 28 21 be
138 203 116 23 furnished
269 207 24 17 to
309 202 72 27 order,
398 202 35 22 for
449 199 141 29 exportation
604 205 26 15 or

42 231 68 22 home
121 238 46 15 use.

303 263 64 19 ALSO,

70 284 47 22 The
128 283 75 23 Lease
214 283 26 22 of
247 283 68 21 about
323 283 28 21 50
362 288 62 15 acres
433 280 27 22 of
466 280 53 22 land
532 283 23 18 at
570 279 61 21 Orua

43 311 90 23 Motera
144 312 23 26 (a
178 311 44 21 fine
239 310 42 27 bay
293 309 85 21 district
393 308 68 21 about
470 309 14 20 6
500 306 63 22 miles
573 306 56 21 from

44 337 156 27 Wellington),
216 337 53 22 with
287 336 37 22 the
342 335 70 21 house
428 341 28 15 on
473 334 39 21 the
526 331 89 29 ground
623 339 6 20 ;

42 365 64 21 there
116 372 36 14 are
163 365 67 21 about
242 367 37 17 ten
294 369 63 15 acies
371 360 95 26 cleared,
486 360 45 22 and
547 359 51 22 four
607 359 25 21 in

44 391 139 23 cultivation.
213 390 43 22 For
266 389 86 22 further
362 387 138 29 particulars,
511 385 69 29 apply
590 389 22 18 to

235 423 118 22 Kenneth
370 422 151 25 Mathieson,
556 436 3 4 .

153 450 54 28 Ship
224 449 105 27 Building
345 448 44 22 and
400 447 120 28 Repairing
533 445 70 26 Yard,

322 476 44 22 Kai
380 475 86 21 Warra.

73 505 127 22 November
211 506 19 23 6,
244 505 59 23 184g.
