2550 3989
1920 3529 40 17 The
1973 3530 47 16 New
2031 3530 100 16 Zealand
2141 3530 93 16 Gazette
2240 3530 38 16 and
2289 3530 133 18 Wellington
2433 3529 44 17 Smc*

1900 3554 65 13 tator
1970 3550 16 17 is
1993 3550 98 21 published
2096 3555 56 16 every
2159 3551 113 21 Wednesday
2282 3551 38 17 and
2330 3551 92 20 Saturday.
2442 3548 35 17 Sub*

1898 3571 62 20 joined
1967 3575 31 13 are
2006 3572 30 16 the
2043 3573 90 15 terms:—

1920 3592 65 17 Price
1992 3596 24 12 or
2023 3596 41 12 tke
2070 3592 77 16 Paver.
2147 3599 22 4 —
2169 3591 54 21 Forty
2228 3592 87 22 shillings
2322 3596 31 17 per
2362 3596 73 15 annum,
2444 3592 33 18 p*J*

1900 3612 40 17 able
1946 3613 21 16 in
1973 3613 90 18 advance;
2074 3616 21 13 or
2101 3612 87 21 sixpence
2194 3612 28 17 for
2227 3612 62 22 single
2300 3614 92 16 numbers.

1920 3633 32 17 All
1957 3634 68 18 orders,
2035 3633 160 19 advertisements,
2205 3634 38 16 and
2253 3635 163 16 communications
2427 3634 17 16 to
2453 3632 24 15 to*

1900 3654 71 19 Editor,
1977 3658 30 13 are
2013 3653 97 21 requested
2114 3655 22 15 to
2143 3654 23 16 be
2171 3654 100 17 addressed
2276 3656 20 15 to
2301 3655 39 16 this
2346 3655 62 16 Office.

1920 3675 159 17 Advertisements
2085 3674 39 16 will
2129 3675 34 16 not
2168 3678 67 17 appear
2244 3675 21 17 in
2275 3676 33 16 the
2317 3680 80 15 ensuing
2405 3673 69 18 nombtr

1901 3696 16 17 if
1924 3695 85 18 received
2014 3695 47 17 later
2067 3695 46 16 than
2125 3695 20 17 10
2152 3694 73 21 o'clock,
2232 3700 51 16 a.m.,
2289 3701 25 12 on
2321 3696 31 17 the
2358 3695 90 20 mornings
2453 3693 24 26 be-

1900 3717 38 17 fore
1951 3715 119 22 publication.
2092 3716 159 18 Advertisements
2264 3717 39 17 will
2313 3718 21 16 be
2345 3715 96 18 continued
2447 3713 29 17 sol

1900 3737 79 20 charged
1988 3735 50 18 until
2046 3737 169 20 counter-ordered;
2226 3738 48 16 such
2279 3737 53 17 order
2337 3738 51 16 must
2394 3737 20 16 be
2421 3735 37 16 sent
2462 3734 15 14 to

1900 3758 32 17 the
1940 3758 56 16 Office
2008 3758 36 15 two
2063 3757 45 20 days
2127 3757 61 17 before
2197 3758 122 21 publication,
2329 3758 36 16 and
2374 3757 49 17 must
2432 3756 19 16 be
2460 3753 16 16 ia

1899 3778 81 20 writing.
2002 3777 159 18 Advertisements
2174 3779 84 16 received
2275 3779 53 21 after
2344 3779 22 16 10
2380 3776 65 17 o'clock;
2457 3775 19 14 on

1900 3798 84 21 Tuesday
1995 3798 38 16 and
2043 3798 67 21 Friday
2121 3798 95 22 mornings
2226 3799 39 18 will
2275 3800 23 17 be
2308 3798 79 22 charged
2396 3796 48 18 twice
2451 3795 26 15 tut

1900 3819 54 17 usual
1959 3821 55 14 rates.

1901 3861 75 17 Printed
1989 3861 37 17 and
2039 3861 99 22 published
2155 3866 54 17 every
2225 3861 115 22 Wednesday,
2355 3860 37 18 and
2401 3856 76 20 Satuidtf

1921 3882 91 21 morning,
2025 3882 24 20 by
2067 3882 87 17 Samuel
2160 3882 97 18 'Rivavi,
2274 3880 65 19 at'the
2354 3881 54 17 Offic*
2423 3879 19 16 of
2450 3879 26 13 in*

1922 3903 49 18 Nsw
1985 3903 99 17 Zealand
2095 3904 93 16 Gassxts
2198 3906 43 14 akb
2254 3902 136 18 Wsraixoxon
2404 3899 73 18 Smomj

1921 3928 45 13 so*.
1977 3923 157 19 Manwrs-strwt,
2144 3923 116 20 Wellington,
2273 3923 44 16 Port
2324 3920 105 23 .Niohobon,
2442 3918 23 15 »*

1922 3944 86 17 Zttlwl.

37 129 110 24 secutor's
165 128 86 32 pocket
261 135 30 16 on
307 127 39 24 the
359 127 62 32 right
437 127 61 23 hand
509 127 58 27 side,
579 127 46 22 and

33 161 69 32 place
117 161 21 24 it
155 161 25 23 in
200 160 37 24 his
258 167 48 17 own
326 154 45 37 left
390 159 61 24 hand
463 158 82 32 pocket
552 167 10 19 ;
587 158 38 24 the

35 194 85 32 pocket
129 193 61 24 book
200 201 53 16 now
259 193 114 32 produced
383 193 20 22 is
413 191 38 24 the
463 191 59 24 book
535 190 13 25 I
560 198 46 17 saw
616 199 7 21 ;

38 226 14 25 I
64 226 102 24 followed
174 233 5 3 '
185 226 38 24 the
242 227 104 31 prisoner
363 229 40 19 oat
414 224 26 24 of
456 223 107 25 Jenkin's
581 223 46 24 and

38 259 107 24 overtook
164 259 47 24 him
229 266 55 17 near
301 257 99 25 Messrs.
414 256 115 32 Guyton's
546 261 61 20 store
617 264 7 21 ;

37 291 14 25 I
64 299 62 17 came
146 300 30 23 up
197 297 22 19 to
238 292 48 22 him
307 290 46 24 and
373 290 84 32 tapped
477 290 47 24 him
536 297 31 16 on
588 289 39 23 the

39 324 106 25 shoulder
155 324 45 25 and
211 323 58 30 said,
280 324 52 30 give
344 330 30 24 up
388 323 49 24 that
453 322 83 32 pocket
546 321 61 25 book
617 330 6 20 ;

41 358 28 23 he
81 357 79 24 denied
179 357 85 31 having
280 357 18 22 it
308 364 9 21 ;
339 355 14 24 I
364 356 51 23 said
433 356 93 24 another
542 361 83 25 person

38 398 46 16 saw
103 398 44 23 you
160 390 52 23 take
230 390 19 22 it
259 397 26 15 as
298 389 49 23 well
359 397 26 15 as
406 388 96 31 myself.;
525 388 38 23 the
579 387 48 32 pri-

40 430 66 17 soner
118 422 52 23 then
189 429 58 23 gave
265 421 39 24 the
315 422 85 32 pocket
418 421 60 24 book
489 428 31 24 up
533 425 22 18 to
571 427 36 16 me
616 428 7 20 ;

38 455 47 24 Mr.
100 455 97 25 Pulman
210 455 46 23 ami
266 455 39 23 Mr
316 454 71 25 Allen
399 461 58 17 were
468 457 107 28 present;
590 459 35 16 we

40 488 105 24 returned
157 493 23 19 to
193 488 47 23 Mr.
264 487 107 24 Jenkiu's
381 487 45 24 and
438 493 45 18 saw
502 485 47 25 Mr.
566 485 62 24 Hart

38 520 44 24 and
96 528 56 23 gave
164 522 18 23 it
193 528 31 25 up
237 526 23 18 to
273 521 54 23 him.

74 553 36 31 By
122 553 38 24 the
172 554 82 27 Court,
254 565 34 5 —
290 553 12 23 I
323 553 58 24 have
400 560 28 15 no
439 551 71 24 doubt
527 550 51 24 that
588 550 39 24 the

38 586 64 24 book-
111 586 113 31 produced
235 588 21 22 is
270 586 36 22 the
324 593 43 15 one
379 584 73 24 which
465 591 45 16 was
521 584 68 30 given
602 588 23 19 to

37 627 44 16 me.

73 652 36 31 By
120 652 38 24 the
178 652 66 30 Jury,
245 664 34 4 —
280 651 13 24 I
314 650 39 25 did
370 655 41 20 not
430 649 66 25 know
508 649 62 24 what
588 648 39 24 the

37 684 61 24 book
110 685 127 24 contained.

72 717 100 24 William
183 717 99 24 Pulman
290 715 129 29 examined,
421 727 30 6 —
456 715 11 24 I
476 723 39 16 am
520 723 14 15 a
543 722 84 23 cooper

39 749 14 25 I
73 750 44 24 live
136 751 23 22 in
181 749 169 28 Willis-street,
374 748 13 24 I
407 756 46 16 was
476 753 24 19 at
520 747 107 25 Jenkiu's

39 782 167 25 Public-house
218 789 31 17 on
265 782 114 30 Saturday
392 782 125 28 afternoon,
529 781 40 24 the
580 780 47 31 pri-

39 824 66 16 soner
117 817 43 23 and
173 821 132 26 prosecutor
317 822 58 16 were
386 815 54 23 both
453 814 62 24 there
524 823 7 20 ;
552 813 76 23 whilst

38 848 15 25 I
65 856 46 16 was
129 849 63 23 there
211 849 12 23 I
242 856 45 15 saw
306 849 39 22 the
364 847 83 32 pocket
464 847 61 24 book
543 847 26 23 in
590 846 37 23 the

37 882 151 31 prosecutor's
209 881 80 28 hands,
303 880 12 24 I
334 888 47 16 saw
400 881 60 23 what
479 879 112 32 appeared
604 883 23 19 to

40 922 36 17 me
87 920 23 18 to
127 915 28 22 be
167 918 65 19 notes
243 922 7 21 ;
273 914 37 23 the
321 918 133 27 prosecutor
471 912 91 24 seemed
574 919 53 23 very

38 947 69 23 much
122 948 23 23 in
165 948 74 30 liquor
252 951 24 18 at
296 946 38 24 the
346 946 54 24 time
409 954 8 21 ;
437 945 14 24 I
473 953 44 16 saw
530 945 39 24 the
580 945 47 31 pri-

38 988 68 15 soner
119 979 57 24 walk
188 988 31 23 up
232 986 24 17 to
267 979 38 23 the
322 983 133 27 prosecutor
466 978 44 24 and
527 977 53 24 tike
590 976 38 24 the

35 1012 84 32 pocket
138 1012 57 24 book
206 1016 39 20 out
258 1010 29 34 of
298 1011 36 25 his
350 1011 97 32 pocket;
469 1011 37 24 the
523 1012 105 30 prisoner

38 1052 61 18 went
116 1054 62 22 away
192 1045 151 31 immediately
353 1054 6 20 ;
383 1044 14 24 I
409 1045 44 23 and
465 1043 106 25 Ashbold
588 1047 40 27 got

36 1087 30 23 up
77 1079 52 24 first
146 1078 46 25 and
209 1078 58 29 said,
287 1086 44 23 you
357 1079 55 22 have
432 1082 40 26 got
492 1076 38 25 the
550 1076 77 25 man's

34 1119 91 23 money,
145 1120 46 22 you
209 1111 58 24 have
286 1116 40 25 got
336 1111 37 23 his
395 1111 83 31 pocket
498 1110 62 24 book
570 1118 6 21 ;
599 1110 28 23 he

36 1143 82 26 denied
134 1145 19 24 it
170 1144 44 25 and
233 1143 106 26 Ashbold
359 1144 57 28 said,
428 1143 53 24 here
500 1144 20 23 is
542 1150 15 16 a
574 1150 52 16 man

37 1178 50 24 who
99 1184 45 18 saw
164 1185 45 24 you
231 1177 54 24 take
297 1177 18 23 it
331 1184 26 16 as
368 1177 51 23 well
430 1184 26 16 as
468 1176 85 31 myself
561 1184 8 21 ;
589 1175 39 24 the

37 1212 104 29 prisoner
162 1210 49 25 said
230 1210 14 25 I
264 1217 70 17 never
356 1217 46 17 saw
413 1209 58 24 such
482 1216 54 17 men
553 1210 25 23 in
590 1216 38 23 my

37 1243 40 25 life
87 1252 7 20 ;
117 1244 54 24 then
183 1243 49 25 Mr.
244 1243 71 25 Allen
334 1243 39 23 the
393 1242 97 24 butcher
501 1250 64 16 came
577 1250 30 23 up
619 1251 7 19 ;

37 1277 106 24 Ashbold
165 1277 50 23 said
238 1277 47 23 this
306 1284 55 17 man
388 1276 43 23 has
454 1275 69 24 taken
546 1275 82 24 Hart's

36 1310 84 31 pocket
131 1310 61 23 book
202 1318 7 19 ;
230 1310 49 24 Mr.
299 1310 72 24 Allen
389 1308 50 24 said
458 1309 64 23 there
533 1309 21 23 is
566 1308 63 23 three

37 1350 26 16 or
73 1343 50 24 four
134 1343 90 31 pounds
235 1343 25 23 in
272 1343 17 23 it
298 1351 6 21 ;
324 1342 58 24 after
395 1350 14 15 a
420 1342 60 23 word
499 1349 24 16 or
535 1346 44 19 two
590 1341 39 23 the

32 1375 109 32 prisoner
152 1383 58 24 gave
216 1375 20 23 it
241 1383 47 22 up;
301 1375 107 24 Ashbold
419 1374 86 32 opened
517 1374 38 24 the
569 1374 60 24 book

37 1409 77 23 before
134 1409 38 23 the
192 1409 72 23 whole
277 1409 24 24 of
319 1416 27 16 us
367 1409 46 23 and
430 1409 28 22 he
471 1407 69 24 found
559 1416 15 15 a
585 1414 44 17 one

37 1441 78 32 pound
132 1446 54 20 note
198 1442 44 22 and
262 1449 62 16 some
343 1449 83 24 papers
437 1450 6 20 ;
465 1440 12 24 I
490 1440 82 24 should
589 1448 41 23 say

38 1475 51 24 that
100 1473 38 25 the
148 1474 85 32 pocket
244 1474 61 24 book
317 1482 51 16 now
379 1473 115 32 produced
505 1474 19 23 is
537 1473 38 24 the
587 1480 42 16 one

39 1507 14 24 I
65 1507 54 25 then
131 1515 45 16 saw
185 1517 7 19 ;
212 1508 14 23 I
246 1508 39 23 did
297 1512 41 19 not
355 1508 52 30 give
428 1508 19 23 it
464 1511 23 20 to
500 1506 38 24 the
548 1514 55 17 man
615 1506 13 24 I

38 1548 67 16 mean
117 1540 38 24 the
166 1548 54 17 man
233 1541 70 24 Hart.

71 1574 102 24 Thomas
185 1574 113 28 Ashbold,
310 1574 99 23 recalled
410 1586 32 5 —
443 1573 37 31 By
490 1572 37 24 the
537 1572 92 32 prison-

38 1614 33 16 er.
73 1619 32 5 —
108 1607 12 23 I
130 1607 38 23 did
179 1611 40 19 not
231 1607 41 24 tell
283 1607 38 24 the
339 1607 104 31 prisoner
455 1606 13 24 I
480 1607 58 30 gaVe
548 1613 32 24 up
592 1605 38 24 the

38 1640 61 24 book
113 1644 21 20 to
146 1640 70 24 Allen
226 1649 6 21 ;
252 1640 39 24 the
301 1640 62 24 book
374 1647 47 16 was
433 1644 40 19 not
486 1640 23 22 in
525 1647 39 23 my
576 1647 54 23 pos-

37 1673 87 24 session
134 1681 64 16 more
208 1673 54 24 than
271 1673 43 24 five
322 1674 99 23 minutes
432 1681 6 20 ;
453 1673 13 23 I
475 1680 45 16 saw
527 1672 39 24 the
576 1680 54 23 pro-

38 1710 90 20 secutor
147 1713 47 17 was
213 1706 69 25 much
292 1706 148 28 intoxicated,
453 1705 43 24 and
509 1705 12 24 I
535 1705 95 31 thought

37 1738 15 25 I
70 1739 45 24 had
134 1739 73 24 better
227 1739 52 32 give
298 1739 18 24 it
343 1744 23 19 to
384 1739 48 24 him
453 1738 64 24 when
538 1738 28 24 he
585 1746 45 15 was

37 1772 75 29 sober,
124 1779 24 17 or
167 1772 60 25 until
246 1772 123 31 somebody
390 1779 45 17 saw
455 1772 48 23 him
520 1771 53 31 give
592 1772 19 23 it
621 1780 7 20 ;

38 1805 49 25 Mr.
106 1805 70 25 Allen
197 1805 45 25 and
261 1805 99 25 Pulman
379 1812 60 17 were
459 1805 54 23 with
533 1812 39 16 me
592 1804 38 24 the

38 1838 74 25 whole
127 1839 63 24 time.

72 1872 101 24 William
191 1872 70 24 Allen
261 1884 35 5 —
298 1872 12 23 I
331 1879 36 16 am
392 1879 14 16 a
428 1871 95 23 butcher
544 1870 25 24 of
595 1870 35 24 Te

37 1905 50 24 Aro
96 1913 6 20 ;
122 1905 12 24 I
147 1913 46 16 saw
211 1905 113 29 Ashbold,
338 1905 108 28 Pulman,
459 1904 45 23 and
524 1903 38 24 the
581 1904 48 31 pri-

39 1945 67 17 soner
117 1938 103 31 together
238 1939 25 23 in
276 1938 46 24 Mr.
338 1938 115 31 Guyton's
465 1937 55 31 yard
530 1946 7 20 ;
558 1937 13 23 I
583 1945 46 15 saw

37 1971 62 24 them
112 1971 102 31 together
223 1979 8 20 ;
252 1971 13 24 I
283 1971 72 24 heard
373 1970 107 25 Ashbold
492 1977 87 27 _accuse
591 1970 38 23 the
639 1967 2 25 I

38 2004 111 34 prisoner'
153 2007 26 23 of
193 2007 86 30 having
290 2006 37 23 the
339 2005 86 31 pocket
434 2004 69 29 book,
515 2004 74 23 which
602 2004 29 23 he

39 2039 81 24 denied
131 2047 6 20 ;
151 2039 14 23 I
177 2047 43 15 saw
235 2039 38 23 the
282 2039 104 31 prisoner
396 2038 99 31 produce
507 2038 18 22 it
536 2045 6 21 ;
557 2037 14 23 I
583 2037 49 23 said

40 2072 64 24 there
115 2080 46 15 was
172 2080 84 22 money
266 2072 25 23 in
310 2072 18 22 it
339 2080 6 20 ;
366 2071 64 23 there
441 2079 46 15 was
498 2070 44 24 five
554 2070 76 31 pound

41 2106 24 23 in
77 2106 17 23 it
105 2114 7 20 ;
125 2106 18 23 it
154 2113 46 16 was
212 2106 68 30 given
290 2112 31 24 up
334 2110 23 18 to
368 2104 107 24 Ashbold
485 2104 48 28 ;he
543 2103 87 31 opened

40 2139 19 23 it
70 2138 161 31 immediately,
244 2138 97 24 because
360 2138 28 23 he
400 2138 49 22 said
462 2137 13 23 I
487 2136 46 24 will
544 2145 58 22 open
613 2137 19 22 it

40 2173 25 22 in
77 2171 38 24 the
126 2179 107 24 presence
247 2172 25 23 of
286 2171 31 24 all
328 2171 27 23 of
369 2178 54 24 you,
435 2170 44 23 and
491 2177 37 16 see
540 2170 61 23 what
611 2170 20 23 is

38 2204 75 24 inside
123 2214 6 20 ;
140 2204 27 27 <$
174 2213 45 15 saw
233 2204 63 24 there
308 2211 45 16 was
365 2211 42 16 one
417 2202 76 33 pound
505 2203 22 23 in
535 2203 18 23 it
561 2202 53 31 only
623 2211 6 21 ;

42 2237 13 24 I
67 2238 120 24 continued
199 2238 55 23 with
265 2237 48 23 him
331 2237 71 23 about
413 2237 43 23 five
468 2236 107 28 minutes,
587 2236 45 23 and

42 2279 45 15 saw
99 2271 46 23 him
157 2279 29 22 go
198 2271 48 23 into
258 2270 106 24 Jenkins'
374 2269 56 24 with
441 2270 26 23 it.

75 2304 36 30 By
124 2304 37 23 the
179 2304 110 24 Prisoner
289 2315 33 5 —
324 2303 13 23 I
349 2303 40 25 did
405 2307 42 19 not
458 2310 40 23 say
510 2310 45 23 any
567 2302 65 31 thing

41 2338 70 23 about
122 2345 14 16 a
147 2337 94 30 shilling
252 2346 7 20 ;
279 2344 44 23 you
335 2336 48 24 told
400 2344 37 15 me
447 2341 42 18 not
500 2340 22 19 to
536 2343 40 23 say
588 2343 42 23 any

42 2371 67 31 thing
119 2370 69 24 about
199 2371 17 22 it
225 2378 7 21 ;
251 2377 46 23 you
317 2369 49 24 said
378 2377 46 23 you
443 2368 67 25 knew
524 2376 48 24 you
587 2368 45 24 had

42 2403 58 24 done
112 2411 85 23 wrong.

75 2436 50 24 The
137 2437 103 31 prisoner
251 2436 57 24 after
320 2435 39 25 the
371 2435 87 24 verdict
476 2434 48 24 said
543 2434 30 24 he
584 2442 46 16 was

43 2478 15 16 a
68 2470 91 28 whaler,
172 2469 46 24 and
230 2477 45 16 was
287 2469 76 24 drunk
374 2473 25 19 at
407 2468 38 24 the
457 2469 55 23 time
522 2477 7 20 ;
542 2468 30 23 he
584 2468 49 23 said

43 2502 38 25 the
93 2504 118 22 witnesses
221 2502 46 24 had
280 2502 38 24 the
329 2510 85 23 money
434 2501 31 25 all
483 2501 42 24 but
543 2501 39 24 the
594 2501 35 24 £l

43 2541 60 19 note.

77 2569 51 24 The
138 2568 76 32 Judge
226 2568 48 24 told
291 2569 48 23 him
359 2568 38 24 his
416 2567 92 25 defence
526 2567 40 25 did
583 2567 49 24 him

43 2609 30 17 no
84 2602 80 29 credit,
181 2609 30 16 no
221 2609 43 16 one
276 2602 50 23 who
337 2602 46 23 had
394 2600 72 25 heard
473 2601 38 24 the
523 2600 108 25 evidence

43 2635 45 24 and
96 2635 66 24 knew
173 2635 39 23 the
223 2635 118 23 character
353 2634 25 24 of
388 2634 38 24 the
435 2634 118 24 witnesses
566 2634 66 24 could

42 2668 88 23 believe
143 2668 57 23 such
210 2676 15 15 a
235 2672 123 19 statement
368 2668 35 23 for
416 2675 42 16 one
470 2672 110 19 moment.

77 2701 112 24 Sentence
201 2701 37 23 six
250 2700 91 24 months
352 2700 46 24 and
409 2700 57 24 hard
477 2700 87 24 labour.

93 2761 180 29 Wednesday,
284 2761 146 24 February
443 2761 39 28 21,
496 2762 74 23 1841.

78 2799 101 24 William
192 2799 131 28 Anderson,
344 2799 45 23 and
408 2799 133 24 Alexander
560 2798 72 30 Thor,

44 2840 57 16 were
113 2832 99 32 brought
223 2840 31 23 up
266 2837 23 18 to
301 2832 66 31 plead
380 2837 22 18 to
416 2839 27 16 an
451 2832 135 24 indictment
595 2832 37 24 for

43 2872 31 17 an
85 2866 86 23 assault
181 2873 30 17 on
222 2865 79 24 James
313 2865 152 24 Greenwood.
509 2865 58 23 This
580 2872 52 16 case

44 2907 65 15 arose
120 2904 39 18 out
171 2900 26 22 of
211 2907 15 15 a
236 2898 81 24 scuffle
329 2905 23 17 to
364 2903 39 26 get
417 2899 128 30 possession
559 2898 26 24 of
594 2898 38 24 the

44 2932 110 23 schooner
164 2931 94 24 Emma.
294 2931 24 24 It
328 2931 113 31 appeared
453 2931 50 24 that
513 2931 64 24 there
588 2931 45 24 had

45 2965 56 23 been
113 2972 81 23 money
207 2965 151 23 transactions
369 2964 102 24 between
484 2964 37 24 the
540 2965 92 30 prison-

45 3005 37 16 eis
93 2997 44 24 and
159 2998 37 22 the
215 3004 76 16 owner
314 2997 48 23 Mr.
384 2997 150 24 Greenwood.
582 2997 50 24 The

45 3031 121 31 prisoners,
179 3030 30 31 by
219 3030 100 28 counsel,
333 3030 91 31 applied
435 3034 23 19 to
467 3035 100 18 traverse
574 3030 59 24 until

45 3068 56 20 hext
113 3063 106 28 sessions,
235 3068 23 18 to
270 3063 73 23 which
354 3064 38 22 the
402 3063 83 24 Crown
495 3063 137 24 Prosecutor

45 3097 129 29 consented,
187 3096 45 24 and
243 3096 49 23 said
304 3096 29 24 he
346 3104 47 16 was
404 3096 125 24 concerned
540 3098 36 22 for
588 3105 42 15 one

46 3130 26 23 of
86 3129 38 24 the
140 3131 85 30 parties
236 3130 24 23 in
273 3137 13 16 a
295 3129 52 24 civil
360 3130 82 29 action,
454 3129 45 24 and
511 3129 63 24 there
586 3137 45 16 was

44 3162 48 24 also
105 3171 12 14 a
129 3171 50 15 case
192 3162 123 24 connected
326 3162 55 24 with
393 3163 46 23 this
450 3162 75 24 vessel
535 3168 23 18 to
566 3171 64 16 come

44 3195 77 23 before
133 3195 38 23 the
183 3195 58 24 Vice
262 3195 138 32 Admirality
421 3196 72 24 Court
512 3196 24 23 in
557 3204 14 15 a
588 3196 42 23 few

45 3229 64 29 days,
121 3228 42 23 and
178 3228 36 24 did
227 3234 41 17 not
286 3236 83 24 oppose
391 3229 39 24 the
450 3229 138 32 application
608 3230 25 23 of

45 3261 37 23 the
94 3262 115 30 prisoners
220 3269 24 15 as
258 3261 28 23 he
297 3262 102 24 believed
411 3262 38 24 the
472 3262 72 24 whole
565 3262 65 31 thing

44 3294 75 24 would
129 3294 28 23 be
170 3295 163 29 compromised
345 3295 77 24 before
430 3295 38 24 the
475 3300 56 19 next
540 3296 89 30 sitting.

80 3327 46 24 His
146 3326 82 24 Honor
247 3327 51 23 said
317 3327 28 23 he
358 3328 37 23 did
409 3333 39 19 not
460 3328 88 31 exactly
563 3336 67 23 agree

44 3359 54 24 with
111 3360 53 29 this,
174 3359 30 24 he
215 3359 74 24 would
301 3364 66 26 grant
379 3361 39 22 the
428 3361 144 31 application,
589 3362 42 23 but

44 3397 22 19 at
90 3392 37 24 the
149 3401 63 15 same
233 3393 54 23 time
310 3392 29 24 he
361 3398 63 19 must
451 3394 101 30 observe,
581 3394 50 24 that

44 3425 108 32 although
162 3426 47 24 this
221 3434 45 15 was
280 3430 40 19 not
330 3427 169 31 compounding
518 3436 14 14 a
543 3428 85 30 felony,

44 3459 35 24 for
103 3459 71 24 which
197 3460 32 23 all
256 3460 85 31 parties
361 3460 125 23 concerned
506 3460 74 31 might
604 3462 26 22 be

44 3492 119 32 punished,
175 3493 19 23 it
212 3500 47 16 was
277 3491 156 25 nevertheless
454 3494 176 30 compromising

44 3533 28 16 an
84 3526 85 23 offence
181 3526 91 30 against
291 3525 38 24 the
346 3532 70 24 peace
433 3525 26 23 of
481 3524 38 25 the
538 3526 90 25 Queen.

44 3557 50 25 The
108 3558 77 24 Police
197 3559 139 31 Magistrate
347 3559 46 23 had
404 3563 61 19 most
484 3558 78 32 wisely
580 3565 50 18 sent

44 3590 39 25 the
103 3599 50 16 case
176 3597 24 18 to
219 3600 14 15 a
251 3592 66 31 Jury,
336 3599 31 17 no
387 3591 71 24 doubt
476 3597 22 18 to
510 3590 63 25 shew
582 3591 48 25 that

42 3631 103 24 persons,
158 3623 111 32 although
280 3625 24 23 in
322 3631 15 18 a
357 3625 85 24 distant
463 3624 87 32 colony,
573 3632 57 17 were

42 3662 40 19 not
94 3662 24 19 to
138 3656 54 25 take
210 3657 39 24 the
267 3658 122 24 execution
407 3658 26 23 of
447 3657 40 24 the
508 3657 56 24 laws
582 3658 48 24 into

43 3690 59 24 their
113 3698 50 16 own
174 3690 75 24 hands
257 3699 6 21 ;
277 3690 64 25 there
352 3691 46 25 had
409 3691 57 24 been
478 3699 15 16 a
503 3695 65 28 great
580 3691 50 24 deal

42 3727 38 20 too
92 3723 67 24 much
178 3723 27 24 of
218 3723 62 24 what
299 3724 21 23 is
338 3724 45 24 call
402 3724 55 25 here
477 3724 82 31 Lynch
578 3725 51 29 law,

42 3756 44 24 and
96 3756 37 30 he,
145 3756 40 24 the
194 3756 84 31 Judge,
289 3755 75 33 hoped
376 3757 64 24 there
458 3757 74 25 would
553 3758 30 24 he
600 3766 30 16 no

41 3794 95 26 attempt
146 3795 23 18 to
181 3790 71 24 evade
263 3789 39 25 the
312 3789 52 30 law,
376 3790 45 24 and
432 3790 50 25 that
491 3790 37 24 the
543 3792 87 31 parties

40 3822 73 24 would
124 3823 28 23 be
164 3824 69 31 ready
244 3828 24 18 at
276 3823 37 24 the
325 3828 56 19 next
393 3825 101 23 sessions
506 3829 21 19 to
546 3832 82 24 prose-

40 3860 52 19 cute
115 3855 53 24 with
191 3857 68 23 effect
269 3865 6 16 :
300 3855 29 25 he
348 3857 47 23 had
414 3857 83 24 looked
515 3865 54 16 over
590 3858 38 23 the

38 3888 126 34 deponents
175 3889 45 24 and
232 3889 71 24 found
315 3890 40 24 the
364 3897 55 17 case
428 3895 25 18 to
465 3890 28 24 be
505 3898 13 16 a
539 3891 88 24 serious

37 3927 53 19 one.
122 3923 8 14 v

537 38 98 46 ®(j*
660 38 119 41 Kttu
804 36 211 43 &ea(#tti»
1041 37 190 45 i&ajette
1255 37 91 38 atifc
1372 35 301 46 WitMnstQn
1699 32 256 48 &pittator»

674 121 115 27 'William
809 124 82 32 Spyke
909 132 46 16 was
974 123 80 33 placed
1075 129 25 19 at
1115 123 39 25 the
1164 123 43 25 bar
1217 129 24 19 to

652 158 67 31 plead
738 162 22 19 to
783 165 30 16 an
832 158 135 23 indictment
983 157 77 24 which
1077 156 98 32 charged
1193 157 48 24 him

653 191 55 23 with
719 190 128 32 assaulting
858 198 42 16 one
912 189 87 32 Joseph
1007 189 70 25 Jones
1097 194 24 20 at
1138 189 103 32 Wanga-

653 224 48 28 nui,
722 222 58 25 New
797 222 91 25 Ulster.
933 222 52 25 The
999 224 105 30 prisoner
1115 230 46 16 was
1173 223 68 30 given

653 257 24 23 in
689 256 83 31 charge
784 260 23 19 to
819 256 39 24 the
868 256 65 30 Jury,
945 256 45 23 and
1002 255 94 32 pleaded
1108 261 39 18 not
1157 255 84 31 guilty.

687 289 38 31 By
734 289 37 24 the
783 288 84 32 Judge,
867 301 34 5 —
902 289 110 24 Prisoner
1023 296 45 23 you
1079 288 55 24 have
1146 289 96 31 pleaded

654 326 23 19 to
689 322 39 23 the
747 329 67 16 name
826 322 27 24 of
868 321 101 25 William
987 321 89 32 Spyke,
1088 322 20 23 is
1118 320 50 25 that
1185 329 58 24 your

654 354 61 31 right
725 362 66 16 name
800 355 10 24 ?

687 387 117 30 Prisoner,
806 400 34 4 —
840 387 50 25 Yes
902 395 38 24 my
952 387 58 24 lord.

687 420 82 30 Judge,
771 433 34 5 —
806 420 49 24 Did
872 428 45 23 you
928 427 69 16 never
1007 428 31 22 go
1049 420 30 30 by
1090 427 44 24 any
1143 419 64 24 other
1215 420 10 24 1

687 453 118 29 Prisoner,
806 465 35 5 —
841 453 38 23 No
890 461 39 23 my
938 452 49 24 lord
996 461 6 21 ;
1018 452 14 24 I
1042 461 46 15 was
1098 454 57 22 tried
1166 453 77 23 before

654 494 58 24 your
728 486 90 24 honour
836 485 46 25 and
892 485 99 32 perhaps
1010 485 56 32 they
1077 490 41 27 put
1128 485 66 25 down
1206 485 37 25 the

654 527 79 23 wrong
743 527 66 15 name
821 518 123 32 Drysdale,
956 519 27 31 (a
994 518 92 32 laugh.)

687 551 83 32 Judge,
771 563 35 6 —
806 551 49 25 Yes
875 551 13 24 I
900 552 58 23 tried
974 559 47 24 you
1033 553 24 22 in
1074 551 107 31 England
1199 551 45 24 and

653 591 46 25 you
719 584 57 24 have
794 585 64 24 since
877 584 59 24 been
957 584 59 24 tiied
1034 584 54 24 here
1108 584 77 24 before
1206 584 38 24 the

654 617 72 24 Chief
734 617 96 24 Justice.
868 617 12 24 I
893 617 57 24 have
961 617 83 24 lookeJ
1058 625 53 16 over
1123 617 38 24 the
1173 617 70 32 depo-

654 650 82 24 sitions
747 650 45 24 and
799 650 49 24 find
860 650 49 24 that
919 658 45 24 you
975 650 59 24 have
1044 650 59 24 been
1111 654 60 19 most
1182 658 62 16 mer-

654 683 80 31 cifully
753 682 61 24 dealt
833 683 64 24 with.
940 683 14 24 I
973 690 40 17 see
1030 690 45 25 you
1094 683 73 31 might
1186 683 58 24 have

654 716 58 23 been
732 716 100 23 indicted
842 716 35 23 for
898 716 38 23 the
955 724 64 16 more
1036 717 86 23 serious
1140 717 69 23 crime
1221 717 26 22 of

654 750 89 30 cutting
755 748 44 24 and
811 750 119 30 maiming,
941 750 18 22 it
967 757 48 16 was
1027 754 40 19 not
1075 749 57 24 until
1143 757 45 23 you
1200 748 45 24 bad

654 782 59 23 been
725 783 79 30 giving
824 783 24 22 in
861 781 84 33 charge
963 786 24 20 to
1006 783 38 23 the
1061 781 61 33 jury,
1136 782 44 23 and
1199 782 46 23 had

654 815 103 32 pleaded,
776 814 50 25 that
843 814 13 24 I
875 815 133 24 discovered
1026 823 59 16 none
1097 816 24 22 of
1136 816 39 22 the
1194 816 50 22 wit-

654 856 80 16 nesses
745 848 45 24 had
800 848 100 30 thought
910 856 84 24 proper
1005 854 23 18 to
1041 849 76 22 attend
1129 848 63 24 here.

688 881 52 24 The
760 881 84 23 Crown
863 881 140 23 Prosecutor
1016 882 56 28 said,
1093 881 28 23 he
1140 882 105 31 regreted

654 913 28 25 he
696 914 66 24 could
774 914 44 24 call
835 922 30 15 no
877 914 115 29 evidence,
1004 915 51 23 four
1067 915 116 23 witnesses
1200 914 44 24 had

654 947 58 23 been
724 946 76 25 bound
812 955 55 16 over
879 951 22 20 to
914 948 78 23 attend
1009 948 44 23 and
1064 948 51 30 give
1126 948 116 24 evidence.

656 980 53 24 One
733 979 71 24 under
826 987 63 17 some
910 980 78 24 advice
1011 988 26 16 or
1059 981 110 28 delusion,
1187 980 59 25 after

655 1013 91 31 coming
756 1013 65 24 down
833 1018 23 19 to
867 1012 149 32 Wellington,
1028 1013 44 24 had
1084 1014 96 30 thought
1190 1021 54 24 pro-

655 1053 40 24 per
707 1051 23 19 to
741 1054 29 23 go
782 1045 60 25 back
853 1047 75 30 again,
941 1046 39 24 the
993 1047 65 23 other
1075 1047 61 23 three
1148 1047 45 23 had
1205 1052 41 19 not

655 1086 64 16 come
731 1084 24 18 at
765 1079 38 29 all,
811 1080 97 23 because
920 1080 18 23 it
947 1087 47 16 was
1005 1080 49 23 said
1061 1080 58 23 their
1128 1087 114 24 expenses

655 1112 45 23 had
712 1117 40 19 not
763 1112 57 24 been
835 1112 53 31 paid
900 1120 29 16 on
941 1120 14 16 a
966 1113 85 23 former
1063 1113 111 23 occasion.

691 1145 118 29 Prisoner,
811 1157 34 5 —
847 1145 59 24 This
917 1146 19 23 is
949 1146 31 23 all
991 1154 15 15 a
1014 1146 131 32 conspiracy
1155 1147 91 30 against

656 1186 46 21 me,
726 1178 14 24 I
762 1186 47 16 was
829 1178 158 31 shipwrecked
1010 1180 62 22 since
1091 1179 14 24 I
1123 1187 46 16 saw
1188 1187 58 24 your

657 1211 90 29 Honor,
760 1211 45 24 and
817 1212 79 30 nearly
907 1212 46 23 lost
963 1219 39 23 my
1015 1212 47 24 life.

689 1244 84 31 Judge,
774 1257 33 4 —
808 1244 59 29 Yes,
879 1245 46 23 and
940 1245 97 32 entirely
1048 1245 45 23 lost
1111 1253 58 23 your
1180 1253 66 17 name

656 1277 74 24 which
741 1278 66 23 when
820 1277 13 24 I
846 1277 67 24 knew
924 1285 45 24 you
980 1286 48 15 was
1040 1278 86 32 Tyrell.

691 1310 50 25 Mr.
755 1311 107 31 Holyrod
877 1312 56 28 said,
950 1311 29 23 he
997 1312 44 23 had
1053 1312 45 24 had
1110 1320 61 16 some
1184 1320 62 16 com-

656 1345 140 22 munication
815 1345 57 22 with
892 1345 38 23 the
948 1345 93 23 witness
1059 1345 53 24 Ball
1129 1345 51 24 who
1201 1353 46 16 was

656 1377 66 23 down
743 1377 61 29 here,
818 1378 46 23 and
881 1378 99 31 perhaps
992 1378 29 23 he
1033 1386 45 16 was
1096 1379 23 23 in
1131 1386 63 16 some
1206 1379 40 23 de-

656 1418 55 23 gree
724 1416 21 17 to
757 1410 74 24 blame
840 1411 36 24 for
888 1411 37 23 his
936 1411 105 29 absence,
1053 1411 29 24 he
1093 1411 45 24 had
1150 1411 47 24 told
1209 1411 38 24 the

657 1444 91 22 witness
760 1443 49 24 that
809 1456 35 5 —

692 1475 51 24 The
753 1476 75 32 Judge
840 1476 58 30 said,
911 1476 29 24 he
948 1484 47 17 was
1007 1485 84 16 sorrow
1101 1482 21 19 to
1134 1478 114 31 interrupt

657 1510 37 22 his
707 1509 92 24 brother
814 1510 112 31 Holroyd,
938 1510 29 24 he
980 1510 81 24 should
1073 1510 108 31 certainly
1190 1511 58 23 have

658 1543 38 23 the
708 1543 117 24 witnesses
835 1543 72 23 called
918 1551 61 23 upon
989 1544 60 23 their
1064 1545 182 29 recognizances,

657 1575 45 24 and
713 1575 81 31 failing
813 1581 23 19 to
849 1584 83 23 appear
952 1576 29 23 he
1000 1576 82 24 should
1101 1585 24 15 as
1137 1578 111 31 certainly

658 1613 85 19 estreat
762 1609 73 29 them,
848 1609 53 31 they
914 1610 73 31 might
1005 1611 95 30 petition
1117 1610 38 23 the
1174 1610 74 24 Trea-

659 1649 65 16 surer
745 1642 132 24 afterwards
888 1642 20 23 if
927 1643 53 30 they
992 1643 99 31 pleased,
1105 1644 43 23 and
1165 1644 21 22 if
1203 1652 45 22 any

658 1683 43 15 one
711 1675 65 24 could
787 1676 61 23 shew
856 1675 58 31 good
925 1683 76 22 cause,
1013 1684 29 16 no
1051 1677 69 23 doubt
1126 1677 30 23 he
1166 1677 81 24 should

658 1708 58 24 have
729 1716 12 15 a
759 1710 88 30 patient
862 1709 96 32 hearing
968 1709 46 24 and
1032 1710 88 23 redress
1129 1710 21 24 if
1165 1710 29 24 he
1207 1710 40 24 de-

658 1741 80 24 served
747 1741 26 25 it.

692 1774 51 24 The
751 1775 51 24 four
810 1776 119 23 witnesses
938 1777 45 23 viz.
985 1789 36 4 —
1021 1776 101 24 Thomas
1131 1776 110 25 ThTC»l*-'
1239 1793 10 7 J

658 1808 53 24 Ball
720 1816 6 21 ;
745 1807 87 33 Joseph
844 1809 70 23 Jones
924 1818 5 20 ;
949 1809 104 25 Thcraas
1067 1811 87 31 Crosby
1162 1820 7 20 ;
1188 1811 61 24 John

658 1842 99 28 Garner,
769 1840 75 33 (chief
860 1844 116 23 constable
989 1844 26 23 of
1029 1844 150 31 Wanganui,)
1190 1853 59 15 were

658 1874 54 24 then
724 1875 71 24 called
807 1875 32 32 by
852 1877 38 23 the
901 1877 58 23 crier
971 1877 24 23 in
1007 1876 38 24 the
1057 1877 65 23 usual
1134 1886 57 22 way,
1205 1877 44 24 and

658 1913 40 18 not
708 1906 139 34 answering,
861 1909 38 24 the
911 1910 75 31 Judge
998 1910 98 24 directed
1109 1910 38 24 the
1158 1911 58 31 Jury
1227 1916 22 19 to

657 1942 79 32 ac^'dk
746 1943 39 23 the
796 1944 112 30 prisoner.

694 1976 51 23 The
766 1976 176 29 recognizances
959 1976 26 23 of
1006 1976 54 23 £40
1081 1976 55 23 each
1155 1977 94 23 witness

659 2015 59 17 were
731 2008 54 23 then
796 2007 95 25 ordered
903 2013 23 18 to
938 2009 28 22 be
980 2008 121 24 estreated.

694 2040 47 24 His
755 2040 81 25 Honor
854 2041 24 23 in
898 2041 147 31 discharging
1065 2041 37 24 the
1119 2042 55 32 jury
1192 2042 56 29 said,

659 2075 39 23 the
711 2079 82 26 county
805 2081 47 16 was
865 2075 66 23 much
945 2074 90 31 obliged
1044 2080 21 18 to
1076 2075 60 23 them
1144 2075 35 23 for
1190 2075 59 23 their

659 2108 107 23 services.
803 2107 40 24 He
854 2107 45 24 had
911 2107 48 24 also
978 2112 23 19 to
1013 2108 51 30 give
1076 2108 60 24 them
1148 2108 37 24 his
1196 2116 53 23 per-

659 2141 65 23 sonal
736 2140 84 24 thanks
832 2140 35 24 for
887 2141 38 23 the
943 2145 66 26 great
1020 2141 109 24 attention
1141 2141 54 32 they
1206 2141 44 23 had

658 2174 54 32 paid
723 2180 23 17 to
758 2174 38 23 the
813 2174 88 24 several
919 2181 72 21 cases,
1013 2175 44 23 and
1075 2174 70 24 added
1166 2174 28 24 he
1206 2174 44 23 had

659 2207 86 24 seldom
757 2207 43 24 had
813 2214 14 16 a
838 2214 63 17 more
912 2208 149 31 painstaking
1068 2208 44 24 and
1121 2208 128 31 intelligent

655 2241 64 32 jury-

694 2301 30 24 In
742 2301 39 24 the
799 2309 54 16 case
875 2301 25 24 of
914 2301 40 24 the
972 2301 84 26 Queen
1068 2302 89 31 against
1169 2301 33 25 D.
1216 2301 33 24 £.

660 2335 83 31 Byass.

694 2375 58 24 This
764 2383 45 15 was
821 2383 30 15 an
863 2375 79 31 appeal
962 2376 91 30 against
1065 2383 13 15 a
1089 2375 127 24 conviction
1228 2375 26 24 of

659 2408 33 24 A.
713 2408 32 24 E.
759 2408 163 30 M'Donough,
935 2408 69 31 Esq.,
1018 2408 69 24 Chief
1101 2408 79 24 Police
1196 2408 55 24 Ma-

659 2442 103 30 gistrate,
775 2442 36 23 for
823 2449 29 16 an
865 2441 87 31 alleged
964 2442 78 31 illegal
1053 2442 105 30 retailing
1170 2449 29 16 on
1211 2441 39 24 the

662 2475 57 24 13th
740 2475 129 23 December
886 2475 52 28 last,
960 2483 13 15 a
1000 2475 86 23 certain
1106 2475 103 31 quantity
1229 2474 25 24 of

660 2508 124 32 spirituous
802 2508 84 31 liquor,
907 2512 22 19 to
950 2508 45 29 wit,
1015 2515 43 16 one
1075 2508 49 32 pint
1144 2515 62 16 more
1226 2515 26 16 or

659 2541 55 29 less,
727 2540 71 25 called
809 2541 98 31 brandy.

694 2580 93 24 Brewer
797 2581 36 23 for
845 2581 122 32 appellant.

694 2614 64 23 Ross
768 2614 36 23 for
816 2614 146 32 respondent.

694 2655 93 23 Brewer
798 2655 75 23 stated
893 2655 29 23 he
941 2655 44 24 had
1006 2655 137 25 understood
1155 2655 49 24 that
1216 2655 37 24 his

659 2688 93 24 learned
763 2688 74 23 friend
856 2688 49 23 Mr.
919 2688 62 24 Ross
1001 2688 45 24 had
1066 2689 82 23 waived
1169 2696 29 16 an
1211 2689 41 23 ob-

658 2721 86 31 jection
757 2721 72 23 which
841 2721 30 23 he
889 2721 73 31 might
981 2721 59 24 have
1061 2722 68 24 taken
1141 2729 26 17 as
1179 2726 23 19 to
1215 2722 38 23 the

661 2755 75 22 notice
746 2757 23 20 to
783 2754 37 23 the
837 2754 163 31 complainant.

694 2792 64 24 Ross
778 2792 49 23 said
849 2800 47 23 yes,
917 2792 63 24 there
999 2801 58 16 were
1076 2794 178 24 circumstances

660 2825 28 23 he
700 2825 147 29 understood,
860 2827 123 23 connected
1002 2824 54 27 with
1076 2827 38 24 the
1126 2827 73 24 Court
1209 2827 43 23 be-

659 2858 52 29 low,
722 2858 73 24 which
807 2858 46 24 had
866 2863 39 20 not
922 2859 58 24 been
995 2860 111 29 foreseen,
1118 2860 43 24 and
1178 2860 75 24 which

660 2891 124 32 prevented
795 2892 39 23 the
854 2893 86 23 notices
961 2893 70 31 being
1042 2894 79 23 served
1132 2894 23 23 in
1168 2901 85 24 proper

660 2926 64 23 time.

695 2964 47 24 His
755 2964 83 25 Honor
849 2965 119 24 remarked
981 2966 63 24 there
1053 2975 58 16 were
1122 2972 44 18 two
1176 2967 78 31 points

660 3010 33 4 —
698 2999 36 23 Ist
753 2998 39 24 the
811 2999 106 30 entering
934 2999 49 23 into
1003 3001 183 30 recognizances,
1209 2999 45 24 and

660 3030 80 32 2ndly,
752 3031 38 24 the
801 3032 81 31 giving
900 3032 37 24 the
955 3033 106 31 required
1079 3034 73 23 notice
1173 3034 24 23 in
1209 3033 45 24 due

660 3065 64 23 time.

693 3107 64 24 Ross
758 3120 33 4 —
792 3107 77 25 There
888 3116 45 16 was
953 3117 13 15 a
986 3117 82 16 reason
1087 3110 34 23 for
1131 3114 42 19 not
1183 3109 71 32 being

660 3140 50 24 able
722 3145 22 19 to
757 3145 64 20 enter
832 3142 48 24 into
893 3142 38 24 the
941 3150 120 23 necessary
1069 3143 183 31 recognizances,

659 3173 41 24 but
713 3174 62 23 there
793 3182 47 16 was
861 3182 30 16 no
908 3175 150 32 impediment
1076 3181 24 18 to
1117 3177 78 30 giving
1214 3176 39 24 the

658 3207 84 28 notice,
755 3207 74 24 which
840 3209 65 30 point
917 3208 30 24 he
959 3209 82 24 should
1053 3213 40 20 not
1103 3211 80 22 waive.

692 3244 93 25 Brewer
785 3257 34 5 —
820 3244 14 25 I
852 3246 139 24 understood
1011 3255 45 22 you
1074 3252 23 18 to
1117 3248 70 23 waive
1208 3246 42 30 all,

658 3277 46 24 and
719 3285 25 16 so
755 3286 45 23 you
812 3279 51 23 said
874 3283 23 19 to
908 3287 37 16 me
962 3279 117 32 distinctly
1090 3281 24 23 in
1125 3288 39 23 my
1176 3281 75 24 office.

693 3310 63 24 Ross
758 3323 32 5 —
790 3311 47 28 No,
851 3311 13 24 I
876 3311 28 24 do
917 3316 38 19 net
966 3314 71 23 waive
1049 3314 38 24 the
1098 3315 85 23 notice.

693 3351 52 24 The
762 3351 75 31 Judge
854 3351 49 24 said
922 3352 28 24 do
969 3352 14 24 I
995 3353 138 25 understand
1145 3362 45 23 you
1202 3354 48 24 Mr.

658 3384 64 24 Ross
735 3389 24 19 to
769 3392 42 23 say
822 3384 51 24 that
891 3385 38 23 the
948 3386 89 24 notices
1054 3394 60 17 were
1130 3392 41 19 not
1183 3387 69 32 given

658 3418 23 23 in
692 3425 84 23 proper
786 3418 63 29 time,
861 3418 45 24 and
919 3418 45 24 this
976 3427 45 23 you
1034 3420 65 24 stand
1110 3428 71 24 upon.

693 3450 62 24 Ross
757 3464 33 3 —
790 3451 49 24 Yes
851 3458 58 25 your
922 3451 91 25 Honor.

693 3488 51 24 The
766 3490 75 30 Judge
844 3502 32 4 —
877 3490 14 23 I
911 3497 38 16 see
967 3490 40 24 the
1028 3492 86 24 notices
1130 3499 60 17 were
1210 3497 41 20 not

658 3522 81 23 served
750 3523 22 22 in
785 3523 62 23 time.
884 3522 75 24 Order
971 3524 131 25 confirmed.

1886 120 104 23 Cheese:
2006 118 106 23 Cheshire
2230 120 14 21 0
2272 120 12 19 1
2312 120 15 21 4
2344 132 19 7 ..
2381 119 15 20 0
2424 120 11 21 1
2462 122 13 21 6

2004 146 56 22 Pine
2070 145 75 28 Apple
2167 159 45 8 ....
2230 146 14 21 0
2273 146 12 21 1
2313 146 13 20 2
2343 159 20 7 ..
2381 146 15 21 0
2423 147 14 20 0
2462 150 13 19 0

2004 171 77 24 Dutch
2231 173 14 20 0
2272 174 15 19 0
2314 173 13 20 8
2344 185 19 7 ..
2382 172 15 20 0
2423 173 15 20 0
2451 173 24 22 10

1995 199 30 22 N.
2037 199 26 22 Z.
2073 198 74 33 perlb
2228 199 15 21 0
2271 199 12 21 1
2312 199 14 20 6
2343 211 19 7 ..
2381 199 14 19 0
2421 199 14 20 0
2461 201 14 21 0

1886 228 107 22 Candlei
2000 233 6 18 ;
2013 225 95 28 English
2116 232 57 21 wax,
2179 232 41 21 per

2030 252 24 22 lb
2230 253 14 20 0
2271 252 15 21 2
2313 252 13 20 3
2344 263 19 8 ..
2381 251 15 21 0
2423 252 14 21 3
2462 254 13 21 9

1995 279 137 27 Sperm....
2231 279 14 20 0
2274 279 10 20 1
2302 278 27 21 10
2345 290 19 7 ..
2383 278 14 20 0
2423 278 14 21 3
2462 281 13 20 0

1995 305 82 23 Mould
2230 305 14 21 0
2272 306 15 20 0
2314 305 14 21 6
2345 316 19 8 ..
2381 304 15 20 0
2423 305 14 20 0
2462 306 12 21 8

1996 333 58 27 Dips
2230 333 14 20 0
2272 332 15 20 0
2313 330 14 20 5
2343 343 21 7 ..
2381 331 15 20 0
2423 331 15 20 0
2462 334 13 19 0

1887 359 96 22 Flour:
1991 359 133 27 lstquality,
2134 366 41 20 per
2178 361 40 19 ton

2010 385 26 22 of
2046 386 55 21 2000
2110 385 35 22 lbs
2215 384 26 22 15
2270 385 14 20 0
2312 385 14 20 0
2343 384 53 21 ..16
2426 385 13 20 0
2463 387 12 20 0

1987 412 45 21 2nd
2042 411 56 22 ditto
2231 413 13 19 0
2273 412 14 20 0
2315 411 13 21 0
2345 423 19 7 ..
2383 411 15 20 0
2425 411 14 20 0
2463 414 12 19 0

1887 438 77 23 Flax:
1981 438 28 22 N.
2020 439 26 21 Z.
2056 445 40 20 per
2105 442 40 18 ton
2168 437 76 22 ....15
2272 439 15 20 0
2314 438 14 20 0
2345 450 20 7 ..
2381 437 15 20 0
2423 437 14 21 0
2462 439 13 21 0

1915 465 74 22 Do.—
1990 465 134 22 onboard—
2124 464 118 27 pressedl7
2270 465 14 20 0
2312 465 14 19 0
2343 477 19 7 ..
2380 463 15 21 0
2421 463 14 21 0
2460 466 13 20 C

1889 492 61 22 Gin:
1972 491 53 22 Pale
2041 491 25 21 in
2076 491 61 22 bond
2232 493 14 19 0
2274 491 14 21 3
2315 491 14 21 6
2346 503 19 7 ..
2383 491 15 19 0
2424 490 13 20 5
2463 493 13 19 6

1938 519 63 24 Case,
2009 519 15 21 4
2029 517 38 26 gal
2075 519 38 20 4-5
2122 518 25 22 in
2156 517 60 22 bond
2231 518 11 20 1
2272 519 15 19 0
2314 519 14 19 0
2345 530 19 7 ..
2383 516 12 20 1
2423 516 14 20 5
2463 519 12 20 0

1888 544 84 23 Hams:
1987 543 130 27 Yorkshire,
2131 543 86 28 perlb.
2232 545 14 20 0
2274 545 15 20 0
2315 543 14 21 5
2346 556 19 8 ..
2384 545 14 19 0
2425 544 14 20 0
2462 543 13 23 7

1973 571 29 22 N.
2014 571 26 22 Z.
2050 571 74 26 perlb
2233 572 15 20 0
2275 571 14 20 0
2317 571 13 21 0
2347 583 19 7 ..
2385 571 14 20 0
2425 571 15 19 0
2463 570 12 22 5

1889 597 116 23 Mustard
2012 605 5 14 :
2032 597 45 22 Per
2085 597 73 23 dozen
2170 610 45 8 ....
2233 599 14 19 0
2263 597 27 21 16
2317 598 13 19 0
2347 610 5 7 .
2359 609 7 7 .
2385 595 55 22 018
2465 599 12 19 0

1889 625 103 22 Mutton
1999 632 6 15 :
2025 625 96 21 Carcase
2129 630 42 21 per
2178 623 24 22 lb
2212 639 6 6 .
2233 625 14 20 0
2275 625 14 19 0
2317 624 13 21 7
2347 637 5 6 .
2359 636 7 7 .
2384 623 15 21 0
2425 624 14 20 0
2464 625 12 20 9

1889 651 124 23 Muskets:
2028 651 95 21 Walnut
2128 649 93 23 stocked
2234 651 13 20 0
2263 649 26 22 15
2317 651 13 19 0
2347 663 19 7 ..
2386 649 11 21 1
2427 651 13 19 0
2466 652 11 20 0

1889 678 80 22 Milk:
1985 677 99 28 Perpint
2233 678 14 20 0
2275 678 14 20 0
2317 677 12 20 2
2347 689 19 7 ..
2384 677 14 20 0
2425 677 14 20 0
2463 677 13 21 3

1889 705 94 22 Maize:
1999 712 40 20 per
2048 703 80 23 bushel
2233 705 13 20 0
2274 704 15 20 3
2317 704 12 20 0
2347 716 21 8 ..
2385 704 14 20 0
2426 703 14 21 3
2465 704 12 21 6

1889 731 45 23 Oil
1941 739 6 15 :
1963 730 105 25 Linseed,
2077 738 42 20 per
2127 730 76 27 gallon
2212 731 35 21 .0
2274 731 15 20 6
2317 730 13 20 6
2347 743 6 7 .
2360 743 6 7 .
2385 730 14 20 0
2426 729 14 21 7
2465 731 12 21 6

1964 757 78 27 Black,
2046 757 24 22 in
2075 757 173 28 cask,pertonlß
2276 758 15 20 0
2319 757 12 20 0
2348 757 51 20 ..20
2427 757 14 20 0
2465 759 12 19 0

1999 785 80 25 Sperm
2215 782 42 22 50'
2271 783 13 20 0
2313 783 13 20 0
2343 783 52 22 ..75
2424 783 12 19 0
2464 784 11 18 0

1889 811 78 23 Pork:
1983 810 77 27 Fresh,
2078 817 89 15 carcase
2182 817 40 20 per

2007 838 22 22 lb
2232 838 14 20 0
2274 839 14 19 0
2316 837 13 21 0
2347 849 19 7 ..
2384 837 14 20 0
2427 838 13 19 0
2465 837 12 22 4

1890 865 65 22 Pork
1962 872 5 14 :
1984 864 66 27 Irish,
2060 872 41 19 per
2109 863 75 23 barrel
2195 878 6 6 .
2208 877 6 7 .
2233 865 14 19 0
2275 865 14 19 0
2318 865 35 19 0.
2361 876 6 6 .
2385 863 56 21 410
2466 865 11 19 0

1972 891 58 22 N.Z
2230 891 14 21 2
2259 891 27 21 10
2313 891 14 21 0
2343 903 19 7 ..
2381 889 15 21 3
2423 891 14 20 0
2463 891 12 21 0

1890 918 132 23 Potatoes:
2042 917 57 23 New
2113 917 108 27 Zealand,

2067 952 40 19 per
2116 948 40 18 ton
2169 957 45 7 ....
2232 944 15 21 4
2275 945 14 20 0
2318 945 12 20 0
2347 957 6 7 .
2359 956 7 7 .
2385 944 14 20 6
2427 945 14 19 0
2465 945 12 20 0

1890 972 95 22 Porter
1993 978 6 15 :
2029 971 104 26 Dunbar,
2144 971 25 21 in
2175 971 46 21 bot.

2058 997 93 28 perdoz
2233 999 14 19 0
2275 997 14 21 9
2317 999 12 19 0
2347 1009 19 8 ..
2384 998 15 20 0
2413 997 27 21 12
2465 998 12 20 6

1998 1024 88 28 Bryant
2094 1023 47 23 and
2150 1024 70 21 Davis
2234 1025 13 20 0
2275 1025 14 20 9
2317 1025 12 20 0
2347 1037 6 7 .
2360 1036 7 8 .
2385 1020 56 25 612
2466 1026 11 19 0

1889 1052 101 22 Pickles
2000 1059 6 14 :
2037 1051 118 26 Assoited,
2183 1057 40 21 per

2063 1077 70 27 doz.,i
2146 1081 75 24 quarts
2235 1079 13 19 0
2263 1077 26 21 15
2319 1079 11 19 0
2348 1090 20 7 ..
2387 1079 13 19 0
2416 1077 26 22 17
2467 1078 10 20 0

1889 1105 76 23 Pitch
1978 1112 5 15 :
2016 1104 139 27 Stockholm,
2184 1111 40 21 per

2039 1131 73 23 barrel
2234 1132 14 20 2
2277 1133 13 20 0
2319 1133 12 19 0
2348 1144 20 6 ..
2386 1132 14 20 0
2427 1132 14 20 0
2467 1133 12 19 0

1891 1159 82 22 Plank
1980 1166 6 14 :
2014 1158 54 22 Port
2091 1158 131 27 Nicholson,

2039 1192 41 20 per
2089 1187 40 19 100
2139 1185 46 21 feet
2197 1199 5 6 .
2209 1199 7 6 .
2234 1187 14 19 0
2277 1186 14 20 6
2319 1186 12 20 0
2348 1197 6 7 .
2361 1197 7 7 .
2386 1184 55 22 010
2467 1187 10 19 0

1890 1211 70 23 Rice:
1974 1212 110 22 Common
2093 1218 40 21 per
2139 1215 49 19 cwt.
2199 1226 18 6 ..
2236 1213 55 20 010
2320 1213 49 19 0..
2388 1213 13 19 0
2429 1213 13 19 0
2468 1213 11 19 0

1974 1239 66 21 Good
2235 1241 12 19 0
2263 1238 27 22 15
2320 1239 12 20 0
2350 1251 18 7 ..
2387 1239 14 20 0
2428 1239 14 20 0
2467 1240 11 20 0

1890 1265 56 23 Rum
1953 1272 6 15 :
1976 1265 24 23 P.
2011 1265 27 22 B.
2049 1265 35 26 P.,
2098 1272 40 19 per
2148 1265 75 26 gallon

2013 1292 22 22 in
2051 1292 62 22 bond
2235 1293 14 20 0
2277 1293 15 20 4
2319 1292 12 20 3
2349 1304 19 7 ..
2387 1293 14 19 0
2427 1292 15 21 0
2467 1293 12 20 0

1890 1319 91 23 Sugar:
1997 1319 122 22 Mauritius
2127 1325 42 20 per
2175 1322 48 18 cwt.
2239 1320 14 20 0
2281 1320 14 19 0
2322 1319 49 20 0..
2404 1324 57 15 none

1999 1346 83 22 Brown
2096 1345 56 21 ditto
2169 1347 77 20 ....0
2275 1347 14 20 0
2317 1346 13 20 0
2347 1357 19 7 ..
2385 1345 14 21 0
2427 1347 14 19 0
2467 1347 11 20 0

2000 1372 98 22 Refined
2114 1372 54 27 loaf,
2185 1379 39 21 per

2026 1399 23 22 lb
2235 1401 14 19 0
2277 1400 15 20 0
2319 1398 12 21 5
2350 1412 19 6 ..
2387 1400 14 20 0
2428 1399 14 21 0
2467 1400 12 20 6

2002 1425 96 23 Manilla
2118 1432 40 21 per
2171 1429 47 19 cwt.
2235 1427 11 20 1
2276 1427 14 20 0
2319 1427 12 20 0
2348 1438 20 7 ..
2387 1425 10 21 1
2431 1426 48 21 16

1891 1454 60 21 Salt
1959 1460 5 15 :
1982 1452 126 28 Liverpool,
2119 1459 41 21 per
2169 1455 38 19 t0n
2216 1453 33 21 .15
2278 1454 15 20 0
2320 1453 12 20 0
2350 1452 52 22 ..18
2429 1454 13 19 0
2468 1454 11 20 0

1891 1480 60 22 Soap
1960 1488 6 14 :
1993 1479 103 23 Hawes's
2122 1479 100 26 London,

2019 1514 39 20 per
2065 1510 38 18 ton
2221 1507 27 20 40
2277 1508 14 19 0
2319 1507 12 19 0
2350 1519 18 7 ..
2387 1507 15 20 0
2429 1507 13 19 0
2470 1508 10 19 0

2011 1533 118 27 Liverpool
2221 1533 27 21 35
2278 1535 14 19 0
2321 1534 11 18 0
2350 1545 18 7 ..
2387 1533 15 21 0
2428 1534 14 19 0
2469 1535 10 19 0

1891 1561 27 21 Si
1922 1573 14 9 a
1939 1568 56 14 hch:
2011 1559 76 23 Perlb
2237 1561 14 19 0
2279 1561 14 19 0
2321 1559 48 20 5..
2388 1561 14 19 0
2430 1561 13 19 0
2468 1561 12 20 0

1891 1587 144 22 Scantling:
2052 1587 42 21 Per
2102 1587 41 21 100
2152 1586 67 22 feet..
2238 1588 14 19 0
2279 1587 15 20 6
2322 1587 11 20 0
2352 1599 18 7 ..
2390 1587 13 20 0
2430 1587 14 21 8
2470 1589 10 19 0

1892 1614 128 22 Shingles:
2037 1613 43 22 Per
2088 1614 62 26 1000,
2159 1613 28 21 N.
2196 1613 26 21 Z.
2237 1615 14 19 0
2279 1614 14 20 6
2321 1614 12 20 0
2351 1625 19 8 ..
2389 1615 13 19 0
2418 1613 26 21 10
2470 1615 10 19 0

2023 1640 71 27 Ditto,
2115 1639 30 22 V.
2157 1639 28 22 D.
2197 1640 25 22 L.
2237 1641 13 19 0
2279 1641 14 20 0
2321 1641 12 20 0
2351 1653 6 7 .
2364 1653 6 6 .
2388 1641 14 19 0
2418 1640 25 21 12
2468 1642 11 19 0

1891 1667 62 23 Tar.
1972 1667 53 23 Coal
2239 1667 9 20 1
2279 1669 14 19 0
2322 1668 11 19 0
2352 1680 18 6 ..
2392 1667 9 19 1
2430 1667 13 20 5
2471 1669 9 19 0

1974 1693 130 23 Stockholm
2239 1695 14 20 2
2281 1695 14 20 0
2322 1695 49 19 0..
2390 1695 13 19 0
2431 1695 13 19 0
2470 1696 10 19 0

1891 1721 64 23 Tea:
1964 1721 82 28 Hyson
2051 1720 56 27 skin,
2113 1727 41 21 per
2164 1720 62 22 chest
2238 1722 15 20 4
2281 1722 13 20 0
2322 1721 12 20 0
2352 1733 19 8 ..
2390 1721 14 21 6
2430 1721 14 20 6
2471 1722 9 20 0

1968 1749 95 26 Congou
2238 1749 14 20 8
2281 1749 13 20 0
2322 1747 81 22 0..13
2430 1749 13 19 0
2469 1749 11 19 0

1891 1775 106 22 Tobacco
2007 1782 5 14 :
2026 1774 144 27 Negrohead,
2187 1781 40 22 per

2051 1801 33 21 lb.
2096 1801 25 22 in
2137 1801 60 22 bond
2238 1803 14 19 0
2281 1802 10 20 1
2322 1802 35 21 6.
2365 1815 6 6 .
2390 1803 13 20 0
2432 1801 9 21 1
2469 1802 11 20 9

1892 1829 166 22 Turpentine:
2074 1828 43 22 Per
2122 1827 98 28 gallon..
2239 1830 14 19 0
2281 1829 13 21 7
2322 1829 12 20 6
2352 1841 20 7 ..
2391 1830 13 19 0
2431 1829 13 20 8
2470 1829 10 20 0

1893 1855 163 22 Whalebone:
2073 1855 44 22 Per
2126 1858 39 18 ton
2176 1869 17 7 ..
2202 1856 65 20 ..100
2282 1857 14 19 0
2323 1856 13 20 0
2354 1856 64 20 ..120
2433 1857 12 19 0
2472 1857 8 18 0

1894 1882 83 22 Wine:
1992 1883 90 26 Sherry,
2094 1889 39 20 per
2142 1881 50 28 pipe
2202 1883 51 21 ..20
2282 1883 13 20 0
2323 1883 12 20 0
2352 1883 52 20 ..40
2432 1883 12 19 0
2471 1884 9 19 0

2004 1909 71 26 Ditto,
2091 1916 41 19 per
2147 1908 78 22 dozen.
2242 1910 9 20 1
2282 1910 14 20 0
2324 1910 12 20 0
2353 1922 19 7 ..
2391 1909 13 20 2
2432 1910 12 19 0
2472 1910 8 19 0

2004 1936 61 26 Port,
2075 1942 40 21 per
2126 1935 49 27 pipe
2200 1936 51 21 ..25
2279 1937 14 20 0
2321 1937 12 20 0
2351 1936 51 21 ..40
2429 1937 13 20 0
2468 1937 11 19 0

2070 1970 41 18 per
2122 1963 48 20 doz.
2200 1976 5 5 .
2212 1976 6 5 .
2239 1963 10 20 1
2279 1964 14 19 0
2321 1963 12 20 0
2350 1975 5 7 .
2362 1975 7 7 .
2388 1964 14 20 2
2429 1964 13 18 0
2468 1963 11 20 0

2004 1987 151 28 Champagne,
2170 1987 55 21 ditto
2239 1989 14 20 0
2280 1989 14 20 0
2322 1989 12 19 0
2352 2001 19 7 ..
2389 1989 14 20 0
2430 1989 13 20 C
2470 1989 10 19 0

2004 2014 75 22 Claret
2240 2015 14 21 0
2270 2015 26 21 10
2323 2015 13 20 0
2353 2028 19 6 ..
2391 2016 13 19 0
2432 2015 13 20 0
2471 2015 9 19 0

1895 2043 121 21 Poultry:
2032 2041 80 26 Fowls,
2120 2048 40 20 per
2167 2041 59 28 pair.
2242 2043 13 19 0
2282 2042 14 20 3
2324 2043 12 19 6
2354 2054 19 7 ..
2392 2042 13 20 0
2432 2041 13 21 5
2471 2043 9 19 0

2031 2067 85 27 Ducks,
2127 2067 56 22 ditto
2202 2082 6 6 .
2215 2083 6 5 .
2241 2070 13 19 0
2282 2069 13 20 5
2323 2069 13 21 0
2354 2082 5 6 .
2366 2081 7 7 .
2391 2069 13 19 0
2432 2069 13 19 8
2471 2069 9 20 0

2032 2095 80 26 Geese,
2124 2095 56 21 each
2202 2109 18 6 ..
2239 2097 14 19 0
2269 2096 26 20 10
2322 2096 12 20 0
2352 2108 19 6 ..
2390 2097 13 19 0
2418 2095 26 21 12
2471 2097 9 19 0

2030 2121 111 28 Turkeys,
2152 2121 55 23 each
2244 2123 9 20 1
2283 2123 14 19 0
2325 2123 11 20 0
2355 2135 6 6 .
2368 2135 6 6 .
2395 2122 9 20 1
2433 2122 13 20 5
2472 2123 8 19 0

2032 2149 105 25 Pigeons,
2148 2148 77 27 (wild,)

2058 2182 41 21 per
2107 2175 50 28 pair
2178 2177 78 19 ....0
2283 2177 13 18 0
2324 2177 82 20 0..0
2433 2177 13 20 0
2471 2177 9 19 0

2032 2202 85 26 Ducks,
2126 2202 36 22 do.
2173 2202 50 22 do..
2242 2204 14 20 0
2284 2203 14 20 5
2325 2204 13 19 0
2355 2216 19 6 ..
2393 2203 13 21 0
2434 2204 13 20 0
2472 2203 8 20 0

1896 2231 74 24 Eoajs:
1987 2230 43 22 Per
2040 2229 73 22 dozen
2244 2231 13 19 0
2287 2230 9 21 1
2326 2230 12 20 6
2355 2243 20 7 ..
2394 2231 13 18 0
2434 2231 13 19 0
2472 2230 8 20 0

1896 2258 78 22 Cows:
1989 2256 72 23 Milch
2231 2257 26 21 12
2284 2258 15 20 0
2326 2258 12 19 0
2355 2257 53 21 ..20
2434 2258 12 19 0
2472 2257 8 20 0

1896 2285 97 22 Mares:
2009 2283 76 22 Brood
2228 2285 28 19 20
2284 2285 14 19 0
2325 2285 12 19 0
2355 2283 52 22 ..70
2434 2285 13 19 0
2471 2284 9 20 0

1896 2311 118 22 Working
2030 2311 135 21 Bullocks:
2187 2310 43 21 Per

1922 2338 51 27 pair
2229 2338 29 21 30
2285 2338 14 20 0
2327 2338 11 19 0
2357 2336 50 22 ..35
2435 2338 13 20 0
2472 2337 8 19 0

1897 2365 64 22 Hire
1973 2372 26 15 of
2010 2372 68 14 ditto
2086 2371 5 14 :
2106 2363 44 22 Per
2158 2363 49 28 day,
2216 2370 14 15 a

1924 2395 61 19 team
1993 2391 47 22 and
2047 2391 75 22 driver
2244 2392 13 20 0
2272 2390 26 22 15
2327 2392 13 20 0
2357 2404 19 7 ..
2395 2391 13 21 0
2435 2392 13 19 0
2472 2392 8 19 0

1897 2418 88 23 Sheep:
2001 2417 62 23 Each
2242 2418 14 21 0
2271 2417 26 21 15
2325 2418 13 20 0
2355 2430 21 8 ..
2395 2418 9 20 1
2434 2417 12 21 5
2471 2417 9 21 0

1897 2446 63 21 Boat
1972 2445 73 22 Hire:
2061 2444 43 22 Per
2110 2445 52 26 day,
2167 2444 63 22 with-

2089 2474 40 19 out
2139 2471 72 22 hands
2220 2486 6 7 .
2242 2473 14 20 0
2271 2472 27 21 10
2326 2472 12 20 0
2355 2485 20 7 ..
2396 2472 8 20 1
2435 2472 13 20 0
2471 2472 9 20 0

1896 2498 88 23 Wages
1990 2505 6 15 :
2025 2497 142 28 Mechanics,
2192 2505 40 20 per

2058 2524 44 27 day
2244 2526 14 20 0
2286 2526 14 20 6
2327 2526 13 21 0
2357 2539 20 6 ..
2395 2526 14 20 0
2435 2526 13 20 8
2472 2525 8 20 0

2033 2551 129 22 Labourers
2178 2553 79 20 ....0
2284 2552 14 21 3
2325 2553 83 20 0..0
2435 2552 12 21 5
2472 2552 8 21 0

1897 2579 69 22 Bark
1974 2586 5 14 :
1994 2579 31 22 N.
2035 2579 27 22 Z.
2072 2586 40 19 per
2122 2581 38 19 ton
2174 2592 46 7 ....
2237 2579 14 20 3
2281 2580 14 20 0
2322 2580 12 19 0
2352 2593 7 6 .
2366 2592 7 7 .
2390 2580 14 20 4
2430 2580 14 21 0
2468 2580 11 20 0

1898 2606 79 21 Black
1987 2606 52 22 Dye
2047 2605 47 22 :N.
2103 2605 26 22 Z.
2138 2612 40 20 per
2186 2609 37 18 ton
2238 2606 14 20 5
2281 2606 14 21 0
2322 2606 12 20 0
2352 2620 6 6 .
2366 2619 5 6 .
2390 2607 14 20 6
2432 2607 13 20 0
2469 2606 11 20 0

1898 2632 72 23 Wool
1980 2632 50 22 :N.
2042 2632 25 23 Z.
2078 2639 40 21 per
2127 2632 23 22 lb
2239 2634 14 19 0
2281 2634 14 19 0
2322 2633 12 20 9
2354 2647 5 5 .
2367 2646 5 6 .
2392 2634 12 20 0
2434 2634 9 20 1
2469 2633 11 20 0

1897 2659 107 22 Timber:
2029 2660 29 21 N.
2080 2659 25 22 Z.
2117 2659 113 22 furniture

1924 2693 40 20 per
1974 2688 41 19 100
2025 2686 45 23 feet
2242 2688 14 20 2
2284 2688 14 19 0
2326 2688 13 19 0
2357 2700 6 7 .
2371 2700 5 7 .
2394 2687 14 20 2
2423 2687 24 21 10
2471 2687 9 20 0

1898 2713 125 22 Cordage:
2032 2713 94 27 English
2133 2721 39 20 per
2178 2718 49 17 cwt.
2242 2714 14 21 3
2284 2713 13 21 5
2326 2714 12 20 0
2357 2728 19 5 ..
2395 2714 13 20 0
2435 2715 12 18 0
2471 2714 9 19 0

2025 2740 64 23 N.Z.
2093 2741 96 22 without
2195 2743 35 18 tar
2243 2740 14 21 3
2286 2741 14 20 0
2327 2741 13 20 0
2358 2754 19 7 ..
2395 2741 13 20 0
2435 2741 13 20 0
2471 2740 9 21 0

1900 2766 118 23 Canvass:
2033 2775 40 19 per
2087 2768 48 21 bolt
2246 2769 9 19 1
2274 2767 25 22 15
2327 2768 13 20 0
2358 2780 20 9 ..
2395 2768 14 21 2
2435 2767 13 20 5
2472 2767 8 20 0

1899 2793 93 22 Cofper
1999 2801 6 14 :
2020 2794 106 27 sheeting
2144 2801 40 20 per
2197 2793 30 22 lb.
2244 2796 14 20 0
2288 2794 10 21 1
2327 2795 13 20 6
2358 2807 6 6 .
2371 2808 7 6 .
2395 2795 14 19 0
2435 2794 14 21 0
2472 2794 8 20 0

2018 2821 64 22 Bolts
2244 2822 14 20 0
2287 2821 10 21 1
2327 2821 82 21 9..0
2435 2822 13 19 0
2472 2820 8 20 0

2016 2847 65 22 Nails
2243 2849 15 20 0
2284 2847 14 20 5
2326 2848 51 20 0..
2396 2848 13 19 0
2437 2848 12 20 6
2473 2847 7 20 0

1900 2873 80 23 Lead:
1995 2874 64 22 sheet
2067 2881 41 19 per
2118 2878 41 18 ton
2177 2875 78 20 ....30
2282 2875 15 20 0
2324 2875 13 20 0
2356 2874 50 21 ..35
2435 2874 45 24 0,0

1900 2900 60 22 Iron
1969 2907 5 14 :
1985 2901 95 27 English
2091 2901 40 22 bar
2141 2908 41 20 per
2190 2901 68 21 tonl4
2286 2902 14 20 0
2327 2902 13 20 0
2359 2914 19 7 ..
2397 2902 13 20 0
2437 2901 12 20 0
2473 2900 7 20 0

1981 2927 68 27 Hoop
2058 2935 40 20 per
2105 2932 39 17 ton
2227 2928 27 21 25
2283 2928 15 20 0
2324 2928 13 20 0
2355 2942 20 6 ..
2394 2929 14 20 0
2434 2928 13 20 0
2470 2927 10 20 0

1900 2954 44 21 Oil
1955 2953 79 23 Butts
2044 2961 5 14 :
2072 2954 116 23 Gordon's
2206 2961 26 15 or

2045 2981 71 22 Mills'
2124 2988 41 21 per
2173 2981 54 28 imp.

2044 3010 42 20 tun
2241 3009 14 21 3
2283 3009 15 20 0
2325 3009 13 20 0
2355 3021 20 7 ..
2394 3008 13 21 3
2422 3007 24 22 15
2470 3007 10 20 0

2135 3035 123 22 DUTIES.

1899 3062 100 22 British
2010 3062 91 23 Spirits
2318 3063 32 20 4s.
2359 3069 41 20 per
2408 3060 72 28 gallon.

1899 3088 107 23 Foreign
2016 3088 57 22 ditto
2318 3088 32 22 ss.
2359 3095 40 21 per
2406 3087 74 28 gallon.

1899 3115 106 22 Tobacco
2014 3115 178 27 manufactured,
2321 3116 29 21 Is.
2359 3122 40 20 per
2408 3116 29 21 lb.

2013 3142 208 22 Unmanufactured
2317 3141 36 22 sJd.
2364 3149 40 20 per
2411 3142 30 21 lb.

1900 3169 74 22 Snuff
2319 3170 30 21 2s.
2358 3175 41 21 per
2406 3168 29 22 lb.

1900 3196 87 21 Cigars
2320 3197 30 20 2s.
2361 3203 40 20 per
2408 3195 29 22 lb.

1900 3222 83 23 Wines
2310 3223 24 21 15
2349 3229 39 21 per
2397 3223 54 21 ceut

1899 3249 56 27 Tea,
1971 3250 84 26 Sugar,
2072 3250 88 26 Flour,

1917 3276 46 22 and
1973 3276 64 23 other
2047 3276 88 28 Grain,
2146 3278 13 20 5
2169 3284 39 20 per
2218 3281 59 19 cent.
2290 3272 6 27 I
2322 3297 9 7 „
2335 3290 12 14 A
2359 3297 14 3 _
2388 3290 64 14 »„.,,_

1900 3302 39 23 All
1948 3303 65 22 other
2021 3303 107 22 Foreign
2134 3304 145 27 productions
2289 3291 14 46 f
2322 3291 28 23 ad
2359 3291 94 22 valoreOT
2454 3303 6 7 '

1913 3329 45 22 and
1962 3330 169 23 manufactures
2140 3332 26 21 10
2171 3337 40 21 per
2218 3335 59 20 cent,
2282 3325 14 32 J

2103 3363 188 24 EXCHANGE.

1899 3401 70 25 *«
1976 3403 52 23 bill*
2036 3410 31 16 on
2077 3403 96 24 Wndon
2205 3388 274 58 {**«£#£•

1900 3443 35 21 On
1945 3443 90 28 Sydney
2324 3445 72 22 Ditto.

1901 3469 89 23 Private
1999 3471 51 22 bills
2300 3470 113 24 Nominal.

1500 121 43 21 On
1556 121 72 23 Sale,

1270 151 92 50 THE
1392 151 74 22 NEW
1489 151 154 23 ZEALAND
1671 151 186 29 PORTFOLIO,

1344 178 129 23 conducted
1489 178 31 28 by
1539 178 31 23 H.
1587 179 22 22 S.
1629 178 121 28 Chapman,
1772 180 36 25 (of
1819 179 39 23 the

1271 204 85 23 Middle
1364 205 112 27 Temple,)
1487 205 215 22 Barrister-at-Law.

1296 237 44 22 No.
1353 236 20 22 I.
1373 247 30 5 —
1403 236 23 22 A
1441 236 78 22 Letter
1533 239 23 19 to
1575 236 37 22 the
1631 236 69 28 Right
1717 236 63 22 Hon.
1798 237 61 23 Lord

1269 263 99 27 Stanley,
1387 264 119 26 Secretary
1525 264 27 21 of
1567 264 62 22 State
1648 264 34 21 for
1700 262 39 23 the
1758 263 101 23 Colonial

1270 290 156 26 Department,
1459 290 36 21 On
1503 290 39 22 the
1547 290 189 22 Administration
1741 290 27 22 of
1772 290 87 22 Justice

1270 318 22 21 in
1303 317 56 22 New

1297 342 45 23 No.
1356 342 63 22 ll.—
1419 342 78 23 Letter
1511 345 24 20 to
1551 342 60 23 John
1627 342 58 23 Abel
1701 342 80 28 Smith,
1797 342 60 29 Esq.,

1272 369 68 27 M.P.,
1420 369 38 22 the
1465 370 145 26 Advantages
1617 369 72 22 which
1695 369 75 22 would
1780 377 79 15 accrue

1270 400 23 19 to
1303 396 95 27 English
1408 396 127 28 Capitalists
1544 396 58 21 from
1612 396 38 21 the
1660 396 169 22 establishment
1836 397 26 21 of

1271 431 12 14 a
1292 424 61 20 Loan
1363 424 104 25 Company
1477 423 34 22 for
1520 424 53 19 New
1582 423 99 27 Zealand,
1693 423 85 22 similar
1789 426 22 19 to
1822 422 37 23 the

1271 450 129 22 Australian
1409 450 70 22 Trust

1298 476 44 23 No.
1354 476 47 22 111.
1403 486 27 6 —
1455 477 37 22 An
1504 476 98 22 Address
1612 479 23 18 to
1645 475 37 23 the
1692 476 57 21 New
1760 476 100 22 Zealand

1272 503 65 22 Land
1347 503 140 28 Proprietors
1496 502 98 23 resident
1608 502 24 22 in
1641 502 37 22 the
1688 502 86 22 United
1789 502 72 27 King-

1271 530 59 26 dom,
1342 537 30 14 on
1387 530 87 22 several
1488 533 92 18 matters
1591 529 26 22 of
1624 530 137 27 importance
1771 533 23 18 to
1803 529 58 22 their

1298 582 45 23 No.
1360 582 41 23 IV.
1403 593 28 5 —
1459 582 37 23 On
1516 582 38 22 the
1574 582 116 23 Financial
1707 582 115 22 condition
1838 582 26 22 of

1272 610 56 21 New
1473 610 30 27 by
1514 609 91 22 Charles
1613 609 77 27 Terry,
1702 609 59 28 Esq.,
1772 609 88 25 F.R.S.,

1273 636 80 23 F.S.A.

1299 662 45 23 No.
1359 662 29 23 V.
1389 674 29 4 —
1419 664 20 21 1.
1491 662 160 23 Observations
1674 669 30 15 on
1728 662 134 26 facilitating

1272 689 141 27 Emigration
1436 692 25 19 to
1485 690 57 21 New
1565 688 108 28 Zealand,
1692 689 30 27 by
1742 695 78 15 means
1839 689 25 22 of

1273 716 116 22 Moderate
1410 716 100 27 Charges
1524 716 35 21 for
1578 716 68 21 Chief
1661 715 45 22 and
1721 715 140 22 Fore-Cabin

1434 743 28 22 In
1472 750 15 15 a
1497 742 77 22 Letter
1583 746 23 17 to
1616 741 85 29 Joseph
1711 743 85 25 Somes,
1807 742 54 28 Esq.

1271 770 41 22 &c.
1323 769 41 22 &c.
1394 769 34 27 By
1440 770 31 21 H.
1482 770 22 22 S.
1516 769 124 27 Chapman.

1298 798 21 20 2.
1361 796 22 21 A
1395 797 75 21 Letter
1480 803 27 14 on
1520 796 106 26 Banking
1634 796 24 21 in
1668 795 56 22 New

1273 823 33 27 By
1317 822 86 22 Arthur
1412 822 27 23 T.
1452 822 109 28 Holroyd,
1572 822 54 28 Esq.

1299 849 45 22 No.
1360 848 42 23 VI.
1404 860 28 4 —
1456 850 159 21 Observations
1631 855 28 16 on
1669 848 37 22 the
1717 848 145 28 Advantages

1273 876 26 21 of
1310 883 15 14 a
1342 876 186 27 Representative
1544 876 121 27 Assembly
1678 876 36 21 for
1733 876 57 22 New
1804 876 58 22 Zea-

1300 929 100 22 General
1411 929 48 23 title
1469 929 46 22 and
1525 929 150 22 introduction
1685 932 24 19 to
1719 928 37 23 the
1767 929 80 22 Series.

1464 968 69 16 PRICE
1551 968 120 15 SIXPENCE.

1525 1012 91 21 Seeds.

1273 1046 51 48 A
1339 1045 86 23 VERY
1441 1045 157 22 SUPERIOR
1612 1045 45 22 and
1667 1045 103 22 valuable
1781 1049 81 18 assort-

1352 1076 64 18 ment
1431 1073 27 21 of
1474 1072 60 22 fresh
1551 1073 69 21 Seeds
1635 1073 46 27 just
1695 1073 110 26 received,
1824 1073 37 21 the

1273 1099 47 21 first
1337 1099 26 21 of
1379 1106 14 14 a
1407 1099 90 27 regular
1513 1099 87 27 supply,
1610 1106 49 15 now
1675 1107 29 14 on
1722 1099 46 22 sale
1784 1103 22 18 at
1824 1099 38 22 the

1274 1125 70 22 Office
1345 1152 4 6 <
1363 1125 27 22 of
1406 1125 44 22 this
1470 1126 71 27 Paper
1561 1126 29 27 by
1606 1126 38 21 the
1663 1125 158 29 undersigned,
1837 1126 24 22 in

1274 1151 120 30 quantities
1403 1156 23 18 to
1435 1152 45 22 suit
1489 1152 133 27 purchasers
1629 1160 36 14 :—

1300 1184 56 22 Fine
1366 1184 54 22 seed
1428 1191 61 21 peas,
1500 1191 68 15 seven
1578 1185 110 27 varieties,

1300 1211 45 22 Do.
1374 1210 37 23 do.
1441 1211 70 22 broad
1520 1212 77 27 beans,
1608 1212 62 22 three
1680 1212 113 27 varieties,

1300 1238 45 22 Do.
1374 1238 37 22 do.
1438 1238 66 22 horse
1514 1238 79 27 beans,

1300 1264 46 23 Do.
1374 1264 46 22 do.,
1437 1264 83 23 scarlet
1527 1272 95 15 runners
1631 1265 46 22 and
1687 1264 88 23 French
1784 1265 78 27 beans,

1301 1291 43 22 Do.
1373 1291 37 22 do.
1440 1292 75 27 spring
1525 1292 80 26 wheat,
1616 1295 65 24 tares,
1693 1291 46 23 and
1751 1296 54 23 oats,

1301 1318 85 22 Round
1395 1318 46 21 and
1451 1318 85 28 prickly
1544 1318 98 27 spinach,

1302 1344 64 27 Long
1375 1344 81 22 scarlet
1466 1345 43 22 and
1520 1345 74 28 turnip
1603 1344 82 28 radish,

1302 1371 115 27 Rhubard,
1428 1371 67 22 white
1511 1372 47 21 and
1574 1371 40 23 red
1631 1372 50 22 beet
1695 1372 46 23 and
1756 1372 106 27 mangold

1274 1398 99 26 wuitzel,

1302 1424 124 28 Carraway,
1438 1424 49 23 Dill
1495 1425 46 22 and
1551 1425 92 27 Burnet,

1302 1452 43 21 Sea
1356 1452 54 25 cale,
1422 1459 127 19 asparagus,
1561 1455 80 24 carrot,
1653 1452 44 23 and
1709 1452 98 28 parsnip,

1302 1478 95 27 English
1407 1478 51 22 leek
1468 1479 46 21 and
1523 1478 75 26 onion,
1610 1479 95 28 Spanish
1718 1480 35 21 do.

1303 1504 124 28 Vegetable
1445 1512 94 15 marrow
1554 1505 44 22 and
1607 1506 55 27 long
1674 1506 88 28 prickly
1772 1513 90 15 cucum-

1276 1531 45 26 ber,

1303 1558 146 26 Cauliflower,
1460 1558 88 27 endive,
1558 1558 47 23 and
1617 1559 81 28 celery,

1303 1584 119 28 Virginnia
1438 1586 101 26 tobacco,
1553 1586 153 27 mignionette,
1725 1586 47 22 an,
1796 1589 68 20 sweet

1275 1619 60 19 peas,

1303 1638 39 22 All
1352 1643 56 18 sorts
1419 1638 26 23 of
1451 1638 86 28 garden
1547 1638 46 23 and
1603 1639 52 22 field
1666 1639 106 28 cabbage,

1303 1665 44 22 Do.
1460 1666 35 22 do.
1579 1666 36 21 do.
1673 1667 80 27 turnip,

1303 1691 39 22 All
1351 1695 55 18 sorts
1417 1693 26 21 of
1448 1693 91 26 lettuce,
1550 1692 70 28 salad,
1632 1692 148 28 and.brocoli,

1303 1718 39 23 All
1351 1723 57 18 sorts
1419 1720 26 21 of
1450 1720 76 26 lupins
1535 1719 45 22 and
1588 1720 152 26 nasturtiums,

1284 1745 58 24 —Ail
1353 1750 56 17 sorts
1420 1746 26 21 of
1453 1749 68 19 sweet
1532 1746 73 26 herbs,

1304 1772 50 22 One
1363 1772 104 23 hundred
1478 1772 76 23 choice
1566 1773 89 22 varities
1667 1772 27 22 of
1706 1772 77 23 flower
1792 1772 70 28 seeds,

1304 1800 22 22 A
1336 1807 53 19 very
1405 1800 103 21 valuable
1525 1803 132 18 assortment
1671 1800 26 21 of
1710 1800 62 21 fresh
1787 1800 77 22 choice

1276 1833 85 20 grasses
1370 1827 35 21 for
1413 1826 150 27 gentlemen's
1576 1826 71 22 lawns
1662 1826 44 22 and
1721 1826 143 28 agricultural

1278 1860 111 20 purposes,

1305 1880 110 27 Cabbage,
1446 1879 93 28 brocoli,
1567 1879 106 27 rhubard,
1703 1880 74 26 onion,
1805 1880 59 26 leek,

1276 1906 82 22 lettuce
1378 1907 81 27 plants,
1478 1907 49 27 &c,
1547 1914 51 15 now
1617 1906 70 28 ready
1706 1910 22 19 to
1746 1907 28 21 be
1793 1909 72 20 trans-

1276 1933 99 28 planted,
1386 1933 73 23 raised
1469 1934 58 22 from
1537 1933 95 29 samples
1644 1934 25 21 of
1678 1933 63 22 these
1751 1933 71 23 seeds.

1685 1967 42 21 W.
1743 1967 94 23 Moody.

1305 1993 100 21 October
1414 1995 20 24 6,
1447 1994 64 20 1843.

1448 2045 79 20 Meat
1547 2045 149 25 Company.

1279 2076 92 51 TE
1391 2077 239 27 UNDERSIGNED,
1648 2077 84 27 having
1751 2078 56 21 been
1828 2085 38 21 ap-

1352 2104 91 28 pointed
1458 2104 110 27 Manager
1578 2104 26 21 of
1618 2103 37 22 the
1669 2104 64 22 Meat
1742 2104 123 28 Company,

1278 2131 53 26 begs
1340 2134 23 18 to
1373 2138 119 15 announce
1502 2130 49 23 that
1565 2138 14 15 a
1587 2131 89 26 regular
1685 2130 78 28 supply
1773 2132 25 21 of
1807 2132 58 26 beef,

1278 2160 94 24 mutton,
1393 2158 45 21 and
1455 2158 57 28 pork
1528 2165 53 19 may
1601 2158 82 26 always
1700 2158 28 21 be
1749 2158 117 28 depended

1279 2191 59 20 upon
1349 2188 24 18 at
1382 2184 44 22 this
1436 2184 174 22 establishment.

1306 2216 32 22 As
1362 2216 44 22 this
1429 2217 118 28 Company
1565 2223 107 21 purposes
1690 2216 80 27 selling
1789 2219 23 19 at
1829 2216 37 23 the

1278 2243 77 21 lowest
1363 2244 71 27 prices
1445 2247 24 18 at
1483 2243 73 22 which
1566 2245 18 19 it
1598 2244 18 21 is
1626 2243 71 22 found
1706 2243 37 22 the
1753 2246 60 20 meat
1827 2250 40 16 can

1278 2270 28 21 be
1316 2270 108 27 afforded,
1434 2270 40 22 the
1483 2270 151 27 undersigned
1643 2270 18 21 is
1674 2270 54 27 only
1738 2270 128 22 authorized

1279 2300 23 18 to
1311 2297 50 27 give
1367 2304 55 20 very
1427 2297 89 21 limited
1525 2297 77 27 credit,
1610 2297 45 21 and
1663 2296 39 22 has
1708 2297 57 21 been
1774 2297 94 22 ordered

1279 2327 23 17 to
1318 2327 47 24 stop
1381 2323 31 21 all
1425 2326 107 19 accounts
1546 2323 74 22 which
1634 2331 37 14 are
1686 2327 41 19 not
1741 2324 53 27 paid
1808 2331 59 21 upon

1279 2350 102 22 demand.

1305 2376 48 22 The
1363 2376 101 22 business
1475 2376 26 22 of
1508 2376 38 22 the
1556 2376 115 28 Company
1680 2376 20 22 is
1709 2377 87 23 carried
1804 2385 30 15 on
1844 2377 23 23 in

1279 2403 57 22 their
1351 2411 50 14 new
1416 2403 110 27 building,
1538 2403 89 21 erected
1643 2404 101 22 between
1764 2404 104 22 France's

1280 2430 67 22 Hotel
1366 2430 45 22 and
1429 2430 40 22 the
1488 2430 59 22 head
1563 2430 26 21 of
1603 2430 38 22 the
1656 2430 57 28 Bay,
1730 2430 46 22 and
1791 2431 77 28 nearly

1279 2457 99 28 opposite
1388 2460 23 18 to
1422 2457 45 22 Mr.
1478 2456 85 28 Lyon's
1572 2457 71 21 Store.

1553 2490 41 22 W.
1604 2490 102 27 Flyoer,
1722 2491 118 28 Manager.

1307 2517 130 22 November
1447 2518 35 25 23,
1494 2518 62 21 1842.

1281 2563 72 51 ON
1368 2563 80 22 SALE
1462 2566 25 18 at
1505 2562 39 22 the
1564 2563 71 22 Office
1655 2563 23 22 of
1696 2563 45 22 this
1759 2571 110 20 paper:—

1358 2590 64 26 Keys
1432 2590 25 21 of
1465 2590 38 21 the
1513 2590 69 21 Town
1593 2590 26 21 of
1626 2590 55 21 New
1692 2590 127 28 Plymouth,

1307 2616 68 23 Plans
1386 2616 25 22 of
1419 2616 101 28 Country
1531 2616 65 23 Laud
1606 2616 72 22 round
1690 2617 144 27 Wellington,
1845 2618 23 22 in

1280 2651 58 19 case,

1307 2670 69 22 Plans
1387 2670 26 21 of
1419 2670 94 26 Nelson,
1523 2670 24 22 in
1558 2677 58 20 ca3e,

1307 2697 80 27 Copies
1403 2696 26 22 of
1443 2696 38 22 the
1498 2697 56 22 New
1574 2696 99 23 Zealand
1688 2696 103 29 Journal,
1807 2699 61 26 1842,

1280 2724 118 26 complete,
1408 2724 85 26 bound,

1308 2750 135 27 Chapman's
1453 2750 117 28 Portfolio,
1579 2750 87 28 bound,

1309 2778 73 21 Prints
1389 2778 26 21 of
1420 2777 94 27 Nelson,

1309 2804 74 22 Prints
1393 2804 27 21 of
1424 2804 144 27 Wellington,

1308 2831 68 22 Plans
1387 2831 26 21 of
1419 2830 86 22 Nelson
1516 2832 23 20 in
1549 2831 85 28 Sheets,

1309 2858 68 22 Plans
1387 2858 26 21 of
1420 2858 101 27 Country
1532 2858 64 22 Land
1607 2862 24 18 at
1643 2858 144 29 Wellington,

1308 2884 69 22 Plans
1387 2884 24 22 of
1419 2884 38 22 the
1466 2884 71 22 Town
1547 2885 26 21 of
1580 2885 57 23 New
1647 2885 127 28 Plymouth.

1309 2915 131 28 September
1450 2917 34 26 19,
1495 2918 63 20 1843.

1445 2967 79 21 Meat
1556 2968 151 27 Company.

1516 3000 125 24 BUTTER

1281 3034 161 50 ALWAYS
1457 3042 30 16 on
1497 3035 70 28 hand,
1582 3036 47 22 and
1645 3039 22 19 to
1680 3036 29 23 be
1725 3036 52 27 had,
1789 3036 82 22 whole-

1360 3062 46 22 sale
1427 3062 43 22 and
1490 3063 72 26 retail,
1581 3066 25 18 at
1625 3062 38 24 the
1685 3063 81 22 lowest
1784 3063 87 23 market

1280 3089 67 27 price,
1363 3096 14 14 a
1395 3088 62 27 large
1477 3089 80 28 supply
1573 3090 26 22 of
1612 3089 39 23 the
1665 3090 129 22 celebrated
1807 3091 63 21 Cow-

1281 3119 88 24 pasture
1379 3115 46 22 and
1434 3115 120 23 Terawitte
1568 3116 72 28 Dairy
1650 3117 85 21 Butter.

1556 3150 35 22 W.
1606 3150 105 26 Flyger,
1726 3150 117 28 Manager.

1282 3202 177 24 /CHARTER
1467 3202 179 28 PARTIES,for
1655 3208 46 17 sale
1711 3207 66 18 attne
1787 3205 85 20 Gazette

1282 3230 41 21 V>
1339 3228 80 22 Office.

1279 3289 223 25 WHOLESALE
1532 3291 125 25 PRICES
1691 3293 178 24 CURRENT.

1379 3334 135 16 CORRECTED
1529 3336 29 15 UP
1573 3336 28 15 TO
1615 3337 57 15 LAST
1688 3337 82 15 NIGHT.

1622 3355 17 18 &
1661 3360 15 13 b.
1701 3357 19 16 d.
1776 3356 17 18 JS
1856 3357 11 16 d

1279 3388 41 16 lb:
1333 3381 97 28 perlihd
1623 3385 14 20 0
1664 3385 14 20 0
1704 3386 51 20 0..
1775 3386 14 20 0
1815 3387 15 19 0
1858 3387 12 20 0

1457 3421 40 20 per
1502 3414 101 23 barrel..
1622 3417 14 20 0
1664 3417 14 20 0
1706 3418 14 19 0
1737 3430 19 6 ..
1775 3418 15 21 0
1816 3418 14 21 0
1859 3420 12 19 0

1456 3447 92 26 perdoz
1626 3450 13 20 0
1654 3450 24 20 11
1707 3451 15 19 0
1739 3463 19 7 ..
1776 3452 15 20 0
1805 3452 25 20 13
1859 3454 13 20 0

1360 3480 29 22 N.
1400 3480 26 23 Z.
1438 3488 42 20 per
1487 3481 76 27 gallon
1582 3496 7 7 .
1596 3496 6 7 .
1620 3484 15 20 0
1661 3484 14 21 2
1703 3486 14 19 0
1736 3498 5 7 .
1748 3498 6 7 .
1773 3486 14 20 0
1814 3486 14 21 0
1859 3487 12 20 0

1279 3515 99 23 Arrack
1387 3522 6 14 :
1408 3514 44 22 Per
1460 3515 45 26 gal.
1516 3514 24 22 in
1549 3515 61 22 bond
1626 3517 13 20 0
1667 3517 11 20 1
1707 3518 14 20 6
1739 3531 5 7 .
1751 3531 7 7 .
1775 3520 15 20 0
1816 3520 14 20 2
1859 3524 11 19 o

1278 3548 80 22 Bread
1366 3554 6 15 :
1389 3547 42 22 Per
1440 3547 46 22 21b.
1497 3547 52 22 loaf
1561 3550 79 20 ....0
1667 3550 14 21 0
1707 3550 84 22 5..0
1817 3553 13 20 0
1859 3553 13 20 6

1278 3580 75 22 Beef:
1368 3578 79 28 Fresh,
1466 3585 90 16 carcase
1572 3587 41 20 per

1395 3610 25 23 lb
1622 3614 14 20 0
1664 3614 12 20 0
1705 3614 13 21 8
1737 3628 19 7 ..
1775 3616 14 21 0
1815 3616 15 21 0
1847 3617 22 21 11

1387 3642 54 27 Salt,
1451 3649 41 21 per
1505 3642 70 23 tierce
1587 3658 7 6 .
1600 3657 7 8 .
1626 3646 10 20 1
1654 3646 26 21 10
1707 3647 14 20 0
1739 3660 5 7 .
1751 3660 6 7 .
1775 3647 15 22 3
1817 3649 14 20 0
1858 3650 11 20 0

1278 3675 96 23 Butter
1380 3682 6 14 :
1402 3674 68 28 Irish,
1480 3682 41 20 per
1528 3674 32 23 lb.
1584 3689 6 7 .
1597 3689 6 7 .
1624 3678 14 20 0
1664 3678 14 20 0
1706 3679 14 20 9
1737 3693 5 5 .
1750 3692 7 6 .
1775 3681 14 20 0
1817 3681 12 20 1
1859 3681 14 21 0

1399 3706 70 23 Fresh
1626 3709 14 20 0
1667 3709 11 21 1
1707 3710 14 20 6
1739 3724 19 7 ..
1776 3712 15 20 0
1817 3712 16 21 0
1859 3713 14 20 0

1277 3740 112 22 Brandy:
1405 3738 60 23 First
1471 3738 95 28 quality,
1573 3745 41 21 per

1426 3770 78 28 gallon
1513 3770 25 22 in
1547 3771 63 22 bond
1623 3773 15 20 0
1664 3773 14 21 5
1705 3775 15 20 0
1737 3788 19 7 ..
1774 3776 15 21 0
1816 3775 13 22 7
1858 3776 13 20 6

1276 3803 89 23 Brown
1385 3803 89 22 Stout:
1497 3809 43 20 per
1552 3801 56 23 hhd.
1622 3803 14 21 5
1664 3805 14 20 0
1704 3806 15 21 0
1736 3820 19 6 ..
1775 3808 56 20 610
1859 3808 13 19 0

1276 3835 90 23 Cigars
1373 3842 6 14 :
1391 3833 106 29 Manilla,
1504 3841 42 21 per
1551 3835 61 26 1000,

1426 3867 25 25 in
1460 3867 61 23 bond
1624 3870 13 21 2
1665 3871 14 20 0
1708 3873 14 19 0
1740 3886 5 6 .
1752 3886 7 7 .
1777 3874 14 20 3
1819 3874 14 19 0
1860 3873 12 20 0

1387 3899 218 28 ChinsurahperlOO
1627 3901 11 21 1
1667 3903 14 20 0
1709 3904 14 20 0
1740 3916 19 8 ..
1777 3905 15 20 0
1818 3905 14 20 0
1860 3902 12 20 0

1275 3933 90 22 Corvxs
1373 3940 6 15 :
1390 3932 67 27 Java,
1467 3938 40 21 per
1516 3931 24 23 lb
1626 3935 14 20 0
1667 3935 14 20 0
1707 3935 15 20 3
1739 3947 21 8 ..
1776 3936 15 21 0
1818 3937 15 20 0
1861 3936 13 21 0

830 3589 79 19 Meat
924 3589 150 26 Company.

657 3619 129 49 FRESH
807 3619 96 28 PORK,
922 3619 72 29 prime
1010 3621 77 28 joints,
1122 3622 59 24 from
1211 3623 38 24 4d.

732 3650 23 18 to
763 3646 37 22 sd.
810 3654 42 21 per
862 3647 41 22 lb.-
1156 3650 13 19 J

685 3704 19 6 „
932 3679 36 23 W.
983 3680 104 28 Flycer,
1103 3682 116 28 Manager.

685 3704 117 28 February
811 3705 37 27 27,
860 3706 62 22 1844.

807 3756 42 21 To
864 3756 34 21 be
913 3757 66 21 Sold
995 3758 99 28 Cheap.

657 3789 50 47 A
737 3788 155 28 COTTAGE,
899 3789 125 28 pleasantly
1030 3791 104 27 situated,
1143 3792 106 22 contain-

731 3815 38 28 ing
778 3815 162 28 sitting-room,
950 3817 128 28 bed-room,
1089 3819 47 22 and
1146 3818 100 29 kitchen,

657 3842 53 22 with
726 3849 14 15 a
756 3842 49 22 well
822 3843 125 23 cultivated
960 3843 92 28 garden.
1098 3845 42 23 For
1158 3845 90 23 further

657 3868 136 28 particulars,
805 3869 69 28 apply
889 3873 22 19 to
930 3869 44 23 Mr.
995 3870 54 29 Roe,
1067 3875 22 19 at
1105 3871 36 23 the
1160 3873 88 21 Gazette

657 3894 72 23 office.

682 3928 113 28 February
807 3930 21 26 6,
842 3931 62 22 1844.
