2540 4020
1277 57 96 33 THE

97 100 453 132 NEW
656 105 877 140 ZEALAND
1639 118 857 137 GAZETTE

1269 272 100 34 AND

97 306 1143 160 WELLINGTON
1354 306 1142 160 SPECTATOR.

613 496 223 38 PUBLISHED
881 499 132 37 EVERY
1057 501 257 38 WEDNESDAY
1358 504 89 37 AND
1492 506 228 37 SATURDAY
1766 509 206 38 MORNING.

127 609 61 30 No.
209 607 89 38 281.]

639 611 111 31 PORT
772 613 257 39 NICHOLSON,
1053 616 226 31 SATURDAY
1299 617 212 35 MORNING,
1533 622 247 30 SEPTEMBER
1806 630 47 22 16,
1879 628 89 24 1843.

2286 630 93 40 [Vol.
2402 633 53 30 IV.

205 700 53 21 For
281 700 116 21 London
423 700 94 26 direct,

129 739 52 23 •ri£T
235 732 93 30 npHE
356 733 45 22 fine
431 733 44 22 fast
498 734 81 28 sailing
604 736 50 26 brig

104 751 98 45 jgg|v
241 751 31 30 JL
378 762 176 25 NELSON,

99 787 126 33 pSgNSgl*
248 787 88 26 George
359 787 115 22 Maclaren
499 792 87 24 master,
607 790 46 21 will

91 810 135 34 JffljffijET'
246 819 41 16 sau
302 814 69 21 about
379 814 38 21 the
430 814 52 22 20th
500 816 58 26 inst.,
569 816 85 28 having

77 835 154 43 rfjiyggfr
246 839 30 22 all
286 839 41 22 her
337 847 65 21 cargo
413 842 107 26 engaged.

272 877 43 21 For
325 884 93 21 passage
427 878 60 28 only,
499 878 67 29 apply
576 883 21 18 to

381 917 84 22 Waitt
479 918 45 22 and
538 919 85 22 Tyser.

99 952 140 27 Wellington,
250 953 90 28 August
349 954 19 27 7,
380 955 69 22 1843.,

201 1004 121 27 Passage
338 1006 29 19 to
389 1005 125 21 London.

217 1037 95 22 nriHE
324 1039 62 26 Tyne,
398 1038 68 27 being
475 1040 72 21 under
555 1047 95 20 engage-

89 1066 106 32 jsggg*
224 1061 30 24 JL
293 1068 65 18 ment
376 1069 23 18 to
417 1065 50 22 load
486 1067 53 21 wool
559 1071 23 17 at
598 1067 53 22 Port

70 1088 139 32 <TJflErCr3«
230 1089 91 30 Phillip,
339 1091 79 22 should
433 1092 145 23 inducement
587 1094 61 27 offer,

68 1115 143 37 ■jgsßHm
229 1116 41 22 she
286 1118 45 21 will
348 1119 42 21 call
405 1119 53 21 here
475 1127 28 14 on
514 1120 40 21 her
564 1127 48 20 way
625 1124 24 19 to

93 1181 42 21 For
150 1189 89 20 passage
251 1181 59 28 only,
322 1181 83 27 having
414 1183 98 26 superior
524 1190 125 15 accommo-

67 1208 92 27 dations,
171 1209 66 27 apply
247 1212 23 18 to
280 1209 93 28 Captain
385 1209 131 27 Robertson,
528 1218 24 13 or
561 1213 22 19 to

324 1246 112 22 Bethune
451 1246 45 22 and
510 1247 109 22 Hunter.

91 1277 145 28 Wellington,
247 1278 89 27 August
347 1280 31 25 15,
391 1280 60 25 1843,

261 1329 55 21 For
329 1329 113 25 Nelson,

223 1363 29 19 Tt
263 1363 43 20 sail
319 1364 23 19 in
353 1369 13 14 a
373 1363 47 26 few
433 1364 58 26 dayt,

70 1396 102 29 s^rXzL
216 1396 94 22 HPHE
330 1397 44 21 fine
393 1397 43 22 fast
459 1398 80 27 sailing
562 1399 85 26 barque

93 1416 93 43 JgsfiL
223 1416 30 28 JL
378 1425 114 22 tyne.

65 1442 142 42 /4ti£i3»
229 1475 18 9 r,
258 1450 43 21 For
305 1451 19 33 J[
322 1458 30 14 rei
347 1450 21 27 *S
369 1455 24 18 nt
403 1459 24 14 or
436 1459 98 21 passage,
547 1453 66 28 apply
624 1457 23 18 to

64 1477 144 36 JWAJfn
229 1477 18 20 c
247 1480 45 24 *Pt-
305 1477 130 28 Robertson,
447 1486 25 14 or
482 1483 23 18 to

347 1515 111 22 Bethunh
474 1516 20 21 &
510 1517 108 23 Hunter.

91 1546 141 28 Wellington,
244 1547 90 27 August
344 1550 31 24 15,
388 1550 59 21 1843.

138 1593 53 21 For
204 1593 105 22 Nelson
324 1595 54 21 and
393 1594 172 27 Valparaiso.

73 1621 105 40 '"SSgj
214 1630 85 22 mH
316 1630 19 23 E
376 1631 78 27 frigate
497 1632 57 23 built
596 1633 50 28 ship

220 1661 31 18 -*•
362 1660 171 26 Ursula,

226 1684 23 22 A
265 1686 19 26 1,
304 1686 43 21 490
364 1689 56 24 tons,
440 1687 23 21 S.
482 1687 83 23 Martin
583 1696 62 14 com-

63 1709 147 36 □glESsßis
226 1712 101 27 mander,
348 1712 43 22 will
411 1713 39 21 sail
469 1713 35 22 for
522 1714 37 23 the
574 1715 70 23 above

225 1741 61 24 ports
296 1746 29 15 on
335 1739 37 22 the
386 1740 51 21 20th
453 1740 88 23 instant.
572 1742 44 22 She
625 1743 20 21 is

226 1773 56 20 very
299 1766 51 26 fast,
371 1767 43 21 and
433 1767 41 22 her
490 1769 154 22 accommoda-

62 1790 55 22 tions
128 1799 36 14 are
175 1792 46 22 first
230 1795 54 19 rate.

87 1822 42 22 For
143 1823 80 28 freight
237 1832 24 14 or
278 1832 98 21 passage,
387 1826 66 28 apply
463 1830 22 19 to
496 1827 37 22 the
548 1828 94 27 Captain

61 1856 26 14 on
98 1849 74 28 board,
183 1858 24 14 or
216 1854 23 19 to
653 1849 2 32 j

268 1879 132 25 RIDOWATS,
418 1881 106 27 GUYTON,
540 1882 21 21 &
576 1882 37 21 Co.

86 1909 140 29 Wellington,
239 1913 58 27 Sept.
310 1914 33 26 15,
355 1915 59 20 1843.

58 1962 52 21 For
131 1963 106 25 Sydney
251 1965 55 18 and
331 1965 183 27 Launceston,
535 1966 107 27 calling

263 1990 29 18 at
314 1989 116 25 Nelson,

228 2020 92 34 npilE
334 2022 45 22 fine
390 2022 43 22 fast
442 2024 80 26 sailing
532 2025 108 23 schooner

90 2046 109 36 jSjSfiv
235 2053 28 15 -*-
347 2051 207 24 DEBORAH,

87 2072 129 38 rrfiPSfr
242 2075 94 28 Captain
359 2077 64 28 Wing
433 2086 6 18 ;
466 2078 47 29 has,
525 2079 46 22 first
590 2083 49 18 rate

77 2100 139 27 /mily'
240 2103 192 23 accommodation
443 2105 34 21 for
486 2113 137 20 passengers.

63 2127 156 37 SSSS69
253 2135 43 22 For
306 2136 84 28 freight
398 2145 26 14 nr
433 2145 100 20 passage,
541 2139 66 28 apply
616 2143 22 18 to

393 2174 22 21 J.
432 2175 32 21 M.
480 2175 101 26 Taylor,

526 2202 81 27 Agent.

83 2233 126 27 September
219 2234 34 26 12,
264 2234 61 21 1843.

160 2272 70 33 For'
230 2272 107 33 Sydney
352 2280 43 21 via
414 2281 112 21 Nelson.

79 2316 71 33 jJK£I
176 2319 91 30 fpHE
285 2319 15 23 fi
303 2327 28 15 ne
360 2324 33 18 ast
412 2321 81 27 sailing
510 2322 125 27 brigantine

70 2343 97 39 £H%
183 2342 28 26 J-
291 2347 80 21 STAR
395 2349 38 20 OF
454 2350 101 25 CHINA,

58 2369 111 33 anfcfejjg
188 2380 18 14 w
207 2373 24 22 in
242 2374 39 21 sail
295 2374 37 22 for
348 2374 37 23 the
400 2375 71 23 above
491 2380 58 24 ports
566 2385 27 14 on
610 2385 25 15 or

58 2397 109 26 *&SSBP
187 2400 68 23 about
263 2401 118 29 Thursday
392 2406 61 19 next.

80 2433 43 22 For
132 2433 79 27 freight
221 2441 26 15 or
260 2441 102 21 passage,
373 2435 66 28 apply
449 2439 22 19 to
482 2436 64 24 Chas.
564 2439 70 27 Perry

54 2467 26 14 on
90 2460 75 26 board,
177 2468 24 14 or
209 2464 23 18 to

383 2489 35 23 W.
434 2491 170 23 FITZHERBERT.

78 2514 126 28 September
213 2516 33 26 15,
258 2517 61 21 1843.

77 2559 52 21 For
141 2560 119 27 Poverty
273 2562 60 27 Bay
347 2563 54 21 and
420 2564 85 21 Table
520 2566 81 26 Cape,

200 2596 28 20 To
241 2596 43 20 tail
296 2597 63 19 about
373 2598 35 20 the
421 2598 59 27 20th,

200 2629 91 35 rpHE
316 2630 109 23 schooner
455 2634 173 28 AURORA,

73 2654 112 39 jPSfi^
206 2654 29 24 JL
260 2657 60 26 (now
329 2657 25 22 in
364 2658 40 23 her
413 2658 48 25 first
470 2660 60 28 trip,)
538 2661 93 23 Charle«

211 2683 72 23 Smith
298 2688 95 24 master;
409 2686 40 23 hat
465 2688 58 29 good
541 2696 89 16 accom-

53 2709 145 30 JJDHHI
210 2710 115 23 modalion
335 2712 35 22 for
378 2720 136 21 passengers.

54 2739 143 36 %SBSBr
239 2747 44 23 For
291 2747 83 28 freight
383 2756 26 15 or
417 2757 98 21 passage,
527 2752 65 28 apply
600 2761 28 14 on

206 2774 78 22 board.

73 2808 127 28 September
209 2811 34 25 13,
257 2811 63 21 1843.

65 2889 80 46 j^^
157 2896 221 28 /CONSIGNEES
403 2900 39 22 OF
470 2902 103 22 GOODS
597 2903 30 28 by

58 2922 94 37 y*?Hft
186 2929 12 14 /
226 2924 45 22 this
280 2926 71 22 vessel
366 2933 38 16 are
414 2929 118 27 requested
542 2933 23 19 to
577 2937 49 20 pass

49 2950 104 37 ■Hgß
234 2952 82 22 entries
325 2952 159 30 immediately.

146 2975 6 17 ?
194 2978 48 22 The
259 2978 81 23 Goods
357 2985 60 18 must
432 2982 29 22 be
480 2982 67 23 taken
566 2984 58 22 from

65 3026 20 13 •ii
120 3029 13 10 -i
163 3005 112 27 '"ongside
293 3006 93 23 without
402 3008 72 29 delay,
485 3017 25 18 as
524 3010 38 22 the
575 3011 50 28 ship

47 3026 39 23 will
95 3029 38 22 sail
143 3037 30 16 on
183 3031 37 22 the
230 3032 53 22 20th
292 3032 92 25 instant.

250 3065 132 29 RIDGWAYS,
399 3069 107 27 GUYTON,
522 3071 20 22 &
557 3072 38 22 Co.

205 3092 33 25 15,
249 3093 61 21 1843.

45 3133 67 47 ON
128 3135 84 26 SALE,
223 3143 30 14 ex
261 3138 100 20 Deborah
369 3139 57 22 from
436 3140 145 28 Launceston,
593 3144 30 24 by

118 3159 37 24 the
165 3161 177 29 undersigned—

92 3194 42 22 500
146 3194 89 24 bushels
245 3201 54 24 oats,

91 3222 42 21 200
147 3222 88 23 bushels
244 3224 96 28 English
348 3226 82 29 barley,

91 3249 40 20 380
145 3248 90 24 bushels
239 3251 86 28 -wheat,
653 3255 2 11 «

91 3276 42 21 230
145 3276 90 24 bushels
244 3279 63 27 majr,

59 3308 3 5 '
91 3301 72 29 Flour,
174 3304 40 27 ale,
653 3316 2 3 ■

90 3330 14 21 2
118 3329 71 29 drays,
202 3333 9 21 1
221 3332 92 29 plough,
323 3334 69 28 yokes
402 3336 44 22 and
456 3336 84 29 chains,
552 3338 40 23 &c.

66 3387 12 11 o
87 3369 28 29 \
151 3391 7 7 ,
374 3369 22 22 J.
412 3370 33 22 M.
461 3371 102 27 Taylor,
653 3377 2 12 «

43 3416 12 2 _
66 3388 125 29 September
200 3394 32 26 12,
245 3395 60 22 1843.
652 3394 2 23 1

91 3434 98 25 Messrs.
213 3438 156 26 HOLROYD
393 3450 47 14 and
467 3443 95 30 HART,

193 3473 130 23 Notaries
347 3476 106 28 Public,

121 3509 36 16 TE
186 3512 74 20 ARO,
287 3512 240 21 WELLINGTON.

39 3563 20 3 __
65 3535 123 28 September
196 3542 20 25 4,
227 3543 61 22 1843.
651 3541 3 17 '

41 3582 65 56 PN
120 3584 83 29 SALE,
218 3589 24 20 at
257 3587 65 24 John
338 3589 148 32 Johnstons,
502 3594 112 23 Lambton
646 3584 8 31 li

41 3639 22 11 i..
66 3641 11 9 n
110 3612 26 27 Qt
136 3619 13 31 i
146 3619 28 22 ay
173 3629 6 16 >
200 3622 9 13 s
228 3614 26 22 k8
254 3631 7 11 '
275 3622 16 28 7
293 3615 60 24 elvet
353 3632 6 12 >
380 3619 74 22 velvet
471 3620 98 28 ribbons,
585 3622 29 23 de
646 3620 8 22 h

41 3643 55 36 blaot
108 3645 26 14 m
127 3638 28 40 i
167 3647 23 32 ?Usl]??
192 3641 31 21 Usl
221 3648 28 31 ]?
270 3649 5 14 <
275 3641 37 38 ¥.
310 3650 45 15 sses
356 3659 6 11 '
388 3644 48 23 lace
435 3662 5 12 «
467 3647 144 25 bombazeen.

40 3661 58 43 Jack
115 3665 41 22 silk
174 3666 180 29 handkerchiefs,
378 3671 78 24 ladies'
479 3674 64 24 shoes
567 3666 50 34 anl
644 3681 10 21 h

39 3694 74 39 reS
119 3699 12 14 C
133 3697 145 36 W\W'
285 3704 27 14 Co
328 3700 50 19 nter
378 3705 75 22 Panes,
460 3702 59 23 table
527 3711 83 21 covers,

40 3721 53 39 eoS,
103 3725 12 35 1
131 3726 8 14 S
140 3719 16 41 i
155 3724 39 18 lrtS
195 3737 6 11 '
212 3723 27 21 10
249 3725 15 19 4
273 3750 5 5 .
280 3730 14 15 a
291 3750 5 5 .
294 3724 33 22 nd
345 3726 50 21 !2-4
411 3726 108 31 blankets,
532 3730 70 28 lamps
643 3748 11 12 n

40 3746 86 42 SStUn
162 3754 40 21 BMg
204 3756 17 32 l
216 3756 10 14 r
227 3765 7 11 '
244 3756 12 15 r
251 3757 19 31 /
271 3758 25 14 1S1
298 3758 15 30 5
315 3759 11 20 ?
327 3766 6 13 '
344 3759 40 29 *T
385 3756 10 18 fc
404 3754 40 21 win
442 3762 23 21 A
477 3756 74 30 Hpck,
563 3758 49 24 beat
643 3748 11 21 B

142 3780 58 16 mess
208 3775 55 23 beef
269 3777 44 22 and
322 3779 61 27 pork.

193 3808 31 26 12,
237 3810 61 22 1843.
642 3807 12 27 12

38 3895 14 28 k
58 3899 67 28 Svgar
125 3911 88 22 papers,
634 3910 20 23 .4

58 3929 68 24 Swik
134 3938 70 18 munp
213 3934 77 29 books,

811 706 49 19 On.
867 705 71 26 Sale,
948 707 43 20 Ex

688 737 128 47 PRIME
831 745 58 15 mess
899 739 63 28 pork,
973 740 84 23 barrels
1067 742 43 22 and
1119 742 52 22 half
1182 743 88 22 barrels-

746 764 77 23 Butter
834 765 22 21 in
868 765 85 28 firkins,
962 767 65 22 made
1037 768 23 22 in
1069 769 62 27 May,
1145 771 61 25 1843,

686 790 72 22 Dried
778 792 103 26 oatmeal,
906 792 82 23 double
1013 794 109 23 barrelled
1146 797 124 26 percussion

739 824 64 20 guns,

686 843 88 22 Roman
785 848 90 19 cement
884 845 24 23 in
919 847 137 28 puncheons,
1065 848 92 28 barrels,
1173 849 45 22 and
1226 849 44 22 half

739 870 92 28 barrels.

686 896 86 22 Plaster
781 898 69 27 Paris,
863 899 132 23 Rotterdam
1006 901 94 22 Geneva
1109 902 23 22 in
1143 910 69 19 cases,

684 923 82 22 Choice
786 925 67 25 wines
874 927 23 24 (a
915 927 46 21 few
975 930 80 25 cases,)
1075 929 86 22 bottled
1178 930 33 20 ale
1229 929 41 22 and

738 953 82 25 porter,

684 976 94 23 Refined
789 986 71 19 sugar,
874 979 105 23 Blankets
990 981 44 22 and
1044 981 113 28 druggets,

683 1002 65 26 Najls
759 1004 29 21 all
799 1005 62 27 sizes,
874 1006 67 22 black
952 1007 42 21 and
1004 1007 54 23 drab
1068 1008 82 22 beaver
1161 1009 55 27 hah,

683 1030 72 27 Paper
764 1031 118 28 hangings,
894 1033 82 23 British
987 1034 65 28 plate,

686 1056 115 31 Tin-ware,
813 1059 88 22 kitchen
913 1067 86 22 ranges,
1009 1063 93 25 register
1107 1066 81 23 grates,

682 1083 85 27 Stoves,
780 1092 75 20 ovens,
867 1085 76 29 frying
953 1094 59 21 pans,
1024 1096 142 20 campovens,
1174 1090 94 27 fenders,

682 1111 136 27 Casements,
841 1113 168 28 window-glass,
1028 1115 68 27 deals,
1114 1117 95 26 squared
1225 1117 45 26 flag

736 1140 82 19 stones.

681 1162 72 23 Slates
762 1165 45 21 and
817 1165 82 28 sundry
912 1167 86 27 surplus
1008 1171 76 23 stores,

865 1197 132 29 RIDCWAYS,
1015 1200 106 27 GUYTON-,
1138 1209 48 14 AND
1201 1204 38 21 Co.

708 1228 132 27 September
850 1230 32 26 15,
895 1231 61 21 1842.

680 1278 74 48 EX
773 1279 82 26 Urtula,
868 1279 46 22 and
923 1280 36 21 for
969 1280 46 22 sale
1025 1284 22 18 at
1058 1282 37 21 the
1114 1282 75 23 Stores
1199 1284 26 21 of
1231 1283 36 22 the

759 1305 152 27 undersigned
923 1314 5 13 :

708 1337 82 22 British
799 1337 68 29 plate,
879 1339 123 27 consisting
1015 1339 50 23 of—

707 1364 78 22 Tivole
795 1365 46 21 and
850 1365 74 28 king's
933 1369 86 24 pattern
1028 1374 82 21 spoons
1121 1369 45 22 and
1176 1369 60 22 forks
1246 1369 24 23 of

680 1398 68 20 every
759 1391 142 28 description,

708 1418 43 22 Do.
809 1419 35 22 do.
901 1419 36 23 do.
994 1420 73 23 desert
1075 1421 88 29 knives,

708 1446 60 27 Soup
785 1444 76 28 ladles,
880 1453 70 21 gravy
966 1454 85 21 ipoons,
1065 1448 45 23 fish
1128 1449 70 28 slices,
1212 1453 56 19 toast

679 1472 72 26 racks,
763 1479 66 20 sugar
841 1477 72 23 tongs,
925 1473 44 23 and
981 1475 72 22 butter
1062 1475 85 28 knivei,

708 1499 153 23 Candlesticks
873 1501 43 21 and
928 1501 100 27 snuffers,

707 1526 55 22 Also
773 1530 43 18 two
827 1534 61 14 cases
898 1533 68 21 paper
976 1527 117 29 hangings,
1106 1529 25 23 of
1138 1529 38 23 the
1185 1534 83 18 newest

677 1555 99 25 patterns
786 1553 45 22 and
841 1554 20 21 in
872 1559 64 22 great
946 1555 96 28 variety.'

1074 1590 75 23 Levin
1166 1592 20 21 &
1200 1592 39 22 Co.

707 1618 188 29 Lambton-quay,
907 1620 60 27 Sept.
979 1621 32 26 15,
1024 1623 59 21 1843.

729 1663 23 21 N
767 1663 86 28 SALE,
869 1672 28 15 ex
910 1667 65 24 Tyne,
987 1667 40 20 &c.

755 1691 42 21 200
811 1691 84 22 barrels
905 1693 72 27 prime
988 1693 56 22 Irish
1055 1694 62 28 pork,

761 1719 25 20 19
800 1717 69 23 boxes
879 1720 78 21 mould
968 1720 96 28 candles,

760 1745 25 20 12
800 1752 61 14 cases
874 1746 106 22 Gunter's
990 1754 120 20 preserves,

757 1773 15 19 4
787 1778 61 15 cases
858 1773 108 22 Gunter's
975 1774 85 22 bottled
1070 1775 72 27 fruiU,

757 1800 15 19 4
786 1806 60 14 cases
856 1799 75 22 North
945 1800 61 23 Wilts
1016 1801 86 28 cheese,

757 1827 14 19 2
786 1833 62 14 cases
857 1826 64 22 dried
931 1827 72 27 herbs,

758 1853 88 25 Copper
855 1853 96 26 moulds,
962 1854 39 21 &c.

705 1878 29 21 At
745 1877 38 23 the
795 1879 126 22 Wholesale
933 1882 72 20 Stores
1016 1882 25 21 of
1053 1882 38 22 the
1103 1883 158 28 undersigned,

1004 1926 6 4 -
1043 1916 22 21 J.
1082 1916 33 22 M.
1131 1917 103 23 Taylor.

702 1939 132 26 September
844 1941 32 26 15,
888 1942 61 20 1843.

896 1988 56 20 For
966 1989 70 25 Sale,
1269 1988 2 4 '

672 2018 135 48 DAILY
822 2021 107 26 expected
948 2023 21 24 f
984 2022 113 29 Alligator,
1110 2025 65 26 Capt.
1192 2025 67 27 Cook,

754 2046 57 21 from
823 2047 101 22 Twofold
935 2049 55 28 Bay,
1001 2051 34 20 via
1046 2051 129 27 Auckland,

773 2081 35 20 58
837 2081 135 24 HEIFERS
1000 2086 18 19 2
1046 2086 106 27 BULLS,

672 2111 120 28 originally
801 2112 95 23 selected
914 2117 23 19 to
953 2123 40 14 our
1007 2117 65 21 order
1087 2118 56 21 from
1154 2118 39 22 the
1202 2118 58 22 cele-

671 2138 77 22 brated
759 2139 66 22 herds
835 2141 25 20 of
868 2141 39 21 Dr.
920 2141 79 29 Imlay,
1010 2150 29 15 on
1051 2148 96 18 account
1156 2145 27 22 of
1195 2145 23 22 J.
1228 2145 29 23 D.

672 2165 148 28 Greenwood,
834 2168 58 26 Esq.,
905 2176 50 14 now
966 2169 33 23 for
1009 2171 52 26 sale,
1070 2171 49 22 that
1128 2172 130 27 gentleman

670 2193 85 26 having
773 2194 89 21 refused
882 2195 63 22 them
961 2196 23 22 in
1002 2205 153 20 consequence
1166 2200 25 20 of
1202 2199 58 22 their
1269 2195 2 23 !

670 2221 40 19 not
721 2219 97 28 arriving
830 2221 76 22 within
918 2222 38 22 the
969 2225 54 21 time
1034 2225 88 26 agreed.

952 2258 33 21 W.
1002 2259 25 21 B.
1044 2259 95 22 Rhodes
1154 2261 21 21 &
1191 2261 39 21 Co.

697 2286 130 26 September
837 2289 19 22 5,
870 2289 60 22 1843.
1269 2281 2 32 i

855 2337 34 22 W.
908 2338 33 22 M.
957 2339 107 27 SMITH,

668 2380 56 15 LATE
736 2382 239 17 SURVEYOR-GENERAL
987 2385 26 14 TO
1026 2385 45 16 THE
1087 2387 51 14 NEW
1154 2388 104 14 ZEALAND

905 2411 115 20 COMPANY,

694 2439 143 28 Surveyor,
852 2441 213 28 Draughtsman,
1081 2445 55 20 and
1151 2446 77 21 Land

912 2470 101 26 Agent.

665 2502 179 29 Tinakori-road,
855 2505 102 29 January
969 2509 21 25 4,
1002 2509 61 21 1843.

896 2559 42 20 On
953 2560 70 25 Sale,

665 2589 92 48 THE
788 2590 72 22 NEW
885 2592 153 24 ZEALAND
1067 2596 186 27 PORTFOLIO,

664 2642 32 11 ™«
701 2642 27 11 JJ
730 2643 6 10 ,
738 2623 27 14 CO
758 2623 23 30 ,£
783 2616 54 23 duct
832 2644 6 9 ,
838 2618 29 21 ed
884 2619 14 22 h
898 2627 17 19 y
934 2620 23 22 H
983 2621 14 22 S
999 2637 5 6 -
1023 2622 124 29 Chapman,
1169 2625 35 25 (of
1217 2625 37 22 the

663 2642 88 23 Middle
758 2644 112 29 Temple,)
881 2646 216 26 Barrister-at-Law.

689 2675 45 22 No.
747 2676 50 21 I.—
797 2677 21 21 A
835 2677 77 23 Letter
927 2681 25 20 to
969 2679 37 24 the
1025 2681 70 28 Right
1111 2683 64 22 Hon.
1194 2684 59 23 Lord

662 2703 100 27 Stanley,
781 2704 118 28 Secretary
919 2706 28 21 of
961 2707 61 23 State
1041 2709 35 21 for
1095 2709 37 22 the
1152 2711 100 23 Colonial

662 2730 157 27 Department,
852 2732 36 21 On
896 2732 39 23 the
941 2734 188 24 Administration
1136 2738 27 21 of
1167 2738 85 23 Justice

662 2763 24 14 m
696 2756 56 22 New

663 2790 54 37 ,^
714 2797 12 14 0
728 2806 6 6 '
903 2797 24 19 to
943 2795 59 22 John
1019 2797 58 21 Abel
1094 2798 80 28 Smith,
1190 2800 60 27 Esq.,

662 2819 25 19 M
689 2832 42 20 V;''
765 2819 36 22 On
811 2820 67 22 tneA
880 2820 13 33 4
896 2825 68 19 vanta
964 2829 14 21 S
979 2830 72 16 eswm
1046 2824 5 5 '
1053 2825 27 21 ell
1088 2826 75 22 would
1173 2834 78 15 accrue

662 2847 21 18 to
694 2846 95 26 English
800 2846 126 28 Capitalists
936 2850 56 21 from
1004 2850 37 22 the
1051 2853 170 23 establishment
1229 2855 26 21 of

662 2879 12 14 a
682 2872 59 21 Loan
754 2874 102 27 Company
867 2875 34 22 for
910 2877 54 20 New
973 2879 98 27 Zealand,
1084 2880 86 22 similar
1182 2886 21 17 to
1214 2881 36 22 the

662 2900 128 22 Australian
799 2901 67 22 Trust

686 2935 44 22 No.
741 2935 77 22 III.—
892 2938 98 23 Address
1001 2943 23 19 to
1034 2940 36 23 the
1081 2942 58 22 New
1149 2943 100 22 Zealand

662 2963 62 21 Land
734 2963 140 28 Proprietors
884 2966 99 23 resident
995 2967 24 22 in
1028 2968 39 22 the
1077 2969 86 23 United
1178 2970 71 27 King-

662 2989 55 28 dom,
729 2997 30 15 on
774 2992 86 22 several
875 2996 94 20 matters
978 2996 26 20 of
1011 2996 138 28 importance
1159 3001 24 18 to
1193 2998 57 22 their

684 3051 44 24 No.
745 3052 72 23 IV.—
846 3054 35 22 On
901 3055 39 22 the
961 3057 114 23 Financial
1095 3059 114 23 condition
1225 3060 27 22 of

662 3079 50 21 New
857 3082 31 27 by
898 3083 92 23 Charles
999 3085 76 27 Terry,
1088 3086 61 28 Esq.,
1160 3087 86 25 F.R.S.,

662 3107 75 21 b.S.A.

684 3138 44 22 No.
743 3139 30 22 V.
774 3151 30 5 —
804 3142 19 19 1.
876 3142 159 24 Observations
1060 3153 29 14 on
1113 3146 134 27 facilitating

662 3166 135 26 Emigration
822 3170 23 19 to
868 3168 57 23 New
949 3170 107 29 Zealand,
1075 3173 32 27 by
1126 3181 79 15 means
1224 3174 25 21 of

662 3192 112 23 Moderate
795 3194 98 28 Charges
908 3196 35 22 for
962 3197 66 24 Chief
1045 3199 44 23 and
1106 3200 138 23 Fore-Cabin

818 3222 28 21 In
855 3230 14 14 a
880 3222 77 23 Letter
967 3228 22 18 to
1000 3225 83 29 Joseph
1095 3229 85 26 Somes,
1192 3229 52 26 Esq.

662 3246 33 21 &c.
707 3246 40 23 &c.
778 3248 34 27 By
822 3248 31 22 H.
865 3250 22 21 S.
899 3250 123 29 Chapman.

662 3307 12 11 r»
682 3281 13 21 2
743 3308 7 10 i
743 3281 23 22 A
777 3281 18 23 L
796 3309 19 9 m
820 3284 21 20 te
837 3291 19 27 /r
862 3291 13 13 o
873 3310 6 8 ,
877 3291 13 14 n
903 3284 65 23 Bank
969 3293 7 14 '
978 3293 13 14 n
994 3293 14 21 S
1018 3286 23 24 in
1051 3288 57 22 New

662 3307 27 27 By
700 3308 87 22 Arthur
796 3309 25 22 T.
835 3310 109 29 Holroyd,
956 3313 52 28 Esq.

681 3341 45 22 N°-
741 3342 73 23 VI-—
837 3344 159 26 Observations
1011 3355 28 15 on
1049 3348 38 23 the
1098 3350 145 28 Advantages

662 3370 17 20 jf
692 3375 15 14 a
723 3370 185 28 Representative
924 3373 121 30 Assembly
1059 3376 36 22 for
1113 3378 59 22 New
1187 3378 55 23 Zea-

680 3427 99 24 General
791 3430 48 25 title
849 3431 45 24 and
903 3432 152 25 introduction
1066 3440 30 24 to,
1098 3437 38 22 the
1148 3438 80 22 Series.

844 3471 68 15 PRICE
931 3474 118 16 SIXPENCE.

679 3493 89 21 Gazette
779 3495 77 28 Office,
870 3497 70 28 Sept.,
952 3500 60 21 1843.
1025 3494 5 3 '

662 3540 80 48 rHE
766 3542 80 23 Nehon
868 3544 119 22 Examiner
1009 3547 44 20 and
1073 3549 54 20 New
1150 3551 94 21 Zealand

724 3568 112 23 Chronicle
851 3570 127 26 (published
988 3577 23 18 at
1021 3574 102 29 Nelson,)
1140 3577 19 22 is
1177 3584 65 19 regu-

662 3595 43 27 arly
724 3596 140 23 transmitted
881 3601 24 19 to
921 3598 145 31 Wellington,
1086 3603 46 22 and
1147 3612 52 19 may
1215 3605 26 21 be

662 3623 28 20 lad
701 3625 24 19 at
733 3623 38 22 the
783 3624 99 24 office.of
893 3625 45 23 this
947 3633 75 22 paper.

673 3653 49 23 The
731 3655 81 21 Nelson
819 3657 119 24 Examiner
954 3660 44 25 wijl
1007 3660 28 23 ba
1044 3661 71 24 found
1126 3671 29 17 a,n
1166 3664 75 26 excej-

662 3685 32 17 snt
702 3683 100 22 medium
812 3684 36 22 for
856 3685 142 24 advertisers.

672 3714 78 22 Terms
761 3715 34 22 for
805 3715 38 23 the
852 3723 75 22 paper,
939 3722 36 18 ten
985 3719 101 28 shillings
1101 3729 40 18 per
1150 3726 91 21 quarter

662 3740 77 28 ayable
747 3749 25 14 in
782 3742 109 24 advance.
995 3758 4 8 ,
1065 3750 2 5 '
1202 3744 4 9 '

672 3772 83 24 Orders
778 3775 35 22 for
832 3775 38 23 the
892 3784 70 21 paper
984 3779 45 22 and
1052 3780 186 24 advertisements

662 3801 85 21 eceived
757 3805 23 17 at
790 3802 43 23 the^
839 3803 71 23 Office
921 3805 27 21 of
959 3805 44 22 this
1012 3813 77 19 paper.

716 3846 54 21 For
785 3848 70 26 Sale;
871 3850 93 26 Seeds,
979 3857 37 15 ex

662 3879 76 48 FUST
760 3881 112 28 received,
892 3890 15 14 a
931 3884 103 22 valuable
1056 3888 138 21 assortment
1213 3888 26 21 of

707 3907 61 22 fresh
778 3908 70 22 Seeds
856 3910 61 22 from
928 3910 102 23 London;

824 3942 79 28 Office,
915 3944 90 27 August
1015 3946 33 29 11,
1061 3946 61 22 1843.

1305 710 65 21 Just
1380 712 134 26 received,
1526 718 36 16 ex
1697 716 55 20 and

1304 749 51 48 A
1366 750 108 22 LARGE
1489 750 160 25 QUANTITY
1662 753 39 21 OF
1716 753 173 28 BLANKETS,

1384 776 63 22 West
1463 777 25 21 of
1502 778 102 26 England
1618 779 107 27 superfine
1741 780 70 22 broad
1822 781 66 26 cloth,

1303 801 61 28 blue,
1374 802 75 28 black,
1462 803 54 22 dark
1525 811 73 20 green,
1613 805 85 22 Oxford
1713 806 116 27 mixtures,
1841 808 48 26 &c,

1303 827 55 27 pilot
1369 829 67 27 cloth,
1448 829 88 29 flannel,

1331 855 21 21 A
1371 855 105 29 quantity
1495 858 26 20 of
1533 865 68 20 grass,
1620 858 97 28 vetches,
1737 859 81 28 clover,
1845 861 43 21 and

1303 881 86 26 garden
1399 883 70 27 seeds,
1481 884 125 28 stationery,
1618 889 94 18 account
1720 885 76 28 books,

1331 908 131 28 Iron-ware,
1473 913 37 19 tea
1519 910 87 28 kettles,
1618 912 46 22 iron
1676 919 128 22 saucepans,

1330 935 22 20 A
1363 936 85 27 variety
1458 938 26 20 of
1491 937 124 23 Chinaand
1625 939 51 21 blue
1686 946 64 20 ware,

1331 960 59 28 Pins,
1402 962 98 28 needles,
1512 964 44 22 and
1565 964 111 28 thimbles,
1687 969 36 19 tea
1731 970 70 23 trays,

1331 988 19 21 A
1360 988 60 27 large
1439 993 134 19 assortment
1592 992 26 22 of
1632 992 45 22 fine
1694 996 37 18 cut
1747 993 61 28 clasp
1824 993 62 28 nails,

1301 1013 61 22 hand
1370 1016 45 21 and
1425 1015 120 23 framesaw
1554 1017 52 28 files,
1615 1018 115 22 Britannia
1735 1021 67 21 metal
1810 1021 75 26 goods,

1300 1042 129 25 percussion
1439 1049 57 20 guns
1507 1044 45 23 and
1562 1051 58 21 caps,
1629 1045 41 22 bed
1681 1050 128 22 s?rews,rat
1820 1050 65 24 traps,

1300 1067 106 22 standard
1416 1069 77 27 scales,
1505 1070 66 26 globe
1580 1072 58 26 glass
1647 1072 94 27 reading
1749 1073 78 28 lamps,
1839 1075 47 21 iron

1300 1094 100 27 weights,
1411 1096 54 21 seed
1475 1096 79 28 wheat,
1566 1098 39 21 &c.

1687 1125 76 23 James
1780 1127 79 22 Mayo.

1328 1153 98 23 Herbert
1436 1155 79 27 Street,
1526 1156 31 22 Te
1568 1157 52 26 Aro,
1633 1159 58 26 Sept.
1702 1160 19 24 1,
1734 1160 61 21 1843.

1531 1202 41 20 On
1587 1203 69 25 Sale,

1299 1232 74 48 EX
1409 1234 121 25 Vanguard,
1570 1237 62 25 Tyne,
1661 1236 44 22 and
1743 1237 64 22 other
1842 1239 42 21 late

1377 1261 93 21 arrivals
1471 1272 28 5 —

1327 1290 60 27 Port,
1398 1291 137 28 Tarragona,
1547 1293 45 22 and
1602 1294 91 27 Malaga
1700 1295 69 22 wines
1775 1296 24 22 in
1810 1297 74 27 wood,

1298 1318 77 26 sherry
1395 1318 58 22 wine
1471 1326 24 15 in
1514 1319 76 27 bottle,
1615 1320 43 22 fine
1683 1328 85 21 cognac
1791 1323 93 28 brandy,

1298 1343 110 28 blankets,
1424 1345 79 27 prints,
1522 1345 87 29 shawls,
1626 1347 75 25 scarfs,
1714 1348 28 22 de
1751 1348 79 29 lames,
1841 1350 45 23 and

1298 1376 14 14 a
1322 1370 85 28 variety
1414 1371 26 21 of
1448 1372 64 21 other
1521 1373 63 26 piece
1594 1373 69 27 goods
1670 1374 46 22 and
1723 1375 60 28 slops
1790 1383 6 21 ;
1808 1377 76 27 spices,

1297 1397 74 21 viz.—
1372 1400 111 25 nutmegs,
1494 1399 82 27 cloves,
1590 1400 87 28 ginger,
1689 1402 78 27 cassia,
1778 1404 106 28 pimento;

1298 1430 112 22 carraway
1425 1425 71 27 seeds,
1514 1433 66 20 sago:
1600 1427 66 22 black
1679 1428 45 22 and
1743 1436 68 20 green
1830 1433 53 25 teas,

1298 1451 70 22 coffee
1369 1467 14 14 v
1391 1459 74 20 sugar,
1484 1452 72 23 China
1573 1461 120 21 preserves,
1714 1455 76 24 lemon
1809 1465 74 21 syrup,

1297 1477 71 28 hams,
1388 1479 88 27 raisins,
1500 1479 94 29 cheese;
1619 1482 71 22 men's
1714 1486 76 24 strong
1811 1484 72 27 boots,

1297 1503 93 28 leather,
1401 1505 45 22 and
1460 1506 106 28 grindery
1573 1515 5 19 ;
1595 1515 28 15 an
1638 1508 88 23 invoice
1746 1510 26 21 of
1787 1512 97 21 assorted

1298 1530 101 29 sadlery;
1424 1540 15 13 a
1457 1533 61 27 large
1542 1535 102 27 quantity
1668 1536 26 21 of
1716 1536 101 23 Colonial
1840 1538 43 22 and

1298 1558 120 23 American
1430 1559 87 27 timber,
1528 1560 73 28 slates,
1613 1562 90 22 biscuits
1714 1564 43 21 and
1774 1564 109 28 crackers,

1298 1585 92 22 tobacco
1409 1586 23 21 in
1453 1588 41 23 200
1494 1588 28 23 ft
1541 1588 60 27 kegs,
1621 1588 102 28 feathers,
1742 1592 141 27 turpentine;

1298 1613 66 20 white
1383 1613 82 27 clover,
1481 1614 102 28 timothy,
1603 1615 43 22 and
1663 1623 62 20 grass
1741 1618 70 26 seeds,
1833 1620 51 21 seed

1297 1638 88 28 barley;
1409 1639 82 22 bullets
1511 1640 44 23 and
1573 1642 67 27 flints,
1665 1644 46 21 and
1730 1651 14 14 a
1758 1645 86 27 variety
1864 1647 25 21 of

1297 1665 64 22 other
1369 1666 89 23 articles
1468 1668 72 21 suited
1552 1672 21 17 to
1584 1669 37 22 the
1634 1673 68 19 wants
1713 1671 26 21 of
1745 1671 37 22 the
1791 1672 93 28 Colony.

1577 1702 36 22 W.
1629 1703 24 21 B.
1670 1703 97 23 Rhodes
1782 1705 20 22 &
1818 1706 37 21 Co.

1324 1726 90 27 August
1423 1727 33 25 17.
1469 1729 61 21 1843.

1496 1774 44 21 Ex

1296 1806 73 48 ON
1384 1807 80 22 SALE
1478 1807 30 28 by
1523 1808 37 22 the
1574 1809 182 28 undersigned-

1375 1833 84 23 Hunt's
1469 1836 99 25 superior
1578 1836 37 22 old
1625 1840 50 23 port
1685 1838 63 27 wine,
1765 1839 84 22 bottled
1860 1840 22 21 in

1296 1859 93 27 Oporto,

1321 1886 106 28 Hosiery,
1437 1887 56 28 lace,
1505 1889 46 22 and
1560 1890 93 27 netting,

1321 1913 167 28 Earthenware,
1500 1915 50 23 well
1560 1917 106 26 assorted,

1320 1940 125 27 Champion
1456 1942 21 21 &
1488 1942 59 22 Co.'s
1557 1943 91 28 vinegar
1657 1945 24 21 in
1691 1944 51 23 half
1749 1945 132 28 hogsheads.

1276 1981 3 16 >
1437 1985 6 4 '
1674 1978 91 23 Wuutis
1779 1980 22 22 &
1815 1981 39 21 Co.

1320 2006 147 29 Wellington,
1479 2009 89 27 August
1578 2011 33 26 14,
1623 2011 60 22 1843.

1533 2055 54 20 For
1601 2056 69 25 Sale,

1290 2084 160 48 WHEAT
1472 2086 65 21 AND
1561 2087 108 27 FLOUR,
1685 2088 38 22 the
1741 2089 98 28 produce
1858 2091 25 21 of

1389 2111 36 22 the
1437 2112 65 27 Hutt,
1513 2112 23 23 in
1554 2114 53 27 bags
1620 2114 101 29 (200fts,)
1735 2121 23 17 at
1775 2117 33 23 £2
1824 2119 53 26 10a.,

1290 2138 48 21 half
1357 2138 54 26 bags
1429 2140 33 21 £1
1484 2141 31 20 ss.
1555 2140 58 28 Bags
1632 2145 21 17 to
1674 2143 27 21 be
1721 2144 113 27 returned,
1855 2152 24 14 or

1291 2164 97 27 charged
1402 2167 31 19 2s.
1450 2166 36 21 6d.
1516 2167 54 21 Also
1580 2175 14 13 a
1603 2168 64 22 small
1683 2169 102 28 quantity
1796 2172 26 20 of
1827 2173 52 20 seed

1275 2195 2 23 I
1290 2191 77 27 spring
1375 2192 47 21 and
1433 2194 79 21 winter
1521 2194 73 21 wheat
1603 2195 43 21 and
1656 2195 95 23 skinless
1762 2197 84 28 barley.

1319 2225 75 27 Apply
1405 2229 22 18 to
1444 2227 91 22 Messrs.
1549 2228 94 22 Rhodes
1660 2230 45 21 and
1719 2231 47 26 Co.,
1777 2231 31 22 Te
1826 2233 51 27 Aro,

1291 2259 25 14 or
1326 2256 21 17 to
1357 2253 46 21 Mr.
1418 2253 129 28 Swainson,
1564 2255 150 29 Hawkshead,
1726 2258 70 21 River
1812 2259 65 22 Hutt.

1275 2281 2 32 I
1318 2284 55 27 July
1382 2286 21 25 4,
1416 2286 61 21 1843.
1888 2288 2 25 |

1291 2330 72 48 ON
1380 2330 85 27 SALE,
1475 2334 23 18 at
1506 2332 39 22 the
1556 2333 73 21 Storos
1639 2333 24 22 of
1670 2334 38 21 the
1719 2335 158 28 undersigned,

1368 2364 29 14 ex
1408 2358 73 21 Scotia
1482 2369 27 5 —
1619 2369 3 4 •
1888 2361 2 23 ]

1399 2389 76 27 Flour,

1275 2422 2 11 f
1399 2416 64 27 Rice,

1399 2444 78 27 Sugar,

1397 2470 99 29 Brandy,

1397 2498 91 22 Bottled
1498 2498 35 23 a'e
1543 2499 44 22 and
1599 2503 82 25 porter,
1692 2502 102 27 Dunbar,

1533 2526 99 23 Thomas
1647 2528 25 21 M
1679 2543 6 6 .
1697 2529 151 23 Machattie.
1888 2529 2 24 !

1315 2550 63 28 Apri'
1390 2552 19 26 7,
1423 2554 61 20 1843.

1453 2598 92 22 Beach
1562 2600 145 28 Frontage.

1287 2630 67 49 TO
1369 2631 39 22 BE
1423 2632 66 26 LET,
1505 2632 71 23 beach
1586 2633 102 28 frontage
1702 2635 43 22 lots
1757 2636 22 22 in
1790 2640 86 19 section

1358 2660 43 20 490
1410 2665 29 15 on
1457 2658 38 23 the
1505 2660 56 23 Plan
1571 2661 27 21 of
1606 2660 37 23 the
1651 2662 69 22 Town
1735 2663 28 21 of
1770 2663 106 28 Welling-

1284 2688 46 22 ton,
1342 2685 116 27 adjoining
1469 2686 43 22 Mr.
1521 2687 89 22 Taine's
1617 2691 68 25 store;
1700 2689 47 23 and
1756 2690 23 22 in
1790 2691 84 23 section

1282 2712 48 26 616,
1339 2712 100 22 between
1451 2713 74 27 Msijor
1534 2714 90 22 Baker's
1635 2716 43 22 and
1687 2717 44 21 Mr.
1740 2717 136 24 Swainson's

1283 2738 89 23 houses.

1311 2765 56 22 Also
1376 2766 39 21 the
1423 2766 116 28 following
1549 2768 95 22 rections
1653 2776 30 14 on
1693 2770 38 22 the
1740 2770 55 22 Plan
1805 2772 26 21 of
1839 2772 36 22 the

1287 2807 8 6 »
1303 2799 57 20 own,
1372 2794 46 21 viz:
1420 2804 28 5 —

1386 2826 27 20 55
1468 2844 4 3 .
1551 2828 42 21 319
1742 2832 41 19 f)'>2

1373 2853 42 21 240
1552 2856 40 20 718
1731 2859 52 20 107U

1309 2879 76 27 Apply
1400 2883 22 17 to

1462 2907 25 21 E.
1503 2907 22 21 J.
1542 2908 149 28 Wakeimeld,
1707 2917 25 15 or

1460 2939 33 19 W.
1511 2940 27 21 V.
1555 2940 106 28 Brewer,
1677 2942 195 24 Manners-street.

1444 2984 44 21 Ex

1277 3017 107 51 NOW
1395 3018 159 28 LANDING,
1568 3019 45 22 and
1622 3027 28 16 on
1660 3020 52 23 Sale
1723 3025 24 18 at
1758 3022 37 21 the
1806 3023 64 21 Store

1361 3044 27 22 of
1394 3044 38 23 the
1446 3046 151 27 undersigned
1597 3058 28 5 —

1305 3076 110 23 Blankets
1436 3079 33 26 11,
1486 3079 31 25 12,
1533 3078 44 22 and
1595 3081 26 21 13
1639 3083 108 25 quarters,
1769 3082 102 27 superior

1277 3104 92 27 quality,

1303 3131 76 21 Bottle
1389 3131 73 28 fruits,
1474 3135 108 25 currants,
1593 3133 85 28 rais'ns,

1304 3157 86 23 Lemon
1402 3166 68 21 syrup
1480 3159 23 22 in
1519 3159 78 29 bottle,
1606 3161 47 30 gin,
1665 3161 44 22 and
1719 3170 13 14 a
1742 3163 88 28 variety
1845 3163 26 22 of

1276 3184 65 23 other
1349 3185 80 28 goods.

1303 3218 50 23 EST
1377 3217 34 22 M.
1422 3218 30 21 A.
1463 3218 45 22 will
1527 3218 53 29 buy,
1598 3220 35 22 for
1650 3220 60 28 cash,
1731 3222 26 21 10
1775 3225 49 19 tons
1844 3223 26 21 of

1276 3243 71 23 Black
1357 3244 38 22 Oil
1405 3252 26 14 or
1441 3253 70 20 more,
1523 3253 28 15 on
1562 3246 113 23 moderate
1686 3251 74 19 terms.

1522 3280 34 22 M.
1571 3281 103 23 Asher's
1689 3282 70 27 Store,

1639 3309 113 22 Lambton
1763 3309 74 27 Quay.

1303 3332 88 27 August
1403 3333 33 26 17,
1448 3335 61 21 1843.
1813 3327 10 10 '

1329 3378 121 23 Wanted
1465 3380 28 21 to
1510 3380 141 26 purchase,
1667 3381 43 21 for
1725 3382 81 26 Cash,

1279 3415 17 35 1
1310 3415 70 35 OA
1409 3417 82 22 TUNS
1507 3418 54 21 OIL
1576 3418 68 23 AND
1658 3419 41 22 BO
1697 3419 54 31 .NE,
1769 3420 95 23 deliver-

1279 3449 24 13 J>-
1310 3443 69 21 W
1409 3444 51 21 able
1470 3445 24 21 in
1505 3451 25 15 or
1540 3445 68 22 about
1618 3446 72 22 Cooks
1700 3447 80 22 Straits
1790 3455 6 19 ;
1816 3448 48 22 also

1411 3478 13 14 a
1433 3472 104 26 quantity
1548 3472 25 21 of
1580 3472 50 22 Seal
1643 3472 74 23 Skins.

1300 3501 76 28 Apply
1394 3505 24 19 to
1437 3503 94 27 Captain
1552 3504 132 28 Robertson,
1702 3505 26 22 of
1742 3506 37 22 the
1798 3508 64 25 Tyne,

1276 3534 22 15 or
1308 3532 23 19 to

1533 3557 115 25 Bethonb
1662 3559 46 23 and
1723 3559 111 26 Hunter.

1299 3586 147 29 Wellington,
1458 3589 91 27 August
1558 3591 33 26 15,
1603 3592 59 21 1843.

1381 3639 41 20 On
1438 3639 70 25 Sale,
1524 3645 36 15 ex

1276 3667 62 31 OK
1369 3671 117 24 CHESTS
1516 3673 204 25 GUNPOWDER
1748 3676 70 28 TEA,

1276 3699 63 18 md*J
1395 3699 14 20 5
1423 3703 51 18 tons
1485 3700 45 22 fine
1540 3708 73 21 sugar,

1396 3727 14 20 2
1424 3729 52 19 tons
1488 3727 88 28 Bengal
1586 3729 53 27 rice,

1398 3752 94 29 Ginger,
1503 3761 91 24 pepper,
1604 3756 40 23 &c.

1295 3814 30 4 _
1338 3815 24 9 „.
1533 3792 116 27 Bethune;
1662 3794 43 24 aad
1720 3795 112 24 Hunter.

1295 3815 148 31 Wellington,
1455 3818 90 28 August
1557 3820 34 27 15,
1602 3822 60 23 1843.

1455 3869 66 21 Just
1535 3871 132 21 received.

1276 3898 119 49 E>LANS
1418 3899 28 22 of
1465 3899 39 23 the
1526 3901 71 23 Town
1617 3902 26 22 of
1659 3903 171 25 Wellington.

1340 3925 57 22 Plan
1418 3926 28 21 of
1452 3925 38 23 the
1500 3927 110 24 Harbour
1619 3929 25 23 of
1657 3930 57 23 Port
1731 3932 127 24 Nicholson

1293 3952 104 27 Message
1408 3953 71 27 cards,

1891 717 2 8 '
2093 720 96 21 Public
2203 721 130 22 Auction.

1923 753 92 47 MR.
2031 751 220 25 FITZHERBERT
2260 755 91 23 williell
2362 757 30 27 by
2399 758 107 27 Auction,

2013 786 28 14 on
2059 777 105 30 Tuesday
2171 784 61 24 next,
2244 784 23 19 at
2281 781 35 23 his
2332 783 81 28 Stores,
2466 791 41 16 one

1922 805 86 22 o'clock
2019 805 137 28 precisely—

1949 833 26 19 16
1990 832 53 27 kegs
2052 832 80 27 butter,
2144 833 14 23 7
2166 834 83 22 barrels
2258 835 61 27 pork,
2330 837 15 20 4
2362 837 79 22 tierces
2451 837 58 28 beef,

1947 860 25 20 31
1988 859 54 27 bags
2052 859 95 23 Manilla
2163 868 75 20 sugar,
2248 863 14 20 2
2276 861 64 23 hhdi.
2356 864 115 27 molasses,
2476 866 34 20 '4o

1920 885 158 27 loavessugar,

1947 913 13 19 fi
1970 915 90 24 quarter
2069 912 62 22 casks
2141 913 44 26 gin,
2199 915 25 21 15
2239 915 49 22 doz.
2298 915 84 28 sherry,

1946 940 13 20 2
1974 939 65 21 cask*
2047 939 102 26 oatmeal,
2159 941 13 20 3
2182 940 73 23 chests
2267 944 43 20 tea.

2183 979 63 19 ALSO,

1947 997 21 21 A
1988 1004 53 18 very
2063 997 100 27 superior
2185 1002 133 18 assortment
2340 1000 26 21 of
2385 1000 122 28 bandanas,

1920 1021 121 23 children's
2071 1023 93 28 dresses,
2199 1025 57 26 pilot
2283 1025 67 28 cloth,
2374 1031 62 18 coats
2464 1030 45 21 and

1919 1052 108 25 trowsers,
2046 1049 118 28 Guernsey
2176 1051 82 27 frocks,
2274 1052 82 28 striped
2373 1053 80 29 shirts,,
2463 1054 44 23 and

1919 1082 54 21 very
1998 1076 98 28 superior
2119 1077 77 28 prints,
2220 1078 108 28 imported
2354 1080 71 22 direct
2434 1094 11 7 ..
2448 1081 58 23 from

1920 1102 102 27 England
2038 1102 22 22 in
2083 1104 29 21 tin
2124 1111 67 20 cases,
2203 1105 46 22 and
2264 1112 50 15 now
2329 1105 86 29 opened
2424 1108 34 22 for
2470 1108 38 22 the

1907 1129 5 4 '
1919 1129 47 21 first
1975 1130 61 22 time.

1946 1162 130 26 September
2086 1164 33 24 15,
2131 1164 60 21 1843.
2393 1162 5 5 '

2098 1207 37 22 W.
2151 1208 20 22 I.
2186 1208 135 28 LOXLEY,

2039 1240 79 21 Wine
2146 1242 153 26 Merchant,
2328 1244 57 25 &c,

2116 1279 82 15 PARISH
2213 1280 95 16 ITREET.

1945 1317 65 20 Just
2031 1317 115 26 opened,
2162 1317 54 21 and
2231 1318 43 21 for
2295 1319 60 22 Sale
2377 1320 41 26 by
2430 1321 46 22 the

2113 1349 194 28 undersigned,

1920 1387 53 34 f±
1975 1386 195 23 ENTLEMEN'S
2190 1388 144 29 Wellington,
2353 1390 64 29 drab,
2438 1392 65 22 black

1920 1412 53 23 vJ
2000 1414 88 26 button,
2097 1414 46 22 and
2152 1413 106 25 Ciarence
2267 1417 70 27 boots,

1945 1445 103 27 Blucher,
2061 1446 111 27 Oxonian,
2183 1447 46 22 and
2243 1447 57 28 light
2314 1449 96 28 walking
2427 1450 74 28 shoei,

1945 1472 108 27 Working
2062 1472 71 22 men's
2142 1473 75 22 nailed
2229 1474 47 22 half
2285 1476 80 27 boots,.
2401 1494 3 4 .
2423 1494 2 5 .
2443 1493 3 4 .

1945 1499 67 27 Boys'
2022 1498 66 22 shoes
2095 1500 45 21 and
2150 1503 59 19 stout
2218 1501 50 22 half
2274 1503 68 26 boots,

1945 1522 68 26 Girfs'
2028 1526 44 21 and
2086 1526 118 23 children's
2222 1528 65 23 shoes
2297 1530 46 22 and
2353 1529 60 23 cloth
2424 1531 78 22 button

1916 1552 71 28 boots,

1945 1578 87 24 Ladies'
2062 1579 59 22 cloth
2150 1580 71 27 boots,
2249 1581 156 25 double-soled
2428 1583 73 29 shoes,

1917 1606 112 27 Morocco,
2040 1606 88 27 lasting,
2138 1607 44 22 and
2192 1607 87 23 French
2290 1613 74 24 carpet
2373 1610 101 29 slippers,
2491 1625 4 3 ■

1944 1633 47 21 The
2010 1630 71 25 above
2096 1634 88 22 articles
2199 1642 39 14 are
2257 1635 26 22 of
2298 1644 13 14 a
2329 1644 54 21 very
2403 1638 100 27 superior

1916 1659 141 28 description.

1944 1686 37 22 An
1991 1689 132 19 assortment
2131 1687 26 22 of
2165 1688 131 29 Stationery,
2308 1691 122 27 consisting
2438 1691 27 22 bf
2467 1699 33 14 :—

1944 1713 59 28 Post,
2013 1713 61 22 bank
2083 1714 43 22 and
2136 1714 98 29 foolscap
2243 1723 74 25 paper,

1944 1740 80 27 Demy,
2035 1740 102 28 blotting,
2149 1742 43 21 and
2204 1743 102 27 imperial
2316 1752 47 19 cap,

1944 1767 171 22 Memorandum
2125 1768 74 27 books,
2211 1770 107 27 assorted,

1945 1794 90 27 Oblong
2044 1794 90 28 clasped
2142 1795 73 27 pencil
2225 1796 76 28 books,

1944 1820 89 22 Collins'
2044 1820 114 28 indelible,
2170 1823 106 27 assorted,

1943 1848 104 22 Account
2055 1847 77 28 books,
2142 1849 57 22 from
2211 1857 43 15 one
2264 1851 63 27 quire
2337 1853 110 27 upwards,

1898 1881 2 14 1
1944 1874 92 27 Wafers,
2048 1875 86 28 sealing
2144 1883 54 19 wax,
2210 1877 47 21 and
2265 1877 40 23 ink
2314 1879 107 27 powders,

1898 1902 2 30 [
1942 1901 89 22 Artist's
2041 1902 91 27 pencils,
2139 1903 59 27 good
2206 1904 95 27 writing,
2309 1905 44 22 and
2363 1907 137 27 carpenter's

1897 1934 3 20 ;
1914 1927 69 28 leads,

1897 1963 2 15 !
1942 1955 59 22 Steel
2011 1962 55 21 pens
2077 1955 45 23 and
2130 1964 43 20 pen
2184 1957 97 28 holders,

1896 1985 2 17 i
1942 1983 9 19 1
1956 1983 11 20 1
1978 1982 50 22 doz.
2038 1982 92 22 Smith's
2141 1990 55 21 copy
2205 1984 62 26 slips,

1895 2005 3 31 I
1942 2008 97 22 Gillott's
2049 2008 76 22 school
2134 2017 61 20 pens,
2206 2011 75 30 quills,

1895 2039 3 29 j
1940 2035 132 26 Envelopes,
2084 2036 99 22 national
2193 2037 76 23 school
2278 2038 73 28 slates,

1940 2062 80 27 Coffee,
2031 2065 44 23 tea,
2086 2062 43 22 and
2138 2063 86 22 refined
2234 2072 71 20 sugar,

1940 2089 74 22 Prime
2024 2089 58 21 Cork
2091 2089 74 23 butter
2173 2091 23 21 in
2206 2091 84 27 firkins,
2303 2100 23 14 or
2336 2094 29 27 by
2375 2093 38 23 the
2425 2094 72 23 dozen

1911 2116 95 27 pounds,

1938 2143 28 21 40
1979 2141 83 23 barrels
2071 2143 109 28 superfine
2189 2145 122 23 American
2323 2145 64 30 flour,

1940 2170 120 21 American
2069 2169 111 28 chopping
2188 2178 62 21 axes,
2260 2173 49 22 iron
2320 2177 36 18 tea
2364 2173 88 29 kettles,

1938 2197 13 19 5
1966 2200 49 18 cwt.
2036 2196 123 22 Rodway's
2178 2202 79 23 patent
2280 2199 64 23 horse
2368 2201 65 22 shoes
2452 2203 46 22 and

1910 2223 63 26 nails,

1894 2255 3 28 I
1940 2250 73 22 Hall's
2022 2249 60 28 glass
2091 2251 143 28 gunpowder,
2243 2253 88 28 powder
2339 2254 75 28 flasks,

1894 2278 2 26 j
1941 2277 65 27 Ivory
2029 2277 97 22 handled
2154 2286 81 21 razors,
2261 2281 130 22 Cowovan's
2411 2283 86 22 Canton

1911 2310 63 15 razor
1983 2305 137 26 sharpeners,

1940 2331 117 26 Crockery,
2073 2331 114 28 including
2206 2333 87 28 dinner,
2314 2335 120 28 breakfast,
2453 2337 45 22 and

1911 2360 37 19 tea
1958 2359 103 25 services,

1939 2385 55 21 Fine
2004 2388 37 19 cut
2051 2385 107 22 tumblers
2168 2387 44 21 and
2222 2388 58 21 wine
2289 2389 90 28 glasses,

1939 2411 93 26 Pickles,
2044 2411 93 28 vinegar
2151 2413 23 21 in
2189 2414 68 28 pints,
2267 2415 73 23 lemon
2354 2416 68 28 juice,
2434 2418 63 23 salad

1911 2438 36 27 oil,
1959 2446 84 21 capers,
2053 2446 84 20 sauces,
2148 2441 106 28 mustard,
2265 2443 62 27 pearl
2338 2444 86 28 barley,
2435 2452 61 20 sago,

1910 2466 104 27 oatmeal,
2025 2465 47 24 and
2082 2466 92 28 tapioca,

1938 2493 69 22 Fresh
2017 2493 85 22 salmon
2114 2494 45 22 and
2169 2502 65 20 soups
2243 2495 24 22 in
2276 2497 113 28 canisters,

1938 2519 111 23 Hockins'
2060 2524 76 23 patent
2145 2521 88 22 seidlitz
2242 2522 24 23 in
2278 2524 107 28 powders,

1938 2547 58 21 Soda
2006 2547 44 22 and
2058 2547 80 27 ginger
2148 2548 52 22 beer
2209 2549 107 29 powders,

1938 2573 167 28 Raspberryarle
2116 2575 45 21 and
2170 2575 148 24 Cheltenham
2328 2578 61 28 salts,

1937 2601 80 21 Steer's
2036 2601 125 28 opodildoc,
2177 2603 97 22 James's
2292 2604 97 29 powder,
2401 2606 95 28 Daley's

1908 2628 119 21 carminiti%
2027 2634 5 9 r
2034 2635 19 18 e,

1937 2655 78 22 Brown
2025 2655 112 27 Windsor,
2147 2656 74 28 fancy,
2233 2658 43 23 and
2286 2658 92 28 shaving
2388 2667 72 21 soaps,

1935 2681 96 23 Essence
2047 2683 27 20 of
2083 2683 86 27 ginger,
2184 2684 87 28 brandy
2285 2685 84 28 bitters,
2375 2684 4 4 '
2385 2688 110 21 aromatic

1907 2708 100 28 vinegar,
2017 2709 163 23 inexhaustible
2191 2711 61 27 salts,

1908 2742 5 4 *
1935 2736 138 22 Permanent
2081 2736 46 27 ink,
2139 2738 105 28 scouring
2253 2738 72 29 drops,
2336 2740 97 28 pastiles,

1936 2763 47 21 Salt
1993 2764 25 20 of
2025 2763 91 26 lemons,
2129 2768 63 18 court
2200 2765 99 29 plaister,

1937 2789 119 23 Lavender
2065 2794 68 18 vater
2142 2791 48 22 Eau
2201 2792 28 22 de
2239 2793 105 29 Cologne,
2387 2801 11 8 '

1935 2816 68 23 Bears
2011 2823 84 21 grease,
2109 2818 50 21 cold
2168 2825 83 21 cream,
2262 2827 110 16 macassar
2382 2821 37 27 oil,
2432 2821 63 23 tooth

1906 2843 96 27 powder,
2013 2846 49 24 &c,

1934 2870 88 22 Ladies'
2037 2871 89 22 tortoise
2142 2871 56 22 shell
2214 2872 49 23 side
2279 2875 83 27 combs,
2383 2874 111 29 dressing,

1905 2897 46 21 and
1960 2897 64 22 small
2034 2898 61 21 tooth
2109 2899 82 22 combs.

1934 2924 64 26 Hair,
2027 2924 69 26 tooth,
2126 2925 53 27 nail,
2209 2926 102 29 shaving,
2335 2928 46 22 and
2408 2928 86 23 clothes

1904 2950 100 27 brushes,

1931 2977 79 27 Slates,
2021 2977 57 22 slate
2086 2978 87 28 cistern,
2183 2979 100 28 hearths,
2294 2980 105 30 chimney
2409 2983 83 28 pieces,

1931 3004 80 23 Hones
2020 3004 45 23 and
2074 3004 103 28 chimney
2187 3010 58 24 pots,

1930 3031 55 22 And
2001 3038 119 16 numerous
2135 3033 63 22 other
2213 3034 95 27 articles,
2319 3035 73 23 which
2403 3036 46 22 will
2464 3037 28 21 be

1902 3057 48 22 sold
1960 3065 53 21 very
2023 3058 50 27 low,
2085 3059 34 22 for
2128 3059 53 23 cash
2191 3060 62 29 only,
2264 3061 29 28 by

2126 3099 22 22 J.
2164 3099 161 30 BODDINGTON,

1995 3132 110 22 Lambton
2117 3133 70 28 Quay,
2199 3141 56 15 near
2265 3135 37 22 the
2312 3137 54 22 Post
2375 3137 80 27 Office,
2467 3145 25 15 or

2124 3168 75 22 James
2214 3169 112 28 Jackson,

2258 3202 112 23 Lambton
2386 3204 75 25 Quay.

1926 3226 61 22 June
1997 3229 20 24 2,
2029 3227 61 21 1843.
2438 3220 12 12 '

2069 3272 78 21 Meat
2168 3274 150 26 Company.

1898 3304 92 50 THE
2011 3305 238 29 UNDERSIGNED,
2269 3307 84 29 having
2371 3309 58 22 been
2451 3318 38 20 ap-

1971 3331 91 29 pointed
2079 3333 108 27 Manager
2198 3333 27 23 of
2239 3334 37 22 the
2290 3335 64 23 Meat
2363 3336 124 29 Company,

1896 3358 54 28 begs
1959 3362 23 18 to
1992 3366 119 15 announce
2122 3359 48 23 that
2184 3368 14 14 a
2207 3362 90 25 regular
2306 3363 78 28 supply
2394 3364 26 21 of
2429 3364 58 26 beef,

1896 3389 95 24 mutton,
2012 3385 45 23 and
2074 3387 57 27 pork
2147 3394 52 21 may
2220 3389 82 27 always
2321 3390 28 21 be
2368 3391 120 27 depended

1896 3420 60 20 upon
1968 3417 24 17 at
2001 3413 44 22 this
2055 3413 175 24 establishment.

1923 3445 33 22 As
1980 3445 43 22 this
2048 3446 117 28 Company
2183 3455 107 24 purposes
2309 3448 79 28 selling
2406 3452 25 19 at
2448 3449 38 23 the

1894 3471 79 23 lowest
1981 3472 72 28 prices
2063 3476 24 19 at
2100 3473 73 23 which
2183 3478 18 18 it
2215 3474 19 22 is
2243 3475 71 22 found
2324 3476 36 21 the
2370 3479 61 19 meat
2444 3484 42 15 can

1893 3498 30 22 be
1933 3499 108 27 afforded,
2052 3499 39 23 the
2099 3500 152 28 undersigned
2259 3502 20 21 is
2291 3502 53 27 only
2354 3502 131 23 authorized

1895 3529 22 18 to
1928 3526 50 28 give
1984 3534 55 20 very
2044 3526 87 23 limited
2142 3529 76 25 credit,
2225 3528 47 22 and
2279 3528 39 23 has
2324 3528 55 23 been
2389 3530 97 23 ordered

1894 3556 22 19 to
1933 3557 49 24 stop
1998 3554 29 23 all
2041 3558 106 19 accounts
2162 3555 72 22 which
2250 3563 36 14 are
2301 3559 41 18 not
2355 3556 55 28 paid
2423 3565 61 20 upon

1894 3580 104 23 demand.

1921 3612 48 22 The
1978 3612 103 23 business
2091 3613 25 22 of
2123 3613 38 22 the
2171 3613 115 28 Company
2295 3613 19 22 is
2323 3615 86 23 carried
2419 3623 31 16 on
2459 3617 25 23 in

1893 3638 58 23 their
1967 3646 51 16 new
2031 3639 109 28 building,
2152 3640 88 22 erected
2258 3641 100 23 between
2377 3642 106 24 France's

1894 3665 69 25 Hotel
1982 3667 47 23 and,
2045 3666 39 24 the
2102 3666 59 24 head
2177 3667 26 21 of
2216 3667 39 22 the
2270 3667 56 28 Bay,
2344 3669 46 21 and
2404 3670 81 29 nearly

1893 3693 99 28 opposite
2003 3697 22 20 to
2036 3693 46 23 Mr.
2092 3693 83 28 Lyon's
2185 3694 71 22 Store.

2167 3728 34 21 W.
2217 3726 102 29 FrfroEß,
2336 3730 119 28 Manager.

1920 3765 133 26 November.
2060 3766 34 26 23,
2107 3765 60 24 1842.

2133 3816 110 21 Cheese.

1908 3850 19 21 A
1954 3848 118 24 SUPPLY
2081 3848 103 26 received
2191 3849 87 28 weekly
2286 3850 26 23 of
2319 3851 56 22 New
2382 3852 103 25 Zealand
2489 3873 3 4 .

1892 3879 51 19 XI.
1971 3877 72 22 made-
2048 3875 91 27 Cheese,
2147 3876 56 22 from
2213 3876 40 23 the
2260 3878 144 28 Cowpasture
2409 3879 74 29 'dairy,

1892 3903 45 22 and
1945 3903 35 22 for
1988 3903 47 22 sale
2044 3905 25 19 at
2084 3902 37 23 the
2130 3903 108 28 premises
2249 3904 25 22 of
2288 3904 38 23 the
2342 3906 64 24 Meat
2417 3907 68 23 Com-

1892 3937 65 20 pany.
2397 3942 26 14 ...

2173 3958 35 22 W.
2221 3958 102 29 Flyger,
2337 3960 120 28 Manager.
