2540 4020
1903 3884 74 16 Printed
1990 3884 37 14 and
2040 3884 102 19 published
2155 3888 55 16 every
2226 3884 113 20 Wednesday
2354 3884 36 15 and
2395 3884 85 14 .Saturday

1923 3902 90 21 morning,
2027 3903 27 23 by,
2069 3903 26 23 Sf
2097 3908 57 19 Mjntf
2166 3905 91 21 IbsvApa.
2273 3906 20 15 at
2307 3904 32 20 fta
2354 3903 62 21 Officer
2422 3902 22 19 <?f,
2453 3902 27 16 tat

1923 3923 48 18 N*w
1985 3921 100 20 £kalavs
2095 3925 96 21 Gazette,
2192 3923 49 19 'and
2252 3924 140 21 .WsLLiy&TW.
2403 3921 75 26 $?•»s»*■

1903 3942 1 6 '
1922 3949 43 14 to*.
1971 3943 164 23 :M»nn«M-(itreet,
2145 3943 115 23 Wellington.
2274 3936 157 26 PorVNfdfiolson.
2443 3940 37 18 New

1903 3966 1 9 1
1923 3966 85 14 ZertMit.

576 34 96 47 &i)t
698 36 117 41 Kttu
842 35 204 43 Zmlanb
1074 36 188 45 Oa^ttc
1288 35 89 41 and
1401 34 300 47 W&tltinqtan
1725 33 251 48 *pettatm\

134 96 7 18 9

91 95 23 21 m

196 96 7 18 X

675 122 89 50 FOR
778 121 84 27 SALE,
877 128 30 15 ex
920 122 115 25 Margaret,
1046 121 50 26 &c,

746 149 27 20 25
788 148 75 25 tjerces
872 148 57 27 beef,
1267 149 2 23 i

699 176 14 20 3
727 177 50 19 tons
788 174 91 22 colonial
891 174 52 28 hay,

700 203 14 19 3
728 203 50 19 tons
788 201 60 21 Siam
858 208 73 20 sugar,

699 230 28 19 30
741 227 83 22 barrels
834 227 83 23 bottled
928 226 43 28 ale,

699 255 27 21 50
741 254 68 22 boxes
818 257 42 19 tea.

698 281 28 21 50
740 281 40 21 ash
794 288 55 19 oars,

699 309 27 20 30
740 310 50 18 tons
800 307 55 27 coal,

700 334 59 26 Port,
769 334 83 27 sherry,
863 334 44 22 and
923 333 102 22 Madiera
1034 333 22 21 in
1074 333 76 26 bottle,
1162 332 95 22 Ruther-

672 360 50 22 ford
730 360 46 23 end
786 361 92 27 Dniry's
888 360 79 27 brand,

700 387 100 28 Liquers,
810 387 24 21 in
844 387 71 21 dozen
926 394 69 20 eases,

700 414 150 27 Champagne,

698 440 99 26 Brandy,
806 447 57 19 rum,
874 440 44 22 and
928 440 38 28 gin
977 440 23 22 in
1011 438 72 28 hhdi.,

698 468 27 20 30
740 469 48 18 tons
798 466 49 21 best
856 466 92 28 Sydney
960 466 64 26 flour,

699 494 27 20 50
740 495 51 19 tons
801 492 87 22 Chilian
899 493 65 26 flour,
978 500 28 14 ex
1017 493 105 25 Cheerful.

990 532 82 24 Wajtt
1087 532 44 22 and
1145 532 85 26 Tyser.

670 582 40 19 To
726 582 162 21 Gentlemen
903 581 146 27 intending
1063 583 29 20 to
1107 583 77 20 enter
1197 583 60 20 into

697 609 44 20 the
769 608 143 27 profitable
942 608 107 27 pursuit
1078 608 31 22 of
1136 609 122 27 Grazing

698 635 54 21 and
773 635 135 27 Breeding
928 635 92 25 Stock,
1041 635 43 21 for
1103 636 90 20 which
1213 637 44 20 the

698 661 89 22 fertile
806 662 109 20 Islands
938 662 31 21 of
985 662 68 21 New
1071 663 122 20 Zealand
1213 669 44 15 are

697 694 31 16 so
743 688 152 27 peculiarly
909 689 125 26 adapted.

670 722 93 49 THE
774 722 152 29 undersigned
935 723 45 28 beg
989 726 22 19 to
1019 723 81 23 inform
1110 723 59 22 their
1174 723 84 23 friends

741 749 46 22 and
803 749 38 22 the
855 749 76 28 public
947 749 120 28 generally,
1084 749 49 23 that
1150 749 53 29 they
1213 751 45 22 will

669 779 102 19 contract
795 777 34 21 for
848 772 37 26 the
910 776 101 28 delivery
1034 777 26 21 of
1081 777 38 21 the
1144 776 115 29 following

670 802 134 28 description
818 803 26 21 of
851 803 73 26 Stock,
933 803 24 22 in
966 810 44 20 any
1020 803 52 22 Port
1081 804 27 21 of
1121 803 38 22 the
1170 803 89 25 Islands

670 829 26 21 of
703 829 56 23 New
768 829 101 23 Zealand
876 837 6 14 :
884 840 28 5 —

697 856 96 22 Horned
808 856 66 22 cattle
893 856 125 27 (improved
1031 857 90 26 breeds)
1136 857 27 21 of
1175 856 29 22 all
1220 857 38 22 de-

670 882 125 27 scriptions,

698 909 91 26 Horses,
810 909 58 22 from
889 909 39 23 the
952 910 50 21 best
1021 909 91 28 English
1134 910 45 22 and
1196 910 63 23 Arab

669 936 71 27 studs,
757 936 94 22 suitable
866 936 36 22 for
920 936 86 27 racing,
1021 936 82 27 saddle,
1115 944 26 14 or
1152 937 92 22 harness
1252 946 5 18 ;

670 963 45 21 and
724 963 108 27 breeding
841 970 80 20 mares,

698 990 58 22 Pure
765 991 75 21 Saxon
850 989 45 23 and
903 990 89 22 merino
1002 997 63 20 ewes,

697 1017 121 22 Half-bred
834 1017 113 22 Leicester
961 1017 46 21 and
1022 1017 85 22 merino
1127 1024 63 19 ewes,
1208 1025 50 20 par-

670 1043 103 27 ticularly
783 1043 94 28 adapted
891 1043 35 22 for
936 1043 44 22 this
990 1047 100 24 country,
1101 1051 24 15 as
1135 1044 54 27 they
1195 1045 63 21 unite

670 1070 82 27 weight
762 1070 26 22 of
795 1078 84 14 carcass
890 1070 54 22 with
952 1070 97 22 fineness
1059 1071 27 21 of
1092 1071 64 21 wool.

696 1102 48 22 The
768 1102 151 27 undersigned
942 1109 42 15 can
1013 1103 165 22 accommodate
1206 1110 52 20 pur-

670 1129 89 22 chasers
775 1129 26 22 of
815 1129 55 22 their
881 1129 68 22 Stock
967 1129 52 21 with
1034 1130 117 21 extensive
1166 1130 92 27 grazing

670 1163 59 16 runs,
742 1156 76 21 within
830 1158 39 19 100
879 1156 66 21 miles
954 1156 27 21 of
986 1155 43 22 this
1039 1156 60 21 Port.

932 1189 35 21 W.
983 1189 26 21 B.
1023 1189 96 22 Rhodes
1133 1190 43 21 and
1192 1190 38 20 Co.

670 1235 302 21 HOLLOWAY'S
1000 1235 256 20 OINTMENT.

779 1268 232 28 HOLLOWAY'S
1032 1268 113 26 PILLS.

670 1325 315 21 EXTRAORDINARY
997 1325 90 21 CURE
1103 1325 31 21 of
1142 1330 16 15 a
1169 1325 87 21 CASE
1267 1323 2 22 i

847 1351 227 25 ABANDONED,

670 1386 35 21 Bt
717 1386 98 26 GUY'S,
825 1393 45 14 the
880 1385 256 25 METROPOLITAN,
1149 1385 107 22 KING'S

721 1412 149 27 COLLEGE,
887 1420 46 14 and
948 1412 147 21 CHARING
1110 1412 93 21 CROSS

874 1438 179 23 HOSPITALS.

670 1472 53 22 This
740 1473 54 22 Fact
811 1480 43 15 was
869 1472 112 22 SWORN
1000 1472 38 22 TO
1054 1471 45 23 this
1117 1471 39 22 Bth
1176 1471 43 28 day
1234 1472 26 21 of

698 1499 88 26 March,
794 1501 59 23 18-12,
864 1498 77 22 before
952 1499 37 21 the
999 1497 68 29 Right
1077 1498 133 22 Honorable
1219 1498 37 22 the

698 1525 62 22 Lord
770 1527 87 26 Mayor,
868 1529 23 18 at
900 1525 38 22 the
952 1525 195 23 Mansion-house.

789 1559 142 25 Summary
952 1558 31 21 of
1000 1558 136 21 Affidavit.

670 1591 103 49 WM.
790 1590 134 27 BROOKE,
941 1591 136 26 Messenger,
1098 1590 26 21 of
1135 1592 21 25 2,
1173 1590 84 22 Union-

766 1621 75 23 street,
849 1617 137 26 Southwark,
994 1617 101 25 London,
1105 1616 92 22 maketh
1204 1617 52 21 oath

670 1645 45 21 and
725 1644 66 26 saith,
809 1644 47 22 that
869 1644 29 22 he
910 1644 54 26 (this
974 1644 119 27 deponent)
1105 1651 45 13 was
1161 1644 95 21 afflicted

672 1671 50 22 with
727 1672 79 26 fifteen
815 1672 89 25 running
913 1672 69 20 ulcers
996 1678 27 14 on
1039 1671 35 21 his
1090 1670 41 22 left
1146 1678 55 19 arm,
1213 1671 43 21 and

670 1698 115 22 ulcerated
799 1706 59 14 sores
872 1698 46 22 and
935 1697 90 23 wounds
1043 1704 29 14 on
1089 1697 53 21 both
1157 1697 54 27 legs,
1223 1698 35 21 for

672 1725 71 22 which
765 1725 110 28 deponent
898 1732 45 14 was
966 1724 107 22 admitted
1097 1731 29 15 an
1151 1724 106 23 out-door

670 1752 87 27 patient
766 1752 70 22 at-the
851 1751 158 28 Metropolitan
1027 1751 110 28 Hospital,
1149 1751 22 21 in
1182 1751 73 28 April,

672 1781 59 24 1841,
743 1778 72 22 which
826 1778 27 22 he
862 1778 119 22 continued
989 1778 35 23 for,
1030 1779 76 26 nearly
1118 1778 49 21 four
1175 1778 80 22 weeks.

672 1805 87 23 Unable
776 1809 22 19 to
813 1805 86 22 receive
915 1813 14 14 a
944 1812 51 15 cure
1011 1805 66 26 there,
1090 1805 38 21 the
1143 1805 112 27 deponent

670 1832 80 27 sought
760 1833 65 21 relief
832 1836 23 18 at
863 1832 38 22 the
912 1832 63 22 three
985 1831 112 27 following
1106 1831 106 28 hospitals
1221 1840 5 14 :—:
1229 1843 27 4 —

672 1859 79 27 King's
761 1859 89 27 College
860 1859 106 27 Hospital
976 1859 22 21 in
1007 1859 59 26 Ma)',
1077 1859 82 26 for^ee
1171 1859 70 21 weeks
1248 1867 5 19 ;

672 1887 71 26 Guy's
754 1887 102 27 Hospital
872 1887 23 21 in
907 1886 62 27 July,
980 1887 34 20 for
1027 1887 34 19 six
1076 1886 74 22 weeks
1156 1893 6 20 ;
1178 1886 44 22 and
1233 1890 23 17 at

671 1913 98 28 Charing
780 1914 63 21 Cross
858 1913 101 27 Hospital
977 1917 23 17 at
1013 1913 36 22 the
1060 1912 44 22 end
1119 1913 27 21 of
1159 1913 95 26 August,

671 1940 33 21 for
721 1948 61 14 some
799 1940 71 22 weeks
886 1947 61 14 more
955 1948 6 18 ;
984 1939 69 22 which
1074 1939 114 28 deponent
1206 1939 47 26 left,

670 1966 68 28 being
747 1967 22 21 in
781 1974 13 14 a
802 1968 35 20 far
844 1974 68 14 worse
919 1966 111 22 condition
1037 1966 53 22 than
1100 1966 63 22 when
1173 1967 28 21 he
1211 1967 43 21 had

671 1993 87 28 quitted
768 1994 78 26 Guy's,
856 1993 75 21 where
947 1993 35 21 Sir
997 1993 99 26 Bransby
1107 1993 91 26 Cooper,
1210 1993 45 21 and

671 2019 64 22 other
743 2019 94 23 medical
853 2019 87 22 officers
950 2019 26 21 of
985 2019 37 21 the
1032 2017 169 24 establishment
1210 2019 45 23 had

670 2046 48 22 told
727 2046 112 27 deponent
849 2046 47 22 that
906 2046 37 22 the
954 2046 52 26 only
1016 2045 84 23 chance
1112 2047 26 21 of
1143 2047 72 25 saving
1223 2047 33 20 his

671 2074 39 24 life
722 2080 43 14 was
780 2076 21 18 to
810 2075 40 19 lose
864 2075 33 19 his
907 2080 45 14 arm
959 2075 10 18 !
996 2072 46 22 The
1059 2072 114 29 deponent
1182 2073 73 22 there-

671 2108 58 19 upon
740 2101 72 22 called
821 2108 59 20 upon
891 2101 41 21 Dr.
943 2099 84 28 Bright,
1038 2099 63 23 chief
1106 2100 115 27 physician
1234 2101 24 21 of

673 2128 78 27 Guy's,
768 2128 55 27 who,
835 2135 28 14 on
881 2127 96 27 viewing
993 2127 127 26 deponent's
1133 2127 121 27 condition,

672 2155 77 26 kindly
759 2155 44 21 and
813 2154 101 27 liberally
924 2155 55 26 said,
1031 2161 33 14 am
1074 2155 80 24 utterly
1164 2156 22 18 at
1196 2161 13 13 a
1216 2158 40 17 loss

670 2183 56 19 what
737 2184 22 18 to
768 2183 26 19 do
800 2183 42 24 for
850 2188 41 19 you
896 2185 11 17 I
920 2183 37 19 but
967 2183 48 19 here
1025 2182 19 19 is
1055 2182 186 25 half-a-sovereign
1249 2191 7 12 :

668 2216 27 20 go
706 2211 20 19 to
736 2211 45 19 Mr.
792 2211 115 24 Holloway,
919 2210 43 20 and
968 2211 34 24 try
1013 2210 54 19 what
1083 2211 61 24 effect
1159 2210 32 20 his
1200 2210 56 20 Pills

670 2237 43 20 and
723 2237 104 21 Ointment
844 2238 44 19 will
896 2238 58 25 have,
966 2243 23 13 as
997 2237 16 20 I
1018 2237 50 20 have
1070 2238 126 25 frequently
1208 2238 48 20 wit-

670 2265 71 20 nessed
750 2265 35 20 the
793 2265 115 25 wonderful
917 2265 72 25 effects
1001 2265 46 25 they
1055 2265 15 19 h
1072 2272 6 7 f
1077 2271 30 14 ive
1117 2266 22 18 in
1149 2265 107 26 desperate

671 2298 62 15 cases.
764 2293 44 19 You
818 2298 38 14 can
866 2293 29 19 let
903 2299 34 14 me
945 2298 33 14 see
986 2298 39 20 you
1034 2293 70 24 again.
1107 2292 5 9 1
1116 2291 5 8 '
1150 2291 54 22 This
1214 2299 42 14 un-

670 2319 131 27 prejudiced
808 2319 76 22 advice
894 2326 44 15 was
945 2319 102 22 followed
1055 2319 29 27 by
1092 2319 37 22 the
1136 2319 118 27 deponent,

670 2347 46 20 and
726 2353 14 14 a
747 2345 87 28 perfect
849 2353 52 14 cure
911 2346 93 22 effected
1018 2345 22 22 in
1056 2345 63 23 three
1130 2345 80 24 weeks,
1228 2346 27 27 by

672 2372 36 22 the
719 2379 38 16 use
764 2373 65 22 alone
839 2374 25 20 of
872 2373 87 21 Hollow
963 2373 46 27 ay's
1016 2372 52 23 Pills
1077 2373 45 22 and
1129 2372 126 27 Ointment,

671 2399 56 22 after
737 2400 51 21 four
802 2399 113 27 Hospitals
931 2399 44 22 had
992 2399 64 22 failed
1068 2399 5 22 !
1081 2400 6 21 !
1096 2400 6 20 !
1132 2399 73 22 When
1215 2399 40 22 Dr.

672 2426 80 27 Bright
761 2433 45 15 was
820 2426 74 21 shown
908 2426 32 27 by
951 2426 38 21 the
1006 2426 117 27 deponent,
1135 2426 38 21 the
1188 2426 69 21 result

672 2453 26 21 of
704 2453 34 22 his
748 2453 79 22 advice
841 2453 45 21 and
896 2453 93 27 charity,
1001 2453 26 21 he
1042 2453 56 26 said,
1209 2454 47 19 both

671 2480 115 21 astounded
799 2481 43 20 and
855 2480 104 26 delighted
966 2482 10 18 1
982 2480 41 25 for
1031 2481 16 19 I
1058 2482 89 24 thought
1158 2482 47 19 that
1215 2481 24 25 if
1246 2482 14 20 I

671 2514 47 14 ever
726 2514 43 15 saw
777 2513 40 20 you
826 2508 68 26 again,
902 2508 60 24 alive,
971 2508 18 20 it
999 2508 68 20 would
1075 2509 24 19 be
1107 2510 89 20 without
1203 2515 55 19 your

671 2541 53 15 arm.
744 2536 16 19 I
765 2541 39 14 can
813 2536 47 26 only
867 2541 95 21 compare
969 2536 43 19 this
1018 2542 48 13 cure
1075 2538 21 18 to
1106 2543 13 13 a
1129 2536 72 21 charm
1213 2536 44 21 "//.'

700 2570 76 21 Sworn
786 2572 23 18 at
814 2569 36 22 the
860 2569 193 22 Mansion-housed

726 2597 28 21 of
759 2596 38 22 the
804 2596 45 27 city
856 2596 26 22 of
888 2596 104 27 London,
999 2596 41 22 this
1048 2591 10 27 L
1065 2597 54 21 Wm.
1129 2599 127 21 BROOKE.

725 2623 39 22 Bth
775 2623 42 28 day
827 2623 26 21 of
859 2623 88 27 March,
959 2625 59 21 1842.
1041 2618 12 36 J

689 2682 11 5 „
726 2661 77 25 Before
809 2667 38 20 me,
905 2660 86 22 JOHN
1006 2661 92 28 PIRIE,
1116 2663 94 22 Mayor.

673 2694 34 22 IN
723 2694 62 22 ALL
799 2694 102 22 Diseases
911 2694 27 23 of
949 2694 38 23 the
1002 2694 61 29 Skin,
1074 2696 50 22 Bad
1135 2697 65 27 Legs,
1213 2698 43 21 Old

672 2721 110 27 Wounds,
791 2721 43 22 and
842 2722 86 26 Ulcers,
936 2722 49 21 Bad
990 2722 96 28 Breasts,
1095 2724 54 21 Sore
1156 2723 100 29 Nipples,

673 2749 84 27 Stoney
763 2748 45 21 and
818 2748 120 22 Ulcerated
944 2748 102 28 Cancers,
1054 2750 119 27 Tumours,
1180 2751 77 22 Swell-

672 2774 56 28 ings,
748 2775 67 27 Gout,
830 2775 162 26 Rheumatism,
1008 2776 42 21 and
1065 2776 124 28 Lumbago,
1201 2778 56 22 like-

672 2802 52 21 wise
733 2802 24 21 in
768 2809 60 14 cases
839 2802 25 21 of
871 2802 60 22 Piles
936 2810 6 19 ;
954 2802 38 21 the
1003 2802 57 28 Pills,
1069 2804 24 21 in
1104 2804 29 21 all
1143 2804 36 22 the
1186 2805 71 22 above

673 2836 68 19 cases,
752 2828 69 28 ought
837 2832 20 18 to
872 2828 28 23 be
910 2829 56 22 used
982 2828 50 23 with
1048 2830 38 22 the
1099 2831 123 27 Ointment,
1234 2839 24 15 as

673 2856 28 26 by
721 2855 43 22 this
785 2863 75 14 means
879 2862 65 15 cures
963 2855 44 22 will
1024 2856 27 21 be
1067 2857 95 22 effected
1176 2858 54 23 with
1246 2867 12 14 a

674 2882 66 22 much
751 2886 90 27 greater
856 2882 117 28 certainty,
990 2883 42 22 and
1048 2883 24 22 in
1088 2884 51 22 half
1151 2884 38 23 the
1204 2886 54 21 time

674 2908 47 23 that
737 2910 18 21 it
771 2909 72 22 would
860 2910 87 27 require
963 2910 29 27 by
1005 2910 64 28 using
1085 2911 37 22 the
1141 2912 117 23 Ointment

673 2936 71 22 alone.
773 2936 47 22 The
831 2936 117 22 Ointment
957 2936 18 22 is
985 2938 80 26 proved
1077 2941 23 18 to
1110 2939 28 21 be
1149 2946 13 14 a
1172 2939 84 22 certain

672 2963 92 27 remedy
774 2963 34 22 for
817 2962 37 23 the
865 2963 44 22 bite
920 2964 27 21 of
953 2964 152 23 moschettoes.

700 2997 79 26 Bums,
801 2997 81 27 Scalds,
901 2997 128 27 Chilblains,
1049 2997 107 29 Chapped
1176 2999 81 22 Hands

672 3023 46 22 and
728 3023 60 32 Lips,
800 3024 45 22 also
855 3024 100 22 Bunions
971 3025 44 21 and
1029 3025 47 21 Soft
1087 3026 76 26 Corns,
1175 3026 45 22 will
1229 3027 27 22 be

672 3051 154 28 immediately
834 3051 66 23 cured
911 3051 29 28 by
950 3051 39 22 the
998 3059 37 14 use
1046 3051 26 22 of
1082 3053 38 21 the
1131 3053 125 24 Ointment.
1263 3063 3 5 ■

700 3085 71 20 THE
785 3086 104 24 PILLS.
893 3093 38 14 are
940 3089 40 18 not
990 3086 50 27 only
1048 3086 37 22 the
1091 3087 68 21 finest
1166 3088 92 27 remedy

672 3112 82 21 known
763 3112 64 21 when
837 3108 56 25 used
901 3112 54 22 with
968 3112 38 22 the
1022 3113 124 28 Ointment,
1157 3114 40 23 but
1206 3122 24 14 as
1245 3122 13 15 a

674 3138 99 22 General
792 3138 113 23 Medicine
923 3138 64 23 there
1002 3140 18 21 is
1038 3140 95 26 nothing
1152 3141 65 28 equal
1234 3145 21 18 to

673 3163 71 24 them.'
771 3165 28 22 In
809 3171 94 16 nervous
910 3165 115 22 affections
1035 3164 53 30 they
1096 3167 42 21 will
1149 3168 33 26 be,
1188 3168 70 22 found

673 3192 26 21 of
706 3191 37 22 the
752 3195 96 23 greatest
857 3192 91 21 service.
977 3192 71 23 These
1064 3193 55 22 Pills
1132 3201 44 21 are,
1195 3195 63 21 with-

673 3222 39 17 out
721 3218 125 28 exception,
857 3218 38 22 the
911 3219 67 22 finest
989 3219 91 22 Purifier
1094 3220 26 22 of
1131 3220 38 22 the
1185 3222 73 22 Blood

673 3253 51 14 ever
735 3245 135 25 discovered,
882 3245 45 22 and
944 3246 109 23 OUGHT
1067 3246 40 22 TO
1123 3247 39 22 BE
1176 3248 81 23 USED

674 3272 40 22 BY
728 3272 64 22 ALL
806 3272 153 25 FEMALES.

682 3305 81 24 Orders
780 3305 102 25 received
891 3309 23 19 at
924 3305 38 22 the
998 3307 107 23 Gazette
1145 3308 93 23 Office.

806 3352 40 22 On
860 3352 71 25 Sale,
945 3358 37 15 ex

673 3385 179 49 WINDOW
867 3385 98 23 GLASS
979 3387 81 26 20+16
1070 3391 23 18 to
1105 3390 73 26 10+8,

769 3412 123 23 Leather—
893 3413 47 21 sole
949 3413 45 22 and
1009 3414 46 23 calf
1051 3427 11 10 T
1062 3415 58 27 skin,

701 3439 58 27 Bpat
768 3439 94 23 anchors
871 3439 46 23 and
928 3440 85 28 chains,

700 3467 37 20 An
748 3469 131 19 astortment
888 3467 26 21 of
922 3467 157 29 hollow-ware,

702 3491 297 31 Glass-ware-^comprising
1007 3494 59 28 plain
1077 3495 44 22 and
1131 3500 39 17 cut
1178 3496 80 23 dinner

674 3519 102 27 services,
793 3520 74 28 wines,
882 3520 115 29 tumblers,
1015 3521 109 29 druggists
1139 3523 117 29 furniture,

673 3543 61 23 show
742 3546 92 27 glasses,
844 3547 44 21 and
897 3547 65 27 vials,
973 3548 47 27 &c.

701 3571 75 23 White
787 3572 50 23 lead
846 3573 46 22 and
900 3573 65 23 sheet
973 3574 56 29 lead,

701 3599 76 22 Prime
787 3599 58 23 Irish
854 3600 62 28 pork,
928 3601 52 26 split
988 3608 58 21 peas,
1057 3603 41 22 &c.

935 3639 111 23 Bethune
1062 3641 43 22 and
1120 3641 110 29 Hunter.

702 3669 130 38 September
841 3671 19 25 1,
872 3671 62 21 1843.
1157 3666 103 41 '____

846 3715 76 21 Meat
937 3716 148 27 Company.

673 3748 185 51 WANTED,
875 3757 14 14 a
895 3750 72 22 vessel
977 3751 26 21 of
1016 3752 68 23 about
1091 3754 28 21 30
1129 3756 58 24 tons,
1197 3757 25 19 to
1231 3754 28 22 be

769 3775 54 28 kept
839 3777 128 29 constantly
982 3778 116 28 employed
1112 3780 24 22 in
1154 3780 106 28 bringing

674 3801 54 28 pigs,
740 3805 23 18 at
773 3809 14 14 a
796 3803 59 22 fixed
863 3804 61 26 price
934 3811 40 20 per
983 3805 82 28 pound,
1072 3807 58 22 from
1142 3806 36 23 the
1189 3813 68 23 coast,

673 3828 35 22 for
717 3828 44 23 this
772 3830 176 24 establishment.

799 3877 7 5 *
945 3865 37 23 W.
997 3866 101 29 Ft/rpER,
1112 3868 118 29 Manager.

675 3914 71 50 ON
761 3916 85 26 SALE,
861 3921 23 17 at
894 3917 46 22 this
950 3917 72 29 office,
1032 3917 70 24 blank
1113 3920 58 23 Bin
1183 3921 75 24 Booki

775 3942 93 23 Gazette
874 3942 14 19 *
903 3943 72 29 office,
987 3944 54 24 Dae.
1049 3947 22 21 4.
1169 3944 2 8 '
1213 3947 3 4 '

1901 125 218 23 WHOLESALE
2149 125 127 22 PRICES
2310 125 167 28 CURRENT.

1998 161 134 15 CORRECTED
2147 162 28 15 UP
2190 163 30 14 TO
2235 162 56 15 LAST
2309 163 78 14 NIOIIT.

2241 188 17 19 £
2280 193 15 13 ».
2320 189 19 18 i.
2391 189 16 18 £
2475 198 9 14 a

1901 216 51 22 Ale
1959 223 5 14 :
1979 223 40 20 per
2029 215 48 25 hhd
2165 231 60 9 ...
2244 219 15 19 G
2288 219 14 19 0
2329 219 48 19 0..
2396 220 14 21 0
2436 222 12 19 0
2472 226 11 17 0

2075 250 40 20 per
2120 243 101 24 barrel..
2239 244 58 20 4-10
2326 245 14 20 0
2358 257 17 7 ..
2394 247 13 19 6
2436 248 12 19 0
2471 252 12 18 0

2076 269 89 33 perdoz
2245 271 14 19 0
2275 271 23 20 11
2330 271 14 20 0
2361 283 17 7 ..
2396 273 52 21 013
2472 278 11 18 0

1901 296 111 21 Arrack:
2029 295 43 23 Per
2081 295 43 28 gal.
2135 296 24 22 in
2167 295 62 22 bond
2243 298 15 19 0
2288 297 11 19 1
2328 298 14 19 6
2359 308 18 9 ».
2394 300 14 18 0
2435 301 12 19 2
2472 306 11 19 0

1901 323 77 21 Bread
1988 330 5 14 :
2010 323 43 21 Per
2060 322 45 23 21b.
2117 322 50 22 loaf
2245 325 15 20 0
2287 325 15 19 0
2327 324 81 20 4..0
2435 327 12 19 0
2471 330 10 18 5

1901 349 72 23 Beef:
1991 349 76 27 Fresh,
2086 356 89 16 carcase
2192 356 40 20 per

2017 375 31 22 lb.
2068 389 32 7 ...
2107 390 5 10 r
2241 377 15 20 0
2284 377 12 19 0
2325 377 14 20 8
2359 389 17 7 ..
2394 379 15 19 0
2436 379 12 19 0
2462 381 17 20 11

2007 401 55 28 Salt,
2072 409 40 18 per
2125 403 68 23 tierce
2206 416 19 7 ..
2243 403 14 20 3
2273 403 26 21 10
2326 404 14 19 0
2358 416 17 6 ..
2395 405 13 19 6
2435 406 13 19 0
2470 409 11 18 0

1901 429 94 22 Butter
2003 436 5 14 :
2026 429 64 26 Irish,
2100 436 41 21 per
2149 429 30 22 lb.
2205 443 5 5 .
2217 443 6 6 .
2243 430 15 20 0
2286 431 14 19 0
2327 430 14 20 9
2359 443 5 6 .
2371 443 6 6 .
2394 432 14 18 0
2437 432 8 20 1
2471 434 11 20 5

2022 456 69 22 Fresh
2246 457 14 19 0
2288 457 14 21 2
2328 457 15 20 6
2360 469 18 7 ..
2395 459 14 18 0
2436 457 11 21 2
2470 461 11 19 9

1901 483 98 23 Brandy
2005 490 6 14 :
2027 483 59 21 First
2092 482 93 28 quality,
2193 489 41 20 per

2048 509 76 28 gallon
2134 509 24 21 in
2168 509 61 23 bond
2243 511 14 19 0
2285 511 15 20 4
2326 511 15 19 0
2358 523 6 5 .
2370 522 6 6 .
2394 511 14 19 0
2436 509 11 22 7
2471 514 10 18 fi

1901 537 85 23 Brown
2006 537 75 22 Stout
2088 544 5 14 :
2116 543 42 20 per
2169 535 56 25 hhd.
2239 535 14 21 5
2283 538 14 19 0
2323 537 14 21 0
2355 549 18 6 ..
2394 536 12 21 7
2433 537 12 19 5
2469 541 10 18 0

1901 564 99 21 Cigars:
2013 563 103 27 Manilla,
2124 570 40 20 per
2168 563 63 26 1000,

2048 590 25 21 in
2081 589 61 22 bond
2243 590 15 20 2
2285 591 15 19 0
2325 591 15 19 0
2357 602 18 6 ..
2392 589 15 21 2
2423 590 24 20 10
2470 594 11 18 0

2011 615 127 23 Chinsurah
2142 623 40 19 per
2189 616 71 21 10001
2290 617 14 19 0
2330 617 15 19 0
2361 629 19 7 ..
2398 617 14 19 0
2437 618 13 19 0
2472 621 11 18 0

1901 644 87 22 Coffee
1995 650 4 14 :
2011 643 65 26 Java,
2086 650 41 21 per
2135 643 23 21 lb
2243 644 14 20 0
2286 644 14 19 0
2325 643 15 20 3
2358 655 5 7 .
2370 655 7 7 .
2394 643 14 19 0
2436 644 12 19 0
2471 645 10 21 7

1901 671 101 25 Cheese:
2018 669 107 23 Cheshire
2243 671 14 19 0
2286 669 11 20 1
2325 671 83 21 6..0
2436 671 12 18 0
2471 674 10 18 0

2017 697 57 21 Pine
2083 695 74 29 Apple
2178 697 80 19 ....0
2286 697 11 20 1
2326 697 82 19 2..0
2436 697 12 19 0
2471 700 10 18 0

2017 723 76 23 Dutch
2244 724 15 19 0
2286 725 14 19 0
2327 723 13 19 8
2359 736 18 6 ..
2396 724 13 19 0
2436 723 47 22 010

1901 751 105 22 Cakdlbs
2015 758 4 14 :
2027 750 94 27 English
2129 756 56 20 wax,
2192 756 42 21 per

2043 777 24 22 lb
2241 777 15 20 0
2285 777 13 20 2
2325 777 14 21 3
2357 789 18 7 ..
2394 777 14 19 0
2436 777 12 19 3
2472 779 11 19 0

2010 805 77 26 Sperm
2245 805 14 20 0
2288 804 10 20 1
2315 803 27 21 10
2359 816 18 6 ..
2395 804 15 19 0
2438 804 13 18 0
2473 807 10 17 0

2007 831 81 21 Mould
2242 831 14 19 0
2285 831 14 20 0
2325 831 15 19 6
2357 843 18 7 ..
2393 831 15 19 0
2438 829 12 20 0
2473 832 10 19 8

2009 857 58 28 Dips
2243 859 14 18 0
2285 858 15 19 0
2325 857 50 19 5..
2394 858 14 18 0
2436 857 14 19 0
2472 860 11 16 0

1901 883 93 23 Flour:
2005 883 131 28 lstquality,
2147 886 84 25 perton

2022 910 135 24 of2ooolbs
2227 911 26 21 16
2283 911 13 19 0
2323 911 14 19 0
2355 909 51 23 ..20
2434 910 14 19 0
2472 913 11 18 0

1998 937 47 22 2nd
2055 937 55 23 ditto
2231 937 26 21 12
2285 938 14 19 0
2325 938 15 18 0
2357 937 51 20 ..16
2436 937 13 19 0
2472 939 11 19 0

1901 965 77 22 Flax:
1992 964 29 22 N.
2032 964 26 22 Z.
2070 967 85 24 perton
2179 963 78 21 ....15
2286 965 14 19 0
2326 965 14 19 0
2359 976 18 6 ..
2394 964 14 19 0
2436 963 12 19 0
2472 966 11 18 0

1927 991 72 23 Do.—
2001 998 28 14 on
2037 991 96 21 board—
2135 989 118 28 pressedl7
2281 992 14 19 0
2322 991 51 20 0..
2391 991 14 19 0
2432 990 14 19 0
2470 992 11 19 0

1901 1019 60 21 Gin:
1982 1018 53 22 Pale
2052 1018 24 21 in
2086 1018 61 21 bond
2242 1018 15 19 0
2285 1018 13 20 3
2325 1018 14 19 6
2356 1029 19 7 ..
2392 1017 14 19 0
2434 1017 12 19 S
2471 1019 12 19 6

1949 1045 63 26 Case,
2019 1046 15 20 4
2041 1044 36 27 gal
2086 1045 37 21 4-5
2133 1044 24 22 in
2165 1044 63 22 bond
2243 1045 11 19 1
2283 1045 15 19 4
2324 1045 15 19 0
2356 1057 5 5 .
2368 1057 6 5 .
2394 1043 11 19 1
2435 1044 12 20 8
2471 1047 11 17 0

1901 1071 81 23 Hams:
1998 1071 129 27 Yorkshire,
2142 1070 86 28 perlb.
2243 1072 14 19 0
2286 1071 13 20 0
2325 1071 83 23 7.-0
2436 1071 12 19 0
2462 1071 21 21 10

1901 1098 126 22 Mustard:
2043 1099 43 21 Per
2095 1098 70 22 dozen
2243 1099 15 19 0
2273 1097 27 21 16
2326 1099 14 19 0
2358 1110 18 6 ..
2394 1099 14 19 0
2424 1097 24 19 18
2472 1100 12 18 0

1901 1125 101 23 Mutton
2010 1134 4 14 :
2036 1125 94 21 Carcase
2139 1131 40 21 per
2187 1124 25 22 lb
2223 1140 6 6 .
2244 1126 15 19 0
2286 1126 14 19 0
2327 1125 13 21 7
2358 1138 5 5 •
2370 1138 5 5 •
2394 1125 14 19 0
2436 1125 12 19 0
2472 1126 11 18 9

1901 1152 121 22 Muskets:
2038 1151 94 23 Walnut
2138 1151 93 22 stocked
2244 1151 55 21 015
2326 1153 14 19 0
2357 1164 18 7 ..
2395 1151 11 20 1
2436 1151 13 19 0
2474 1153 11 19 0

1901 1179 77 22 Milk:
1994 1179 99 27 Perpint
2242 1180 15 19 0
2285 1180 14 19 0
2325 1179 14 19 2
2357 1191 18 7 ..
2394 1179 14 19 0
2435 1178 13 19 0
2472 1179 11 19 3

1901 1207 91 21 Maize:
2009 1213 39 20 per
2058 1205 79 23 bushel
2243 1207 14 19 0
2285 1206 14 20 4
2325 1206 15 19 0
2358 1218 19 6 ..
2394 1205 14 20 0
2435 1205 12 19 5
2472 1207 12 18 0

1901 1233 56 22 Oil:
1973 1233 104 24 Linseed,
2087 1239 40 20 per
2136 1232 76 27 gallon
2222 1247 6 5 .
2243 1233 14 19 0
2285 1232 14 20 6
2326 1232 14 20 6
2358 1245 18 7 ..
2395 1233 14 19 0
2436 1231 13 21 8
2473 1233 12 19 0

1973 1259 78 27 Black,
2056 1259 23 22 in
2085 1259 174 27 cask.pertonlS
2288 1260 13 19 0
2328 1259 14 20 0
2359 1259 50 20 ..20
2436 1259 14 19 0
2473 1261 12 17 0

2009 1287 78 25 Sperm
2224 1285 29 21 50
2282 1286 13 19 0
2323 1285 12 19 0
2354 1285 51 21 ..75
2434 1285 11 18 0
2472 1287 10 17 l»

1901 1313 76 22 Pork:
1993 1313 78 26 Fresh,
2088 1320 87 14 carcase
2192 1319 40 20 per

2017 1339 30 22 lb.
2242 1341 15 18 0
2285 1341 14 19 0
2325 1340 14 20 3
2357 1352 18 6 ..
2393 1341 14 18 0
2435 1340 13 18 0
2472 1340 11 19 5

1901 1367 63 21 Pork
1971 1374 6 14 :
1994 1367 66 26 Irish,
2071 1374 39 19 per
2120 1365 73 22 barrel
2206 1380 6 6 .
2219 1380 5 6 .
2243 1367 14 19 3
2273 1366 27 21 10
2326 1368 15 18 0
2358 1378 18 9 
2395 1367 14 19 4
2424 1367 24 19 10
2473 1368 12 18 0

1901 1394 130 22 Potatoes:
2052 1392 56 23 New
2122 1392 108 27 Zealand,

2076 1428 40 19 per
2125 1423 36 18 ton
2176 1434 47 6 ....
2241 1420 16 20 4
2285 1421 14 20 0
2325 1421 14 19 0
2357 1433 6 6 .
2369 1433 6 6 .
2392 1421 14 19 6
2434 1420 12 20 0
2472 1423 11 17 0

1901 1447 93 23 Porter
2003 1455 5 13 :
2038 1447 102 26 Dunbar,
2152 1447 23 21 in
2183 1447 46 21 bot.

2067 1473 91 28 perdoz
2241 1475 14 19 0
2271 1474 26 21 12
2323 1475 14 19 0
2354 1487 19 7 ..
2391 1475 14 19 0
2420 1474 25 20 13
2472 1476 11 18 0

2007 1501 86 28 Bryant
2102 1501 45 22 and
2157 1501 70 21 Davis
2240 1502 15 20 0
2270 1500 27 22 12
2323 1503 15 19 0
2355 1514 6 6 .
2368 1514 5 6 .
2392 1501 53 21 013
2471 1503 12 18 0

1901 1528 97 22 Pickles
2009 1536 6 14 :
2046 1528 116 27 Assorted,
2191 1534 41 21 per

2071 1555 59 26 doz.,
2153 1557 76 25 quarts
2243 1556 14 19 0
2273 1554 25 21 15
2325 1556 14 19 0
2357 1568 18 6 ..
2395 1556 13 19 0
2424 1554 24 21 IT
2473 1556 11 18 0

1901 1582 71 22 Pitch
1986 1590 6 14 :
2024 1581 138 28 Stockholm,
2192 1588 41 21 per

2048 1609 71 23 barrel
2244 1609 12 20 1
2285 1611 14 19 0
2325 1611 15 19 0
2356 1622 19 6 ..
2392 1610 14 19 0
2434 1609 13 20 0
2472 1611 12 18 0

1901 1636 77 21 Plank
1989 1644 5 13 :
2024 1636 54 21 Port
2100 1635 132 28 Nicholson,

2048 1670 40 21 per
2097 1664 41 20 100
2147 1663 45 21 feet
2206 1664 51 20 ..0
2286 1665 13 19 6
2325 1664 14 20 0
2357 1677 18 5 ..
2393 1664 14 19 0
2422 1663 25 20 10
2471 1665 12 18 0

1901 1689 67 22 Rice:
1982 1690 109 21 Common
2101 1697 40 20 per
2147 1693 48 18 cwt.
2208 1704 17 6 ..
2245 1691 14 19 0
2274 1691 25 20 15
2326 1692 14 18 0
2358 1703 18 7 ..
2394 1691 14 19 0
2435 1691 12 18 0
2472 1692 11 18 0

1983 1717 65 22 Good
2243 1718 15 20 0
2273 1717 26 22 17
2327 1718 14 20 0
2358 1730 18 6 ..
2395 1716 11 21 I
2434 1717 13 19 0
2472 1718 11 19 0

1901 1744 52 21 Rum
1962 1751 4 14 :
1984 1744 25 21 P.
2019 1744 26 21 B.
2057 1744 34 26 P.,
2105 1751 41 20 per
2154 1744 77 27 gallon

2020 1771 24 21 in
2060 1771 60 22 bond
2241 1772 15 19 0
2284 1773 13 19 2
2324 1772 15 19 9
2356 1784 17 6 ..
2392 1772 14 19 0
2432 1771 13 19 5
2471 1772 11 19 0

1901 1797 87 22 Suoar:
2006 1796 119 24 Mauritius
2134 1805 40 20 per
2180 1802 50 17 cwt.
2245 1799 15 20 0
2286 1800 15 19 0
2327 1800 49 18 0..
2409 1803 55 15 none

2007 1824 81 23 Brown
2102 1824 56 22 ditto
2239 1826 14 20 0
2269 1826 25 19 15
2322 1824 79 21 0..1
2431 1825 14 20 0
2470 1826 11 18 0

2008 1851 96 22 Refined
2120 1852 53 26 loaf,
2191 1859 41 20 per

2032 1878 24 22 lb
2242 1881 14 19 0
2284 1881 14 19 0
2324 1879 49 24 GJ..
2392 1880 13 19 0
2433 1879 12 19 0
2471 1880 10 19 8

2009 1905 96 22 Manilla
2123 1913 40 20 per
2176 1909 49 18 cwt.
2240 1908 14 19 0
2270 1906 26 21 18
2323 1908 14 19 0
2354 1919 18 6 ..
2390 1907 13 19 2
2431 1906 13 19 0
2468 1910 13 15 0

1901 1932 69 21 Salt:
1989 1932 125 28 Liverpool,
2125 1940 39 20 per
2173 1936 39 19 ton
2221 1949 6 6 .
2241 1934 14 19 5
2284 1934 12 19 5
2323 1935 14 18 0
2356 1933 48 20 ..11
2432 1934 13 18 0
2470 1934 12 19 0

1901 1959 57 21 Soap
1966 1967 6 13 :
1999 1959 103 22 Hawes's
2126 1960 103 26 London,

2024 1989 85 22 perton
2227 1988 29 17 3O
2283 1989 13 16 0
2323 1989 14 16 O
2354 1987 49 18 .-34
2430 1987 13 17 0
2471 1988 12 16 0

2016 2011 119 26 Liverpool
2228 2012 26 20 22
2283 2012 14 19 0
2323 2011 82 20 0..28
2432 2010 13 18 0
2472 2011 11 18 0

1901 2040 102 19 Starch:
2020 2037 73 22 Perlb
2243 2039 15 19 0
2285 2040 14 18 0
2326 2038 13 20 7
2356 2051 18 5 ..
2392 2038 14 19 0
2434 2037 10 20 1
2471 2038 11 18 9

1901 2065 141 21 Scantling:
2059 2065 42 21 Per
2109 2066 41 20 100
2158 2065 67 21 feet..
2244 2066 14 18 0
2286 2066 14 19 6
2326 2066 14 19 0
2358 2078 17 6 ..
2394 2065 14 19 0
2435 2065 12 19 8
2474 2066 9 17 0

1901 2092 126 21 Siiisolbs:
2045 2092 41 21 Per
2095 2093 60 26 1000,
2163 2092 30 21 N.
2203 2092 25 21 Z.
2244 2093 14 19 0
2285 2093 14 20 6
2326 2093 14 19 0
2357 2105 18 5 ..
2394 2092 13 19 0
2423 2091 25 20 10
2473 2092 11 18 I)

2030 2119 70 27 Ditto,
2123 2119 28 21 V.
2162 2119 29 21 D.
2203 2119 26 21 L.
2244 2120 13 19 0
2286 2121 14 19 0
2326 2120 14 19 0
2358 2132 17 6 ..
2394 2119 13 18 0
2422 2118 25 20 12
2471 2119 12 19 0

1901 2146 60 21 Tar;
1978 2146 54 21 Coal
2245 2146 10 19 1
2285 2148 14 19 0
2326 2147 14 18 0
2358 2159 17 6 ..
2396 2145 10 19 1
2435 2145 13 19 5
2473 2148 11 16 0

1982 2172 129 23 Stockholm
2246 2174 11 19 I
2274 2174 26 21 10
2326 2174 15 19 0
2358 2186 18 6 ..
2395 2174 13 18 0
2435 2173 12 18 0
2474 2174 10 16 0

1901 2200 60 22 Tea:
1970 2200 81 27 Hyson
2057 2199 56 27 skin,
2119 2207 40 19 per
2168 2199 64 22 chest
2245 2202 15 19 4
2286 2202 14 19 0
2326 2201 15 19 0
2357 2212 19 7 ..
2394 2200 14 19 6
2434 2200 14 19 6
2474 2202 11 16 I)

1974 2227 94 27 Congou
2245 2229 13 20 8
2287 2229 13 18 0
2327 2228 14 19 0
2358 2227 50 19 -.16
2435 2228 13 18 0
2473 2227 11 17 0

1901 2253 103 23 Tobacco
2013 2261 4 14 :
2032 2253 142 27 Negrohead,
2192 2261 42 18 per

2058 2280 30 22 lb.
2102 2280 24 21 in
2142 2280 59 22 bond
2243 2283 15 19 0
2286 2284 14 19 0
2326 2283 49 19 9..
2394 2282 13 19 0
2436 2280 10 21 1
2472 2280 12 20 4

1901 2307 163 22 Turpentine:
2079 2307 146 27 Pergallon..
2244 2310 15 19 0
2286 2309 13 21 7
2326 2310 15 19 6
2358 2322 18 6 ..
2394 2309 15 19 0
2435 2308 13 19 1>
2472 2309 12 18 0

1901 2334 149 23 Whalebone
2057 2342 5 14 :
2078 2334 43 22 Per
2130 2338 39 18 ton
2179 2348 46 8 ....
2232 2336 42 21 100
2287 2338 14 19 0
2328 2337 15 20 0
2359 2349 6 6 •
2371 2348 6 7 .
2384 2335 39 21 120
2436 2336 13 19 0
2474 2336 11 17 0

1901 2360 81 23 Wine:
1998 2361 89 28 Sherry,
2097 2369 41 19 per
2147 2362 50 27 pipe
2208 2364 52 21 ..20
2287 2365 14 20 0
2327 2364 15 20 0
2359 2364 51 19 ..40
2436 2363 13 18 0
2472 2363 13 17 0

2010 2388 71 26 Ditto,
2096 2395 41 21 per
2151 2388 80 23 dozen.
2246 2391 14 20 0
2276 2391 25 20 10
2328 2391 14 20 0
2359 2402 18 7 ..
2396 2390 13 19 2
2436 2390 13 19 0
2474 2390 11 17 0

2010 2416 61 26 Port,
2081 2423 40 20 per
2131 2416 49 27 pipe
2206 2417 50 21 ..25
2285 2419 14 19 0
2325 2418 14 19 0
2356 2417 51 20 ..40
2433 2416 13 20 0
2471 2416 12 19 0

2078 2444 97 26 perdoz.
2206 2445 49 20 ..1
2285 2446 14 19 0
2326 2446 14 19 0
2356 2457 19 6 ..
2392 2444 14 20 2
2433 2444 13 18 0
2470 2444 13 18 0

2010 2469 150 29 Champagne,
2175 2470 56 22 ditto
2245 2473 14 18 0
2286 2473 14 19 0
2326 2472 15 19 0
2358 2484 17 6 ..
2393 2472 15 19 0
2434 2471 12 18 C
2472 2471 12 18 0

2011 2496 74 23 Claret
2177 2512 9 8 f
2193 2512 32 7 ...
2245 2500 15 19 0
2274 2499 28 21 10
2328 2500 14 19 0
2359 2512 18 5 ..
2395 2499 14 19 0
2435 2498 13 19 0
2472 2497 13 19 0

1902 2523 120 22 Poultry:
2038 2524 80 26 Fowls,
2124 2531 40 20 per
2170 2524 50 28 pair
2226 2540 6 6 .
2246 2526 15 20 0
2288 2527 13 19 3
2328 2526 14 20 6
2359 2539 18 6 ..
2396 2526 14 19 0
2436 2524 12 19 5
2473 2524 13 19 0

2036 2550 85 28 Ducks,
2132 2551 55 22 ditto
2208 2566 5 5 .
2220 2566 5 5 .
2245 2553 14 20 0
2286 2553 13 19 5
2326 2553 15 20 0
2358 2565 5 6 .
2370 2566 6 6 .
2394 2553 14 19 0
2436 2552 12 19 8
2473 2551 12 19 0

2037 2578 79 26 Geese,
2128 2578 55 21 each
2206 2592 6 7 .
2218 2592 7 6 .
2243 2580 15 19 0
2273 2580 26 20 10
2325 2580 14 19 0
2356 2592 5 6 .
2368 2592 6 6 .
2392 2580 14 19 0
2421 2579 25 20 12
2472 2578 12 19 0

2035 2604 109 28 Turkeys,
2154 2605 56 22 each
2246 2606 9 20 1
2286 2607 15 20 0
2326 2607 38 20 0.
2371 2619 5 6 .
2396 2606 10 20 1
2435 2605 50 20 SO

2036 2631 104 27 Pigeons,
2151 2632 79 27 (wild,)
2262 2637 4 3 '

2062 2666 40 20 per
2111 2658 48 28 pair
2244 2661 15 19 0
2286 2661 14 19 0
2326 2661 15 19 0
2358 2673 5 6 .
2370 2673 6 6 .
2394 2661 14 20 0
2434 2661 14 19 0
2472 2660 13 19 0

2035 2686 84 26 Ducks,
2129 2686 34 21 do.
2174 2686 53 22 do..
2245 2687 14 20 0
2286 2687 14 20 5
2326 2688 15 19 0
2358 2700 18 6 ..
2394 2689 14 19 0
2435 2689 13 18 0
2472 2687 13 18 0

1902 2712 71 22 Eaoji:
1992 2713 42 21 Per
2044 2712 72 22 dozen
2246 2715 14 19 0
2289 2715 13 20 2
2328 2715 14 20 0
2359 2727 19 7 ..
2395 2715 14 19 0
2436 2715 13 20 3
2473 2714 12 18 0

1901 2740 77 21 Cows:
1993 2739 72 23 Milch
2234 2741 26 21 12
2288 2743 14 19 0
2328 2743 14 18 0
2359 2741 50 21 ..30
2436 2743 13 17 0
2473 2741 12 17 «

1901 2767 95 21 Mares:
2012 2765 76 23 Brood
2231 2769 29 19 20
2286 2769 14 19 0
2326 2769 15 19 0
2358 2767 50 22 ..70
2435 2769 13 18 0
2473 2768 12 18 0

1901 2794 115 22 Working
2035 2794 131 22 Bullocks:
2189 2794 45 22 Per

1926 2820 50 27 pair
2232 2822 29 20 30
2288 2823 13 19 0
2328 2823 14 19 0
2359 2821 51 21 ..40
2436 2822 13 20 0
2474 2821 12 18 0

1902 2847 62 22 Hire
1975 2854 26 14 of
2012 2855 68 14 ditto
2087 2855 6 13 :
2109 2847 43 23 Per
2159 2848 51 27 day,
2219 2855 14 15 a

1927 2877 60 18 team
1997 2874 46 22 and
2050 2874 74 22 driver
2248 2875 10 21 1
2288 2877 14 19 0
2328 2877 14 19 0
2359 2889 18 6 ..
2396 2877 14 19 0
2436 2877 14 19 0
2474 2875 12 19 0

1902 2901 87 21 Sheep:
2005 2900 61 22 Each
2244 2902 55 20 015
2326 2904 15 19 0
2357 2915 19 7 ..
2396 2903 9 20 1
2435 2903 13 19 5
2473 2903 12 18 0

1902 2927 62 21 Boat
1975 2927 74 22 Hire:
2065 2927 97 28 Perday,
2167 2928 65 21 with-

2091 2957 41 19 out
2140 2955 89 26 hands..
2243 2956 15 19 0
2274 2955 26 21 10
2326 2957 14 19 0
2358 2969 18 7 ..
2396 2956 9 20 1
2435 2958 15 19 0
2474 2956 12 18 0

1902 2980 96 22 Wages:
2029 2980 137 29 Mechanics,
2192 2988 41 21 per

2054 3008 62 21 week
2245 3009 15 20 2
2286 3010 15 20 0
2326 3011 15 19 0
2357 3022 19 6 ..
2394 3010 14 20 2
2424 3010 26 21 10
2474 3010 12 18 0

2037 3034 125 24 Labourers
2243 3036 56 22 018
2326 3038 14 22 Q
2357 3049 6 7 .
2370 3049 5 7 .
2394 3037 12 20 1
2423 3037 26 21 10
2473 3037 12 19 0

2136 3062 123 22 DUTIES.

1902 3088 97 22 British
2011 3089 91 22 Spirits
2318 3092 32 21 4s,
2359 3097 40 21 per
2407 3089 78 28 gallon.

1902 3115 104 21 Foreign
2018 3115 56 22 ditto
2318 3118 31 23 ss,
2361 3124 37 21 per
2405 3116 79 27 gallon.

1902 3141 104 23 Tobacco
2015 3143 177 29 manufactured,
2199 3152 102 13 ....:...
2321 3145 29 23 Is,
2356 3151 43 21 .per
2406 3143 31 23 lb.

2015 3169 207 25 Unmanufactured
2318 3171 36 22 9d.
2365 3178 39 20 per
2411 3170 30 22 lb.

1902 3196 75 22 Snuff
2318 3199 31 25 2j).
2359 3204 39 21 per
2405 3197 31 22 lb.

1903 3223 86 22 Cigars
2319 3226 32 22 2s.
2361 3232 40 20 per
2408 3224 30 22 lb.

1902 3249 82 23 Wines
2310 3253 27 20 15
2349 3258 39 21 per
2398 3254 54 19 cent.

1902 3276 56 27 Tea,
1971 3277 86 28 Sugar,
2074 3278 86 27 Flour,
2178 3278 100 28 Wheat;,

1920 3303 45 23 and
1975 3304 64 22 other
2050 3305 85 27 Grain,
2147 3306 12 20 5
2168 3312 42 20 per
2218 3308 60 19 cent.
2290 3300 5 26 I
2321 3326 11 7 „
2340 3319 7 7 ,
2369 3313 4 2 ■
2388 3319 6 7 ,
2412 3326 42 7 „„„

1902 3330 39 22 All
1951 3330 62 23 other
2022 3331 108 22 Foreign
2135 3331 143 28 productions
2289 3321 13 43 f
2320 3326 14 15 a
2327 3321 23 25 -^
2360 3321 95 20 valorem
2457 3334 4 5 -

1916 3357 44 21 and
1964 3358 168 21 manufactures
2140 3359 25 21 10
2170 3365 42 20 per
2218 3362 59 21 cent.
2283 3353 12 32 J

2104 3385 188 24 EXCHANGE.

1902 3424 67 24 Bank
1978 3424 51 22 bills
2039 3432 28 14 on
2078 3425 94 22 London
2206 3412 17 44 {
2228 3414 29 21 30
2266 3415 60 22 &6Q
2402 3414 60 28 sight,
2471 3414 13 24 %

1904 3464 18 7 n
1947 3465 13 6 „
1984 3465 7 6 ,
2211 3441 11 25 L
2255 3448 41 20 per
2306 3446 59 20 cent,
2375 3447 108 23 premiqni,

1903 3465 34 21 On
1947 3465 125 27 Sydney...
2204 3469 18 19 :.
2324 3469 71 22 Ditto.

1903 3491 88 23 Private
2000 3491 51 23 bills
2069 3507 24 10 ...
2150 3507 5 10 ,
2301 3495 112 23 Nominal.

1923 3545 99 20 The.NEW
2032 3545 99 18 Zealand
2142 3547 92 17 Gazetxe
2241 3548 38 16 and
2434 3548 51 16 Sjpbc-

1902 3569 64 13 tator
1970 3565 17 17 is
1993 3565 98 21 published
2097 3570 55 17 every
2158 3567 115 23 Wednesday
2278 3567 41 19 'and
2330 3569 92 21 Saturday.
2442 3567 41 18 Sub-

1901 3586 62 25 joined
1968 3590 31 13 are
2006 3587 31 16 the
2043 3588 66 19 .terms:
2110 3596 23 4 —

1923 3607 64 17 Price
1992 3611 25 12 of
2024 3611 41 13 the
2072 3608 242 24 PAJPEB.-rFortyshilHngi
2319 3615 34 17 per
2363 3614 72 15 annum,
2445 3612 38 18 pay-

1902 3628 40 17 able
1947 3628 20 16 in
1974 3628 81 17 advance
2060 3634 5 14 ;
2075 3633 20 12 or
2102 3634 86 16 sixpence
2194 3630 30 18 for
2229 3627 60 26 single
2301 3632 90 21 nuiqberi.

1923 3649 156 17 Advertisements
2086 3649 39 18 •will
2130 3651 32 17 not
2168 3655 68 17 appear
2245 3652 20 17 in
2276 3653 31 16 the
2317 3656 78 16 ensuing
2405 3650 72 18 number

1902 3669 17 17 if
1926 3670 84 18 received
2015 3670 49 17 later
2069 3670 47 18 than.
2126 3672 24 16 10-
2153 3671 74 20 o'clock,
2234 3677 50 16 a.m.,
2290 3677 24 12 on
2320 3674 32 15 the
2359 3672 88 19 mornings
2454 3670 29 16 be-

1902 3691 37 16 fore
1953 3690 119 21 publication.
2092 3692 160 20 Advertisements
2265 3694 39 17 will
2312 3695 24 18 bo
2345 3693 96 18 continued
2448 3689 33 18 and
2486 3693 2 5 ■

1901 3711 78 20 charged
1990 3711 49 17 until
2048 3712 168 21 counter-ordered;
2227 3714 47 17 such
2281 3714 51 17 order
2336 3716 52 15 .must
2393 3714 21 17 be
2421 3713 38 18 sent
2465 3712 18 15 to

1902 3732 31 17 the
1942 3730 56 18 Office
2010 3733 36 16 two
2065 3733 44 20 days
2128 3734 61 17 before
2198 3735 118 21 publication,
2328 3733 37 18 and
2374 3735 49 16 must
2432 3733 21 16 be
2462 3732 19 16 In

1902 3753 78 20 writing.
2004 3753 157 18 Advertisements
2174 3755 84 17 received
2345 3756 20 16 10
2380 3754 66 17 o'clock
2459 3755 22 13 on

1903 3773 82 21 Tuesday
1997 3774 38 16 and
2045 3775 66 21 Friday
2122 3776 100 21 mornings,
2227 3776 38 18 will
2275 3776 23 17 be
2307 3776 81 20 charged,
2394 3775 51 17 twice
2453 3773 29 16 tbe

1902 3794 54 17 usual
1961 3795 54 16 rates.

1923 3813 104 20 All-orders,
2036 3815 160 21 advertisements,
2206 3816 37 17 and
2254 3816 161 18 communication!
2426 3816 19 16 to
2455 3814 28 21 thf
2486 3830 2 6 ,

1903 3836 69 19 Editor,
1977 3840 31 12 are
2014 3837 98 20 requested
2118 3839 19 15 to
2144 3838 21 16 be
2171 3837 100 18 addressed
2276 3836 20 17 to
2301 3834 105 25 tbJi'Ojßce;

1467 121 115 21 Gazette
1597 121 90 21 Office.

1284 154 198 22 STATIONERY
1497 154 198 23 WHOLESALE
1708 154 20 22 &
1745 154 125 25 RETAIL.

1283 187 87 49 WE
1393 188 44 25 beg
1460 190 21 20 to
1505 195 117 15 announce
1640 188 38 24 the
1700 188 87 27 arrival,
1811 188 59 22 from

1378 211 111 32 England,
1501 215 26 21 of
1534 214 38 24 the
1587 215 49 22 first
1643 217 51 26 part
1703 215 24 22 of
1735 222 42 24 pur
1792 218 80 22 exten-

1283 240 46 22 sive
1338 240 75 24 orders
1420 241 26 21 in
1457 240 44 24 this
1510 241 143 28 department
1662 241 26 22 of
1695 241 106 24 business.
1825 241 47 24 Our

1284 265 61 25 stock
1355 267 91 32 already
1456 267 93 23 consists
1564 269 27 21 of
1603 272 71 25 every'
1678 268 75 24 article
1768 267 104 28 required

1284 293 35 23 for
1332 294 97 27 Schools,
1447 294 81 28 Banks,
1546 295 85 27 Courts,
1650 295 54 25 Law
1719 294 88 24 Offices,
1827 294 45 22 and

1285 318 88 29 Artists,
1384 317 39 25 Sic.
1433 328 6 19 ;
1455 318 74 25 whilst
1538 321 37 22 the
1592 321 137 22 ornamental
1740 320 44 23 and
1800 321 72 22 draw-

1284 348 39 26 ing
1335 354 61 14 room
1411 347 124 28 stationery
1550 347 40 22 has
1605 351 40 18 not
1657 349 57 21 been
1730 347 142 21 overlooked.

1284 374 48 22 The
1342 374 127 26 difficulties
1476 374 119 27 attending
1604 374 37 22 the
1651 374 49 22 first
1707 374 167 22 establishment

1285 398 81 36 having
1375 401 57 21 been
1448 408 123 20 overcome,
1582 398 47 25 and
1638 408 67 20 every
1719 400 80 22 arrival
1817 401 55 21 from

1286 427 103 27 England
1406 427 85 28 adding
1506 428 60 21 fresh
1582 427 112 22 additions
1708 430 22 18 to
1745 434 40 14 our
1800 427 71 27 stock,

1285 454 45 22 will
1346 454 78 22 enable
1439 462 27 14 us
1475 457 23 19 to
1514 454 82 22 reduce
1613 461 40 15 our
1668 454 91 27 charges
1770 461 27 14 on
1815 457 59 18 most

1286 480 87 23 articles
1382 484 23 18 at
1412 481 60 21 least
1479 483 28 20 50
1515 488 41 21 per
1564 485 60 18 cent.

1314 513 154 28 Storekeepers
1484 513 45 22 and
1548 513 118 22 wholesale
1684 511 85 23 dealers
1787 519 42 15 can
1844 512 28 22 be

1286 539 100 28 supplied
1401 543 22 18 to
1438 547 45 21 any
1493 542 84 24 extent,
1596 540 43 21 and
1656 546 28 16 on
1702 542 65 19 terms
1784 539 89 27 equally

1286 566 164 27 advantageous
1460 570 22 20 to
1492 574 44 22 any
1544 566 106 23 obtained
1658 567 24 21 in
1694 565 95 28 Sydney,

1313 593 95 27 Writing
1417 600 75 21 paper,

1315 619 112 28 Imperial,

1314 647 78 26 Royal,

1314 673 113 26 Foolscap,
1439 673 90 22 various
1539 673 111 28 qualities,

1314 700 71 27 Large
1395 699 63 23 thick
1466 703 56 25 post,
1533 708 62 14 wove
1605 700 45 22 and
1659 699 52 28 laid,

1314 726 58 22 Note
1382 734 86 20 papers.

1314 753 91 28 Playing
1415 755 71 26 cardti,
1498 754 105 22 coloured
1613 754 44 23 and
1666 753 52 29 gold
1728 753 78 28 backs,

1314 780 61 27 Copy
1387 779 76 28 books,

1315 807 68 21 Black
1392 806 51 22 lead
1452 807 93 28 pencils,

1315 833 65 22 India
1389 833 88 28 rubber,
1488 835 68 20 bottle
1568 834 45 21 and
1624 837 83 24 patent,

1315 860 65 27 Ivory
1391 859 81 23 folders
1481 862 43 21 and
1538 861 89 26 knives,

1314 887 45 21 Pen
1370 887 85 27 knives,

1315 913 84 28 Rulers,
1410 921 57 20 copy
1476 914 77 26 books,

1315 940 72 22 Blank
1397 940 51 22 bills
1459 941 25 21 of
1490 941 122 27 exchange,

1314 967 75 22 Letter
1399 967 45 21 and
1455 967 39 22 bill
1503 967 55 26 flies,

1316 994 40 21 Ink
1366 994 44 21 and
1420 993 42 22 ink
1471 994 107 27 powders,

1314 1021 75 21 Bibles
1397 1020 46 22 and
1453 1023 137 24 testaments,

1314 1047 95 28 Spelling
1418 1047 77 27 books,
1507 1047 96 28 various,

1314 1074 101 27 Primers,

1314 1101 123 22 Children's
1447 1101 70 22 books
1526 1101 23 22 in
1557 1104 66 24 great
1630 1100 92 28 variety,

1314 1127 71 22 Blank
1400 1128 173 22 Custom-house
1590 1129 75 25 forms,
1676 1128 34 21 for
1724 1127 146 28 auctioneers,

1286 1154 45 22 and
1340 1154 29 22 all
1379 1154 36 22 the
1427 1155 63 22 other
1500 1155 172 21 Custom-house
1690 1158 66 19 tormi
1766 1155 35 21 for
1814 1162 57 14 mer-

1287 1181 83 26 chants,

1314 1208 113 22 Seamen's
1437 1208 98 22 advance
1545 1211 72 24 notes,

1314 1235 113 22 Seamen's
1436 1235 88 22 articles
1535 1236 24 21 of
1567 1238 137 24 agreement,

1315 1262 134 27 Log-books,

1314 1289 73 21 Blank
1397 1289 66 26 writs,

1314 1315 133 22 Parchment
1455 1315 33 22 for
1496 1315 75 28 deedi,

1314 1343 78 26 Quills,

1312 1369 58 22 Thin
1379 1372 57 25 post,
1448 1369 63 27 ditto,

1312 1396 55 21 Fine
1378 1396 52 21 oath
1441 1400 56 23 post,
1507 1396 47 27 gilt,

1312 1423 87 21 Double
1414 1423 112 27 elephant,
1538 1423 148 27 antiquarian,
1702 1423 108 27 imperial,
1827 1423 45 21 and

1285 1449 59 28 royal
1356 1449 100 28 drawing
1465 1457 75 20 paper,

1312 1477 89 26 Oblong
1410 1476 92 32 clasped
1510 1476 171 22 memorandum
1692 1476 76 27 books,

1312 1503 85 22 French
1406 1506 89 24 tracing
1503 1510 76 20 paper,

1312 1530 85 21 Ladies'
1408 1530 47 21 and
1465 1530 146 27 gentlemen's
1624 1530 53 22 card
1687 1537 68 20 cases,

1312 1557 62 22 Ditto
1438 1557 38 22 do.
1535 1557 73 22 tinted
1618 1557 44 21 and
1672 1557 115 22 embosied
1797 1557 73 27 cards,

1312 1584 94 27 Sponge,
1417 1584 79 21 wafers
1506 1584 22 21 in
1540 1585 12 20 2
1563 1591 34 14 oz.
1608 1584 76 27 boxes,

1312 1610 68 23 Black
1400 1611 56 26 edge
1476 1611 44 21 and
1540 1611 112 22 bordered
1671 1614 52 18 note
1740 1611 45 21 and
1805 1611 67 22 letter

1284 1645 73 19 paper,

1313 1663 88 25 Invoice
1410 1664 79 27 books,
1501 1664 52 22 with
1563 1664 101 27 indexes,
1676 1664 86 23 various
1772 1664 64 27 sices,

1313 1691 56 22 Cash
1378 1691 78 27 books,
1467 1691 64 22 ruled
1543 1691 88 27 double,
1642 1692 89 21 various
1740 1691 56 22 sizes

1313 1718 130 27 Envelopes,

1313 1745 85 22 Pewter
1406 1745 125 26 inkstands,

1314 1772 76 27 Ebony
1399 1772 124 26 inkstands,
1535 1772 51 21 with
1597 1772 102 26 drnwers,

1311 1798 72 22 Broad
1394 1798 44 22 and
1448 1806 85 15 narrow
1543 1806 68 19 green
1622 1799 41 22 silk
1676 1799 83 26 ribbon,

1312 1826 63 22 Brief
1382 1825 45 22 and
1437 1825 58 22 deed
1503 1833 75 20 paper,

1312 1852 71 22 Ruled
1394 1859 68 21 paper
1471 1853 34 21 for
1514 1852 39 22 bill
1563 1852 76 25 head*,

1312 1879 69 27 Royal
1398 1880 68 26 hand,
1479 1879 80 22 double
1578 1879 60 22 hand
1655 1879 82 27 brown,
1756 1879 44 22 and
1809 1879 62 28 royal

1284 1906 73 21 brown
1369 1906 114 27 wrapping
1491 1913 75 21 paper,

1312 1932 96 27 Ledgers
1418 1932 46 22 and
1474 1938 96 17 account
1578 1933 77 27 books,
1668 1933 86 22 various
1764 1933 64 27 size*,

1312 1960 81 21 Pocket
1401 1959 87 27 ledgers
1498 1960 44 21 and
1551 1960 169 22 memorandum
1731 1961 77 25 books,

1312 1986 117 26 Engraved
1439 1993 57 20 copy
1503 1987 52 26 slips
1565 1986 47 21 and
1622 1986 76 26 books,

1314 2013 49 21 IJest
1373 2012 78 21 Welch
1462 2011 66 23 slates
1544 2013 62 26 large
1615 2013 42 20 and
1667 2012 71 28 small,

1312 2039 106 22 Coloured
1428 2047 87 19 papers,

1534 2091 91 19 Seeds.
1638 2098 4 3 ■

1287 2124 69 48 ON
1368 2124 85 27 SALE,
1465 2127 21 19 at
1497 2124 36 22 the
1544 2125 86 20 Gazette
1636 2124 77 28 Office,
1722 2125 21 21 in
1751 2124 120 28 quantities

1363 2154 22 18 to
1392 2151 44 21 suit
1446 2151 137 27 purchasers,
1595 2151 37 21 the
1642 2151 112 27 following
1763 2152 64 20 seeds
1837 2159 4 13 :—:
1844 2162 27 4 —

1313 2184 74 21 Sword
1396 2185 107 27 long-pod
1513 2185 65 26 bean,

1313 2216 117 28 Long-pod
1441 2217 64 27 bean,

1313 2249 107 28 Speckled
1431 2249 73 23 dwarf
1510 2250 85 29 kidnoy
1605 2251 64 26 benn,

1314 2282 71 21 Broad
1395 2282 67 26 bean,

1312 2313 73 23 Horse
1395 2314 67 26 bean,

1312 2345 84 23 Scarlet
1404 2353 93 20 runner,

1314 2377 66 28 Early
1389 2378 111 22 Warwick
1509 2385 48 21 pea,

1313 2409 66 28 Early
1390 2409 116 23 Mazarine
1516 2416 50 21 pea,

1314 2441 102 22 Prussian
1427 2441 51 22 blue
1490 2448 49 21 pea,

1313 2473 106 23 Nonsuch
1430 2480 48 21 pea,

1314 2505 54 22 Blue
1377 2505 101 27 imperial
1490 2512 50 21 pea,

1314 2536 91 29 Spanish
1415 2536 73 23 dwarf
1494 2545 50 20 pea,

1313 2570 70 25 Large
1393 2569 98 27 cabbage
1502 2569 91 28 lettuce,

1312 2600 130 23 Drumhead
1452 2602 98 27 cabbage
1559 2602 94 27 lettuce,

1312 2632 101 28 Cabbage
1425 2632 91 29 lettuce,

1312 2664 73 23 White
1396 2665 79 22 selesia
1483 2666 90 27 lettuce,

1312 2699 79 22 Brown
1399 2698 45 22 and
1455 2699 66 23 white
1529 2707 51 20 goss
1590 2700 91 27 Itttueo,

1314 2726 113 22 Battersea
1437 2726 108 28 cabbage,

1313 2752 128 22 Drumhead
1451 2754 108 27 cabbage,

1313 2779 48 22 Red
1371 2779 75 22 Dutch
1458 2780 106 27 cabbage,

1314 2806 90 22 Puller's
1412 2806 62 28 early
1483 2807 107 28 cabbagt,

1316 2832 70 22 Vanal
1396 2834 105 27 cabbage,

1314 2860 102 22 Prussian
1427 2860 66 22 white
1503 2861 83 28 turnip,

1314 2887 83 22 Yellow
1406 2887 78 22 Swede
1494 2888 82 28 turnip,
1674 2889 3 3 '

1314 2914 78 31 Purple
1399 2917 39 24 top
1450 2915 76 22 Swede
1537 2915 81 28 turnip,

1314 2940 73 22 White
1396 2944 64 18 stone
1470 2942 82 28 turnip,

1316 2967 71 22 White
1396 2967 57 22 horn
1463 2969 83 27 turnip,

1315 2994 69 22 Silver
1392 2994 79 22 leaved
1480 2995 60 28 beet,

1314 3021 47 22 Red
1371 3021 57 27 beet,

1314 3048 72 21 White
1396 3048 60 26 beet,

1313 3074 107 27 Mangold
1429 3075 99 25 wurtzel,

1314 3101 138 27 Altringham
1463 3107 79 21 carrot,

1314 3128 65 27 Early
1387 3127 57 22 horn
1455 3132 79 23 carrot,

1314 3156 63 25 Long
1385 3162 82 19 orange
1477 3158 79 24 carrot,

1314 3181 73 23 White
1396 3182 107 27 mustard,

1315 3208 79 23 Curled
1403 3215 66 20 cress,

1314 3234 62 28 Long
1385 3235 80 22 scarlet
1474 3235 80 28 radish,

1314 3262 71 22 White
1395 3263 75 27 turnip
1477 3263 83 27 radish,

1314 3289 47 22 Red
1370 3289 74 26 turnip
1453 3289 82 28 radish',

1314 3315 131 28 Strasburgh.
1454 3317 76 26 onion,

1314 3343 76 23 Brown
1401 3343 97 27 SpAnish
1509 3344 73 26 onion,

1315 3369 94 33 Parsnip,

1314 3396 79 23 Curled
1402 3396 95 30 parsley,
1627 3401 2 15 1

1314 3425 71 20 Green
1397 3422 76 23 curled
1487 3423 79 25 endive
1881 3423 2 27 j

1314 3450 104 22 Batavian
1429 3449 88 28 endive,

1314 3477 66 27 Leek,

1314 3505 132 26 Asparagus,

1314 3530 41 23 Sea
1364 3530 51 27 kail,

1314 3557 71 23 Globe
1395 3564 86 21 savoys,

1316 3583 78 26 Curled
1403 3584 92 26 brocoli,

1314 3611 49 23 Red
1371 3611 56 23 solid
1437 3611 74 28 celery
1521 3612 48 22 and
1576 3612 68 24 white
1655 3613 81 30 celery,

1316 3639 99 23 Summer
1425 3644 87 23 savory,

1314 3665 85 22 Winter
1406 3672 89 21 savory,

1314 3718 92 29 Thyme,

1315 3745 98 23 Brussels
1425 3749 94 24 sprouts,

1314 3773 93 26 Borage,

1315 3799 117 27 Angelica,

1314 3825 91 28 Salsafy,

1314 3853 102 28 Sprell,'"

1301 3895 5 5 ,
1600 3883 2 4 '
1694 3881 3 4 '

1288 3947 27 25 O
1350 3950 44 23 tbit
1404 3950 79 30 Paper,
1493 3951 127 24 iftiOtaiidi
1629 3956 24 19 of
1662 3961 88 16 yanoui
1759 3947 64 30 tizin.
1870 3952 4 7 l

154 124 114 23 AGENTS
284 116 72 28 FOR*
361 123 70 21 THIS
446 123 102 22 PAPER.

75 151 40 17 Mr.
126 150 127 18 BURCHAM
347 148 79 20 Petorii.

45 174 2 4 ■
75 172 40 17 Mr.
126 172 24 18 C.
160 171 112 18 ELLIOTT.
282 172 108 17 Examiner
395 172 65 21 Office,
468 171 72 18 Nelson
548 170 77 17 Haven.

73 193 41 18 Mr.
124 194 20 17 J.
152 193 23 18 B.
183 193 90 17 BA.INES
349 193 48 17 New
404 193 110 22 Plymouth,
519 191 107 18 Taranaki.

73 214 41 18 Mr.
124 214 29 18 H.
162 213 122 18 CHURTON
350 214 109 22 Wanganui
463 226 5 5 .

75 234 39 18 Mr.
124 235 32 17 w.
167 234 100 18 WILSON
350 235 42 22 Bay
399 235 22 17 of
429 234 85 18 islands.

271 284 156 22 FREIGHTS.

53 316 100 23 London
549 316 55 22 0.0
632 316 14 18 0

52 341 59 23 New
126 343 78 21 South
220 342 85 23 Wales
320 351 47 14 and
378 342 28 21 V.
417 342 29 21 D.
459 342 26 21 L.
513 356 4 5 .
526 356 4 5 .
549 342 13 21 2
590 342 14 19 0
632 342 13 19 0

52 368 100 23 Nelson
549 370 18 23 2,
590 369 14 18 0
632 369 13 19 0

51 395 127 23 Taranaki
189 403 47 15 and
242 396 73 22 Coast
466 397 9 18 '.
486 409 43 6 ....
548 396 14 19 2
590 396 14 19 0
631 396 14 19 0

53 422 132 23 Auckland
361 434 8 7 *
577 421 41 20 nil.

193 477 86 20 Town
296 475 31 21 of
340 476 166 21 Manewatu.

51 510 94 49 THE
166 509 219 22 PROPRIETORS
411 509 24 22 of
460 508 38 22 the
519 508 61 22 three
595 509 49 21 first

145 532 88 25 choices
249 539 22 18 at
280 537 37 20 the
336 536 44 22 last
394 535 105 22 selection
510 535 25 27 pf
550 539 94 23 country

49 562 71 27 lands,
137 562 84 27 having
242 561 136 23 determined
394 569 59 19 upon
472 561 36 22 the
526 565 40 18 site
580 562 36 21 for
630 569 14 14 a

68 596 95 22 TOWN
178 596 43 21 ON
235 596 63 22 THE
315 596 187 22 MANEWATU
519 596 105 25 RIVER,

53 624 58 21 after
115 624 80 20 several
202 624 60 19 visits
271 627 21 17 to
301 623 38 21 the
348 622 186 27 neighhouroood,
547 622 45 22 and
604 622 38 21 the

53 653 58 19 most
130 649 86 22 careful
235 650 44 21 and
296 650 85 21 minute
401 649 147 23 examination
566 649 26 21 of
604 649 38 22 the

54 681 72 17 entire
143 676 92 27 district,
251 676 64 22 aided
332 677 30 26 by
371 676 38 22 the
425 676 142 28 professional
581 675 60 27 skill,

52 697 140 33 »;:.owledge,
213 702 44 22 and
270 703 132 29 experience
416 703 26 21 of
453 702 38 22 the
507 706 60 18 most
580 709 62 16 com-

54 733 77 23 petent
139 730 88 27 judges,
244 737 92 21 propose
351 733 23 18 to
391 730 53 21 offer
455 730 33 20 for
505 728 103 28 disposal,
620 734 23 17 at

205 756 37 21 the
256 760 88 24 present
353 756 61 26 time,
426 756 67 21 about

54 788 219 22 TWENTY-FIVE
308 788 106 25 ACRES,
453 787 34 21 IN
526 787 116 22 ALLOT-

55 815 113 26 MENTS,
185 814 84 22 EACH
290 814 40 21 OF
354 814 64 21 ONE
439 813 148 24 QUARTER
602 814 40 21 OF

271 840 44 24 AN
332 840 89 22 ACRE.

80 867 47 22 The
137 870 49 25 spot
195 867 52 21 thus
256 866 95 23 selected
364 873 110 21 possesses
484 866 36 21 the
530 871 58 17 most
604 875 39 14 ex-

54 894 86 25 tensive
153 894 101 26 frontage
268 897 23 18 to
309 894 55 26 deep
377 896 67 19 water
460 892 26 22 of
496 900 45 20 any
556 901 27 14 on
604 894 38 21 the

53 922 65 20 river.
149 921 20 21 It
188 920 18 21 is
226 920 94 22 situated
338 920 45 21 iust
396 922 22 19 at
434 920 49 22 that
500 920 65 26 point
583 920 58 22 from

117 947 72 22 which
199 954 14 14 a
222 947 52 22 road
286 946 72 22 would
368 946 84 24 branch
463 946 33 22 off
503 950 22 18 to
535 946 38 23 the

55 981 96 15 WOODED
174 981 46 15 AND
242 981 96 14 FERTILE
358 981 117 14 DISTRICTS
496 981 75 14 ALONG
596 981 46 15 THE

227 1008 52 14 BASK
293 1008 27 14 OF
336 1008 45 13 THE
397 1007 73 19 HILLS,
647 1007 2 12 i

54 1028 44 22 and
111 1028 70 22 above
192 1026 73 23 which
274 1027 37 22 the
326 1027 127 26 navigation
468 1027 33 21 for
512 1026 81 23 vessels
602 1027 40 22 be-

54 1062 75 15 comes
140 1056 86 23 tedious,
237 1054 23 26 if
265 1057 34 19 not
310 1055 87 25 difficult
434 1054 22 21 It
463 1053 18 22 is
488 1053 107 23 therefore
604 1054 37 21 the

253 1082 62 26 point
325 1081 72 21 whore
409 1080 35 21 tV.o

54 1115 89 24 LAND
159 1115 68 22 AND
242 1115 112 21 WATER
370 1113 161 24 CARRIAGE
547 1114 87 22 MEET

53 1146 46 22 and
108 1146 73 22 where
192 1153 12 15 a
214 1146 68 22 Town
301 1155 58 14 must
377 1154 27 14 be
420 1153 89 15 i'ormed
527 1146 64 21 when
603 1146 39 21 tho

55 1169 86 26 district
155 1174 19 20 is
184 1172 86 23 settled.
301 1174 21 21 It
332 1181 43 14 was
386 1173 96 22 selected
497 1173 30 27 by
538 1172 36 22 the
588 1173 44 21 Sur

54 1200 82 27 veying
146 1200 58 21 Staff
216 1207 24 14 as
251 1199 35 22 the
296 1200 137 21 rendezvous
442 1200 37 21 for
493 1198 57 23 their
564 1199 57 27 bodj
621 1207 4 7 r
635 1207 6 19 ;

54 1227 43 21 and
108 1226 42 23 has
159 1227 56 21 been
226 1233 48 14 now
288 1227 78 27 found,
376 1227 57 21 after
443 1226 85 21 several
545 1226 97 21 months'

54 1253 105 27 location,
171 1257 21 18 to
206 1253 28 21 be
244 1252 35 22 the
290 1257 57 18 most
362 1254 165 26 advantageous
537 1253 104 27 position,

54 1280 58 22 from
129 1281 28 20 its
171 1279 97 29 peculiar
289 1280 84 27 facility
390 1280 26 21 of
427 1280 111 27 approach
548 1280 54 21 both
613 1280 29 26 by

54 1306 54 23 land
119 1307 45 22 and
173 1310 74 18 water.

84 1334 28 22 In
122 1334 151 22 confirmation
285 1334 27 21 of
317 1334 37 21 the
366 1333 129 27 superiority
505 1333 26 22 of
540 1333 42 22 this
593 1336 51 24 spot

55 1367 53 15 over
118 1368 45 20 any
172 1361 63 22 other
244 1365 37 23 yet
289 1361 90 25 known,
392 1360 36 23 the
439 1361 90 21 Messrs.
538 1360 104 26 Kcbbell,

54 1388 60 21 after
131 1387 38 22 the
188 1387 150 22 examination
354 1388 27 21 of
397 1387 37 21 the
453 1387 58 21 river
527 1387 57 22 from
604 1386 38 22 the

56 1414 90 21 Paneiri
156 1414 46 22 Pah
212 1417 23 19 to
245 1414 27 21 its
281 1414 86 26 mouth,
379 1414 138 21 determined
532 1421 27 14 on
572 1417 70 18 erect-

293 1441 39 26 ing
345 1441 59 22 their

54 1474 66 23 SAW
136 1474 80 22 MILL
239 1473 228 23 IMMEDIATELY
484 1473 158 23 OPPOSITE.

54 1501 49 23 The
120 1501 72 23 works
210 1501 26 21 of
251 1501 47 24 that
316 1501 170 23 establishment
503 1508 37 14 are
560 1504 22 19 at
599 1501 43 21 this

55 1531 101 19 moment
174 1528 22 21 in
212 1527 62 28 rapid
289 1534 108 23 progress,
414 1527 44 22 and
477 1527 37 21 the
533 1527 109 28 proposed

55 1555 69 22 Town
135 1555 44 21 will
188 1555 132 26 necessarily
327 1555 91 28 partake
425 1554 26 22 of
457 1553 42 22 this
509 1553 133 28 advantage.

82 1588 49 22 The
151 1587 92 22 nucleus
258 1588 24 21 of
297 1595 14 14 a
329 1587 68 22 Town
413 1587 26 26 is,
449 1586 24 23 in
488 1587 51 27 fact,
551 1587 92 27 already

55 1614 98 26 created,
162 1614 30 28 by
201 1614 38 21 the
249 1614 164 22 concentration
429 1614 26 21 of
469 1614 36 21 the
517 1614 126 27 Surveying

55 1641 59 23 Staff
120 1649 30 15 on
160 1641 47 22 that
218 1644 54 24 spot,
282 1649 25 14 as
316 1641 38 22 the
365 1644 73 18 centre
455 1641 26 21 of
491 1640 151 23 communica-

54 1669 47 21 tion
113 1671 23 18 to
147 1668 36 22 the
192 1668 149 28 surrounding
350 1668 86 23 district
442 1675 5 19 ;
464 1668 37 22 the
512 1668 97 22 erection
621 1668 25 21 of

58 1696 90 21 Messrs.
160 1694 113 23 Kebbell's
288 1696 50 21 Saw
354 1694 63 22 Mills
434 1694 96 28 opposite
539 1702 6 19 ;
561 1694 29 28 by
604 1694 39 23 the

56 1724 164 26 arrangements
235 1722 33 21 for
282 1729 29 14 an
329 1722 113 21 extensive
454 1720 96 23 General
564 1723 62 20 Store
636 1729 6 18 ;

54 1749 47 22 and
110 1749 31 27 by
149 1748 36 22 the
194 1748 45 21 late
249 1748 131 32 application
387 1748 34 21 for
430 1755 12 14 a
450 1748 107 22 Licensed
567 1748 75 22 House

54 1783 29 14 on
93 1775 38 22 the
137 1778 53 29 part
199 1776 26 21 of
237 1782 27 15 an
273 1774 124 23 individual
411 1774 49 22 who
475 1774 46 28 has,
533 1775 61 22 since
605 1775 37 22 the

54 1803 119 21 formation
190 1802 26 21 of
232 1802 36 22 the
283 1802 93 27 Colony,
392 1802 95 26 pursued
503 1809 14 14 a
536 1802 106 21 lucrative

54 1829 64 22 trade
129 1829 52 22 with
191 1828 38 22 the
239 1828 92 26 natives,
343 1828 45 22 and
400 1828 72 23 whose
483 1828 130 27 knowledge
621 1829 25 21 of

54 1856 39 22 the
103 1856 136 26 advantages
249 1856 24 21 of
280 1855 37 22 the
328 1856 101 27 position,
437 1855 116 28 prompted
564 1855 44 22 him
621 1859 23 18 at

55 1890 56 14 once
122 1887 24 18 to
153 1882 75 29 prefer
237 1882 47 22 that
296 1882 142 28 application.

82 1910 48 22 The
141 1909 94 22 Natives
249 1909 28 28 by
286 1909 74 22 whom
376 1908 43 23 this
429 1908 53 23 land
494 1917 43 14 was
547 1909 95 22 claimed

54 1943 39 15 are
103 1936 61 28 quite
174 1936 107 28 prepared
290 1939 22 18 to
321 1936 51 27 give
379 1943 30 19 up
415 1936 130 28 possession,
554 1936 43 21 and
604 1944 38 13 are

55 1963 146 27 exceedingly
211 1962 93 23 anxious
317 1966 23 18 to
354 1962 57 22 have
421 1971 13 13 a
444 1962 118 28 European
571 1970 71 20 popu-

53 1990 69 22 lation
133 1997 82 19 among
226 1990 65 26 them,
303 1989 84 27 having
404 1989 56 24 been
469 1997 58 20 upon
539 1989 37 22 the
585 1993 59 18 most

53 2016 99 28 friendly
159 2016 86 26 footing
254 2016 52 21 with
315 2016 38 21 the
365 2016 125 26 Surveying
499 2016 58 21 Staff
563 2016 81 27 during

51 2044 41 22 the
101 2044 51 22 four
160 2051 25 14 or
194 2043 43 22 five
247 2042 88 24 months
343 2042 54 26 they
418 2042 56 21 have
490 2042 55 22 been
556 2042 87 22 located

53 2070 75 23 there.

82 2098 33 22 As
125 2096 37 23 the
171 2096 136 28 Proprietors
316 2103 94 21 purpose
420 2099 21 18 to
452 2096 86 27 dispose
548 2096 26 22 of
580 2097 41 23 but
630 2104 14 14 a

53 2124 87 22 limited
154 2123 89 28 portion
260 2123 24 22 of
295 2123 39 22 the
348 2124 69 22 Town
434 2126 22 18 at
474 2126 95 24 present,
590 2124 53 28 they

52 2150 81 29 pledge
143 2150 132 22 themselves
283 2150 55 26 that,
348 2153 25 18 at
381 2157 30 14 no
429 2150 72 21 future
512 2150 62 26 sales,
587 2150 55 22 shall

54 2178 39 23 the
104 2178 128 23 allotments
241 2177 26 22 be
277 2180 39 24 put
322 2184 30 20 up
363 2179 23 18 at
395 2185 14 13 a
420 2174 43 24 /ess
474 2184 47 15 sum
531 2177 53 21 than
594 2185 50 14 now

54 2205 92 23 offered.

82 2233 22 23 A
119 2231 135 28 Prospectus
273 2230 52 24 and-
338 2230 56 22 Plan
414 2231 25 21 of
454 2231 37 21 the
508 2231 68 23 Town
597 2232 45 20 will

54 2259 87 28 shortly
150 2259 26 21 be
186 2258 68 28 ready
263 2258 33 21 for
305 2258 123 27 inspection
444 2261 23 18 at
481 2258 36 21 tbe
528 2258 83 21 Ofiicea
621 2259 25 20 of

55 2288 92 21 Messrs.
160 2285 67 22 Waitt
236 2285 43 22 and
289 2285 76 27 Tyser,
376 2285 31 21 Te
418 2286 54 20 Aro.

81 2319 147 26 Wellington.
240 2317 62 22 April
312 2319 35 21 22.
358 2319 60 20 1842.

53 2365 123 25 Country
190 2364 125 22 Sections
329 2364 49 24 .for
398 2363 59 23 Sale
479 2369 35 17 on
534 2364 109 22 Liberal

298 2391 104 22 Terms.

56 2416 165 54 SEVERAL
256 2417 101 22 Sections
385 2418 25 21 of
441 2418 100 27 Country
570 2417 72 27 Land,

119 2444 92 28 already
221 2443 81 23 chosen
312 2444 24 22 in
347 2444 38 22 the
400 2444 91 22 Porirua
505 2444 92 27 district,
609 2445 36 21 for

56 2472 58 27 Sale,
124 2479 75 17 tbrms
209 2477 105 17 liberal.
344 2471 76 28 Apply
429 2474 24 19 to

151 2496 24 23 F.
190 2498 31 21 A.
235 2497 171 28 Molesworth,
423 2498 184 28 Murphy-street,
620 2505 24 15 or

150 2524 35 21 W.
201 2524 29 21 V.
245 2524 106 28 Brewer,
363 2526 194 20 Manners-street.

230 2571 63 21 Just
313 2571 159 25 Published,

56 2606 93 50 THE
173 2605 212 23 WELLINGTON
409 2605 180 23 ALMANACK
608 2606 37 22 for

132 2635 53 20 1843
194 2640 5 14 :

287 2667 124 14 CONTENTS.

83 2686 107 23 Weather
213 2686 76 27 Table,
311 2686 78 27 Cycles
411 2686 41 22 and
479 2687 165 21 Astronomical

56 2713 120 27 Numbers,
189 2713 117 27 Calendar,
322 2713 138 23 Gardener's
476 2714 43 21 and
534 2714 111 21 Farmer's

56 2740 117 27 Calendar,
184 2740 183 27 Meteorological
380 2740 69 22 Table
459 2740 34 22 for
510 2742 60 25 1840,
582 2742 61 25 1841,

54 2767 47 23 and
107 2769 9 20 J
125 2769 47 25 842,
184 2766 96 28 Eclipses
291 2768 22 20 of
324 2766 38 22 the
373 2767 45 21 Sun
430 2767 46 21 and
492 2767 79 27 Moon,
588 2767 56 23 New

56 2794 101 22 Zealand
173 2794 120 26 Company,
306 2794 53 21 Post
375 2793 69 21 Office
456 2794 145 27 Regulations
611 2795 35 21 for

54 2820 59 22 New
124 2820 108 26 Zealand,
243 2820 56 22 Civil
315 2820 185 27 Establishment,
514 2821 56 21 Fees
580 2821 64 22 Land

57 2847 92 23 Claims'
173 2846 78 27 Office,
276 2847 54 21 Post
352 2846 71 23 Office
424 2858 27 4 —
453 2847 99 22 Colonial
582 2848 62 27 Law,

56 2874 76 24 Police
159 2874 70 22 Office
230 2884 27 4 —
259 2874 65 27 Petty
348 2874 108 27 Sessions,
488 2874 109 28 Holidays
623 2879 22 17 at

62 2900 75 23 Public
148 2900 89 27 Offices,
248 2900 108 27 Discoup-;
367 2901 69 28 Days.

264 2934 74 23 Price
353 2936 30 22 Is,
399 2934 36 22 Cd.

207 2987 138 21 Situation
367 2988 126 21 Wanted.

58 3014 44 20 fTI
105 3013 50 21 WO
169 3020 77 20 young
259 3021 58 20 men,
331 3014 48 28 just
395 3014 87 22 arrived
489 3015 32 27 by
532 3014 37 23 the
578 3016 67 26 Mary

65 3035 29 30 X
153 3041 58 21 from
232 3041 104 27 London,
356 3048 38 15 are
413 3041 93 22 anxious
526 3045 22 18 to
568 3043 76 21 obtain

56 3067 120 26 situations,
189 3067 46 21 and
253 3067 42 22 will
312 3068 28 22 be
356 3068 69 21 found
443 3068 84 28 willing
543 3072 22 18 to
577 3070 67 21 make

55 3092 134 23 themselves
210 3095 114 27 generally
343 3095 80 22 useful.
458 3095 43 22 For
520 3095 122 27 reference,

59 3120 67 27 apply
136 3124 23 17 to
168 3120 37 22 the
216 3120 160 28 undersigned.

401 3149 93 21 Samuel
510 3149 104 22 Revavs.

282 3193 53 23 For
350 3194 70 23 Sale,

59 3224 96 49 THE
167 3225 142 23 COTTAGE
325 3226 100 22 situated,
430 3227 21 22 in
471 3228 98 21 Oriental
587 3228 57 28 Bay,

134 3251 44 21 and
193 3252 68 27 lately
269 3254 107 27 occupied
391 3254 30 27 by
430 3255 38 20 the
486 3254 158 28 undersigned.

59 3279 20 21 A
96 3278 53 26 long
166 3278 60 22 lease
244 3279 24 22 of
284 3279 38 23 the
337 3281 84 21 section
437 3288 57 21 upon
514 3282 72 21 which
607 3282 37 21 thp

58 3305 69 21 house
138 3305 75 21 stands
223 3305 42 22 will
275 3307 27 21 be
312 3307 102 27 granted.

85 3331 70 22 Town
164 3331 54 22 land
228 3332 43 27 wil}
279 3333 28 22 be
316 3333 67 24 taken
394 3335 23 20 in
427 3335 121 30 exchange.

86 3356 43 24 For
138 3357 85 26 further
231 3357 135 30 particulars,!
378 3361 65 28 apply
453 3365 23 18 to
486 3362 5 4 *

380 3394 97 24 Gt.orge
491 3396 88 26 Dcppa,
594 3404 26 14 cr

380 3422 34 20 W.

127 3465 44 21 Ex
212 3465 74 26 Tyne
326 3466 53 20 and

60 3498 71 50 ON
161 3498 85 27 SALE,
270 3498 87 23 bottled
388 3500 70 31 fruits,
483 3501 86 27 raisins,
600 3502 44 22 and

138 3528 108 24 currants,

87 3552 140 28 Carroways,-
235 3556 110 24 nutmegs,
357 3551 82 28 clo.ves,
451 3554 39 21 &c.

87 3579 59 27 Split
153 3586 60 20 peas,
227 3581 100 25 oatmeal,
340 3579 81 23 Scotch
435 3580 84 27 barley,
529 3582 44 21 and
583 3589 62 20 sago,

88 3605 109 24 Hambro'
207 3606 46 21 and
264 3606 58 23 Irish
333 3606 55 29 pork
399 3607 22 22 in
432 3606 91 28 barrels,

123 3634 5 6 '
208 3632 54 24 beef
267 3634 24 21 in
301 3634 87 26 tierces,
406 3646 1 7 .

87 3658 95 28 English
192 3659 71 22 bacon
275 3662 63 25 (very
348 3656 63 32 ifine),

87 3686 61 21 Loaf
153 3686 44 21 and
208 3686 74 22 Dutch
294 3687 87 28 cheese,

87 3712 74 22 Prints
170 3713 23 22 in
202 3716 64 24 great
275 3714 92 27 variety,

87 3740 83 26 Strong
179 3740 70 26 bopfs.
254 3740 50 26 and,
308 3741 72 27 shoes,
392 3742 40 23 &c.

447 3776 29 21 D.
491 3776 30 21 S;.
531 3776 90 22 Doric.

87 3799 89 27 August
185 3801 34 26 29,
233 3801 59 23 1843.
450 3821 13 4 ..

250 3846 84 22 Fresh
349 3848 104 25 Butter,

61 3877 168 49 ALWAYS-
239 3886 28 16 on
282 3880 51 22 Sale
347 3884 25 18 at
388 3881 37 22 the
435 3882 64 23 Meat
511 3882 135 28 Company's

141 3905 114 27 premjae*.
307 3911 74 20 --'-
427 3922 5 4 -
470 3918 30 13 ,>•
515 3917 4 3 ■
527 3916 7 14 :
571 3911 26 19 :\
615 3912 3 5 '

332 3934 35 22 W.
379 3934 105 30 .F^rqKßj
501 3936 117 28 M>myje.r.
