2550 4010
707 261 44 22 Mr.
772 259 157 31 EDiTOR^In
948 263 83 27 calling
1049 271 61 20 upon
1130 263 38 23 the
1186 264 84 22 British

680 288 152 22 Government
842 292 23 19 to
875 289 101 27 legislate
986 297 60 17 upon
1057 298 15 14 a
1082 290 87 28 subject
1178 291 27 21 of
1214 291 56 22 such

678 315 136 27 importance
824 323 25 14 as
859 316 38 21 the
908 316 71 22 whale
990 316 91 28 fishery,
1094 325 57 14 even
1162 317 107 27 although

679 341 36 22 the
726 345 76 18 extent
812 342 26 21 of
850 342 37 23 the
897 342 124 28 legislative
1032 348 37 17 act
1078 343 81 23 should
1174 344 28 22 be
1217 351 53 14 con-

678 368 59 21 fined
754 372 22 18 to
793 368 36 22 the
846 369 56 27 bays
918 369 44 22 and
979 374 62 17 coast
1056 371 28 20 of
1096 370 37 23 the
1148 370 85 23 islands
1247 372 26 21 of

678 395 54 22 New
749 395 114 27 Zealand;
878 396 19 21 it
915 403 57 14 were
990 396 116 27 desirable,
1119 398 46 21 and
1182 397 87 23 believe

676 429 35 14 me
721 421 18 22 it
749 422 44 21 will
802 422 27 21 be
841 429 126 21 necessary,
977 426 23 18 to
1010 422 38 28 lay
1057 424 78 21 before
1145 424 38 22 the
1193 425 76 22 Home

678 448 161 26 Government,
857 456 15 15 a
885 449 92 27 journal
994 450 26 21 of
1031 450 153 22 observations
1201 450 67 23 based

677 482 60 21 upon
748 475 106 22 scientific
864 476 112 21 research.
1005 476 103 27 Nothing
1117 485 41 14 can
1169 478 28 21 be
1206 485 62 14 more

676 501 126 28 deplorable
813 502 59 21 than-
878 503 38 21 the
925 503 82 22 results
1021 504 26 21 of
1058 504 133 27 legislation,
1203 504 65 22 when

676 529 69 21 based
755 536 29 14 on
794 536 61 14 error
862 537 6 19 ;
884 529 46 22 and
940 536 24 15 as
975 529 37 22 the
1023 533 95 24 attempt
1174 534 94 24 prevent

676 555 97 27 whaling
781 555 22 22 in
822 556 38 21 the
875 556 63 34 bays,
950 556 46 21 and
1012 559 87 20 around
1114 557 38 22 the
1169 562 62 18 coast
1245 558 27 21 of

676 581 55 22 New
741 582 106 27 Zealand,
856 578 76 26 would
941 590 31 14 no
983 583 69 22 doubt
1063 584 27 21 be
1098 584 107 23 attended
1214 584 53 23 whh

675 616 29 14 an
720 616 96 20 expense
833 612 23 18 to
873 609 38 22 the
922 610 75 21 Home
1015 610 162 28 Government,
1195 618 73 15 some-

675 635 64 28 thing
748 643 59 14 more
817 635 56 22 than
882 643 62 15 mere
955 640 132 19 statements
1087 649 28 4 —
1116 638 152 28 unsupported

675 663 29 27 by
712 663 114 21 authentic
836 663 65 27 facts,
913 663 68 22 based
991 671 28 14 on
1031 664 73 22 direct
1114 665 109 22 scientific
1232 672 35 15 re-

676 689 77 22 search
753 701 29 4 —
784 689 43 22 will
843 690 28 21 be
888 690 112 28 required,
1012 699 37 14 ere
1066 691 39 22 the
1122 692 83 21 British
1221 692 46 21 Go-

675 720 118 19 vernment
802 717 103 22 sanction
916 725 44 19 any
971 725 102 15 measure
1084 718 105 23 however
1198 719 68 22 bene-

674 743 65 27 ficial,
750 751 55 15 even
816 746 23 19 to
849 743 41 22 her
904 747 59 18 most
978 744 111 23 favoured
1104 745 94 28 Colony.
1226 745 39 22 All

675 770 130 27 experience
828 777 81 21 proves
932 771 49 22 that
1003 771 38 22 the
1066 772 154 22 observations
1244 773 26 20 of

674 797 77 27 purely
1007 805 29 14 no
1054 802 82 19 matter
1151 799 60 22 what
1228 798 38 23 the

674 824 86 26 subject
776 831 51 21 may
843 824 35 27 Be,
896 831 38 15 are
950 825 83 27 utterly
1051 826 122 26 worthless,
1190 826 76 22 unless

674 851 109 26 preceded
792 858 25 15 or
826 851 115 22 corrected
950 852 31 27 by
990 852 38 22 the
1036 852 110 22 scientific
1155 853 109 26 observer,

674 884 25 15 or
707 877 23 22 in
741 878 64 22 other
813 878 74 21 words
896 878 38 22 the
940 882 86 18 correct
1033 878 111 27 observer,
1153 880 45 21 and
1203 880 63 21 lover

674 904 26 21 of
715 906 73 24 Jruth.
829 904 24 22 It
875 904 46 23 will
944 904 29 23 be
995 905 127 27 remarked,
1142 905 55 26 that,
1221 907 43 21 Mr.

674 931 108 27 Scroseby
790 938 45 15 was
844 930 39 23 the
898 932 88 27 captain
998 932 26 21 of
1035 939 14 14 a
1065 932 72 21 whale
1153 932 55 28 ship,
1219 933 46 22 and

673 961 37 23 yet
718 958 36 22 his
763 958 61 22 work
838 965 30 14 on
883 958 39 21 the
939 958 68 22 arctic
1022 958 91 27 regions
1122 959 19 22 is
1157 959 109 23 admitted

673 981 29 30 by
717 984 31 23 all
767 988 22 18 to
807 984 28 22 be
854 984 81 28 purely
951 992 14 15 a
983 985 110 22 scientific
1112 986 67 21 work.
1216 987 48 22 The

673 1017 85 16 answer
774 1014 22 19 to
813 1011 44 22 this
871 1011 27 27 is,
909 1012 49 21 that
976 1012 44 22 Mr.
1031 1012 111 28 Scroseby
1157 1012 41 23 has
1213 1020 51 16 now

673 1038 81 22 retired
766 1038 57 21 from
836 1037 38 22 the
890 1038 72 22 whale
974 1038 89 28 fishery,
1075 1039 45 22 and
1134 1047 45 14 was
1195 1040 69 28 lately

673 1064 107 28 enjoying
789 1064 36 22 the
835 1065 128 22 remainder
974 1066 26 21 of
1010 1066 35 22 his
1055 1066 74 22 active
1137 1066 40 22 life
1190 1067 24 22 in
1224 1068 39 21 the

673 1092 66 27 study
748 1092 26 21 of
785 1093 110 20 literature
904 1092 45 22 and
955 1094 80 19 science
1042 1093 22 21 in
1073 1093 30 22 all
1111 1093 59 22 their
1177 1093 86 23 details.

673 1118 43 22 Mr.
727 1119 127 27 Scroseby's
865 1119 60 22 work
936 1120 22 21 in
970 1120 51 27 fact,
1033 1120 77 21 leaves
1126 1120 57 22 little
1202 1125 22 18 to
1235 1122 28 21 be

672 1146 104 28 required
784 1146 23 21 in
816 1146 116 22 reference
942 1150 23 18 to
973 1147 37 22 the
1017 1147 70 22 arctic
1095 1146 70 23 whale
1173 1147 89 29 fishery,

673 1172 106 28 although
794 1180 62 20 upon
871 1173 38 22 the
923 1181 54 20 very
988 1174 63 27 point
1061 1174 74 21 where
1151 1181 39 14 our
1198 1175 65 22 stand

673 1206 22 15 as
706 1200 55 21 New
771 1200 136 22 Zealanders
917 1205 60 17 must
992 1202 27 21 be
1030 1200 67 23 made
1106 1205 117 23 strongest,
1234 1202 29 27 by

673 1233 12 14 a
695 1226 78 23 record
788 1227 25 22 of
823 1228 109 20 authentic
948 1228 64 26 facts,
1022 1227 30 22 be
1070 1228 82 21 affords
1167 1228 56 23 little
1239 1236 25 14 or

673 1260 29 15 no
717 1254 145 22 information
870 1263 6 19 ;
901 1255 11 21 I
928 1262 67 14 mean
1012 1261 61 21 upon
1092 1254 37 22 the
1148 1256 78 26 period
1241 1256 25 21 of

671 1281 110 26 gestation
790 1281 23 22 in
824 1281 39 22 the
872 1281 72 22 whale
955 1282 56 21 tribe
1027 1281 27 22 of
1064 1282 103 22 animals.
1197 1282 66 29 Upon

672 1306 113 23 reflection
795 1308 43 22 this
849 1308 19 22 is
876 1312 42 18 not
934 1311 22 19 to
967 1309 27 21 be
1012 1308 122 22 wondered
1147 1312 29 24 at,
1187 1310 76 26 seeing

672 1334 48 21 that
729 1334 38 22 the
778 1334 85 23 habitat
873 1336 26 21 of
911 1335 37 22 the
958 1335 71 22 whale
1043 1335 94 22 renders
1148 1342 28 15 an
1186 1336 77 22 obser-

672 1361 75 22 vation
763 1361 30 28 by
803 1369 13 14 a
833 1365 129 24 competent
976 1362 45 22 and
1035 1365 88 19 correct
1137 1370 80 20 person
1234 1370 28 15 an

673 1388 79 22 almost
768 1389 124 22 accidental
908 1389 168 27 circumstance,
1090 1389 44 22 and
1144 1391 119 27 occurring

672 1415 52 27 only
734 1418 22 19 at
774 1416 83 21 distant
872 1416 96 27 periods.
997 1416 48 21 The
1061 1416 78 27 period
1155 1417 26 21 of
1190 1421 73 23 gesta-

672 1442 44 21 tion
727 1442 22 22 in
760 1443 36 21 the
807 1442 78 28 whale,
893 1442 41 22 has
943 1443 57 21 been
1011 1442 110 28 supposed
1131 1443 22 26 (I
1162 1451 39 19 say
1211 1452 52 19 sup-

671 1469 75 27 posed,
758 1469 33 22 for
809 1469 10 22 I
836 1477 78 14 assure
927 1477 54 20 you,
993 1469 63 22 there
1071 1469 19 22 is
1106 1473 40 18 not
1162 1477 14 15 a
1191 1471 71 27 single

671 1496 45 21 fact
739 1503 30 14 on
792 1496 79 22 record
899 1496 116 28 distinctly
1038 1496 47 22 and
1106 1497 155 28 undoubtedly

671 1522 94 28 proving
784 1523 37 22 the
845 1524 131 25 statement)
998 1527 21 18 to
1043 1524 30 21 be
1096 1524 55 21 nine
1175 1531 25 14 or
1224 1527 37 19 ten

671 1550 96 26 months,
788 1549 43 22 and
850 1550 38 21 the
908 1550 97 22 number
1023 1550 26 22 of
1070 1557 77 20 young
1165 1550 98 29 brought

671 1576 58 22 forth
739 1580 23 19 at
773 1583 13 15 a
795 1576 59 22 birth
863 1577 19 22 is
892 1577 48 22 said
958 1581 23 18 to
997 1578 27 21 be
1042 1584 45 15 one
1101 1585 25 13 or
1136 1581 48 18 two.
1214 1578 48 22 The

671 1604 119 21 anatomist
805 1604 31 26 by
846 1611 29 14 an
894 1604 154 21 examination
1058 1604 27 22 of
1096 1604 38 22 the
1154 1608 77 19 uterus
1240 1606 25 20 of

671 1630 37 22 the
718 1630 78 28 whale,
807 1630 59 22 finds
876 1630 49 22 that
936 1630 38 22 the
988 1631 97 21 number
1094 1630 26 22 of
1130 1639 77 19 young
1217 1635 23 19 at
1249 1639 13 14 a

671 1656 58 23 birth
744 1657 44 22 will
803 1658 28 21 be
851 1661 60 18 most
924 1658 131 28 commonly
1070 1664 45 18 one,
1125 1658 45 22 and
1184 1658 44 22 this
1243 1659 18 21 is

670 1684 55 22 born
736 1688 39 18 out
785 1684 10 22 I
804 1684 88 22 believe
902 1684 30 28 by
940 1685 142 27 experience,
1091 1684 45 22 and
1143 1685 38 21 the
1187 1686 75 22 obser-

671 1712 87 21 vations
768 1712 25 21 of
803 1719 13 14 a
831 1712 43 21 few
890 1712 110 21 scientific
1016 1718 116 21 surgeons,
1144 1712 50 22 who
1203 1714 58 20 have

670 1738 105 22 removed
785 1738 36 22 the
830 1738 69 22 foetus
916 1738 53 22 with
979 1739 58 21 their
1048 1746 51 14 own
1116 1738 72 23 hands
1203 1739 58 23 from

671 1765 36 22 the
723 1765 57 22 dead
794 1769 88 24 parent.
927 1765 51 22 Still
999 1765 63 23 there
1078 1773 54 20 may
1149 1766 27 22 be
1198 1774 64 14 occa-

670 1792 95 27 sionally
775 1792 63 22 twins
859 1795 23 19 at
898 1799 13 15 a
925 1792 68 22 birth.
1022 1793 49 21 The
1089 1792 91 28 locality
1190 1793 72 23 which

671 1819 36 21 the
713 1819 80 22 female
799 1819 70 22 whale
874 1819 80 22 selects
960 1819 36 22 for
1000 1819 107 28 bringing
1111 1819 61 22 forth
1177 1820 40 22 her
1222 1821 40 22 off-

671 1846 82 27 spring,
762 1846 18 21 is
789 1846 48 22 said
847 1849 22 18 to
879 1846 28 21 be
918 1846 37 22 the
965 1847 55 26 bays
1028 1847 89 21 around
1126 1846 37 23 the
1175 1848 87 22 various

671 1879 70 15 coasts
763 1873 103 27 situated,
880 1880 25 13 as
922 1880 31 14 we
970 1875 75 19 should
1061 1880 93 21 suppose,
1174 1878 89 18 nearest

672 1903 21 18 to
704 1900 57 21 their
771 1900 89 27 feeding
869 1901 96 26 ground,
977 1901 45 21 and
1038 1900 38 23 the
1092 1908 79 15 season
1186 1902 26 21 of
1224 1901 37 23 the

670 1934 53 19 year
733 1926 63 22 when
807 1927 49 21 that
866 1931 68 18 event
943 1928 116 27 generally
1070 1928 100 27 happens
1179 1928 19 22 is
1208 1936 54 14 con-

671 1953 115 27 sequently
794 1954 95 21 various.
916 1953 90 23 Whales
1016 1955 106 26 frequent
1130 1955 58 21 from
1198 1956 64 26 April

670 1980 41 31 till_
728 1980 128 21 November
878 1980 39 22 the
940 1984 63 18 coast
1023 1981 29 21 of
1063 1981 56 21 New
1134 1981 135 23 Zealand-?—
1268 1985 4 15 '•

671 2005 72 22 whilst
756 2006 20 21 it
788 2006 18 21 is
822 2014 60 19 upon
893 2006 81 22 record
986 2007 49 21 that
1048 2007 24 21 in
1092 2007 38 22 the
1145 2008 79 22 month
1240 2010 26 20 of

671 2032 58 22 June
753 2032 82 22 whales
854 2033 52 21 visit
923 2033 38 22 the
981 2033 188 28 neighbourhood
1186 2035 26 21 of
1223 2035 38 23 the

671 2060 58 26 Cape
747 2060 26 21 of
785 2060 64 21 Good
865 2060 66 27 Hope
941 2061 24 21 in
976 2060 155 22 considerable
1148 2062 112 27 numbers,

670 2086 34 22 for
719 2086 37 22 the
774 2094 101 20 purpose,
894 2094 25 15 as
929 2087 18 21 it
962 2087 19 22 is
997 2087 111 28 reported,
1120 2088 26 21 of
1157 2088 106 29 bringing

670 2113 58 21 forth
737 2113 56 22 their
802 2121 85 20 young.
916 2114 48 22 The
974 2114 45 22 size
1025 2115 27 21 of
1058 2114 39 22 the
1106 2122 77 21 young
1190 2116 79 24 whale,

671 2143 23 18 at
713 2140 61 22 birth
795 2148 19 14 is
830 2140 48 22 said
903 2144 22 18 to
942 2141 28 22 be
993 2145 39 19 ten
1057 2149 26 14 or
1105 2142 79 22 twelve
1209 2143 52 27 feet,

671 2167 113 27 equalling
793 2167 22 21 in
826 2167 84 28 weight
927 2167 38 23 the
977 2176 90 14 carcase
1078 2169 26 21 of
1117 2176 29 15 an
1157 2169 104 29 ordinary

671 2194 60 21 sized
740 2194 97 22 bullock.

697 2221 47 21 The
768 2228 75 21 young
861 2221 19 22 is
899 2221 48 23 said
971 2225 23 19 to
1014 2230 28 19 go
1063 2223 74 22 under
1157 2222 38 23 the
1210 2231 51 20 pro-

671 2248 82 22 tection
779 2248 25 21 of
828 2248 39 22 the
895 2249 89 21 mother
1010 2251 35 21 for
1068 2250 80 22 twelve
1170 2251 91 22 months

671 2282 24 14 or
716 2275 109 28 upwards,
850 2275 46 22 and
916 2279 21 19 to
962 2276 74 22 derive
1056 2277 29 21 its
1104 2277 157 23 nourishment

671 2301 80 28 during
760 2302 43 22 this
812 2303 78 26 period
905 2303 57 21 from
974 2303 38 22 the
1021 2304 90 22 mother
1117 2312 5 19 ;
1138 2304 38 22 the
1190 2312 71 15 mam-

669 2336 42 14 mae
721 2329 25 21 in
756 2329 37 21 the
803 2336 72 20 genus
884 2330 99 22 balcence
990 2331 50 26 (not
1047 2331 24 21 in
1078 2331 31 22 all
1118 2331 37 21 the
1162 2333 97 26 cetacea)

670 2363 36 14 are
716 2355 135 28 abdominal,
866 2357 46 21 and
927 2364 38 14 are
976 2361 43 19 two
1035 2358 24 22 in
1074 2359 103 26 number,
1188 2359 73 28 disap-

669 2383 92 27 pearing
777 2383 80 22 almost
876 2384 96 27 entirely
988 2384 66 22 when
1073 2385 38 21 the
1130 2385 72 22 whale
1221 2386 40 22 has

670 2410 78 22 ceased
761 2414 23 18 to
798 2411 78 21 suckle
890 2411 28 21 its
932 2418 84 21 young,
1033 2412 42 22 but
1091 2412 117 28 acquiring
1223 2413 37 22 the

669 2437 44 21 size
723 2437 26 22 of
762 2444 14 15 a
784 2438 73 21 man's
871 2437 60 23 head
947 2438 65 22 when
1027 2439 80 27 giving
1121 2439 62 22 milk.
1212 2439 48 23 The

670 2463 53 23 milk
741 2464 19 22 is
777 2464 113 28 produced
908 2465 23 22 in
951 2469 64 23 great
1038 2465 141 28 abundance,
1205 2467 55 22 each

669 2498 104 15 mammae
790 2491 69 27 being
876 2493 148 21 surmounted
1040 2493 31 27 by
1091 2500 13 15 a
1122 2494 66 25 single
1206 2497 52 23 teat,

669 2518 67 22 about
748 2518 49 22 half
807 2526 25 14 as
842 2519 62 27 large
921 2519 67 27 again
998 2527 24 14 as
1039 2519 64 22 those
1115 2521 26 21 of
1155 2521 36 22 the
1205 2528 53 15 cow.

669 2544 49 23 You
737 2545 44 23 will
798 2545 28 22 be
850 2546 120 27 surprised,
989 2547 44 21 Mr.
1054 2547 86 28 Editor,
1160 2548 66 22 when
1247 2548 13 22 I

668 2571 80 23 inform
767 2580 44 20 you
828 2573 54 27 that,
900 2580 53 21 very
969 2573 76 28 lately,
1057 2581 14 14 a
1086 2575 59 26 good
1159 2575 100 22 Parisian

668 2599 117 23 naturalist
802 2599 73 23 called
893 2600 24 22 in
937 2601 102 27 question
1058 2601 39 22 the
1114 2602 48 21 fact
1180 2602 27 22 of
1222 2602 37 23 the

668 2631 88 17 cetacea
763 2627 105 27 suckling
877 2627 58 22 their
943 2635 77 20 young
1027 2628 6 21 !
1061 2628 61 22 That
1130 2629 127 27 gentleman

661 2654 69 26 justly
740 2653 123 28 remarked,
874 2654 49 22 that
934 2655 38 21 the
988 2662 108 20 presence
1107 2656 27 21 of
1140 2656 37 22 the
1188 2664 72 14 mam-

667 2688 62 21 mary
740 2681 74 27 gland,
826 2688 26 14 or
868 2688 55 15 even
935 2682 39 22 the
989 2682 111 22 secretion
1116 2683 26 22 of
1157 2683 61 28 milk,
1229 2683 30 28 by

667 2714 29 15 no
708 2715 76 15 means
792 2710 126 25 necessarily
927 2709 37 22 led
975 2712 23 19 to
1010 2709 37 22 the
1057 2717 79 20 young
1144 2710 113 28 receiving

666 2735 18 21 it
700 2735 81 27 during
795 2735 57 22 their
866 2736 106 21 infantile
986 2740 64 18 state.
1080 2737 51 27 But,
1143 2738 71 21 above
1229 2738 29 21 all

666 2761 28 22 he
709 2762 72 22 called
789 2762 23 22 in
823 2763 103 27 question
937 2763 38 22 the
988 2770 53 20 very
1052 2764 116 23 existence
1184 2764 23 22 of
1221 2764 36 22 the

666 2796 123 20 mammary
798 2789 77 26 gland.
903 2790 48 22 The
962 2790 80 22 author
1052 2790 40 23 did
1106 2795 42 18 not
1159 2792 50 27 give
1220 2792 37 21 the
1260 2799 2 5 ■

666 2813 112 25 materials
785 2815 72 23 which
867 2816 45 22 had
921 2816 37 23 led
972 2816 47 23 him
1030 2820 23 19 to
1063 2818 67 22 make
1141 2818 55 23 such
1205 2819 53 22 bold

666 2843 111 27 surmises,
788 2843 43 21 and
842 2843 37 22 the
890 2843 114 23 existence
1015 2844 26 21 of
1054 2851 14 14 a
1080 2845 71 27 gland
1160 2846 45 22 like
1220 2846 37 21 the

665 2877 124 20 mammary
798 2870 77 27 gland,
892 2870 110 23 admitted
1017 2871 26 22 of
1056 2878 26 14 no
1096 2872 87 28 dispute
1183 2884 29 4 —
1212 2873 46 22 still

665 2896 39 22 the
713 2903 70 20 organ
793 2897 75 22 differs
875 2897 156 29 considerably
1035 2898 60 23 from
1103 2899 50 22 that
1162 2900 25 21 of
1194 2900 64 22 other

664 2923 101 27 animals,
777 2924 44 21 and
830 2927 24 18 at
863 2924 30 22 all
904 2924 66 23 times
984 2925 75 22 would
1071 2927 91 27 require
1177 2934 29 15 an
1219 2935 38 14 ex-

664 2950 119 27 perienced
801 2951 152 27 comparative
972 2953 123 22 anatomist
1117 2957 23 18 to
1165 2954 93 22 demon-

664 2980 75 19 strate.
769 2977 12 22 I
795 2977 59 22 have
870 2978 59 22 been
943 2978 121 29 informed,
1080 2980 31 27 by
1127 2988 40 20 my
1180 2989 78 20 young

664 3004 84 22 friends
765 3004 104 28 amusing
885 3004 135 23 themselves
1037 3006 33 28 by
1085 3007 70 28 going
1172 3015 30 15 an
1218 3015 39 15 ex-

664 3031 88 22 cursion
762 3034 23 19 to
795 3031 131 23 Greenland
935 3032 25 22 in
972 3032 38 23 the
1023 3033 51 22 first
1090 3041 54 20 year
1158 3035 26 21 of
1200 3035 57 22 their

664 3058 66 28 study
744 3066 24 14 as
784 3065 115 21 surgeons,
910 3059 49 22 that
972 3059 53 29 they
1040 3060 48 23 had
1104 3061 63 22 often
1184 3062 73 22 drank

664 3084 38 23 the
717 3085 63 28 milk,
791 3085 45 22 and
846 3093 53 14 seen
916 3086 18 22 it
942 3086 25 21 in
976 3086 63 28 large
1049 3088 122 27 quantities
1184 3089 25 21 in
1218 3089 38 21 the

664 3112 101 21 stomach
779 3112 25 22 of
814 3112 38 22 the
869 3112 59 23 dead
944 3113 51 22 cub.
1023 3114 49 22 The
1089 3115 75 21 writer
1174 3116 26 21 of
1212 3116 44 21 this

663 3138 76 23 article
753 3138 40 23 has
808 3139 45 22 had
864 3139 39 22 the
918 3140 61 27 good
993 3140 92 23 fortune
1101 3144 23 20 to
1140 3142 58 22 have
1217 3142 38 22 the

664 3166 143 28 opportunity
817 3166 26 24 of
854 3166 169 28 investigating,
1038 3169 168 28 anatomically,
1217 3170 38 21 the

663 3192 67 23 foetus
740 3193 27 22 of
776 3193 48 22 that
833 3194 87 26 species
928 3194 27 21 of
966 3194 72 22 whale
1049 3195 26 22 of
1082 3196 31 22 all
1129 3196 74 22 others
1217 3196 38 22 the

663 3222 59 19 most
743 3220 109 27 valuable,
873 3220 51 27 viz.,
945 3220 39 23 the
1007 3221 93 24 balcena
1122 3223 133 27 mysticetus

661 3246 96 23 borealis
757 3258 29 4 —
786 3247 59 27 right
860 3247 81 23 whale.
969 3248 48 22 The
1031 3252 82 24 parent
1129 3257 44 15 was
1185 3250 71 22 killed

663 3274 94 22 towards
777 3274 35 22 the
828 3274 132 22 conclusion
975 3276 27 21 of
1014 3275 39 22 the
1070 3276 85 22 British
1173 3277 83 28 fishing

662 3307 79 16 season
750 3300 25 23 in
784 3300 37 23 the
836 3301 56 22 artic
906 3302 96 26 regions,
1014 3302 52 28 and,
1085 3304 168 27 consequently,

663 3328 67 21 about
740 3327 37 22 the
787 3327 79 22 month
873 3328 27 21 of
906 3328 60 22 June
974 3336 26 14 or
1006 3329 62 28 July.
1098 3331 156 28 Comparative

662 3357 106 25 anatomy
775 3354 39 23 has
821 3355 93 22 become
921 3363 14 14 a
941 3356 90 22 science
1036 3357 28 21 of
1070 3357 57 23 such
1136 3365 116 20 accuracy,

662 3388 25 15 as
696 3385 22 18 to
734 3382 78 22 enable
829 3381 39 22 the
878 3382 81 22 author
972 3386 23 18 to
1012 3387 57 19 state
1086 3384 38 22 the
1139 3385 78 27 period
1233 3385 26 21 of

661 3408 111 27 gestation
779 3411 22 19 to
813 3408 58 22 have
880 3409 57 22 been
949 3410 69 22 about
1027 3410 64 23 three
1100 3412 90 22 months
1199 3420 5 19 ;
1216 3412 38 22 the

662 3436 91 28 embryo
764 3443 43 15 was
816 3443 14 14 a
839 3436 89 27 female,
939 3437 47 21 and
996 3437 70 23 about
1073 3439 16 21 2
1099 3439 46 21 feet
1154 3439 13 23 7
1176 3439 78 22 inches

661 3462 24 22 in
701 3462 85 28 length,
802 3470 24 14 so
842 3462 55 28 that,
911 3464 21 20 if
943 3467 86 19 correct
1043 3464 25 22 in
1089 3465 38 22 the
1141 3465 49 23 first
1203 3473 51 20 pre-

662 3489 72 28 mises,
746 3490 37 22 the
791 3490 78 27 period
879 3490 27 22 of
912 3490 60 22 birth
981 3490 24 22 in
1015 3491 44 22 this
1068 3492 104 23 instance
1179 3492 74 23 would

661 3516 57 22 have
735 3517 57 21 been
809 3517 81 27 during
908 3517 38 22 the
962 3517 92 23 months
1073 3519 26 21 of
1113 3519 102 28 January
1230 3526 24 15 or

661 3543 121 28 February.
810 3544 11 21 I
839 3551 44 14 was
899 3544 45 22 also
962 3552 24 14 so
995 3545 115 23 fortunate
1127 3554 25 14 as
1163 3549 21 19 to
1197 3550 57 18 esta-

661 3570 64 28 blish,
736 3571 31 27 by
776 3575 102 18 accurate
889 3570 127 29 dissection,
1026 3575 44 19 two
1080 3573 85 27 species
1178 3573 27 22 of
1215 3573 37 22 the

661 3598 152 27 balcenoptera
820 3606 5 19 ;
847 3605 43 14 one
908 3598 26 22 of
940 3598 70 27 these,
1022 3606 13 15 a
1043 3600 119 27 rorgualus
1172 3600 80 27 minor,

661 3632 44 15 was
714 3632 14 14 a
737 3632 75 21 young
821 3625 90 27 female,
922 3625 45 22 and
978 3625 11 22 I
1002 3633 46 15 was
1058 3627 53 21 thus
1120 3627 97 22 enabled
1230 3630 23 19 to

661 3651 149 23 demonstrate
829 3652 39 22 the
888 3651 114 23 existence
1021 3653 27 22 of
1068 3653 39 22 the
1129 3661 125 20 mammary

661 3683 124 23 apparatus.
822 3679 49 21 The
889 3679 107 23 recorded
1013 3679 117 23 authentic
1148 3681 57 21 facts
1218 3688 36 14 re-

659 3705 94 28 garding
763 3705 37 23 the
810 3705 72 23 whole
892 3706 80 27 period
982 3707 27 21 of
1019 3707 120 28 gestation,
1151 3707 103 28 together

661 3732 50 22 with
723 3733 42 21 the*
770 3733 44 21 size
825 3733 24 21 of
856 3733 37 22 the
904 3733 67 23 foetus
981 3737 24 19 at
1013 3734 67 27 birth,
1091 3741 44 20 are,
1148 3734 10 22 I
1169 3737 83 24 repeat,

661 3759 123 28 extremely
802 3767 89 20 meagre
900 3768 5 18 ;
925 3761 42 21 but
986 3761 10 21 I
1017 3761 116 27 distinctly
1149 3761 106 22 recollect

661 3785 73 23 rather
752 3794 29 14 an
800 3787 134 26 interesting
953 3787 47 22 fact
1017 3788 24 21 in
1062 3788 44 21 Mr.
1126 3788 127 27 Scoresby's

660 3812 67 27 work,
739 3820 61 14 more
815 3813 95 27 directly
920 3813 93 28 bearing
1024 3821 63 19 upon
1102 3813 38 22 the
1151 3814 47 22 real
1214 3815 40 21 ob-

656 3839 48 26 ject
722 3839 27 21 of
763 3839 61 21 these
842 3840 161 22 observations.
1033 3841 21 21 A.
1075 3847 80 20 young
1173 3841 79 27 whale,

662 3865 63 22 while
739 3865 113 27 following
869 3865 39 22 the
922 3871 88 22 parent,
1027 3873 46 15 was
1090 3866 68 23 killed
1174 3867 24 22 in
1215 3867 37 23 the

661 3892 128 22 Greenland
804 3892 91 27 fishery,
913 3892 53 22 with
977 3900 13 14 a
1003 3893 61 26 large
1078 3895 89 25 portion
1177 3894 27 23 of
1214 3894 38 22 the

653 3919 64 24 funit
727 3926 26 14 or
759 3918 112 22 umbilical
882 3919 54 21 cord
946 3919 106 23 attached
1061 3924 23 17 to
1094 3920 24 26 it,
1127 3920 78 28 giving
1215 3921 37 23 the

661 3949 57 18 most
723 3945 140 27 satisfactory
868 3946 69 27 proof
942 3946 49 22 that
999 3946 36 22 the
1046 3954 43 20 age
1097 3947 26 22 of
1130 3947 37 23 the
1176 3955 78 20 young

1937 793 52 21 Tub
2004 794 181 22 Electro-type
2202 802 25 14 v.
2243 803 48 13 the
2311 796 60 20 New
2387 796 107 21 Postage

1906 821 89 21 Label.
1996 833 25 4 —
2025 823 46 20 Our
2081 823 82 21 readers
2181 830 43 20 are,
2240 830 29 14 no
2287 823 66 21 doubt
2369 830 66 14 aware
2453 824 47 21 that

1906 849 35 19 the
1967 849 122 22 Post-office
2108 850 125 21 authorities
2252 851 53 20 have
2325 851 72 20 issued
2420 858 13 13 a
2453 857 47 15 new

1906 877 107 26 envelope,
2025 879 22 18 to
2060 878 84 26 replace
2153 878 61 21 those
2230 879 46 19 first
2292 878 93 26 brought
2399 879 47 20 into
2460 885 39 14 use

1905 903 68 21 under
1982 904 36 20 the
2033 908 87 23 present
2136 908 85 24 system.
2260 905 51 21 This
2329 906 101 26 envelope
2446 912 54 14 con-

1905 930 64 25 tains,
1979 937 28 14 on
2018 932 36 20 the
2063 932 58 26 right
2129 933 58 20 hand
2197 939 82 18 corner,
2291 939 12 14 a
2320 936 50 17 neat
2385 933 114 21 medallidn

1905 958 91 26 portrait
2006 959 24 20 of
2042 960 38 19 her
2094 960 100 26 Majesty,
2212 960 46 25 but,
2275 960 23 20 in
2314 967 146 20 consequence
2476 962 25 19 of

1906 987 177 25 representations
2094 988 69 19 which
2172 988 53 20 have
2234 988 53 20 been
2298 988 60 20 made
2367 990 22 18 to
2407 988 91 21 Colonel

1906 1013 98 27 Maberly
2012 1014 25 20 of
2050 1015 36 20 the
2097 1015 84 27 facility
2187 1016 52 19 with
2247 1016 69 19 which
2332 1015 36 20 the
2383 1014 60 23 mark
2460 1021 41 16 can

1906 1047 39 13 can
1961 1040 26 21 be
2003 1041 80 27 forged,
2104 1042 72 21 orders
2196 1043 51 20 have
2265 1043 54 20 beea
2336 1043 63 25 given
2418 1045 40 18 not
2474 1045 25 19 to

1906 1068 76 26 supply
1992 1075 41 20 any
2043 1075 58 15 more
2113 1070 25 19 of
2146 1070 35 21 the
2195 1070 119 26 envelopes.
2351 1070 36 20 On
2405 1070 96 28 Monday

1906 1096 37 19 the
1962 1096 92 21 lecturer
2073 1103 28 14 on
2122 1098 113 26 chemistry
2254 1100 21 17 at
2300 1098 35 19 the
2357 1097 137 27 Polytechnic

1907 1123 127 21 lnstitutiou
2044 1124 70 20 stated
2123 1127 23 17 to
2156 1125 32 20 his
2197 1125 108 24 audience,
2316 1125 62 20 when
2391 1125 110 26 lecturing

1906 1156 27 15 on
1943 1151 43 20 this
1994 1151 117 21 wonderful
2127 1152 110 26 discovery
2254 1153 48 19 that
2318 1153 27 19 he
2359 1153 42 20 had
2420 1153 80 20 offered

1905 1179 23 18 to
1947 1179 62 19 teach
2027 1179 52 20 nine
2094 1179 26 20 of
2141 1180 35 20 the
2195 1183 57 17 most
2270 1180 99 25 ignorant
2388 1180 52 27 boys
2459 1181 38 19 the

1906 1205 122 21 Post-office
2051 1206 125 21 authorities
2199 1207 23 20 in
2239 1207 90 21 London
2345 1207 64 21 could
2423 1209 75 23 select,

1905 1238 24 14 to
1943 1233 49 20 that
2006 1233 22 20 in
2045 1235 28 19 48
2092 1235 66 19 hours
2177 1235 51 19 each
2247 1235 44 25 boy
2308 1235 78 20 should
2405 1235 94 26 produce

1907 1261 55 19 1000
1974 1261 70 26 copies
2054 1262 25 19 of
2090 1262 36 20 the
2141 1268 45 14 new
2204 1263 113 19 medallion
2327 1268 25 14 so
2362 1263 80 26 perfect
2452 1263 48 20 that

1905 1287 36 20 the
1959 1291 57 17 most
2037 1287 76 22 skilful
2133 1289 61 20 artist
2211 1290 76 20 should
2306 1292 40 18 not
2364 1290 26 20 be
2409 1290 47 21 able
2475 1292 24 19 to

1905 1315 71 20 detect
1992 1315 69 21 which
2084 1323 55 14 were
2155 1317 35 19 the
2208 1317 90 26 genuine
2314 1317 43 20 and
2375 1317 68 21 which
2461 1318 39 20 the

1905 1343 134 21 counterfeit.
2067 1344 46 20 The
2122 1345 91 20 lecturer
2227 1345 107 20 exhibited
2349 1350 58 15 some
2417 1345 82 22 models

1905 1369 69 21 which
1990 1377 55 14 were
2061 1371 64 21 taken
2143 1372 55 20 from
2212 1372 36 21 the
2263 1372 97 26 original,
2374 1372 59 26 quite
2450 1379 49 19 per-

1905 1397 49 26 fect,
1965 1398 43 20 and
2023 1399 68 20 stated
2106 1399 54 24 that,
2171 1405 24 14 as
2211 1399 36 20 the
2263 1399 115 21 medallion
2387 1406 41 14 was
2437 1400 63 21 made

1905 1427 22 18 to
1945 1426 93 25 produce
2056 1426 71 21 others
2145 1426 55 21 from
2218 1427 65 25 itself,
2303 1427 37 20 the
2359 1428 139 26 productions

1905 1459 53 14 were
1967 1459 25 14 so
2002 1456 64 17 exact
2075 1454 47 20 that
2136 1454 19 20 it
2163 1461 42 14 was
2221 1454 123 26 impossible
2362 1457 22 18 to
2401 1455 97 20 discover

1905 1480 69 20 which
1993 1487 40 14 was
2054 1481 35 20 the
2109 1482 122 20 authorised
2250 1482 43 20 and
2309 1482 70 20 which
2397 1482 37 20 the
2456 1489 42 14 un-

1904 1508 121 20 authorised
2041 1515 63 21 copy.
2140 1509 33 21 He
2190 1509 68 20 added
2273 1510 54 22 that,
2343 1510 78 26 having
2437 1510 62 21 made

1904 1535 43 20 this
1962 1536 77 20 known
2058 1539 23 18 to
2096 1539 145 23 government,
2258 1538 27 19 he
2301 1543 42 14 was
2360 1538 94 25 engaged
2468 1544 30 14 on

1904 1569 12 14 a
1933 1563 66 20 series
2014 1564 25 20 of
2057 1564 149 26 experiments,
2221 1564 30 27 by
2263 1565 56 20 their
2341 1565 116 26 authority,
2474 1567 24 19 to

1904 1590 58 21 show
1971 1591 36 20 the
2016 1592 145 26 applicability
2171 1592 26 20 of
2203 1592 36 20 the
2246 1592 118 25 invention,
2373 1594 22 18 to
2404 1592 91 26 forgery.

1905 1618 25 19 In
1953 1618 44 21 fact
2016 1619 43 20 this
2082 1619 118 24 invention,
2219 1619 70 21 which
2313 1620 39 20 has
2380 1622 37 18 not
2443 1620 54 20 been

1902 1645 79 21 known
1991 1652 58 14 more
2065 1647 52 20 than
2133 1647 74 20 twelve
2225 1647 92 25 months,
2327 1649 58 18 must
2400 1649 70 19 create
2484 1654 14 14 a

1903 1674 104 26 complete
2023 1675 121 19 revolution
2161 1674 24 20 in
2204 1675 35 19 the
2260 1675 82 20 science
2360 1675 25 20 of
2405 1675 91 26 copying

1903 1703 76 24 prints,
1998 1701 134 26 documents,
2151 1702 40 20 and
2211 1702 76 20 indeed
2302 1702 124 27 everything
2435 1710 6 16 ;
2462 1703 36 20 for

1903 1729 28 26 by
1947 1735 72 15 means
2036 1729 25 21 of
2073 1730 37 20 the
2126 1729 148 28 electro-type,
2291 1730 124 26 everything
2428 1730 70 21 which

1903 1757 18 19 is
1942 1763 14 13 a
1975 1757 111 20 substance
2113 1764 40 13 can
2176 1757 28 21 be
2223 1758 82 26 exactly
2322 1758 82 26 copied,
2424 1757 43 21 and
2484 1764 15 14 a

1903 1785 146 26 copper-plate
2075 1785 108 26 produced
2208 1785 55 20 from
2289 1792 13 13 a
2320 1791 58 14 mere
2400 1790 55 21 copy
2474 1785 26 21 of

1903 1812 36 20 the
1965 1812 115 26 engraving
2104 1813 52 19 with
2181 1818 63 21 every
2266 1813 44 20 line
2337 1818 25 15 so
2387 1812 111 27 distinctly

1903 1839 94 25 marked,
2014 1840 47 20 that
2079 1846 50 14 even
2148 1840 36 20 the
2200 1840 61 20 artist
2278 1840 87 20 himself
2383 1840 71 21 would
2469 1840 27 21 be

1903 1867 77 20 unable
1990 1870 22 17 to
2023 1867 96 21 discover
2128 1868 95 20 whabher
2232 1875 12 13 a
2254 1868 58 26 print
2327 1868 57 20 from
2393 1868 36 19 the
2439 1868 57 26 plate

1903 1901 22 13 so
1936 1894 108 26 produced
2053 1901 41 14 was
2105 1894 63 21 taken
2183 1896 57 19 from
2256 1896 37 19 the
2301 1895 58 27 plate
2370 1896 27 19 he
2406 1895 43 20 had
2458 1902 38 13 en-

1901 1922 78 25 graved
1995 1929 23 14 or
2032 1923 56 20 from
2103 1923 37 20 the
2157 1923 140 27 electro-type
2312 1923 64 26 plate,
2394 1923 35 20 for
2443 1929 53 14 even

1901 1950 37 19 the
1948 1950 42 26 slip
2007 1950 24 20 of
2043 1957 74 19 graver
2131 1951 71 20 would
2217 1951 27 20 be
2261 1952 72 19 shown
2342 1957 24 13 as
2382 1950 82 27 exactly
2473 1951 23 20 in

1902 1977 36 20 the
1948 1983 41 14 one
1999 1984 22 13 as
2032 1978 36 20 the
2079 1978 70 21 other.
2159 1999 5 8 >
2176 1978 26 19 In
2214 1984 46 14 case
2277 1978 26 20 of
2314 1978 138 26 prosecution
2462 1978 35 20 for

1902 2004 84 26 forgery
1996 2007 44 22 too,
2051 2007 57 18 most
2125 2005 100 26 probable
2235 2011 59 15 some
2310 2005 103 26 difficulty
2426 2006 70 19 would

1902 2031 67 20 arrive
1982 2038 22 13 as
2014 2032 38 20 the
2061 2032 41 20 law
2115 2035 23 17 at
2147 2035 85 23 present
2246 2032 81 25 stands,
2337 2033 36 20 for
2381 2032 83 21 instead
2473 2033 27 20 of

1901 2059 36 20 the
1943 2060 129 25 production
2082 2060 24 20 of
2113 2060 36 20 the
2156 2060 141 26 electro-type
2302 2060 64 26 being
2373 2066 13 14 a
2394 2060 53 20 false
2454 2060 42 20 and

1902 2087 128 20 counterfeit
2034 2087 109 21 imitation
2153 2087 19 20 it
2177 2087 69 21 would
2253 2088 26 20 be
2287 2094 26 13 an
2324 2090 61 18 sxact
2391 2093 62 21 copy,
2461 2088 36 20 the

1902 2114 90 26 original
2003 2114 71 27 (being
2084 2115 61 20 made
2155 2117 22 18 to
2187 2115 127 26 re-produce
2324 2115 67 26 itself)
2407 2121 45 20 say,
2462 2115 35 21 for

1901 2141 105 26 instance,
2016 2141 56 23 a£b
2084 2146 58 16 note.
2171 2143 45 19 The
2225 2143 50 26 only
2284 2143 66 25 guard
2360 2143 82 25 against
2451 2143 45 20 for-

1901 2176 51 19 gery
1963 2170 25 19 of
2000 2172 61 18 notes
2070 2176 47 14 now
2126 2170 64 26 being
2197 2171 36 19 the
2240 2177 73 19 paper,
2321 2170 40 20 but
2367 2170 72 20 before
2449 2171 48 19 that

1902 2197 62 20 could
1975 2197 26 20 be
2011 2198 104 23 detected,
2134 2204 63 20 many
2206 2198 107 20 hundreds
2327 2198 69 26 might
2405 2200 35 23 get
2450 2197 46 22 into

1901 2225 36 19 the
1947 2225 68 21 hands
2025 2225 25 20 of
2062 2225 120 21 tradesmen
2199 2228 38 18 not
2253 2232 27 13 au
2293 2225 48 26 fait
2350 2228 23 17 at
2390 2225 108 27 detecting

1901 2252 92 27 forgery.
2021 2253 46 20 The
2079 2253 110 26 operation
2199 2253 17 20 is
2228 2260 23 13 so
2260 2259 51 20 very
2321 2253 74 26 simple
2406 2253 43 20 and
2457 2253 38 21 has

1901 2280 85 20 become
1997 2287 23 13 so
2035 2281 109 26 generally
2152 2280 78 20 known
2246 2281 55 24 that,
2312 2287 22 14 as
2351 2281 37 20 the
2404 2281 93 20 lecturer

1901 2308 58 26 truly
1969 2308 108 24 observed,
2085 2308 17 19 it
2111 2308 18 20 is
2141 2311 21 17 to
2172 2308 27 20 be
2209 2308 70 20 feared
2289 2308 111 20 dishonest
2409 2308 87 20 charac-

1903 2337 40 18 ters
1953 2335 44 20 will
2006 2336 54 19 avail
2069 2336 125 20 themselves
2205 2336 24 20 of
2239 2336 36 20 the
2286 2336 109 26 discovery
2405 2338 22 17 to
2437 2342 59 15 serve

1901 2363 56 20 their
1966 2369 46 14 own
2021 2364 118 25 important
2148 2369 110 21 purposes,
2268 2363 42 20 and
2326 2366 23 17 to
2369 2364 61 19 cheat
2440 2364 56 21 their

1901 2397 58 14 more
1967 2391 77 20 honest
2054 2391 136 25 neighbours.
2191 2402 27 4 —
2218 2392 101 24 Morning
2327 2391 91 20 Herald.

1930 2428 42 20 Sir
1985 2428 26 20 R.
2029 2428 63 21 Pebl
2103 2434 32 15 on
2153 2428 164 21 Emigration.
2319 2439 29 5 —
2454 2429 18 21 is
2482 2436 14 14 a

1901 2461 45 14 new
1958 2456 61 26 spirit
2029 2456 79 21 abroad
2117 2456 51 20 with
2178 2459 83 23 respect
2272 2460 21 17 to
2309 2456 133 26 Emigration
2442 2468 27 4 —
2470 2463 26 14 or

1901 2484 71 19 rather
1982 2486 22 17 to
2023 2483 156 24 Colonization,
2190 2490 29 14 on
2235 2484 117 26 principles
2362 2484 75 26 widely
2453 2484 41 21 dif-

1901 2511 70 20 ferent
1984 2511 55 20 from
2050 2512 62 19 those
2126 2518 28 13 on
2164 2512 69 19 which
2242 2512 134 26 Emigration
2392 2512 38 20 has
2440 2511 54 22 been

1901 2538 93 20 hitherto
2001 2538 125 21 conducted.
2157 2539 132 20 Professions
2296 2545 36 14 are
2337 2540 158 21 over-crowded

1899 2577 29 3 —
1929 2566 35 20 the
1975 2567 74 25 profits
2059 2566 25 20 of
2096 2566 77 26 capital
2189 2573 36 14 are
2242 2567 92 20 reduced
2348 2567 29 26 by
2391 2568 104 26 competi-

1900 2594 45 19 tion
1953 2601 6 17 ;
1975 2594 41 20 and
2025 2594 109 20 hundreds
2152 2600 34 15 are
2195 2594 78 27 keenly
2286 2594 141 26 considering,
2437 2595 58 21 what

1899 2627 35 14 are
1951 2622 35 19 the
2006 2622 142 26 comparative
2163 2622 126 26 advantages
2305 2622 25 20 of
2341 2622 117 26 remaining
2471 2626 24 17 at

1899 2649 71 24 home,
1981 2655 25 13 or
2014 2649 89 25 seeking
2112 2649 55 20 their
2176 2649 96 21 fortunes
2280 2650 24 19 in
2318 2649 81 21 British
2409 2656 85 20 posses-

1899 2677 60 20 sions
1965 2684 7 16 ;
1986 2677 42 19 and
2037 2683 37 14 are
2084 2677 89 25 availing
2190 2677 126 21 themselves
2326 2677 24 20 of
2362 2677 36 20 the
2414 2684 80 20 oppor-

1899 2704 89 20 tunities
2006 2704 25 20 of
2041 2704 107 26 founding
2162 2705 30 26 by
2206 2704 99 27 industry
2314 2705 41 19 and
2365 2705 130 26 enterprize,

1900 2732 36 20 the
1952 2738 71 14 means
2039 2732 25 20 of
2076 2732 157 26 independence
2249 2733 24 19 in
2281 2733 62 19 lands
2352 2731 89 28 (distant
2451 2733 17 20 it
2475 2733 19 21 is

1900 2759 57 26 true)
1963 2759 39 21 but
2011 2760 69 20 where
2091 2760 80 20 British
2189 2759 60 21 Laws
2257 2760 42 20 and
2308 2760 36 20 the
2354 2760 82 25 British
2446 2761 47 20 lan-

1899 2794 66 19 guage
1974 2787 56 26 daily
2035 2794 70 14 renew
2111 2787 36 21 the
2154 2787 147 21 recollections
2306 2788 25 20 of
2340 2787 77 21 Home.
2431 2788 64 27 -Why

1899 2815 78 20 should
1993 2821 42 20 you
2051 2815 28 20 be
2088 2815 101 20 debarred
2205 2815 56 21 from
2271 2816 60 20 these
2348 2815 127 27 advantages
2484 2817 8 19 ?

1899 2842 42 21 and
1947 2843 49 20 how
2005 2848 39 15 can
2051 2849 43 20 you
2099 2842 70 21 better
2175 2849 73 14 secure
2256 2843 57 20 them
2322 2843 52 20 than
2381 2842 28 27 by
2415 2844 79 26 having

1898 2870 65 26 ready
1973 2876 71 14 access
2058 2872 24 19 to
2099 2870 110 21 authentic
2219 2870 147 25 information,
2377 2871 69 20 which
2457 2872 37 20 the

1898 2904 60 20 press
1967 2898 19 19 is
2004 2898 122 26 constantly
2144 2898 113 26 supplying
2273 2903 28 15 on
2311 2905 64 19 many
2391 2899 102 21 essential

1898 2925 74 27 points
1981 2926 117 20 connected
2108 2926 51 20 with
2176 2926 43 19 this
2230 2926 81 25 subject
2317 2926 8 19 ?
2356 2926 57 20 Such
2423 2933 23 14 as
2456 2927 37 20 the

1899 2953 77 26 charge
1992 2953 24 20 of
2028 2959 133 20 conveyance
2177 2955 38 18 out
2215 2964 28 4 —
2243 2954 36 19 the
2297 2954 136 26 comparitive
2450 2954 43 21 fer-

1898 2980 59 27 tility
1966 2980 25 21 of
2003 2981 36 20 the
2050 2980 40 21 soil
2090 2991 29 5 —
2119 2981 37 20 the
2164 2981 59 26 price
2233 2981 26 20 of
2269 2980 75 21 labour
2344 2992 29 4 —
2373 2982 36 20 the
2417 2983 76 25 profits

1899 3008 25 21 of
1941 3008 78 26 capital
2019 3018 28 5 —
2048 3008 42 20 and
2113 3014 14 14 a
2145 3008 95 21 hundred
2264 3009 62 21 other
2340 3008 26 21 of
2384 3015 13 14 a
2413 3009 81 21 similar

1898 3037 83 19 nature.
2011 3036 60 20 Even
2077 3035 20 20 if
2108 3036 38 20 the
2152 3036 138 20 information
2296 3036 26 20 be
2331 3037 39 19 not
2378 3037 111 26 complete,

1898 3063 18 20 it
1932 3063 44 20 will
1994 3065 86 24 suggest
2103 3063 38 20 the
2158 3063 83 20 further
2265 3063 103 27 inquiries
2392 3064 71 20 which
2479 3071 14 14 a

1897 3091 93 26 prudent
1999 3097 48 13 man
2056 3090 71 20 would
2136 3090 106 27 naturally
2334 3102 29 4 —
2372 3092 120 20 Tamworth

1896 3119 118 25 Inaugural
2027 3118 102 21 Address.

1925 3155 163 21 Dissolution
2099 3161 29 14 of
2139 3154 166 22 Parliament.
2306 3166 30 5 —
2336 3156 23 20 It
2367 3157 80 26 maybe
2457 3157 36 20 in-

1897 3183 103 26 teresting
2009 3185 22 18 to
2041 3189 41 14 our
2091 3183 83 20 readers
2185 3184 22 19 to
2217 3185 61 23 state,
2291 3189 27 14 on
2329 3184 37 20 the
2375 3190 37 14 eve
2421 3184 26 21 of
2456 3185 37 20 the

1896 3211 144 25 forthcoming
2054 3211 86 25 general
2153 3210 98 26 election,
2263 3211 37 20 the
2309 3211 90 21 number
2411 3212 26 20 of
2449 3212 44 20 dis-

1897 3238 106 20 solutions
2012 3238 25 20 of
2051 3238 127 20 Parliament
2187 3238 70 20 which
2266 3239 54 20 have
2329 3239 103 21 occurred
2440 3239 53 21 dur-

1896 3266 38 25 ing
1939 3267 37 19 the
1981 3265 42 21 last
2030 3265 73 21 fifteen
2112 3272 68 19 years.
2210 3266 20 19 A
2235 3266 128 20 dissolution
2369 3267 51 21 took
2426 3267 64 26 place

1896 3293 24 20 in
1930 3293 125 24 December,
2066 3293 63 24 1826,
2141 3293 21 20 in
2169 3293 37 20 the
2211 3294 61 25 reign
2277 3294 25 20 of
2308 3294 34 20 his
2348 3294 43 21 late
2397 3295 96 26 Majesty

1897 3321 83 26 George
1990 3321 38 20 IV.
2037 3328 6 17 ;
2059 3321 91 20 another
2162 3321 103 20 occurred
2277 3321 24 21 in
2315 3321 60 27 July,
2390 3323 63 24 1830,
2467 3323 25 20 in

1896 3354 147 21 consequence
2054 3348 25 20 of
2090 3349 37 19 the
2143 3349 62 19 death
2214 3348 25 20 of
2252 3349 82 26 George
2343 3349 39 21 IV.
2390 3357 6 16 ;
2411 3357 14 13 a
2433 3349 59 21 third

1896 3377 128 19 dissolution
2033 3382 42 14 was
2084 3376 95 20 resolved
2190 3382 28 14 on
2232 3375 29 27 by
2270 3376 52 21 Earl
2333 3377 76 27 Grey's
2416 3377 75 20 minis-

1896 3406 43 24 try,
1956 3403 23 21 in
1989 3404 69 25 April,
2078 3404 63 24 1831,
2155 3403 22 20 in
2192 3410 144 20 consequence
2346 3404 25 21 of
2385 3405 37 20 the
2436 3411 55 14 non-

1896 3437 86 14 success
1993 3432 23 19 of
2028 3432 37 19 the
2079 3437 46 14 new
2140 3430 87 21 Reform
2240 3431 51 26 Bill,
2306 3432 43 20 this
2364 3432 127 21 dissolution

1896 3465 42 14 was
1957 3458 124 21 considered
2099 3465 14 14 a
2130 3464 51 20 coup
2200 3459 75 21 d'etat.
2304 3459 128 21 Parliament
2449 3466 42 13 was

1896 3486 62 26 again
1972 3486 105 21 dissolved
2086 3489 22 18 at
2122 3486 37 21 the
2167 3486 59 21 close
2234 3487 26 20 of
2271 3486 36 21 the
2322 3493 51 21 year
2383 3488 61 23 1832,
2454 3486 35 21 for

1897 3514 37 20 the
1939 3520 93 20 purpose
2038 3514 25 20 of
2070 3514 79 26 having
2155 3520 12 13 a
2173 3514 74 21 House
2258 3514 24 21 of
2288 3514 114 21 Commons
2409 3514 80 21 elected

1896 3542 114 26 according
2016 3544 23 17 to
2047 3542 37 19 the
2090 3542 120 25 provisions
2216 3542 24 20 of
2247 3542 37 20 the
2293 3549 44 13 new
2345 3542 86 20 Reform
2438 3542 49 20 Act.

1896 3569 45 20 The
1956 3569 48 20 first
2018 3569 106 20 reformed
2143 3569 127 20 Parliament
2286 3570 67 19 lasted
2362 3573 46 20 two.
2420 3575 68 20 years,

1896 3596 78 26 having
1983 3597 52 20 been
2050 3597 105 20 dissolved
2168 3597 24 19 in
2202 3597 124 24 December,
2338 3597 61 22 1834,
2413 3596 29 26 by
2453 3596 36 20 the

1895 3630 47 14 new
1957 3624 109 26 Ministry,
2078 3624 25 20 of
2115 3624 68 20 which
2193 3624 35 20 Sir
2244 3624 80 20 Robert
2338 3624 49 20 Peel
2400 3630 42 14 was
2453 3624 36 20 the

1897 3651 103 21 Premier.
2029 3651 34 20 Sir
2080 3651 81 21 Robert
2176 3651 69 21 Peel's
2265 3651 127 21 Parliament
2408 3651 83 21 existed

1894 3679 67 19 about
1971 3681 40 17 two
2021 3685 61 19 years
2092 3679 42 20 and
2144 3686 12 13 a
2164 3679 52 23 half,
2228 3679 60 19 when
2301 3679 18 19 it
2328 3684 59 14 came
2393 3681 24 17 to

1894 3706 99 23 Ultimate
2095 3707 23 19 in
2133 3712 143 20 consequence
2289 3705 25 20 of
2327 3706 38 20 the
2383 3705 106 21 lamented

1894 3733 80 21 demise
1981 3733 25 21 of
2012 3734 34 20 his
2056 3735 42 19 late
2109 3733 91 26 Majesty
2208 3733 92 20 William
2308 3733 37 19 the
2353 3733 88 20 Fourth.
2467 3733 22 20 It

1894 3761 44 20 will
1948 3761 50 20 thus
2007 3761 26 20 be
2043 3767 49 14 seen
2103 3761 47 20 that
2159 3761 36 19 the
2205 3766 86 19 average
2298 3760 98 20 duration
2404 3760 25 20 of
2435 3761 53 20 each

1895 3788 25 20 of
1938 3789 38 19 the
1990 3788 32 20 six
2039 3788 138 20 Parliaments
2186 3788 69 20 which
2272 3788 52 20 have
2338 3787 53 21 been
2407 3788 82 20 elected

1894 3816 56 20 from
1962 3817 53 19 1826
2029 3817 26 19 to.
2064 3817 55 19 1837
2132 3815 108 24 inclusive,
2256 3821 42 14 was
2312 3817 38 18 not
2360 3822 58 14 more
2435 3816 52 20 than

1894 3845 42 18 two
1951 3850 60 19 years
2025 3843 42 20 and
2076 3843 49 20 four
2134 3843 85 19 months
2230 3842 76 27 (under
2315 3845 42 18 two
2371 3849 60 20 years
2445 3844 43 20 and

1894 3876 12 14 a
1915 3869 66 28 half).
2011 3871 45 19 The
2070 3872 85 25 present
2166 3869 133 26 Parliament,
2310 3870 20 20 if
2337 3870 114 25 dissolved,
2463 3878 24 14 as

1893 3897 19 21 it
1927 3898 19 20 is
1963 3898 107 26 expected,
2087 3897 23 20 in
2124 3904 13 13 a
2152 3897 57 21 week
2223 3904 24 14 or
2261 3899 49 24 two,
2326 3897 42 21 will
2379 3900 37 18 not
2434 3898 57 21 haver

1892 3925 69 20 lasted
1971 3925 48 20 four
2032 3931 60 20 years
2100 3932 5 17 ;
2121 3925 18 19 it
2148 3925 37 20 has
2196 3928 32 17 sat
2237 3925 76 27 during
2324 3926 49 23 four
2387 3926 99 26 sessions,

1892 3952 112 26 including
2012 3953 37 20 the
2058 3956 87 22 present
2155 3958 47 15 one.

1322 1401 43 24 We
1377 1409 39 16 are
1426 1401 109 25 indebted
1546 1407 23 19 to
1581 1402 40 24 the
1637 1402 93 32 Sydney
1748 1403 89 25 Herald
1854 1405 24 23 of

1289 1434 36 24 the
1346 1434 58 25 17th
1426 1435 144 31 September,
1589 1436 37 23 for
1643 1437 40 23 the
1704 1437 116 32 following
1835 1445 41 16 ex-

1288 1473 69 19 tracts
1369 1468 61 23 from
1443 1468 102 32 English
1553 1477 83 24 papers
1645 1478 6 15 :—:
1653 1482 36 4 —

1320 1508 38 31 By
1370 1507 39 24 the
1428 1509 82 23 arrival
1523 1509 27 23 of
1572 1510 39 22 the
1623 1509 90 23 Gilbert
1732 1509 142 31 Henderson,

1288 1541 58 24 from
1355 1541 134 31 Plymouth,
1503 1550 30 15 on
1545 1542 39 23 the
1598 1543 58 23 15th
1668 1543 68 29 June,
1749 1552 33 15 we
1795 1552 36 15 are
1835 1548 41 27 put

1288 1576 22 22 in
1322 1576 131 31 possession
1466 1576 25 23 of
1506 1583 82 24 papers
1601 1584 30 23 up
1642 1580 24 20 to
1675 1576 49 24 that
1734 1577 59 24 date.
1828 1578 47 23 The

1288 1607 124 32 Plymouth
1433 1606 101 32 Herald,
1555 1617 53 23 says
1616 1618 5 15 :
1623 1622 34 4 —
1682 1610 52 23 The
1752 1611 78 23 debate
1846 1619 29 16 on

1289 1642 37 23 Sir
1337 1642 91 24 Robert
1440 1642 78 23 Peel's
1530 1644 88 22 motion
1630 1643 26 23 of
1678 1648 62 19 want
1759 1644 25 23 of
1807 1644 65 24 confi-

1289 1675 68 24 dence
1369 1675 26 23 in
1406 1675 129 30 Ministers,
1555 1677 147 23 commenced
1714 1686 29 15 on
1757 1677 116 32 Thursday

1289 1710 103 29 evening,
1405 1708 39 24 the
1455 1709 60 24 28th
1527 1709 52 30 ult.,
1603 1710 45 23 and
1659 1718 47 15 was
1718 1711 117 23 continued
1845 1719 30 15 on

1289 1742 92 32 Friday,
1394 1741 65 25 when
1471 1742 39 24 the
1524 1743 81 24 House
1618 1743 125 31 adjourned
1755 1745 34 22 till
1806 1745 67 23 Wed-

1289 1776 92 31 nesday,
1394 1775 38 24 the
1445 1776 46 23 2nd
1513 1776 68 30 June,
1602 1778 44 22 and
1657 1778 18 22 it
1686 1778 20 22 is
1717 1782 41 19 not
1771 1779 103 30 expected

1289 1814 21 18 to
1322 1809 29 24 be
1363 1809 124 23 concluded
1498 1809 36 24 for
1547 1810 87 23 several
1642 1810 64 31 days.
1743 1811 43 23 We
1795 1811 78 24 under-

1289 1843 72 30 stand,
1386 1842 60 24 from
1468 1842 38 24 tha
1530 1844 100 30 position
1659 1844 70 23 taken
1758 1845 29 30 by
1816 1844 59 24 Lord

1289 1876 106 30 Worsley
1395 1889 33 3 —
1430 1876 48 23 that
1489 1877 27 23 of
1531 1878 137 30 supporting
1678 1878 39 23 the
1731 1878 105 31 Ministry
1844 1887 28 14 on

1289 1909 43 24 this
1345 1910 112 31 question,
1471 1910 87 31 though
1571 1910 28 24 he
1618 1911 17 22 is
1656 1912 100 30 opposed
1778 1916 22 19 to
1817 1911 56 24 them

1289 1951 27 15 on
1329 1943 38 24 the
1377 1943 89 31 subject
1478 1943 25 23 of
1518 1943 39 23 the
1571 1944 61 23 Corn
1651 1944 93 30 Duties,
1764 1945 45 24 and
1820 1945 52 29 who,

1281 1980 25 19 at
1323 1977 22 22 is
1364 1976 120 30 supposed,
1505 1977 48 22 will
1574 1977 53 22 lead
1642 1978 85 23 -others
1750 1983 22 18 to
1791 1978 48 23 take
1859 1987 14 15 a

1289 2009 86 23 similar
1386 2009 66 23 stand
1469 2009 55 23 with
1542 2009 37 24 his
1598 2009 115 32 Lordship
1722 2020 7 20 ;
1750 2011 50 29 and,
1819 2011 54 24 from

1288 2042 37 23 the
1337 2042 138 24 declaration
1487 2043 26 22 of
1535 2043 49 24 Mr.
1605 2043 107 31 Ingham,
1727 2044 37 24 the
1776 2044 97 24 member

1289 2075 34 23 for
1334 2075 102 29 Shields,
1449 2076 49 23 who
1511 2077 74 23 stated
1598 2076 49 24 that
1657 2077 88 31 though
1763 2078 110 31 generally

1289 2109 134 31 supporting
1435 2109 38 24 Sir
1484 2109 91 24 Robert
1593 2110 66 29 Peel,
1678 2110 28 24 he
1726 2111 81 23 should
1825 2117 48 18 vote

1288 2142 34 24 for
1333 2143 121 23 Ministers
1471 2151 28 15 on
1513 2143 45 23 this
1578 2145 113 27 occasion,
1712 2152 26 15 as
1749 2145 29 22 he
1790 2145 37 23 did
1835 2151 39 18 not

1289 2175 103 24 consider
1403 2175 53 32 they
1468 2184 59 16 were
1547 2178 77 30 acting
1634 2178 222 31 unconstitutionally
1864 2188 6 19 ;

1289 2209 47 24 that
1353 2209 121 24 Ministers
1497 2210 47 23 will
1562 2210 58 24 have
1639 2218 13 16 a
1669 2211 114 31 majority.
1826 2212 47 23 The

1289 2242 61 25 Cora
1379 2242 75 30 Laws,
1480 2243 75 24 which
1588 2244 66 23 stood
1682 2244 35 24 for
1748 2245 124 23 considera-

1288 2277 46 23 tion
1353 2284 31 16 on
1402 2276 92 32 Friday,
1516 2277 38 23 the
1574 2277 42 24 4th
1628 2278 64 29 inst.,
1715 2279 47 22 will
1774 2279 53 23 then
1844 2279 29 23 be

1288 2309 102 29 debated,
1409 2310 45 23 and
1476 2310 20 23 if
1518 2310 122 24 Ministers
1664 2313 84 29 persist
1769 2313 24 22 in
1816 2312 54 24 their

1287 2343 205 25 recommendation
1511 2344 27 24 of
1560 2353 14 15 a
1594 2344 62 24 fixed
1676 2345 55 31 duty
1743 2346 26 23 of
1784 2348 35 21 Bs.
1832 2354 38 23 per

1287 2381 99 26 quarter,
1416 2376 54 32 they
1491 2378 48 23 will
1560 2378 59 23 have
1642 2386 14 15 a
1683 2378 64 31 large
1770 2379 102 32 majority

1287 2411 89 30 against
1387 2409 69 30 them,
1470 2411 66 23 when
1549 2411 53 31 they
1615 2411 46 24 will
1680 2411 87 24 disolve
1786 2413 86 23 Parlia-

1286 2448 62 19 ment
1359 2443 46 25 and
1415 2444 79 31 appeal
1506 2449 25 19 to
1543 2444 39 24 the

1319 2477 99 33 Captain
1430 2477 114 30 Tweedie,
1557 2482 23 19 to
1590 2479 76 22 whom
1677 2486 33 15 we
1721 2486 37 16 are
1771 2479 102 24 indebted

1286 2510 33 24 for
1330 2511 40 24 the
1381 2510 53 24 loan
1446 2512 25 23 of
1478 2512 88 23 several
1578 2519 90 24 papers,
1681 2512 95 24 informs
1787 2521 27 15 us
1827 2513 45 23 that

1282 2543 48 32 just
1346 2544 80 24 before
1443 2544 91 32 leaving
1555 2545 134 31 Plymouth,
1708 2554 62 15 news
1787 2546 85 25 arrived

1285 2577 46 24 that
1343 2578 40 24 the
1401 2577 122 25 Ministers
1534 2578 45 24 had
1591 2579 58 23 been
1659 2579 82 23 beaten
1759 2579 32 31 by
1802 2588 12 14 a
1826 2588 44 15 ma-

1282 2611 70 31 jority
1364 2611 27 23 of
1400 2611 70 24 ONE
1477 2613 30 22 .in
1518 2612 39 23 Sir
1574 2612 89 23 Robert
1682 2613 77 23 Peel's
1771 2614 80 23 motion
1862 2623 7 19 ;

1285 2645 43 23 and
1338 2645 52 23 that
1401 2653 14 15 a
1425 2646 133 23 retirement
1563 2645 61 23 from
1635 2646 73 29 office,
1720 2654 25 15 or
1753 2655 14 15 a
1778 2646 93 24 dissolu-

1285 2679 45 23 tion
1343 2677 26 25 of
1384 2678 143 24 Parliament
1543 2686 46 16 was
1602 2677 139 33 confidently
1758 2681 112 30 expected.

1285 2711 49 24 The
1347 2711 72 25 above
1438 2712 129 31 protracted
1586 2712 80 24 debate
1685 2712 46 24 had
1745 2714 127 23 occasioned

1285 2745 37 24 the
1332 2749 177 28 postponement
1520 2746 27 23 of
1560 2746 40 23 the
1614 2746 63 23 Corn
1694 2746 56 24 Law
1762 2747 108 31 question.

1317 2778 30 24 In
1370 2779 38 23 the
1432 2779 133 29 Commons,
1590 2779 48 24 Mr.
1663 2780 139 24 Scholefield
1818 2789 52 22 gave

1284 2813 73 23 notice
1377 2812 25 24 of
1423 2820 13 16 a
1454 2814 89 22 motion
1565 2813 131 31 respecting
1713 2813 39 24 the
1775 2818 96 20 extreme

1285 2845 94 25 distress
1397 2846 74 23 which
1486 2846 92 24 existed
1594 2847 25 22 in
1635 2846 40 24 the
1693 2848 179 31 manufacturing

1284 2879 108 29 districts,
1416 2879 45 24 aud
1482 2880 113 30 implored
1623 2880 39 23 the
1685 2880 84 24 House
1790 2885 40 19 not
1848 2886 23 19 to

1284 2917 102 27 separate
1397 2912 59 24 until
1468 2921 63 16 some
1543 2921 104 16 measure
1654 2914 37 23 for
1701 2914 31 24 its
1744 2914 128 24 alleviation

1284 2945 48 24 had-
1337 2947 60 23 been
1409 2946 99 25 devised.

1328 2980 74 24 Great
1429 2980 159 32 preparations
1621 2988 60 16 were
1710 2981 70 32 being
1809 2982 59 24 made

1284 3013 139 32 throughout
1433 3013 38 24 the
1490 3013 91 24 United
1592 3013 128 32 Kingdom,
1741 3015 24 23 in
1778 3015 37 24 the
1827 3015 39 23 full

1284 3046 142 32 expectation
1438 3046 49 24 that
1508 3055 14 15 a
1532 3048 94 30 general
1637 3048 97 23 election
1744 3048 74 24 would
1829 3048 39 24 im-

1283 3079 121 31 mediately
1416 3079 54 25 take
1480 3081 66 31 place
1557 3090 5 20 ;
1584 3081 39 23 the
1633 3089 83 23 papers
1727 3089 38 16 are
1776 3081 92 32 literally

1282 3113 42 23 full
1334 3114 26 24 of
1370 3112 178 33 electioneering
1558 3114 158 31 proceedings.

1315 3147 52 24 The
1379 3146 106 25 Duchess
1496 3148 25 23 of
1538 3147 67 24 Kent
1621 3148 46 23 and
1678 3148 38 23 the
1736 3148 82 24 Prince
1830 3148 38 24 and

1284 3179 106 25 Princess
1399 3180 25 24 of
1430 3180 130 32 Leiningen
1567 3181 47 23 had
1623 3181 123 24 embarked
1754 3186 23 18 at
1785 3181 83 25 Grave-

1283 3214 54 23 send
1348 3214 37 23 for
1397 3213 38 24 the
1449 3214 132 23 Continent.

1314 3246 152 32 Intelligence
1484 3248 49 23 had
1555 3248 59 23 been
1635 3248 105 24 recpived
1758 3248 57 24 from
1833 3248 35 24 the

1284 3279 87 25 United
1389 3280 77 24 States
1485 3286 25 18 to
1527 3281 59 24 12th
1597 3281 26 24 of
1644 3281 64 31 May.
1746 3281 51 24 The
1820 3282 48 32 only

1278 3321 63 19 .news
1349 3313 27 25 of
1383 3321 45 24 any
1435 3314 96 24 interest
1538 3323 46 15 was
1596 3323 30 15 on
1636 3314 41 24 the
1689 3314 89 32 subject
1789 3316 25 22 of
1824 3315 42 25 Mr.

1282 3347 110 24 M'Leod.
1409 3363 2 4 •
1429 3347 39 24 He
1486 3348 48 24 had
1553 3349 59 23 been
1632 3349 107 23 removed
1755 3349 59 24 from
1833 3349 35 24 the

1282 3380 101 32 Niagara
1396 3380 98 32 County,
1508 3385 24 19 to
1546 3382 57 23 New
1616 3381 75 29 York,
1708 3382 24 23 in
1744 3382 91 31 custody
1846 3383 24 23 of

1282 3414 36 23 the
1337 3414 94 29 Sheriff,
1451 3415 75 23 where
1538 3415 29 24 he
1579 3423 47 15 was
1635 3415 104 31 brought
1753 3423 32 24 up
1797 3416 71 24 before

1282 3447 36 24 the
1336 3448 114 31 Supreme
1463 3448 73 23 Court
1555 3456 29 16 on
1602 3448 39 24 the
1662 3448 43 24 6th
1724 3449 65 32 May.
1825 3449 42 25 His

1281 3481 91 23 counsel
1403 3481 81 24 moved
1511 3482 38 23 for
1575 3481 37 24 his
1632 3481 128 32 discharge,
1783 3491 30 16 on
1833 3483 35 24 the

1280 3514 89 31 ground
1381 3513 50 24 that
1449 3514 36 24 the
1498 3515 88 23 offence
1599 3515 100 31 charged
1717 3516 90 31 against
1825 3516 42 24 him

1281 3555 44 16 was
1336 3548 133 23 committed
1480 3548 74 23 under
1564 3548 41 23 the
1616 3549 116 31 authority
1739 3549 44 24 and
1796 3549 72 24 orders

1282 3580 24 24 of
1324 3581 39 24 the
1388 3580 102 24 Colonial
1513 3581 167 30 Government,
1704 3582 44 24 and
1768 3582 48 24 that
1833 3583 34 24 the

1282 3613 76 25 Home
1371 3613 158 25 Government
1535 3615 25 23 of
1568 3615 74 24 Great
1653 3615 91 24 Britian
1756 3615 44 24 had
1811 3617 56 24 since

1280 3647 56 32 fully
1345 3648 114 31 approved
1471 3648 26 23 of
1513 3648 31 23 its
1558 3649 131 25 execution.
1725 3648 25 24 It
1767 3657 45 16 was
1833 3658 33 15 ar-

1281 3682 84 30 ranged
1376 3680 31 31 by
1418 3681 38 23 the
1470 3681 88 31 Judges
1570 3681 119 31 presiding
1707 3682 24 23 in
1750 3682 38 23 the
1801 3683 66 24 Court

1282 3714 45 23 that
1346 3714 40 24 the
1398 3721 52 16 case
1470 3714 84 23 should
1565 3722 65 16 come
1643 3722 38 22 on,
1701 3723 30 15 on
1750 3715 115 32 Saturday,

1282 3747 35 23 the
1330 3747 67 28 15th,
1415 3747 44 23 and
1478 3747 112 24 therefore
1609 3748 19 22 it
1638 3748 21 22 is
1674 3752 41 19 not
1733 3749 134 31 improbable

1281 3780 38 24 but
1332 3780 51 25 that
1393 3780 40 23 the
1445 3780 124 23 Britannia
1581 3784 99 20 steamer
1691 3788 52 24 may
1755 3782 67 31 bring
1832 3782 34 24 the

1281 3814 77 24 result.
1395 3813 24 23 A
1430 3821 54 24 very
1495 3813 95 31 general
1607 3813 87 32 feeling
1704 3815 99 30 prevails
1812 3830 2 9 ,
1822 3815 45 24 that

1281 3846 26 24 he
1324 3846 48 25 will
1393 3846 29 23 be
1445 3846 155 32 immediately
1621 3846 119 30 liberated,
1762 3848 103 31 although

1281 3888 60 16 some
1353 3879 26 25 of
1398 3879 38 23 the
1454 3879 58 24 New
1524 3879 67 24 York
1612 3888 83 23 papers
1711 3888 59 16 were
1788 3881 77 24 endea-

1283 3914 93 29 vouring
1395 3917 22 18 to
1438 3913 58 23 raise
1508 3921 15 15 a
1542 3913 84 23 tumult
1645 3914 91 30 against
1752 3921 45 24 any
1814 3916 51 22 such

1280 3945 156 33 proceedings.
1471 3945 25 25 It
1510 3954 47 16 was
1569 3947 106 31 reported
1686 3946 50 25 that
1748 3955 13 16 a
1772 3955 92 17 conven-

541 31 102 33 THE
662 33 111 32 NEW
786 34 230 33 ZEALAND
1038 35 229 32 GAZETTE
1285 36 100 33 AND
1405 36 331 34 WELLINGTON
1758 39 288 32 SPECTATOR.

776 179 41 19 and
825 179 39 20 her
875 179 114 26 Offspring,
1000 179 26 26 by
1035 179 138 26 Legislation.
1197 180 11 9 v

928 212 46 22 No.
986 212 32 22 11.

878 119 202 24 REMARKS

685 154 26 16 On
722 154 35 16 the
766 154 100 19 necessity
880 154 28 19 of
912 154 122 19 protectiny
1052 154 37 18 the
1103 154 83 18 Female
1199 154 71 18 Whale

60 119 53 24 load
134 119 53 23 here
207 118 35 24 for
262 117 60 24 New
341 116 127 31 Plymouth
487 116 163 32 immediately.

59 153 46 22 We
113 151 139 24 understand
265 151 50 23 that
323 150 37 23 the
372 149 92 24 settlers
474 149 30 32 by
514 149 39 24 the
560 149 90 24 Amelia

60 184 125 31 Thompson
213 191 58 16 were
302 182 82 32 highly
406 182 109 24 charmed
534 182 56 24 with
613 182 37 24 the

59 224 140 25 appearance
210 216 26 24 of
250 216 40 24 the
302 220 104 26 country.

1910 123 48 23 tion
1974 123 44 23 had
2036 123 58 23 been
2113 123 83 32 agreed
2210 132 28 15 on
2249 125 36 23 for
2297 125 37 23 the
2345 126 56 23 final
2418 127 79 22 settle-

1910 160 64 19 ment
1984 156 26 23 of
2018 156 38 23 the
2068 156 125 25 Boundary
2206 158 121 23 Question.
2481 158 5 8 '

1943 196 41 31 Up
1997 200 21 19 to
2031 196 39 24 the
2082 196 41 24 sth
2137 196 25 24 of
2176 196 68 30 June,
2257 205 34 16 we
2310 203 77 25 regret
2397 203 23 19 to
2439 203 60 19 state

1909 228 50 24 that
1969 229 97 31 nothing
2077 229 45 23 had
2133 229 56 24 been
2203 230 69 23 heard
2279 230 26 23 of
2319 231 39 23 the
2364 231 132 25 President.

1910 261 72 24 Great
1994 263 137 23 excitement
2143 262 44 24 had
2204 263 59 24 been
2280 264 116 30 produced
2416 266 25 21 in
2460 264 39 24 the

1910 294 89 24 United
2006 295 84 29 States,
2098 296 24 22 in
2131 299 155 28 consequence
2294 297 25 23 of
2328 296 38 24 the
2373 296 125 25 Britannia

1908 327 86 31 having
2006 329 85 22 carried
2104 334 40 17 out
2160 337 30 15 no
2209 329 144 31 intelligence
2369 330 130 32 respecting

1910 360 38 24 the
1960 362 84 22 former
2056 361 101 24 ill-fated
2167 362 82 23 vessel.

1941 400 24 24 A
1983 408 62 19 man,
2066 402 83 22 named
2166 402 107 29 Darmes,
2294 402 45 24 had
2364 403 59 23 been
2442 411 56 15 con-

1908 433 98 24 demned
2033 438 23 19 to
2087 434 75 29 death,
2186 435 36 23 for
2246 435 107 31 shooting
2382 440 24 19 at
2425 435 74 25 Louis

1908 466 108 31 Phillipe.
2070 467 52 23 The
2147 472 106 19 sentence
2282 469 26 22 of
2330 468 39 24 the
2386 469 72 23 Court
2476 470 26 23 of

1908 499 72 24 Peers
1993 508 44 15 was
2050 500 50 23 that
2112 501 29 22 he
2152 501 27 22 be
2192 501 125 23 conducted
2335 506 24 19 to
2378 502 38 23 the
2433 503 67 33 place

1908 532 25 23 of
1953 534 129 28 execution,
2103 534 46 22 and
2165 534 114 31 punished
2298 542 24 15 as
2340 543 15 14 a
2376 535 121 31 parricide,

1906 565 99 31 namely,
2018 567 54 23 bare
2089 567 47 23 feet
2153 574 26 16 en
2199 567 102 28 chemise,
2327 567 44 23 and
2394 576 15 15 a
2431 568 69 24 black

1907 599 45 23 veil
1960 607 52 16 over
2023 599 37 24 his
2072 600 67 28 head,
2152 600 45 23 and
2207 600 56 23 then
2275 604 23 19 to
2305 600 29 23 be
2341 600 153 31 guillottined,

1906 632 74 24 which
1993 637 105 19 sentence
2110 639 46 18 was
2167 637 42 27 put
2220 634 48 22 into
2280 634 122 23 execution
2423 642 14 15 a
2454 634 46 24 few

1906 664 56 31 days
1975 666 142 24 afterwards.

92 267 51 24 The
158 268 85 30 barque
268 266 127 31 Clydeside,
417 267 69 31 Capt.
507 266 142 29 Mathieson,

58 301 88 24 arrived
164 308 29 15 on
209 299 105 31 Monday
327 300 60 23 from
403 299 38 24 the
464 300 79 31 Clyde,
565 299 84 31 having

57 333 72 25 called
146 337 24 19 at
180 332 118 30 Adelaide,
318 333 91 23 whence
426 333 42 23 she
480 333 72 23 sailed
569 341 30 15 on
612 333 37 23 the

57 366 59 25 28th
128 366 141 31 September.
307 366 58 23 This
384 367 19 22 is
416 366 39 23 the
466 366 83 29 vessel,
569 374 29 15 on
611 366 38 23 the

57 407 40 16 eve
109 400 26 22 of
141 399 38 23 the
189 400 122 31 departure
323 400 26 22 of
358 399 81 30 which,
456 407 14 15 a
478 399 79 32 public
568 399 81 23 dinner

56 440 46 16 was
113 433 68 30 given
188 436 24 20 at
219 432 118 31 Glasgow,
349 432 39 24 the
396 433 136 31 particulars
542 432 26 24 of
574 432 75 24 which

56 473 34 17 we
99 465 118 24 furnished
226 473 62 16 some
298 467 55 22 time
366 466 71 24 since.
483 465 49 24 Mr.
544 466 103 23 Mathie-

58 507 49 20 son,
117 498 39 24 the
168 506 74 16 owner
254 499 45 23 and
311 498 51 32 ship
374 499 97 28 builder,
484 499 19 23 is
515 506 83 24 among

56 539 145 24 passengers,
219 532 45 23 and
274 540 35 15 we
320 532 57 23 have
389 532 58 24 little
459 532 71 23 doubt
541 532 68 23 when
618 531 29 24 he

56 566 43 23 has
110 565 54 23 time
177 569 22 19 to
212 565 106 23 examine
329 572 41 16 our
477 564 29 24 he
519 565 46 23 will
583 569 65 19 enter

56 605 62 25 upon
135 597 37 24 his
184 598 129 31 profession
330 605 84 24 among
424 606 28 15 us
465 598 53 23 with
531 606 14 15 a
562 599 85 22 certain

55 635 105 28 prospect
173 631 24 23 of
212 631 68 31 profit
292 636 24 18 to
332 631 99 30 himself,
453 631 46 23 and
519 631 86 31 adding
623 636 23 19 to

55 664 39 24 the
104 664 139 30 importance
255 664 25 23 of
288 664 39 24 the
339 664 62 24 trade
411 664 26 24 of
443 672 42 16 our
496 664 107 25 harbour.

2019 736 364 24 MISCELLANEOUS.

88 715 98 24 Messrs'.
199 715 73 24 Wade
283 715 60 24 have
354 723 14 16 a
378 721 55 26 very
443 717 47 22 fine
501 716 113 23 schooner
624 715 24 24 of

55 749 68 23 about
128 750 32 22 53
172 753 50 19 tons
230 749 109 29 burthen,
349 757 30 15 on
386 749 38 25 the
432 750 79 23 stocks
521 750 124 23 afWade's

55 786 67 19 town.
159 781 48 24 She
223 783 20 22 is
262 782 111 32 expeGted
385 786 22 20 to
419 783 29 23 be
466 783 114 24 launched
592 784 25 23 in
633 791 14 16 a

54 816 43 22 few
107 814 86 24 weeks.-

97 865 44 24 We
170 873 38 17 are
231 867 106 30 gratified
356 871 23 19 to
395 867 64 24 -hear
483 867 51 23 that
555 868 89 23 several

53 899 129 31 gentlemen
192 899 58 24 have
262 900 113 32 arranged
393 901 137 31 alternately
548 905 24 19 to
590 901 54 23 read

52 940 94 24 prayers
167 937 22 19 at
210 932 44 25 the'
268 933 166 30 Court-house,
452 942 70 23 every
540 934 103 31 Sunday,

54 971 23 19 at
90 968 12 22 1
108 968 10 22 1
132 966 97 29 o'clock,
238 967 24 23 in
273 967 41 23 the
326 967 96 23 absence
436 967 26 24 of
484 975 13 15 a
509 967 135 31 clergyman

54 999 26 24 of
93 998 38 25 the
144 999 93 24 Church
249 1000 25 23 of
290 1000 117 31 England.

1299 118 70 22 whale
1379 118 66 21 could
1454 122 39 18 not
1504 119 84 22 exceed
1598 126 14 15 a
1621 120 42 21 few
1673 120 56 27 days
1735 128 5 19 ;
1757 120 37 22 the
1804 120 78 23 animal

1299 144 116 22 measured
1424 146 27 20 10
1459 145 45 22 feet
1511 146 66 26 long:;
1592 146 39 21 the
1640 149 87 24 parent,
1738 146 20 22 if
1762 147 12 21 I
1783 146 99 22 recollect

1299 171 53 27 well,
1368 177 45 16 was
1427 172 46 21 ako
1490 172 127 26 destroyed,
1633 172 41 22 but
1690 172 38 23 the
1746 173 79 22 baleen
1837 181 45 14 was

1298 196 34 23 the
1343 196 55 28 only
1407 198 101 26 product,
1520 198 37 21 the
1568 199 94 22 blubber
1672 199 109 27 affording
1796 207 29 14 no
1837 200 29 21 oil
1874 208 5 17 ;

1297 223 59 28 thus,
1372 224 35 21 for
1417 231 38 20 say
1466 232 12 14 a
1487 228 40 18 ton
1543 225 26 21 of
1581 225 80 22 baleen
1675 226 70 21 worth
1757 226 81 26 (taking
1851 226 30 22 all

1298 250 35 22 the
1343 250 83 26 round)
1434 254 39 18 not
1481 258 65 15 more
1552 251 54 22 than
1615 252 62 22 £100
1686 260 24 14 or
1715 252 62 23 j6150
1786 253 93 27 sterling,

1297 283 11 15 a
1318 276 82 23 female
1409 276 70 23 whale
1489 278 47 21 and
1546 278 40 21 her
1597 278 107 28 offspring
1711 286 60 15 were
1786 279 94 28 destroy-

1298 303 32 22 ed.
1358 303 49 22 The
1424 304 70 21 above
1511 304 155 23 observations
1682 306 67 27 apply
1765 305 75 28 chiefly
1858 309 22 19 to

1296 329 61 23 those
1373 330 84 27 species
1475 330 26 21 of
1510 331 40 22 the
1565 331 84 22 whales
1661 332 115 27 generally
1785 332 95 22 denomi-

1296 358 67 21 nated
1379 356 38 22 the
1435 356 104 28 balcenoe,
1558 365 26 14 or
1600 358 83 23 whales
1703 358 125 28 furnishing
1842 359 38 22 the

1297 382 99 28 peculiar
1404 384 118 21 substance
1532 384 80 22 baleen
1614 401 8 12 r
1631 385 45 22 and
1685 384 93 28 thereby
1786 386 94 21 remark-

1297 409 49 28 ably
1356 409 163 27 distinguished
1535 409 141 25 fforif'other
1685 416 124 18 cataceans.
1834 412 46 23 The

1296 443 72 20 sperm
1387 436 77 27 whale,
1485 444 26 14 or
1530 437 105 27 physeter
1656 438 179 28 macrocephalus
1857 440 26 21 of

1295 462 134 28 naturalists,
1440 463 73 22 differs
1526 464 124 28 extremely
1659 464 58 23 from
1728 465 37 22 the
1778 465 99 27 balance,

1296 490 43 22 and
1355 497 42 14 our
1414 489 133 28 knowledge
1565 491 26 21 of
1604 491 29 22 its
1649 495 107 24 anatomy
1769 492 43 22 and
1826 499 53 15 even

1295 516 88 22 natural
1390 516 83 28 history
1480 516 19 22 is
1509 516 46 22 still
1562 524 63 15 more
1630 517 106 23 deficient
1743 518 54 22 than
1804 518 44 23 that
1857 520 26 21 of

1295 542 35 23 the
1337 543 107 22 balcence.
1472 543 48 22 The
1531 544 97 22 number
1634 544 27 22 of
1667 545 84 27 species
1760 546 19 21 is
1789 546 90 27 entirely

1294 569 120 27 unknown,
1426 569 44 22 and
1479 570 38 22 the
1528 577 55 21 very
1591 570 50 23 best
1651 571 45 22 and
1711 571 68 22 latest
1788 572 91 28 descrip-

1294 596 57 22 tions
1360 596 28 21 of
1398 596 18 21 it
1431 596 53 22 read
1502 604 62 15 more
1580 597 47 22 like
1639 598 71 22 fables
1727 598 54 22 than
1798 603 81 18 correct

1294 623 129 22 narratives.
1451 623 48 22 The
1513 627 108 24 anatomy
1632 624 26 22 of
1671 632 43 14 one
1729 626 70 21 entire
1812 626 67 26 speci-

1287 656 58 16 ,men
1364 649 41 22 has
1424 657 68 14 never
1510 650 59 22 been
1588 651 67 26 given
1675 655 23 18 to
1718 651 39 22 the
1775 652 103 22 scientific

1294 676 68 23 world
1371 676 30 27 by
1411 683 13 14 a
1435 680 129 24 competent
1572 685 88 19 person,
1672 685 32 20 or,
1715 678 13 21 I
1738 685 51 21 may
1796 686 41 20 say,
1848 679 29 27 by

1294 709 43 20 any
1348 710 44 15 one
1399 710 6 20 ;
1421 703 45 22 and
1475 703 28 22 its
1512 704 92 26 general
1615 704 58 22 form
1687 704 19 22 is
1715 712 25 15 so
1750 705 73 27 novel,
1833 705 46 22 that

1295 729 10 21 I
1314 730 44 21 feel
1369 730 124 21 convinced
1503 737 14 14 a
1526 730 60 27 sight
1595 730 26 22 of
1627 730 48 23 him
1685 731 73 22 would
1769 732 68 27 please
1848 739 28 15 an

1286 757 118 22 •excellent
1414 756 73 22 friend
1498 757 46 21 and
1558 757 74 22 fellow
1649 757 108 26 Colonist,
1774 758 49 22 who
1835 759 42 22 will

1293 784 86 21 trouble
1391 783 93 22 himself
1487 783 71 22 about
1566 784 97 27 nothing
1672 784 76 23 unless
1757 785 18 21 it
1783 785 19 22 is-

1292 809 68 28 fectly
1494 810 23 21 A
1536 810 59 27 good
1619 812 120 21 anatomist
1758 812 72 21 would
1849 812 28 22 be

1292 837 94 27 puzzled
1396 840 22 18 to
1428 836 133 30 distinguish
1572 837 37 22 the
1619 845 71 20 upper
1699 838 58 22 from
1767 838 37 22 the
1813 838 65 23 lower

1293 864 129 21 surface*of
1435 863 36 22 the
1489 864 102 21 cranium
1600 864 5 21 !
1635 864 30 22 In
1682 872 13 14 a
1708 873 58 19 copy
1776 866 25 21 of
1813 866 65 22 Gold-

1292 890 86 22 smith's
1388 890 123 21 Animated
1527 890 94 28 Nature,
1631 891 119 27 published
1760 899 23 14 so
1800 892 38 23 late
1854 901 23 14 as

1293 918 58 26 1828,
1364 924 45 19 you
1420 917 44 21 will
1473 917 49 22 find
1532 917 49 22 that
1590 917 38 22 the
1643 925 74 20 sperm
1729 918 68 22 whale
1807 919 18 22 is
1833 920 45 22 said

1283 943 32 22 Ito
1325 943 59 22 have
1395 951 59 14 some
1465 947 44 18 two
1527 951 25 14 or
1569 944 62 22 three
1649 948 38 18 ton
1705 946 26 21 of
1741 946 74 21 brains
1824 946 6 21 !
1839 946 38 22 the

1292 970 79 23 author
1381 970 108 27 asserting
1498 970 50 21 that
1557 971 39 21 the
1611 972 132 26 spermaceti
1761 972 18 22 is
1795 972 83 23 neither

1291 1004 60 15 more
1371 1004 43 14 nor
1431 997 44 21 less
1493 997 57 22 than
1568 998 39 21 the
1621 998 77 22 brains
1717 999 26 22 of
1755 999 37 22 the
1810 1000 66 23 brute.

1292 1024 52 21 And
1352 1026 46 25 yet,
1411 1023 52 22 with
1473 1023 43 22 this
1533 1031 119 15 enormous
1662 1033 60 14 mass
1732 1026 26 21 of
1769 1025 36 22 the
1815 1026 62 23 intel-

1290 1050 82 23 lectual
1383 1057 69 20 organ
1467 1051 63 26 (man
1540 1051 40 22 has
1597 1052 53 26 only
1661 1052 68 22 about
1741 1054 27 24 3J
1778 1052 48 27 lbs.,
1835 1054 43 21 and

1290 1084 87 15 women
1395 1077 68 22 about
1478 1085 13 14 a
1505 1078 78 26 pound
1592 1078 62 27 less),
1665 1078 41 23 has
1722 1084 40 17 not
1772 1080 106 22 sufficient

1291 1111 95 20 courage
1397 1106 22 19 to
1432 1104 75 21 attack
1517 1111 30 15 an
1562 1112 82 20 enemy
1645 1117 28 4 —
1675 1113 24 14 or
1708 1113 72 20 sense,
1791 1106 42 23 like
1842 1108 35 21 Sir

1290 1131 60 22 John
1371 1130 26 21 of
1412 1131 44 26 old,
1473 1134 22 18 to
1510 1138 43 15 run
1566 1139 70 19 away.
1671 1132 48 22 The
1736 1133 92 22 females
1838 1141 39 15 are

1290 1158 47 21 said
1346 1162 24 17 to
1382 1157 69 22 breed
1466 1161 22 18 at
1498 1158 31 21 all
1543 1165 98 21 seasons,
1652 1159 126 27 producing
1786 1167 37 14 one
1831 1165 20 18 at
1863 1169 14 14 a

1290 1184 58 27 time;
1355 1183 40 23 the
1402 1184 76 34 period
1482 1185 27 21 of
1515 1188 111 23 gestation
1631 1186 18 21 is
1658 1186 97 28 entirely
1760 1187 115 23 unknown.

1289 1211 68 22 Their
1372 1210 87 22 habitat
1475 1211 18 22 is
1509 1212 48 21 said
1574 1216 23 17 to
1612 1212 26 22 be
1656 1212 38 22 the
1713 1214 164 23 unfathomable

1290 1245 76 21 ocean,
1377 1242 40 17 not
1427 1238 52 27 only
1489 1238 36 21 for
1534 1239 61 27 food,
1602 1239 40 22 but
1652 1240 77 22 whilst
1735 1240 83 29 having
1825 1242 52 22 their

1289 1271 83 21 young.

1823 1295 26 22 K.

1406 1347 199 25 ENGLISH
1628 1349 132 24 NEWS.

109 1057 92 23 LATE
214 1057 121 23 HOURS
349 1058 45 22 OF
406 1057 178 23 BUSINESS.

56 1092 29 18 To
95 1092 35 18 the
139 1092 76 18 Editor
225 1092 27 23 of
261 1092 35 18 the
334 1092 53 19 New
399 1092 96 18 Zealand
505 1092 88 18 Gazette
602 1092 41 19 and

209 1118 127 25 Wellington

87 1147 53 28 Sir,
141 1158 36 4 —
177 1145 51 24 The
243 1151 89 25 system
344 1146 25 23 of
383 1146 89 31 closing
490 1146 70 32 shops
579 1150 24 20 at
615 1154 28 15 an

52 1179 62 31 early
125 1179 58 24 hour
189 1202 3 3 .
200 1179 42 23 has
256 1179 25 23 of
296 1179 47 24 late
362 1179 59 24 been
438 1179 91 32 rapidly
548 1181 95 30 gaining

51 1213 88 31 ground
156 1213 25 23 in
192 1212 117 32 England,
327 1212 45 24 and
387 1220 29 16 on
428 1213 61 29 trial,
507 1221 26 15 as
544 1213 35 23 far
591 1221 26 15 as
630 1213 13 24 I

52 1254 42 15 can
111 1247 72 28 learn,
207 1246 40 24 has
268 1245 85 32 always
377 1246 57 24 been
458 1246 108 24 attended
588 1247 55 23 with

53 1287 100 16 success.

85 1313 57 23 This
156 1312 88 31 Colony
256 1313 19 23 is
293 1317 39 27 yet
349 1313 25 23 in
385 1313 30 23 its
426 1313 101 31 infancy,
546 1313 42 24 but
605 1313 38 25 the

50 1346 132 24 intolerable
189 1364 3 5 .
200 1346 44 23 and
256 1346 87 23 slavish
353 1351 87 26 system
453 1347 26 23 of
495 1346 100 32 keeping
605 1347 38 24 the

50 1380 108 23 assistant
175 1379 159 32 store-keeper
350 1379 46 24 late
414 1380 45 23 and
476 1380 63 31 early
558 1380 85 24 behind

50 1412 38 24 the
107 1417 100 25 counter,
226 1412 43 24 and
281 1412 32 32 by
325 1421 63 16 some
405 1413 160 32 unprincipled
582 1414 60 23 indi-

50 1446 94 29 viduals,
157 1454 57 16 even
225 1454 29 15 on
266 1445 39 25 the
313 1446 170 31 Sabbath-day,
497 1447 40 23 has
551 1447 92 31 already

50 1480 57 23 been
118 1479 137 31 sufficiently
267 1484 110 26 apparent
388 1489 6 20 ;
414 1480 45 23 and
471 1480 47 23 will
529 1480 29 23 be
573 1480 70 24 much

50 1513 72 23 easier
132 1512 115 24 remedied
258 1517 23 19 at
295 1512 47 24 this
358 1513 87 31 period,
459 1513 56 23 than
525 1513 19 23 it
556 1513 47 24 will
615 1514 28 24 be

50 1547 24 22 in
86 1555 14 14 a
110 1546 43 23 few
169 1553 73 24 years,
260 1545 68 24 when
339 1546 38 23 the
393 1546 53 31 City
459 1546 26 23 of
499 1546 144 32 Wellington

50 1588 52 22 may
113 1579 57 25 have
186 1579 94 24 become
297 1579 40 23 the
348 1584 65 27 great
424 1580 128 31 emporium
563 1580 26 23 of
603 1580 39 24 the

51 1612 107 25 southern
169 1612 154 32 hemisphere.

84 1646 13 24 I
114 1646 73 24 would
205 1646 115 31 earnestly
338 1646 45 24 and
400 1646 149 32 respectfully
567 1647 75 23 solicit

50 1687 66 24 every
127 1679 111 33 principal
256 1684 23 19 to
298 1679 55 24 take
370 1680 38 23 the
428 1684 85 19 matter
534 1681 48 22 into
605 1680 37 24 his

49 1714 86 23 serious
146 1713 168 23 consideration
322 1722 6 20 ;
348 1713 45 24 and
404 1713 20 23 if
439 1713 29 24 he
481 1713 84 24 wishes
575 1713 67 25 those

48 1747 24 22 in
91 1746 36 24 his
144 1746 90 32 employ
246 1751 22 18 to
287 1746 94 24 become
399 1746 76 24 useful
492 1746 115 25 members
620 1747 23 24 of

48 1781 93 30 society,
160 1781 44 22 and
223 1779 98 24 suitable
339 1780 35 23 for
386 1779 64 25 other
462 1788 112 23 purposes
586 1780 56 24 than

48 1814 86 30 merely
152 1813 107 31 standing
284 1815 31 22 12
328 1821 25 16 or
375 1815 31 22 14
426 1813 71 24 hours
520 1814 86 23 behind
629 1822 14 15 a

48 1852 101 24 counter,
161 1851 23 19 to
195 1851 67 27 grant
274 1846 62 24 them
346 1846 46 24 this
400 1847 103 23 valuable
512 1847 69 24 boon.
619 1847 24 24 It

48 1881 19 22 is
85 1880 54 23 with
157 1880 97 31 feelings
272 1880 27 23 of
315 1880 56 32 deep
390 1885 77 26 regret
485 1880 50 23 that
556 1880 12 24 I
587 1880 55 24 look

48 1922 61 23 upon
132 1913 40 24 the
191 1913 70 24 hours
283 1914 173 31 unnecessarily
476 1914 113 24 absorbed
612 1915 29 31 by

48 1947 113 29 business,
183 1955 25 16 as
234 1946 145 24 detrimental
401 1946 63 24 alike
484 1947 57 23 both
562 1952 22 19 to
603 1948 39 23 the

48 1980 59 30 body
118 1980 45 24 and
180 1985 23 17 to
221 1980 38 22 the
275 1980 73 28 mind,
361 1980 74 22 which
454 1980 74 30 might
544 1980 30 23 be
592 1988 50 15 em-

49 2013 81 30 ployed
152 2014 24 21 in
198 2012 136 30 cultivating
356 2011 45 24 and
423 2013 132 30 improving
575 2013 67 23 those

50 2045 84 23 mental
160 2053 88 23 powers
269 2044 77 24 which
368 2045 57 23 have
445 2046 59 22 been
526 2045 116 24 bestowed

51 2086 61 20 upon
122 2086 36 16 us.

83 2112 45 23 Let
143 2120 44 21 me,
208 2111 64 30 then,'
291 2111 46 23 call
353 2119 63 24 upon
434 2119 68 24 every
515 2120 43 16 one
576 2117 24 19 at
612 2113 30 23 all

49 2145 123 24 interested
182 2146 25 22 in
217 2145 46 23 this
274 2150 92 24 matter,
379 2150 23 19 to
414 2146 74 23 strain
495 2154 68 22 every
573 2154 69 15 nerve

50 2179 35 23 for
96 2180 28 22 its
136 2178 203 31 accomplishment
345 2187 5 20 ;
364 2179 32 23 let
406 2179 18 23 it
435 2178 59 24 have
501 2187 15 15 a
525 2179 45 23 fair
581 2180 60 29 trial,

51 2212 44 23 and
105 2212 20 23 if
140 2213 56 22 after
214 2220 14 15 a
238 2212 43 23 few
294 2212 94 23 months
403 2213 130 30 probation,
552 2213 18 23 it
588 2213 54 24 does

52 2250 40 19 not
105 2253 85 16 answer
208 2253 66 24 every
287 2246 134 23 reasonable
438 2247 154 30 expectation,
611 2247 32 23 let

51 2279 18 23 it
88 2280 28 22 be
138 2279 140 29 abandoned,
302 2279 47 23 and
370 2283 80 20 return
468 2280 69 30 again
555 2284 23 19 to
596 2280 46 24 late

52 2312 67 24 hours
131 2312 44 24 and
186 2312 127 24 exhausted
325 2314 113 29 energies.

85 2346 101 32 Hoping,
200 2346 48 23 Mr.
261 2345 92 30 Editor,
365 2346 50 23 that
425 2354 47 23 you
490 2346 47 24 will
554 2347 89 31 pardon

52 2379 37 23 the
99 2380 112 23 intrusion
219 2380 24 22 of
249 2380 46 23 this
309 2380 89 31 subject
404 2380 49 23 into
461 2388 57 23 your
528 2381 112 30 columns,

52 2413 43 23 and
106 2413 48 24 that
164 2413 64 23 these
241 2413 106 24 remarks
364 2421 54 23 may
427 2413 30 24 be
476 2413 39 24 the
525 2422 81 15 means
619 2415 24 23 of

52 2448 126 29 promoting
194 2446 39 24 the
250 2446 76 32 object
344 2454 25 16 so
381 2446 68 24 much
462 2447 87 23 wished
560 2448 36 24 for
610 2448 32 32 by

51 2479 37 24 the
98 2481 167 31 store-keepers
278 2481 26 23 of
311 2480 151 31 Wellington,

149 2513 14 24 I
175 2515 93 28 remain,
280 2514 47 29 Sir,

219 2547 66 24 Your
296 2547 94 24 humble
402 2552 100 26 servant,

51 2579 145 32 Wellington,
211 2581 102 23 October
327 2583 38 26 13,
381 2583 74 23 1841.
562 2582 34 24 H.
611 2583 27 24 S.

110 2638 229 25 POPULATION
357 2639 45 23 OF
422 2639 151 24 SYDNEY.

83 2671 51 24 The
148 2672 57 24 total
220 2672 98 24 number
338 2672 26 24 of
385 2680 97 24 persons
499 2674 80 23 within
599 2674 39 25 the

51 2704 114 32 boundary
187 2706 26 23 of
240 2705 95 32 Sydney
355 2707 20 22 is
395 2707 102 29 29,973,
516 2707 26 24 of
562 2707 76 25 whom

53 2738 86 29 17,332
151 2739 89 24 arrived
249 2739 58 30 free,
320 2740 45 24 and
376 2740 76 29 7,000
474 2748 58 16 were
543 2741 59 23 born
614 2742 24 24 in

50 2771 37 24 the
99 2772 94 32 Colony.
234 2775 76 27 3,356
321 2773 58 24 have
391 2773 81 24 served
483 2778 120 19 sentences
615 2776 25 23 of

50 2807 181 30 transportation,
254 2808 50 24 207
334 2806 55 24 hold
415 2806 125 24 tickets-of
564 2808 72 29 leave,

53 2840 69 27 1,018
135 2848 38 15 are
191 2841 101 22 convicts
311 2841 26 22 in
358 2840 158 24 Government
535 2841 101 32 employ,

51 2872 43 24 and
106 2875 73 27 1,060
189 2872 62 33 (537
261 2873 82 30 males,
355 2873 45 23 and
412 2875 51 23 523
473 2873 109 33 females)
598 2882 39 17 are

50 2907 96 23 convicts
157 2908 25 22 in
191 2907 88 31 private
291 2907 152 31 assignment.

92 2939 50 25 The
170 2940 89 24 district
287 2940 27 24 of
347 2940 102 31 Sydney,
478 2940 90 24 outside
596 2940 41 26 the

48 2970 121 35 boundary,
181 2974 118 31 including
316 2973 127 30 Newtown,
464 2973 92 33 Botany
576 2974 59 32 Bay,

50 3005 51 31 &c,
113 3008 100 23 contains
225 3008 70 24 about
307 3009 76 27 4,500
393 3016 6 20 ;
419 3007 99 32 making
528 3008 40 24 the
579 3009 58 23 total

49 3040 92 24 number
153 3041 26 23 of
191 3048 97 24 persons
299 3041 26 23 in
337 3041 38 23 the
389 3044 61 20 town
459 3040 45 24 and
511 3041 91 24 district
614 3042 26 24 of

50 3071 95 34 Sydney,
158 3075 101 29 35,507,
269 3074 26 24 of
310 3074 76 24 whom
397 3074 95 30 20,733
502 3083 40 15 are
554 3075 81 30 males,

50 3106 88 28 14,774
147 3107 103 25 females.

80 3139 50 25 The
156 3141 108 32 religious
280 3163 1 4 ,
293 3141 184 24 denominations
505 3149 39 17 are
580 3142 55 24 thus

48 3171 134 27 divided:—
183 3174 100 32 Church,
305 3175 26 24 of
371 3174 119 32 England,
525 3176 109 29 19,903;

48 3202 178 36 Presbyterians,
236 3210 75 27 3,565
320 3217 6 20 ;
340 3208 145 31 Wesleyans,
495 3209 51 26 937
553 3218 7 20 ;
570 3210 65 23 other

48 3238 128 26 Protestant
181 3241 144 30 Dissenters,
333 3242 63 28 973;
410 3241 57 24 total
479 3242 156 31 Protestants,

48 3274 88 28 24,978
146 3283 7 20 ;
182 3274 93 25 Roman
294 3275 126 29 Catholics,
440 3276 76 28 9,552
530 3284 7 21 ;
563 3276 72 30 Jews,

47 3305 48 26 476
103 3315 7 21 ;
127 3307 161 26 Mahometans
299 3309 47 23 and
356 3308 103 32 Pagans,
473 3310 58 23 101.

80 3339 123 27 Thereare
214 3344 76 27 5,392
301 3342 94 29 houses,
415 3342 27 24 of
463 3342 76 24 which
558 3344 77 28 3,714

48 3380 37 16 are
97 3378 62 20 stone
170 3382 25 17 or
206 3375 74 30 brick,
301 3376 46 23 and
367 3376 73 28 1,678
457 3376 96 24 wooden
563 3385 6 21 ;
586 3379 48 22 125

48 3404 56 31 (this
114 3407 101 25 includes
226 3409 77 32 places
316 3410 26 23 of
355 3409 109 32 worship,
475 3410 160 24 Government

47 3437 112 34 buildings
172 3441 64 33 &c.,)
248 3450 39 16 are
297 3443 159 24 uninhabited.

81 3472 29 24 In
130 3474 39 24 the
189 3476 79 31 parish
287 3476 26 24 of
340 3476 36 24 St.
396 3476 80 32 Philip
501 3477 64 24 there
595 3486 40 16 are

47 3506 71 28 9,838
139 3515 102 23 persons,
262 3509 47 24 and
329 3511 77 27 1,444
423 3509 86 25 houses
520 3519 6 21 ;
546 3511 26 24 in
594 3511 40 24 the

48 3540 75 29 parish
142 3542 26 22 of
190 3542 37 24 St.
251 3542 88 29 James,
360 3544 74 28 6,081
459 3552 105 23 persons,
588 3545 47 24 and

48 3573 47 23 802
111 3573 82 25 houses
204 3584 6 20 ;
229 3575 26 24 in
271 3575 41 24 the
327 3576 78 31 parish
417 3577 26 23 of
465 3577 36 24 St.
520 3577 112 31 Andrew,

47 3606 71 28 6,925
134 3615 102 24 persons,
257 3608 47 24 and
327 3611 75 27 1,232
421 3609 85 25 houses
515 3620 6 20 ;
541 3611 46 24 and
608 3613 25 23 in

47 3638 38 23 the
95 3641 77 29 parish
183 3641 25 24 of
223 3641 36 24 St.
279 3641 133 30 Lawrence,
431 3644 78 28 4,844
525 3651 106 25 persons,

48 3671 43 24 and
100 3673 47 25 767
159 3674 92 24 houses.

80 3705 50 24 The
147 3709 145 30 occupations
312 3716 38 15 are
369 3716 25 15 as
411 3708 103 26 follows:
516 3723 33 5 —
549 3711 83 25 landed

47 3740 141 30 proprietors,
212 3741 139 29 merchants,
372 3741 110 30 bankers,
502 3744 47 23 and
576 3752 56 23 pro-

47 3770 104 26 fessional
162 3782 60 21 men,
240 3775 49 25 707
299 3783 7 20 ;
326 3774 155 32 shopkeepers
501 3777 45 23 and
566 3778 66 23 retail

48 3803 91 31 dealers,
148 3806 48 26 798
204 3816 6 20 ;
224 3808 131 23 mechanics
363 3808 44 23 and
416 3808 119 30 artificers,
544 3811 86 29 4,178;

47 3838 127 29 gardeners,
211 3840 128 29 stockmen,
375 3841 46 23 and
454 3843 177 30 agriculturists,

49 3871 71 27 1,206
128 3881 7 19 ;
154 3872 110 25 domestic
273 3878 113 25 servants,
397 3876 36 27 3,1
440 3876 31 22 35
482 3884 6 20 ;
502 3875 66 24 other
577 3885 55 23 per-

48 3911 52 15 sons
112 3909 38 19 not
167 3905 104 25 included
291 3907 26 23 in
335 3907 38 24 the
392 3908 79 29 above,
495 3911 101 27 25,483.
598 3923 34 4 —

48 3933 89 35 Sydney
157 3937 102 26 Herald.
