2072 3868
198 452 33 21 •■r'f

13 565 36 32 Bi
72 573 127 32 Amberley

142 2016 56 16 con-

135 2047 62 24 little

172 2094 26 16 or

108 2127 89 22 relates
212 2124 16 13 *'

172 2173 26 16 as
229 2183 2 4 .

114 2203 84 24 Prince

13 2233 85 47 J^Hh
111 2243 24 23 of
157 2243 41 24 the

13 2274 86 43 {HBy
109 2281 89 24 evoked

104 2395 13 9 '*
151 2395 47 23 and

81 2432 66 30 quite
154 2441 31 15 an
188 2446 10 5 -

13 2462 185 47 H^^^leas-
209 2486 3 4 -
222 2476 9 5 '

167 2547 29 26 is,

132 2585 63 25 Ken-

153 2635 11 13 e
174 2629 22 21 a'

269 146 4 9 '
288 151 65 24 Here
365 160 35 15 we
412 152 62 24 have
485 155 26 22 to
522 155 110 24 consider
643 163 14 16 a
666 153 111 34 question
787 157 27 24 of

287 190 95 23 natural
393 190 92 29 growth
495 191 115 32 specially
622 193 100 25 suitable
735 196 24 22 to
768 195 40 24 the

287 227 83 31 genius
382 229 25 23 of
417 230 40 23 the
470 233 90 21 nation.
596 231 24 25 Ifc
631 233 45 23 has
687 233 121 25 advanced

288 266 56 25 with
363 268 41 24 the
426 277 111 24 progress
560 271 24 23 of
606 272 60 23 each
689 280 51 23 age,
764 273 48 25 and

287 308 136 31 multiplied
435 308 57 24 with
503 310 32 23 its
547 311 112 24 material
668 313 141 30 prosperity.

286 346 23 25 Ifc
320 347 21 24 is
353 355 14 16 a
386 347 74 31 living
482 356 83 23 power,
589 351 25 23 to
637 350 29 24 be
689 351 59 24 used
772 351 35 24 for

287 385 68 29 good,
365 393 20 16 O'
386 388 4 10 :
402 386 102 31 possibly
515 386 36 25 for
570 388 45 23 evil
626 395 6 21 ;
650 389 48 23 and
720 389 88 24 farsee-

288 422 42 29 ing
342 430 56 16 men
410 425 122 28 recognise
542 425 27 22 m
581 425 27 27 it,
627 425 70 24 based
720 426 92 30 though

289 458 20 25 it
320 458 29 25 be
358 466 32 18 on
400 460 43 24 the
456 460 133 25 relaxation
600 463 47 23 and
661 464 120 28 pleasures
788 463 28 24 of

290 498 40 24 the
341 499 92 30 people,
447 507 31 17 an
490 500 127 25 education
629 502 105 24 medium
744 503 26 24 of
779 510 33 17 no

290 544 72 16 mean
372 538 74 24 order.
481 539 37 23 Its
529 546 109 25 progress
655 540 26 24 m
704 541 40 24 the
767 543 47 22 last

288 578 100 28 century
400 576 43 25 has
455 578 60 24 been
528 579 39 23 the
575 586 82 18 means
666 579 26 25 of
700 581 113 30 teachiag

289 614 24 24 to
325 613 106 25 millions
443 614 26 24 of
477 616 93 30 people,
587 623 14 17 a
623 619 64 28 great
709 617 103 25 number

269 651 47 40 i^)f
325 651 61 24 facts
398 651 78 25 which
487 652 50 25 had
558 653 104 32 perhaps
685 655 129 25 otherwise

269 682 81 32 Pbeen
362 690 48 25 lost
432 692 25 23 to
480 691 76 24 them.
591 692 63 25 How
676 701 74 23 many
772 702 40 16 are

269 729 86 24 ■there
367 729 52 25 who
430 730 61 24 have
499 731 47 23 had
567 732 104 31 brought
693 732 73 25 home
790 734 24 23 to

367 769 26 23 m
405 776 30 17 an
447 769 201 27 understandable
660 779 101 17 manner
784 772 30 31 by

367 808 66 30 plays
446 808 42 24 the
499 811 130 26 costumes,
642 809 88 28 habits,
743 817 68 18 man-

374 846 47 24 and
443 849 105 23 customs
570 847 27 25 of
616 849 123 23 countries
766 849 50 24 and

432 883 61 25 than
505 884 64 24 their
579 893 53 16 own
641 887 11 22 ?
687 886 78 24 What
777 887 34 22 iti-

269 912 85 51 j^Bß
376 922 61 24 li&ve
461 923 56 32 they
539 924 59 24 thus
620 924 112 25 obtained
762 925 53 24 into

423 962 151 25 vicissitudes
585 963 27 25 of
617 963 47 29 life,
673 964 26 24 o*
706 965 110 30 passions

462 1002 47 23 and
520 1002 133 25 ambitions
664 1004 94 24 outside
776 1004 40 24 the

398 1047 70 24 scope
480 1041 26 23 of
524 1042 62 24 their
607 1050 52 17 own
680 1042 66 29 lives,
770 1043 47 24 and

383 1081 40 29 yet
433 1087 56 23 may
501 1080 48 24 and
561 1080 30 25 do
603 1081 84 25 mould
699 1082 42 25 the
763 1082 52 25 des-

374 1116 25 24 of
409 1124 57 16 men
475 1119 9 22 ?
517 1117 40 24 All
570 1118 48 24 this
627 1119 21 24 is
660 1119 123 25 education
784 1134 33 4 —

431 1153 26 25 m
475 1154 32 24 its
530 1155 84 25 widest
637 1163 78 22 sense,
738 1157 38 24 for
796 1157 21 24 it

421 1192 43 23 the
476 1193 148 30 sympathies
635 1193 49 24 and
707 1193 109 32 enlarges

269 1221 64 32 Hne
355 1228 152 25 intellectual
529 1237 80 23 grasp.
643 1230 55 24 And
722 1230 94 32 beyond

269 1256 82 37 Hhis,
363 1265 70 31 again
435 1280 29 4 —
466 1265 38 26 for
518 1267 68 25 these
608 1275 41 17 are
671 1268 147 32 advantages

412 1303 112 25 material
546 1305 51 24 side
598 1319 32 3 —
631 1305 66 25 there
718 1307 23 24 is
762 1307 55 24 that

389 1340 127 26 education
528 1341 27 25 of
571 1341 41 26 the
634 1343 79 26 heart,
736 1344 81 24 which

410 1378 40 26 the
463 1380 64 24 scale
538 1380 24 24 of
584 1381 103 24 creation
706 1380 31 26 all
761 1381 55 25 who

438 1418 25 22 to
472 1416 32 25 its
514 1418 146 31 sweetening
668 1419 142 25 influences.

409 1455 39 25 his
460 1455 77 32 place,
555 1457 128 29 therefore,
707 1461 110 30 amongst

381 1494 154 30 progressing
565 1494 77 26 forces
675 1496 42 25 the
751 1499 66 22 actor

380 1532 25 21 at
428 1531 43 23 the
494 1533 60 22 start
576 1532 29 24 be
628 1533 52 24 well
704 1533 112 26 endowed

269 1559 80 50 H^h
374 1575 66 17 some
473 1569 91 31 special
585 1577 101 24 powers,
717 1571 48 24 and
788 1573 29 29 by

415 1608 108 32 reading,
535 1610 49 23 and
602 1611 94 24 culture
707 1611 27 24 of
743 1619 73 24 many

269 1636 100 45 HPds,
383 1648 117 30 equipped
522 1648 38 24 for
581 1649 42 25 the
646 1650 66 24 work
736 1650 80 25 before

269 1685 87 32 ■hina^v
382 1686 38 24 No
431 1689 98 22 amount
541 1688 23 24 of
576 1689 107 31 training
694 1697 46 17 can
762 1691 54 30 give

269 1717 45 32 Ho
326 1717 98 32 aflense
431 1726 194 33 understanding
632 1730 48 22 and
689 1737 13 15 a
712 1729 103 32 clumsey

269 1764 176 31 ■personality;
455 1766 93 24 certain
558 1775 90 23 powers
656 1768 27 25 of
687 1768 128 32 quickness

269 1797 68 30 ■and
361 1803 161 32 spontaneity;
545 1805 57 29 and,
625 1813 32 17 on
680 1807 49 24 the'
744 1807 72 25 other

269 1833 95 37 hand,
376 1849 32 17 no
424 1843 87 31 genius
533 1851 46 18 can
600 1844 52 26 find
674 1846 34 26 its
729 1846 86 26 fullest

433 1882 102 25 without
544 1891 67 17 some
621 1884 193 33 understanding

325 1919 38 24 the
374 1919 131 31 principles
517 1921 47 24 and
576 1922 101 25 method
685 1922 27 25 of
716 1931 17 17 a
743 1924 69 23 craft.

269 1951 42 42 Jit
322 1958 22 24 is
356 1959 40 23 the
407 1962 85 21 actor's
503 1964 55 27 part
575 1962 26 23 to
621 1963 125 29 represent
765 1962 47 24 and

285 1996 116 31 interpret
413 1996 41 24 the
466 1996 66 26 ideas
544 1998 48 24 and
600 1999 119 24 emotions
727 1999 82 25 which

289 2035 42 23 the
342 2039 56 27 poet
409 2036 45 24 has
466 2037 101 29 created,
584 2038 48 24 and
644 2040 25 23 to
681 2039 30 24 do
723 2039 49 24 this
784 2039 30 24 he

288 2074 66 22 mast
366 2074 25 22 at
403 2073 40 24 the
454 2073 54 25 first
518 2074 63 25 have
592 2083 13 15 a
617 2076 45 24 full
675 2076 137 32 knowledge

290 2109 49 24 and
351 2110 186 32 understanding
556 2112 25 24 of
603 2112 73 24 them.
711 2113 60 25 This
793 2115 21 23 is

288 2149 25 24 m
336 2149 68 24 itself
431 2157 33 18 no
487 2159 55 23 easy
565 2151 61 25 task.
661 2152 24 25 It
707 2153 107 31 requires

290 2186 73 23 much
376 2187 71 31 study
458 2188 48 23 and
518 2189 73 24 much
603 2189 87 26 labour
702 2189 25 26 of
740 2199 75 24 many

290 2223 80 25 kinds.
403 2224 98 32 Having
512 2225 62 25 then
584 2227 115 30 acquired
709 2235 33 16 an
755 2228 60 29 idoa,

291 2261 40 24 his
342 2262 119 25 intention
474 2267 24 20 to
510 2263 64 24 work
585 2263 20 25 it
617 2268 42 21 out
666 2265 52 25 into
729 2265 87 32 reality

290 2300 68 23 must
367 2299 29 24 be
407 2303 44 28 put
461 2300 27 24 m
496 2300 74 30 force;
583 2302 49 24 and
642 2303 55 24 here
709 2311 50 16 new
771 2303 45 25 dif-

290 2336 105 25 ficulties
407 2345 55 23 crop
475 2345 31 24 up
518 2340 25 23 at
555 2347 70 23 every
647 2340 93 24 further
762 2343 52 29 step

292 2374 75 24 taken
375 2375 26 23 m
412 2375 113 26 advance.
559 2376 58 25 Now
631 2377 49 24 and
701 2378 73 31 again
796 2378 20 25 it

292 2411 92 25 suffices
396 2411 42 25 the
457 2415 55 28 poet
534 2414 26 23 to
584 2414 72 25 think
678 2416 47 23 and
748 2416 66 25 write

290 2448 28 24 m
329 2449 169 31 abstractions;
510 2450 45 24 but
577 2451 42 25 the
640 2454 88 23 actor's
751 2453 64 25 work

290 2486 22 24 is
324 2486 136 32 absolutely
471 2490 117 24 concrete.
621 2490 40 24 He
671 2490 21 24 is
713 2491 103 30 brought

291 2524 26 23 m
328 2532 69 24 every
409 2524 74 31 phase
492 2525 27 24 of
529 2525 38 25 his
578 2526 65 24 work
664 2527 52 25 into
738 2528 76 24 direct

290 2561 150 31 comparison
452 2562 58 25 with
530 2564 103 32 existing
656 2565 90 32 things,
767 2566 48 25 and

291 2601 64 22 must
403 2599 88 33 judged
504 2602 31 30 by
557 2602 41 24 the
618 2604 65 23 most
705 2604 111 31 exacting

291 2636 115 24 standard
417 2637 26 23 of
450 2638 124 24 criticism.
607 2639 50 25 Not
674 2641 57 30 only
749 2648 66 17 must

272 2698 2 2 .
289 2674 38 24 his
339 2676 66 24 dress
418 2676 28 24 be
457 2677 104 25 suitable
577 2680 26 22 to
615 2679 42 25 the
668 2685 55 25 part
735 2680 79 25 which

288 2714 33 24 he
333 2723 116 20 assumes,
462 2716 44 24 but
514 2717 37 23 his
562 2717 99 32 bearing
682 2720 67 23 must
770 2721 45 23 not

290 2753 27 25 be
330 2753 27 24 m
366 2761 47 24 any
424 2762 53 23 way
488 2757 163 30 antagonistic
662 2759 25 23 to
695 2759 42 23 the
746 2759 69 31 spirit

269 2784 47 35 Mfcf
325 2793 42 24 the
379 2793 61 25 time
450 2794 26 24 m
488 2795 79 25 which
578 2796 42 24 the
631 2797 57 31 play
698 2798 21 24 is
741 2798 72 27 fixed.

427 2834 99 32 bearing
548 2836 25 23 of
591 2836 42 24 the
652 2838 120 24 sixteenth
793 2839 21 24 is

401 2872 60 26 from
473 2874 43 24 tha
537 2875 101 25 artifical
661 2885 46 16 one
728 2878 27 24 of
772 2878 42 26 the

469 2912 41 25 the
522 2916 132 24 mannered
665 2923 45 18 one
725 2918 25 24 of
771 2918 43 24 the

455 2952 46 23 and
513 2952 42 25 the
567 2956 100 23 careless
678 2963 45 17 one
734 2956 26 24 of
772 2958 42 23 the

475 2991 54 24 And
536 2992 34 24 all
577 2993 48 24 this
632 2994 20 24 is
661 2995 66 30 quite
736 2997 77 23 exclu-

571 3033 112 30 qualities
706 3035 48 24 and
775 3036 37 24 m

548 3071 123 26 character
679 3076 133 28 represent-

269 3099 298 51 I^^^^^^^Hnust
579 3108 28 24 be
628 3110 139 25 modulated
788 3114 22 23 to

630 3150 51 24 The
704 3151 108 26 habitual

269 3179 357 51 B^^^^^^^^^^King
638 3197 44 23 age
692 3190 21 24 is
732 3191 78 25 dift'er-

638 3237 52 20 one;
702 3238 56 22 nay,
769 3231 40 24 them

617 3267 26 23 m
654 3269 50 23 real
714 3269 42 23 life
767 3269 42 25 the

572 3304 42 24 the
626 3305 70 30 body;
717 3307 49 23 and
777 3309 33 24 all

626 3352 31 16 on
669 3345 40 25 the
733 3348 76 29 stage,

597 3382 27 24 of
633 3383 42 24 the
686 3385 122 30 audience,

573 3421 84 25 3killed
669 3422 25 24 m
706 3424 101 33 history,

511 3576 65 25 HOLY
590 3578 190 26 FESTIVITY.

548 3672 26 24 of
581 3671 139 27 Melbourne
728 3673 57 25 held
793 3683 14 16 a

519 3711 54 32 day,
585 3712 37 25 for
633 3712 42 25 the
698 3714 109 25 laudable

555 3756 40 21 tne
605 3752 118 26 members
732 3754 26 24 of
764 3754 42 26 the

398 3788 79 30 rether,
506 3790 49 24 and
581 3791 138 33 promoting
748 3792 56 26 that

903 167 191 33 goodfellowship
1121 170 55 25 that
1187 171 86 26 should
1284 176 95 24 actuate
1390 175 32 25 all

903 206 26 25 of
938 214 14 17 a
964 207 77 25 trade.
1076 209 50 24 The
1138 210 132 27 Chairman
1292 214 52 24 said
1367 215 55 25 that

903 246 31 24 he
946 255 47 16 was
1003 247 55 31 glad
1066 251 24 23 to
1098 258 39 17 see
1144 252 56 23 such
1211 259 13 17 a
1231 254 89 30 capital
1329 258 93 29 cortege

900 289 101 28 present.
1035 288 24 25 It
1076 298 46 16 was
1144 298 54 24 very
1221 299 126 26 necessary
1369 295 53 23 that

901 325 64 25 these
977 327 141 32 gatherings
1129 329 87 26 should
1224 331 28 24 be
1264 334 55 23 held
1332 334 89 30 period-

901 363 78 30 icaliy.
1013 364 24 24 It
1050 373 47 17 was
1108 367 122 25 advisable
1242 370 54 24 that
1308 371 38 24 the
1368 379 54 23 pro-

902 401 88 26 fession
1002 404 83 24 should
1097 406 28 24 be
1153 406 103 32 brought
1284 410 77 24 closer
1388 413 36 22 to-

902 440 92 31 gether,
1006 442 36 25 for
1053 445 43 23 the
1111 452 101 24 purpose
1229 447 25 24 of
1275 449 149 30 exchanging

902 479 65 25 ideas
979 481 49 24 and
1039 484 130 31 arranging
1179 487 100 23 matters
1291 487 132 25 connected

903 517 59 24 with
982 518 63 25 their
1066 520 130 26 honorable
1218 524 93 31 Galling.
1345 526 38 23 As
1411 532 12 14 a

903 556 60 30 body
964 572 32 3 —
998 558 8 31 (
1014 557 56 26 hear
1082 559 58 25 hear
1149 561 8 31 )
1160 575 31 4 —
1192 562 31 24 he
1247 563 75 25 would
1343 567 81 28 repeat

902 595 50 24 it—
955 604 26 16 as
993 604 14 17 a
1019 598 59 31 body
1089 599 56 32 they
1167 607 62 18 were
1247 604 44 22 not
1312 605 111 29 properly

903 636 99 24 treated.
1037 638 52 25 The
1100 639 82 31 public
1194 640 41 25 did
1253 644 43 22 not
1317 644 107 23 consider

903 675 67 24 them
982 677 150 32 sufficiently.
1167 680 38 23 He
1216 682 119 26 regretted
1346 685 25 21 to
1393 682 28 24 be

903 712 92 31 obliged
1007 715 26 23 to
1049 715 46 23 call
1117 716 42 24 the
1181 719 120 24 attention
1324 719 22 24 of
1369 719 55 24 that

903 749 126 32 gathering
1039 753 25 23 to
1072 752 40 24 the
1129 754 122 32 unfeeling
1272 764 104 17 manner
1398 757 26 23 m

903 788 78 24 which
991 792 85 29 people
1087 792 100 24 insisted
1205 802 32 15 on
1249 795 75 31 dying
1334 804 63 22 upon
1410 804 14 15 a

905 826 125 33 Saturday,
1042 830 47 23 and
1098 832 107 31 wanting
1216 835 24 22 to
1252 834 26 23 be
1290 833 81 25 buried
1393 843 31 16 on

903 872 15 15 a
925 863 107 33 Sunday.
1066 867 50 24 The
1127 869 157 25 undertakers
1295 879 58 17 were
1370 873 56 23 thus

903 901 90 25 robbed
1004 903 27 23 of
1039 904 62 23 tbeir
1125 905 176 28 muqh-needed
1328 908 46 32 day
1402 908 26 25 of

904 941 58 22 rest
997 940 39 25 He
1058 941 105 32 thought
1185 946 51 22 that
1258 945 43 24 the
1320 946 106 25 Govern-

904 978 68 23 ment
983 977 87 25 should
1086 980 118 30 interfere,
1227 983 47 24 and
1292 986 45 28 put
1356 983 70 24 down

904 1013 49 26 this
962 1014 109 26 enforced
1094 1016 99 35 Sunday
1214 1020 104 31 trading.
1353 1021 71 32 Why,

904 1053 28 24 he
943 1054 80 30 asked,
1035 1056 70 24 could
1115 1059 45 23 not
1170 1066 15 16 a
1202 1066 55 17 man
1269 1060 53 24 who
1332 1061 92 25 wanted

904 1094 25 23 to
941 1093 38 25 die
990 1094 76 26 either
1077 1099 40 28 get
1125 1097 20 23 it
1156 1098 35 24 off
1200 1100 63 29 early
1274 1107 31 16 on
1325 1100 96 31 Friday,

904 1140 27 17 or
943 1134 47 23 else
1002 1138 117 28 postpone
1135 1136 20 24 it
1167 1137 38 25 till
1227 1138 104 31 Monday
1341 1139 12 23 ?
1385 1139 40 24 He

903 1180 50 17 was
964 1181 69 23 sorry
1044 1176 26 22 to
1081 1183 42 23 say
1134 1176 52 24 that
1198 1176 41 24 the
1250 1176 173 32 workingmen,

903 1209 55 25 who
985 1211 75 30 ought
1077 1215 25 21 to
1118 1212 70 25 know
1204 1214 76 24 better
1301 1223 59 16 were
1383 1215 42 24 the

903 1248 66 24 chief
976 1250 90 24 sinners
1077 1251 26 24 m
1115 1251 49 25 this
1175 1256 100 28 respect.
1309 1253 69 33 They
1386 1254 40 25 did

904 1286 20 24 it
930 1286 62 26 from
1004 1288 140 26 selfishness
1153 1290 47 25 and
1209 1291 215 32 class-prejudices.

905 1324 79 25 When
996 1333 15 16 a
1017 1326 107 32 working
1132 1334 59 18 man
1198 1336 50 17 was
1256 1329 73 32 going
1339 1331 24 23 to
1371 1338 56 23 pass

904 1362 26 23 m
942 1362 39 25 his
992 1362 88 26 ctecks
1090 1364 30 24 he
1130 1365 66 25 knew
1214 1366 53 25 that
1289 1367 36 24 his
1348 1369 78 24 mates

904 1402 79 24 would
993 1405 44 22 not
1049 1411 68 17 come
1133 1404 27 24 m
1179 1407 66 29 great
1267 1406 112 24 numbers
1402 1409 24 23 to

904 1441 39 24 his
953 1441 92 26 funeral
1056 1443 21 24 if
1086 1443 58 32 they
1156 1444 47 24 had
1219 1448 25 21 to
1265 1446 50 24 lose
1337 1446 56 24 half
1411 1454 15 17 a

905 1481 54 31 day,
970 1481 44 25 but
1027 1482 76 24 would
1123 1486 56 22 turn
1191 1486 40 22 out
1254 1486 83 31 stiong
1358 1493 31 17 on
1411 1494 15 16 a

906 1521 98 31 Sunday
1016 1524 25 21 to
1052 1529 47 24 any
1111 1523 49 24 free
1172 1524 74 25 show.
1280 1525 54 24 The
1350 1526 75 24 result

904 1557 22 24 is
937 1557 57 30 thin,
1006 1560 53 25 that
1075 1560 122 25 workmen
1214 1561 49 24 will
1286 1562 38 25 die
1346 1562 78 26 either

904 1603 56 24 very
966 1596 50 25 late
1024 1604 32 17 on
1064 1597 89 31 Friday
1164 1606 27 17 or
1207 1600 63 30 early
1286 1608 30 16 on
1341 1599 83 27 Satur-

904 1635 47 31 day
962 1637 50 30 just
1023 1639 26 22 to
1060 1637 62 30 spite
1133 1637 42 25 the
1186 1639 169 24 undertakers.
1372 1640 52 25 The

905 1674 108 25 Chemist
1032 1683 55 17 rose
1113 1678 26 23 to
1165 1679 110 29 respond,
1303 1679 49 24 and
1379 1687 46 16 was

903 1712 107 25 received
1021 1714 57 24 with
1090 1714 91 25 cheers.
1215 1715 39 25 He
1328 1717 53 24 that
1391 1716 32 25 he

903 1750 103 31 heartily
1028 1752 139 31 cooperated
1190 1753 60 25 with
1270 1754 42 24 the
1334 1754 87 26 under-

903 1788 80 25 takers
991 1797 26 17 as
1029 1789 36 26 far
1084 1798 27 17 as
1132 1791 32 24 he
1187 1791 79 25 could.
1299 1793 72 29 True,
1394 1793 32 24 he

904 1828 44 25 but
963 1828 129 32 dispensed
1114 1830 41 25 the
1183 1831 104 26 doctor's
1312 1833 115 31 prescrip-

903 1868 73 28 tions,
988 1869 49 24 and
1048 1869 119 25 therefore
1179 1871 71 24 could
1258 1874 45 21 not
1313 1873 72 23 claim
1397 1875 25 21 to

903 1907 29 24 be
943 1907 41 24 the
995 1908 76 31 prime
1084 1916 70 17 cause
1171 1910 25 24 of
1217 1910 42 25 the
1282 1910 146 32 flourishing'

903 1947 63 22 state
977 1945 27 28 oi
1012 1945 42 24 the
1065 1946 160 31 undertaking
1240 1948 77 25 trade.
1351 1948 73 25 Some

903 1982 93 31 qualms
1023 1982 27 25 of
1085 1984 232 25 conscientiousness
1354 1987 71 23 made

903 2022 113 24 sensitive
1032 2022 117 26 chemists
1172 2025 157 24 over-careful
1351 2025 73 25 about

903 2058 41 25 the
953 2060 50 24 sale
1010 2059 27 24 of
1042 2060 104 31 poisons,
1154 2060 44 26 but
1206 2062 29 24 he
1243 2062 8 31 (
1259 2062 42 24 the
1309 2063 99 30 speaker
1416 2063 8 31 )

902 2103 48 18 was
961 2100 44 21 not
1016 2104 47 18 one
1085 2098 25 24 of
1131 2098 76 25 these.
1242 2099 9 32 (
1258 2099 76 29 Hear,
1345 2100 79 33 hear.)

903 2133 38 25 No
953 2134 90 24 suicide
1054 2134 69 25 could
1134 2135 47 24 rise
1191 2137 43 23 out
1246 2136 27 25 of
1292 2136 37 25 his
1351 2145 72 23 grave

903 2171 49 23 and
963 2171 128 31 truthfully
1109 2180 42 23 say
1174 2173 56 24 that
1251 2175 29 23 he
1303 2173 48 26 had
1370 2182 55 17 ever

902 2207 61 25 been
980 2208 97 25 refused
1088 2216 15 17 a
1118 2209 53 25 feed
1198 2211 27 25 of
1277 2211 88 32 Rough
1391 2220 33 17 on

904 2244 63 26 Bats
977 2248 14 9 •'
1003 2248 27 24 at
1040 2247 37 24 his
1087 2246 70 31 shop.

903 2379 220 63 LOCAL
1125 2379 42 63 and
1162 2382 262 59 GENERAL

937 2516 97 28 Squake
1045 2518 73 25 Meal
1138 2521 145 25 Vindicate.
1284 2535 33 5 —
1318 2522 50 25 Our
1389 2530 34 17 re-

903 2562 82 30 porter
992 2561 52 25 who
1055 2562 149 26 interviewed
1215 2572 14 16 a
1240 2565 105 26 member
1351 2565 25 25 of
1382 2566 43 25 the

901 2597 117 37 proposed
1028 2604 128 32 Syndicate
1165 2607 48 24 this
1218 2608 112 32 morning
1337 2609 48 24 and
1392 2609 30 24 he

901 2647 118 30 proposed
1030 2655 14 16 a
1051 2648 52 25 mill
1115 2649 47 24 and
1173 2657 44 17 our
1227 2652 113 29 reporter,
1352 2651 72 32 being

901 2689 104 32 nothing
1015 2689 59 31 loth,
1086 2692 36 24 set
1134 2694 33 26 to,
1180 2693 42 24 but
1240 2693 42 25 the
1306 2694 116 31 Sergeant

903 2732 108 33 arriving
1017 2735 99 23 matters
1125 2741 39 18 are
1173 2737 26 23 at
1204 2737 98 30 present
1309 2736 114 26 deferred.

920 2775 128 25 Terminus
1056 2775 96 28 Hotel,
1152 2791 33 5 —
1185 2777 45 26 We
1239 2777 61 27 have
1311 2780 26 24 to
1349 2779 76 27 direct

902 2825 45 18 our
957 2817 96 26 readers
1063 2819 122 26 attention
1196 2822 26 25 to
1243 2821 52 26 Mrs
1316 2822 107 33 Batley's

900 2861 191 26 advertisement.
1110 2862 50 26 She
1170 2864 30 29 is,
1211 2871 28 19 as
1250 2872 75 25 many
1341 2866 79 29 know,

901 2904 42 24 the
955 2905 50 25 late
1016 2904 101 26 licensee
1126 2906 26 25 of
1169 2906 42 26 the
1231 2907 91 26 Oxford
1340 2908 83 30 Hotel,

902 2946 176 30 Ohristchurch,
1089 2949 49 24 and
1149 2956 50 18 was
1212 2949 41 26 the
1264 2951 158 26 unfortunate

900 2996 123 23 possessor
1034 2990 26 24 of
1069 2990 43 25 the
1122 2991 90 26 license
1223 2993 25 24 of
1255 2994 40 24 the
1303 2994 119 32 Kingston

901 3032 77 25 Hotel
1004 3033 78 24 which
1104 3041 48 18 was
1171 3036 122 25 cancelled
1318 3036 32 33 by
1382 3039 41 24 the

901 3074 89 32 saintly
1014 3075 143 31 'Sydenham
1190 3077 119 33 licensing
1336 3080 86 30 bench,

897 3117 55 25 who
963 3118 88 26 admits
1062 3118 55 25 that
1127 3119 44 25 she
1182 3119 70 27 bears
1263 3129 16 18 a
1300 3122 62 33 good
1383 3132 37 17 re-

896 3160 63 24 cord.
992 3161 91 25 Lovers
1095 3161 27 26 of
1130 3171 13 15 a
1155 3163 63 32 good
1228 3163 65 33 glass
1316 3166 27 25 of
1362 3166 56 27 beer

900 3210 54 24 may
966 3203 94 32 depend
1071 3211 32 18 on
1114 3212 15 17 a
1149 3205 59 26 kind
1227 3208 111 26 welcome
1360 3208 62 27 from

901 3245 42 24 the
954 3246 84 25 widow
1049 3248 52 23 who
1112 3247 45 25 has
1179 3248 70 26 made
1272 3250 60 25 such
1354 3259 67 19 cour-

898 3295 88 23 ageous
1008 3288 83 25 efforts
1112 3290 26 25 to
1160 3294 101 29 support
1282 3292 45 26 her
1358 3295 64 25 little

898 3329 92 32 family.

926 3372 105 26 Harvest
1042 3374 63 24 work
1115 3374 46 26 haa
1174 3377 109 25 received
1305 3386 14 17 a
1342 3380 73 25 check

894 3414 60 25 from
977 3415 72 32 sharp
1068 3415 103 27 showers
1196 3420 48 23 and
1265 3421 51 24 dull
1339 3422 46 25 hea
1400 3431 16 24 y

892 3457 103 25 weather
1006 3457 43 26 but
1060 3459 22 24 is
1093 3461 127 24 succeeded
1232 3462 30 32 by
1271 3472 13 15 a
1296 3464 49 25 fine
1354 3468 64 24 east-

891 3499 49 31 erly
950 3500 65 25 wind
1023 3501 49 25 and
1078 3509 75 18 warm
1161 3511 45 18 sun
1215 3506 48 24 and
1272 3507 40 25 the
1321 3516 94 24 reapers

891 3549 41 19 are
943 3542 63 27 hard
1014 3546 25 23 at
1049 3544 21 26 it
1081 3545 48 25 and
1140 3546 52 32 give
1204 3548 106 27 cheerful
1322 3555 93 29 reports

895 3586 26 24 of
930 3586 43 24 the
994 3588 72 29 yeild.
1100 3589 64 25 Feed
1185 3591 21 23 is
1227 3592 126 27 abundant
1370 3597 50 23 and

893 3628 40 28 fat
942 3627 77 25 lambs
1031 3636 40 17 are
1082 3631 44 25 not
1133 3638 89 23 scarce,
1233 3633 43 26 but
1284 3635 42 25 the
1337 3638 81 25 mark-

896 3672 24 22 et
929 3670 22 24 is
961 3678 57 24 very
1030 3672 113 26 sensitive
1165 3676 58 25 with
1246 3685 15 17 a
1283 3678 136 28 downward

893 3713 119 33 tendency
1035 3719 146 29 consequent
1202 3727 34 17 on
1256 3720 105 33 English
1383 3732 32 16 re-

893 3756 76 31 ports.

927 3809 54 25 Rev
1000 3809 24 26 J.
1048 3810 208 30 BENNiNG.~-Our
1277 3817 96 26 readers
1395 3819 26 25 ef

1513 185 64 24 what
1589 193 54 17 ever
1651 187 181 27 denomination
1842 191 46 23 Trill
1900 190 28 24 be
1938 191 97 32 pleased

1515 231 24 21 to
1550 228 59 24 hear
1617 230 55 25 that
1690 232 42 24 the
1755 233 49 25 Key
1817 234 23 24 J.
1853 235 114 31 Benning
1989 235 46 24 has

1514 270 59 25 been
1584 274 153 30 reappointed
1750 275 112 26 Minister
1873 277 28 25 of
1909 278 40 23 the
1959 277 34 26 M.
2004 278 29 25 F.

1509 313 26 25 0.
1572 315 41 24 We
1624 317 59 23 need
1695 320 105 29 scarcely
1808 320 94 25 remiod
1913 329 44 21 pur
1965 322 68 23 read-

1509 365 38 17 ers
1560 358 52 25 that
1623 359 31 24 he
1666 360 45 24 has
1729 361 61 24 dono
1812 364 61 29 good
1896 365 86 23 service
2004 367 28 23 ia

1509 400 113 26 Dristrict
1634 403 148 25 educational
1797 409 98 22 matters
1912 407 58 25 both
1994 417 62 27 se-^,

1511 444 89 32 cularly
1612 446 46 23 and
1671 446 145 30 religiously,
1836 449 39 24 his
1887 451 73 24 social
1983 440 73 35 and»

1509 487 80 30 genial
1597 488 100 32 bearing
1707 491 24 22 to
1743 490 31 23 all
1787 491 58 25 with
1858 493 78 24 whom
1946 494 30 23 he
1987 494 44 25 has

1510 537 66 16 come
1587 531 26 23 m
1622 534 96 22 contact
1729 533 58 24 with
1796 534 44 23 has
1852 534 115 25 endeared
1977 536 54 25 him,

1509 573 25 23 to
1546 573 33 24 all
1587 579 84 26 except
1682 583 47 16 one
1740 584 26 15 or
1777 578 47 22 two
1835 577 55 24 who
1900 578 80 31 might
1998 579 31 24 be

1511 614 120 26 described
1643 625 26 16 as
1681 618 91 24 similar
1784 621 24 23 to
1818 620 42 24 the
1871 621 64 23 little
1955 621 76 23 insect

1511 658 76 24 which
1596 660 45 23 has
1650 660 56 24 been
1716 661 182 26 unimortalized
1908 663 31 31 by
1948 665 81 24 Burns

1509 700 24 23 m
1546 702 143 24 connection
1699 704 59 23 with
1770 704 40 24 the
1833 705 75 24 ladies
1929 706 100 24 bonnet.

1541 753 28 24 P.
1583 753 28 25 P.
1629 754 40 25 De
1678 756 108 29 Lobree,
1787 773 34 4 —
1821 758 43 24 We
1884 767 40 16 are
1946 759 38 25 led
2004 762 27 24 to

1509 796 147 25 understand
1668 799 53 24 that
1733 799 39 24 Mr
1788 800 123 25 DeLoree
1932 802 98 25 intends

1508 837 96 31 leaving
1626 839 89 25 Oxford
1745 843 25 22 at
1803 851 32 15 an
1867 844 65 31 early
1964 844 66 26 date.

1509 879 39 24 He
1570 880 44 25 has
1641 881 97 26 decided
1771 886 25 22 to
1827 886 126 30 reproduce
1986 887 43 25 the

1508 922 126 31 delightful
1657 926 186 26 entertainment
1866 928 31 24 he
1918 938 60 22 gave
2000 939 31 16 us

1509 973 67 17 some
1595 967 41 24 few
1659 970 99 24 months
1779 978 45 24 ago
1847 978 29 17 on

1647 1010 59 25 Now
1723 1012 54 25 that
1798 1013 40 24 Mr
1862 1014 100 33 Stanley
1983 1016 47 25 has

1508 1051 91 25 arrived
1610 1053 25 23 m
1644 1053 57 25 New
1713 1054 112 30 Zealand,
1849 1056 39 25 Mr
1909 1057 121 27 DeLorea

1510 1094 42 24 has
1571 1102 32 17 an
1625 1098 154 30 opportunity
1802 1098 27 25 of
1848 1100 126 31 attending
1989 1101 39 25 his

1509 1136 112 30 lectures,
1633 1139 47 24 and
1692 1140 47 24 will
1748 1141 26 23 be
1785 1141 53 24 able
1850 1143 26 23 to
1897 1143 131 30 reproduce

1509 1179 40 23 the
1560 1187 66 17 same
1637 1183 25 22 at
1675 1181 97 29 Oxford,
1795 1183 55 31 ably
1873 1185 103 24 assisted
1997 1187 31 31 by

1509 1220 39 26 his
1559 1221 52 25 first
1622 1222 62 26 class
1695 1224 78 29 views,
1785 1225 37 24 for
1833 1227 41 24 the
1894 1227 90 25 benefit
2003 1229 28 24 of
2058 1239 10 15 ,-

1508 1263 71 26 those
1588 1265 56 25 who
1654 1267 50 24 will
1725 1269 44 24 not
1790 1268 31 25 be
1843 1269 123 26 fortunate
1988 1279 43 18 en-

1508 1308 63 30 ough
1584 1310 25 23 to
1620 1308 60 25 hear
1690 1310 42 24 the
1744 1311 107 25 talented
1863 1312 116 30 explorer.

1539 1350 133 26 Pbksqnai..
1673 1366 32 4 —
1706 1352 39 24 Mr
1784 1353 94 33 Rainay
1900 1357 77 24 would
1999 1357 32 27 be
2063 1370 3 13 .<

1507 1392 54 31 glad
1577 1394 20 23 if
1613 1394 41 24 the
1675 1396 81 23 writer
1777 1397 26 24 of
1818 1404 14 17 a
1848 1398 72 24 letter
1942 1400 85 31 signed

1535 1435 83 26 Water
1627 1444 52 18 race
1716 1438 25 25 m
1752 1447 44 16 our
1804 1440 65 24 issue
1880 1440 27 26 of
1914 1442 42 24 the
1968 1444 59 24 16th

1507 1478 78 25 would
1596 1478 83 33 kindly
1685 1481 66 25 leave
1762 1482 40 24 his
1813 1483 98 26 address
1933 1487 26 24 at
1982 1487 49 24 this

1508 1520 81 24 Office.

1571 1637 170 27 STRAYING
1752 1640 210 26 TORPEDOES.

1538 1718 21 24 A
1571 1720 65 30 stray
1646 1720 100 32 torpedo
1758 1724 25 23 at
1794 1731 40 17 sea
1845 1723 22 25 is
1878 1732 15 17 a
1909 1724 78 33 thing,
2003 1727 27 24 to

1505 1755 30 26 be
1547 1757 112 33 carefnlly
1670 1759 107 26 avoided.
1801 1760 52 26 The
1864 1762 165 33 shipwrecked

1506 1802 61 17 crew
1582 1796 27 24 of
1623 1797 39 24 the
1686 1797 148 27 Sunderland
1854 1800 51 25 iron
1925 1804 106 24 steamer
2047 1792 18 13 *

1507 1834 84 32 Skyro,
1603 1843 62 18 norn
1678 1837 123 26 Gibraltar
1812 1841 25 23 to
1848 1840 112 31 London,
1973 1842 58 26 who

1505 1874 91 24 arrived
1615 1878 26 21 at
1662 1876 159 27 Portsmouth
1840 1887 32 17 on
1895 1880 58 32 May
1973 1882 55 28 7th,

1506 1910 92 32 having
1608 1912 60 24 been
1685 1916 55 22 sent
1751 1917 25 21 to
1782 1936 3 4 .
1798 1916 115 31 England
1933 1918 31 32 by
1985 1919 45 26 the

1505 1949 103 32 English
1618 1951 90 25 Consul
1719 1955 25 22 at
1753 1953 137 31 Corcobion,
1904 1957 22 23 m
1939 1958 74 31 Spain
2021 1977 6 10 ,
2062 1956 3 10 *

1505 1988 110 30 reported
1621 1988 53 25 that
1685 1997 33 17 on
1728 1990 70 32 April
1816 1993 70 29 29th,
1908 1995 64 24 when
1994 1997 36 24 off

1507 2025 103 29 Gaudia,
1632 2026 41 24 the
1696 2027 54 32 ship
1772 2037 49 17 was
1843 2030 126 33 destroyed
1997 2033 32 32 by

1505 2063 98 31 coming
1612 2064 53 24 into
1674 2065 110 26 collision
1791 2067 57 25 with
1857 2070 63 24 what
1929 2078 99 23 appear-

1507 2099 29 25 ed
1547 2101 26 24 to
1583 2100 28 24 be
1623 2109 15 15 a
1649 2105 65 28 stray
1726 2104 105 30 torpedo.
1865 2106 33 25 At
1922 2109 57 23 1.80
1999 2109 28 24 m

1505 2137 42 25 the
1570 2139 126 25 afternoon
1718 2148 15 16 a
1754 2141 57 25 loud
1834 2144 122 30 explosion
1976 2153 49 17 was

1505 2174 75 25 heard
1590 2175 37 25 far
1635 2175 76 26 below
1721 2178 43 24 the
1775 2181 73 23 water
1857 2181 58 29 line,
1928 2183 49 24 and
1987 2183 42 24 the

1507 2213 55 32 ship
1573 2214 61 25 sank
1644 2215 71 25 m2O
1725 2217 119 30 minutes,
1856 2219 43 26 the
1921 2229 61 18 crew
2003 2223 27 24 of

1507 2253 30 24 19
1549 2253 80 26 hands
1644 2254 89 33 having
1755 2259 130 26 meantime
1907 2261 73 25 taken
2004 2264 25 23 to

1507 2293 39 24 the
1556 2293 78 26 boats.
1668 2294 51 25 The
1730 2296 80 32 object
1821 2300 84 24 struck
1916 2308 50 18 was
1987 2304 43 23 not

1505 2330 94 25 visible.
1634 2332 77 25 There
1721 2341 61 18 were
1792 2343 34 17 no
1844 2338 133 30 explosives
1996 2347 31 17 on
2053 2358 10 7 ,

1507 2367 74 26 board
1592 2369 49 24 and
1657 2378 31 17 no
1715 2373 58 24 rock
1800 2374 102 25 marked
1930 2384 29 16 on
1987 2376 42 24 th»

1505 2405 78 28 chart,
1593 2406 71 25 while
1675 2408 43 24 the
1734 2417 63 18 crew
1808 2412 79 24 stated
1909 2413 54 24 that
1986 2414 41 25 the
2052 2428 8 11 *

1505 2444 78 30 report
1605 2443 27 25 of
1651 2444 43 26 the
1717 2446 121 32 explosion
1860 2457 51 18 was
1933 2451 94 25 terrific.
2051 2449 6 13 '

1505 2480 53 25 The
1570 2481 54 31 ship
1636 2484 60 22 sank
1707 2484 26 24 m
1744 2493 165 25 consequence
1919 2489 24 23 of
1954 2497 14 16 a
1975 2489 53 24 hole

1504 2520 55 24 torn
1571 2520 23 24 m
1603 2520 43 25 her
1657 2522 61 25 hull.
1737 2524 49 24 She
1794 2526 76 26 carrie
1881 2527 16 24 d
1909 2535 14 17 a
1933 2529 97 30 general

1505 2566 79 25 cargo,
1598 2559 43 26 but
1653 2561 68 26 there
1737 2571 50 17 was
1797 2572 34 18 no
1850 2566 59 26 time
1927 2569 25 23 to
1975 2576 52 17 save

1504 2604 48 24 any
1563 2597 26 24 of
1598 2598 27 25 it.
1660 2599 52 25 The
1734 2602 108 25 weather
1858 2606 27 22 at
1904 2604 43 26 the
1969 2606 57 24 time

1506 2642 48 16 was
1563 2633 50 27 fine
1624 2636 48 24 and
1683 2638 71 23 clear.
1784 2660 2 2 .

452 37 106 31 OUST
601 38 222 33 OBSERVES
869 41 231 39 SATURDAY,
1143 45 192 35 JANUARY
1377 51 151 38 23,1892

1506 3657 101 26 Printed
1630 3661 49 26 afid
1717 3662 136 28 Published
1862 3667 32 32 Ly
1921 3668 106 25 Richard

1539 3700 105 27 Holman
1665 3704 98 32 Pabish,
1787 3709 26 23 at
1830 3709 41 25 his
1890 3709 137 34 Registered
2041 3700 20 25 *

1539 3742 114 36 Printing
1663 3747 84 30 O«ce,
1769 3749 68 33 Hifb
1862 3753 88 28 Utreel.
1973 3754 56 25 East

1537 3786 98 28 Oxford.
1646 3789 158 31 CaDterburyt

1592 2757 133 47 FOR
1766 2761 177 49 SALE.
2023 2777 27 28 *

1536 2869 47 25 DE
1597 2870 143 29 LOREE'S
1752 2874 68 33 Shop
1832 2878 60 30 Jand
1903 2878 122 33 dwelling-

1505 2911 85 31 house,
1599 2914 61 25 with
1672 2916 33 31 2£
1705 2918 5 8 r
1712 2925 66 17 acres
1800 2920 27 24 of
1846 2920 77 27 Land.
1946 2914 97 33 Termf*

1503 2962 57 24 very
1571 2964 64 24 easy,
1652 2958 80 32 Apply
1743 2961 33 28 to,
1785 2961 42 25 Mr
1834 2963 26 25 J.
1870 2963 108 32 Ingram.

1537 2998 44 28 We
1602 3000 49 25 will
1672 3001 55 25 take
1751 3003 91 27 Phonos
1865 3014 33 24 up
1919 3007 39 26 till
1986 3007 41 25 the

1503 3038 67 27 week
1581 3042 62 25 after
1654 3043 60 26 New
1725 3045 77 26 Years
1812 3048 62 32 Day,
1883 3057 33 17 on
1927 3057 15 17 a
1952 3050 74 32 cheap

1504 3083 73 24 scale.
1649 3085 87 28 Photo,
1766 3090 176 31 enlargements
1962 3092 61 26 from
2052 3094 2 3 '

1504 3126 53 34 80/-
1569 3127 70 26 each.

1665 3173 358 38 DELOREE/fcSON.

1505 3366 202 78 WANTED
1731 3380 19 20 a
1776 3373 80 37 good
1905 3374 120 40 general

1564 3414 134 31 servant,
1714 3412 94 40 apply
1824 3414 201 41 immediately

1679 3463 33 27 to
1726 3461 65 32 Mrs
1805 3462 102 44 Ivory,

1696 3511 155 34 Bennett's
1872 3516 151 42 Junction.
