2421 3937
526 574 131 32 PORT
679 576 284 39 NICHOLSON,
985 578 305 33 WEDNESDAY
1311 581 238 40 MORNING,
1572 585 148 32 APRIL
1744 590 51 32 13,
1820 591 84 28 1842.

2187 590 96 39 [Vol.
2306 590 65 30 111.

34 578 55 33 No.
105 574 83 40 132.]

15 10 2380 49 THE

15 59 450 140 NEW
566 65 872 139 ZEALAND
1544 75 851 137 GAZETTE

1175 233 102 32 AND

15 265 1190 166 WELLINGTON
1324 265 1071 166 SPECATOR.

534 462 215 36 PUBLISHED
795 462 131 37 EVERY
970 463 257 37 WEDNESDAY
1269 464 87 37 AND
1403 466 226 36 SATURDAY
1675 468 198 34 MORNING.

817 666 74 22 THIS
906 666 74 22 DAY.

606 698 97 21 Notice
727 700 31 20 of
779 701 211 25 postponement
1020 701 32 20 of
1078 701 59 21 Sale
1163 703 30 19 of

632 726 150 21 Leasehold
803 727 130 25 Property
959 729 29 18 at
1010 727 52 21 Kai
1086 729 103 26 Warra,

632 753 55 20 and
702 754 59 20 Sale
774 753 30 20 of
817 753 77 27 quiet
904 754 78 20 Cows
992 755 28 19 in
1031 755 68 20 Calf.

606 786 91 47 THE
712 786 77 21 SALE
799 787 26 20 of
836 786 70 21 leases
916 786 25 21 of
953 786 52 22 land
1015 790 24 18 at
1050 787 45 22 Kai
1104 787 83 28 Warra,

678 813 125 21 advertised
820 817 22 17 to
861 813 51 21 take
928 813 62 27 place
1008 814 84 28 to-day,
1112 814 76 26 (Wed-

605 839 99 26 nesday,)
721 840 19 20 is
756 839 122 27 postponed
895 840 31 25 (in
945 847 150 20 consequence
1107 841 23 21 of
1151 842 37 21 the

606 865 104 27 choosing
719 867 26 20 of
755 864 53 23 land
819 869 22 18 at
852 867 36 20 the
902 867 157 26 Land-office,)
1072 867 33 21 till
1123 868 65 21 Wed-

603 893 89 26 nesday,
704 892 37 22 the
752 893 51 21 13th
819 893 71 27 April,
909 893 64 22 when
984 894 16 21 it
1010 894 43 21 will
1063 894 50 21 take
1123 894 63 27 place

604 926 28 14 ON
650 926 45 14 THE
709 927 100 14 GROUND.

812 954 72 13 APTER
899 954 82 20 WHICH,

631 973 25 21 10
671 972 75 22 choice
756 980 76 20 young
842 981 64 19 cows,
917 973 124 22 warranted
1051 974 23 21 in
1081 974 51 26 calf,
1143 974 44 22 and

603 999 104 26 perfectly
718 999 80 22 docile.

630 1026 46 21 The
692 1027 48 20 Sale
756 1027 44 20 will
816 1033 126 15 commence
953 1030 23 18 at
987 1034 41 13 one
1040 1027 90 26 o'clock,
1142 1028 44 21 and

603 1051 66 23 lunch
679 1053 44 21 will
739 1053 27 21 be
784 1053 108 27 prepared
907 1054 30 25 by
954 1053 89 22 Donald
1054 1055 24 20 M
1083 1054 103 27 'Donald,

603 1078 59 27 Esq.,
683 1082 22 18 at
722 1081 26 19 12
768 1080 85 21 o'clock
868 1080 115 27 precisely,
999 1084 25 17 at
1042 1081 73 21 which
1134 1081 52 21 time

605 1106 78 25 parties
693 1112 37 15 are
741 1106 116 27 requested
868 1110 22 17 to
901 1107 83 20 attend.

695 1132 77 22 Terms
781 1133 83 26 liberal,
879 1133 103 21 declared
996 1136 22 19 at
1035 1134 57 21 Sale.

977 1160 64 21 John
1055 1161 82 26 Wade,

1045 1187 142 21 Auctioneer.

803 1231 96 20 Public
915 1231 68 20 Sale.

797 1263 201 23 TO-MORROW.

604 1296 156 48 MESSRS.
777 1296 92 26 HORT,
879 1296 156 27 MOCATTA,
1048 1298 20 20 &
1077 1297 53 27 CO.,
1141 1297 45 22 will

692 1323 40 21 sell
742 1324 29 26 by
780 1324 74 26 public
866 1324 96 26 auction,
974 1324 23 21 in
1008 1323 37 21 the
1056 1324 128 26 Exchange,

602 1348 31 22 Te
649 1351 53 25 Aro,
714 1354 130 21 to-morrow,
857 1350 119 27 Thursday,
994 1350 52 21 14th
1060 1351 87 25 instant,
1167 1354 22 17 at

605 1377 24 20 12
639 1375 90 28 o'clock,
747 1384 27 14 on
792 1380 96 18 account
902 1377 26 20 of
946 1376 71 21 whom
1033 1377 17 20 it
1065 1384 52 18 may
1137 1384 52 14 con-

603 1410 50 13 cern
660 1411 4 17 ;
676 1403 36 21 the
719 1404 70 26 goods
794 1403 119 22 uncleared
920 1402 57 23 from
985 1403 44 22 sale
1036 1403 55 22 23rd
1099 1403 87 27 March,

603 1430 34 21 viz
646 1438 4 12 :—:
653 1441 28 3 —

631 1456 134 27 Westphalia
779 1457 70 26 hams,
860 1456 55 21 wine
932 1456 88 27 glasses,
1036 1456 77 22 Tower
1128 1463 61 15 mus-

603 1482 54 27 kets,
669 1483 92 27 shovels,
773 1491 65 19 green
849 1484 67 27 paint,
929 1483 140 27 gunpowder,
1081 1484 25 21 25
1118 1484 69 21 boxes

604 1517 58 20 soap,
674 1510 113 27 padlocks,
804 1511 58 21 table
879 1510 44 21 and
933 1510 80 27 pocket
1022 1510 85 26 knives,
1120 1510 39 21 &c.

805 1545 72 14 AFTER
894 1545 83 18 WHICH,

630 1565 26 20 80
665 1564 68 21 boxes
744 1564 78 26 starch,
836 1564 66 21 141bs.
914 1564 60 25 each,

631 1592 24 19 15
667 1591 83 21 barrels
758 1590 83 22 bottled
852 1594 73 23 porter
935 1590 52 21 each
998 1591 25 24 3J
1035 1590 57 26 doz.,

631 1618 24 20 15
667 1617 52 21 ditto
775 1618 35 21 do.
839 1618 83 21 Burton
933 1617 40 25 ale,

630 1646 27 19 40
684 1644 35 21 do.
777 1644 34 21 do.
866 1647 48 24 poit
925 1644 61 26 wine,
997 1645 26 23 3J
1035 1643 56 27 doz.,

631 1672 26 19 10
685 1670 34 22 do.
776 1671 34 20 do.
866 1674 49 23 port
923 1671 64 26 wine,
995 1672 13 19 4
1019 1670 57 26 doz.,

631 1699 75 24 20,000
716 1698 48 21 best
775 1697 94 22 Manilla
880 1698 76 25 cigars,
968 1697 23 21 in
1001 1696 68 26 bond,

632 1726 25 19 18
668 1724 93 21 bundles
772 1724 53 21 each
837 1724 58 21 121bs
896 1735 26 3 —
923 1724 73 21 20(ilbs
1006 1724 83 26 sewing
1099 1723 73 27 twine,

631 1752 26 19 43
666 1750 57 21 bolts
732 1751 107 21 bleached
850 1758 91 14 convass
952 1752 56 25 1-14,
1019 1752 58 23 2-14,
1088 1752 44 23 3-6,
1143 1752 42 24 4-9,

643 1778 14 19 4
667 1777 56 21 bolts
732 1778 137 21 unbleached
881 1779 42 25 1-3,
934 1779 45 23 2-1,

644 1805 13 20 8
670 1803 70 22 boxes
754 1804 91 21 window
861 1804 58 26 glass
935 1804 54 21 each
1008 1805 41 19 100
1066 1804 46 21 feet
1128 1804 56 25 8-10,

606 1830 68 25 15-11,
688 1832 70 25 14-10,
770 1832 70 25 16-12,

644 1858 13 19 3
668 1856 52 27 kegs
730 1858 79 26 yellow
818 1857 68 28 paint,
899 1857 53 22 each
960 1857 63 26 141b.,

643 1885 10 19 1
667 1883 54 22 ditto
732 1884 53 21 ditto
796 1884 54 21 ditto
860 1884 61 26 71bs.,

643 1912 12 19 3
671 1910 51 26 kegs
733 1918 66 19 green
810 1911 68 26 paint,
890 1910 53 21 each
954 1910 76 26 141b5.,

592 1934 2 27 i
643 1938 12 19 3
664 1936 52 27 kegs
726 1944 66 19 green
802 1938 67 26 paint,
886 1937 53 21 each
949 1936 61 25 71bs.,

615 1963 40 20 300
665 1963 68 20 boxes
744 1963 116 26 Liverpool
869 1970 59 20 soap,
940 1962 137 27 eachSGlba.,

629 1990 26 20 20
661 1990 46 25 jars
718 1989 52 21 lime
779 1990 66 26 juice,

628 2016 26 20 35
665 2015 77 22 tierces
752 2016 40 21 salt
805 2016 57 26 beef,

627 2043 27 20 20
664 2043 38 20 ash
713 2050 55 19 oars,

642 2070 8 20 1
660 2070 43 25 keg
713 2069 81 22 treacle
805 2069 77 27 1121b.,
1194 2068 2 27 |

615 2095 38 21 100
663 2096 67 21 boxes
742 2097 90 26 Malaga
841 2097 85 26 raisins,
934 2096 68 21 561bs.
1014 2095 62 26 each,

602 2122 32 20 19.
651 2124 9 19 1
672 2122 43 27 keg
725 2123 55 21 each
789 2125 55 20 15m.
853 2127 78 22 strong
940 2127 37 18 cut
989 2123 60 27 clasp
1067 2123 52 24 lin.,
1130 2122 53 25 2in.,

599 2149 33 21 22.
643 2150 33 20 2.3.
691 2151 13 19 2
714 2150 54 27 kegs
778 2150 54 21 each
843 2152 56 19 10m.
911 2150 34 21 do.
962 2150 35 21 do.
1008 2149 44 26 do.,
1064 2150 52 25 3in.,

599 2176 34 20 26.
643 2177 33 20 27.
687 2178 13 19 2
711 2177 53 26 kegs
773 2177 55 21 each
836 2178 64 20 4cwt.
911 2177 33 21 do.
957 2177 34 20 do.
1001 2176 26 21 do
1037 2176 66 25 4Jin.,

600 2203 32 20 28.
643 2204 33 20 29.
686 2204 14 20 2
711 2203 52 26 kegs
773 2203 55 22 each
838 2204 62 21 4cwt.
913 2203 33 22 do.
959 2204 33 20 do.
1003 2203 35 21 do.
1050 2203 52 24 sin.,

639 2231 33 20 30.
684 2231 9 20 1
705 2229 42 28 keg
757 2232 62 19 4c\vt.
832 2232 36 19 cut
878 2237 47 14 rose
937 2231 61 25 nails,
1007 2230 53 26 4in.,

599 2256 33 20 32.
643 2258 34 19 33.
687 2258 13 19 2
710 2257 53 27 kegs
773 2258 62 21 4cwt.
847 2257 34 21 do.
893 2257 35 21 do.
940 2257 35 20 do.
986 2257 67 26 4iin.,

626 2283 57 21 Wall
696 2291 68 19 paper
774 2284 67 21 about
850 2284 27 21 50
886 2284 72 27 pieces
968 2283 106 26 assorted,

627 2311 25 19 12
662 2310 47 20 iron
721 2310 93 21 window
824 2310 82 27 sashes,

639 2338 14 19 4
662 2337 60 26 large
728 2337 89 26 parlour
826 2337 110 26 windows,
947 2338 12 20 8
969 2337 106 21 bedroom
1086 2335 62 22 ditto.

641 2364 9 20 1
663 2364 47 26 pair
718 2363 61 27 large
790 2364 75 25 scales,

639 2391 13 19 2
663 2392 41 18 sett
714 2391 95 20 wheeler
819 2391 43 20 and
871 2390 74 21 leader
960 2390 98 25 harness,
1075 2389 107 27 complete

601 2415 51 22 with
664 2417 66 20 collar
740 2417 44 21 and
794 2417 70 26 hems,

641 2444 10 20 1
664 2443 94 28 packing
768 2443 82 27 saddle,

640 2471 12 20 2
663 2470 53 27 kegs
725 2471 66 26 snuff,

639 2498 14 20 4
663 2497 122 21 cannisters
795 2496 80 23 Scotch
885 2497 61 21 snuff
956 2497 43 21 lib.
1010 2495 63 28 each,

641 2525 9 20 1
662 2526 67 19 street
740 2524 54 21 door
803 2524 52 21 with
866 2524 88 26 fittings,

640 2552 13 19 4
662 2550 90 27 parlour
762 2551 65 20 doors
841 2551 52 20 with
904 2551 89 26 fittings,

640 2579 13 19 6
664 2577 104 21 bedroom
780 2578 64 21 doors
852 2577 55 22 with
916 2577 42 26 do.,

614 2603 40 22 200
665 2605 45 20 iron
719 2604 96 27 hurdles,

627 2631 27 20 40
661 2631 88 21 bushels
759 2631 51 21 seed
820 2631 78 26 wheat,

640 2658 13 20 4
664 2657 71 22 chests
746 2658 77 27 Hyson
832 2658 49 21 skin
892 2662 43 22 tea,

641 2686 12 19 6
664 2685 60 20 bales
733 2688 75 17 cotton
820 2685 75 26 diaper
904 2692 57 19 rugs,
976 2684 43 26 7-4,
1031 2685 45 26 8-4,

642 2712 9 20 1
662 2718 49 14 case
721 2711 66 22 India
797 2712 41 21 silk
848 2711 178 27 handkerchiefs,

629 2738 24 20 13
664 2742 69 17 crates
744 2738 111 27 crockery,

628 2764 173 23 Anti-corrosive
812 2765 66 27 paint,
891 2768 39 18 tar.

628 2791 76 22 Terms
718 2792 85 27 liberal,
822 2792 45 21 will
881 2792 28 21 be
919 2791 65 22 made
993 2792 66 21 know
1068 2793 24 19 at
1101 2791 53 21 time
1164 2790 24 22 of

600 2817 52 22 sale.

704 2845 167 22 Refreshments
880 2845 45 22 will
933 2845 26 22 be
970 2845 113 27 pi-ovided.

629 2871 63 28 April
702 2874 19 25 8,
733 2874 60 20 1842.

601 2918 52 19 For
674 2917 44 20 the
738 2918 101 19 benefit
860 2917 30 20 of
911 2918 42 20 the
978 2917 206 25 Underwriters,

651 2950 30 15 or
697 2944 78 21 those
791 2945 90 20 whom
897 2944 22 21 it
932 2950 66 20 may
1013 2949 124 16 concern.

604 2979 65 47 TO
690 2978 38 21 BE
749 2977 77 22 SOLD
850 2977 40 22 BY
910 2978 146 25 AUCTION,
1080 2977 104 22 EARLY

656 3004 34 22 IN
701 3004 102 25 APRIL,
813 3004 64 21 THE
888 3005 85 21 HULL
986 3005 38 21 OF
1038 3004 64 21 THE
1113 3004 71 22 NEW

710 3031 125 23 BARQUE

603 3057 31 21 As
645 3057 38 21 she
693 3064 49 14 now
752 3057 41 21 lies
803 3064 29 14 on
843 3056 36 22 the
890 3057 63 21 rocks
963 3060 23 18 at
995 3056 37 22 the
1047 3059 106 19 entrance
1163 3057 24 21 of

602 3083 83 23 Nelson
696 3084 89 22 Haven.
814 3084 32 21 At
855 3083 37 22 the
903 3091 59 14 same
973 3084 52 21 time
1042 3084 45 21 will
1100 3083 28 21 be
1139 3083 45 21 also

603 3111 45 21 sold
657 3118 89 14 sundry
758 3118 81 14 stores
850 3110 120 27 belonging
978 3114 21 18 to
1006 3110 37 21 the
1052 3110 47 22 said
1106 3110 76 22 vessel.

603 3137 42 21 For
655 3137 130 28 particulars
795 3137 66 27 apply
871 3140 22 18 to
905 3137 43 22 Mr.
960 3138 106 27 Poynter,
1081 3137 101 26 solicitor,

602 3163 84 23 Nelson
698 3164 90 26 Haven,
800 3171 23 14 or
833 3167 22 18 to

859 3190 99 22 Messrs.
974 3190 90 22 Willis
1079 3189 44 22 and
1136 3190 46 27 Co.,

927 3217 54 21 Port
990 3217 131 22 Nicholson.

601 3262 181 48 WANTED,
794 3269 14 14 a
817 3261 77 28 steady
904 3269 78 19 person
998 3269 22 14 as
1038 3261 68 21 Cook.
1136 3261 48 20 One

695 3288 49 22 who
764 3288 147 22 understands
928 3288 37 21 the
985 3295 49 14 care
1053 3288 26 21 of
1093 3294 13 14 a
1123 3286 62 23 small

601 3314 61 28 dairy
672 3315 73 22 would
755 3315 27 22 be
794 3315 120 27 preferred.
943 3315 73 27 Apply
1026 3317 22 18 to

1012 3341 44 21 Dr.
1072 3341 84 22 Evans.

669 3386 106 21 ANTED
790 3386 21 21 A
832 3386 86 22 GOOD
939 3386 90 21 COOK.
1067 3384 75 28 Apply
1160 3387 23 18 to

695 3412 37 22 the
743 3412 110 22 Southern
869 3413 64 21 Cross
947 3412 75 22 Hotel.

626 3445 154 28 Willis-street,
792 3446 64 27 April
866 3447 19 25 8,
897 3448 61 19 1842.

598 3490 175 49 WANTED
799 3490 21 21 A
849 3490 86 22 GOOD
968 3490 92 23 COOK.
1111 3488 74 28 Apply

695 3520 22 17 to
726 3516 39 22 the
774 3516 152 23 Freemason's
935 3518 95 21 Tavern.

627 3549 186 28 Lambton-quay,
829 3549 63 28 April
904 3552 19 24 8,
935 3551 59 21 1842.

788 3594 92 20 House
899 3595 28 19 to
938 3594 56 21 Let.

599 3621 51 48 A
672 3620 86 21 GOOD
777 3620 130 21 substantial
926 3619 75 28 house,
1022 3619 53 22 with
1094 3619 91 22 kitchen

677 3646 44 21 and
732 3645 134 27 out-houses,
879 3649 22 18 to
912 3646 30 21 let
951 3646 24 21 in
986 3646 198 21 Manners-street.

599 3673 45 22 For
651 3673 134 28 particulars,
798 3673 64 27 apply
876 3675 21 19 to
908 3672 43 22 Mr.
962 3673 121 21 Brewer's
1093 3673 77 21 Office.

739 3717 53 20 For
806 3716 69 25 Sale,
890 3718 29 19 at
933 3716 104 21 Karori.

598 3750 154 50 APIECE
764 3749 37 22 OF
812 3749 93 26 LAND,
918 3749 126 27 containing
1053 3749 13 21 5
1077 3756 69 19 acres,
1159 3749 23 21 in

676 3777 43 21 this
735 3776 95 26 district;
852 3777 48 25 part
916 3775 24 21 of
953 3775 36 21 the
1007 3775 88 23 Section
1114 3775 69 27 lately

598 3804 43 22 Mr.
661 3803 83 23 Yule's.
778 3803 76 21 Terms
872 3801 84 23 liberal.
991 3803 44 21 For
1053 3801 129 29 particulars

598 3824 63 34 appjy
671 3834 22 18 to
703 3830 27 22 R.
741 3829 65 26 Park,
821 3829 60 27 Esq.,

598 3874 71 48 ON
685 3873 83 25 SALE,
784 3875 22 19 at
816 3872 43 22 this
870 3872 70 27 office,
951 3872 69 22 blank
1029 3872 57 22 Bill
1098 3871 82 23 Books.

697 3900 94 23 G«Mtt«
827 3899 70 27 office,
909 3899 54 22 D«c.
973 3901 21 20 4.

2031 676 176 27 Wakarongo

1829 707 129 47 ENGA
1972 708 153 22 TANGATA
2140 710 103 21 MAORI
2257 709 29 22 ko
2304 710 53 22 taku
2365 711 40 22 ko-

1903 741 50 14 rero
1972 736 60 20 tenei
2050 735 36 21 kia
2110 736 81 21 koutou
2216 743 10 14 c
2249 743 44 19 nga
2316 740 89 24 tangata

1829 759 63 22 katoa
1907 767 12 14 o
1937 761 89 21 Poneke
2042 761 27 22 he
2085 762 42 21 tini
2146 769 42 14 ano
2207 763 42 21 aku
2268 767 82 23 taongo
2370 764 36 22 hei

1829 785 115 22 hokohoko
1955 788 22 21 ki
1986 795 45 19 nga
2045 792 91 22 tangata
2149 790 70 20 maori
2228 790 27 21 he
2269 793 81 23 taongo
2360 792 45 23 pai-

1828 813 34 26 pai
1876 813 102 22 kauotira
1993 821 36 14 me
2044 814 112 22 haeremai
2172 823 42 13 ano
2224 816 82 21 koutou
2316 817 36 21 kia
2362 818 43 21 kite

1829 846 6 14 l
1843 842 21 18 te
1874 840 82 27 painga
1967 848 12 13 o
1989 847 44 20 nga
2043 842 116 25 taongahe
2170 846 89 22 tangata
2264 842 59 22 hoko
2332 844 36 26 pai
2377 851 29 15 au

1829 865 34 21 kia
1873 866 84 22 koutou
1967 868 30 20 oti
2007 868 36 20 kia
2053 868 36 26 pai
2098 872 21 16 to
2130 868 82 21 koutou
2222 869 100 21 wakaaro
2332 868 36 23 kia
2378 877 28 15 au

1829 892 25 21 ko
1865 893 53 21 taku
1928 894 36 26 pai
1974 901 35 14 me
2020 894 56 21 hoko
2084 894 45 21 oku
2139 899 80 22 taonga
2227 896 22 20 ki
2259 903 44 19 nga
2317 900 88 23 tangata

1829 920 65 20 maori
1908 919 37 21 kia
1954 921 41 20 wai
2005 924 80 23 taonga
2096 921 20 21 ai
2125 925 70 18 ratou.

1857 946 59 21 Heoi
1927 954 43 13 ano
1980 947 44 21 aku
2033 947 77 22 korero
2121 948 36 21 kia
2166 948 90 22 koutou.

2115 974 36 21 Na
2162 978 38 17 tou
2209 975 83 21 koutou
2300 976 50 26 hoa,

2217 1002 36 21 Na
2263 1009 29 14 te
2303 1003 102 22 Raeana,

1854 1051 122 29 Paraikete,
1988 1054 88 26 kareko,
2085 1053 59 28 hate,
2153 1054 52 26 koti,
2214 1057 113 25 tarautete,
2334 1058 69 24 potae,

1853 1078 100 28 Hekepa,
1965 1081 45 26 pihi
2021 1081 79 26 kaone,
2111 1081 59 27 hopi,
2181 1081 28 21 he
2219 1088 61 20 papa,
2291 1082 29 21 he
2338 1082 65 27 nuka,

1852 1105 36 21 He
1899 1114 92 19 marara,
2003 1107 27 20 he
2040 1107 67 26 hehu,
2118 1107 28 21 he
2156 1108 101 25 kutikuti,

1852 1132 36 21 He
1898 1140 34 24 pu_
1938 1134 75 23 maori,
2025 1133 27 21 he
2063 1138 83 23 tupara,
2157 1134 27 21 he
2195 1134 79 27 kohua,

1852 1158 36 22 He
1898 1159 95 28 akitiwa,
2003 1160 29 21 he
2042 1160 62 27 horo,
2113 1161 29 20 he
2152 1161 91 26 koroku,

1852 1185 36 21 He
1898 1186 72 21 kaone
1981 1187 43 21 kua
2035 1187 30 21 oti
2075 1190 21 18 te
2107 1187 38 26 tui,
2156 1187 28 21 he
2194 1188 104 25 wakaata,

1852 1211 36 21 He
1899 1212 83 27 harare,
1995 1213 28 21 he
2033 1213 65 21 naihe
2109 1213 58 28 kopi,
2178 1213 29 22 he
2217 1217 80 24 matau,

1852 1237 36 22 He
1899 1242 76 23 tarete,
1986 1240 27 20 he
2024 1241 68 25 ngira,
2104 1240 28 21 he
2143 1248 75 19 paura,

1852 1264 37 22 He
1899 1265 55 21 hinu
1965 1266 94 27 kaukau,
2071 1267 27 20 he
2108 1267 50 21 raiti
2166 1274 37 13 mo
2215 1274 42 19 nga
2266 1274 64 20 ware,

1852 1291 36 21 He
1899 1299 169 20 mangamangu,
2075 1293 90 27 hepepa
2172 1294 31 20 tui
2211 1295 32 19 tui
2249 1301 34 13 me
2291 1301 45 19 nga
2341 1301 40 20 pen
2384 1302 18 19 c,

1852 1317 37 22 lie
1899 1319 120 26 pukapuka
2029 1327 41 18 ma,
2081 1319 27 21 he
2118 1320 88 21 himene
2217 1321 75 25 maori,

1852 1344 36 21 He
1899 1345 118 27 pukapuka
2026 1346 29 26 vi,
2067 1347 27 20 he
2106 1346 99 22 takotora
2214 1354 43 19 nga
2268 1354 74 19 paura,

1853 1371 36 21 He
1900 1372 99 21 taukawe
2011 1372 58 26 hota,
2080 1373 28 20 he
2118 1373 102 26 karaone,
2232 1373 26 21 he
2268 1373 36 26 ho,

1852 1397 36 21 He
1898 1399 70 26 patiti,
1979 1399 26 21 he
2017 1399 75 26 titaha,
2104 1399 28 21 he
2142 1399 66 28 kapu,

1852 1424 36 21 He
1899 1425 52 21 kani
1963 1433 12 13 o
1984 1432 25 14 ra
2019 1429 83 22 matou,

1852 1451 36 21 He
1899 1451 143 27 kumekumu,
2050 1452 27 22 he
2085 1452 73 26 hama,
2170 1452 28 22 he
2207 1460 118 19 purupura,

1852 1477 36 21 He
1901 1478 66 27 kuku,
1979 1479 28 21 he
2017 1479 54 21 raka
2080 1487 36 13 me
2126 1482 21 18 te
2158 1479 22 21 ki
2190 1486 35 14 me
2236 1484 20 16 te
2266 1481 63 26 inihi,

1839 1531 6 4 __
1853 1504 35 22 He
1899 1505 110 26 paewaka,
2021 1505 28 21 he
2059 1506 71 27 paipa,
2141 1506 28 21 he
2180 1506 86 27 tupeka,
2276 1507 27 20 he
2313 1507 61 21 raihi.

1829 1531 26 21 lv
1872 1539 13 13 a
1899 1539 69 19 rongo
1984 1533 84 21 koutou
2081 1533 28 21 ko
2126 1540 45 19 nga
2186 1533 65 26 ingoa
2268 1534 49 20 enei
2332 1541 12 13 o
2361 1541 43 19 nga

2035 1562 82 23 taonga
2127 1560 73 21 katoa.

1829 1591 137 22 Waikoukou
1975 1592 96 27 Poneke,
2082 1593 60 27 Epiri
2154 1595 18 24 8,
2186 1595 24 19 IS
2217 1595 26 20 12.

2010 1637 42 19 Ex

1829 1670 87 47 THE
1932 1670 148 26 undersigned
2095 1670 41 21 has
2148 1672 48 25 just
2212 1672 100 21 received
2329 1679 12 13 a
2351 1679 51 14 con-

1899 1697 111 25 signment
2030 1697 25 20 of
2071 1704 61 20 maps
2152 1698 44 20 and
2216 1698 71 21 charts
2305 1699 57 20 from
2381 1698 21 21 J.

1829 1722 87 27 Vyld's,
1942 1724 95 25 Charing
2061 1724 70 26 Cross,
2157 1724 142 27 Geographer
2322 1729 22 17 to
2367 1725 36 21 the

1829 1750 80 26 Queen,
1921 1750 35 20 viz
1965 1759 4 12 :
1971 1762 27 3 —

1852 1783 71 26 Large
1935 1787 41 17 two
1987 1783 62 22 sheet
2059 1791 51 19 map
2121 1785 25 20 of
2153 1784 55 21 New
2219 1785 104 26 Zealand,

1852 1811 49 20 One
1913 1810 61 21 slicet
1984 1818 50 19 map
2045 1812 24 20 of
2078 1811 54 21 Now
2144 1811 104 26 Zealand,

1852 1837 104 21 diallers'
1975 1837 63 21 chart
2054 1839 24 19 of
2094 1838 79 20 Cook's
2193 1839 83 25 Straits,
2294 1838 54 22 with
2368 1839 35 21 tho

1828 1863 62 21 latest
1901 1863 115 26 additions,

1852 1890 105 21 Chatters'
1969 1891 62 20 chart
2041 1891 24 20 of
2073 1891 52 21 Port
2135 1891 128 26 Nicholson,

1852 1917 131 21 Mercator's
1994 1917 63 21 chart
2066 1917 24 21 of
2102 1917 39 21 the
2152 1917 74 26 world,
2238 1919 38 20 &c.
2289 1919 38 20 &c.
2339 1919 38 21 &c.

2182 1951 107 21 William
2306 1952 70 20 L/ok.

1828 1982 78 22 Corner
1917 1983 25 20 of
1951 1983 148 21 Willis-street
2109 1984 44 20 and
2165 1984 185 27 Lambton-quay.

1998 2010 77 20 March
2085 2012 20 24 8,
2118 2012 59 19 1542.

1835 2053 155 21 TOIINSON
2005 2053 45 21 and
2064 2054 113 21 MOORE
2191 2055 54 21 have
2259 2055 106 26 received,
2377 2063 28 14 ex

1827 2084 21 17 W
1895 2081 84 24 Clifton,
1999 2081 61 25 Lady
2078 2082 73 24 Lciyh,
2172 2083 52 19 New
2243 2083 55 19 York
2316 2084 86 26 Packet,

1827 2108 80 23 Sisters,
1920 2108 35 25 Sfc.
1968 2109 35 26 l!fc.
2005 2119 29 4 —

1848 2142 89 21 Double
1946 2143 85 21 refined
2040 2150 71 20 sugar,
2122 2143 45 21 fine
2179 2144 57 21 Siam
2248 2151 70 20 sugar,

1849 2169 80 21 Mould
1948 2170 45 20 and
2012 2177 72 19 sperm
2104 2171 100 26 candles;
2230 2171 67 26 hams,
2319 2171 82 28 cheese,

1824 2195 77 26 butter,
1913 2196 43 21 and
1969 2196 52 26 lard,

1848 2223 80 25 Coilee,
1941 2223 64 21 black
2015 2224 45 20 and
2069 2230 67 20 green
2149 2227 51 23 teas,

1848 2248 74 26 Flour,
1941 2250 52 26 rice,
2014 2250 44 20 fine
2077 2251 121 21 American
2217 2251 95 28 biscuits,
2332 2251 73 23 barrel

1824 2275 53 27 beef,

1848 2302 68 27 Jams,
1939 2303 80 26 jellies,
2050 2303 164 28 confectionery
2224 2312 5 19 ;
2260 2312 76 14 sauces
2359 2306 43 21 and

1825 2328 86 28 pickles,

1848 2356 67 21 Snuff
1928 2356 23 21 in
1972 2357 10 20 1
1992 2356 30 21 lb.
2038 2356 110 27 packages
2163 2357 42 21 and
2218 2358 44 26 jars
2282 2358 121 27 conprising

1824 2382 78 26 brown,
1918 2382 73 26 black,
2008 2383 44 21 and
2071 2384 91 20 scented
2177 2391 96 20 rappees,
2292 2385 108 27 Tonquin,

1825 2408 95 22 Prince's
1928 2410 105 25 mixture,
2044 2410 135 21 Hardham's
2189 2412 32 25 37,
2230 2411 38 21 &c.

1849 2436 21 20 A
1880 2436 60 26 large
1951 2439 129 18 assortment
2090 2436 26 21 of
2123 2437 86 27 hosiery
2220 2438 23 20 of
2251 2437 27 21 all
2289 2437 73 27 kinds,

1849 2462 148 22 Mousselaine
2013 2462 27 21 de
2058 2462 78 28 lames,
2155 2464 66 21 black
2238 2464 40 20 silk
2295 2464 107 22 handker-

1824 2487 73 27 chiefs,

1849 2515 114 27 Superfine
1972 2516 51 21 blue
2035 2515 57 22 cloth
2101 2516 94 27 jackets,

1848 2543 21 20 A
1880 2545 101 24 quantity
1992 2542 25 21 of
2028 2542 52 27 pilot
2090 2543 106 26 clothing,
2207 2544 94 26 monkey
2308 2544 92 27 jackets,

1848 2568 103 22 Blankets
1968 2568 43 22 and
2028 2577 57 19 rugs,
2099 2570 83 21 leather
2197 2578 51 19 caps
2264 2571 79 27 (cheap
2359 2573 43 20 and

1825 2595 104 27 durable),

1850 2622 82 21 Gent's,
1942 2622 63 22 boots
2016 2622 43 21 and
2069 2622 70 28 shoes,
2151 2624 70 21 men's
2231 2627 75 23 strong
2316 2624 34 21 do.
2367 2624 34 21 do.

1849 2648 122 22 Children's
1994 2650 63 21 boots
2080 2650 45 21 and
2148 2650 63 21 shoes
2222 2658 6 19 ;
2252 2658 12 13 a
2281 2651 42 21 few
2347 2651 57 26 good

1826 2676 139 21 Mackintosh
1976 2683 71 20 capes,
2059 2677 39 20 &c.

1850 2702 160 28 Ironmongery
2025 2703 26 20 of
2062 2703 29 21 all
2106 2703 73 27 kinds,
2190 2703 113 27 including
2318 2711 13 14 a
2344 2703 59 28 large

1825 2732 127 19 assortment
1975 2731 26 20 of
2021 2730 85 26 boilers,
2126 2737 128 21 saucepans,
2276 2734 53 18 stew
2341 2738 61 20 pans,

1826 2756 82 26 kettles,
1920 2756 39 21 &c.
1972 2757 39 20 &c.

1851 2784 20 19 A
1881 2783 41 21 few
1932 2790 103 14 common
2044 2782 77 28 lamps,
2129 2783 33 27 pit
2172 2783 44 21 and
2227 2791 57 14 cross
2296 2787 37 18 cut
2343 2791 59 21 saws,

1850 2810 20 20 A
1881 2810 85 26 variety
1976 2811 26 20 of
2008 2810 148 21 earthenware
2167 2810 42 21 and
2221 2814 35 18 cut
2264 2810 65 27 glass,

1851 2837 79 26 Strong
1939 2836 45 21 and
1995 2836 67 26 cheap
2071 2837 51 20 four
2132 2836 45 21 feet
2188 2837 120 26 bedsteads,

1851 2862 70 26 Paint,
1934 2863 47 25 oils,
1993 2864 130 25 turpentine,
2134 2864 99 25 brushes,
2243 2864 37 21 &c.
2292 2864 40 21 &c.

1850 2888 45 22 The
1904 2889 75 26 above,
1989 2890 52 20 with
2051 2897 13 13 a
2072 2893 62 22 great
2145 2890 83 26 variety
2238 2890 24 21 of
2269 2890 134 21 miscellane-

1826 2922 35 13 ous
1868 2916 67 24 stock,
1948 2923 36 13 are
1996 2916 81 20 offered
2087 2923 28 13 on
2127 2916 161 26 advantageous
2304 2919 67 18 terms
2382 2920 21 18 to

1826 2941 112 22 wholesale
1949 2949 24 13 or
1982 2942 64 21 retail
2054 2942 135 26 purchasers.

2011 2987 93 19 James
2120 2987 99 25 Spiers,

1827 3019 186 21 PROSPECT
2037 3019 208 21 BOARDING
2269 3020 133 28 HOUSE,

1904 3053 129 14 GUILDrORD
2048 3053 108 19 TERRACE,
2169 3053 53 14 HILL
2236 3053 91 21 STREET,

1878 3080 26 19 In
1923 3080 35 20 the
1977 3086 47 14 rear
2043 3080 26 24 of
2083 3080 42 20 Dr.
2145 3080 88 20 Evans's
2245 3081 110 21 residence.

2005 3120 74 14 TERMS
2094 3121 129 14 MODERATE.

1835 3158 93 21 TOHN
1953 3158 109 26 HALES,
2087 3158 197 26 Cabinet-maker,
2315 3159 90 22 Uphol-

1828 3189 23 16 V
1888 3192 93 18 steker,
1998 3184 190 26 Paper-hanger,
2203 3185 39 21 &c.
2258 3186 47 26 &c,
2320 3186 54 26 beg
2372 3186 33 26 3to

1826 3213 73 19 return
1909 3211 33 20 his
1953 3212 85 20 sincere
2049 3210 80 22 thanks
2140 3214 22 18 to
2179 3210 33 22 his
2223 3212 81 21 friends
2315 3213 44 21 and
2369 3212 36 22 the

1827 3237 71 27 public
1917 3237 25 20 of
1955 3238 53 20 Port
2026 3236 123 23 Nicholson
2165 3238 112 27 generally
2296 3239 35 21 for
2350 3239 56 22 their

1828 3264 51 21 kind
1894 3267 127 23 patronage,
2036 3264 44 21 and
2095 3264 24 21 in
2136 3264 110 27 soliciting
2261 3265 56 21 their
2332 3266 73 21 future

1828 3293 92 24 support,
1937 3290 63 21 takes
2009 3290 43 21 this
2068 3291 142 27 opportunity
2226 3292 25 21 of
2264 3293 142 26 announcing

1828 3316 44 22 that
1882 3317 27 21 he
1922 3316 90 22 intends
2021 3317 97 27 keeping
2129 3325 13 13 a
2151 3318 150 21 considerable
2313 3319 62 21 stock
2384 3320 25 20 of

1828 3343 104 22 seasoned
1941 3344 63 21 wood
2015 3344 26 20 of
2047 3344 28 21 all
2086 3344 145 28 desciiptions
2245 3352 28 15 on
2283 3345 67 26 hand,
2362 3346 44 21 and

1828 3377 40 19 any
1885 3370 74 21 orders
1979 3369 71 22 which
2069 3370 53 27 they
2139 3378 52 20 may
2204 3372 72 26 please
2293 3375 22 18 to
2329 3372 76 21 favour

1828 3397 42 21 him
1880 3396 52 22 with
1942 3396 45 22 will
1996 3397 26 21 be
2034 3396 116 29 diligently
2160 3398 108 22 executed
2278 3405 29 14 on
2316 3405 89 15 reason-

1828 3423 45 22 able
1884 3427 74 18 terms.

1852 3457 55 22 N.B.
1909 3468 27 4 —
1937 3457 21 21 A
1970 3457 91 27 turning
2066 3457 62 22 lathe
2138 3466 29 13 on
2177 3457 37 22 the
2224 3457 113 28 premises.

1854 3484 193 27 Ingestrie-street,
2057 3485 31 21 Te
2099 3485 47 21 Aro
2156 3484 57 22 Flat.

1828 3521 194 49 WNEAL,
2045 3523 87 21 Watch
2154 3522 45 22 and
2219 3523 75 20 Clock
2310 3522 94 25 Maker,

1895 3560 11 10 •
1950 3549 54 26 begs
2022 3549 144 27 respectfully
2182 3551 23 18 to
2224 3547 81 22 inform
2320 3547 37 21 the
2372 3548 34 22 in-

1826 3574 109 22 habitants
1955 3576 24 20 of
1996 3575 53 22 Port
2055 3575 131 25 Nicholson,
2204 3575 47 25 &c,
2268 3574 48 21 that
2325 3574 28 21 he
2367 3574 40 22 has

1827 3602 101 22 removed
1941 3601 34 22 his
1989 3603 101 21 business
2107 3601 50 21 S.E.
2169 3600 25 21 of
2204 3601 89 21 Messrs.
2304 3600 102 22 Bethune

1827 3629 41 21 and
1879 3629 115 26 Hunter's,
2007 3629 44 21 and
2061 3629 74 26 hopes,
2147 3627 29 27 by
2186 3627 61 21 strict
2257 3628 115 26 attention,
2384 3631 22 17 to

1827 3655 63 21 merit
1905 3663 13 13 a
1935 3656 148 21 continuance
2099 3655 25 20 of
2139 3653 57 22 their
2212 3654 95 26 favours,
2324 3654 83 26 having

1828 3681 40 22 had
1878 3683 25 20 20
1915 3683 71 26 years'
1996 3682 131 27 experience
2137 3681 23 20 in
2170 3680 101 21 London.

1854 3708 36 22 All
1909 3709 65 21 kinds
1990 3709 25 21 of
2028 3708 92 26 foreign,
2138 3706 90 27 British,
2244 3706 98 26 musical,
2362 3706 44 21 and

1827 3736 110 26 repeating
1945 3735 96 21 watches
2048 3735 42 21 and
2100 3733 82 26 clocks,
2191 3733 44 21 and
2243 3733 163 21 chronometers

1828 3761 90 22 cleaned
1927 3762 45 21 and
1982 3761 106 27 repaired.

1933 3789 56 21 N.B.
1991 3799 28 4 —
2020 3786 95 22 Musical
2125 3787 68 20 boxes
2203 3785 106 27 repaired.

1862 3833 39 19 To
1916 3831 131 27 Captains
2058 3831 53 21 and
2125 3831 89 20 Mates
2231 3829 30 20 of
2271 3828 115 20 vessels.

1828 3867 88 46 LOG
1936 3866 73 21 Booka
2028 3866 34 21 for
2076 3864 51 23 Sale
2144 3868 21 17 at
2184 3863 38 22 the
2238 3862 68 22 Office
2326 3862 22 22 of
2369 3862 41 22 tfcit

1899 3900 74 20 paper.

139 668 53 21 For
205 667 104 21 Nelson
324 666 106 25 Haven,

10 703 89 28 Expected
114 702 47 20 here
177 701 22 19 in
208 707 12 13 a
227 701 44 25 few
285 701 58 25 days,
354 700 43 20 and
408 700 45 20 will
462 700 52 19 meet
523 700 52 19 with

164 729 117 20 immediate
297 728 102 25 dispatch.

39 762 67 35 JKjffcs.
155 765 113 32 rpHAT
286 772 50 14 new
359 764 45 22 fine
428 764 44 21 fast
495 763 79 27 sailing

30 787 101 38 aEojl^v
161 787 30 27 JL
218 792 108 22 schooner
335 792 78 21 Nelson
422 792 85 25 Packet,
519 790 56 22 built

28 813 119 38 J^PSsslg'
166 819 25 21 in
219 819 78 23 Queen
328 818 131 22 Charlotte's
490 818 81 26 Sound,

13 839 139 38 -HTzSff^^
168 844 75 23 James
272 845 98 22 Jackson
399 848 88 19 master.
530 845 43 21 For

13 866 138 37 VtbxS^J
167 872 81 26 freight
257 879 24 14 or
290 879 99 20 passage,
401 872 65 27 apply
476 875 22 18 to

140 907 123 24 Wallace,
279 906 93 26 White,
389 906 45 21 and
448 905 122 22 Wallace.

137 952 52 20 For
203 951 104 20 Nelson
322 950 104 21 Haven.

16 981 87 39 s/jtfjhK
140 987 91 22 riIHE
246 987 45 21 fine
309 987 43 20 fast
368 987 80 27 sailing
464 987 108 22 schooner

26 1008 92 38 J||*-s*§r
147 1008 30 27 JL
214 1015 158 24 Perseverance,
384 1014 95 21 Edward
490 1014 82 27 Bishop

11 1035 127 38 /O3Jra»
153 1044 87 23 master,
248 1040 45 22 will
303 1040 41 21 sail
354 1040 35 21 for
396 1040 38 21 the
442 1040 69 22 above
520 1040 52 22 Port

9 1061 130 39 oopsisgia
154 1074 28 15 on
189 1074 25 15 or
220 1068 68 21 about
295 1067 37 22 the
347 1067 52 21 16th
411 1067 70 27 April,
493 1067 78 22 should

10 1088 128 36 qgjg^l^
154 1094 108 22 sufficient
280 1094 146 21 inducement
441 1094 59 21 offer.
529 1094 43 21 For

152 1121 82 27 freight
248 1127 24 15 or
290 1127 100 21 passage,
411 1120 66 28 apply
493 1124 23 18 to
533 1121 37 21 the

10 1150 74 29 Captain
94 1156 27 15 on
130 1147 75 27 board,
216 1155 24 14 or
250 1150 22 19 to

269 1174 63 21 John
348 1174 82 26 Wade,
446 1174 32 21 Te
488 1174 54 21 Aro.

29 1203 54 29 April
93 1204 30 25 12,
134 1202 59 22 1842.

163 1248 52 19 For
228 1245 166 27 Wanganui,

9 1284 51 25 Daily
69 1282 90 26 expected
166 1281 60 25 from
243 1281 35 19 the
293 1281 61 19 above
361 1281 68 24 place,
442 1280 41 19 and
491 1280 44 19 will
549 1280 23 19 be

30 1310 105 26 dispatched
143 1308 143 24 immediately,
297 1308 24 24 if
326 1314 25 13 no
358 1308 116 24 purchaser
483 1307 59 24 offer,

44 1340 61 26 jgjc*
162 1335 114 21 nnHAT
294 1335 45 20 fine
354 1335 45 20 fast
412 1334 78 27 sailing
503 1336 69 18 cutter

36 1355 88 38 jwiß^v
168 1355 29 29 JL
242 1362 110 20 Catherine
370 1362 118 19 Johnstone.
528 1361 44 20 For

36 1387 115 34 KgssiSwk'
173 1388 81 28 freight
264 1395 24 14 or
297 1395 99 21 passage,
408 1388 65 27 apply
483 1390 22 18 to

170 1425 122 26 Wallace,
304 1425 92 26 White,
413 1425 21 21 &
447 1423 123 23 Wallace.

18 1446 138 35 ggrtcitfjigy
189 1452 62 27 April
262 1453 33 24 12,
307 1453 61 20 1841.

163 1497 52 20 For
229 1496 167 25 Manewatu,

17 1533 36 21 Will
60 1532 20 20 be
88 1531 116 26 dispatclied
208 1531 40 24 for
257 1530 35 20 the
302 1531 60 19 above
368 1531 62 24 place
436 1530 136 25 immediately

32 1566 44 19 upon
84 1559 35 20 her
128 1560 71 19 return
206 1558 61 25 from
279 1557 75 26 Cloudy
364 1559 46 24 Bay
420 1558 42 19 and
478 1559 64 22 Queen

177 1584 123 21 Charlotte's
313 1585 79 24 Sound,

17 1615 89 36 xTjylgL
148 1618 112 33 HpHAT
291 1618 51 22 well
370 1618 83 21 known
486 1618 87 26 regular

34 1639 86 27 is'HfiL
154 1639 30 28 JL
208 1646 73 21 trader
290 1645 108 22 schooner
404 1646 82 25 Henry,
497 1645 75 21 James

14 1666 128 38 JsjPsßfi^
161 1672 120 27 Daymond
290 1675 89 18 master.
408 1672 43 21 For
458 1672 81 26 freight
549 1679 24 14 or

10 1693 133 40 ]m^mmm.
160 1706 14 20 P
177 1705 45 15 assa
223 1707 14 19 s
239 1707 11 14 e
251 1715 6 11 >
269 1698 66 28 apply
344 1702 24 17 to

157 1751 122 26 Wallace,
290 1752 93 25 White,
394 1751 45 22 and
449 1752 71 21 Wall
526 1759 46 14 \ce.

32 1797 47 20 For
92 1798 119 24 Akaroa,
225 1797 106 24 Peraki,
347 1796 118 25 Ikalaki,
481 1797 54 20 and

208 1825 40 19 Go
251 1824 105 24 ashore,

9 1857 84 26 Reported
104 1858 20 19 to
136 1858 22 20 be
168 1858 21 19 in
203 1858 75 25 Cloudy
287 1858 53 25 Bay,
353 1863 26 13 on
389 1858 38 19 her
436 1859 73 18 return
512 1856 61 25 from

9 1895 9 15 l
25 1886 68 19 Nelson
102 1886 80 24 Haven,
194 1886 41 19 and
246 1886 45 19 will
305 1886 23 19 be
342 1884 122 26 dispatched
475 1886 69 18 imme-

137 1912 78 24 diately
224 1919 53 19 upon
287 1913 38 19 her
334 1913 86 22 arrival,

13 1944 80 27 s*^T&z\
140 1939 113 22 nnHAT
304 1945 49 15 new
395 1938 81 26 clipper
516 1937 57 22 built

30 1964 84 31 jw^EL
147 1959 28 27 JL
214 1964 108 22 schooner
338 1966 60 24 Rory
414 1964 91 25 O'More,
526 1964 44 21 Mr.

10 1985 126 40 jlfeP^
152 1990 32 22 H.
203 1991 76 21 Sutton
300 1994 91 18 master.
429 1991 43 21 For
490 1990 81 27 freight

8 2013 128 37 2|hßmM|P
152 2025 25 14 or
186 2025 97 19 passage,
295 2017 66 28 apply
373 2021 22 17 to

8 2047 127 36 C£§j§pF
152 2056 120 24 Wallace,
285 2054 93 26 White,
389 2055 21 21 &
419 2053 123 22 Wallace.

210 2101 51 20 For
274 2100 70 24 Sale,

43 2136 88 25 Delivery
141 2142 25 14 oti
175 2135 36 19 her
220 2136 73 18 return
299 2133 62 25 from
383 2133 77 24 Cloitdy
472 2133 54 25 Bay.

12 2164 87 39 <<i^-,
141 2170 88 33 rpHE
244 2170 76 21 FINE
341 2169 109 21 schooner
467 2171 99 23 Blossom,

23 2190 96 39 jm>!!w&
147 2204 28 16 J-
199 2197 67 21 about
277 2199 28 19 60
319 2197 59 21 Tons
392 2196 103 28 burthen,
507 2197 61 27 Capt.

10 2248 126 39 sga||S|Bfa
166 2254 43 22 She
215 2255 17 21 is
240 2253 49 22 well
297 2254 69 22 found
370 2255 23 21 in
399 2262 67 19 every
472 2258 84 24 respect
563 2261 5 18 ;

10 2276 125 31 ?s*B3§iijßS'
154 2281 38 22 has
211 2281 98 27 superior
322 2281 187 27 accomodations,
527 2282 43 21 and

151 2309 18 21 is
179 2308 47 21 well
236 2308 95 27 adapted
338 2308 35 21 for
383 2316 13 14 a
406 2308 56 22 New
471 2308 99 22 Zealand

10 2333 71 23 Trader.
108 2335 71 28 Apply
189 2338 22 18 to

373 2361 91 22 Willis
475 2361 44 22 and
529 2362 39 21 Co.

10 2385 119 30 Wellington,
140 2388 77 22 March
226 2390 32 25 28,
272 2389 60 21 1842.

210 2434 52 19 For
273 2433 69 25 Sale,

32 2460 52 37 ij|S
112 2464 93 33 npHE
232 2464 51 22 well
313 2464 90 27 known,
429 2464 139 28 fast-sailing,

26 2486 77 38 JBuplk
121 2486 23 25 JL
178 2494 70 18 cutter
264 2492 69 25 Royal
354 2493 100 23 William,
473 2493 27 20 43
519 2495 51 18 tons

15 2512 93 39 gSgjjigll
155 2518 95 27 register,
268 2518 53 21 with
338 2518 30 22 all
385 2518 40 22 her
442 2522 76 23 stores,
530 2519 38 21 &c.

15 2540 93 30 SgSii^
127 2544 37 22 &c.
181 2545 39 21 &c.
248 2545 70 21 Stows
335 2552 12 14 a
359 2545 61 27 large
438 2553 72 19 cargo,
526 2545 45 22 and

126 2571 73 21 makes
216 2579 28 20 up
259 2571 51 22 four
324 2572 77 22 berths
415 2573 24 21 in
451 2572 35 21 the
497 2572 72 22 cabin.

13 2600 31 15 one
55 2594 36 23 lias
99 2598 79 26 proved
187 2598 83 22 herself
280 2606 14 14 a
306 2599 60 26 good
375 2606 38 14 sea
427 2599 60 26 boat,
498 2599 45 21 and
551 2599 20 21 is

11 2620 37 21 well
60 2622 86 28 adapted
159 2625 34 21 for
208 2626 87 26 trading
312 2626 99 21 between
429 2625 37 22 the
483 2625 88 22 various

12 2647 114 24 •ettlements
136 2658 26 14 on
174 2651 36 21 the
221 2655 59 18 coast
290 2652 26 22 of
327 2652 57 22 New
394 2652 108 22 Zealand.

31 2673 35 23 For
74 2676 78 22 further
159 2679 135 26 particulars,
307 2679 68 27 apply
385 2682 23 18 to

197 2711 21 21 J.
229 2712 32 21 M.
272 2711 101 27 Taylor,
386 2712 156 26 Ship-Broker,

12 2761 13 2 _
309 2738 31 21 Te
352 2739 55 20 Aro.

210 2783 51 20 For
277 2784 68 20 Sale.

104 2815 87 35 npilE
201 2816 43 22 fine
261 2817 44 21 fast
315 2816 80 27 sailing
411 2820 74 18 cutter
496 2819 74 19 Cathe-

36 2844 61 32 iftgji.
110 2838 27 26 JL
186 2844 44 19 rine
246 2844 108 25 Johnston,
380 2844 68 21 about
472 2845 24 20 15
521 2847 49 18 tons

20 2865 79 35 VggS^
116 2868 97 29 burthen,
240 2870 91 27 Sydney
353 2870 65 25 built,
449 2871 44 21 and
520 2871 50 21 well

12 2900 90 18 wroaa
116 2895 73 23 found.
218 2897 42 22 She
268 2897 40 21 has
319 2897 84 27 proved
413 2897 85 21 herself
505 2904 14 14 a
525 2897 45 22 fine

120 2929 34 15 sea
171 2923 58 27 boat,
244 2924 84 25 having
345 2923 67 21 made
428 2923 38 21 the
486 2931 84 20 voyage

11 2945 42 28 ipm
68 2946 82 33 Sydney
162 2952 22 19 to
203 2950 123 22 Auckland.
356 2950 43 22 For
418 2949 86 23 further
522 2958 49 19 par-

10 2972 76 27 ticulars,
97 2976 60 27 apply
171 2980 21 18 to

117 3002 119 29 Wallace,
251 3003 93 27 White,
360 3003 45 22 and
418 3003 125 23 Wallace.

13 3029 144 34 Wellington,
167 3036 77 23 March
254 3039 34 23 21,
300 3038 60 21 1842.

2 3096 2 13 ,
17 3073 137 41 JOHNSON
168 3081 43 21 and
225 3081 111 22 MOORE
350 3080 58 22 have
424 3081 48 27 just
485 3081 86 28 opened

2 3124 2 6 ,
12 3102 18 17 v
61 3102 32 23 the
103 3105 107 28 following
218 3108 69 27 goods
294 3116 5 13 :
301 3119 29 4 —

30 3128 74 24 Ladies
118 3139 55 16 drab
189 3141 43 14 and
248 3142 80 14 brown
344 3141 51 15 silk
410 3141 120 20 parasols,

150 3163 74 19 cotton
234 3161 43 26 do.,
288 3161 106 27 gingham
403 3161 127 26 umbrellas,

32 3182 8 19 t
46 3182 78 29 henille,
136 3186 96 27 damask,
243 3187 40 22 and
295 3188 64 21 other
368 3187 86 26 shavrls,

31 3209 53 22 India
98 3212 79 23 rubber
189 3213 81 28 braces,
288 3214 144 22 Mackintosh
450 3220 64 21 capes
526 3214 44 22 and

11 3236 51 24 coats,

30 3259 55 25 Camp
98 3271 66 17 ovens
175 3266 38 26 (all
222 3267 73 27 sizes),
308 3274 63 20 camp
381 3267 88 26 kettles,

29 3289 41 20 *wt
84 3297 42 15 and
144 3300 73 15 mouse
230 3302 78 19 traps,
328 3294 110 27 weighing
457 3293 113 23 machines

11 3311 32 22 and
51 3317 126 29 steel-yards,

30 3340 105 26 Japanned
144 3346 148 27 candlesticks,
301 3347 60 28 spice
367 3346 43 22 and
421 3353 66 20 sugar
492 3347 76 27 boxes,

12 3368 38 19 cash
58 3368 68 29 boxes,
136 3373 108 27 spittoons,
256 3375 40 21 &c.
307 3375 40 21 &c.

29 3399 63 18 brass
106 3404 67 16 flush
188 3407 73 20 bolts,
276 3400 43 22 rim
334 3400 44 22 and
393 3400 93 22 mortice
498 3400 69 27 locks,

11 3421 9 15 a
22 3424 28 16 °or
62 3421 106 35 knockers,
185 3425 51 23 door
251 3426 84 27 chains,
349 3427 45 27 dog
411 3426 83 28 chains,
511 3434 58 14 mea-

10 3448 67 20 suring
99 3456 71 22 tapes,
193 3452 91 23 bracket
305 3454 65 26 globe
389 3453 78 27 lamps,
488 3453 45 22 and
555 3461 15 15 a

9 3474 68 25 variety
86 3476 23 20 of
114 3479 68 21 useful
192 3478 124 28 hardware;
486 3483 19 21 '.

29 3501 48 20 «oaf
90 3502 73 24 cheese
178 3505 23 22 in
215 3506 38 27 tin,
265 3506 103 27 oatmeal,
383 3514 60 19 peas,
457 3506 109 27 saltpetre,
576 3516 2 14 i

10 3523 40 23 soda
52 3526 67 30 .blue,
130 3532 77 27 starch,
218 3540 58 21 soap,
288 3535 39 21 &o.
339 3534 41 21 &c.

29 3556 59 25 ntch,
99 3556 122 24 Stockholm
230 3562 39 25 tar,
280 3560 67 27 paint,
359 3560 47 27 oils,
417 3560 45 22 and
478 3563 90 23 turpen-

29 3602 41 24 Felt
77 3607 32 22 for
116 3611 88 26 roofing,
215 3612 39 22 &c.

98 3639 46 18 cwt.
155 3638 25 21 of
187 3638 56 22 Hutt
251 3641 101 22 potatoes
361 3640 36 21 for
406 3640 54 21 sale.

9 3681 205 72 TLand
229 3688 34 15 on
277 3683 46 21 the
338 3684 77 20 Hutt.

44 3708 16 21 0
73 3709 36 23 BE
123 3713 83 28 SOLD,
218 3723 13 14 a
238 3715 59 22 lease
307 3717 25 21 of
339 3716 37 22 the
387 3716 89 23 Section
487 3718 44 21 No.
539 3718 27 21 24

29 3761 12 7 
66 3743 26 15 on
100 3739 36 21 the
142 3740 63 27 Hutt,
213 3742 52 21 with
274 3749 14 14 a
297 3743 71 27 newly
377 3744 88 21 erected
472 3744 93 22 wooden

99 3767 34 20 the
151 3768 86 26 potatoe
253 3775 52 21 crop
321 3777 28 14 on
364 3769 38 22 the
418 3770 92 28 ground,
522 3771 50 21 and'

8 3791 15 12 w
24 3791 31 17 ner
59 3795 170 23 improvements.
257 3794 43 22 For
309 3798 66 19 terms
382 3796 25 21 of
411 3796 53 28 sale,
472 3797 65 27 apply
543 3801 22 18 to

9 3844 20 3 —
210 3826 75 28 Hort,
301 3828 123 27 Mocatta,
440 3826 51 25 and'
499 3830 38 22 Co.

8 3859 100 43 SjEEDS,
118 3868 36 22 the
163 3870 94 25 produce
272 3871 26 21 of
310 3871 37 23 the
364 3873 94 28 Colony,
469 3874 33 22 for
517 3874 45 22 m1«
572 3888 3 9 ,

1400 673 97 21 Public
1511 673 103 21 Pound.

1219 704 214 49 IMPOUNDED,
1450 707 9 20 1
1473 706 65 21 black
1548 714 43 15 sow
1602 707 45 21 and
1657 708 10 21 1
1680 707 64 22 black
1755 708 45 21 and

1274 731 64 21 white
1358 739 44 14 sow
1418 732 51 21 with
1487 733 53 22 both
1555 741 48 14 ears
1621 734 36 21 slit
1664 741 4 14 :
1683 734 19 21 if
1717 738 40 17 not
1765 742 35 14 re-

1220 757 79 28 leased,
1309 757 45 23 will
1363 759 27 21 be
1400 759 47 21 sold
1457 760 22 21 in
1488 761 25 19 21
1527 760 59 27 days.

1407 786 25 21 T.
1444 786 23 21 C.
1483 786 101 27 Butler,
1594 787 177 26 Pound-keeper.

1245 811 63 27 April
1320 813 18 24 1,
1351 813 59 20 1842.

1218 854 78 23 PORT
1316 855 183 23 NICHOLSON
1527 857 66 22 AND
1617 857 182 23 WANGANUI.

1327 890 92 20 Lands
1428 892 28 18 to
1466 891 34 20 be
1511 891 48 20 Let
1570 897 29 15 or
1610 891 72 21 Sold.

1219 921 160 48 SEVERAL
1398 923 70 22 Town
1487 924 43 21 and
1544 924 100 27 Coiintry
1663 925 95 22 sections
1776 925 22 21 in

1280 948 36 22 the
1330 950 52 21 Port
1393 950 121 22 Nicholson
1532 950 89 28 district,
1637 952 44 21 and
1701 953 98 25 Country

1217 976 92 21 sections
1316 977 23 20 in
1349 976 37 21 the
1396 976 126 27 Wanganui
1532 977 89 27 district,
1632 978 53 21 with
1694 978 36 22 the
1739 979 61 25 right

1217 1001 25 21 of
1262 1002 59 27 early
1340 1002 87 23 choices
1447 1004 80 26 (under
1542 1005 35 25 14)
1595 1005 25 20 of
1640 1005 38 20 the
1692 1005 107 22 intended

1217 1028 106 28 township
1331 1029 67 27 there,
1408 1034 22 17 to
1436 1030 27 21 be
1469 1030 49 22 sold
1525 1038 22 14 or
1554 1031 37 21 let.
1621 1031 43 22 For
1671 1032 128 26 particulars

1217 1054 43 21 and
1270 1058 72 24 terms,
1353 1057 66 27 apply
1430 1060 22 17 to

1283 1086 3 7 '
1399 1084 93 21 Robert
1507 1084 27 21 R.
1548 1084 100 27 Strang,
1663 1084 107 23 Solicitor.

1244 1108 142 28 Wellington,
1396 1110 59 21 Nov.
1464 1111 35 25 25,
1511 1112 49 19 1841

1285 1155 42 19 Ex
1506 1156 52 19 and

1219 1188 113 47 CORD,
1342 1188 55 25 lace,
1408 1188 94 27 quilting
1513 1192 42 22 net,
1567 1188 67 27 gimp,

1288 1214 95 27 Figured
1393 1215 54 26 lace,
1459 1215 66 26 fancy
1535 1216 44 21 and
1587 1215 60 26 plain
1657 1218 43 24 net,

1245 1240 63 21 Wool
1318 1241 84 26 shawls,
1414 1241 40 20 &c.
1465 1242 49 26 &c,

1245 1267 64 22 Duck
1318 1271 108 22 trowsers,
1437 1267 79 27 frocks,
1528 1268 46 26 &c,

1245 1294 111 27 Blankets,
1367 1301 58 20 rugs,
1437 1294 77 27 prints,
1525 1295 47 26 &c,

1245 1321 74 26 Shirts,
1328 1321 94 27 jackets,
1433 1324 106 23 trowsers,
1551 1322 47 25 &c,

1245 1347 94 27 Ploughs
1350 1348 43 21 and
1403 1348 141 26 agricultural
1553 1348 148 27 implements,

1245 1374 36 21 An
1292 1375 112 23 extensive
1415 1375 32 20 lot
1459 1375 24 20 of
1492 1375 61 26 nails,

1245 1401 159 27 Ironmongery
1415 1401 26 21 of
1448 1401 28 21 all
1487 1402 69 21 kinds.

1351 1434 121 26 Wallace,
1490 1434 89 25 White,
1591 1435 44 21 and
1649 1435 121 22 Wallace.

1455 1479 102 24 Bricks,

1218 1512 86 48 FOR
1320 1512 82 26 SALE,
1415 1515 23 18 at
1454 1514 45 20 60s.
1517 1521 37 19 per
1572 1513 116 22 thousand.
1722 1514 76 26 Apply

1276 1543 21 17 to
1314 1540 21 21 J.
1354 1540 93 25 Pimble,
1460 1543 21 18 at
1495 1540 36 21 the
1549 1540 167 28 Sydney-street
1732 1542 66 20 Brick

1217 1566 44 21 and
1270 1566 46 21 Tile
1334 1566 86 26 Works,
1432 1569 23 18 at
1464 1567 37 21 the
1518 1574 47 14 rear
1575 1568 25 20 of
1612 1568 90 21 Colonel
1718 1567 79 22 Wake-

1404 1593 70 22 field's
1489 1594 119 21 residence.

1282 1619 76 22 Terms
1361 1631 25 3 —
1388 1620 52 21 cash
1450 1628 28 13 on
1490 1620 97 28 delivery
1598 1623 23 18 at
1632 1620 37 22 the
1679 1621 53 21 kiln.

1400 1665 44 19 Ex

1219 1697 70 48 ON
1313 1697 83 27 SALE,
1416 1700 23 19 at
1458 1698 36 21 the
1514 1699 72 21 Stores
1610 1699 26 21 of
1657 1699 37 21 the
1715 1698 83 23 under-

1293 1724 84 26 signed,

1218 1750 95 21 SEVEN
1339 1751 68 21 AND
1431 1752 22 20 A
1476 1752 84 21 HALF
1585 1752 79 21 TONS
1688 1752 110 21 SHING-

1323 1778 78 21 LING
1417 1778 65 21 AND
1499 1779 75 21 ROSE
1588 1779 100 25 NAILS,

1243 1804 40 20 200
1293 1804 52 26 kegs
1355 1804 48 21 best
1414 1804 64 21 white
1488 1805 56 26 lead,

1245 1830 94 21 Linseed
1349 1831 36 26 oil,
1397 1832 133 26 turpentine,
1541 1832 43 21 and
1594 1832 80 26 paints,

1245 1856 99 22 Window
1353 1858 64 26 glass,
1429 1858 30 21 all
1468 1858 63 27 sizes,
1541 1859 38 21 &c.
1591 1861 39 18 tire.

1554 1893 21 21 J.
1593 1892 32 22 M.
1641 1893 99 26 Taylor,

1668 1919 31 21 Te
1714 1920 54 20 Avo.

1411 1963 42 19 Ex

1224 1994 95 22 TOHN
1334 1995 101 21 HALES
1450 1996 53 26 begs
1513 1999 22 17 to
1544 1996 101 21 intimate
1655 1996 48 20 that
1718 1996 28 20 he
1756 1996 40 20 has

1217 2023 25 19 fJ
1280 2022 41 21 had
1341 2022 122 26 consigned
1480 2027 22 16 to
1516 2022 52 26 him,
1588 2030 39 18 per
1647 2023 83 24 Clifton,
1752 2023 44 20 and

1216 2055 36 14 are
1266 2052 21 17 at
1302 2049 33 21 his
1350 2049 102 27 disposal,
1464 2050 70 20 either
1548 2050 116 20 wholesale
1681 2057 24 13 or
1723 2050 72 24 retail,

1216 2079 23 16 at
1254 2075 39 21 low
1309 2076 77 26 prices,
1406 2076 34 21 for
1459 2076 59 26 cash,
1537 2076 37 21 the
1589 2076 113 27 following
1718 2076 76 27 goods,

1216 2102 34 21 viz
1258 2109 4 13 :
1264 2112 27 4 —

1243 2128 90 27 Pickles,
1344 2128 42 22 fish
1396 2136 83 18 sauces,
1492 2129 68 21 currie
1572 2130 94 26 powder,
1678 2133 60 23 paste
1749 2130 45 20 and

1214 2154 68 28 liquid
1299 2156 110 26 blacking,
1428 2156 92 26 English
1536 2156 90 26 leather,
1641 2157 70 25 boots,
1722 2156 71 26 shoes,

1216 2181 43 21 and
1269 2182 146 22 shoemakers'
1425 2182 62 27 tools,
1496 2182 57 21 cloth
1561 2183 44 21 and
1616 2183 84 21 leather
1709 2190 52 20 caps
1771 2183 22 21 in

1215 2211 61 23 great
1285 2210 90 26 variety,
1387 2209 97 26 wearing
1494 2210 94 26 apparel,
1599 2213 74 17 cotton
1686 2210 107 20 furniture

1215 2235 33 20 for
1257 2235 70 27 lining
1337 2243 78 18 rooms,
1429 2236 47 25 &c,
1494 2236 86 21 cabinet
1589 2236 46 26 ink,
1647 2236 52 21 seed
1712 2237 81 25 wheat,

1215 2261 81 27 barley,
1313 2265 53 23 oats,
1377 2262 44 22 and
1431 2262 50 21 blue
1492 2262 44 21 and
1546 2262 63 22 white
1619 2270 59 19 peas,
1691 2264 100 25 oatmeal,

1216 2288 77 21 Scotch
1321 2289 45 21 and
1393 2288 61 27 pearl
1480 2288 81 27 barley,
1586 2290 104 26 isuperior
1717 2293 78 23 patent

1215 2314 107 23 breeched
1344 2316 80 21 double
1449 2316 44 21 and
1517 2316 188 26 single-barrelled
1728 2323 64 20 guns,

1215 2340 65 28 flints,
1295 2342 66 21 flasks
1377 2343 43 20 and
1437 2342 63 26 belts,
1516 2343 48 20 sasli
1580 2342 61 26 tools,
1654 2342 56 27 glue,
1728 2344 65 20 horse

1215 2368 52 25 hair,
1279 2368 47 21 hair
1335 2370 92 25 seating,
1437 2369 162 27 ironmongery,
1612 2370 40 20 &c.
1664 2370 38 20 &c.

1241 2394 51 22 Two
1302 2396 68 21 Town
1381 2396 71 21 Acres
1462 2399 21 18 to
1494 2396 31 21 let
1534 2396 20 21 in
1565 2396 106 26 portions.

1242 2422 192 26 Ingestrie-atreefc,
1446 2422 30 21 Te
1487 2423 47 21 Aro
1544 2423 55 20 Flat.

1280 2467 52 21 For
1343 2468 68 23 Sale,
1422 2474 36 14 ex
1491 2467 86 21 Maria

1214 2500 50 47 A
1278 2499 132 23 NUMBER
1420 2501 25 20 of
1455 2500 72 22 useful
1542 2500 86 21 articles
1639 2501 24 20 of
1676 2500 117 22 Furniture

1291 2528 44 20 and
1346 2527 63 22 other
1418 2527 73 27 goods,
1502 2530 48 24 part
1560 2528 25 20 of
1596 2527 37 21 the
1645 2534 63 19 cargo
1718 2528 26 21 of
1755 2528 36 20 the

1213 2554 70 19 Maria
1298 2556 94 19 Theresa.
1424 2554 50 21 Will
1492 2555 26 20 be
1534 2554 78 21 landed
1629 2554 52 21 here
1697 2554 33 21 for
1746 2554 45 21 sale

1213 2580 78 21 should
1299 2581 81 27 buyers
1391 2580 65 27 offer;
1473 2581 60 26 early
1542 2580 130 28 application
1686 2581 18 21 is
1715 2588 77 14 neces-
1801 2582 2 21 !

1215 2613 56 21 sary.
1299 2608 74 27 Apply
1382 2611 23 18 to

1606 2634 64 21 John
1685 2633 80 22 Wade

1216 2659 140 27 Wellington,
1368 2660 80 22 March
1459 2662 32 24 18,
1504 2662 58 19 1812.

1216 2704 85 35 T^OR
1315 2705 84 27 SALE,
1410 2705 30 27 by
1450 2705 37 21 the
1497 2705 175 27 undersigned-

1243 2758 99 26 Superior
1351 2761 50 24 port
1411 2758 44 21 and
1466 2758 75 27 sherry
1550 2759 24 21 in
1585 2766 67 19 cases,

1243 2783 139 28 Champagne
1393 2785 22 21 in
1426 2785 62 27 ditto,

1243 2810 87 28 Brandy
1340 2812 22 20 in
1374 2815 89 24 quarter
1473 2812 69 27 casks,

1243 2837 44 22 Gin
1295 2838 24 21 in
1329 2838 64 22 hhds.

1537 2865 23 22 T.
1575 2866 32 21 M.
1624 2867 142 20 Partridqb.

1216 2890 77 21 March
1302 2892 33 26 25,
1347 2893 60 20 1842.

1217 2934 70 48 ON
1298 2935 83 27 SALE,
1389 2939 23 18 at
1419 2935 37 21 the
1464 2937 72 20 Stores
1544 2936 23 20 of
1575 2936 35 20 the
1618 2935 147 26 undersigned
1767 2946 28 4 —

1291 2962 70 21 Black
1376 2962 46 21 and
1437 2969 67 19 green
1520 2966 50 22 teas,
1588 2969 71 19 cocoa,
1675 2963 73 24 coffee,
1760 2969 35 13 re-

1215 2986 59 22 fined
1283 2989 43 20 and
1339 2989 75 21 brown
1429 2996 88 19 sugars;
1534 2996 13 13 a
1555 2989 85 26 variety
1650 2988 24 22 of
1685 2989 56 26 jams
1751 2989 44 21 and

1212 3013 76 26 jellies,
1304 3015 23 21 in
1346 3015 118 26 quantities
1478 3019 23 17 to
1518 3015 41 20 suit
1577 3015 105 24 families;
1703 3015 90 26 brandy,

1214 3039 93 23 cherries
1322 3040 43 22 and
1379 3041 62 21 dried
1460 3040 81 28 apples,
1556 3041 43 21 fine
1614 3041 37 20 old
1667 3040 128 22 Gloucester

1215 3066 43 21 and
1271 3067 73 22 Dutch
1360 3067 85 27 cheese,
1462 3067 106 21 Hambro'
1585 3068 79 25 butter,
1676 3067 60 21 York
1750 3067 45 21 and

1215 3093 116 22 American
1349 3094 70 27 hams,
1443 3101 71 20 sperm
1534 3094 43 21 and
1600 3093 76 21 mould
1691 3094 87 21 candles
1788 3102 5 19 ;

1215 3119 62 27 olive,
1292 3121 90 26 linseed,
1400 3121 45 21 and
1455 3120 66 22 black
1534 3120 27 21 oil
1572 3128 5 19 ;
1596 3120 65 21 white
1674 3120 42 21 and
1731 3121 64 21 black

1213 3146 56 26 lead,
1281 3148 99 27 saltpetre
1392 3148 44 21 and
1453 3148 69 27 spices
1533 3147 23 21 of
1570 3147 29 21 all
1609 3150 55 18 sorts
1671 3154 5 19 ;
1693 3147 101 26 oatmeal,

1215 3179 58 20 sago,
1285 3175 49 26 rice,
1347 3174 44 22 and
1401 3175 68 26 flour;
1481 3182 28 13 an
1525 3177 127 17 assortment
1668 3173 24 21 of
1704 3174 89 26 leather,

1214 3199 106 28 hobnails,
1332 3201 75 27 sprigs,
1419 3201 40 21 &c.
1467 3208 6 19 ;
1484 3201 63 21 shoes
1556 3200 43 21 and
1614 3201 61 20 boots
1685 3201 25 20 of
1716 3201 30 21 all
1758 3201 38 21 de-

1215 3226 117 27 scriptions,
1344 3227 42 21 fine
1404 3227 124 21 Cavendish
1538 3227 96 26 tobacco,
1646 3227 71 26 snuffs,
1730 3227 44 21 and
1784 3235 12 13 a

1214 3252 41 22 few
1264 3260 59 14 cases
1332 3255 59 25 large
1398 3254 57 21 bowl
1464 3254 68 27 pipes,
1543 3253 43 21 and
1596 3257 62 17 otner
1664 3253 85 22 articles
1760 3257 36 18 too

1215 3286 117 16 numerous
1340 3285 21 17 to
1372 3281 105 21 mention.

1353 3324 137 14 WHOLESALE
1506 3324 43 14 AND
1564 3324 91 14 RETAIL.

1499 3350 30 22 D.
1545 3351 20 21 S.
1581 3350 78 22 Durie
1674 3350 42 22 and
1731 3351 37 21 Co.

1217 3393 69 48 ON
1300 3394 84 26 SALE,
1397 3397 22 18 at
1429 3394 37 21 the
1478 3394 72 21 Stores
1560 3394 25 21 of
1591 3394 35 21 the
1637 3393 156 27 undersigned,

1307 3420 153 22 WHALING
1476 3420 85 22 GEAR
1575 3421 46 21 and
1634 3421 119 26 STORES,

1402 3447 101 27 recently
1514 3447 92 22 arrived.

1567 3481 88 21 Willis
1671 3480 44 22 and
1728 3481 40 21 Co.

1241 3507 141 27 Wellington,
1394 3507 80 22 March
1482 3509 20 25 1,
1514 3509 58 19 1842.

1269 3546 38 21 To
1320 3547 83 20 Stand
1418 3547 29 18 to
1462 3546 84 19 Cover
1560 3545 54 20 this
1631 3545 110 24 Season,

1375 3581 31 19 At
1415 3579 139 24 Berhampore
1562 3579 71 24 Farm,

1215 3605 57 22 That
1281 3606 49 22 well
1339 3606 81 22 known
1431 3605 64 21 horse
1506 3605 85 26 Figaro,
1608 3605 37 21 the
1660 3607 103 24 property
1774 3605 24 20 of

1394 3633 77 21 James
1481 3631 66 25 Watt,
1559 3631 51 26 Esq.

1216 3659 144 47 FIGARO
1370 3666 44 15 was
1422 3658 75 22 foaled
1506 3658 23 20 in
1541 3657 122 22 December
1681 3658 59 26 1837,
1758 3661 38 22 got

1287 3686 28 27 by
1326 3687 114 26 Operator,
1452 3684 51 22 dam
1515 3683 113 26 Adelaide,
1639 3684 30 27 by
1677 3683 117 28 Theorum,

1242 3713 106 25 Operator
1357 3720 44 14 was
1410 3711 73 22 foaled
1494 3711 23 21 in
1528 3712 58 25 1832,
1597 3713 38 23 got
1649 3711 30 26 by
1695 3711 99 27 Emilius,

1215 3738 50 22 dam
1276 3739 120 21 Worthless
1404 3739 29 26 by
1445 3737 96 26 Walton,
1552 3741 39 17 out
1600 3737 25 21 of
1639 3737 117 22 Altisidora
1767 3737 29 27 by

1214 3765 58 21 Dick
1282 3765 114 22 Andrews.

1240 3792 73 27 Every
1321 3792 110 22 attention
1441 3790 44 23 will
1495 3791 27 21 be
1532 3789 50 28 paid
1592 3793 22 18 to
1629 3796 72 15 mares
1714 3793 51 19 sent
1774 3794 22 18 to

1212 3817 54 22 him.

1241 3844 94 28 Charges
1353 3844 35 22 for
1407 3843 55 23 each
1480 3850 67 19 mare,
1566 3842 53 23 with
1637 3850 14 14 a
1669 3847 126 23 guarantee,

1213 3878 67 15 seven
1289 3872 102 26 guineas;
1407 3869 93 23 without
1509 3873 127 24 guarantee,
1646 3869 44 23 five
1697 3871 98 26 guineas,

1213 3898 124 27 Groomage
1346 3895 112 25 included.
