2433 3965
1233 1280 93 69 New
1357 1280 218 69 Zealand
1606 1280 218 69 Gazette

1283 1358 68 22 AND
1365 1356 212 23 WELLINGTON
1591 1349 186 30 SPECTATOR.

1309 1424 4 7 >
1347 1411 156 25 Wednesday,
1520 1412 75 21 April
1610 1412 33 25 13,
1655 1411 60 21 1842.

1237 1472 2 3 •
1273 1464 36 31 By
1314 1464 45 23 'the
1370 1461 97 26 Martha
1476 1462 120 32 Ridgway,
1610 1462 89 24 arrived
1708 1462 118 31 yesterday

1238 1498 59 23 from
1309 1497 121 24 Tasman's
1443 1496 63 29 Gulf,
1528 1504 33 16 we
1581 1496 57 23 have
1657 1495 90 24 Nelson
1763 1503 63 15 news

1239 1535 23 19 to
1274 1532 38 22 the
1324 1530 43 24 6th
1378 1531 92 22 instant.
1513 1530 43 23 All
1575 1537 46 16 was
1633 1530 71 30 going
1716 1536 28 15 on
1752 1529 75 22 better

1239 1564 55 24 than
1304 1563 59 23 well.
1412 1563 49 23 The
1473 1563 50 23 coal
1534 1563 43 23 and
1588 1563 122 23 limestone
1720 1561 71 24 found
1801 1563 26 21 in

1240 1597 118 24 Massacre
1369 1596 50 30 Bay
1430 1596 44 23 had
1485 1595 104 24 received
1599 1595 89 24 further
1696 1594 62 24 trials
1771 1594 56 24 with.

1240 1638 13 15 a
1264 1635 59 19 most
1332 1629 142 31 satisfactory
1485 1629 81 23 result.
1610 1628 52 24 The
1680 1628 54 23 land
1751 1629 26 22 in
1788 1628 39 23 the

1238 1662 105 25 Wairaa'a
1351 1662 88 23 district
1449 1669 46 16 was
1505 1661 105 33 reported
1619 1662 30 30 by
1659 1661 39 24 the
1707 1669 120 23 surveyors

1240 1701 22 19 to
1280 1697 27 23 be
1325 1695 112 24 excellent
1459 1696 24 22 in
1506 1695 86 31 quality
1603 1704 7 19 ;
1635 1695 45 23 and
1701 1694 62 24 there
1788 1702 38 15 are

1240 1732 91 26 20,000
1343 1737 64 15 acres
1427 1728 25 24 of
1473 1728 47 23 this
1539 1728 59 32 good
1620 1728 62 23 land.
1729 1727 34 24 At
1784 1735 42 16 one

1239 1764 54 22 time
1311 1763 64 23 there
1394 1770 58 15 were
1469 1761 88 24 vessels
1579 1762 24 22 in
1621 1761 39 23 the
1679 1760 84 24 Haven
1782 1761 45 23 and

1240 1796 87 24 outside
1357 1795 74 24 whose
1452 1795 80 23 united
1560 1799 97 26 tonnage
1685 1801 45 16 was
1751 1796 76 27 4,000

1239 1834 51 19 tons
1299 1839 6 20 ;
1318 1836 43 16 one
1374 1828 24 24 of
1412 1829 63 23 these
1487 1836 47 16 was
1558 1828 37 24 the
1609 1827 72 32 Hcpe
1692 1827 58 24 from
1762 1828 63 30 Syd-

1240 1871 50 23 ney,
1311 1871 14 15 a
1351 1862 86 32 barque
1463 1861 32 24 of-
1521 1863 49 23 600
1598 1865 60 25 tons,
1688 1861 54 23 with
1758 1868 68 21 cows,

1239 1901 73 26 goats,
1347 1895 46 23 and
1427 1902 82 21 mares,
1543 1895 36 23 for
1593 1908 5 4 -
1608 1895 100 23 Nelson.
1777 1894 49 23 Mr.

1240 1927 162 29 Wentwo'rth","
1408 1928 85 32 junior,
1513 1928 25 23 of
1562 1927 100 31 Sydney,
1681 1927 89 24 arrived
1801 1928 27 22 in

1240 1962 38 23 the
1306 1959 82 32 Hope;
1403 1960 73 24 which
1492 1960 47 24 had
1556 1960 124 31 proceeded
1698 1964 22 19 to
1749 1960 77 29 Lima,

1239 1995 91 29 leaving
1374 1994 42 23 her
1455 1996 73 28 'cargo
1574 1997 24 19 at
1636 1993 98 23 Nelson.

1241 2028 38 22 the
1300 2035 136 23 passengers
1457 2026 61 24 from
1537 2026 39 24 the
1593 2023 102 26 Martha
1715 2025 113 32 Ridgway

1240 2068 57 16 were
1309 2060 72 30 safely
1387 2059 81 24 landed
1480 2060 25 22 in
1516 2059 40 24 the
1566 2059 140 31 Company's
1716 2059 113 23 excellent

1240 2094 72 23 boats.
1358 2093 50 23 The
1433 2090 95 32 Clifton,
1552 2092 105 29 Birman,
1680 2092 49 23 arid*
1744 2091 84 24 Bolton

1240 2135 57 16 were
1309 2134 84 22 among
1403 2126 38 23 the
1451 2127 88 22 vessels
1551 2125 40 24 left
1603 2130 24 18 at
1642 2125 93 24 Nelson
1745 2125 32 31 by
1789 2125 39 23 the

1240 2158 97 25 Martha
1351 2158 119 32 Ridgway.
1507 2159 51 24 The
1570 2158 84 24 Bolton
1666 2159 44 23 had
1721 2159 54 23 rode
1788 2163 41 18 out

1241 2201 12 15 a
1264 2193 73 31 heavy
1348 2193 51 31 gale
1411 2192 86 24 outside
1509 2193 40 23 the
1565 2192 92 29 Haven,
1671 2190 45 26 arid
1725 2191 104 24 received

1240 2234 29 16 no
1290 2227 86 31 injury.
1412 2226 50 24 The
1484 2225 181 25 Custom-house
1685 2233 98 16 revenue
1807 2225 24 23 of

1241 2259 87 24 Nelson
1346 2268 46 15 was
1410 2259 120 31 becoming
1549 2259 162 24 considerable.
1747 2259 83 23 About

1240 2294 88 24 £1300
1338 2293 47 23 had
1396 2292 89 31 already
1496 2293 60 23 been
1568 2292 118 24 collected.

1274 2351 24 24 It
1307 2359 54 23 may
1372 2358 50 16 now
1441 2350 28 24 be
1482 2350 133 24 considered
1626 2351 153 28 certain^that
1789 2351 41 24 the

1241 2384 128 31 Municipal
1393 2384 151 32 Corporation
1563 2384 49 23 Act
1638 2384 49 23 will
1715 2392 57 16 soon
1799 2385 30 24 be

1240 2418 97 31 brought
1350 2418 48 23 into
1408 2418 115 31 operation
1532 2418 26 22 in
1568 2417 59 24 Port
1636 2417 136 30 Nicholson,
1784 2419 45 23 and

1241 2451 54 24 with
1306 2451 39 23 the
1357 2450 212 25 almost*universal
1587 2451 150 31 approbation
1749 2452 26 23 of
1789 2452 41 23 the

1241 2484 148 24 inhabitants.
1425 2484 49 24 The
1626 2484 25 24 of
1669 2484 117 24 Members
1807 2489 22 19 to

1241 2518 30 23 sit
1283 2518 24 23 in
1318 2518 38 23 the
1369 2517 72 24 Town
1454 2518 98 23 Council
1561 2518 47 23 will
1620 2518 92 23 become
1724 2525 29 16 an
1765 2518 66 32 early

1241 2551 55 31 duty
1305 2560 5 20 ;
1330 2551 47 23 and
1386 2559 33 16 we
1431 2551 55 23 have
1498 2558 83 17 reason
1592 2555 23 19 to
1631 2551 87 24 believe
1730 2551 50 24 that
1790 2552 40 24 the

1242 2584 76 25 choice
1329 2584 47 24 will
1389 2584 28 24 be
1427 2584 66 24 made
1507 2584 58 24 with
1582 2584 115 23 reference
1715 2585 77 23 rather
1805 2590 24 19 to

1241 2617 38 25 the
1290 2618 80 23 fitness
1382 2618 26 24 of
1421 2617 137 30 candidates,
1570 2617 57 23 than
1634 2621 34 20 <to<
1674 2625 46 23 any
1735 2623 96 26 support

1242 2659 25 15 or
1285 2652 111 30 promises
1417 2651 24 23 of
1459 2655 95 27 support
1572 2651 47 23 this
1637 2659 27 16 or
1681 2650 50 24 tbat
1746 2659 85 23 person

1241 2692 53 23 may
1300 2684 59 24 have
1366 2684 102 24 received
1474 2684 60 24 from
1547 2684 141 24 committees
1698 2692 25 15 or
1735 2685 98 31 cliques.'

1243 2717 25 24 If
1287 2717 54 24 each
1360 2717 82 24 elector
1457 2717 77 24 would
1553 2718 29 23 sit
1603 2718 87 30 quietly
1696 2717 71 27 *dow.n
1786 2718 47 24 and

1241 2751 68 23 make
1325 2755 39 19 out
1381 2750 37 24 his
1430 2758 48 16 own
1494 2750 50 29 list,
1558 2750 157 32 disregarding
1731 2751 60 24 what
1800 2751 32 24 he

1243 2784 41 23 has
1290 2784 83 23 -heard
1390 2788 24 19 at
1432 2784 77 30 public
1526 2784 112 30 meetings
1660 2791 26 16 or
1704 2785 128 24 committee

1242 2818 120 29 meetings,
1369 2834 5 7 ,
1387 2817 44 23 and
1454 2817 84 31 asking
1560 2817 95 24 himself
1673 2817 61 31 only,
1754 2826 25 15 as
1801 2818 31 24 he

1242 2856 43 26 put
1295 2851 66 22 down
1372 2858 66 15 name
1450 2850 57 23 after
1518 2858 74 21 name,
1594 2863 35 4 —
1653 2851 26 23 Is
1688 2851 29 23 he
1729 2851 100 31 capable,

1243 2885 19 22 is
1274 2884 29 23 be
1314 2884 83 23 honest
1449 2884 56 23 then
1523 2892 34 15 we
1575 2884 57 24 have
1651 2892 37 15 no>
1697 2884 69 24 doubt
1782 2885 51 23 that

1243 2917 39 24 the
1299 2917 52 23 first
1363 2917 96 24 Council
1478 2917 76 24 would
1570 2917 37 24 be-
1612 2918 121 31 composed
1744 2918 24 23 of
1778 2926 55 15 men

1244 2950 49 24 able
1316 2950 45 24 and
1383 2950 86 31 willing
1489 2955 24 19 to
1535 2951 99 31 perform
1651 2951 72 23 «their
1747 2951 84 24 duties.

1243 2983 54 24 And
1315 2983 65 24 there
1396 2985 21 22 is
1434 2991 29 16 no
1468 2985 128 23 -sufficient
1613 2992 82 16 reason
1711 2984 52 32 why
1784 2985 48 24 this

1243 3017 152 31 independent
1417 3025 78 16 course
1519 3018 26 23 of
1559 3018 74 24 action
1648 3018 82 24 should
1745 3023 41 19 not

1245 3050 95 31 adopted
1357 3051 32 30 by
1405 3051 38 23 all.
1479 3050 77 24 There
1575 3051 21 22 is
1617 3059 31 16 no
1666 3051 59 24 need
1748 3051 26 24 of
1790 3052 41 23 the

1245 3087 72 19 secret
1327 3087 52 19 vote
1398 3084 61 24 here.
1495 3084 39 24 No
1547 3091 42 16 one
1601 3084 60 23 class
1673 3084 27 23 of
1713 3085 120 30 societyris

1245 3116 126 31 absolutely
1388 3117 153 31 independent
1556 3117 25 23 of
1597 3117 38 24 the
1654 3117 65 23 other
1737 3118 94 29 classes,

1244 3150 42 23 but
1293 3150 90 23 neither
1394 3150 41 24 has
1445 3158 45 23 any
1499 3158 43 15 one
1551 3150 38 23 the
1600 3158 76 23 power
1688 3150 25 23 of
1720 3150 111 32 dictating

1245 3187 22 18 to
1287 3183 38 23 the
1342 3183 85 24 others.
1461 3183 134 29 Therefore,
1607 3192 29 15 no
1655 3183 98 32 apology
1772 3184 36 23 for
1819 3193 14 15 a

1245 3216 118 24 dishonest
1373 3221 51 19 vote
1436 3224 41 15 can
1487 3216 30 24 be
1529 3217 114 29 accepted.

693 3681 169 24 SHIPPING
879 3680 274 25 INTELLIGENCE.

1280 3273 39 23 On
1332 3286 2 5 ■
1340 3273 103 31 Monday
1461 3274 105 30 evening,
1579 3281 14 15 a
1608 3273 103 32 meeting
1718 3280 49 18 .was
1777 3274 56 24 held

1245 3310 23 19 at
1279 3306 39 23 the
1330 3306 75 24 South
1424 3307 44 23 Sea
1488 3306 82 28 Hotel,
1588 3306 37 23 for
1634 3306 41 24 the
1692 3315 98 23 purpose
1810 3308 24 23 of

1245 3339 150 31 establishing
1415 3348 14 15 a
1448 3339 143 24 Mechanic's
1610 3339 117 30 Institute,
1748 3341 85 23 Public

1245 3372 91 29 School,
1349 3372 45 24 and
1411 3372 107 31 Library.
1560 3372 68 24 More
1714 3378 42 19 two
1770 3374 64 24 hun-

1244 3406 56 23 dred
1311 3413 59 16 were
1381 3410 99 27 present,
1479 3415 6 9 4
1486 3425 3 5 ,
1494 3406 46 23 and
1557 3406 39 23 the
1601 3407 160 32 -proceedings
1774 3416 59 16 were

1245 3439 80 31 highly
1344 3439 118 24 creditable
1484 3444 25 18 to
1527 3439 38 24 the
1582 3447 98 24 persons
1702 3440 49 25 who
1775 3439 58 26 Have

1245 3472 55 26 thus,
1318 3472 125 24 associated
1458 3472 138 24 themselves
1615 3473 105 32 together
1740 3475 35 23 for
1787 3471 8 9 J
1793 3475 40 23 the

1244 3513 98 25 purpose
1354 3505 32 24 of'
1395 3506 86 23 mutual
1499 3506 47 23 and
1561 3506 143 25 mechanical
1714 3508 116 31 improve-

1245 3543 70 19 ment.
1358 3538 25 24 A
1396 3540 129 23 committee
1535 3547 46 16 was
1593 3540 122 32 appointed
1726 3545 23 20 to
1761 3541 73 24 frame'

1244 3573 61 22 rules
1316 3572 36 23 for
1363 3572 39 23 the
1422 3573 129 31 regulation
1668 3574 100 32 Society,
1788 3574 46 24 and

1245 3606 57 23 after
1313 3605 60 23 their
1384 3610 75 27 report
1464 3629 6 5 v
1478 3606 42 24 has
1541 3606 59 24 been
1622 3607 104 31 adopted,
1739 3608 95 24 another

1245 3639 101 31 meeting
1354 3639 83 24 will'be
1455 3639 54 24 held
1530 3647 30 16 on
1577 3639 38 24 the
1636 3640 108 32 subject..
1782 3641 52 24 The

1245 3672 76 31 public
1331 3672 118 31 generally
1458 3673 48 23 will
1516 3673 30 24 be
1556 3673 123 31 requested
1696 3678 22 19 to
1737 3679 97 27 support

1245 3705 38 24 the
1294 3705 53 24 first
1357 3706 129 23 institution
1497 3707 27 23 of
1546 3706 37 23 the
1599 3706 57 25 kind
1680 3705 44 33 (we
1734 3706 100 33 believe)

1245 3738 25 23 in
1292 3738 67 27 New,
1372 3739 115 29 Zealand,'
1503 3740 56 25 and,
1570 3747 35 16 we
1628 3733 111 34 ar.e^sure
1758 3741 55 23 that'
1821 3748 13 16 a

1245 3771 79 24 liberal
1335 3771 47 24 and
1398 3772 115 32 judicious
1532 3778 190 27 encouragement
1735 3774 47 24 will
1805 3774 29 23 be

1246 3804 108 23 afforded.
1653 3811 7 6 *
1824 3807 4 20 ;

1850 98 123 25 sideration
1982 97 39 24 the
2031 95 242 32 present/calamitous;
2280 98 63 20 state-
2348 97 24 23 of
2389 99 31 26 the

1852 132 94 30 Colony,
1959 124 44 30 arid
2014 129 38 23 the
2069 125 136 34 possibility'
2221 124 43 37 of^
2270 128 31 23 its
2306 145 7 4 .
2321 128 100 33 improve,

1948 163 45 24 and
2002 154 418 41 tEat^after/two'days-'discussioa-the

1850 197 115 30 following
1975 195 126 25 resolution:
2109 202 49 16 was
2174 193 96 32 adopted

1876 235 61 22 •That
1945 234 44 22 this
2116 232 116 22 confident
2242 232 24 21 of
2276 232 38 21 the
2325 239 96 21 resources

1852 262 44 21 and
1906 260 134 28 capabilities
2050 260 26 21 of
2085 260 40 21 the
2136 258 87 28 colony,
2234 258 46 22 and
2285 258 93 24 satisfied
2385 262 37 24 that

1851 288 18 22 it
1884 294 110 22 possesses
2012 285 160 26 within\itself
2186 284 38 23 all-
2234 285 39 22 the
2279 307 3 5 ,
2292 284 102 25 elements
2405 292 18 21 of

1941 313 44 22 and
1996 312 175 28 independence,
2182 311 147 33 canno^view
2338 312 36 23 the
2383 321 37 20 pre-

1853 338 49 25 sent
1910 340 118 28 depressed
2037 342 56 19 state
2102 339 30 22 of,
2134 337 33 24 -it's
2176 337 106 23 financial
2291 338 72 23 affairs
2372 341 49 23 with.

1847 371 44 19 .out
1901 363 145 30 anxiety.and
2053 366 77 26 alarm,
2139 365 46 22 'but
2200 364 38 23 the
2244 364 69 22 'main
2318 364 79 25 'causes
2406 371 17 22 of

1852 394 43 21 this
1905 393 124 28 depression
2039 392 84 27 having
2129 392 60 26 .been
2198 392 54 21 such
2261 398 24 15 as
2294 398 64 17 .ware
2372 394 48 24 with-

1854 423 38 20 out
1901 420 37 22 the
1956 419 82 22 control
2051 419 25 21 of
2082 439 2 6 ,
2089 418 36 22 the
2137 418 110 27 colonists,
2257 425 23 14 so
2287 418 48 27 they
2343 425 42 16 now
2388 422 34 24 fed

1854 449 47 20 that
1907 448 30 20 its
1946 447 65 25 relief
2013 448 55 19 must
2078 451 63 15 come
2144 445 62 26 from
2219 446 99 26 without,-
2331 446 44 22 and
2387 448 35 24 that

1853 474 37 23 the
1897 484 4 5 -
1908 478 88 24 present
2013 479 101 23 pressure
2134 474 82 20 cannot
2223 472 48 28 -.be,,
2277 472 112 26 mitigated
2402 476 20 28 by

1855 502 59 21 them
1923 504 80 24 except
2012 500 68 31 sq^far
2089 496 132 30 astfieycan
2238 498 96 23 exeroise
2344 502 77 24 towards

1854 528 55 22 each
1923 528 64 21 other
1996 525 23 24 a'
2024 526 64 28 spirit
2096 526 33 21 'of
2144 525 78 27 manly
2240 525 44 22 and
2301 525 118 27 honourable

1854 555 148 25 forbearance,
2012 551 111 24 until'the'
2131 552 90 21 natural
2233 558 112 15 resources
2360 554 23 20 of
2396 555 17 22 th
2414 565 7 14 6

1855 582 78 27 colony
1948 581 56 22 shall
2019 587 64 20 carry
2092 578 29 27 it*
2124 578 159 28 triumphantly
2292 578 94 28 through
2396 582 25 24 the

1854 612 89 24 present
1953 608 66 22 crisis.
2084 618 27 23 ,^
2113 629 2 5 4_4
2120 629 7 2 _
2264 620 36 18 ,h-
2313 616 22 20 &'

1857 652 14 13 -:
1887 644 51 23 The
1949 643 106 30 meaning
2066 641 26 24 of
2097 639 60 27 .ihat
2168 645 51 27 part
2230 640 33 27 of,
2263 641 40 23 the
2313 641 107 28 resolution

1855 676 163 32 distinguished
2029 676 32 31 by
2155 674 47 25 will
2207 674 29 24 be
2242 674 51 24 best
2300 674 121 28 understood

1854 711 31 31 by
1896 714 97 19 extracts
2003 710 60 23 from
2075 716 29 16 an
2116 708 51 24 able
2173 717 5 7 1
2182 707 84 32 speech
2407 716 15 19 at

1855 743 38 23 the
1914 744 100 29 meeting
2024 735 105 42 bj^Mr.*.
2135 740 101 25 Edward
2256 740 119 32 Stephens,
2396 743 25 25 the

1856 777 77 30 Agent
1944 777 25 22 of
1983 776 38 23 the
2033 774 76 25 South.
2118 773 136 25 Australian
2266 773 122 32 Company.

1883 820 12 22 I
1905 820 65 22 think
1979 820 12 22 I
2000 827 52 19 may
2057 818 79 28 boldly
2143 817 80 29 appeal
2231 820 23 19 to
2264 817 39 22 the
2311 818 110 27 gentlemen

1855 850 89 24 present
1953 847 44 21 and
2005 846 38 21 the
2050 846 106 21 colonists
2167 848 21 19 at
2195 845 69 26 large,
2271 845 24 21 in
2299 845 66 27 proof
2371 846 22 21 of
2397 854 26 22 my

1855 876 63 24 great
1924 872 90 27 anxiety
2021 876 22 17 to
2048 872 29 21 be
2085 872 25 20 of
2116 871 48 21 real
2172 872 84 20 benefit
2261 874 23 18 to
2293 867 130 30 the'colonists

1855 900 24 21 in
1897 899 37 22 the
1952 901 90 25 present
2057 898 61 21 crisis
2138 897 25 22 of
2176 897 60 22 their
2253 897 79 22 affairs.
2360 898 11 22 I
2387 900 36 28 feel,

1855 926 117 27 therefore,
1988 925 48 22 that
2045 925 12 22 I
2068 932 36 14 am
2120 927 43 19 not
2171 924 74 27 acting
2257 924 141 29 incautiously
2407 935 17 15 or

1855 952 150 28 imprudently
2017 952 24 21 in
2055 951 116 27 attending
2184 950 45 22 this
2244 951 98 27 meeting
2356 953 67 29 to-day,

1857 980 44 21 and
1911 980 12 21 I
1933 986 49 15 now
1991 979 42 22 rise
2043 979 35 28 fpr
2075 1001 7 7 h
2091 979 38 20 the
2138 984 95 21 purpose
2242 978 26 21 of
2278 978 112 28 recording
2396 988 27 21 my

1857 1006 89 27 opinion
1951 1006 53 22 with
2012 1005 114 22 reference
2135 1008 23 18 to
2169 1012 45 17 our,
2217 1008 89 24 present
2315 1006 109 25 anomalous

1857 1034 44 21 and
1908 1033 84 28 painful
2001 1032 95 28 position
2106 1039 24 14 as
2146 1031 110 22 colonists.
2277 1031 19 22 *I
2306 1031 62 28 have,
2381 1033 42 24 from

1857 1060 37 22 the
1901 1061 191 20 commencement
2097 1059 26 21 of
2127 1058 38 22 the
2172 1061 88 25 present
2267 1065 105 21 pressure,
2381 1059 42 25 been

1857 1087 75 22 struck
1944 1104 6 9 t
1946 1086 54 22 with
2015 1086 37 21 the
2061 1085 47 22 fact
2122 1085 50 22 that
2185 1085 39 22 the
2235 1085 102 22 colonists
2351 1086 34 21 did
2396 1093 27 17 not

1857 1121 82 21 appear
1948 1117 23 18 to
1978 1120 36 15 me
2024 1116 23 18 to
2055 1116 51 17 turn
2114 1112 58 22 their
2178 1112 109 21 attention
2293 1114 23 19 to
2325 1112 37 22 the
2367 1120 56 17 causes

1857 1142 47 21 that
1918 1141 58 22 have
1989 1139 91 23 beenjn
2090 1139 226 27 operationtobring
2324 1139 63 22 about
2396 1141 25 22 the

1855 1170 89 25 present
1961 1166 68 23 crisis.
2057 1180 4 18 ;
2066 1165 75 22 When
2160 1165 122 27 discussing
2296 1172 41 15 our
2351 1169 46 20 state
2408 1170 17 21 of

1857 1194 78 27 affairs,
1952 1201 32 15 we
1998 1200 70 15 never
2082 1200 60 14 seem
2151 1195 23 19 to
2189 1192 54 22 have
2243 1200 3 24 j
2261 1190 82 29 agreeil
2356 1200 47 20 upon
2414 1203 8 14 a

1855 1222 63 27 point
1928 1224 24 18 at
1961 1220 72 23 which
2039 1224 51 17 tour
2099 1220 103 27 opinions
2216 1219 72 27 might
2304 1219 98 29 coincide,
2414 1222 7 22 I

1855 1255 65 16 mean
1929 1248 38 21 the
1976 1249 45 20 real
2031 1253 60 14 cause
2097 1248 28 20 of
2130 1253 40 15 our
2179 1245 106 22 financial
2294 1246 89 22 colonial
2391 1255 30 15 em-

1847 1275 163 24 barrassment.
2038 1274 51 22 Ittis
2100 1274 65 21 Iclear
2178 1277 24 17 to
2216 1280 43 19 me,
2276 1272 45 21 and
2330 1273 12 21 I
2352 1273 53 22 think
2409 1275 13 22 it

1850 1302 51 22 'will
1909 1302 28 22 be
1948 1302 59 22 clear
2015 1305 23 18 to
2054 1308 45 20 you
2109 1299 119 27 also.^that
2241 1299 37 22 the
2291 1299 75 28 simple
2375 1307 45 16 cause

1856 1330 25 21 of
1887 1337 41 14 our
1936 1332 88 25 present
2038 1331 56 18 state
2103 1327 41 22 has
2153 1327 64 22 been-
2223 1326 48 23 that
2283 1325 38 22 the
2330 1327 57 27 rapid
2394 1335 24 15 ex-

1855 1356 115 27 penditure
1982 1356 25 21 in
2022 1354 49 23 the*'
2078 1354 61 28 early
2142 1353 97 28 v-history
2241 1371 11 9 lv
2257 1353 25 22 of
2294 1353 38 21 the
2348 1354 69 29 Colony,

1855 1383 110 27 suddenly
1984 1382 80 23 ceased
2087 1385 23 18 at
2133 1381 38 22 the
2195 1382 101 20 moment
2317 1380 61 22 when
2396 1383 21 22 the

1857 1410 84 27 Colony
1951 1416 51 18 waSi
2010 1412 57 19 most
2081 1408 24 21 in
2115 1407 64 22 need,
2185 1407 26 21 of
2223 1407 155 27 s*uch-support,
2391 1409 26 22 and

1855 1436 155 22 thathadsuch
2015 1434 147 29 expenditure
2167 1434 78 21 ceased
2250 1440 61 15 more
2318 1434 99 28 gradually,

1856 1471 24 14 or
1890 1463 80 22 ceased
1979 1471 14 14 a
2005 1470 54 20 year
2068 1462 81 22 earlier
2158 1469 25 14 or
2198 1468 14 14 a
2225 1467 53 20 year
2287 1460 66 22 latter
2361 1461 41 22 than
2408 1463 11 21 it

1856 1489 44 29 did,
1912 1497 40 15 our
1962 1493 55 19 state
2027 1488 74 23 would
2112 1491 41 20 not
2160 1488 125 23 have-.been
2294 1487 59 21 what
2364 1487 16 22 it
2387 1495 32 16 now

1855 1516 25 23 is.
1909 1518 64 21 Since
1991 1517 38 22 the
2043 1515 139 24 foundation,
2191 1514 26 21 of
2229 1514 38 21 the
2285 1513 83 28 Colony
2385 1515 34 26 (five

1855 1544 74 26 years)
1941 1544 37 21 the
1988 1542 57 23 local
2055 1544 154 25 government
2213 1541 57 21 have
2281 1541 109 27 expended
2395 1542 24 22 be-

1855 1573 70 19 tween
1941 1571 110 26 £400,000
2066 1569 46 22 and
2122 1568 117 27 £500,000,
2255 1567 37 22 the
2308 1568 64 22 South
2379 1569 39 22 Aus-

1857 1597 78 22 tralian
1943 1598 112 26 Company
2061 1596 59 21 have
2129 1594 105 23 invested
2239 1601 28 15 an
2274 1594 63 27 equal
2344 1600 74 23 amount,

1856 1624 38 21 the
1904 1623 104 22 colonists
2022 1624 60 21 have
2094 1621 113 29 imported
2220 1622 43 21 and
2280 1622 108 26 expended
2394 1630 25 20 up-

1856 1650 70 22 wards
1935 1650 26 21 of
1968 1657 13 14 a
1989 1650 87 21 million
2083 1657 5 19 ;
2104 1648 47 23 and
2162 1648 29 22 all
2201 1648 43 22 this
2253 1648 62 28 rapid
2324 1649 42 22 and
2375 1657 44 14 enor-

1855 1685 63 14 mous
1928 1677 145 27 expenditure
2084 1675 114 23 ceased^'at
2207 1676 37 21 the
2243 1675 3 8 1
2254 1675 44 22 end
2308 1675 24 22 of
2339 1676 33 21 the
2383 1683 37 20 year

1856 1706 59 26 1840,
1925 1704 47 27 just
1981 1711 23 14 as
2015 1704 37 21 the
2062 1703 86 27 Colony
2157 1709 44 15 was
2210 1702 108 27 attaining
2327 1709 13 15 a
2347 1703 53 27 point
2406 1704 15 21 of

1855 1731 93 26 positive
1956 1730 178 28 independence.
2163 1729 124 27 Capitalists
2297 1734 51 17 then
2362 1730 59 21 ceased

1856 1761 20 18 to
1888 1765 62 14 come
1960 1761 22 18 to
1997 1765 40 14 our
2047 1757 83 27 shores,
2139 1760 3 5 '
2148 1756 44 22 and
2205 1756 51 21 thus
2271 1763 28 14 an
2309 1756 77 22 annual
2393 1764 27 15 ex-

1855 1784 117 28 penditure
1982 1785 25 20 of
2017 1783 88 29 capital,
2121 1787 23 18 to
2158 1782 38 23 the
2213 1785 76 20 extent
2299 1783 23 21 of
2332 1783 88 28 probably

1856 1812 49 21 half
1916 1819 14 14 a
1946 1811 84 22 million
2046 1810 100 27 sterling,
2163 1817 46 15 was
2225 1809 109 28 suddenly
2346 1810 76 21 reduced

1856 1841 21 19 to
1893 1838 79 22 almost
1989 1838 104 26 nothing;
2115 1837 45 22 and
2174 1836 54 23 with
2242 1836 54 22 such
2311 1844 12 14 a
2337 1840 46 19 turn
2398 1836 25 23 the

1857 1865 85 27 Colony
1960 1864 169 28 unfortunately
2144 1864 42 21 lost
2203 1863 30 22 its
2249 1862 69 23 credit
2335 1864 49 21 with
2396 1863 27 22 the

1856 1892 86 21 mother
1953 1895 92 23 country
2053 1892 58 21 from
2127 1897 77 16 causes
2214 1897 56 18 over,
2276 1890 68 22 which
2355 1897 28 14 we
2391 1890 33 21 had

1848 1925 37 15 'no
1903 1919 91 26 control,
2004 1927 3 3 ■
2014 1918 87 26 though
2121 1925 34 15 we
2170 1921 61 18 must
2243 1917 66 21 suffer
2322 1917 32 21 for
2362 1917 56 21 them.

1851 1945 119 22 'This'state
1979 1946 24 21 of
2010 1944 190 27 things.occurred
2207 1948 26 23 at,
2236 1944 36 21 the
2278 1943 144 27 preciseperiod

1857 1971 25 22 of
1889 1971 53 22 time
1956 1970 150 32 w.henJJouth
2125 1970 113 22 Axxstralia
2244 1972 62 22 .most
2316 1969 79 21 needed
2401 1976 22 14 as-

1857 1998 101 26 sistance,'
1969 1998 45 21 and
2022 2005 33 14 we
2066 1997 57 21 have
2132 1993 70 29 beeln^
2209 1995 161 27 consequently,
2380 2003 44 14 over-

1857 2024 66 22 taken
1932 2024 31 27 by
1972 2031 14 14 a
1995 2027 57 18 most
2061 2020 99 25 terrible
2166 2025 74 24 storm,
2250 2021 54 23 -and
2311 2022 74 28 placed
2391 2022 17 22 in
2415 2029 9 15 a

1846 2054 6 8 •
1857 2050 118 23 disastrous
1985 2050 103 28 position.
2125 2050 44 21 .*t
2207 2059 5 5 •

1889 2090 72 25 What
1972 2091 85 24 follows
2069 2094 65 19 must
2149 2090 33 27 be,
2197 2090 104 23 received
2311 2091 58 26 <with
2379 2097 43 16 some

1950 2124 25 24 of
1989 2124 116 31 suspicion
2116 2131 26 15 as
2154 2128 23 18 to
2198 2123 30 23 its
2240 2128 141 19 correctness.
2407 2123 15 23 It

1856 2159 20 23 is
1888 2157 100 32 scarcely
2000 2157 97 24 credible
2102 2156 61 24 -that
2173 2156 47 24 had.
2235 2157 137 31 precautions
2383 2156 38 23 been

1857 2191 70 24 taken
1938 2192 89 30 against
2038 2190 39 24 the
2079 2198 4 5 k
2220 2191 108 27 reaction,
2337 2190 35 23 the
2382 2193 39 19 state

1858 2225 25 24 of
1897 2224 75 24 affairs
1984 2224 73 24 would
2068 2224 59 23 have
2135 2224 62 23 'been
2208 2231 26 16 so
2231 2221 5 12 1
2245 2223 128 24 disastrous.
2395 2235 5 5 '

1864 2263 5 5 *
1885 2264 12 21 I
1908 2271 41 14 can
1958 2263 70 22 vouch
2037 2263 36 21 for
2085 2262 38 21 the
2136 2264 92 19 extreme
2242 2264 84 19 caution
2339 2263 38 19 and
2383 2268 38 20 pru-

1858 2292 62 20 dence
1933 2292 52 19 with
1998 2290 68 21 which
2082 2292 57 18 those
2148 2291 114 19 interested
2271 2291 49 19 have
2330 2289 89 22 calculated

1858 2325 26 14 on
1897 2319 35 20 the
1946 2319 88 20 arrival*
2038 2318 27 25 of
2075 2324 12 13 a
2093 2318 79 26 period
2186 2318 27 25 of
2223 2318 106 26 difficulty,
2340 2317 41 22 and
2388 2316 31 21 how

1859 2345 108 27 carefully
1975 2346 53 26 they
2041 2344 61 28 have,
2113 2344 84 23 looked
2210 2344 96 23 forward
2323 2348 21 17 to
2361 2351 13 14 a
2386 2343 31 21 time

1930 2372 53 27 they
2093 2379 65 14 cease
2165 2376 42 28 'tc^-
2213 2371 95 29 expend,
2322 2370 40 23 and
2371 2370 46 25 when,

1857 2400 87 22 insteaS
1955 2400 24 21 of
1991 2405 128 16 consumers
2130 2399 52 27 they
2193 2398 80 23 should
2282 2399 27 21 be
2315 2397 101 28 'producer!

1859 2427 26 22 of
1894 2426 87 23 wealth.
2010 2426 118 21 Provision
2140 2425 53 27 had,
2203 2422 29 25 I'
2237 2425 51 22 well
2303 2425 66 26 know,
2382 2423 35 22 been

1859 2454 65 21 made
1934 2456 22 19 to
1968 2461 13 14 a
1989 2456 63 24 great
2069 2456 85 24 extent,
2169 2452 36 22 for
2221 2452 54 22 3uch
2306 2452 56 26 time,
2373 2449 32 22 and
2410 2449 6 21 I

1859 2481 38 22 did
1909 2480 54 22 look
1982 2483 21 18 to
2022 2479 39 22 the
2075 2480 87 27 -colony
2179 2479 90 28 passing
2286 2478 90 26 through
2390 2476 27 21 that

1859 2507 76 22 ordeal
1948 2506 52 23 with
2015 2506 71 22 entire
2101 2513 96 16 success.
2240 2506 44 22 But
2290 2509 9 15 r.
2305 2505 111 28 punishment

1858 2534 126 22 unmerited
1993 2534 40 21 has
2042 2534 57 21 been
2116 2532 102 23 inflicted
2233 2541 28 14 on
2282 2540 32 14 us.
2332 2542 2 7 <
2349 2532 67 26 Depres-

1859 2562 56 26 •ion',
1925 2561 24 21 in
1960 2568 66 20 every
2039 2560 114 22 article'^of
2162 2559 153 23 merchandise
2325 2558 42 23 and
2376 2562 40 21 every

1859 2591 45 19 sort
1913 2588 26 21 of
1951 2587 94 22 colonial
2049 2584 128 31 -property^-
2184 2586 43 23 has
2243 2587 66 22 been-
2318 2590 35 17 the
2368 2590 49 16 conse-

1859 2622 85 20 quence
1981 2614 138 26 .our-tlossiof
2136 2613 72 23 credit
2222 2614 24 21 in
2262 2612 100 28 England
2370 2619 6 19 ;
2383 2609 34 22 'and

1859 2642 103 22 disasters
1970 2636 65 35 tia^e*'
2041 2637 122 26 overtaken
2181 2648 26 14 us
2217 2654 4 7 -
2226 2640 73 23 which
2316 2647 28 14 no
2360 2639 57 21 human

1857 2669 112 27 prudence
1988 2675 24 14 or
2031 2668 108 27 foresight
2159 2668 66 21 could
2240 2668 59 21 have
2316 2663 101 31 prevented.

1860 2696 32 21 At
1908 2695 38 22 the
1955 2702 54 20 very
2017 2698 101 19 moment
2135 2696 65 24 w,hen
2219 2702 32 14 we
2268 2701 56 14 were
2340 2693 55 21 about
2406 2693 13 18 to

1859 2729 52 21 reap
1920 2722 37 21 the
1967 2722 84 21 benefit
2066 2721 25 22 of
2110 2729 43 14 our
2167 2722 62 27 early
2242 2720 137 29 expenditure
2393 2717 26 21 and

1852 2750 46 24 .toil
1908 2748 45 23 and
1963 2749 97 27 anxiety,
2078 2751 23 19 at
2118 2748 48 22 that
2172 2755 56 21 very
2236 2750 101 20 moment
2345 2744 74 24 colonisfc

1860 2776 46 21 and
1925 2776 118 27 capitalists
2061 2774 59 23 have
2139 2776 57 21 been
2215 2774 100 23 deterred
2332 2774 51 21 from
2396 2776 24 15 our

1860 2803 84 26 shores,
1957 2804 27 25 by
1995 2805 132 19 statements
2137 2805 23 18 to
2172 2809 42 14 our
2222 2802 110 28 prejudice
2342 2807 20 15 as
2375 2804 45 20 unge-

1861 2837 80 14 nerous
1951 2836 23 15 as
1982 2828 138 28 unfounded,
2130 2828 44 22 and
2181 2828 54 28 only
2240 2828 87 26 caused,
2338 2828 10 21 I
2354 2826 66 23 believe,

1860 2857 30 27 by
1913 2856 37 22 the
1973 2855 187 25 loss.,of\credit
2178 2858 137 25 consequent
2333 2860 51 18 upon
2398 2850 22 21 the

1860 2883 86 22 sudden
1955 2883 44 21 and
2007 2882 93 22 ruinous
2110 2885 107 25 stoppage
2228 2883 26 21 of
2266 2878 90 26 colonial
2363 2884 56 22 expen-

1861 2910 78 22 diture.
1977 2910 21 22 It
2012 2910 30 21 is*,
2048 2911 43 23 not;
2101 2910 101 27 political
2213 2911 130 24 movement,
2352 2908 15 21 it
2376 2906 13 21 is
2396 2906 23 20 not

1971 2944 23 14 or
2002 2936 99 22 internal
2116 2936 82 28 policy,
2217 2936 47 22 that
2275 2943 41 14 can
2326 2934 68 23 relieve
2400 2938 19 17 us,

1860 2964 18 22 it
1887 2964 19 22 is
1916 2964 37 21 the
1964 2964 79 26 simple
2058 2962 111 23 wantVjof
2179 2971 80 14 money
2269 2959 49 26 tha^
2327 2967 64 17 causes
2398 2958 22 21 tb<

1860 2998 108 21 pressure,
1980 2990 43 22 and
2033 2990 49 22 that
2099 2990 70 28 keeps
2189 2990 64 22 down
2274 2989 45 22 and
2337 2988 82 27 depresses

1860 3018 37 22 the
1907 3018 100 26 energies
2014 3017 26 22 of
2058 3018 78 26 16,000
2149 3016 141 27 industrious,
2303 3015 76 25 'active,
2392 3012 27 21 and

1859 3044 127 27 intelligent
1996 3044 104 22 colonists
2107 3044 25 21 in
2143 3044 44 21 this
2198 3044 77 21 famed
2282 3042 60 23 land.
2372 3040 47 22 Assis-

1861 3075 65 18 tance
1951 3072 19 20 is
1993 3070 136 27 impossible,
2148 3070 43 22 but
2208 3071 58 21 from
2289 3069 97 25 without;
2403 3070 16 15 no

1860 3095 138 29 schem'e/nb
2009 3098 52 26 plan
2073 3096 104 23 however
2186 3097 112 21 elaborate
2313 3103 24 14 or
2346 3095 73 22 however

1860 3125 92 21 feasible
1962 3124 18 22 it
1988 3131 52 26 may
2047 3131 93 21 .appear,
2156 3123 45 23 will
2216 3124 27 22 be
2260 3124 25 21 of
2301 3123 36 21 the
2350 3119 67 28 slightest

1860 3159 46 20 use;
1917 3151 75 22 unless
2001 3152 18 20 it
2017 3154 8 10 7
2029 3158 39 14 nas
2078 3151 73 21 for'its
2160 3150 45 22 end
2215 3150 44 22 and
2266 3150 44 22 aim
2318 3150 36 21 the
2362 3148 55 25 impor-

1859 3178 71 22 tation
1941 3178 24 22 of
1977 3178 80 27 capital
2067 3178 48 22 into
2123 3178 38 21 the
2171 3178 89 27 colony.
2287 3196 4 6 ,

1895 3216 94 32 Having
2004 3216 60 24 from
2083 3216 39 24 the
2141 3224 55 23 very
2217 3214 177 26 commencement
2405 3207 12 25 of

1912 3250 94 31 Colony,
2020 3250 53 25 and*
2082 3250 82 23 indeed
2182 3249 77 24 whilst
2277 3250 20 22 it
2307 3256 43 16 was
2367 3244 49 30 only*

1860 3284 87 32 project
1963 3284 25 23 of
2003 3283 48 24 Mr.
2069 3282 138 30 Wakefield,
2220 3283 70 23 taken
2309 3290 13 15 a
2339 3281 46 29 deep
2396 3277 19 22 in-

1861 3322 69 19 terest
1941 3318 24 23 in
1977 3318 30 23 its
2028 3324 100 22 success,
2141 3324 34 16 we
2193 3316 56 32 kept
2267 3324 13 15 a
2292 3311 95 28 watchful
2395 3314 19 25 if

1861 3359 29 15 on
1901 3352 31 22 its
1944 3359 106 23 progress
2057 3373 4 5 ,
2070 3351 46 23 and
2135 3350 39 23 the
2194 3357 91 16 sources
2304 3348 24 24 of
2341 3348 26 23 its
2376 3349 38 27 pros-

1853 3385 81 31 .perity
1943 3388 18 24 X
1970 3384 44 23 and
2026 3392 58 15 were
2093 3393 3 4 •
2102 3384 89 30 always
2203 3391 72 15 aware
2294 3381 48 25 that
2356 3379 32 24 the
2395 3376 19 23 in*

1852 3409 212 44 .tfu^.M^qap'iM
2081 3425 47 15 was
2151 3416 151 31 dangerously
2319 3412 58 33 rapid
2391 3407 24 25 and

1861 3446 146 34 extensive';''
2024 3448 130 38 Dut£n,eyer
2160 3471 2 4 ,
2172 3449 115 32 supposed
2307 3449 18 23 it
2332 3470 4 7 ,
2344 3451 19 19 to
2381 3443 19 23 l&
2401 3446 14 17 ve

1859 3482 97 35 beeri^so
1963 3483 164 27 ,enor.mous'-as
2137 3483 57 25 Mr..
2202 3482 120 31 Steyens's-
2329 3475 85 30 statement

1861 3517 81 24 makes
1953 3517 34 24 -it.
2023 3516 86 24 Intihe
2129 3524 81 15 course
2217 3512 37 27 N>f
2329 3517 55 28 years
2391 3510 23 21 W

1861 3550 100 24 millions
1970 3549 98 31 sterling
2078 3549 33 30 of
2122 3548 103 32 English
2235 3548 87 32 capital
2330 3541 84 29 havel^

1861 3583 113 31 expended
1987 3583 24 23 in
2029 3582 40 24 the
2090 3581 113 32 Colony.*
2222 3583 37 23 No
2277 3581 83 24 wonder
2377 3574 41 26 there,

1861 3625 47 15 was
1927 3616 115 24 excessive
2050 3610 9 10 *
2062 3616 171 31 land-jobbing,
2245 3614 99 25 reckless
2359 3611 55 29 expel'

1862 3650 73 23 diture
1945 3658 6 21 ;
1972 3642 48 31 and'
2027 3649 58 24 little
2096 3649 146 31 production.

1890 3689 49 26 .We
1951 3694 76 26 regret
2036 3693 25 19 to
2072 3689 66 24 learn
2221 3689 38 24 the
2270 3687 97 25 colonists
2375 3680 38 50 p^

1861 3723 61 24 their
1928 3723 62 24 main
1995 3723 98 23 reliance
2097 3723 109 24 for'relief
2210 3721 102 33 uftonaid
2316 3720 52 24 from
2373 3720 29 18 ww
2402 3718 4 15 1
2406 3721 6 6 '

1862 3760 40 20 out
1911 3765 7 20 ;
1933 3750 39 30 for
1979 3760 64 20 tnere
2051 3757 22 22 is
2082 3755 73 32 slight
2164 3755 141 32 disposition,
2309 3755 23 22 in
2341 3750 48 28 Eng'
2390 3750 15 18 Bll

1862 3794 23 19 to
1902 3789 73 24 afford
1993 3790 27 23 it.
2057 3789 39 24 No
2106 3790 80 28 jioubt
2200 3788 55 30 the'
2255 3788 83 30 Colony
2347 3783 65 28 may*

1862 3830 67 16 cover
1941 3823 24 23 in
1975 3830 93 24 process
2080 3823 26 24 of
2122 3823 54 23 time
2188 3832 5 20 ;
2213 3823 42 23 but
2269 3822 18 23 it
2299 3820 42 24 will
2351 3818 23 22 be
2383 3814 13 21 lo
2397 3816 6 16 D
2404 3814 24 47 j|

1863 3865 38 15 ere
1912 3856 39 23 the
1961 3860 92 27 present
2066 3856 130 24 difficulties
2216 3863 51 20 are,.
2273 3856 109 22 overcome
2389 3851 8 16 *
2397 3849 7 15 D
2416 3847 12 27 I

1862 3889 56 32 they
1929 3889 46 25 will
1985 3896 69 17 never
2064 3889 28 24 be
2109 3889 123 24 'overcome
2248 3887 78 25 unless
2341 3884 31 24 the
2379 3884 15 17 c°
2395 3880 10 18 lo
2406 3880 22 26 'l

1862 3924 60 23 nists
1933 3927 35 20 set
1979 3927 23 20 to
2013 3918 124 29 worlflike
2155 3930 55 16 men
2226 3922 49 24 who
2293 3915 79 35 'depend
2379 3914 24 27 np°
2409 3913 19 26 <■

853 3732 142 19 ARRIVED.

659 3757 62 28 April
734 3760 20 23 9,
766 3759 104 21 schooner
887 3760 110 20 Susannnh
1009 3759 58 26 Ann,
1083 3759 33 26 79,
1135 3760 81 27 Swsny,

632 3785 55 21 from
697 3786 37 20 the
743 3787 58 19 West
815 3787 71 19 Coast.

660 3812 58 28 Same
718 3812 59 28 May,
788 3814 104 21 schooner
900 3815 100 24 Blossom,
1010 3814 36 26 44,
1055 3814 98 26 Tulloch,
1162 3816 55 21 from

634 3839 83 27 Cloudy
726 3840 44 27 Bay
779 3842 41 19 and
832 3842 113 26 Wyderop.

660 3867 63 26 April
730 3868 33 24 10,
770 3870 69 19 cutter
844 3870 68 24 Royal
923 3870 99 24 William,
1029 3870 36 24 43,
1073 3869 83 25 Lovett,
1163 3870 54 21 from

634 3893 99 22 Hawke's
743 3894 44 26 Bay
795 3896 43 19 and
848 3896 89 27 Poverty
946 3896 45 28 Bay
999 3904 7 17 j
1027 3903 72 20 cargo,
1112 3900 105 24 potatoes,

634 3921 74 26 maize,
719 3922 40 20 and
768 3922 56 26 pigs.
940 3921 31 27 ^-
1095 3936 4 4 -

1280 3855 71 24 From
1374 3854 38 25 the
1434 3853 75 26 South
1530 3856 138 24 Australian
1687 3856 108 31 Register
1813 3856 25 24 of

1246 3888 120 31 February
1377 3889 50 29 sth,
1438 3896 35 16 we
1483 3889 66 24 learn
1560 3889 50 23 that
1622 3898 13 15 a
1646 3889 78 31 public
1735 3891 103 31 meeting'

1245 3920 47 25 had
1299 3921 59 24 been
1368 3921 54 24 held
1433 3922 24 25 in
1467 3921 120 29 Adelaide,
1600 3927 23 18 to
1635 3923 16 11 *•
1660 3922 53 25 take
1720 3924 48 23 into
1779 3931 57 17 con-

525 13 101 54 Gin
648 17 120 45 tttto
772 3 446 64 <9fgaftniHsßß!it§f*
1240 11 95 44 »nfc
1355 9 302 49 fcffcMngton
1681 5 252 53 feptrtatdi'.

1269 102 59 21 Same
1354 101 48 26 day,
1417 102 101 20 schooner
1538 95 125 29 Mana,'27,
1685 98 64 27 Wild,
1756 99 65 20 'from

1240 129 66 21 Mana
1312 137 6 16 ;
1334 135 69 19 cargo,
1414 130 11 19 8
1436 131 46 18 cwt.
1491 128 128 21 whalebone.
1645 138 3 12 )
1716 145 4 3 .
1778 132 6 20 ;
1790 122 13 27 h

1267 156 61 27 April
1349 157 35 23 12,
1404 157 102 20 ichooner
1523 156 69 24 Ariel,
1612 155 49 23 146,
1680 153 141 23 Mulholland,

1238 184 57 20 from
1320 183 89 21 Nelsom
1455 182 124 27 Passengers
1580 192 26 5 —
1607 182 22 21 J;
1650 182 120 23 Bannister,
1794 180 27 20 E.

1239 211 81 25 Welsh,
1331 210 27 21 G.
1369 210 30 21 H.
1409 210 72 26 Blake,
1492 211 43 19 and
1544 210 36 20 the
1589 209 82 21 Doctor
1681 208 68 21 of-the
1757 208 64 25 Mary

1238 239 57 19 Ann.

1473 281 115 19 SAILED.

1267 309 61 28 April
1337 311 21 23 9,
1368 309 101 21 schooner
1484 309 62 26 Lady
1559 308 73 26 Leigh,
1643 308 49 25 109,
1703 307 79 24 Roche,
1789 306 35 20 for

1240 337 81 26 Kapiti.
1427 347 17 16 p
1705 345 16 8 '-

1258 361 72 30 "April'
1347 364 44 24 11,,
1405 364 77 26 barque
1504 364 54 20 New
1582 362 57 21 Yonk
1662 361 87 27 Packet,
1774 361 56 24 269,^

1240 392 100 26 Gregory,
1350 391 36 20 for
1394 390 117 21 Auckland.
1586 399 10 11 >
1620 404 2 4 
1644 393 11 18 /
1801 392 8 10 *

1267 419 60 20 Same
1337 418 47 26 day,
1400 419 101 20 schooner
1512 418 70 20 Sarah
1594 417 104 21 Maxwell
1698 425 9 16 f
1715 417 34 24 42,
1766 417 57 22 tons,

1240 446 94 25 Lowder,
1344 446 141 21 fortheJEast
1496 445 67 26 Cape.
1663 454 5 4 *
1706 457 12 11 *»

1464 479 33 20 IN
1511 479 77 20 PORT.

1266 525 3 5 ,
1293 509 84 26 Barque
1389 508 110 26 Clydeside,
1511 507 130 21 Mathieson.

1250 546 7 10 ■,-.
1293 537 108 20 Schooner
1413 537 103 19 Governor
1525 535 92 23 Hobson,
1629 534 95 21 Skelton;

1295 575 4 5 ■
1405 564 81 25 Henry,
1497 562 120 27 Daymond.

1295 591 123 26 Brigantine
1429 589 104 26 Cheerful,
1544 589 92 21 Patrick.

1295 618 83 27 Barque
1387 618 126 25 Brwgham,
1524 617 117 20 Robinson.

1277 652 11 11 ■•
1295 646 82 26 Barque
1387 646 77 25 Bright
1472 645 84 26 Planet,
1570 645 115 20 Morrison.

1296 673 107 20 Schooner
1415 674 153 25 Perseverance,
1578 672 88 26 Bishop.

1295 700 123 24 Brigantine
1426 701 55 22 Ann,
1492 699 101 25 Higgins.

1297 727 107 20 Schooner
1415 727 109 20 Susannah
1532 726 61 25 Ann,'
1600 726 82 26 Swany.
1696 723 7 5 *

1406 755 98 22 Blossom,
1515 754 79 20 Tuletfc.

1296 782 74 20 Cutter
1379 782 68 26 Royal
1457 781 101 24 William,
1568 780 84 21 Lovett.

1297 809 106 20 Schooner
1412 810 72 22 Mana,
1495 808 68 20 Wild.

1297 836 106 21 Schooner
1412 836 66 23 Ariel,
1488 835 144 21 Mulholland.
1731 835 10 10 T

1415 893 120 21 CUSTOM
1551 893 107 20 HOUSE.

1391 953 111 15 INWARDS
1502 958 28 4 —
1532 953 141 15 COASTWISE.

1270 983 29 21 In
1306 989 47 15 the
1365 984 14 11 '•
1387 984 130 19 Susannah
1613 987 66 15 from
1690 980 79 21 Kafia
1777 987 49 14 and

1241 1011 97 21 Cloudy
1347 1011 61 20 Bat.
1410 1022 28 4 —
1438 1011 21 20 /.
1470 1011 72 23 Wade,
1553 1010 75 25 Agent.
1629 1020 28 4 —
1658 1010 27 19 40
1697 1009 59 20 casks
1763 1010 63 25 pork,

1241 1040 12 19 3
1271 1039 35 20 do.
1328 1038 54 24 lard;
1400 1039 14 20 3
1430 1040 47 18 tons
1493 1039 105 25 potatoes,
1617 1038 13 19 6
1645 1039 50 18 cwt.
1711 1037 59 20 hams
1786 1037 42 19 and

1239 1067 75 23 bacon,
1325 1067 13 19 4
1347 1066 53 26 kegs
1409 1066 95 24 tobacco,
1521 1066 13 20 5
1545 1071 57 14 cases
1612 1064 45 26 gin,-
1666 1066 14 19 4
1690 1064 63 21 boxes
1767 1070 59 20 soap,

1241 1095 11 18 1
1264 1094 58 19 chest
1332 1095 42 18 tea.
1433 1094 1 8 '

1386 1154 137 17 OtmVAROS,
1535 1153 142 15 COASTWISE.

1267 1180 30 22 In
1306 1187 47 14 the
1391 1180 82 21 Sarah
1648 1186 48 14 for
1701 1185 47 15 the
1762 1179 64 21 East

1241 1208 71 21 Cape.
1313 1219 28 5 —
1344 1209 33 20 W.
1387 1209 27 20 B.
1421 1208 81 21 Rhodes
1509 1208 44 20 and
1561 1207 32 21 Co.
1601 1208 114 25 Agents.—
1715 1208 15 19 4
1738 1207 88 20 bundles

1240 1237 80 25 spades,
1332 1237 11 20 1
1410 1236 106 25 blankets,
1528 1236 39 20 100
1576 1236 49 19 iron
1635 1237 58 25 pots.

632 108 43 28 (~A
685 104 114 24 EORGE.
814 103 124 30 BRIGGS,
960 102 113 27 Painter,
1099 102 111 26 Glazier,

626 128 60 27 AJT
740 131 44 22 and
810 131 190 25 Paper-hanger,
1027 128 182 29 Murphy-street,

620 158 154 27 'Wellington,
784 161 87 19 returns
886 156 35 22 his
937 157 85 21 sincere
1036 155 80 22 thanks
1131 158 37 19 toi
1173 154 38 22 the

629 185 135 22 inhabitants
780 184 27 21 of
820 184 56 22 Port
892 182 121 22 Nicholson
1031 182 35 21 for
1073 182 46 22 ,-the
1133 180 79 23 liberal

631 215 91 24 support
733 211 30 21 he
777 210 40 22 has
830 209 103 23 received
946 210 61 21 since
1021 208 36 23 his
1073 214 139 16 commence-

629 241 62 19 ment
704 239 24 21 in
744 235 101 24 business'
850 237 24 21 in
883 236 42 21 this
940 236 91 26 Colony,
1042 235 46 22 and
1096 235 76 27 hopes,
1182 234 30 27 by

630 265 63 21 strict
701 264 107 22 attention
817 267 24 18 to
849 263 81 27 orders,
939 266 22 18 to
969 262 65 22 merit
1041 269 14 15 a
1065 261 146 22 continuance

631 291 26 22 of
662 289 38 25 ttfe
712 298 68 14 same.
843 292 15 12 *•

708 335 3 5 '
807 331 19 20 .*
839 328 4 5 '
878 334 85 23 -Urul,
984 352 9 9 ,
1053 335 15 14 *'

632 363 42 20 One
682 363 84 20 mile'on
775 362 35 20 the
818 362 56 20 Port
883 361 111 20 Nicholson
1002 360 44 20 side
1055 360 28 25 of
1088 358 122 22 Waiianai.

631 396 92 48 MR.
728 394 143 23 -JENKINS
886 394 53 27 begs
954 397 22 18 to
989 399 125 19 announce,
1125 392 48 21 that
1182 391 28 22 he

699 419 8 10 ''
721 422 40 22 has
771 422 86 27 opened
866 429 14 14 a
889 420 117 23 House'for
1016 420 37 21 the
1061 418 149 23 convenience

631 445 77 29 ofithe
725 448 142 28 public,;and
883 450 66 19 trusts
965 447 47 22 that
1027 446 39 23 the
1081 445 70 22 board
1166 445 46 21 and

629 475 93 28 lodging
742 476 29 21 he
789 474 111 28 provides'
910 471 139 26 ,wiir*secure
1067 472 49 22 him
1133 471 77 22 liberal

629 506 99 27 support.

657 528 43 23 Mr.
712 528 94 23 Jenkins
820 535 43 15 can
872 530 25 19 at
910 527 29 22 all
948 528 64 21 times
1020 526 92 28 provide
1125 525 86 27 gentle-

629 563 52 14 men
691 556 54 22 with
754 555 35 22 the
799 554 112 23 meansof
916 554 98 26 crossing
1020 557 23 18 to
1053 552 85 28 Kapiti.

657 582 64 26 Urui,
732 582 106 26 January,
850 582 61 24 1,842.
944 597 2 4 .
958 580 3 7 '
983 603 5 5 >
1007 598 6 7 t
1041 598 11 7 T
1071 589 8 5 ~

622 620 150 30 .*"''■/
849 624 9 5 '
875 625 88 20 Otaki.
982 642 5 3 -
1043 632 10 6 -
1093 630 14 8 ••

629 653 93 47 MR.
745 652 127 22 TAYLOR
894 652 53 26 begs
969 653 24 19 to
1015 650 101 22 intimate
1135 652 23 19 to
1177 648 34 22 his

706 678 83 22 friends
799 678 45 22 and
853 678 121 26 the'public
980 678 50 21 that
1038 677 28 22 he
1076 677 40 21 has
1125 674 87 28 opened

629 713 14 13 a
652 705 113 22 House'of
778 704 180 22 Entertainment
966 707 32 18 at»
1006 702 129 33 Otakyand
1144 702 68 27 hopes

620 745 3 3 ■
629 732 49 21 that
684 732 39 21 the
731 731 131 22 cleanliness
870 729 147 23 and^comfort
1025 730 25 21 of
1056 730 34 21 his
1098 728 114 23 establish-

628 761 63 19 ment
709 758 46 22 will
770 765 76 15 secure
862 758 54 21 him'
925 765 14 14 a
956 756 78 23 liberal
1051 756 78 23 share.
1133 754 25 23 of
1173 754 38 22 the

619 784 84 28 .public
712 787 129 25 patronage.
979 791 3 5 '
1118 798 5 6 .

657 812 75 26 Otaki,
742 811 101 27 January
852 812 34 26 21,
897 812 71 22 1842.*

709 850 10 14 h
777 855 49 26 To,,
831 856 33 20 be
879 855 64 21 Sold
963 861 30 15 or
1006 849 63 26 Let.'
1082 846 10 17 ;
1105 869 5 5 .

627 888 104 31 r|WO.
733 886 99 23 Wooden
843 887 95 25 Houses,
949 893 29 14 on
984 886 39 21 the
1029 883 181 28 Tinakore-road,

622 919 3 6 1
636 908 24 27 JL
683 917 13 15 *
704 914 38 21 the
754 912 87 26 ,second
860 920 50 15 acre
927 914 57 20 from
1004 912 94 27 Captain
1114 911 96 26 Smith's,

672 940 129 26 containing
813 940 51 21 four
872 946 74 15 rooms
956 939 45 22 and
1015 945 14 14 a
1041 945 99 21 passage,
1155 936 57 23 each

628 967 53 22 with
698 968 57 21 zinc'
766 967 68 24 roofs,
859 966 46 21 and
925 966 24 21 in
973 972 68 19 every
1058 968 88 24 respect
1162 962 62 24 well'

627 994 102 22 finished.
743 1008 5 5 ,
757 993 105 22 Terms—
863 993 24 21 lf
895 992 53 28 sold,
959 992 59 22 £150
1029 991 35 22 for
1070 991 53 22 each
1128 991 69 21 house
1203 998 7 20 ;

627 1021 20 21 if
657 1021 45 27 let,-
745 1027 43 21 ,per
798 1020 62 22 week
869 1020 39 21 for-
913 1019 55 22 each
975 1019 79 21 house.
1081 1017 75 28 Apply
1166 1021 22 18 to

1015 1052 76 22 James
1104 1051 80 22 Watt.

653 1080 254 28 Wellington,-N0v.,27,
916 1081 59 21 1841.

775 1125 45 21 To'
830 1126 33 20 be
879 1125 65 20 Sold
958 1130 31 15 or
1003 1125 58 24 Let,

629 1160 50 48 A
692 1158 189 24 BAKEHOUSE
892 1158 43 22 and
945 1157 85 23 OVEN
1039 1157 26 22 in
1074 1156 137 28 goodwork-

706 1187 38 26 ing
756 1185 119 23 condition.
904 1185 75 27 Apply
989 1187 23 19 to
1160 1187 4 5 '

704 1220 125 21 Anderson
839 1219 46 22 and
887 1219 60 21 -Row
949 1226 52 19 and,
1011 1217 198 29 Thorndon-^uay.

654 1251 143 27 Wellington,
802 1251 13 25 '
815 1251 106 25 February
930 1252 34 24 24,
975 1250 61 21 1842.
1082 1247 15 31 ,\
1114 1248 12 22 7

795 1296 67 20 Port
876 1295 31 21 of
921 1295 124 21 London.

681 1329 87 22 Notice
787 1336 27 14 to
834 1336 46 14 the
902 1328 90 21 Public.
994 1339 28 3 —
1023 1328 124 22 Travellers
1166 1328 45 22 and

629 1356 73 21 others
712 1356 49 21 who
770 1355 56 22 send
833 1355 106 27 baggage,
951 1354 71 23 works
1031 1355 26 21 of
1069 1359 39 22 art,
1116 1362 24 14 or
1148 1355 63 22 other

629 1382 64 22 value
702 1386 104 24 property
815 1385 23 18 to
848 1381 110 27 England,
975 1381 81 25 should
1071 1382 92 26 consign
1173 1382 37 21 the

629 1409 110 27 packages
749 1413 21 17 to
780 1408 37 22 the
827 1415 51 15 care
885 1408 24 21 of
916 1415 13 14 a
935 1408 98 22 licensed
1040 1408 170 22 Custom-house

629 1439 73 24 agent,
719 1443 24 14 as
759 1436 86 21 articles
860 1434 179 32 are^frequently
1052 1434 96 28 injured,
1166 1435 46 22 and

628 1462 102 23 needless
739 1469 95 20 expense
850 1462 108 27 incurred,
975 1462 36 21 for
1026 1461 38 22 the
1079 1465 60 18 want
1154 1462 26 21 of
1198 1469 14 14 a

628 1497 81 19 proper
718 1496 78 20 person
806 1492 23 18 to
840 1488 52 22 take
902 1488 78 27 charge
990 1488 26 21 of
1032 1488 61 22 them
1108 1495 29 14 on
1153 1488 58 22 their

629 1516 87 26 arrival,
727 1515 44 22 and
779 1522 36 15 see
831 1516 61 21 them
909 1514 96 27 entered,
1024 1514 124 28 examined,
1166 1515 46 22 and

629 1542 108 27 carefully
751 1542 115 27 repacked.
900 1541 48 22 The
967 1541 80 27 charge
1064 1542 17 21 is
1097 1542 43 21 the*
1150 1548 61 15 same

629 1569 99 22 whether
736 1576 23 14 so
770 1567 122 28 consigned
901 1575 24 14 or

859 1601 114 27 Chamber,
984 1601 103 28 London,

629 1655 139 49 DEVOY
777 1655 45 21 and
831 1655 54 27 CO.,
899 1656 45 20 who
957 1662 37 14 are
1010 1656 35 20 the
1059 1656 153 20 LICENSED

709 1683 123 20 AGENTS
840 1683 28 25 of
876 1683 47 20 Her
928 1683 111 25 Majesty's
1046 1684 166 20 Commissioners

629 1710 26 25 of
666 1710 100 25 Customs,
775 1711 42 19 and
830 1710 66 20 under
906 1711 61 25 heavy
975 1711 63 19 bonds
1049 1711 39 24 for
1098 1711 34 19 the
1141 1711 70 25 safety

629 1737 26 25 of
659 1739 104 24 property
778 1737 110 26 consigned
902 1739 20 18 to
938 1739 61 23 them,
1019 1737 45 28 beg
1081 1737 63 22 those
1153 1738 57 22 .who

629 1764 55 22 send
693 1764 109 27 packages
810 1768 24 18 to
844 1764 58 22 their
911 1772 56 19 care,
982 1768 23 18 to
1015 1771 37 15 see
1062 1764 48 22 that
1119 1763 54 23 each
1182 1765 28 21 be

629 1791 113 27 distinctly
759 1791 93 21 marked
898 1791 79 22 Devoy
996 1791 45 21 and
1061 1791 46 27 Co.,
1126 1791 85 21 Lower

627 1818 199 27 Thames-street,
965 1817 45 23 and
1013 1817 38 23 the
1057 1818 40 22 bill
1104 1817 25 22 of
1134 1817 78 28 lading

629 1852 24 14 or
665 1845 86 27 receipt
764 1844 124 22 forwarded
905 1847 22 19 to
946 1845 61 21 them
1025 1844 70 22 direct
1109 1845 30 27 by
1152 1848 57 24 post,

629 1871 52 22 with
690 1871 142 22 instructions
841 1871 51 22 how
902 1871 54 22 such
965 1871 69 28 goods
1043 1879 37 14 are
1090 1875 22 18 to
1125 1873 27 20 be
1168 1871 44 22 dis-

629 1898 68 26 posed
706 1899 27 21 of
744 1905 28 15 on
780 1898 80 22 arrival
869 1906 5 19 ;
891 1898 44 22 and
941 1906 24 14 as
972 1905 67 20 every
1045 1899 100 27 package
1151 1901 61 19 must

628 1926 27 20 be
673 1925 86 27 opened
778 1928 23 18 at
818 1925 39 21 the
874 1925 178 27 Custom-house,
1069 1925 21 21 if
1110 1932 44 20 any
1172 1932 39 15 are

628 1951 87 27 locked,
726 1951 37 21 the
771 1951 56 26 keys
836 1951 80 21 should
923 1952 29 21 be
960 1951 132 22 forwarded.
1130 1955 10 19 ?■
1151 1953 5 5 '

656 1977 77 22 Goods
743 1977 44 22 and
795 1977 110 28 packages
914 1984 37 15 are
959 1977 124 22 forwarded
1092 1977 120 27 by.Devoy

629 2003 45 22 and
683 2005 40 21 Co.
733 2007 23 19 to
765 2003 31 22 all
807 2008 62 23 parts
882 2004 25 21 of
918 2005 38 21 the
972 2005 128 26 Continent,
1111 2004 36 21 the
1158 2004 55 22 East

629 2030 45 22 and
684 2030 63 22 West
754 2030 81 27 Indies,
845 2030 108 27 Colonies,
964 2031 41 21 &c.
1015 2031 41 21 &c.
1065 2039 6 18 ;
1083 2030 50 27 and,
1144 2030 21 22 if
1176 2038 36 14 re-

629 2057 85 27 quired,
726 2061 49 18 sent
788 2060 22 19 to
820 2057 39 22 the
871 2064 49 14 care
935 2057 25 21 of
970 2057 137 28 responsible
1122 2057 88 27 houses,

629 2083 49 22 who
693 2084 46 22 will
754 2091 35 15 see
805 2084 38 22 the
859 2084 143 22 instructions
1017 2087 51 19 sent
1081 2083 54 23 with
1149 2084 63 22 them

629 2111 131 27 punctually
769 2111 107 21 attended
885 2114 29 18 to.

655 2138 40 22 All
704 2137 68 28 goods
782 2139 45 21 and
836 2138 109 27 packages
953 2138 35 22 for
996 2137 113 28 shipment
1114 2142 60 19 must
1182 2139 30 21 be

629 2164 159 29 accompanied
796 2164 31 29 by
841 2165 88 21 written
943 2165 150 26 instructions,
1104 2165 52 23 with
1172 2166 39 22 the

629 2199 66 15 name
705 2192 45 22 and
758 2191 90 23 address
857 2192 26 22 of
895 2192 37 22 the
942 2192 81 27 parties
1031 2192 31 27 by
1072 2193 71 21 whom
1158 2192 54 29 they

629 2226 36 14 are
680 2223 57 24 sent,
753 2219 44 22 and
812 2219 38 22 the
864 2223 101 18 contents
977 2218 46 22 and
1038 2219 65 22 value
1119 2220 26 21 of
1157 2220 55 21 each

629 2245 99 28 package
738 2246 77 22 stated.
843 2247 49 21 The
906 2247 54 26 duty
970 2246 110 22 outwards
1093 2247 18 21 is
1121 2248 43 20 10s.
1172 2254 41 19 per

629 2273 61 22 £100
705 2273 70 23 value.
812 2273 50 22 The
877 2276 46 19 rate
940 2273 26 21 of
976 2273 120 22 insurance
1113 2273 99 28 depends

628 2307 61 20 upon
700 2300 179 22 circumstances.
907 2301 44 21 For
966 2300 87 22 further
1067 2300 145 22 information

629 2327 66 27 apply
721 2331 23 19 to
766 2327 43 23 Mr.
829 2328 92 22 Samuel
947 2328 99 27 Revans,
1066 2327 144 28 Wellington,

629 2354 54 21 Port
692 2353 129 23 Nicholson.

723 2403 91 20 Union
828 2403 79 20 Bank
921 2403 30 20 of
955 2410 4 7 1
968 2402 148 21 Australia.

629 2437 97 21 London
744 2436 90 27 Office,
850 2436 45 21 No.
908 2437 36 26 33,
962 2436 50 21 Old
1028 2435 184 24 Broad-street.

684 2470 92 27 Capital,
786 2470 121 27 £800,000;
928 2470 52 27 paid
987 2477 39 20 up,
1040 2469 118 27 £500,000.

862 2508 118 12 directors:

735 2533 66 20 George
808 2532 40 18 Fife
855 2533 66 20 Angas,
930 2533 49 20 Esq.,

735 2554 66 16 Robert
808 2554 75 19 Brooks,
893 2554 47 20 Esq.,

624 2586 12 8 -,
735 2575 59 16 James
801 2574 49 17 John
858 2575 98 19 Cummins,
965 2574 48 20 Esq.,

735 2596 66 16 Robert
808 2595 97 19 Gardener,
915 2595 49 21 Esq.,
975 2594 122 20 Manchester,

735 2616 47 17 John
791 2616 45 16 Gore
852 2616 48 20 Esq.,

654 2649 6 7 ,
735 2637 47 17 John
789 2637 80 16 William
875 2637 74 18 Buckle,
954 2636 50 21 Esq.,

735 2657 94 21 Benjamin
836 2658 22 16 E.
864 2657 63 20 Lindo,
935 2657 47 20 Esq.,

735 2678 71 16 Charles
815 2678 77 16 Edward
899 2678 85 20 Mangles,
993 2678 48 19 Esq.,

736 2699 114 20 Christopher
857 2699 82 19 Rawson,
948 2699 47 20 Esq.,
1007 2698 81 20 Halifax,

736 2720 77 16 Thomas
820 2720 64 19 Sands,
892 2720 48 20 Esq.,
947 2719 99 20 Liverpool,

735 2741 61 16 James
802 2740 57 21 Bogle
866 2740 63 19 Smith,
935 2741 49 19 Esq.,

735 2761 61 16 James
802 2760 81 17 Ruddell
890 2760 54 20 Xodd,
952 2761 42 20 Esq.

630 2782 96 16 Trustees:
742 2782 80 16 George
832 2781 58 16 Caeb.
900 2781 60 19 Giyn,
972 2782 49 19 Esq.,
1031 2781 54 17 Johk
1095 2781 61 20 Gobi,
1164 2782 43 21 Eiq.
1208 2793 7 9 #

776 2802 36 16 and
819 2802 67 16 James
893 2802 16 16 J.
916 2802 101 19 Cummins,
1026 2802 43 20 Esq.

657 2823 93 17 Bankers:
761 2823 74 16 Messrs.
843 2823 60 18 Glyn,
914 2823 114 19 Hallifax,
1036 2823 71 19 Mills,
1114 2823 36 16 and
1157 2824 30 17 Co.

751 2844 100 20 Secretary:
863 2844 83 16 Samuel
951 2844 94 19 Jackson,
1053 2844 43 19 Esq.

721 2864 79 18 Colonial
806 2864 103 21 Inspector:
921 2864 18 16 J.
947 2864 18 16 C.
971 2864 103 20 M'Laren,
1082 2864 43 21 Esq.

752 2913 68 20 New
838 2911 122 21 Zealand
978 2912 115 20 Branch.

630 2939 55 18 Local
690 2939 92 18 Directors
787 2944 5 11 :
806 2939 49 16 Geo.
866 2939 18 16 S.
895 2939 71 18 Evans,
979 2939 48 20 Esq.,
1039 2939 69 18 D.C.L.,
1120 2939 37 18 and
1168 2940 47 17 Gxo.

850 2960 91 19 Hunter,
953 2960 43 19 Esq.

630 2981 97 21 Manager:
739 2981 48 17 John
793 2981 73 19 Smith,
873 2981 48 19 Esq.,
928 2981 37 16 late
972 2981 21 16 of
1000 2980 32 16 the
1039 2980 117 18 Commercial
1161 2981 55 17 Bank

798 3002 21 16 of
826 3001 88 21 England,
926 3001 122 17 Manchester.

740 3023 113 21 Branches
864 3025 24 19 at
902 3022 96 27 Sydney,

902 3049 89 21 Ilobart
998 3048 76 28 Town,

863 3089 4 3 •
902 3075 150 28 launceston,
1063 3075 45 22 and

902 3102 54 22 Tort
965 3101 81 28 Philip.

631 3130 54 22 Port
693 3129 131 29 Nicholson,
834 3129 80 23 March
924 3130 34 26 24,
969 3130 62 20 1840.

633 3183 92 22 HHHE
741 3183 114 22 Directors
871 3183 26 22 of
910 3183 39 21 the
965 3182 57 22 New
1038 3182 101 23 Zealand
1151 3183 66 23 Land

639 3205 30 27 J_
707 3211 115 27 Company
836 3210 81 27 hereby
935 3209 50 28 give
1002 3210 81 26 notice,
1100 3209 49 23 that
1163 3211 54 28 they

631 3236 57 22 have
695 3245 112 14 effected
817 3244 31 15 an
858 3244 171 14 arrangement
1036 3237 54 21 with
1097 3236 36 22 the
1140 3237 76 23 Union

631 3263 66 22 Bank
711 3264 27 21 of
752 3264 120 27 Australia,
888 3263 44 22 No.
948 3265 34 25 38,
997 3263 45 22 Old
1058 3263 157 28 Broad-street,

632 3290 103 27 London,
745 3291 34 21 for
787 3290 38 22 the
838 3290 167 22 establishment
1019 3289 26 23 of
1058 3298 13 14 a
1087 3290 130 23 BRANCH

631 3317 90 22 BANK
735 3317 34 22 IN
783 3317 73 22 NEW
869 3316 157 28 ZEALAND,
1039 3316 96 28 through
1144 3318 73 22 which

632 3343 37 22 the
678 3344 102 22 business
792 3344 27 22 of
830 3343 39 23 the
885 3343 56 23 New
956 3343 101 22 Zealand
1071 3343 64 23 Land
1151 3345 66 22 Com-

631 3377 61 20 pany
700 3371 47 21 will
754 3371 28 21 be
791 3370 134 22 transacted.
951 3370 49 22 The
1015 3370 114 22 Directors
1144 3372 73 22 there-

631 3397 47 21 fore
687 3397 145 22 recommend
841 3400 23 19 to
881 3396 109 23 Colonists
1005 3396 38 22 the
1060 3397 76 22 Union
1152 3398 74 23 Bank,

632 3424 26 22 of
676 3423 114 23 Australia
806 3431 25 15 as
849 3430 29 16 an
903 3423 169 22 establishment
1092 3426 132 27 possessing'

631 3450 57 22 their
705 3451 69 21 entire
796 3450 137 27 confidence,
953 3449 45 23 and
1017 3450 50 22 able
1085 3453 22 19 to
1125 3453 92 26 provide

632 3477 126 28 effectually
771 3477 35 22 for
821 3477 39 22 the
874 3477 105 22 financial
993 3480 71 19 wants
1080 3477 25 22 of
1116 3477 38 23 the
1169 3479 49 22 first

632 3504 133 22 settlement.
1011 3503 6 13 ;

798 3530 35 28 By
843 3529 65 23 order
917 3530 27 22 of
952 3529 39 23 the
1000 3530 80 27 Board,

875 3564 84 22 JOHN
972 3563 104 28 WARD,
1093 3565 123 28 Secretary.

632 3592 56 21 New
697 3591 99 23 Zealand
805 3591 67 22 Land
881 3591 134 27 Company's
1024 3590 77 28 Office,

658 3620 21 22 1,
689 3619 160 26 Adam-street,
860 3618 103 28 Adelphi,
973 3617 54 23 27th
1036 3618 60 26 Aug.
1114 3618 61 24 1839.

112 111 243 27 GOVERNMENT
371 109 140 25 NOTICE.

260 142 141 28 Wellington,
412 140 64 28 April
485 142 20 24 8,
514 140 63 22 1842.

17 178 146 28 TVTOTICE
182 177 28 23 IS
230 175 128 24 HEREBY
513 173 50 21 that
588 180 15 14 a

16 198 44 31 JLI
90 206 68 21 Court
170 204 26 22 of
212 204 59 21 Civil
286 202 44 22 and
345 200 107 24 Criminal
470 199 132 23 Judicature

15 233 36 21 for
59 232 38 21 the
108 232 107 22 Southern
227 229 94 23 District
330 228 24 22 of
364 227 57 23 New
429 226 80 27 Ulster,
519 225 45 22 will
574 225 28 22 be

15 259 82 22 holden
114 258 75 22 within
204 257 39 21 the
258 257 67 20 Court
339 254 85 25 House,
435 257 23 17 at
467 252 135 27 Wellington

15 285 116 27 aforesaid,
147 291 28 15 on
191 283 110 26 Tuesday,
324 281 37 21 the
377 281 52 21 19th
441 279 92 26 instant,
550 281 23 19 at
580 281 30 24 J^

16 312 84 21 o'clock
109 312 24 21 in
142 311 37 21 the
189 310 104 21 forenoon
301 316 6 19 ;
318 307 64 22 when
391 306 29 22 all
429 313 91 20 persons
531 305 77 21 under

13 338 158 26 recognizance
183 339 21 18 to
213 342 82 21 appear
299 342 24 14 as
330 335 142 26 prosecutors,
481 331 129 27 witnesses,'*

15 372 25 14 or
54 364 136 25 defendants,
199 363 78 21 before
293 361 54 21 such
363 361 73 24 Court,
447 366 38 15 are
498 357 104 29 required

14 395 22 18 to
51 391 50 27 give
117 390 56 21 their
187 389 132 21 attendance
335 387 52 22 then
401 387 43 21 and
461 386 62 22 there
530 393 6 19 ;
558 385 50 25 and,-

13 417 32 22 all
59 424 89 21 persons
163 415 48 23 who
226 415 59 21 have
304 413 88 28 appeals
408 416 23 18 to
450 412 111 28 interpose
575 418 27 25 $jr

15 444 63 21 other
95 443 100 22 business
209 445 23 19 to
246 443 96 20 transact
356 448 37 14 are
409 439 88 22 desired
512 443 23 17 to
551 438 50 27 give

14 471 58 20 their
82 469 139 26 attendance,
232 469 54 21 time
296 467 45 22 and
349 467 62 28 place
422 465 119 23 aforesaid.

324 501 96 22 Robert
435 500 27 21 R.
473 500 101 25 Strang,
593 519 9 7 „

361 527 67 22 Clerk
436 526 26 21 of
472 526 39 21 the
521 525 72 22 Peace

106 577 244 26 GOVERNMENT
367 575 139 25 NOTICE.
542 568 9 37 [
573 593 6 8 ,

14 616 145 51 NOTICE
179 616 28 22 IS
227 615 127 23 HEREBY
370 605 179 34 GlVEN*^that.
562 612 39 21 the

89 644 67 21 Court
172 643 25 21 of
212 642 96 25 Quarter
323 641 99 22 Sessions
438 639 122 28 appointed
578 643 21 17 to

13 671 28 21 be
57 670 82 22 holden
155 672 23 19 at
193 669 142 26 Wellington,
354 674 29 15 on
399 666 39 22 the
460 665 40 22 sth
516 665 45 27 day
577 665 26 21 of

15 697 64 26 April
90 700 60 23 next,
157 695 45 22 will
210 698 41 18 not
260 695 28 21 be
298 701 23 14 so
331 693 89 26 holden,
427 692 45 22 and
479 692 38 21 the
525 692 75 26 jurors

13 722 133 22 Biimmoned
155 723 86 21 thereto
250 721 45 21 will
304 723 38 19 not
351 719 88 28 require
450 721 21 19 to
480 718 52 27 give
542 718 59 22 their

13 749 131 23 attendance
154 749 61 21 there
231 754 29 15 on
277 747 48 21 that
340 746 50 27 day,
405 745 40 22 but
461 745 30 21 all
507 752 100 21 persons,.

11 776 73 22 under
98 775 158 27 recognizance
272 777 23 18 to
314 780 81 21 appear
409 779 25 15 as
451 771 152 28 prosecutors^*

12 803 119 26 witnesses,
143 808 25 14 or
177 800 131 22 defendants
317 799 74 22 before
403 798 54 22 such
473 798 76 26 Court,
561 805 37 15 are
605 801 5 12 '•

12 832 41 18 not
62 827 132 28 discharged
210 827 26 21 of
248 827 57 21 their
319 826 167 27 recognizancs;
554 825 45 21 will

6 856 33 25 be
50 855 102 27 required
161 857 22 19 to
192 853 52 28 give
255 853 59 21 their
330 852 131 22 attendance
471 855 24 18 at
503 852 39 20 the
549 851 52 22 first

12 882 69 21 Court
91 882 26 21 of
128 881 105 21 Criminal
247 879 130 23 Judicature
392 883 23 17 to
430 878 28 22 be
474 878 84 22 holden
577 881 23 18 at

12 908 144 27 Wellington,
168 914 28 14 on
206 907 38 21 the
255 906 59 22 third
323 905 103 27 Tuesday
436 904 25 22 of
468 905 66 27 April
544 907 56 19 next

13 935 78 26 (being
106 935 36 21 the
159 933 51 23 19th
227 932 119 28 proximo,)
364 935 23 19 at
403 932 54 21 nine
474 931 85 22 o'clock
577 931 22 21 in

13 961 38 22 the
67 961 113 26 forenoon,
192 961 46 21 and
251 959 38 22 the
298 959 78 21 Jurors
391 958 46 22 will
453 958 87 22 receive
556 957 43 22 due

12 988 74 22 notice
96 987 35 23 for
139 987 57 22 their
206 986 138 22 attendance.

177 1021 97 22 Robert
288 1021 28 22 R.
331 1021 101 25 Strang,

324 1047 64 22 Clerk
402 1047 26 21 of
438 1046 37 22 the
490 1046 80 21 Peace.

12 1076 71 21 Court
93 1076 83 24 House,
187 1074 141 27 Wellington,
340 1073 80 23 March
431 1074 34 26 28,
476 1074 61 21 1842.

106 1120 243 25 GOVERNMENT
367 1119 140 25 NOTICE.

250 1158 75 23 Police
335 1158 78 26 Office,
425 1157 146 27 Wellington,

312 1186 79 21 March
401 1184 32 27 15,
445 1186 60 21 1842.

95 1220 110 21 Annual
220 1219 146 27 Licensing
383 1218 133 27 Meeting.

14 1253 147 50 NOTICE
185 1253 26 22 IS
237 1252 128 23 HEREBY
390 1252 108 26 GIVEN,
518 1250 50 23 that
587 1258 13 14 a

107 1280 96 22 General
221 1280 101 26 Meeting
338 1280 25 21 of
379 1278 96 22 Justices
493 1278 26 21 of
534 1278 67 26 Petty

14 1307 107 27 Sessions,
131 1307 74 27 acting
213 1307 25 21 in
256 1307 45 21 and
312 1306 34 21 for
362 1306 37 22 the
412 1305 90 25 .district
511 1304 26 22 of
549 1304 52 22 Port

13 1334 129 26 Nicholson,
158 1333 43 22 will
210 1334 31 21 be
250 1333 52 21 held
312 1336 23 18 at
342 1333 44 21 this
402 1332 70 21 Office
489 1339 29 14 on
531 1331 69 22 Tues-

14 1360 50 27 day,
79 1361 38 21 the
133 1360 51 22 19th
200 1360 44 27 day
254 1360 24 21 of
286 1359 70 28 April,
370 1361 61 24 1842,
449 1361 23 19 to
488 1358 52 22 take
553 1357 47 22 into

13 1387 162 22 consideration
189 1387 55 21 such
254 1387 142 27 applications
404 1386 36 21 for
457 1385 106 22 Licenses
578 1391 23 14 as

13 1421 47 19 may
70 1415 53 20 have
135 1415 48 19 been
192 1414 75 26 lodged
274 1414 52 20 with
335 1420 31 14 me
383 1419 26 14 on
418 1419 25 14 or
457 1413 69 25 before
538 1413 62 20 Tues-

13 1442 48 25 day,
74 1441 38 21 the
121 1441 36 21 sth
171 1441 44 27 day
220 1441 26 21 of
260 1440 64 27 April
330 1443 60 24 next,
400 1440 71 21 under
476 1439 124 27 provisions

13 1469 26 20 of
51 1472 39 17 the
105 1469 44 21 Act
163 1467 24 22 of
204 1466 98 28 Council,
319 1469 14 19 2
349 1466 106 26 Victoria,
472 1466 44 22 No.
528 1467 34 25 18,
578 1466 27 21 of

17 1496 59 20 1838.

177 1521 96 21 Robert
287 1521 27 21 R.
330 1521 100 25 Strang,

286 1547 65 22 Clerk
361 1547 25 21 of
393 1547 65 27 Petty
468 1546 105 22 Sessions.

206 1593 26 19 J.
248 1593 37 19 M.
301 1592 108 25 Taylor,

27 1625 152 22 LICENSED
203 1624 240 23 CUSTOM-HOUSE
467 1622 117 28 AGENT,

262 1667 28 13 TE
305 1666 50 24 ARO^

14 1705 39 20 To
64 1705 46 20 the
121 1705 160 20 Mercantile
292 1704 54 21 and
361 1703 134 27 Shipping
508 1703 90 20 Inter-

137 1733 55 19 ests
203 1732 31 19 of
245 1732 66 19 Port
320 1731 159 20 Nicholson.

16 1764 155 22 mHOMAS
189 1764 107 22 BEVAN
313 1764 44 22 and
374 1763 81 26 SONS,
468 1763 57 21 New
542 1763 58 21 Zea-

22 1786 29 27 JL
77 1799 58 15 LAND
155 1799 56 14 ROPE
232 1799 45 14 AND
298 1798 72 14 TWINE
394 1796 204 19 MANUFACTURERS,

14 1818 43 27 beg
72 1822 23 18 to
105 1819 80 21 inform
196 1818 57 22 their
262 1817 83 22 friends
357 1817 45 22 and
412 1816 37 22 the
457 1817 83 26 public,
552 1815 48 22 that

15 1845 52 27 they
77 1845 56 22 have
149 1845 106 21 removed
271 1848 22 18 to
309 1844 56 22 their
382 1851 49 15 new
447 1843 106 26 premises
571 1850 27 14 on

15 1871 187 28 Lambton-quay,
218 1878 79 15 corner
312 1871 25 21 of
354 1871 155 26 Willis-street,
526 1869 73 22 where

15 1906 67 19 every
92 1899 75 21 article
177 1899 23 20 in
207 1897 39 22 the
256 1898 70 22 above
335 1897 73 23 trades
418 1904 51 21 may
478 1897 29 21 be
515 1896 47 22 had
572 1904 28 14 on

14 1925 37 21 the
61 1925 96 22 shortest
165 1925 83 21 notice.

41 1957 92 27 Fishing
142 1960 55 24 nets,
207 1960 65 23 mats,
284 1957 49 25 &c,
342 1956 66 21 made
418 1956 45 21 and
471 1955 109 27 repaired.

42 1991 27 21 T.
77 1991 27 21 B.
115 1991 44 21 and
169 1991 57 21 Sons
236 1997 37 15 are
280 1989 69 28 ready
358 1993 23 18 to
390 1989 124 21 undertake
523 1992 78 24 export

16 2017 76 21 orders
103 2021 21 17 to
134 2024 44 20 any
188 2020 84 23 extent,
283 2024 29 13 on
321 2015 130 23 reasonable
461 2019 76 18 terms.

42 2051 127 21 November
177 2052 34 24 30,
224 2051 60 20 1841.

15 2096 39 20 To
77 2096 45 20 the
143 2094 166 24 Merchants,
331 2094 197 25 Ship-owners,
546 2094 54 24 &c,

167 2121 30 21 of
209 2122 67 19 Port
290 2120 159 21 Nicholson.

14 2153 106 47 TD.
144 2153 102 23 PRATT
269 2153 53 27 begs
337 2156 59 19 most
413 2151 146 29 respectfully
576 2154 23 19 to

63 2190 10 10 •
104 2184 76 18 rehirn
195 2180 35 22 his
241 2180 81 22 thanks
338 2181 34 21 for
389 2179 39 22 the
441 2180 91 21 favours
547 2186 53 14 con-

77 2207 72 22 ferred
166 2214 28 14 on
209 2207 56 26 him,
276 2207 64 21 while
355 2207 24 21 in
396 2206 141 27 partnership
547 2205 53 21 with

15 2233 43 22 Mr.
70 2234 26 22 T.
107 2235 82 25 Bevan,
201 2233 47 22 and
256 2234 53 26 begs
319 2236 22 18 to
351 2233 81 22 inform
443 2232 61 22 them
513 2233 50 21 that
572 2232 27 22 he

13 2260 19 22 is
43 2267 51 15 now
104 2261 179 26 manufacturing
290 2267 71 20 ropes,
371 2260 64 26 lines,
447 2260 73 25 twine,
532 2259 28 21 of
570 2259 30 21 all

15 2287 158 28 descriptions;
189 2290 58 18 mats
262 2287 25 21 of
300 2287 30 21 all
345 2287 63 26 sizes,
429 2287 39 21 &c.
507 2285 94 28 Fishing

14 2317 51 18 nets
83 2314 64 22 made
164 2314 45 22 and
227 2313 108 28 repaired,
353 2313 45 22 and
417 2320 68 20 every
502 2312 57 22 kind
577 2313 27 21 of

15 2340 76 22 article
107 2341 23 21 in
146 2341 37 21 the
199 2340 70 22 above
284 2340 53 27 line,
354 2340 31 22 all
400 2340 58 22 from
474 2339 57 22 New
544 2339 57 22 Zea-

14 2367 55 21 land
84 2367 51 27 flax,
147 2367 45 22 and
205 2374 31 15 on
246 2367 37 22 the
293 2370 58 19 most
358 2367 132 22 reasonable
499 2366 101 27 charges.

15 2401 43 22 No.
76 2402 19 26 1,
121 2401 228 27 Molesworth-street,
376 2400 146 28 Wellington,
547 2400 54 23 Port

241 2428 130 22 Nicholson.

14 2474 51 46 A
93 2472 131 27 HEWITT,
236 2473 159 24 Fishmonger,
407 2472 112 22 Lambton
527 2473 72 26 Quay,

70 2510 10 10 •
98 2499 144 27 Wellington,
248 2503 88 18 returns
345 2499 34 21 his
389 2499 85 21 sincere
486 2499 82 21 thanks
578 2503 22 17 to

14 2526 37 22 the
70 2525 137 23 inhabitants
226 2527 27 21 of
272 2526 44 22 this
334 2526 86 27 Colony
436 2525 34 22 for
490 2525 38 22 the
546 2532 55 21 very

13 2552 80 22 liberal
110 2555 91 25 support
216 2552 30 22 he
260 2552 40 22 has
316 2553 97 21 hitherto
427 2552 111 27 received,
556 2552 46 22 and

13 2579 56 27 begs
78 2583 23 17 to
110 2580 81 21 iniorm
201 2579 63 23 them
272 2579 49 22 that
335 2579 26 22 he
371 2579 41 22 has
420 2579 66 21 made
496 2586 105 21 arrange-

14 2609 75 19 ments
104 2607 34 21 for
156 2614 14 14 a
184 2609 104 19 constant
303 2606 79 28 supply
401 2605 26 23 of
446 2606 38 22 the
503 2605 99 23 choicest

14 2633 104 21 varieties
126 2633 26 21 of
162 2633 49 26 fish,
229 2633 73 22 which
317 2633 28 21 he
361 2632 138 27 confidently
514 2640 87 14 recom-

15 2659 80 22 mends
104 2663 21 18 to
135 2659 38 22 the
181 2659 77 27 public
267 2667 24 14 as
297 2659 67 27 being
371 2659 26 22 of
407 2659 38 21 the
452 2659 50 22 best
507 2659 94 28 quality.

43 2686 83 22 Orders
134 2686 35 22 for
178 2687 105 27 snipping
290 2686 110 27 received,
415 2685 45 23 and
469 2685 134 28 punctually

17 2713 106 21 attended
132 2717 31 17 to.

170 2746 99 15 OYSTERS
283 2746 71 15 FRESH
370 2746 77 14 DAILY.

43 2773 65 28 Also,
119 2781 12 14 a
141 2773 80 27 supply
231 2774 26 21 of
271 2773 127 27 vegetables
413 2772 60 23 fresh
488 2773 59 22 from
564 2772 38 23 the

17 2800 85 26 garden
111 2800 67 27 daily.

239 2845 30 21 H.
284 2844 93 27 READ,

153 2881 118 21 Tinman
281 2881 54 21 and
344 2880 119 26 Brazier,

94 2914 61 22 Near
163 2914 38 22 the
213 2914 153 27 Court-house,
378 2913 147 28 Wellington.

160 2965 142 23 CHARLES
318 2965 139 28 HARVEY,

223 3000 101 25 Tailor,
339 3000 54 25 &c,

142 3033 116 26 Adjoining
271 3035 71 19 Kumu
356 3034 52 20 Tofo
422 3033 47 21 Pah
470 3049 7 11 t

231 3075 157 19 WELLINGTON,

16 3100 106 48 BEGS
137 3103 22 20 to
176 3104 78 19 return
270 3100 81 23 thanks
368 3104 23 18 to
408 3101 38 21 the
462 3103 82 25 gentry
558 3100 45 22 and

92 3128 74 27 public
177 3128 22 21 of
208 3128 59 22 New
276 3127 101 23 Zealand
384 3128 36 22 for
427 3127 38 23 the
472 3130 94 25 support
573 3127 29 21 he

15 3152 42 22 has
72 3155 101 21 received
187 3155 59 21 from
262 3154 61 22 them
338 3155 61 21 since
414 3154 29 22 he
457 3153 146 23 commenced

15 3179 109 27 business,
142 3181 43 22 and
204 3181 29 23 he
251 3188 86 15 assures
352 3181 63 22 them
431 3181 49 21 that
495 3181 19 21 it
532 3180 19 22 is
568 3180 35 22 his

16 3205 111 23 intention
137 3211 22 18 to
169 3209 105 21 continue
284 3208 34 22 his
333 3211 60 19 most
408 3211 118 19 strenuous
540 3214 63 14 exer-

17 3232 60 22 tions
87 3237 23 18 to
119 3234 65 22 merit
192 3242 14 14 a
215 3235 148 22 continuance
373 3235 26 21 of
406 3235 57 21 their
471 3237 131 25 patronage.

44 3267 26 21 C.
81 3268 29 21 H.
120 3268 62 21 takes
196 3268 45 23 this
263 3269 142 27 opportunity
420 3268 25 22 of
456 3268 84 26 stating
556 3266 49 23 that

17 3293 35 22 his
63 3294 61 21 stock
135 3294 92 23 consists
236 3295 26 22 of
272 3303 14 14 a
295 3296 57 26 good
361 3296 87 26 variety
458 3296 27 21 of
490 3294 113 28 superfine

17 3320 80 27 cloths,
108 3320 107 27 doeskins,
232 3322 89 26 tweeds,
336 3322 128 26 moleskins,
475 3321 126 25 velveteen,

16 3347 58 27 pilot
88 3347 66 27 cloth,
165 3347 39 22 &c.
215 3348 49 27 &c,
279 3348 44 23 and
337 3349 35 22 his
389 3349 93 27 charges
493 3349 47 25 (for
555 3349 48 20 cash

16 3374 60 26 only)
87 3374 120 21 moderate.

229 3419 161 21 Education.

18 3451 108 50 MRS.
146 3450 46 22 and
210 3450 71 22 MISS
304 3451 188 24 WAKEFIELD
515 3454 88 22 receive

109 3478 73 27 pupils
191 3484 31 15 on
231 3477 38 22 the
277 3477 114 29 following
399 3482 67 20 terms
472 3487 6 14 :
479 3491 29 5 —

44 3512 46 23 For
107 3511 77 27 hoard,
202 3511 56 22 with
274 3510 99 28 washing
387 3513 46 21 and
446 3514 35 21 in-

73 3538 108 22 struction
184 3538 25 21 in
213 3537 92 28 general
311 3538 92 27 English
407 3539 74 23 litera-

72 3569 56 23 ture,
144 3565 96 27 writing,
255 3564 45 21 and
311 3565 115 27 aritmetic,
442 3573 40 20 per

72 3595 90 25 quarter
481 3595 14 19 8
523 3595 13 20 8
563 3596 14 20 0

44 3618 79 23 Under
131 3620 13 21 7
153 3625 65 21 years
229 3618 26 21 of
265 3625 41 19 age
482 3619 13 22 7
523 3619 14 23 7
564 3623 13 19 0

44 3646 55 27 Day
107 3645 104 22 boarders
481 3647 16 20 4
523 3647 15 21 4
565 3649 13 19 0

44 3673 54 26 Day
107 3672 72 28 pupils
483 3673 14 20 2
523 3674 15 20 2
564 3675 14 19 0

44 3699 82 22 Junior
136 3699 55 21 ditto
484 3700 11 20 1
511 3700 25 20 11
565 3701 13 20 6

44 3733 91 22 Private
144 3733 86 21 lessons
237 3733 26 21 in
272 3731 77 28 music,
361 3738 26 14 or
396 3738 45 20 any
450 3731 27 22 of
486 3731 39 22 the
535 3733 70 22 above

17 3760 111 23 branches
138 3759 26 22 of
173 3759 127 26 education,
316 3766 42 14 one
372 3757 76 23 hour's
462 3759 142 27 instruction,

17 3788 52 22 four
77 3787 85 22 lessons
179 3786 36 21 for
225 3793 43 14 one
276 3785 89 28 guinea.

44 3820 136 22 References
189 3822 22 19 to
222 3819 38 22 the
268 3818 114 28 following
387 3818 131 28 gentlemen
526 3818 80 28 kindly

17 3847 121 29 permitted
146 3854 4 14 :
152 3858 29 4 —

45 3874 65 28 Capt.
119 3874 36 21 W.
165 3873 33 22 M.
210 3872 80 28 Smith,
300 3872 68 28 R.A.,
376 3872 229 28 Surveyor-General.

44 3901 29 21 T.
85 3901 31 21 M.
127 3899 123 28 Partridge,
262 3900 52 27 Esq.

44 3927 25 21 S.
79 3926 97 28 Revani,
187 3926 54 28 Esq.
