2529 4020
1929 1712 56 22 The-
1991 1710 182 23 Anti-Slavery
2184 1709 105 21 Society.
2290 1719 29 4 —
2319 1707 47 23 The
2380 1706 112 23 existence

1904 1738 25 22 of
1939 1738 45 22 this
1998 1737 114 27 imperiuin.
2120 1743 24 14 tn
2159 1736 87 26 imperio
2262 1735 19 21 is
2299 1742 13 14 a
2327 1733 167 23 constitutional

1904 1765 111 28 anomaly,
2027 1764 79 26 which,
2118 1765 16 20 it
2144 1764 80 21 strikes
2234 1770 35 19 us,
2278 1762 42 22 has
2330 1765 39 17 not
2386 1759 109 23 attracted

1902 1789 118 25 sufficient'
2033 1789 147 29 speculation.
2208 1789 49 22 The
2272 1787 162 28 Anti-Slavery-

1904 1820 59 26 ciety
1970 1820 19 21 is
1999 1821 47 24 not;
2059 1818 45 21 like
2116 1825 70 20 many
2199 1816 65 22 other
2273 1815 109 26 societies,
2398 1813 97 23 devoted

1904 1849 21 19 to
1944 1854 14 13 a
1975 1846 90 27 specific
2083 1845 84 27 object,'
2175 1855 2 3 ■
2194 1843 105 26 affecting
2309 1846 3 4 '
2318 1841 36 23 the
2373 1840 70 29 rights
2469 1848 26 14 or

1903 1873 102 22 interests
2017 1872 29 22 .of
2057 1872 28 21 its
2100 1871 113 22 members
2228 1876 25 16 as
2268 1869 104 28 subjects,
2384 1867 50 23 and-
2441 1874 54 21 pro-

1903 1900 67 28 bably
1976 1898 123 23 attainable
2106 1898 80 22 within
2195 1904 13 15 a
2217 1895 133 23 reasonable
2356 1896 61 25 time,
2427 1894 67 22 when

1904 1926 38 22 the
1954 1927 72 22 union
2036 1926 26 22 of
2073 1932 78 15 course
2166 1923 119 28 dissolves;
2300 1923 42 21 hut
2351 1922 38 22 the
2396 1921 59 28 body
2469 1922 26 22 in

1904 1954 102 27 question
2196 1951 49 22 that
2253 1952 47 20 'not
2311 1949 81 28 always
2407 1951 88 19 courte-

1904 1980 69 27 ously,
1994 1980 54 22 with
2066 1977 203 28 the'-prbcefidings
2286 1976 47 21 and
2350 1975 102 27 opinions
2471 1975 27 21 of

1903 2006 86 28 foreign
2006 2009 72 23 states,
2097 2004 46 23 and
2157 2010 106 22 proposes
2278 2006 23 18 to
2316 2002 64 22 itself
2396 2001 41 25 the,
2453 2008 41 15 ex-

1903 2034 93 22 tinction
2004 2033 25 22 of
2038 2032 91 27 Slavery
2136 2031 31 22 all
2175 2038 52 14 over
2237 2029 38 22 the
2282 2029 98 21 world—
2383 2028 110 27 America,

1902 2060 63 27 Asia,
1985 2056 93 30 Africa^
2092 2058 44 22 and
2156 2055 100 29 Turkey'
2266 2056 24 22 in
2309 2056 89 27 Europe
2413 2053 25 24 'if
2441 2059 54 23 ,not

1904 2085 87 29 Russia,
2010 2086 93 26 Poland,
2112 2081 63 33 ,&c.';'
2193 2092 23 14 so
2231 2083 50 22 that
2289 2083 31 21 its
2335 2081 103 23 duration
2446 2082 21 22 is
2481 2089 15 15 a

1902 2121 55 23 very
1966 2112 195 24 undeterminable
2175 2114 89 19 matter.
2286 2109 79 23 -.Other
2376 2109 81 22 -bodies
2472 2109 26 22 of

1902 2148 92 20 persons
1996 2152 25 4 —
2021 2148 25 14 as
2061 2139 38 22 the
2111 2139 61 21 West
2189 2137 92 22 Indians
2282 2147 29 5 —
2312 2137 44 21 also
2371 2135 125 23 communi-

1904 2172 48 18 cate
1956 2168 55 22 with
2015 2175 16 15 a
2035 2166 121 28 particular
2164 2165 149 27 department,
2322 2163 45 22 and
2375 2170 30 15 on
2412 2163 85 27 special

1902 2195 135 24 business,in
2045 2193 74 22 which
2128 2192 54 27 they
2189 2199 35 14 are
2231 2190 129 29 practically
2367 2189 127 28 interested,

1903 2222 45 22 and
1957 2222 53 22 with
2017 2220 81 23 'which
2112 2220 39 21 the
2162 2220 156 21 Government
2331 2225 53 20 may
2393 2217 57 22 have
2459 2217 36 21 in-

1902 2249 97 22 terfered
2008 2248 30 28 by
2052 2247 78 27 taxing
2145 2245 167 28 theirproduce
2319 2245 44 21 and
2372 2243 125 28 regulating

1903 2276 58 22 their
1970 2276 109 26 industry.
2109 2274 68 22 Some
2194 2272 76 22 bodies
2282 2273 60 21 have
2356 2279 14 14 a
2379 2271 118 22 chartered

1903 2311 25 14 or
1936 2302 133 28 recognized
2083 2300 104 28 capacity
2187 2311 27 4 —
2215 2306 24 15 as
2253 2299 40 22 the
2308 2298 37 23 old
2358 2299 55 21 East
2427 2297 70 22 India

1903 2330 44 22 and
1956 2330 95 22 African
2061 2328 140 27 Companies.
2213 2346 4 4 .
2227 2326 49 24 JBut
2286 2325 40 23 the
2336 2325 161 27 Anti-Slavery

1903 2356 89 28 Society
2010 2357 30 22 is'
2054 2353 196 24 self-constituted,
2263 2352 54 23 and'
2325 2351 170 29 irresponsible:

1901 2384 84 27 having
1987 2391 36 16 jio
2037 2382 121 29 particular
2170 2381 144 27 .department
2328 2382 23 19 to
2360 2380 99 21 transact
2467 2378 26 27 it,

1901 2412 42 21 but
1952 2413 63 20 takes
2031 2416 59 22 upon
2104 2409 28 22 its
2138 2408 51 21 -self
2200 2412 21 17 to
2236 2410 90 24 suggest
2340 2409 21 18 to
2373 2413 30 14 or
2410 2405 85 22 lecture

1903 2445 43 21 any
1954 2436 121 24 branch.of
2085 2436 40 21 the
2135 2435 156 22 Government
2300 2433 18 22 it
2326 2433 92 27 pleases.
2433 2432 62 31 ;The

1902 2469 60 18 most
1970 2463 138 24 remarkable
2117 2463 63 27 point
2195 2462 68 21 about
2271 2460 24 27 it,
2307 2460 109 26 however,
2431 2458 21 23 is
2466 2459 31 22 its

1903 2491 199 23 communications
2121 2490 54 21 with
2189 2488 124 27 foreigners
2321 2495 5 19 ;
2354 2490 42 19 not
2408 2486 88 27 merely

1902 2518 136 23 individuals
2055 2525 25 14 or
2099 2515 187 24 self-constituted
2309 2514 75 23 bodies
2402 2514 45 21 like
2466 2514 29 21 it-

1902 2546 49 27 self,
1961 2546 42 21 but
2010 2544 54 23 with
2076 2544 75 28 public
2165 2542 132 23 authorities
2306 2549 5 19 ;
2328 2540 127 23 sometimes
2462 2540 33 28 by

1901 2572 105 28 personal
2022 2571 127 23 interviews
2149 2581 29 5 —
2179 2577 24 14 as
2219 2568 59 25 with,
2286 2565 40 26 the
2332 2587 3 4 ,
2341 2568 69 27 King,
2419 2568 24 21 of
2455 2567 39 22 the

1892 2600 100 22 .French
2006 2599 46 22 and
2066 2598 38 21 the
2120 2596 119 23 President
2253 2596 27 21 of
2295 2596 40 21 the
2349 2596 106 26 Regency
2469 2595 26 21 in

1903 2627 82 28 Spain;
2010 2625 128 23 sometimes
2156 2624 32 27 by
2203 2623 106 28 personal
2328 2622 113 22 addresses
2442 2633 28 4 —
2471 2629 25 14 as

1902 2650 55 25 that'
1966 2653 70 23 t'o'the
2052 2652 118 22 President
2180 2651 25 21 of
2217 2650 37 22 the
2265 2649 85 22 United
2363 2650 80 21 States.
2473 2648 23 22 It

1902 2680 195 29 is'p'erfectlytrue
2107 2678 121 22 that-tbese
2239 2676 209 23 communications'
2455 2683 39 14 are

1903 2708 86 27 merely
2003 2707 69 22 those,
2081 2706 26 21 of
2121 2705 38 22 the
2172 2711 94 22 persons
2279 2704 58 23 who'
2344 2703 66 22 make
2424 2702 70 28 them,

1902 2734 85 28 having
2001 2741 30 15 no
2046 2732 101 22 national
2162 2739 26 14 or
2191 2748 3 13 ;
2203 2730 76 29 public
2296 2730 114 27 authority
2424 2730 72 21 what-

1903 2768 87 19 soever;
2008 2760 56 23 their
2072 2763 79 18 nature
2160 2758 47 22 also
2212 2759 20 21 is
2239 2757 115 23 doubtless
2358 2756 138 23 understood

1902 2789 36 26 by.
1944 2788 37 22 the
1991 2787 123 28 respective
2120 2785 136 23 'authorities
2273 2788 23 18 to
2306 2784 74 22 whom
2388 2783 55 28 they,
2456 2791 39 14 are

1904 2815 127 27 addressed-,
2039 2814 54 22 -and
2109 2812 66 22 rated
2188 2812 31 28 by
2238 2812 62 21 them
2356 2810 59 23 their,
2429 2814 67 18 exact

1903 2842 146 28 importance.
2064 2840 184 27 ;Theimportant
2253 2839 103 28 question
2361 2838 27 27 is,
2395 2837 100 22 whether

1904 2869 36 23 the
1950 2869 95 28 people,,
2054 2868 46 21 and
2110 2867 42 28 the,
2164 2874 62 14 more
2234 2866 112 26 .ignorant
2358 2867 50 25 part
2418 2864 25 21 of
2455 2864 39 22 the

1902 2896 78 28 people
1998 2897 27 21 of
2040 2894 64 24 those
2119 2894 120 25 countries,
2257 2890 85 30 riglitly
2355 2891 140 23 understand

1903 2923 37 22 the
1954 2927 92 22 matter;
2063 2920 120 28 especially
2196 2920 64 21 When
2271 2919 38 21 the
2318 2918 76 29 public
2402 2917 63 22 mind
2474 2918 20 22 is

1902 2949 89 23 excited
2000 2950 31 27 by
2039 2948 86 22 seizure
2135 2947 28 21 of
2174 2946 67 28 ships,
2252 2953 26 14 or
2291 2953 46 19 any
2340 2945 70 22 'other
2424 2948 36 19 act
2464 2945 34 22 'of

1903 2977 60 22 force
1977 2977 25 21 in
2012 2975 127 24 connexion
2153 2973 55 22 with
2220 2972 37 23 the
2273 2971 139 23 Slave-trade
2412 2982 28 4 —
2440 2979 26 14 as
2474 2972 21 22 is

1898 3005 49 26 just
1956 3010 52 15 now
2017 3003 38 21 the
2062 3008 50 15 case
2123 3000 54 22 with
2187 3003 49 23 part
2243 2999 27 22 of
2277 2999 116 27 Germany
2402 2998 47 23 and
2455 2998 38 23 the

1904 3031 83 21 United
1996 3030 108 22 States.—
2106 3029 120 26 Spectator.
2458 3041 30 13 iV

1281 1183 3 10 i
1307 1170 49 23 The
1365 1170 177 29 pacxficatio.nflf
1554 1171 66 28 Spain
1630 1173 23 20 in
1663 1171 98 28 general.
1763 1173 109 26 proceeds

1282 1197 137 28 favourably.
1440 1197 35 22 On
1482 1197 38 23 the
1525 1198 53 22 24th
1587 1199 105 26 October,
1702 1198 116 28 Espartero
1827 1207 47 14 was

1283 1228 23 18 at
1317 1224 106 27 Vittoria;
1440 1224 73 22 where
1527 1232 122 15 numerous
1662 1225 139 27 deputations
1815 1226 59 21 from

1280 1251 38 21 the
1326 1251 117 28 provinces
1453 1251 43 22 had
1506 1251 81 22 waited
1596 1259 61 20 upon
1667 1251 48 22 him
1721 1252 33 21 for
1764 1252 39 21 the
1818 1260 54 20 pur-

1281 1285 52 20 pose
1353 1278 70 22 either
1440 1278 26 21 of
1478 1279 92 26 making
1585 1279 58 21 their
1660 1278 129 22 submission
1808 1286 25 15 or
1851 1280 26 21 of

1281 1305 113 27 declaring
1404 1304 57 22 their
1470 1305 147 22 devotednes3
1630 1309 21 18 to
1662 1305 36 21 the
1710 1305 159 23 Government.

1280 1331 121 28 The-great
1409 1331 102 31 question
1521 1331 26 22 of
1559 1331 38 22 the
1609 1333 83 21 Fueros
1703 1338 43 16 was
1756 1332 115 22 discussed

1281 1361 22 19 at
1327 1358 63 22 these
1411 1357 131 23 interviews.
1580 1359 119 28 Espartero
1722 1359 111 27 promised
1853 1363 22 18 to

1284 1385 110 22 maintain
1404 1385 30 22 all
1443 1385 37 22 the
1488 1385 122 29 municipal
1617 1385 42 22 and
1668 1386 63 21 other
1740 1385 53 22 laws
1799 1386 75 21 which
1880 1387 3 3 '

1282 1412 69 22 could
1366 1412 27 22 be
1402 1413 124 21 reconciled
1535 1413 54 20 with
1603 1413 64 21 those
1676 1413 26 20 of
1712 1412 38 21 the
1758 1413 118 27 -kingdom

1282 1442 23 18 at
1313 1439 69 28 large,
1394 1438 44 23 and
1444 1442 23 18 to
1475 1442 89 25 exempt
1573 1439 42 22 the'
1621 1439 137 22 inhabitants
1767 1440 57 21 from
1834 1440 40 21 the

1282 1466 149 27 conscription
1437 1474 5 19 ;
1460 1469 23 18 to
1493 1466 73 21 which
1576 1466 37 22 the
1627 1466 79 28 people
1717 1466 25 21 of
1752 1466 62 22 those
1823 1474 52 20 pro-

1281 1492 77 23 vinces
1378 1500 59 15 seem
1452 1496 22 18 to
1490 1493 67 24 have,
1563 1500 29 15 an
1604 1493 190 22 insurmountable
1810 1501 65 14 aver-

1281 1519 54 22 sion.
1366 1519 168 22 Customlioiises
1621 1525 22 16 to
1660 1519 27 22 be
1702 1520 83 27 shortly
1801 1520 75 21 estab-

1281 1546 72 22 lished
1361 1547 65 26 along
1434 1547 36 20 the
1479 1546 95 22 frontier
1580 1547 25 21 of
1608 1547 37 22 the
1655 1546 133 28 Pyrerinees,
1797 1554 79 20 agree-

1282 1573 53 27 ably
1345 1577 23 18 to
1379 1573 36 22 the
1427 1573 110 22 decree.of
1544 1573 36 22 the
1592 1574 84 21 Cortes.
1744 1588 3 4 .
1760 1588 4 4 -
1791 1569 50 38 *Js|j?
1869 1580 2 5 :

1308 1601 49 21 The
1366 1599 62 29 spirit
1438 1601 25 20 of
1474 1601 121 26 enterprise
1604 1602 24 20 in
1638 1600 69 28 Spain
1716 1599 19 22 is
1741 1595 128 32 onceTnfore

1282 1627 89 21 abroad.
1396 1626 166 27 Undertakings
1572 1627 26 21 of
1604 1634 66 19 every
1677 1630 47 19 sort
1733 1634 37 14 are
1776 1628 57 21 form
1837 1628 36 26 ed,

1282 1653 105 28 forming,
1399 1660 24 15 or
1433 1654 67 21 about
1513 1654 69 27 being
1598 1654 93 22 entered
1705 1654 55 21 into.
1787 1654 88 24 .Roads

1281 1687 39 15 are
1338 1681 92 26 making
1446 1680 24 21 in
1489 1688 69 20 every
1581 1681 117 27 direction,
1723 1677 97 31 bridges'
1835 1689 40 14 are

1282 1707 70 27 being
1370 1707 146 28 constructed,
1535 1715 24 14 so
1576 1707 49 22 that
1644 1715 70 20 every
1733 1707 143 22 inducement

1272 1734 56 21 *will
1345 1735 28 21 be
1392 1734 52 22 held
1458 1738 40 18 out
1514 1734 35 22 for
1566 1735 80 27 people
1667 1738 23 18 to
1707 1734 70 21 travel
1791 1735 82 27 about;

1284 1761 198 22 communications
1499 1761 46 22 will
1563 1761 52 22 thus
1623 1762 40 21 -be
1681 1761 111 22 rendered
1808 1769 64 20 ,easy,

1282 1788 54 27 safe,
1348 1788 44 22 and
1401 1788 144 22 economical.
1547 1799 26 5 —
1573 1790 102 24 Morning
1690 1788 59 26 Post',
1760 1788 115 21 December

1284 1816 37 25 13,
1336 1816 62 21 1841.
1625 1832 9 10 t
1723 1812 26 14 ■.
1764 1814 3 6 -
1784 1816 23 11 i.-
1812 1819 5 9 k
1826 1820 4 8 ,
1859 1822 3 4 .

1310 1869 49 22 Our
1369 1869 83 27 private
1463 1869 191 27 correspondence
1669 1869 59 22 from
1744 1870 31 24 St.
1785 1870 90 25 Petcrsr

1282 1896 81 27 burgh,
1374 1895 67 23 dated
1449 1896 37 21 the
1498 1896 51 22 16th
1558 1896 48 28 ult,
1618 1898 75 24 states,
1706 1896 47 21 that
1763 1897 59 22 since
1833 1897 39 22 the

1284 1927 192 18 commencement
1498 1923 26 21 of
1549 1923 38 22 the
1611 1923 133 22 differences
1769 1924 103 23 between

1285 1949 70 22 Great
1364 1950 83 22 Britain
1458 1949 44 22 and
1508 1957 4 5 •
1519 1949 80 27 China,
1615 1951 39 22 the
1666 1950 142 22 commercial
1817 1950 59 23 rela-

1280 1976 63 26 tions
1352 1976 99 23 between
1458 1976 85 23 .Russia
1552 1977 43 22 and
1604 1978 39 21 the
1660 1976 104 23 Celestial
1773 1978 99 26 Empire,

1285 2002 97 28 through
1390 2001 105 29 Riakhta,
1505 2003 58 22 have
1578 2003 117 23 increased
1712 2003 165 28 considerably:

1273 2048 2 8 ,
1284 2030 47 21 The
1342 2037 95 15 manner
1443 2029 24 22 in
1480 2029 73 22 which
1570 2030 43 22 this
1630 2030 63 23 trade
1708 2029 19 22 is
1742 2030 85 26 carried
1846 2038 30 15 on

1283 2056 42 22 has
1332 2057 68 27 given
1409 2056 114 23 increased
1531 2057 132 22 confidence
1674 2061 22 17 to
1711 2056 38 22 the
1766 2057 105 22 Chinese.

1286 2084 21 21 It
1314 2083 21 22 is
1344 2083 74 23 added
1426 2083 49 22 that
1483 2083 37 22 the
1531 2084 106 27 religious
1646 2083 160 27 mission/sent
1814 2084 60 22 from

1286 2110 80 22 Russia
1385 2111 44 22 last
1450 2110 85 27 winter,
1561 2110 45 22 had
1625 2114 47 19 met
1690 2110 54 21 with
1759 2111 38 21 the
1815 2114 61 19 most

1284 2137 128 23 favourable
1420 2136 113 28 reception
1543 2141 24 18 at
1583 2138 80 23 Pekin.
1664 2148 27 5 —
1695 2138 74 27 Times,
1778 2139 96 20 'Decem-

1284 2166 35 19 ber
1328 2166 21 26 8,
1362 2166 60 21 1841.

1309 2220 41 21 We
1360 2226 56 21 copy
1426 2218 37 22 the
1478 2218 116 29 following
1697 2219 73 22 which
1783 2219 20 22 is
1818 2219 26 22 of
1861 2227 13 14 a

1282 2246 58 22 later
1349 2246 50 22 date
1409 2245 54 22 than
1477 2253 46 20 any
1533 2246 27 22 of
1577 2248 38 21 the
1632 2253 80 21 papers
1726 2246 102 22 received
1843 2246 31 28 by

1282 2273 38 22 the
1332 2274 65 21 Great
1417 2274 100 26 Western,
1538 2273 68 23 dated
1625 2273 80 23 Hale's
1724 2273 148 26 News-room,

1283 2300 57 22 New
1364 2300 68 27 York,
1457 2308 58 20 one.
1523 2308 62 20 p.m.,
1611 2300 130 22 November
1749 2321 5 4 .
1768 2301 33 25 23,
1831 2300 41 22 the

1283 2328 148 26 authenticity
1441 2327 26 22 of
1477 2322 73 27 w*h*ich
1559 2335 54 21 may
1620 2328 30 22 be
1657 2327 58 27 fully
1721 2326 69 23 relied
1801 2334 28 15 on
1838 2335 5 14 :—:
1845 2338 29 4 —

1310 2361 37 22 St.
1376 2361 84 22 John's
1484 2361 59 22 New
1566 2361 148 22 Brunswick.
1723 2371 19 4 —
1742 2371 10 5 -
1784 2361 90 33 By^the

1282 2387 84 23 Boston
1375 2388 54 22 boat
1443 2389 46 26 just
1502 2396 30 19 uij
1545 2387 16 25 I.
1566 2388 68 24 .learn
1643 2389 57 23 that,
1707 2394 13 15 a
1739 2387 135 23 destructive

1282 2415 161 28 conflagration
1451 2415 53 21 took
1510 2415 67 28 'place
1587 2413 35 24 oh'
1628 2415 38 22 the
1676 2414 97 27 evening
1790 2415 27 21 of
1831 2415 41 21 the

1283 2442 52 22 15th
1344 2443 92 26 instant,
1446 2446 24 17 at
1479 2442 37 21 St..
1520 2442 81 22 John's
1610 2443 58 21 'New
1669 2444 4 14 s
1680 2441 140 22 Brunswick.
1850 2442 23 21 It

1282 2472 70 25 swept
1361 2476 62 20 away
1432 2469 28 21 all
1470 2469 38 21 the
1524 2468 157 28 buildings-in
1686 2485 5 3 .
1702 2468 174 23 Market-Street

1281 2496 82 22 Wharf
1372 2496 46 21 and
1427 2495 63 22 down
1500 2499 23 18 to
1533 2496 125 28 Whitney's
1664 2496 85 27 .Wharf,
1760 2495 46 22 and
1815 2495 66 27 from.

1282 2523 80 22 Prince
1383 2523 176 22 William-s'treet
1566 2522 4 9 '
1575 2526 22 19 to
1611 2519 42 26 'the
1672 2522 84 28 water,*
1766 2522 38 21 the
1823 2530 51 15 new

1282 2550 177 26 Market-house,
1470 2550 40 22 &c.
1540 2550 73 27 Large
1630 2550 120 28 quantities
1766 2549 25 22 of
1801 2549 73 27 goods

1281 2584 57 15 were
1347 2576 79 29 placed
1436 2577 22 21 in
1469 2577 37 22 the
1516 2577 172 22 Market-house
1698 2576 34 22 for-
1742 2576 78 27 safety,
1826 2577 47 21 -but

1282 2611 58 15 were
1364 2604 127 22 afterwards
1514 2604 127 28 destroyed.
1678 2605 30 20 40
1730 2603 82 22 vessels
1822 2618 4 4 -
1832 2611 40 14 are

1282 2631 72 22 stated
1364 2634 22 19 to
1396 2632 56 21 have
1467 2631 57 22 been
1538 2631 75 27 burnt,
1632 2634 105 23 amongst
1750 2630 65 21 them'
1827 2630 56 30 five^

1281 2658 68 28 ships.
1378 2658 47 22 The
1441 2658 39 22 fire
1495 2665 48 15 was
1554 2658 46 21 still
1608 2658 81 28 raging
1699 2657 64 21 when
1772 2657 38 21 the
1820 2657 56 22 mail

1281 2684 47 28 left,
1340 2693 24 14 so
1369 2685 49 22 that
1432 2692 45 19 you
1493 2688 85 19 cannot
1594 2685 57 22 have
1667 2691 61 15 more
1743 2683 136 28 particulars'

1281 2712 30 27 by
1319 2712 38 22 the
1371 2714 65 19 Great
1446 2713 103 20 Western.
1583 2712 42 22 We
1640 2712 57 21 hear
1707 2710 47 22 that
1763 2711 26 22 75
1799 2710 75 23 build-

1281 2740 50 26 ings
1350 2747 56 15 were
1426 2738 124 28 destroyed,
1577 2738 45 23 and
1648 2745 25 16 as
1691 2737 39 22 the
1749 2737 58 25 wind
1817 2744 65 19 <;waBi

1281 2766 99 28 blowing
1390 2775 13 14 a
1411 2766 49 28 gale
1470 2766 58 22 from
1537 2766 107 26 W.S.W.,
1662 2764 18 23 it
1697 2764 19 22 is
1732 2764 77 22 feared
1825 2764 50 22 that

1282 2793 37 22 the
1345 2793 135 23 destruction
1506 2793 36 22 of
1555 2796 104 25 property
1683 2791 47 22 will
1749 2791 30 22 be
1804 2792 70 21 much

1281 2824 88 24 greater
1374 2821 55 22 than
1436 2820 69 22 above
1510 2820 105 28 reported
1621 2828 5 20 ;
1639 2827 24 15 as
1670 2825 56 21 your
1734 2818 57 22 folks
1798 2825 29 15 on
1833 2818 41 22 the

1282 2847 63 23 other
1354 2848 47 21 side
1412 2848 56 21 have
1478 2848 68 21 much
1561 2847 96 22 interest
1671 2847 24 20 in
1714 2846 30 21 St.
1761 2845 82 22 John's
1863 2846 11 21 I

1281 2874 57 23 have
1357 2874 58 23 been
1434 2877 22 18 at
1474 2881 61 17 sojne
1558 2874 65 28 pains
1643 2877 24 19 to
1686 2872 86 23 collect.
1785 2872 30 22 all
1815 2877 8 8 f
1833 2872 47 23 the;

1280 2901 132 27 particulars
1423 2901 11 22 I
1444 2902 73 29 could,
1520 2904 46 25 get.
1566 2912 29 4 —
1595 2902 55 21 Ibid.

1307 2933 60 23 Lord
1383 2933 102 28 Morpeth
1502 2940 45 15 was
1564 2936 23 20 at
1603 2933 57 22 New
1675 2931 70 28 York,
1766 2931 45 23 and
1813 2926 61 38 jiad
1877 2948 4 9 v

1279 2960 58 23 been
1356 2960 87 23 invited
1460 2960 87 27 by'tihe
1563 2960 85 22 British
1668 2959 111 21 residents
1796 2959 45 21 and
1862 2966 13 14 a

1281 2989 94 21 number
1386 2988 25 22 of
1420 2987 126 23 influential
1561 2987 94 23 citizens
1665 2989 23 19 to
1705 2992 14 15 a
1733 2985 75 28 public
1824 2985 51 22 din-

1279 3021 47 20 ner,
1341 3018 23 19 to
1383 3015 52 22 take
1448 3014 69 28 place-
1530 3013 43 23 on'"'
1580 3013 109 35 Monday,
1700 3010 56 24 ithe-
1761 3011 54 23 28th
1824 3012 49 26 ult.,

1281 3041 80 28 which,
1371 3042 19 22 it
1403 3048 45 16 was
1465 3041 117 28 expected,
1599 3041 75 22 would
1686 3046 69 21 prove
1772 3046 14 14 a
1801 3039 74 30 grand

1281 3068 69 27 affair,
1369 3076 25 15 as
1411 3068 37 22 the
1464 3069 118 21 Governor
1599 3068 26 22 of
1643 3068 38 22 the
1700 3067 59 21 State
1778 3065 26 21 of
1815 3065 58 23 New

1280 3095 63 23 York
1350 3096 44 22 and
1403 3095 85 23 several
1498 3092 238 30 other,.distinguished
1742 3099 132 21 personages

1279 3121 47 23 had
1335 3122 119 28 expressed
1462 3122 57 22 their
1527 3122 115 22 intention
1655 3121 26 22 of
1690 3119 85 27 'being'
1782 3121 92 26 present

1281 3156 29 15 on
1320 3150 39 21 the
1370 3149 111 24 occasio.n.
1549 3161 10 9 x

1273 3201 2 5 ,
1305 3182 51 22 The
1375 3180 127 23 celebrated
1520 3180 46 23 Mr.
1585 3180 119 23 JFenimore
1725 3178 85 27 Cooper
1827 3177 47 22 had

1279 3208 58 23 been
1349 3208 97 28 figuring
1454 3208 25 22 in
1488 3208 38 23 the
1536 3208 44 22 law
1590 3210 79 22 courts,
1687 3205 26 22 in
1728 3208 43 18 two
1787 3204 87 22 actions

1280 3236 34 21 for
1321 3235 56 23 libel
1387 3236 86 27 against
1483 3235 36 22 the
1530 3236 53 19 New
1593 3235 58 20 York
1666 3233 102 24 Morning
1787 3233 87 20 Courier

1280 3263 43 20 and
1330 3264 104 26 Inquirer,
1445 3262 35 22 for
1489 3269 14 14 a
1510 3262 83 22 review
1608 3262 27 21 of
1651 3260 37 23 his
1697 3276 7 10 {
1704 3259 62 22 work
1780 3259 92 22 entitled

1279 3291 70 20 Home
1356 3297 24 14 as
1387 3290 78 26 found.
1495 3290 54 21 'One
1560 3288 26 22 of
1602 3288 61 22 these
1674 3291 81 17 causes'
1761 3293 45 14 was
1815 3286 58 21 tried

1281 3325 29 14 on
1321 3318 38 22 the
1368 3318 59 26 20th,
1439 3317 40 21 but
1486 3316 47 22 had
1542 3315 75 22 ended
1627 3315 25 22 in
1665 3314 39 22 the
1717 3312 72 29 jury's
1804 3313 70 27 being

1281 3344 131 28 discharged
1437 3343 92 22 without
1547 3342 107 28 agreeing
1672 3344 23 19 to
1716 3347 44 21 any
1778 3340 93 26 verdict,

1281 3372 57 21 after
1347 3368 68 31 being
1422 3370 81 22 locked
1516 3377 31 20 up
1563 3370 59 21 from
1637 3371 14 20 3
1668 3368 25 21 in
1709 3367 38 22 the
1758 3366 114 23 afternoon

1279 3398 59 22 until
1347 3398 108 27 half-past
1462 3398 14 21 9
1486 3396 87 23 o'clock
1581 3396 25 22 in
1616 3396 38 22 the
1665 3394 109 26 morning.
1803 3394 67 27 Upon

1272 3424 45 22 !the
1327 3425 86 22 second
1421 3424 129 21 indictment
1559 3423 39 22 the
1605 3422 80 24 Editor.
1688 3420 26 23 of
1721 3421 36 22 the
1762 3422 110 24 Enquirer

1279 3451 46 23 had
1333 3452 87 22 written
1430 3458 15 14 a
1451 3450 66 22 letter
1526 3450 27 22 of
1557 3445 133 33 <apologyHd
1700 3448 39 21 the
1749 3450 120 25 Attorney,

1280 3486 61 20 upon
1351 3478 74 23 which
1432 3477 148 28 proceedings
1589 3483 59 16 were

1305 3532 50 23 The
1363 3532 130 25 -Neu>%prk
1510 3531 93 21 Journal
1619 3531 29 25 of
1658 3530 116 20 Commerce
1788 3528 24 22 of
1812 3528 67 28 ;<thei

1279 3559 101 22 20fch'of
1399 3559 127 23 November
1542 3563 79 22 says-=-
1622 3557 17 11 ct
1643 3556 48 23 The
1716 3556 162 22 Governmenf

1279 3586 26 22 of
1316 3586 39 22 the
1365 3586 83 22 United
1458 3586 71 22 States
1538 3584 42 22 has
1589 3584 54 22 filed
1651 3591 15 14 a
1674 3580 80 33 bilfc.%
1750 3582 9 10 >
1757 3589 26 15 ca
1779 3602 6 8 t
1784 3582 49 28 uity
1843 3582 26 23 in

1279 3613 38 21 the
1340 3608 531 28 United^'States-lCifcuitli'Court^agairist'/the

1279 3639 65 23 Bank
1354 3640 26 21 of
1390 3640 37 22 the
1437 3639 84 22 United
1531 3638 79 26 States,
1621 3637 39 22 the
1670 3635 75 28 object
1749 3636 32 26 .of
1796 3636 82 28 wjiichj

1272 3666 26 26 .is
1306 3670 25 18 to
1345 3667 71 22 annul
1431 3666 30 21 all
1475 3662 41 25 thY
1533 3665 146 27 assignments
1698 3662 66 23 made
1782 3663 43 32 by?,
1831 3664 41 22 the

1279 3693 61 23 bank
1349 3700 24 15 as
1382 3692 134 26 fraudulent;
1528 3691 47 22 and
1584 3695 23 18 to
1617 3690 78 23 obtain
1768 3690 110 28 appoint-

1270 3733 5 9 :
1279 3723 63 19 ment
1351 3721 26 21 of
1389 3728 13 14 a
1411 3719 98 23 receiver
1519 3722 23 18 to
1558 3717 52 22 take
1625 3718 52 21 into
1690 3716 36 21 his
1745 3718 126 26 possession

1277 3746 39 22 the
1324 3747 70 23 funds
1404 3746 26 22 of
1441 3746 37 21 the
1640 3754 28 6 —
1668 3743 56 22 Ibid.
1751 3758 21 6 ..
1813 3744 14 21 0
1865 3753 15 13 v

1304 3801 133 22 Canada.—
1437 3798 47 23 The
1494 3796 240 30 Canadian~papeis;do
1739 3800 132 26 notpossess

1267 3826 2 27 i
1271 3827 74 23 -much
1354 3827 99 23 interest.
1481 3825 73 23 TKere
1560 3831 46 16 was
1777 3825 92 28 anxiety

1277 3854 120 28 expressed
1404 3854 37 22 for
1449 3852 37 22 the
1623 3852 39 22 the
1676 3859 50 15 new

1278 3881 105 27 General,
1389 3880 51 23 GSir
1458 3879 92 22 Chacles
1557 3879 89 27 (JBagbt,
1661 3878 56 22 cah'd
1735 3878 38 22 the
1790 3878 83 28 papers'
1875 3881 4 11 1

1269 3913 65 20 ,wei'e
1344 3906 107 31 occupied
1459 3906 53 22 with
1523 3913 14 15 a
1543 3906 86 27 variety
1641 3906 26 22 of
1684 3904 196 33 speculations^

1276 3937 22 19 to
1312 3934 40 26 (his
1371 3935 72 21 future
1456 3932 75 29 policy
1549 3932 45 22 and
1612 3937 121 22 measures,
1753 3931 46 24 the,
1808 3931 62 29 16ya.l

1274 3965 67 24 party
1350 3960 110 29 auguring
1474 3960 36 24 the
1525 3960 50 22 best
1590 3960 58 22 from
1662 3958 36 23 his
1707 3958 160 28 appointment,

650 2496 165 41 -^^esterday,
830 2503 44 25 the*
888 2506 48 22 first
952 2507 85 23 annual
1055 2509 99 27 meeting
1170 2509 28 23 of
1215 2509 38 23 the

660 2531 50 28 City
757 2532 94 22 London
867 2533 120 29 Auxiliary
1001 2537 23 19 to
1038 2534 38 22 the
1092 2535 91 23 Church
1191 2556 3 4 ,
1199 2537 56 22 Mis-

660 2558 88 28 sionary
758 2560 88 26 Society
856 2567 46 15 was
909 2560 52 23 held
976 2561 24 23 in
1017 2561 38 22 the
1070 2562 117 29 Egyptian.
1200 2563 55 23 Hall

660 2586 26 21 of
705 2586 38 22 the
763 2586 185 29 Mansionhouse,
974 2587 46 23 and
1043 2596 44 15 was
1105 2591 146 27 numerously

660 2612 113 23 attended.
811 2615 33 21 At
858 2622 44 14 one
917 2615 94 28 o'clock,
1022 2615 39 23 the
1069 2616 69 27 Right
1146 2617 109 23 Honour-

660 2639 50 22 able
725 2640 39 22 the
779 2640 59 22 Lord
855 2641 83 28 Mayor
953 2643 93 21 entered
1062 2643 37 21 the
1114 2650 76 22 room;
1211 2645 44 22 and

659 2673 44 15 was
712 2666 104 24 followed
830 2668 31 27 by
877 2668 38 22 the
931 2669 60 22 Lord
1006 2669 84 29 Bishop
1105 2671 27 21 of
1146 2671 105 28 London,

658 2692 37 22 the
710 2694 95 27 Bishops
825 2695 102 32 ofJNew
946 2696 103 22 Zealand
1067 2697 46 22 and
1133 2699 119 27 Palestine,

660 2720 43 22 and
713 2722 86 22 several
809 2721 136 32 clergymen.
982 2724 20 22 A
1010 2730 81 21 prayer
1099 2724 87 29 having
1194 2725 59 22 been

660 2747 83 23 offered
766 2748 31 27 by
819 2749 37 21 the
874 2749 55 23 Rev.
950 2750 40 22 Dr.
1012 2749 115 30 Stebbihg,
1145 2753 38 22 the
1194 2753 59 22 Lord

660 2774 81 27 Mayor
750 2775 124 28 expressed*
877 2777 94 22 himself
977 2776 102 29 gratified
1089 2782 24 18 at
1123 2779 48 22 that
1190 2787 64 20 opor-

660 2803 92 31 tunitjy,
761 2802 75 22 before
851 2803 39 22 the
905 2804 60 22 close
980 2805 26 21 of
1022 2804 35 22 his
1076 2805 143 28 Mayoralty,-
1232 2807 25 22 of

652 2835 4 19 ;
660 2828 115 28 testifying
784 2829 35 22 his
829 2831 104 26 approval
943 2831 28 22 of
980 2831 38 22 the
1029 2831 85 28 objects
1121 2833 26 22 of
1154 2833 38 22 the
1203 2834 50 27 City

652 2855 4 13 !
660 2854 26 22 of
696 2855 95 22 London
801 2857 125 28 Auxiliary,
937 2858 45 22 and
992 2858 84 23 wished
1085 2859 18 22 it
1114 2867 67 20 every
1190 2868 63 20 pros-

659 2881 77 29 perity.
766 2882 69 23 From
848 2883 40 22 the
902 2889 75 23 report
989 2885 20 22 it
1023 2887 113 26 appeared
1150 2888 51 21 that
1215 2888 38 21 the

660 2909 89 22 various
768 2909 88 23 Church
872 2911 144 23 associations
1030 2912 25 22 in
1070 2913 39 22 the
1125 2914 51 28 City
1195 2921 58 16 were

658 2942 51 16 now
872 2940 23 19 to
962 2939 96 27 Society,
1063 2940 53 21 -and
1125 2941 38 22 the
1175 2948 78 20 aggre-

659 2965 53 24 gate,
720 2967 95 18 amount
823 2964 26 21 of
851 2963 66 23 -their
928 2966 160 27 subscriptions
1103 2967 36 22 for
1152 2968 39 22 the
1202 2972 51 24 past

659 2996 54 20 year
722 2997 46 15 was
776 2990 82 27 £1,731
876 2992 32 21 Bs.
924 2991 37 23 Id.
1000 2992 67 23 After
1086 2993 108 29 detailing
1213 2995 38 22 the

660 3017 127 27 operations
797 3018 26 21 of
838 3017 39 22 the
893 3019 96 28 Society,
1009 3019 39 22 the
1067 3025 75 23 report
1159 3029 94 20 congra-

660 3043 85 23 tulated
755 3044 38 22 the
806 3045 111 22 members
933 3053 30 15 on
979 3047 34 21 his
1029 3047 73 22 Grace
1110 3069 4 4 .
1122 3048 37 23 the
1179 3049 74 22 Arch-

660 3069 78 29 bishop
759 3071 25 22 of
801 3072 138 28 Canterbury
956 3073 83 28 having
1053 3074 94 23 become
1163 3083 14 14 a
1194 3076 63 23 yice'

660 3097 82 22 Patron
752 3098 26 22 of
785 3098 37 22 the
827 3102 79 25 parent
915 3100 97 28 Society.
1041 3101 48 22 The
1098 3102 62 23 Lord
1167 3102 85 30 Bishop

659 3123 27 22 of
696 3124 97 23 London
810 3125 82 23 moved
907 3126 38 22 the
961 3127 106 28 adoption
1084 3128 26 23 of
1121 3129 136 29 the.-report,.

659 3150 23 22 in
703 3158 32 15 an
752 3152 103 25 eloquent
874 3153 102 29 speech;,
998 3155 73 22 which
1089 3155 85 29 having
1193 3157 58 22 been

660 3178 111 22 seconded
792 3180 30 27 by
839 3180 39 22 the
897 3180 70 23 Rev/.
974 3182 45 21 Mr.
1040 3182 154 29 Champneys,.
1209 3188 48 19 was'

660 3205 85 23 carried
763 3205 199 34 unanimously;^
966 3209 49 22 The
1034 3209 84 29 Bishop
1142 3211 26 22 of
1194 3211 57 22 New

660 3231 99 23 Zealand
769 3233 53 22 then
832 3233 175 24 addressed^the
1025 3237 98 29 meeting
1138 3241 23 18 at
1180 3239 73 21 consi-

660 3257 89 23 derable
758 3259 90 28 length;
1006 3262 93 23 himself
1106 3263 116 29 delighted
1230 3269 23 18 at

658 3285 38 21 the
719 3285 58 27 good
799 3287 178 29 understanding
998 3289 73 23 which
1095 3297 50 16 now
1165 3292 88 22 existed

659 3311 102 23 between
778 3312 39 22 the
833 3313 58 23 New
910 3315 101 23 Zealand
1027 3317 116 29 Company
1157 3318 47 22 and
1215 3318 36 23 the

660 3338 88 22 Church
758 3339 135 29 Missionary
902 3341 90 29 Society
1000 3350 6 20 ;
1013 3363 5 6 .
1027 3344 54 21 and-
1086 3345 127 25 concluded
1223 3346 29 27 by

658 3366 120 27 proposing
794 3366 37 22 the
846 3367 83 22 second
943 3369 130 28 resolution,
1090 3374 36 21 to.
1131 3372 38 22 the
1187 3372 66 23 effect

660 3391 47 23 that
716 3392 39 22 the
763 3393 153 23 introduction
932 3395 27 22 of
980 3396 137 29 Episcopacy
1133 3399 47 22 into
1196 3398 57 24 New

659 3419 102 22 Zealand
770 3420 72 22 would
850 3424 103 24 promote
962 3420 39 24 the
1010 3424 106 26 religious
1126 3426 45 22 and
1182 3423 75 25 moral'

660 3445 88 23 welfare
759 3446 26 22 of
795 3446 48 22 that
851 3447 94 29 Colony.
975 3449 48 22 The
1032 3452 99 27 meeting
1140 3459 45 16 was
1196 3453 55 22 then

658 3473 120 23 addressed
789 3474 30 27 by
833 3473 43 23 the-
881 3474 60 23 Rev:
948 3476 46 21 Mr.
1005 3476 71 28 Close,
1088 3478 38 21 the
1136 3479 56 22 Rev.
1204 3480 46 23 Mr.

659 3500 66 27 Noel,
738 3500 45 22 and
796 3508 60 15 some
865 3501 65 22 other
938 3503 129 26 gentlemen
1076 3512 7 19 ;
1103 3505 58 22 after
1169 3506 81 28 which,

658 3534 21 15 a,
681 3530 50 19 vote
737 3527 27 22 of
779 3527 80 22 thanks
867 3535 47 15 was
922 3530 81 26 passed
1011 3532 24 19 to
1043 3530 38 22 the
1091 3531 60 24 Lord
1160 3533 91 28 Mayor,

657 3554 52 22 and,
712 3562 21 15 a,
739 3555 152 27 subscription'
897 3556 91 22 entered
995 3556 48 22 into
1059 3565 25 14 as
1150 3560 107 28 meeting'

657 3581 124 28 separated.
782 3593 27 4 —
809 3583 103 26 Morning
919 3584 64 26 Post?
1062 3586 21 20 3.
1091 3594 14 17 •;
1140 3608 3 4 .
1152 3598 4 3 •
1182 3588 18 14 '>■
1237 3593 18 8 »■

648 3658 6 7 t
684 3636 47 23 The
738 3636 241 28 fraudulently-issued
989 3637 134 29 Exchequer
1128 3636 122 27 Bills.h'a've
1252 3648 4 6 a

647 3663 67 23 'been
723 3664 146 28 pronounced
879 3664 108 28 forgeries
996 3666 31 31 by
1036 3665 38 22 the
1086 3666 163 28 Government,

656 3690 46 23 and
712 3691 46 22 will
768 3694 40 19 not
818 3691 25 22 of
856 3699 77 14 course
942 3692 36 24 .be
987 3690 80 30 paid/*
1076 3692 55 23 This
1144 3692 107 24 informa-

656 3718 47 22 tion
723 3718 41 22 has
783 3718 57 23 been
858 3719 116 27 conveyed
990 3722 22 19 to
1029 3719 38 22 the
1083 3719 131 27 gentleman
1227 3721 23 22 to

655 3745 74 22 whose
740 3745 112 22 exertions
867 3746 38 21 the
914 3746 76 28 public
1001 3753 37 15 are
1048 3746 106 23 indebted
1163 3746 37 23 for
1210 3747 38 23 the
1248 3743 5 12 3
1252 3766 3 6 ,

655 3772 48 23 first
712 3772 118 28 discovery
839 3772 26 23 of
876 3772 49 26 this,
933 3774 110 22 atrocious
1053 3774 77 27 fraud;
1149 3774 51 22 who
1210 3774 40 23 has
1250 3772 5 14 1

655 3799 104 23 received
769 3807 18 14 a-
791 3800 71 22 letter-
865 3800 59 22 from
928 3802 5 14 J
934 3800 39 22 the
982 3800 132 23 Chancellor
1123 3801 26 22 of
1153 3800 40 23 the
1203 3801 53 29 Ex-;

656 3826 144 29 chequer/in
808 3826 85 28 which,'
905 3827 138 32 in^addition
1053 3831 23 18 to
1086 3828 38 22 the
1135 3828 71 24 above
1213 3824 43 36 jn-'
1253 3847 3 10 f

655 3854 124 28 telligen'ce,
797 3853 28 22 he
839 3854 18 21 is
870 3854 113 23 informed
999 3854 50 22 that
1062 3854 38 23 the
1115 3854 50 23 bills
1172 3854 78 23 which

648 3880 63 23 .have
720 3880 63 23 been'
789 3883 50 19 sent
847 3880 25 22 in
879 3880 43 23 will
931 3881 29 22 be
969 3881 103 22 retained
1081 3881 35 31 by
1122 3882 37 21 the
1168 3888 88 21 proper'

655 3907 83 26 officer,
758 3907 24 22 in
785 3918 11 12 v
801 3906 64 23 order
884 3910 24 19 to
926 3907 59 22 their
1002 3907 138 27 production-
1154 3908 48 21 for-
1210 3908 38 22 the

653 3933 85 23 benefit
743 3934 28 21 of
776 3940 46 21 any
825 3940 92 19 persons
923 3933 52 23 who
983 3941 53 20 may
1043 3934 51 23 take
1102 3934 146 28 proceedings

652 3960 91 28 against
757 3966 45 21 any
813 3960 29 21 of
850 3959 64 25 those
927 3960 85 28 parties
1025 3961 58 22 from
1102 3960 74 24 whom
1194 3961 54 28 they

1935 3086 51 23 The
2004 3085 116 30 following
2139 3090 47 18 are'
2199 3083 39 24 the
2255 3082 136 32 particulars
2410 3083 24 23 of
2440 3083 53 23 'the

1902 3120 158 30 consumption
2072 3118 25 23 of
2111 3118 60 23 wine
2179 3117 49 27 and,
2236 3116 42 29 ale,
2290 3124 53 16 wax
2349 3116 78 32 lights",'
2433 3113 48 27 &c.
2485 3134 7 12 f

1902 3158 23 17 at
1935 3153 94 23 Belvoir
2037 3148 90 32 'Castle,
2139 3151 41 23 the
2193 3154 53 20 seat
2253 3141 25 33 of'
2342 3150 67 24 noble
2421 3150 72 24 Duke

1902 3186 24 23 of
1941 3186 112 28 Rutland,
2073 3184 60 24 from
2144 3184 132 24 December
2297 3185 73 28 1839,
2383 3188 23 19 to
2423 3184 70 31 April

1904 3221 71 27 1840,
1989 3227 25 15 or
2017 3215 3 7 '
2026 3216 69 26 about
2220 3217 80 24 weeks
2312 3226 42 16 :—
2353 3217 81 30 Wine,*
2443 3219 49 22 200

1902 3252 83 30 dozen;
2000 3249 84 32 alei'YO
2092 3251 146 31 hogsheads-;
2248 3247 242 35 "waxliglrtsy2J3'3o;

1901 3294 76 23 sperm
1985 3285 43 29 oil;
2038 3286 48 26 630
2094 3285 101 34 gallons.
2230 3285 80 23 Drtfed
2322 3289 23 22 at
2352 3285 35 23 his
2393 3281 12 40 '
2405 3281 86 40 Grape's

1902 3319 68 29 table,
1983 3314 183 35 l,99'7?persons
2175 3327 7 21 ;
2204 3319 25 23 in
2241 3323 44 21 tue,
2292 3318 116 24 steward's
2419 3323 74 23 room';

1902 3354 89 27 2,421;
2017 3346 80 30 iii'wie
2116 3348 118 28 servants''
2238 3353 3 5 l
2248 3352 56 29 hall,
2316 3358 110 23 'nursery,
2445 3351 45 23 and

1900 3386 94 23 kitchen
2017 3380 162 37 department,^
2190 3380 125 36 "ihtlu'ding
2337 3391 86 17 comers
2436 3382 55 25 'and

1900 3427 75 23 goers,
1997 3416 201 34 li'3l2'persons
2194 3416 2 10 1
2200 3423 6 20 :
2222 3433 5 4 •
2243 3419 38 23 Ot
2286 3419 82 23 loaves
2381 3417 25 23 of
2420 3417 70 26 bread

1900 3452 63 24 there
1971 3460 59 16 were
2038 3453 130 23 'consumed
2175 3454 75 28 3,333
2260 3461 6 20 ;
2286 3452 27 23 of
2321 3455 67 25 meat,
2397 3452 92 33 22j9j63

1899 3486 97 30 pounds,
2021 3486 126 23 fexclusivfe*
2158 3487 28 31 gf
2182 3484 202 38 v^Eae.'"'-'The
2407 3492 84 23 money

1900 3509 442 42 vaiuKof-the^el^foi^f.y^ggs,
2360 3516 44 25 and
2422 3525 68 23 every

1900 3548 57 28 kind
2017 3553 125 31 provision,
2163 3556 80 27 except
2263 3555 81 25 stores,
2365 3551 125 23 consumed

1999 3586 47 24 this
2063 3586 87 31 period,
2161 3584 127 28 .amounted
2293 3606 5 6 ,
2300 3588 23 19 to
2335 3584 96 29 £1,829
2450 3584 37 25 7s.

1902 3618 47 34 llf
1951 3620 31 24 d.'
2011 3620 51 24 The
2080 3620 110 31 quantity.
2198 3610 107 39 of.£game
2321 3617 72 24 killed
2403 3617 30 30 by
2450 3616 39 24 his

1900 3653 76 24 Grace
1987 3654 46 23 and
2157 3652 46 23 and
2206 3656 4 7 1
2220 3650 129 33 consumed;
2355 3655 24 19 at
2385 3650 4 5 '
2396 3649 92 25 Bfelvoir

1902 3687 77 24 Castle
1999 3687 73 28 alone,
2093 3694 46 16 was
2161 3686 75 29 2,589
2257 3683 59 25 head
2314 3681 4 8 1
2318 3680 31 28 /:'
2359 3684 3 6 '
2368 3683 121 34 Supposed

1899 3721 52 23 valu
1951 3715 3 14 !
1952 3729 21 21 e,
1985 3718 72 27 £f92
2072 3721 52 22 18s.
2137 3715 49 28 6d>
2196 3717 69 28 \The
2277 3710 67 31 total*
2351 3717 102 31 quantity
2457 3715 35 25 'bf

1898 3745 157 40 garrle'*kill"ed
2072 3752 83 31 during
2173 3751 41 25 the'
2228 3754 95 26 season;,
2337 3758 53 16 over
2399 3746 91 28 Tall'*ius.

1899 3787 96 24 Grace's
2018 3786 175 28 -inanors/'isv-
2203 3781 52 27 thus
2282 3779 77 28 stated
2369 3779 65 36 :^¥
2428 3801 6 12 t
2436 3777 54 32 f&fr

1900 3820 66 24 hares
1976 3830 6 20 ;
2002 3821 50 24 987
2064 3819 134 31 pheasants,
2209 3818 74 28 2,101
2280 3812 21 16 ::i
2305 3812 147 37 partfi3^esV~
2452 3814 4 14 t
2456 3819 31 23 23

2059 3854 47 22 108
2119 3850 141 29 woodcocks,
2276 3851 47 24 135
2337 3850 85 32 snipes,
2437 3852 58 28 9,47'

1890 3884 102 32 'rabbits,
2006 3887 49 25 776
2065 3892 93 23 grouse,
2172 3887 33 21 20
2221 3883 70 24 black
2390 3884 55 24 and*
2450 3884 38 24 six

1894 3920 56 24 'teal;
1947 3925 21 11 Vf
1978 3918 86 25 'These
2070 3918 138 31 particulare
2219 3925 37 16 are
2266 3917 69 31 given
2344 3917 22 24 in
2376 3917 112 31 ahistory

1898 3953 25 24 of
1923 3953 108 25 '"Belvoir
2043 3951 87 30 Castle,
2140 3951 104 30 recently
2254 3950 130 31 published.
2419 3974 3 4 .

63 3824 41 22 We
119 3824 65 28 have,
195 3822 70 28 again-
275 3823 44 22 arid
335 3824 74 27 again,
425 3829 146 25 represented
587 3837 41 15 our

35 3850 112 23 situation'
156 3854 23 18 to
186 3849 12 24 '
198 3849 89 24 Colonel
298 3848 132 32 Wakefieid,
441 3853 192 30 but'apparehtly'

35 3877 92 24 without
143 3877 71 23 effect.
249 3877 28 22 If
287 3877 38 22 the
342 3877 105 29 frequent
461 3883 127 25 expression
604 3885 26 21 of

35 3911 41 16 our
84 3904 188 29 disappointment
285 3904 20 23 is
312 3906 24 20 to
348 3904 26 23 be
390 3906 131 24 considered
536 3911 92 26 grumb-

27 3930 59 29 ling,
108 3939 44 16 we-
159 3931 57 23 shall
236 3930 45 23 still
301 3931 107 24 continue
428 3936 24 19 to

35 3965 49 20 aye,
94 3958 46 23 and
148 3960 23 21 to
174 3958 96 27 'agitate,
281 3958 59 24 until
355 3966 62 17 some
427 3960 166 25 manifestation
603 3964 27 21 of

41 2861 30 20 To
80 2861 37 20 the
124 2855 79 26 Editor
211 2859 28 26 of
247 2861 36 19 the
319 2861 54 23 New.
387 2862 94 20 Zealand
492 2862 88 21 Gazette
589 2864 43 20 and

47 2900 12 11 .!
114 2893 27 16 ••-,

46 2921 69 28 i-SiR,
116 2932 30 5 —
147 2921 31 22 In.
190 2928 56 20 your
260 2928 69 21 paper
344 2921 26 22 of
381 2921 37 23 th«
434 2923 47 21 2nd
493 2923 87 23 instant
594 2932 37 15 are

39 2955 59 15 some
114 2948 107 27 remarks,
230 2951 41 19 not
279 2953 64 17 'over
356 2949 183 28 complimentary
554 2954 22 18 to
593 2952 38 22 the

39 2975 93 23 Settlers
140 2978 24 19 at
174 2974 133 28 Wanganui.
315 2984 4 2 -
336 2975 42 21 We
388 2983 44 20 are,
443 2976 53 22 with
503 2977 68 23 much
580 2978 54 23 lack

40 3003 28 21 of
78 3005 109 24 courtesy,
204 3002 80 22 called-
345 3001 87 29 listless,
448 3003 92 28 useless,
560 3008 35 19 set
609 3007 26 21 of

39 3029 125 28 grumblers
197 3040 30 4 —
227 3028 122 23 withAwhat
360 3029 81 27 justice
458 3030 52 22 and'
518 3032 114 29 propriety

39 3063 38 19 we.
82 3063 38 15 are
130 3055 51 23 thus
194 3055 116 28 traduced,
319 3062 59 21 may-
388 3056 27 22 be
430 3057 98 23 inferred
543 3059 66 23 from'
618 3067 14 15 a

37 3082 63 23 briefi
109 3082 79 23 sketch
197 3083 27 21 of
234 3090 41 15 our
279 3082 108 29 'position'.
517 3093 5 7 ■■
569 3087 12 13 •'■
590 3094 5 5 ■•

68 3109 79 29 When,
154 3109 24 23 in
192 3110 108 27 January,
307 3111 69 25 .1841,
387 3111 210 24 wewere-induced
609 3116 22 19 to

40 3144 63 15 come
119 3137 89 26 hither;,
215 3137 19 22 it
247 3144 46 15 was
308 3136 77 22 under
394 3144 31 14 en
440 3145 117 15 assurance
573 3140 59 22 from

40 3163 100 25 Golon'eli
155 3163 132 23 Wakefield,
304 3163 44 23 and
354 3164 107 27 -Captain
484 3165 80 28 Smith,
583 3167 54 22 that'

39 3191 95 22 sections
143 3190 71 23 would
223 3191 28 22 be
261 3190 72 27 ready
338 3190 35 22 for
380 3190 76 23 choice
465 3191 24 22 in
498 3191 40 22 the
546 3193 86 22 follow-

38 3216 41 29 ing
88 3217 93 27 (March,
198 3217 49 23 and
258 3217 56 23 'that
329 3217 39 22 the
388 3217 94 23 Natives
501 3226 58 14 were
576 3227 56 21 very

37 3243 97 29 friendly
143 3244 47 22 and
199 3245 98 23 desirous
301 3244 37 22 -of
348 3251 41 15 our
402 3245 136 28 settlement,
548 3253 25 15 so
583 3247 49 22 that

38 3276 30 16 no
84 3271 96 23 obstacle
197 3279 44 15 was
256 3271 71 28 likely
336 3275 24 19 to
374 3271 64 27 arise,
451 3275 23 19 to
486 3276 94 23 prevent
594 3274 37 22 the

37 3295 129 26 immediate
173 3299 97 23 location
279 3300 28 21 'of
310 3306 50 15 -our
366 3298 103 23 sections.

48 3335 12 13 i,
68 3323 86 24 Fifteen
160 3326 98 22 .months
273 3326 59 22 have
340 3339 3 5 •
351 3333 51 15 now
421 3325 96 29 elapsed,
524 3346 4 3 ,
534 3326 46 22 and
598 3334 33 15 we

40 3349 50 25 are]
94 3351 45 23 still
155 3353 114 28 Squatters
288 3360 29 16 on
333 3352 38 23 the
386 3352 55 23 land
456 3353 74 23 which
545 3361 29 15 on
592 3362 40 14 our

39 3376 48 22 first
94 3377 87 28 arrival,
192 3381 113 27 necessity
312 3379 100 29 usurped
412 3391 27 4 —
440 3380 45 22 still
500 3380 98 28 herding
607 3381 24 22 in

39 3402 32 22 all
84 3402 36 23 the
136 3404 128 25 discomfort
277 3407 142 28 inseparable
435 3407 58 22 from
507 3414 14 15 a
536 3410 57 20 state
609 3409 26 22 of

38 3436 112 21 suspense,
162 3433 45 22 and
215 3433 38 23 the
261 3433 52 23 frail
322 3434 47 22 and
609 3436 26 21 of

38 3463 42 15 our
87 3459 84 21 tenure.
185 3461 7 3 *
201 3460 43 23 'Tis
253 3463 57 26 true,
320 3468 34 15 we
362 3468 39 15 are
410 3461 126 28 nominally
543 3469 87 15 owners

37 3483 70 33 °£.-.??
109 3487 69 20 chon3
196 3485 147 35 Represented^
348 3487 40 28 '.by
390 3485 5 6 *
405 3489 85 22 certain
513 3489 118 27 parallelo-

36 3517 76 20 grams
126 3517 29 15 on
158 3515 4 5 1
171 3511 37 23 the
223 3514 138 28 Surveyors'"
369 3515 86 22 Plan—
455 3513 39 25 we'
507 3515 58 24 have
585 3516 45 23 had

37 3537 83 28 P.isgah
127 3537 106 28 glimpses
242 3541 25 21 of
278 3541 37 22 the
324 3541 96 24 allotted
428 3543 60 27 land,
500 3553 4 4 •

47 3582 9 18 ;
60 3574 20 24 'l\
92 3570 71 23 "'The
173 3569 99 26 6u'tward
279 3574 62 23 show
351 3575 27 22 of
388 3576 68 23 earth,
461 3576 45 24 and
514 3577 43 25 sky
565 3594 4 5 ,
587 3595 5 4 ,
615 3575 4 3 '
629 3593 8 7 

47 3597 152 31 /^Qfr'hill
207 3600 53 23 and-,
262 3602 79 27 valley-
343 3600 5 12 I
351 3602 36 17 '—
444 3611 5 13 i
578 3615 39 6 ,-.

36 3634 41 23 but
85 3641 25 15 as
119 3636 24 20 to
153 3633 220 30 the'becupancy,or
382 3645 56 16 even
448 3639 38 24 the
500 3641 128 27 appropria-

37 3663 47 31 tipn'
86 3661 14 14 r
140 3663 45 19 our'
198 3667 40 15 use
254 3661 26 22 of
289 3663 55 24 turf,
349 3671 25 14 or
388 3661 56 33 tree,'
452 3674 33 15 we
501 3674 39 15 are
555 3675 24 14 as
595 3668 42 22 far.

36 3689 61 26 from,
103 3689 25 27 it,
140 3695 29 18 as,
174 3687 66 23 when
253 3690 43 20 two
311 3696 65 20 years
391 3699 42 20 ago
447 3701 34 15 we
497 3694 141 28 exchanged*

36 3723 41 15 our
91 3717 111 26 property,
218 3714 46 22 and
278 3716 38 21 the
332 3717 121 29 moderate,
471 3720 41 23 but
525 3722 104 28 peaceful

37 3744 139 30 enjoyments
187 3741 32 26 .of
228 3741 93 28 h'fe,"for
333 3745 115 25 promised
460 3747 97 23 benefits-

35 3770 61 26 yond
114 3769 43 25 the,
166 3769 59 28 Cape
241 3769 27 22 of
374 3782 28 4 —
402 3772 25 23 in
442 3774 65 23 sober
521 3782 66 21 prose
600 3776 27 22 in

33 3797 57 21 New
99 3796 106 22 Zealand.

559 33 245 49 fdrWtto
820 29 235 63 -^^^|aau^
1261 25 110 67 :^i^
1370 34 26 36 ?J
1396 23 579 69 ®iS|c(K««li&6w.^^^^&tri

1891 122 2 39 |
1985 123 93 26 'onuthe
2086 116 348 44 "otli^hOTd^the'oVgan^f'
2448 129 40 24 tlie

1900 152 86 24 French
1993 158 78 23 party,-
2076 156 85 20 Atirore
2170 157 35 21 des
2210 160 5 3 '
2222 158 100 26 Canadas,
2341 165 43 15 was
2397 157 91 28 indulg-

1892 179 48 36 ing
1948 181 50 21 in-a*
2009 181 67 21 series
2095 183 26 20 of
2141 183 85 23 violent
2242 185 88 21 articles
2348 186 86 25 against
2453 185 37 21 Sir

1892 207 93 26 I.Robert
1999 207 70 22 Peel's
2085 208 160 29 Government,
2266 211 44 22 and
2323 211 166 27 endeavouring

1900 235 23 19 to
1933 234 39 21 stir
1982 241 30 20 up
2028 234 37 22 the
2085 235 127 23 Canadians
2231 238 88 26 against
2334 237 69 22 them.
2438 237 50 22 The

1900 261 108 20 Montreal
2015 261 118 26 Messenger
2143 263 27 21 of
2183 262 35 22 the
2229 263 51 21 19th
2295 264 48 27 ult.,
2353 267 74 23 states,
2438 263 51 23 that

1898 293 103 16 rumours
2017 287 27 22 of
2057 289 82 26 patriot
2154 293 141 18 movements
2313 298 56 14 were
2387 291 102 27 growing

1899 314 48 27 rife;
1952 314 54 24 .'and
2014 314 48 22 that
2069 315 143 28 me/etingsof
2222 322 52 16 men
2282 316 50 22 who
2338 324 56 15 were
2403 317 85 21 known
2501 338 4 5 .

1899 342 23 20 to
1932 341 28 21 be
1970 341 129 22 disaffected
2108 349 58 15 were
2173 342 68 27 being
2250 343 56 21 held
2313 343 24 21 in
2346 343 38 21 the
2393 347 95 23 country

1899 367 107 27 parishes.
2034 368 68 22 Fears
2111 368 47 22 had
2172 369 162 28 consequently
2349 370 72 20 arisen
2437 370 27 21 of
2473 377 15 14 a

1899 401 50 14 new
1958 394 67 22 series
2034 395 26 21 of
2071 395 97 22 troubles
2179 395 80 27 during
2268 395 39 22 the
2322 395 82 27 winter,
2420 395 42 22 but
2470 396 19 22 it

1892 427 53 21 .was
1955 421 73 27 hoped
2037 421 49 22 that
2095 421 38 22 the
2140 421 83 23 lessons
2229 422 79 27 taught
2317 422 36 21 the
2361 422 127 27 insurgents

1899 447 23 21 in
1933 448 52 21 1837
1996 448 45 22 and
2050 449 54 21 1838
2119 449 75 21 would
2210 449 63 21 deter
2288 449 61 21 them
2366 449 58 21 from
2443 456 46 20 any

1899 474 61 21 fresh
1968 475 114 22 outbreak.
2083 486 28 4 —
2111 476 90 23 Ibid..,
2333 485 5 5 •
2367 484 4 3 ■
2392 493 2 4 ,
2421 482 12 14 •,

1928 500 71 22 Much
2022 501 137 23 satisfaction
2179 509 44 15 was
2240 501 42 23 felt
2300 502 25 21 in
2344 502 38 22 the
2404 501 85 23 United

1902 526 120 23 Provinces
2036 528 48 22 that
2098 527 49 26 Mr.,
2161 529 118 26 Murdock,
2293 528 37 22 the
2344 529 113 26 Secretary
2467 528 26 22 of

1900 554 38 21 the
1947 554 45 21 late
2003 554 59 22 Lord
2071 555 135 28 Sydenliaxn,
2224 555 45 22 and
2283 555 51 21 who
2343 555 46 21 had
2397 554 57 22 been
2466 558 24 18 to

1900 580 56 22 New
1971 581 63 21 York
2048 588 28 14 on
2093 582 34 21 his
2146 590 54 19 way-
2212 585 22 19 to
2251 582 107 27 England,
2377 582 43 21 had
2429 582 60 21 been,

1899 608 158 27 re-appointed
2066 608 119 29 Secretary
2199 612 23 18 to
2238 608 37 22 the
2291 616 50 14 new
2360 609 130 21 Governor-

1901 634 105 22 General.
2049 634 44 22 Mr.
2120 635 111 22 Murdock
2254 635 46 21 had
2328 635 162 31 consequently

1900 658 106 24 re'turneH
2015 664 23 18 to
2048 662 98 26 Quebec,
2163 658 74 26 where
2245 661 31 21 he
2284 668 45 15 was
2338 662 103 27 awaiting
2450 662 40 21 the

1891 692 2 23 j
1900 688 82 21 arrival
1991 688 27 22 of
2028 688 34 21 his
2215 699 28 4 —
2244 689 55 20 Ibid.

1274 123 2 24 !
1284 119 59 26 have
1350 122 102 24 received
1460 121 70 25 tliem.
1545 128 5 5 '
1559 124 22 22 It
1588 124 20 23 is
1616 120 199 37 jio^asce'r'taihed
1824 125 51 23 that

1284 149 38 22 the
1331 150 72 23 whole
1416 154 93 19 amount
1517 150 26 22 of
1556 148 78 30 forged
1785 148 66 25 -*Bifis'
1855 152 27 22 is'

1284 176 117 28 £310,000,
1413 176 99 23 whereof
1518 177 112 27 £250,000
1639 185 38 15 are
1691 176 121 28 inLaep'osit
1818 178 56 22 with

1284 204 88 21 various
1386 203 124 27 capitalists,
1529 204 51 21 who
1594 204 58 23 have
1666 203 114 22 advanced
1789 211 92 21 moneys

1283 230 137 25 upcnr.them,
1436 230 43 21 and
1488 230 98 27 £60,000
1595 238 58 15 were
1663 230 23 21 in
1697 230 36 21 the
1747 232 126 25 possession

1283 255 26 22 of
1316 263 42 15 one
1368 257 26 21 of
1405 256 38 22 the
1451 256 92 23 brokers
1557 256 118 28 employed
1689 257 41 22 but
1738 256 58 22 have
1811 258 62 21 since

1283 282 57 22 been
1358 283 67 27 given
1439 290 31 20 up
1489 286 23 19 to
1529 283 38 22 the
1588 284 161 22 Government.
1750 294 27 5 —
1781 284 94 21 Colonial

1286 310 92 26 Gazette,
1557 318 6 5 -
1615 318 14 6 ••
1739 315 136 10 ■,->■■.

1310 336 98 22 Edward
1425 335 127 23 Beaumont
1570 336 81 28 Smith,
1670 336 51 22 who
1739 336 20 22 is
1775 336 99 28 charged

1347 363 68 27 being
1424 362 109 28 principal'
1539 363 25 21 in
1573 363 40 21 the'
1619 362 77 23 frauds
1705 363 24 21 in
1740 361 134 31 Exchequer

1283 388 62 28 Bills,
1356 390 17 21 is
1383 390 37 21 the
1430 397 39 14 son
1479 390 26 21 of
1517 389 25 22 C.
1552 389 30 22 D.
1594 389 78 26 Smith,
1691 388 61 28 Esq.i
1764 390 50 22 who
1824 398 47 15 was

1279 415 122 23 •Governor
1406 416 38 21 -'of
1464 416 93 22 Prince-
1566 415 129 26 Edward's*
1706 416 83 27 Island,
1798 428 3 5 •
1814 417 59 22 from

1283 444 53 21 1816
1359 446 23 18 to
1406 444 60 21 1828.
1503 442 38 22 He
1554 449 56 19 .was
1632 442 107 23 removed
1759 443 113 22 from.the
1874 450 5 8 :

1279 472 150 23 government
1446 469 25 22 of
1483 469 39 22 the
1538 469 75 22 island
1630 470 32 22 in,
1674 476 154 21 consequence
1850 471 26 22 of

1276 495 40 22 -his
1330 497 102 21 exaction
1443 496 26 21 of
1480 496 109 27 quit-rent
1604 499 106 23 contrary
1717 498 23 19 to
1754 496 71 28 Royal
1837 496 35 23 in-

1281 523 126 22 structions.
1435 522 208 28 Notwithstanding
1656 522 35 22 his
1702 522 106 28 disgrace,
1826 524 48 21 and

1281 555 13 14 a
1305 551 77 25 strong
1396 553 165 18 remonstrance
1575 550 57 21 from
1649 549 38 22 the
1695 562 3 6 .
1703 549 136 22 inhabitants
1850 551 27 21 of

1281 575 38 22 the
1328 576 80 27 island,
1425 576 35 21 Sir
1468 576 94 22 Robert;
1562 576 55 22 Peel
1630 575 95 28 granted
1734 576 46 21 him
1794 584 14 13 a
1816 584 57 20 pen-

1281 609 40 14 son
1331 602 27 22 of
1367 603 61 22 £500
1437 610 39 20 per
1486 609 90 20 annum,
1588 603 81 26 during
1678 602 39 22 the
1726 602 53 22 time
1787 602 30 22 he
1827 608 55 21 yfras!

1280 629 24 20 in
1321 629 64 22 office
1403 630 24 21 in
1443 630 59 26 1834,
1520 629 73 22 which
1601 630 38 26 ,he
1658 629 45 22 still
1719 629 85 27 enjoys.
1838 631 35 21 Sir

1282 655 84 22 Robert
1380 656 98 27 justified
1488 656 44 22 'the
1547 659 66 23 grant
1622 656 27 22 of
1660 663 14 14 a
1688 656 97 27 pension'
1790 663 28 14 on
1834 657 38 22 the

1279 682 89 26 ground
1377 683 24 22 of
1408 682 44 23 Mr.
1463 683 25 22 C.
1498 683 30 22 D.
1540 682 73 22 Smith
1626 682 67 28 being
1704 682 36 21 the
1749 682 91 23 brother
1850 684 26 21 of

1278 709 39 23 .Sir
1325 709 83 28 Sidney
1418 709 77 27 Smith,
1503 710 38 21 the
1551 709 55 22 herd
1608 713 5 13 ;
1615 710 27 21 of
1648 709 90 23 Acre.—
1738 710 11 21 i
1749 710 67 21 Globe.

1279 745 15 11 V;
1308 743 23 21 A
1340 745 76 20 recent
1423 743 116 28 discovery
1546 743 26 22 of
1575 743 111 28 jewels'in
1694 743 38 22 the
1738 743 136 28 Exchequer

1281 769 72 23 Office
1361 770 40 22 has
1407 770 56 21 been
1470 770 38 22 the
1515 770 88 27 subject
1610 771 26 21 of
1641 770 70 22 much
1718 771 154 21 conversation

1282 796 81 27 during
1380 797 36 21 the
1434 797 40 21 last
1488 797 69 21 week.
1587 797 49 22 The
1655 800 99 18 treasure
1770 797 69 22 found
1854 798 28 21 is.

1279 823 49 22 said
1338 826 23 19 to
1370 823 27 22 be
1408 823 26 21 of
1439 823 153 22 considerable
1600 824 65 22 value
1670 832 6 17 ;
1689 823 51 26 and,
1751 823 127 28 according'

1281 853 24 17 to
1324 850 32 22 all
1373 857 155 22 appearances,
1548 850 19 22 it
1585 850 42 22 has
1640 851 59 21 been
1775 851 36 21 for
1829 858 43 14 one

1281 876 105 23 hundred
1396 877 44 22 and
1449 877 49 27 fifty
1511 884 94 21 years—
1604 877 86 28 plainly
1700 877 35 21 for
1744 884 65 14 >more
1818 877 56 22 thaii

1282 910 13 14 a
1305 905 101 26 century.!
1435 903 55 26 The.
1493 906 59 20 most
1563 903 107 28 probable
1685 903 92 22 surmise
1787 903 28 27 is;
1822 904 52 22 that

1280 929 40 22 the
1333 931 78 26 jewels
1427 937 56 15 were
1500 930 97 28 pledged
1608 931 22 22 in
1641 930 45 25 the.
1690 930 62 26 reign
1764 930 70 22 either
1852 931 26 21 of

1281 956 90 23 Charles
1395 957 37 21 the
1455 957 86 22 Second
1564 964 42 15 or.'
1611 958 79 22 James
1774 957 95 27 Second,

1279 983 89 27 princes
1378 983 47 22 who
1436 983 107 23 observed
1556 992 29 14 no
1595 983 140 23 remarkable
1748 983 123 28 regularity

1279 1010 24 21 in
1312 1010 59 22 their
1378 1009 244 30 financial-operations.
1700 1010 64 22 think
1773 1012 19 20 it
1801 1012 73 21 worth

1280 1036 38 22 the
1328 1037 65 21 while
1404 1041 21 17 to
1436 1044 38 20 say
1484 1045 25 14 so
1521 1038 68 21 much
1597 1045 61 21 upon
1668 1037 38 22 the
1723 1037 92 28 subject,
1831 1038 42 22 be-

1281 1070 66 16 cause
1356 1064 38 21 the
1401 1063 64 23 value
1473 1064 25 22 of
1504 1065 38 21 the
1554 1065 116 26 discovery
1676 1064 48 26 has,
1737 1071 31 14 we
1777 1064 94 27 believe,

1280 1090 58 22 been
1349 1091 153 27 exaggerated,
1519 1091 47 22 and
1566 1106 11 13 4
1582 1091 36 23 the
1637 1091 160 23 circumstance
1807 1091 67 22 made

1280 1116 37 23 the
1328 1117 85 27 subject
1423 1117 25 21 of
1451 1117 45 22 idle
1504 1122 121 18 comment.
1626 1130 26 4 —
1657 1119 117 24 Standard,
1784 1119 55 20 Nov.
1851 1120 21 19 5.

24 131 7 17 /
51 126 68 26 their-
123 134 51 18 own
472 149 3 5 ,
481 148 5 6 v
482 124 41 24 the
533 124 75 24 influx
618 126 31 22 of;

49 167 66 18 more
223 152 85 29 "from'
315 157 119 31 England.
461 157 114 31 'Holding
590 157 59 26 'this)

44 207 3 5 •
52 194 100 31 opinion,
162 199 34 16 we
216 199 38 15 are
274 190 55 32 glad
348 194 25 20 to
383 198 38 16 see
433 190 32 31 by
474 190 40 24 the
529 190 112 24 Adelaide
646 202 3 14 \

51 233 83 24 papers
144 224 50 24 that
197 227 4 11 !
204 231 63 16 some
277 224 33 23 oil
319 223 47 24 and
376 231 15 15 a
401 223 154 24 considerable
567 231 73 23 quan-

51 259 43 30 tity
112 258 27 24 of
157 257 59 24 wool
235 256 48 25 had
300 257 60 24 been
383 256 98 33 shipped
506 256 74 25 direct
604 256 37 25 foi

50 290 117 32 England.
179 315 4 4 .
205 315 8 4 _
247 314 5 6 „
323 314 7 3 .
377 283 3 13 !
401 289 20 8 '"
438 295 4 5 '
480 286 3 5 '

82 341 52 25 We'
138 341 58 23 have
212 341 101 24 inserted
469 349 15 16 a
500 341 69 24 letter
579 340 61 25 from

46 373 154 33 .Wanga'nuir'
212 374 11 9 '"
237 369 163 36 Ourfilowery
406 371 87 35 .^friend
508 374 43 23 has
565 374 82 24 'made*

51 408 73 24 some',
130 411 76 28 pretty
218 408 138 31 quotations,
376 407 44 24 but
431 408 43 23 has
494 406 90 24 neither
601 415 38 16 re-

49 441 65 24 futed
124 441 40 24 the
181 441 84 31 charge
275 441 26 23 of
317 441 102 23 inaction
433 440 100 32 brought
549 441 90 30 against

49 474 96 24 himself
161 473 45 24 and
229 474 76 24 fellow
327 473 98 30 settlers,
444 481 44 17 nor
512 473 89 31 alleged
625 481 14 15 a

25 528 3 3 .
36 517 4 4 -
47 507 117 24 sufficient
288 507 36 24 for
346 507 27 24 it.
416 507 41 24 He
470 507 2 6 '
479 506 83 24 should
580 506 58 23 have

146 539 50 24 that
204 540 167 31 .persevering,
376 543 106 28 attempts
492 547 63 16 /wert
572 539 66 24 made

49 577 23 20 to
79 573 117 31 negociate
205 573 55 24 with
269 573 39 24 the
319 574 89 23 natives
415 582 29 15 on
453 573 38 23 the
499 576 71 19 terms
582 580 55 23 sug-

49 607 80 30 gested
136 607 30 30 by
171 606 103 24 -Colonel
277 606 12 29 '
289 606 128 29 Wakefield,
425 606 45 24 and
475 605 56 24 then
539 605 51 23 that
599 608 46 20 oc-'

48 641 107 30 cupation
161 639 26 24 of
195 640 44 23 the'
244 640 56 23 land
309 639 158 33 was^xefused.
501 638 46 24 We
557 637 29 25 do
597 642 41 20 not

47 672 94 35 believe|
145 673 33 23 he
185 681 12 15 c
198 681 13 26 ?
212 673 40 34 u^
262 669 179 29 kUve'a'dduced,
449 671 58 24 such
517 671 66 29 facts,
596 671 40 24 be-

47 713 68 17 cause
126 707 25 22 in
167 706 39 24 the
218 707 53 30 only
281 707 104 22 instance
395 705 75 24 which
478 704 44 24 has
538 712 65 16 come
613 709 23 20 to

49 743 51 20 ourt
111 739 140 31 knowledge'
263 739 26 23 of
307 746 23 15 a-
340 753 4 4 •
344 738 131 31 Wanganui
497 737 80 24 settler
599 746 37 16 re-

49 772 98 32 solutely
154 773 44 23 and
208 771 172 32 pe'rseveringly
387 772 86 30 setting
486 775 24 19 to
517 771 72 29 work,
598 771 38 24 the

169 805 26 24 of
202 804 85 25 Native
296 804 125 24 resistance
429 812 46 16 was
483 812 119 17 overcome
613 809 24 20 at

47 846 16 16 a
72 831 68 32 small
156 845 106 25 expense.
275 852 14 15 ....
300 837 80 28 There,
390 845 50 20 .was
455 837 100 32 nothing
565 839 70 23 mira-

47 871 105 31 culously
173 871 111 32 seducing
305 870 71 25 about
394 871 50 25 Mr.
467 871 61 29 Bell,
546 872 42 23 but
606 871 30 24 he

26 923 8 14 ,
48 904 116 24 contrived
180 909 22 19 to
221 912 95 24 manage
334 904 40 24 the
385 903 105 31 natives';
509 904 50 24 and'
572 905 64 24 other

48 938 62 24 older
140 938 113 24 residents
279 942 25 20 at
314 960 2 6 ,
323 937 133 32 Wanganui
481 931 78 37 might'
577 938 58 24 have

48 971 58 25 dont
114 971 61 24 what
186 971 28 24 he
227 971 47 25 did.
310 993 150 6 ........,,

46 1018 4 9 i
57 1019 11 6 '■
79 1004 26 25 It
112 1006 57 23 isno
176 1004 98 33 apology
279 1005 36 24 for
322 1012 14 16 a
343 1004 102 23 resident
449 1004 129 31 proprietor
585 1004 50 23 that

46 1045 30 16 an
86 1038 107 23 absentee
205 1038 48 23 'has
269 1042 41 20 not
326 1037 73 23 found
408 1037 39 23 the
465 1037 54 23 time
536 1037 47 23 and
593 1044 42 24 op-

46 1070 119 35 portunity
173 1075 34 25 to,
215 1070 72 24 settle'
298 1077 63 24 upon
377 1069 37 24 his
424 1069 62 24 land.
495 1092 3 6 ,
522 1069 57 24 Had
597 1070 38 23 the

44 1111 85 24 parson
140 1103 90 24 alluded
240 1108 23 19 to
274 1103 31 31 by
317 1111 43 15 our
371 1102 176 32 correspondent
556 1102 79 24 risked

45 1137 37 23 his
87 1136 38 24 'all
136 1141 23 18 at
169 1136 145 32 Wanganui,.
323 1135 46 31 .we)
378 1136 57 23 have
454 1136 112 24 excellent
583 1144 51 16 rea-

47 1177 54 16 sons
112 1170 36 24 for
156 1170 114 31 believing
279 1170 30 23 he
320 1169 76 24 would
406 1170 76 23 rather
491 1170 58 23 have
557 1170 77 23 imita-

47 1203 38 24 ted
107 1203 39 24 the
168 1203 103 31 example
294 1203 26 24 of
534 1203 56 23 than
613 1203 25 24 of

288 1256 4 9 ,
308 1236 37 24 To
365 1236 65 24 those
448 1237 50 23 who
516 1236 70 24 know
597 1236 38 24 the

44 1269 136 32 .Wanganui
197 1270 93 31 people,
310 1277 42 16 our
376 1270 187 31 correspondents
586 1270 49 23 talk

48 1303 69 23 about
195 1311 40 15 our
514 1303 120 24 shoulders

44 1339 24 20 to
80 1336 38 25 the
235 1337 54 29 &c,
300 1337 19 23 is
326 1337 68 30 'quite
406 1336 130 32 laughahle.

147 1403 194 23 WESLEYAN
358 1403 170 23 MISSIONS.

48 1445 13 13 \.
91 1441 5 19 I
130 1450 2 6 <
174 1443 90 33 -[From
272 1453 14 16 a
297 1443 201 37 Correspondent.']

1928 741 147 23 Letters.from
2081 742 145 24 the'Queeh's
2232 742 48 28 ship
2286 744 99 20 Fantome

1902 768 36 21 the
1940 782 6 13 :
1948 768 43 22 last
1999 769 61 27 prize
2070 768 67 22 taken
2151 769 32 28 by
2193 769 48 22 that
2251 771 73 20 vessel
2338 778 28 14 on
2376 769 37 21 the
2427 772 63 18 coast

1901 795 27 21 of
1939 793 78 24 Africa
2018 807 25 4 —
2045 795 27 22 its
2087 795 127 23 thirteenth.
2252 796 24 22 It
2290 804 45 14 was
2351 804 13 14 a
2381 795 109 23 schooner

1901 822 67 27 thirty
1975 823 47 21 feet
2029 823 54 26 long
2089 823 30 26 by
2128 823 55 21 nine
2192 823 78 21 feetof
2276 823 77 26 beam,,
2360 823 42 21 atid
2413 822 77 27 barely

1902 849 26 21 of
1938 851 84 26 twenty
2029 853 51 18 tons
2095 849 96 22 burden.
2219 849 23 23 It
2252 849 119 22 contained
2386 855 36 15 one
2436 849 53 20 hun-

1902 876 51 20 dred
1967 877 43 19 and
2015 879 48 24 -five
2075 877 73 25 slaves,
2158 877 51 25 -all,-
2220 876 53 22 with
2290 880 45 18 two
2353 876 136 27 exceptions,

1901 904 66 20 under
1975 910 60 19 seven
2043 910 61 19 years
2114 904 28 25 of
2151 910 45 19 age.
2224 903 49 22 The
2283 902 59 22 deck
2349 910 61 20 upon
2417 902 74 22 which

1901 930 54 28 they
1963 938 57 14 were
2031 931 82 21 stowed
2119 938 45 14 was
2170 949 2 5 ,
2173 930 53 27 only
2233 929 104 28 eighteen
2347 929 77 22 inches
2430 929 62 21 clear

1902 957 99 22 between
2008 957 37 22 tlie
2057 960 46 19 mat
2111 957 29 22 oh
2150 957 71 21 which
2229 956 54 27 they
2289 956 38 27 lay
2336 956 44 22 and
2388 956 36 22 the
2433 956 58 21 deck

1902 984 99 22 between
2022 983 140 23 the'be'ams.
2172 991 5 3 '
2198 983 45 22 But
2259 983 54 21 here
2330 983 37 21 the
2387 982 104 27 standing

1901 1011 88 21 horrors
2001 1018 54 15 even
2064 1011 26 21 of
2097 1011 36 21 the
2141 1010 85 22 middle
2237 1016 92 21 passage
2336 1016 37 15 are
2380 1009 96 27 eclipsed
2483 1017 7 13 :

1902 1046 13 13 a
1928 1046 87 19 person,
2025 1037 50 25 well
2088 1037 114 23 informed
2217 1044 29 14 on
2262 1036 38 22 the
2316 1036 86 27 subject
2416 1036 25 21 of
2452 1036 39 21 the

1902 1065 141 26 slave-trade,
2054 1072 28 14 on
2097 1065 74 21 whom
2180 1072 33 14 we
2229 1070 42 14 can
2279 1063 56 27 rely,
2349 1063 41 21 has
2402 1063 47 21 told
2465 1070 26 14 us

1901 1099 24 14 so
1939 1092 68 22 much
2022 1092 26 21 of
2057 1091 38 21 the
2109 1091 117 28 profligate
2241 1090 95 27 atrocity
2351 1090 52 22 with
2417 1089 75 22 which

1901 1118 100 22 children
2014 1126 36 14 are
2058 1118 92 27 treated,
2160 1125 24 15 as
2192 1122 21 17 to
2223 1117 67 21 make
2297 1117 37 21 the
2344 1117 115 26 discovery
2466 1116 26 21 of

1901 1145 46 23 this,
1954 1146 137 27 pi-ize-cargo
2101 1145 38 21 the
2149 1149 58 17 most
2217 1143 109 27 shocking
2336 1143 25 21 of
2370 1143 75 22 which,
2456 1150 34 14 we

1901 1172 56 22 have
1971 1172 77 23 heard.
2082 1171 107 23 Children
2252 1177 51 15 now
2316 1170 134 22 understood
2466 1173 24 17 to

1900 1199 58 21 form
1965 1206 13 14 a
1984 1199 95 28 cheaper
2086 1202 97 23 stowage
2190 1197 53 22 than
2250 1197 80 25 adults,
2337 1197 93 21 because
2436 1197 56 26 they

1902 1233 85 20 occupy
1994 1226 43 22 less
2046 1232 61 15 room
2112 1225 23 21 in
2144 1225 118 27 packing;.
2264 1223 42 21 but
2311 1230 29 15 no
2349 1223 64 22 illicit
2419 1226 73 18 trans-

1902 1256 50 23 port
1963 1253 25 21 of
1999 1253 71 21 slaves
2085 1248 106 26 coiilcTbe
2200 1254 112 23 so'cheap
2309 1248 5 10 :
2313 1256 40 21 ,Tso
2466 1257 25 14 so

1902 1279 68 28 easily
1982 1279 128 26 controlled,
2125 1286 24 14 as
2159 1279 37 21 the
2210 1277 76 22 lawful
2299 1276 45 22 and
2357 1276 135 27 recognized

1903 1313 139 20 conveyance
2052 1305 24 21 of
2084 1305 47 22 free
2142 1305 89 22 Blacks.
2260 1303 102 21 Contrast
2373 1303 37 22 the
2420 1307 73 17 secret

1902 1340 84 20 voyage
2004 1333 25 21 of
2039 1332 44 22 this
2097 1332 62 27 prize
2174 1331 25 22 of
2215 1330 37 22 the
2268 1331 100 20 Fantome
2384 1330 53 22 with
2452 1330 39 22 the

1902 1367 96 20 voyages
2008 1359 24 22 of
2044 1359 36 22 the
2090 1360 48 20 free
2146 1358 82 22 Blacks
2234 1357 50 22 who
2293 1357 56 22 have
2358 1356 68 28 lately
2432 1364 59 20 gone

1902 1389 23 19 to
1940 1387 38 21 the
1992 1387 63 21 West
2069 1385 82 22 Indian
2168 1384 97 26 Islands,'
2278 1384 83 22 known
2375 1387 23 18 to
2408 1384 30 21 all
2451 1384 41 21 the

1902 1413 74 27 world,
1989 1413 44 22 and
2046 1412 125 22 unmarked
2179 1413 31 26 by
2220 1418 14 15 a
2243 1411 70 27 single
2324 1411 97 21 disaster.
2429 1415 5 5 '

1930 1441 22 21 A
1970 1448 54 14 man
2029 1455 4 4 .
2041 1440 26 22 of
2085 1443 106 24 property
2206 1439 29 21 in-
2248 1437 117 28 Hungary,
2453 1437 39 21 the

1902 1469 130 25 Magdeburg
2044 1468 93 23 Gazette,
2147 1468 51 20 who
2206 1465 35 22 for
2253 1472 63 14 some
2326 1465 68 26 slight
2407 1464 85 22 offence

1902 1495 110 22 wounded
2025 1502 13 14 a
2047 1501 53 21 poor
2114 1493 102 22 labourer
2224 1492 24 21 in
2263 1491 77 22 eleven
2349 1491 75 28 places
2436 1490 56 22 with

1903 1529 14 14 a
1933 1522 69 26 knife,
2023 1521 49 22 and.
2081 1519 129 23 afterwards
2225 1518 47 22 tied
2287 1518 51 22 him
2353 1517 85 23 behind
2456 1517 37 22 his

2020 1547 139 27 threatening
2168 1546 26 22 to*
2199 1545 46 33 flay
2253 1545 49 21 him
2310 1545 63 26 alive,
2385 1544 39 22 has
2434 1545 58 21 been

1904 1575 57 22 tried
1974 1576 36 21 for
2015 1589 4 4 •
2025 1575 37 21 the
2076 1573 76 23 brutal
2169 1570 91 28 assault,'
2274 1571 49 22 and'
2333 1571 120 22 sentenced
2469 1575 24 17 to

1902 1602 57 22 hard
1973 1603 79 21 labour
2061 1608 29 14 on
2106 1600 75 28 public
2191 1599 71 22 works
2271 1598 24 22 in
2309 1599 61 21 irons
2380 1598 34 21 for
2427 1598 65 21 three

1902 1630 71 27 yeais,
1992 1629 46 21 and
2052 1632 23 18 to
2089 1635 44 20 pay
2143 1628 43 21 250
2198 1626 76 22 florins
2289 1628 24 19 to
2328 1625 33 22 his
2376 1624 76 23 victim
2468 1632 25 14 as

1904 1657 112 25 damages.

669 122 120 28 sympathy
809 122 47 22 and
875 119 87 31 'spS&dy
962 119 5 13 3
968 128 6 4 '
983 119 96 26 redress
1091 122 21 23 is
1134 122 122 23 exhibited.

663 148 99 23 .Colonel
771 148 127 23 Wakefield
910 154 45 17 was
960 147 63 24 'here
1039 149 36 22 for
1089 157 15 14 a
1116 150 43 22 few
1170 150 54 27 days
1233 150 23 22 in
1260 148 3 11 :

668 172 133 35 December.
828 173 53 24 Did'
884 175 30 22 he
924 174 29 23 do
962 182 46 20 any
1016 174 63 28 thing
1088 179 22 18 to
1120 176 88 23 smooth
1217 183 41 16 our

668 201 140 23 difficulties?
834 201 109 32 Nothing.
972 202 38 21 He
1030 202 87 23 desired
1134 210 26 15 us
1175 202 82 23 indivi-

668 228 77 28 dually
753 232 24 18 to
785 228 112 26 negotiate
905 228 54 23 with
974 228 38 22 the
1027 228 74 23 Chiefs
1115 229 36 23 for
1159 237 42 14 our
1211 237 46 14 sec-

668 254 65 28 tions,
745 255 45 22 and
802 255 49 22 that
863 254 30 22 he
907 254 74 23 would
994 261 69 21 repay
1073 262 44 21 any
1126 256 130 23 reasonable

668 280 172 23 disbursement..
862 281 42 22 We
919 281 156 23 endeavoured
1089 285 23 19 to
1129 283 28 22 do
1174 290 32 20 so,

666 307 79 28 failed;
760 308 37 22 the
807 307 93 22 Natives
912 308 91 22 refused
1016 315 41 15 our
1065 308 118 24 advances.
1212 310 44 21 But

666 334 51 28 why
725 334 65 23 leave
797 337 24 18 to
835 341 27 14 us
872 334 37 22 the
925 341 56 15 onus
997 334 28 23 of
1034 336 153 26 negotiation?
1214 335 41 22 We

668 364 82 24 expect
758 360 44 23 the.
805 360 113 28 promised
932 360 106 29 peccable
1052 363 113 25 possesibri
1181 362 28 23 of
1218 363 37 22 the

666 386 61 23 land.
738 387 4 6 '
767 387 42 22 We
830 386 39 23 did
889 390 40 19 not
948 395 65 14 come
1024 388 86 32 jhither,
1130 392 22 19 to
1157 395 4 4 '
1170 390 29 22 be
1217 390 38 21 the
1261 402 4 4 -

658 421 5 9 '
666 414 181 28 penny-splitters
867 414 103 22 between
987 411 45 26 the'
1041 414 93 24 Natives
1152 417 28 22 of
1199 416 56 22 New

666 440 100 22 Zealand
775 440 46 22 and
830 440 38 21 the
877 440 58 23 New
945 441 99 22 Zealand
1053 442 123 28 Company.
1196 442 59 28 Why

666 466 54 23 does
734 470 40 19 not
790 466 90 23 Colonel
894 467 126 22 Wakefield
1034 468 94 23 himself
1142 472 62 20 meet
1216 470 38 21 the

666 493 75 22 Chiefs
754 493 26 22 in
794 494 116 27 Congress,
926 495 109 22 ascertain
1043 496 3 5 '
1054 495 57 22 their
1125 499 77 20 wants-
1210 496 45 22 and

665 520 87 27 wishes,
767 520 45 22 and
830 523 35 19 set
882 520 38 22 the
934 524 82 20 matter
1028 524 25 19 at
1065 524 59 21 rest?
1161 523 46 22 'Tia
1226 530 29 15 an

666 547 63 21 affair
741 547 37 22 .of-
788 547 86 27 pounds
889 547 100 28 shillings
1010 548 45 22 and
1069 557 78 20 pence,
1165 549 45 22 and
1225 557 28 14 an

665 573 68 22 hourt
745 573 96 28 palaver,
852 574 55 22 with
920 582 15 14 a
949 574 87 33 display
1048 576 26 21 of
1084 576 110 28 authority
1212 576 43 22 and

666 599 38 22 the
719 600 126 28 expression
860 601 27 22 of
897 600 176 30 determination,
1088 603 73 22 would
1179 610 75 15 secure

666 626 49 22 that
729 627 73 22 which
816 635 65 20 years
898 628 26 22 of
941 628 82 23 official
1039 629 152 28 sluggishness
1211 630 44 22 will

665 653 40 22 fail
714 656 24 19 to
747 654 78 23 attain.
912 670 4 3 -
1078 670 4 5 .
1122 655 29 20 .■>

691 680 33 22 To
734 680 39 23 the
781 684 58 19 most
847 681 102 27 placable
957 689 89 21 person,
1054 682 53 23 here
1115 683 19 22 is
1145 682 110 23 sufficient

666 714 66 15 cause
743 708 35 21 for
792 708 127 28 grumbling
927 717 6 19 ;
948 709 42 22 but
1003 710 25 21 in
1043 710 107 27 addition,
1160 710 33 21 let
1201 709 18 22 it
1227 710 28 21 be

666 734 137 28 con«idered,
813 735 49 22 that
871 743 70 20 many
950 736 26 22 of
985 737 38 21 the
1038 734 87 24 settlers'
1133 736 122 28 absolutely

665 761 87 27 require
762 762 57 22 their
827 761 65 23 lands
906 765 22 20 to
946 764 80 21 secure'
1036 765 24 20 to
1074 763 135 22 themselves
1217 763 38 22 the

664 788 134 23 necessaries
817 788 26 23 of
864 789 47 22 life.
950 790 64 27 They
1029 797 85 19 possess
1133 790 40 22 but
1190 789 65 22 small

665 814 88 28 capital,
763 815 46 22 and
817 816 110 28 naturally
937 816 102 28 despond
1053 816 71 27 when,
1129 814 54 30 they
1192 823 36 15 see
1237 817 18 22 it

665 848 88 15 assume
762 842 59 22 what
830 842 193 23 mathematicians
1030 843 74 22 would
1111 843 41 22 call
1163 851 30 14 an
1200 850 54 15 'eva-

665 871 91 20 nescent
771 869 108 28 quantity.
915 869 43 22 We
975 870 60 21 have
1053 869 49 22 that
1118 870 137 22 inalienable

665 897 97 20 treasure
772 903 15 14 a
800 896 44 22 fine
859 896 96 26 climate,
964 896 43 22 but
1021 896 26 21 of
1057 896 60 21 what
1131 897 58 22 avail
1201 898 19 21 is
1229 898 24 26 it,

665 921 46 22 and
720 922 31 21 all
765 922 38 22 the
817 922 88 22 natural
920 922 136 27 advantages
1070 922 27 22 of
1107 923 99 28 fertility,
1216 931 38 20 po-

664 948 72 27 sition,
886 949 125 22 restrained
1025 950 24 21 in
1065 957 40 14 our
1115 950 101 29 industry
1225 952 30 28 by

664 974 37 22 the
714 975 118 27 inactivity
847 975 47 22 and
913 976 130 27 vacillating
1062 976 74 28 policy
1149 978 27 21 of
1192 979 61 20 those

664 1001 123 27 appointed*
792 1004 22 19 to
824 1002 37 21 aid
868 1009 35 14 us.
931 1002 43 22 We
990 1010 38 14 are
1044 1003 82 22 unable
1140 1007 23 18 to
1173 1004 81 22 under-

663 1027 52 22 take
724 1035 45 20 any
779 1028 122 27 enterprize
909 1028 74 23 which
991 1037 40 14 our
1037 1030 98 28 sagacity
1141 1038 25 15 or
1173 1038 80 21 energy

663 1054 72 27 might
755 1055 113 26 originate.
907 1055 41 22 We
964 1063 36 15 see
1015 1063 40 15 our
1068 1057 96 28 farming
1176 1057 79 29 imple-

663 1084 72 18 ments
743 1082 83 26 rotting
835 1082 45 21 and
894 1082 87 28 rusting
996 1082 34 23 for
1044 1087 61 18 want
1114 1084 25 22 of
1149 1091 54 21 use,-
1209 1084 45 23 and

663 1114 40 15 our
712 1107 81 22 wealth
802 1108 119 28 vanishing
929 1109 25 22 in
964 1110 38 21 the
1011 1110 109 28 purchase
1130 1111 25 22 of
1166 1112 88 21 articles

663 1133 73 22 which
745 1135 71 22 under
831 1135 64 22 other
909 1136 170 23 circumstances
1093 1145 35 15 we
1141 1138 76 23 would
1225 1138 29 23 be

663 1164 129 24 competent
799 1164 23 20 to
832 1162 86 28 supply.
1202 1172 5 4 -
1222 1163 22 15 -»

689 1188 23 21 A
721 1188 81 27 glance
813 1191 22 20 at
848 1190 39 21 the
902 1190 88 27 ground
1002 1190 54 29 plan
1071 1192 26 21 of
1108 1199 40 16 our
1159 1192 67 22 block
1226 1204 28 4 —

663 1213 44 23 this
722 1215 130 29 shadowing
868 1216 28 22 of.
905 1224 41 15 our
961 1218 117 22 substance
1078 1230 28 4 —
1108 1219 96 22 exhibits
1217 1220 37 21 the

663 1248 66 15 name
748 1242 26 22 of
791 1242 37 23 the
960 1244 79 22 Editor
1056 1246 25 21 of
1102 1246 37 22 the
1161 1248 92 20 Gazette.

663 1268 69 22 What
746 1268 40 23 has
800 1270 30 22 he
845 1270 59 22 done
910 1271 9 22 ?
952 1270 69 23 What
1034 1271 57 23 have
1107 1280 69 21 many
1192 1274 63 22 other

663 1295 125 23 Absentees
799 1297 57 22 done
866 1298 37 21 for
911 1298 38 21 the
960 1298 141 23 settlement?
1124 1300 67 22 Have
1201 1300 54 29 they

664 1321 56 23 done
735 1323 77 27 aught'
820 1327 22 18 to
856 1324 88 22 further
957 1324 29 22 its
1001 1326 123 26 progress?.
1143 1327 49 22 Are
1201 1328 54 27 they

663 1352 38 18 not
710 1357 61 14 more
784 1350 70 28 justly
914 1350 89 28 listless,
1013 1352 84 22 useless
1208 1355 46 21 Our

661 1375 76 23 hearts
753 1376 73 23 desire
841 1380 23 19 to
879 1378 28 21 be
923 1378 97 27 actively
1028 1380 80 21 useful.
1137 1380 76 22 Could
1221 1389 34 14 we

663 1402 41 22 but
713 1403 75 22 obtain
798 1411 40 16 our
846 1404 87 26 wishes,
945 1412 40 14 our
997 1405 70 27 rights
1077 1415 5 19 ;
1100 1414 32 15 we
1141 1408 76 21 would
1226 1408 29 21 be

663 1429 60 22 bona
737 1430 46 22 fide
798 1430 113 23 settlers—
912 1431 71 22 tillers
997 1432 26 21 of
1039 1432 38 23 the
1091 1435 89 25 ground
1180 1446 29 3 —
1209 1435 46 27 pio-

662 1463 65 15 neers
743 1457 26 22 of
787 1458 141 27 civilization,
948 1458 44 22 and
1006 1462 39 18 not
1060 1459 36 23 the
1109 1460 83 27 gloved
1210 1462 45 22 and

656 1484 122 26 .perfumed
792 1484 104 28 loungers
910 1485 27 22 of
947 1485 38 22 the
1000 1485 121 29 highways.
1150 1488 57 22 Had
1221 1496 33 14 we

661 1510 42 22 but
710 1510 40 22 the
866 1512 90 28 d'appui
987 1519 33 15 we
1030 1512 80 23 should
1122 1514 58 22 have

663 1544 38 14 our
712 1537 113 23 shoulders
835 1542 22 18 to
869 1538 38 23 the
916 1539 71 22 wheel
1020 1540 45 21 and
1072 1541 94 22 without
1175 1549 80 20 prayer

662 1566 23 19 to
694 1564 89 28 Jupiter
793 1573 25 14 or
831 1565 118 22 volunteer
965 1566 85 28 advice,
1061 1567 58 23 have
1133 1568 54 29 long
1196 1569 59 22 since

663 1590 87 23 cleared
759 1599 68 21 many
837 1599 14 14 a
865 1600 90 20 swamp.

689 1618 42 22 We
741 1619 72 27 might
826 1618 46 23 feel
885 1620 125 23 reconciled
1029 1623 21 19 to
1066 1620 38 23 the
1119 1622 94 27 injuries
1221 1630 34 15 we

661 1644 58 23 have
729 1646 120 27 sustained,
861 1646 47 22 and
917 1646 61 28 allay
987 1654 41 15 our
1038 1651 82 23 regrets
1130 1653 23 18 at
1162 1649 39 22 the
1211 1649 44 23 loss

662 1672 25 21 of
697 1676 112 24 property,
820 1673 67 22 could
903 1681 31 14 we
945 1674 40 21 but
999 1681 35 14 see
1050 1675 95 28 through
1160 1677 39 21 the
1209 1676 46 22 dim

655 1697 143 34 jgerspective
814 1707 44 20 any
873 1700 58 28 hope
948 1700 26 22 of
988 1700 169 30 improvement,
1174 1703 43 22 but
1231 1711 24 14 so

661 1726 181 26 protractedf,and
851 1728 112 26 apathetic
970 1735 70 15 seems
1049 1736 68 20 every
1126 1730 64 27 thing
1201 1738 52 14 con-

662 1752 82 22 nected
754 1753 103 22 witltfour
872 1754 140 27 Settlement,
1022 1755 50 21 that
1103 1756 133 23 listlessness

661 1779 19 21 is
694 1780 155 23 unavoidable.
872 1795 3 4 -
891 1781 66 28 Long
973 1782 116 22 cherished
1104 1784 152 26 expectations

662 1806 57 22 have
729 1807 58 22 been
802 1815 24 14 so
840 1807 122 22 frustrated
979 1808 49 22 that
1043 1816 14 14 a
1065 1812 72 19 moral
1152 1813 76 25 torpor
1237 1811 19 21 is

662 1834 105 27 creeping
776 1841 53 15 over
837 1841 42 15 our
888 1835 107 27 faculties,
1007 1835 45 22 and
1062 1844 32 14 we
1105 1844 36 14 are
1152 1837 71 27 likely
1233 1841 22 19 to

662 1860 78 22 exhibt
750 1861 23 21 in
790 1861 80 27 reality
879 1861 48 22 that
943 1865 56 18 state
1010 1862 25 22 of
1069 1863 134 23 uselessness
1233 1868 22 18 to

662 1887 112 22 ourselves
785 1887 91 23 and^the
887 1890 145 26 community,
1044 1889 72 23 which
1126 1898 46 20 you
1180 1891 76 23 rather

651 1921 2 23 |
660 1915 154 27 prematurely
816 1915 119 28 sproclaim.

698 1944 106 25 Years*pass
812 1952 54 17 away,
874 1949 37 16 and
918 1949 38 17 still
963 1950 53 17 -we're
1025 1950 76 18 doomed
1108 1952 19 16 to
1135 1952 50 21 wait,
1204 1951 2 6 '
1218 1954 2 6 '

672 1968 50 17 .God
728 1971 59 18 grant,
795 1970 109 22 attainment
910 1974 42 17 may
959 1972 33 15 not
999 1975 50 13 come
1057 1973 29 15 too
1096 1971 38 19 late
1140 1971 24 18 £"•'
1170 1973 3 6 '

654 2003 7 5 .
666 1989 138 22 iTWhenjyout^
811 1990 16 16 is
835 1991 171 19 passMJanrkhealtlj
1015 1992 200 21 anill?Srcjigtlu<i«cay,
1245 2003 3 3 .

654 2009 68 16 ■i-Aria
730 2010 32 15 the
768 2010 66 17 mind's
842 2010 63 20 spring
911 2010 15 17 is
934 2011 58 17 dull'd
999 2011 36 16 and
1044 2011 37 18 will
1087 2015 32 14 not

723 2028 166 22 •'»?■♦'
951 2041 11 10 .
1027 2032 12 11 •
1104 2043 11 10 .
1181 2035 11 10 •

660 2050 69 22 What
738 2051 55 22 then
802 2051 122 23 results?—

686 2077 55 23 This
752 2078 12 22 I
772 2078 63 22 leave
852 2082 23 18 to
889 2079 38 22 the
943 2079 127 23 reflections
1083 2081 27 21 of
1121 2078 36 26 the
1168 2083 84 27 Agent,

660 2105 46 21 and
714 2105 97 22 abettors
821 2105 25 23 of
856 2105 38 23 the
905 2106 57 22 New
972 2107 100 23 Zealand
1082 2105 124 31 Company.

1071 2140 93 22 Samuel
1182 2141 65 22 King

687 2170 50 23 P.S.
776 2171 14 22 I
805 2171 70 27 ought
889 2175 24 19 to
929 2172 115 28 apologize
1059 2177 22 17 to
1098 2173 39 23 the
1148 2175 101 22 resident

660 2198 87 21 settlers
760 2198 37 22 for
814 2199 67 26 using
899 2199 39 22 the
952 2199 114 23 collective
1084 2208 103 20 pronoun
1203 2203 45 21 and

660 2224 50 22 thus
720 2225 113 27 assuming
841 2225 49 22 that
899 2227 58 21 their
972 2227 129 22 sentiments
1115 2236 38 14 are
1162 2229 25 21 in
1198 2230 50 21 uni-

660 2258 39 14 son
710 2251 56 22 with
773 2251 61 23 mine
844 2259 57 16 own.
930 2253 69 22 From
1006 2253 104 28 frequent
1119 2255 134 23 association

660 2278 53 22 with
731 2279 37 21 the
783 2279 105 28 majority
903 2280 25 22 of
939 2280 69 27 them,
1021 2281 44 21 and
1079 2282 125 22 occasional
1219 2283 38 21 in-

660 2307 112 20 tercourse
790 2305 52 23 with
858 2307 37 26 all,
914 2307 12 22 I
942 2307 45 22 feel
1004 2314 14 14 a
1033 2307 129 24 confidence
1179 2309 55 22 that-
1244 2310 12 21 1

660 2331 59 28 truly
732 2336 115 24 represent
862 2333 58 23 their
937 2334 110 27 opinions,
1060 2335 45 22 and
1118 2336 50 22 that
1178 2336 12 22 I
1201 2337 55 27 only

661 2358 54 22 echo
724 2359 38 22 the
773 2359 32 23 oft
814 2360 105 27 repeated
936 2361 129 28 expression
1074 2362 28 22 of
1112 2363 59 22 their
1181 2363 75 28 disap-

660 2385 92 28 pointed
761 2387 157 28 expectations.

717 2445 199 26 ENGLISH
946 2443 259 29 EXTRACTS.

47 1527 4 10 (
57 1524 4 12 t
67 1505 3 5 '
80 1503 40 23 On
129 1503 3 7 '
148 1503 101 31 Sunday,
273 1502 70 32 April
364 1503 50 29 4th,
438 1511 14 15 a
474 1510 90 15 sermon
587 1510 46 16 was

46 1536 112 32 preached
174 1533 30 26 'in
226 1536 39 24 the
280 1556 4 5 ,
452 1536 128 31 Exchange
609 1536 24 23 in

44 1570 81 23 behalf
139 1571 31 22 ;of
183 1569 40 24 the
237 1569 127 31 Wesleyan
380 1569 140 31 Missionary
533 1569 99 31 Society,

30 1625 6 9 t
45 1604 25 22 t'o
85 1611 14 15 a
112 1603 74 31 -Jarge
205 1603 44 23 and
266 1602 142 33 respectable
604 1603 30 31 by

44 1636 39 24 the
89 1629 79 31 '*ReV;
189 1636 60 23 John
271 1636 143 23 Macfarlarie
436 1636 27 24 of
486 1635 41 24 the
549 1636 85 23 Scotch

46 1670 101 24 Church.
162 1694 16 5 ..
239 1684 3 6 .
274 1672 5 5 '
312 1692 19 4 ..
397 1689 33 7 ..„
453 1661 65 37 *'■#£.
538 1696 3 4 .

79 1703 39 24 On
128 1702 38 24 the
171 1703 104 31 Monday
282 1703 99 31 evening
386 1703 124 31 following,
523 1711 14 15 a
549 1703 84 24 Public

44 1736 142 31 Missionary
191 1736 105 31 Meeting
301 1743 46 17 was
352 1736 55 24 held
411 1737 24 23 in
444 1736 38 24 the
490 1745 63 15 same
560 1737 75 31 place;

38 1769 80 25 rwhi'ch
129 1777 46 15 was
193 1769 108 24 crowded
315 1778 31 15 on
364 1769 40 24 the
422 1771 112 23 occasion.
583 1770 50 24 The

44 1804 101 36 meeting
151 1803 147 31 was'sOjaenec*
316 1802 32 31 by
354 1827 3 4 .
369 1803 99 32 singing*
479 1803 45 23 and
541 1811 90 24 prayer.

46 1836 59 24 Geo.
118 1836 100 29 Hunter,
237 1836 69 32 Es^.,
322 1844 47 16 was
385 1837 63 23 then'
453 1836 73 24 called
536 1845 63 23 upon
609 1842 23 19 to

42 1870 99 31 preside,
153 1869 50 23 who
214 1870 87 31 Having
308 1870 72 23 taken
386 1870 39 23 the
434 1870 78 28 Chair,
520 1870 113 24 delivered

43 1910 31 16 an
243 1903 46 23 and
306 1904 127 30 animating
456 1903 82 31 speech
550 1912 20 20 ;„
575 1904 57 23 after

42 1936 280 35 whijch/he'xalled^upon
334 1936 49 29 the.
386 1936 60 25 Rev.
460 1936 62 24 John
535 1937 96 30 Aldred,

41 1973 25 20 to
83 1969 55 24 read
156 1966 149 35 the^repoitf'
315 1970 77 23 which
413 1969 92 24 showed
523 1970 51 23 that
593 1971 39 23 the

40 2003 144 34 •principal
194 2002 31 23 65r
230 2002 104 24 'CSfit&al
352 1999 222 27 MissiotiiStations
592 2011 40 15 oc-

40 2033 82 33 cupied
139 2034 38 32 by
188 2031 39 27 ihe
245 2035 94 30 Society
355 2043 38 15 are
412 2040 44 19 two
467 2035 106 24 hundred
586 2037 46 23 and

39 2068 126 32 forty-five.
174 2071 4 4 '
200 2068 51 24 The
262 2068 55 24 total
329 2068 97 24 number
436 2069 25 24 of
471 2068 160 25 Missionaries

40 2102 65 24 three
115 2101 104 28 hundred
232 2101 50 24 and'
292 2103 152 30 sixty-seven,
463 2102 77 24 beside
561 2103 70 23 Cate-

40 2135 80 29 chists,
132 2134 73 25 Local
218 2135 135 29 Preachers,
366 2135 139 29 Assistants,
519 2136 112 31 Superin-

39 2169 107 23 tendents
157 2169 24 23 of
197 2168 105 29 Schools,
322 2168 223 30 Schoolmistresses,
564 2169 67 24 Arti-

39 2210 65 22 zans,
117 2202 44 23 &c.
174 2202 26 23 of
307 2202 107 31 upwards
423 2202 26 23 of
458 2202 173 25 three'hundred

42 2243 38 17 are
91 2235 120 32 employed
221 2239 23 19 at
256 2243 15 15 a
280 2235 117 24 moderate
414 2236 83 31 salary,
519 2236 45 23 and
580 2236 51 24 four

42 2268 125 25 thousands
176 2287 3 4 .
186 2268 71 24 afford
275 2268 60 25 their
353 2270 98 23 services
469 2270 160 31 gratuitously.

76 2302 52 24 The
150 2302 96 24 number
269 2302 27 24 of
321 2301 189 25 Communicants
593 2304 38 23 the

41 2335 102 25 Mission
155 2335 110 29 Stations,
278 2335 126 32 European
411 2336 3 5 '
423 2336 45 23 and

173 2373 24 19 to
208 2369 39 23 the
259 2373 85 22 return,
359 2369 26 23 of
404 2369 49 24 that
470 2377 63 24 year,
554 2370 76 32 April,

129 2410 49 17 was.
186 2404 93 27 84,934
289 2402 71 32 being
371 2411 29 15 an
409 2403 102 24 increase
520 2399 112 33 0f*5,794

41 2436 72 24 above
128 2435 39 25 the
176 2449 3 4 •
186 2435 145 32 preceeding.
345 2444 63 23 year.
454 2436 60 24 This
535 2437 97 24 number

42 2469 54 24 does
108 2474 42 19 not
158 2469 90 24 include
260 2469 103 27 Ireland,
388 2474 4 3 '
407 2470 51 24 The
475 2470 59 24 total
542 2471 94 24 income-

42 2503 27 24 of
82 2502 40 24 the
131 2503 92 30 Society
235 2510 50 18 was.
292 2503 20 24 £
312 2504 142 28 .90,194.85.
468 2503 38 24 Bd.
629 2514 4 5 -
633 2506 3 13 1

47 2559 3 5 ,
77 2536 56 24 The'
138 2536 137 24 resolutions
285 2543 60 16 were
356 2536 81 25 moved
456 2536 46 25 and
519 2538 113 24 seconded

40 2569 33 32 by
83 2569 61 25 Rev.
156 2569 99 24 Messrs.
268 2569 143 25 Macfarlane
423 2570 45 24 and
478 2570 96 31 Aldred,
586 2572 46 23 and

40 2603 33 32 by
83 2603 98 24 Messrs:
201 2602 73 30 Rout,
294 2602 117 33 Harding,
432 2604 93 31 Strang,
548 2605 82 30 Wade,

41 2635 137 25 and'Waitt;
224 2636 52 24 The
293 2637 102 31 meeting
406 2645 45 16 was
465 2638 125 25 concluded
600 2639 32 31 by

40 2670 92 31 singing
144 2669 44 24 aad
199 2669 38 24 the
246 2670 153 25 benediction.
429 2671 25 24 A
461 2671 113 25 hallowed
586 2673 44 23 and

40 2703 84 24 devout
131 2702 96 32 lieeling
240 2703 120 32 -pervaded
379 2703 39 25 the
434 2705 134 31 .assembly^
587 2706 45 23 and

39 2744 72 24 many,
120 2736 67 24 could
204 2745 41 23 say
388 2738 20 23 it
419 2738 20 23 is
450 2738 60 31 good
515 2739 42 27 .for
567 2748 29 15 us
609 2743 22 20 to

38 2769 30 25 be
174 2773 4 5 '
203 2769 51 25 The
278 2770 132 24 collections
428 2776 94 19 amount
537 2777 23 19 to
575 2773 56 24 £12

40 2803 37 26 7s.
89 2795 3 11 1
162 2800 18 31 :;
207 2817 4 7 .
240 2796 5 8 L
283 2813 6 17 i
312 2798 4 31 :
449 2818 11 12 -.

35 88 8 23 /»
