3290 4290
83 144 223 37 Visitors'
331 144 123 37 List.

173 220 70 23 Lake
261 220 94 23 House.

53 257 46 20 Rev.
108 257 32 19 Mr
148 257 36 18 .-vml
194 257 40 19 Mrs
242 256 48 19 Bare
297 254 38 23 (tod
342 253 57 23 child,

50 281 41 18 aira
100 279 37 20 and
146 280 46 19 Miss
200 278 63 23 Tibbs,
273 277 97 19 Auckland

51 305 47 17 ?>iiss
107 303 70 19 Bertha
186 300 118 23 JJitokelson,
317 299 97 21 Auofclanti

99 327 54 18 Olive
159 326 27 19 M.
195 326 55 22 Tilly,
261 325 97 17 Auckland

52 350 32 19 Mr
90 350 20 19 J.
120 349 70 22 Bottor,
201 346 99 20 Auckland

87 373 68 19 Ernest
163 372 63 21 Davis,
254 383 11 8 ~

87 398 45 18 Goo.
141 395 80 23 Harper,
230 393 83 18 Toronto
313 393 5 9 1

86 419 29 19 W.
123 419 23 18 R.
155 418 105 22 Mowbray,
270 414 99 20 Auckland

87 443 22 16 R.
119 442 23 17 E.
151 440 69 22 Isaacs,
230 440 99 19 Auckland

87 465 85 20 William,
177 464 110 20 Buchanan,
297 460 100 21 Auckland

85 487 52 19 John
146 488 77 19 Dennis,
233 483 99 21 Auckland

86 513 23 18 A.
118 513 23 16 B.
151 512 89 17 Graham,
250 510 28 18 St.
287 508 67 20 John's
363 507 40 20 Col,
414 505 72 20 Auck'd

86 534 81 20 Earnest
171 532 58 23 -Caro,
240 532 98 20 Auckland

85 558 23 19 B.
115 559 64 19 Davis,
189 556 100 19 Auckland

84 581 30 19 W.
124 582 21 18 C.
154 579 82 21 Hunter,
246 577 100 19 Auckland

155 604 107 21 Boscayen,
273 600 99 19 Auckland

85 626 78 23 BlaiKiO,
177 625 99 19 Auckland

85 651 80 18 French,
175 647 87 19 Aucland

85 673 96 23 Longdill,
191 669 101 20 Auckland

86 697 126 21 Kensingron,
223 692 100 20 Auckland

85 721 58 18 Itfuur,
152 719 118 21 Wellington

50 743 130 23 Borgt-major
187 741 59 23 Boyle
257 739 84 24 Torpedo
350 743 53 19 Corps

164 784 116 23 Rotorua
294 782 85 22 Hotel.

50 819 32 19 Mi'
90 818 38 19 and
136 820 40 17 Mrs
184 819 23 16 E.
217 818 28 17 W.
256 816 102 21 Robinson,
372 814 78 20 Galatea

178 841 76 22 Pilling,
265 838 25 19 To
304 839 53 17 Puke

85 866 61 23 Hugh
153 864 88 20 Wallace,
252 862 99 18 Auckland

86 887 86 22 Stewart!
183 886 99 19 Auckland

85 914 61 21 Davy,
156 910 100 19 Auckland

84 936 19 16 .T.
113 936 22 16 P.
144 934 69 23 Birley,
226 931 99 19 Auckland

84 959 53 17 John
144 957 87 21 Dalstbn,
240 956 84 17 Victoria

85 981 22 18 P.
116 982 19 17 J.
145 980 86 20 O'Brien,
241 978 86 23 Bendigo
364 978 3 23 •

85 1006 23 16 G.
118 1003 106 19 Mansfield.
238 999 106 26 'W'iiugiuiui

85 1028 48 17 Paul
142 1027 60 17 Hane,
213 1025 77 18 RheiinS

85 1166 53 17 Jules
146 1165 71 17 Lucien
225 1163 77 20 Jamiez,
312 1163 71 17 France

85 1233 102 23 Brent's
204 1231 130 28 Bathgate
351 1228 97 24 House.

49 1263 41 18 Mrs
99 1263 86 20 Duncan,
195 1261 81 22 Nelson'

49 1288 32 16 air
90 1287 20 17 C.
120 1286 18 18 S.
149 1286 71 19 Moore,
232 1283 77 24 Sydney

85 1310 37 17 and
131 1309 40 17 Mrs
180 1307 89 21 Oldham,
280 1305 99 19 Hamilton

84 1332 119 18 Wainhouse,
213 1330 71 18 Nelson

84 1356 18 17 J.
112 1356 29 16 W.
151 1354 67 19 Gower
227 1352 111 19 Manawatu

86 1378 57 21 Hurt,
152 1375 116 24 Wellington

162 1419 53 22 The
227 1417 143 29 Langham.

49 1454 41 16 Mrs
97 1453 19 17 J.
126 1451 23 17 A.
159 1450 77 20 Wilson,
246 1449 111 22 Auckland,

46 1476 49 18 Miss
104 1474 72 24 Henry,
185 1473 80 18 Tlnnnes

64 1495 2 24 :
74 1495 3 24 '
88 1498 125 21 juirt-Master
222 1496 55 20 Muir,
288 1495 97 17 Thames'..-

49 1520 32 20 Mr
90 1522 22 17 A.
121 1520 114 20 McDonald,
245 1517 101 19 Auckland

83 1542 134 21 M;tcPH'erson,
227 1541 101 18 Auckland
338 1545 8 19 J

84 1569 67 21 Keyes,
159 1565 101 20 -Auekland

64 1600 11 4 -
83 1591 70 20 S'niitl>,
161 1589 101 19 Auckland
293 1589 3 22 -
304 1589 10 22 '.
366 1589 9 22 •,
382 1593 12 13 ;-■

85 1615 71 19 Carter,
166 1611 100 19 Auckland
340 1612 44 25 ".:'..,

69 1634 2 26 '
84 1637 79 23 Speedy,
177 1634 53 19 1-iutt
302 1634 2 26 '
345 1634 4 26 '

41 1675 27 6 ~...
79 1658 193 23 .inulMrs.Eox.jind
281 1656 129 23 eluld.Otago

41 1682 17 13 -'
66 1681 3 24 '
84 1682 107 23 H'.'-Mulyc,
201 1681 104 18 Miranda-
347 1693 14 7 ...

86 1708 23 16 D.
120 1702 83 27 SiKi'JsiQf,
213 1705 101 17 AuiJdand

151 1746 137 22 Tarawera
300 1741 89 24 Mouse

49 1777 18 25 il
67 1776 2 27 :
68 1776 33 26 cv.'
101 1776 2 27 r
105 1784 23 16 E.
136 1778 23 22 Ui
175 1781 76 22 temple
269 1780 85 20 Candler,
364 1776 2 27 .
377 1778 106 22 Stockport,

121 1804 89 26 England

50 1830 31 19 Mr
90 1830 22 18 E.
120 1829 83 22 Wright,
214 1825 93 23 Sheffield,
319 1825 91 24 England

85 1854 80 21 Harper,
177 1850 75 23 Sydney

43 1875 132 19 •r--Garland.
187 1874 88 17 Waikato

968 2515 57 21 THE
1044 2515 57 21 HOT
1120 2515 94 21 LAKES
1233 2515 170 21 CHRONICLE

968 2552 435 13 AND

1071 2581 107 21 Tourists'
1198 2581 103 25 Journal.

1091 2649 51 14 fact
1151 2644 11 19 I
1172 2649 53 14 will

1015 2695 171 21 WEDNESDAY,
1198 2696 68 17 JUNE
1280 2697 16 19 5,
1308 2696 50 17 1895.

969 2747 24 19 It
1008 2752 19 13 is
1045 2752 24 14 or
1073 2746 21 24 ly
1115 2745 82 19 natural
1214 2745 45 19 that
1282 2752 30 12 wo
1333 2746 72 19 should

969 2773 66 19 ■watch
1053 2772 49 19 with
1118 2778 55 13 some
1189 2771 76 25 degree
1284 2772 22 19 of
1322 2772 83 20 interest

969 2799 35 19 the
1021 2798 114 26 operations
1151 2797 67 20 which
1235 2804 34 13 are
1285 2800 22 17 at
1326 2801 79 22 present

970 2825 63 25 being
1041 2824 119 26 prosecuted
1170 2830 50 13 near
1232 2824 52 19 New
1295 2824 110 24 Plymouth

969 2853 21 17 to
1014 2851 84 25 develop
1118 2851 34 18 the
1170 2850 87 19 mineral
1276 2850 27 19 oil
1325 2851 80 25 springs

970 2877 67 20 which
1046 2877 33 18 for
1088 2883 58 19 years
1155 2877 46 24 past
1211 2876 52 19 have
1270 2876 52 19 been
1331 2876 74 20 known

970 2906 20 16 to
1001 2904 52 18 exist
1063 2903 64 19 there.
1164 2901 62 20 From
1241 2902 35 19 the
1291 2905 79 22 reports
1385 2906 20 16 to

971 2930 54 18 hand
1050 2930 17 18 it
1091 2928 66 19 would
1180 2934 76 19 appear
1281 2928 45 19 that
1352 2929 52 20 after

971 2962 108 13 numerous
1092 2954 58 19 futile
1167 2954 70 19 efforts
1253 2956 21 17 to
1288 2954 90 20 discover
1394 2963 11 12 a

970 2982 88 24 payable
1068 2982 27 18 oil
1107 2980 45 19 well
1163 2980 35 19 the
1215 2980 102 19 exertions
1334 2981 22 18 of
1371 2982 34 19 the

970 3008 103 19 Taranaki
1095 3007 71 25 people
1190 3012 33 13 are
1247 3006 63 19 about
1332 3008 20 17 to
1380 3008 25 19 be

970 3034 93 19 crowned
1074 3033 48 19 with
1133 3038 83 13 success.
1244 3032 71 19 Latest
1326 3033 79 20 advices

970 3060 52 19 from
1032 3059 95 20 Moturoa
1137 3059 53 19 show
1199 3058 45 19 that
1251 3058 35 19 the
1294 3058 46 20 well
1347 3060 58 19 there

970 3086 18 19 is
997 3086 92 25 yielding
1098 3086 52 18 from
1162 3086 58 21 1,200
1231 3087 20 16 to
1262 3086 57 21 1,600
1327 3086 78 24 gallons

969 3119 37 19 per
1016 3112 63 24 week,
1090 3112 41 19 and
1140 3111 38 19 but
1192 3111 32 19 for
1239 3111 35 19 the
1291 3111 114 20 admixture

971 3139 21 19 of
1002 3141 62 16 water
1074 3137 68 20 would
1151 3137 25 19 be
1186 3137 142 25 considerably
1342 3144 63 14 more.

971 3165 91 19 Another
1073 3164 46 19 bore
1129 3164 18 19 is
1156 3165 20 17 to
1194 3163 25 19 be
1234 3165 38 23 put
1285 3163 59 20 down,
1366 3164 38 19 far'

971 3191 45 19 ther
1025 3190 71 19 inland
1105 3190 53 19 from
1167 3189 67 20 which
1242 3189 16 19 it
1278 3190 17 18 is
1309 3190 96 25 expected

971 3217 45 19 that
1025 3216 28 20 oil
1063 3217 21 18 of
1102 3222 12 12 a
1125 3218 81 23 greater
1226 3216 79 25 specific
1324 3216 81 25 gravity

971 3243 42 19 will
1022 3243 26 19 be
1058 3242 102 19 obtained.
1188 3241 50 19 This
1256 3248 84 17 success,
1361 3248 37 19 par
1401 3241 3 26 l

970 3269 38 19 tial
1017 3269 79 24 though
1110 3268 16 18 it
1136 3268 16 18 is
1163 3269 22 17 at
1195 3270 88 22 prosent,
1294 3268 74 19 should
1378 3268 27 19 fix

971 3295 34 19 the
1016 3295 99 19 attention
1124 3294 22 18 of
1155 3294 100 18 residents
1264 3294 22 18 in
1295 3294 41 19 this
1345 3294 50 19 local-

971 3321 30 24 ity
1010 3328 22 12 as
1042 3323 21 17 to
1073 3321 34 19 the
1117 3318 115 27 possibility
1242 3321 21 18 of
1281 3320 94 25 working
1385 3321 20 19 in

971 3347 34 19 the
1015 3347 117 19 immediate
1141 3349 69 16 future
1221 3346 34 19 the
1273 3346 28 19 oil
1316 3346 89 26 deposits

971 3373 66 19 which
1047 3380 34 12 are
1090 3372 74 19 known
1174 3375 20 16 to
1213 3372 52 19 exist
1284 3372 22 19 in
1324 3373 81 19 various

970 3402 57 22 parts
1037 3400 21 19 of
1068 3399 34 20 the
1112 3398 84 19 district.
1225 3398 40 19 We
1279 3398 65 20 admit
1361 3398 44 20 that

970 3426 55 19 what
1035 3432 41 13 was
1084 3426 52 18 done
1149 3424 27 24 by
1194 3424 35 19 the
1374 3424 31 20 Oil

971 3452 40 19 and
1020 3451 88 19 Mineral
1124 3450 105 24 Company
1243 3450 22 19 in
1275 3451 34 19 the
1325 3457 44 17 way
1385 3452 20 18 of

970 3478 142 25 development
1125 3476 17 19 is
1157 3479 35 16 not
1208 3476 113 19 calculated
1339 3479 20 16 to
1375 3477 19 19 in-

971 3504 52 25 spire
1042 3503 72 25 people
1129 3502 49 19 with
1197 3502 114 19 confidence
1329 3503 21 18 in
1366 3508 39 20 aay

970 3530 78 25 project
1058 3530 21 18 of
1089 3535 12 13 a
1117 3528 77 19 similar
1210 3531 79 16 nature.
1326 3528 21 19 It
1365 3535 40 13 was

970 3556 28 19 all
1028 3561 41 20 pay
1103 3555 41 19 and
1152 3561 26 12 no
1190 3554 119 25 equivalent
1322 3555 32 18 for
1369 3555 35 19 the

971 3582 75 24 outlay.
1081 3582 41 18 But
1139 3581 35 18 the
1190 3580 63 25 sharp
1269 3580 98 26 practices
1385 3581 20 18 of

970 3607 124 20 individuals
1103 3607 48 19 does
1159 3608 36 18 not
1205 3606 67 20 lessen
1282 3613 37 13 our
1335 3606 66 20 know,

970 3633 59 26 ledge
1039 3634 23 19 of
1074 3633 34 19 the
1122 3633 102 19 existence
1241 3634 21 18 of
1280 3633 27 19 oil
1324 3632 81 26 springs

969 3659 55 20 here.
1052 3659 22 20 It
1082 3659 48 25 only
1138 3659 68 24 points
1219 3660 19 17 to
1248 3659 35 19 the
1293 3658 101 20 desirable-

969 3692 46 13 ness
1025 3685 21 20 of
1056 3685 73 25 taking
1138 3685 34 19 the
1182 3685 44 18 first
1245 3687 56 22 steps
1316 3685 88 19 towards

969 3711 54 20 their
1029 3709 291 27 developmentourselrosand
1331 3713 19 16 to
1357 3710 47 19 look

970 3737 31 20 for
1011 3737 78 20 outside
1102 3736 74 26 capital
1183 3735 125 21 afterwards.
1324 3736 78 25 Boring

970 3763 114 26 operations
1094 3769 34 13 are
1141 3764 35 18 not
1191 3768 22 13 so
1232 3762 108 25 expensive
1360 3768 44 14 now

970 3796 22 12 as
1001 3790 22 18 in
1032 3790 50 24 days
1093 3795 51 20 gone
1154 3790 51 23 past,
1218 3788 39 19 and
1269 3794 28 13 wo
1307 3794 35 13 are
1357 3794 36 13 con-

969 3816 72 19 vinced
1055 3815 45 19 that
1115 3815 58 19 there
1189 3815 17 18 is
1222 3814 99 19 suifirjient
1338 3817 55 16 enter-

969 3841 54 25 prise
1032 3842 49 18 here
1091 3843 21 17 to
1121 3842 38 23 put
1165 3840 35 19 the
1210 3843 74 16 matter
1294 3842 20 17 to
1329 3846 12 12 a
1357 3842 46 17 test.

969 3867 29 19 As
1008 3873 26 13 an
1044 3866 111 20 additional
1165 3866 86 24 impulse
1262 3869 20 16 to
1294 3866 47 18 take
1349 3872 54 13 some

969 3895 55 23 steps
1034 3893 21 19 in
1065 3892 35 19 the
1109 3892 95 24 required
1213 3892 98 19 direction
1323 3892 16 18 it
1358 3898 46 18 may

969 3919 26 20 be
1004 3918 84 26 pointed
1097 3920 35 17 out
1149 3918 45 19 that
1208 3918 90 24 recently
1314 3923 12 13 a
1343 3918 61 24 sharp

968 3946 40 19 rise
1018 3945 37 19 has
1065 3944 60 19 taken
1145 3944 57 24 place
1218 3943 22 19 in
1256 3944 35 18 the
1307 3944 54 24 price
1380 3944 21 18 of

969 3972 103 19 kerosene.
1100 3969 49 20 This
1173 3969 38 18 has
1227 3970 41 22 not,
1288 3975 22 12 as
1329 3970 22 18 in
1369 3969 34 19 the

969 4004 44 13 case
1023 3998 21 19 of
1057 4003 62 18 many
1133 3996 59 19 other
1208 3995 80 19 articles
1309 3995 21 19 in
1348 3994 56 25 daily

969 4029 40 18 use,
1023 4023 53 20 been
1085 4022 39 19 due
1134 4024 21 17 to
1165 4022 34 18 the
1209 4020 160 26 manipulations
1383 4021 21 19 of

968 4055 13 14 a
1011 4050 47 24 ring
1091 4049 21 18 of
1121 4047 118 26 capitalists,
1251 4047 38 19 but
1306 4048 17 18 is
1340 4047 64 24 solely

968 4076 68 25 owing
1053 4077 21 17 to
1092 4074 35 20 the
1143 4074 42 19 fact
1201 4073 46 19 that
1265 4073 35 19 the
1321 4073 81 25 supply,

968 4101 80 25 though
1056 4103 22 17 at
1088 4107 38 13 one
1135 4100 49 19 time
1194 4099 80 26 greatly
1294 4099 22 19 in
1335 4105 68 13 excess

1424 126 21 18 of
1455 126 35 18 the
1500 126 93 19 demand,
1607 127 18 18 is
1633 132 46 13 now
1689 125 61 20 much
1759 125 66 19 below
1839 126 22 18 it.

1423 152 45 17 The
1477 154 73 22 output
1560 152 21 18 of
1598 152 35 19 the
1650 152 109 19 American
1776 151 86 18 oilfields

1423 177 38 18 has
1484 177 92 19 declined
1593 184 56 12 more
1667 178 51 18 than
1740 177 122 18 one-fourth

1424 202 76 25 during
1510 203 35 18 the
1558 206 47 22 past
1621 210 55 18 year,
1699 203 40 18 and
1756 203 17 18 if
1783 203 79 18 fortune

1425 225 71 22 attend
1512 229 34 18 the
1563 228 55 19 work
1628 235 44 13 now
1693 229 62 24 being
1772 228 52 19 done
1843 232 19 15 at

1425 254 52 19 .New
1486 254 116 25 Plymouth,
1615 255 40 19 and
1670 255 35 19 the
1715 254 71 19 efforts
1796 254 65 19 which

1425 286 30 12 we
1474 282 53 17 trust
1546 281 41 19 will
1604 281 26 19 ho
1643 281 59 19 made
1713 281 54 21 here,
1779 287 12 12 a
1810 281 52 24 good

1425 305 80 19 market
1515 307 32 17 for
1560 307 34 18 the
1604 307 85 24 product
1699 307 17 17 is
1724 306 89 22 assured,
1823 306 39 19 and

1426 338 12 12 a
1448 338 44 12 new
1502 338 70 13 source
1582 332 22 19 of
1613 333 76 18 wealth
1699 333 79 24 opened
1788 335 35 15 out
1831 332 31 18 for

1425 357 35 19 the
1470 357 83 24 Colony.

1426 412 46 16 Last
1481 411 50 18 week
1540 418 28 10 wo
1578 413 78 21 pointed
1672 414 34 16 out
1723 413 32 17 the
1770 413 92 22 neocssity

1425 434 63 22 which
1497 435 57 16 exists
1562 437 19 14 of
1590 435 111 24 instituting
1708 442 11 11 a
1725 435 138 24 townddlivery

1426 458 19 17 of
1454 458 64 17 letters
1527 458 19 16 in
1555 458 47 17 view
1611 459 21 17 of
1640 460 32 16 the
1681 459 39 17 fact
1729 458 42 18 tkat
1787 459 52 18 what
1847 460 15 17 i:;

1426 481 123 17 tantamount
1557 482 19 16 to
1585 488 11 10 u
1605 481 52 23 daily
1677 482 45 17 mail
1742 482 69 18 service
1831 482 33 18 has

1425 504 48 17 been
1481 504 114 17 established
1604 505 49 18 hero.
1684 505 59 22 Many
1760 507 104 16 townsmen

1425 527 48 16 have
1482 528 99 21 expressed
1589 528 50 17 their
1647 529 91 21 approval
1744 528 20 18 of
1771 528 37 19 this
1817 535 34 17 sug-

1425 550 80 22 gestion,
1515 550 44 19 and,
1569 551 102 23 according
1679 553 20 15 to
1708 558 11 10 a
1727 552 61 17 notice
1801 552 20 17 in
1830 558 22 11 an-

1426 573 55 17 other
1489 573 81 19 column,
1580 580 11 10 a
1604 575 83 22 meeting
1696 575 33 17 has
1745 575 48 17 been
1805 575 59 17 called

1426 596 29 17 for
1464 596 70 22 Friday
1542 597 57 22 night
1607 597 19 17 in
1639 594 55 21 order
1708 599 19 16 to
1744 598 71 17 discuss
1832 598 32 17 the

1426 625 44 16 pros
1478 620 38 16 and
1524 625 45 12 cons
1578 621 20 16 of
1605 621 46 16 such
1665 627 10 11 a
1692 627 70 11 course.
1800 621 64 18 Under

1425 642 33 17 the
1466 642 32 17 old
1506 644 71 21 system
1585 643 17 17 it
1609 648 39 13 was
1664 648 46 18 Very
1727 646 105 20 iiOccssary,
1844 645 20 16 to

1426 671 43 11 save
1478 665 61 23 delay,
1551 666 42 17 that
1602 666 64 19 letters
1673 667 69 18 should
1747 667 24 17 be
1776 667 88 17 obtained

1426 695 24 10 on
1454 689 32 16 the
1490 689 55 23 night
1550 690 19 16 of
1572 689 75 20 arrival,
1656 690 33 17 hut
1692 691 77 16 thenew
1772 696 79 16 arrange-

1425 713 52 15 ment
1485 712 35 17 has
1528 712 71 17 altered
1606 714 81 19 all,thin.
1702 712 162 23 Correspondence

1426 735 84 22 arriving
1519 740 24 12 on
1552 736 84 22 Monday
1645 737 56 21 night
1711 736 37 17 will
1759 735 23 18 bo
1795 736 21 16 in
1833 736 31 16 the

1425 758 60 17 hands
1495 759 20 16 of
1523 759 32 17 the
1564 759 97 18 addressee
1669 765 25 11 on
1702 759 86 22 Tuesday
1799 764 52 12 morn-

1426 781 40 23 ing,
1476 787 34 17 per
1518 781 61 23 postal
1588 782 89 22 delivery,
1688 788 34 11 can
1732 781 23 18 be
1769 780 95 18 answered

1426 804 70 24 during
1503 805 31 17 the
1543 805 43 22 day.
1597 805 37 17 and
1647 805 32 17 the
1692 805 54 22 reply
1755 805 38 17 will
1810 805 54 16 reach

1426 827 99 18 Auckland
1539 834 23 10 on
1577 828 118 21 Wednesday
1708 828 81 21 evening
1802 826 61 18 which

1426 851 16 16 is
1451 851 62 22 surely
1523 851 69 22 speedy
1600 851 76 25 onough
1685 851 30 16 for
1724 849 88 23 ordinary
1819 856 34 16 pur-

1427 879 60 17 poses.
1513 874 101 22 Tuesday's
1623 874 45 17 mail
1683 874 37 16 will
1734 874 23 17 be
1771 874 93 16 delivered

1426 903 25 11 on
1468 896 117 21 Wednesday
1602 896 38 17 and
1663 896 66 23 replies
1750 903 35 11 can
1809 897 55 17 reach

1427 919 98 17 Auckland
1534 925 23 11 on
1567 919 98 23 Thursday
1675 921 104 17 afternoon,
1790 918 38 18 and
1842 926 21 11 so

1428 949 30 10 on.
1484 943 38 16 The
1531 943 125 16 continuance
1665 943 19 16 of
1693 943 31 16 the
1733 945 76 20 present
1824 949 29 16 sys-

1428 968 37 14 tem
1476 966 37 16 will
1523 966 70 21 impose
1607 972 24 10 an
1640 966 68 17 almost
1717 966 76 23 nightly
1802 968 51 15 atten-

1428 987 57 18 dance
1494 990 21 15 at
1523 989 32 16 the
1564 987 46 18 Post
1619 988 57 19 Office
1685 989 26 22 by
1719 989 32 18 the
1760 990 82 20 officials,
1853 996 11 11 a

1427 1011 91 23 hardship
1538 1011 61 18 which
1622 1012 33 17 the
1671 1012 64 23 public
1751 1013 16 16 is
1783 1013 81 23 scarcely

1426 1034 85 22 justified
1519 1034 19 17 in
1547 1034 100 24 inflicting.
1673 1037 78 15 Owners
1760 1036 19 17 of
1792 1036 72 22 private

1426 1055 58 19 boxes
1494 1057 68 19 would,
1572 1063 28 12 we
1609 1063 86 18 presume
1706 1059 48 17 have
1769 1059 32 17 tin;
1814 1065 50 11 same

1426 1080 91 23 privilege
1526 1087 20 10 as
1555 1081 15 17 is
1578 1082 97 16 conferred
1684 1088 24 10 on
1717 1082 51 16 them
1778 1083 19 15 in
1811 1083 53 17 other

1428 1105 71 16 centres
1517 1104 19 17 of
1552 1103 117 24 population,
1687 1105 42 18 viz.,
1748 1105 31 17 the
1793 1103 60 20 advan-

1427 1128 44 21 tage
1484 1127 20 17 of
1521 1126 100 24 obtaining
1635 1128 49 17 their
1701 1128 70 21 letters,
1788 1128 16 17 if
1820 1129 44 21 they

1427 1150 67 17 choose
1503 1151 19 17 to
1528 1150 24 17 do
1562 1156 25 12 so.
1598 1157 23 11 on
1632 1151 31 17 the
1672 1151 56 22 night
1738 1152 19 16 of
1766 1151 74 19 arrival.

1616 1181 40 15 —♦

1430 1203 22 18 tx
1461 1204 47 17 view
1517 1205 21 17 of
1546 1206 32 16 the
1588 1205 38 18 fact
1636 1206 43 17 that
1687 1206 25 17 all
1722 1206 31 17 the
1767 1206 97 23 froutages

1427 1227 20 17 of
1455 1225 106 20 Tutanekai
1571 1230 58 16 street
1637 1235 31 11 are
1677 1234 43 12 now
1728 1228 68 23 loosed,
1803 1230 51 21 appli-

1427 1250 63 17 cation
1499 1251 33 17 has
1541 1251 45 18 been
1598 1252 53 17 made
1660 1255 20 14 to
1689 1252 31 18 the
1738 1252 126 18 Government

1428 1275 19 15 to
1456 1273 57 24 bring
1526 1281 11 10 a
1553 1275 119 18 water-main
1689 1275 59 23 along
1764 1276 42 17 that
1821 1276 33 17 tho-

1427 1297 102 22 roughfare
1538 1297 61 19 which
1609 1298 42 18 bids
1660 1299 43 17 well
1712 1300 19 17 to
1741 1302 75 15 bocOmo
1833 1299 31 18 the

1427 1320 51 17 main
1487 1321 63 22 artery
1560 1322 20 16 of
1596 1322 30 16 the
1640 1323 58 16 town.
1732 1323 19 16 It
1767 1323 34 16 has
1818 1322 46 18 been

1427 1343 102 23 suggested
1550 1344 42 17 that
1612 1345 33 16 the
1661 1346 75 22 present
1762 1346 30 16 .Sin
1816 1346 48 17 main

1427 1365 68 18 should
1504 1366 23 17 he
1536 1368 68 22 tapped
1614 1367 26 23 by
1651 1375 10 10 a.
1675 1370 10 15 ;)
1699 1375 21 10 or
1736 1369 31 16 -Jin
1784 1368 43 23 pipe
1846 1370 18 15 in

1427 1389 74 19 Fenton
1510 1392 63 19 street,
1584 1393 20 15 at
1611 1391 34 17 the
1652 1391 120 18 intersection
1779 1393 20 15 of
1804 1391 50 18 Hirie-

1427 1419 43 11 moa.
1478 1415 63 17 street,
1551 1414 37 17 and
1598 1415 48 17 from
1656 1415 66 17 thence
1731 1415 25 22 by
1769 1415 31 17 the
1809 1415 55 17 latter

1427 1437 19 16 to
1456 1436 104 17 Tutanekai
1572 1439 63 18 street,
1645 1438 38 17 and
1692 1438 56 23 again
1765 1438 64 22 joined
1846 1442 18 14 to

1428 1459 31 17 tin'
1466 1460 50 16 main
1522 1462 20 15 at
1548 1461 68 16 Arawa
1625 1463 62 15 street.
1713 1462 50 19 This,
1772 1462 92 20 however,

1427 1483 62 15 would
1499 1483 45 22 only
1553 1483 98 19 reticulate
1664 1491 11 10 a
1683 1485 53 17 small
1755 1485 75 22 portion
1846 1486 18 16 of

1426 1505 33 17 the
1468 1507 58 16 street
1534 1507 19 16 in
1562 1507 93 22 question.
1673 1508 39 16 The
1720 1513 70 18 proper
1794 1514 70 15 course,

1427 1528 19 17 in
1456 1535 34 10 our
1499 1530 82 22 opinion,
1592 1531 63 16 would
1663 1528 23 20 be
1695 1533 20 16 to
1724 1533 33 21 tap
1774 1531 32 17 the
1815 1531 49 18 main

1427 1557 20 12 as
1456 1552 15 16 it
1480 1558 70 12 crosses
1558 1554 86 16 Amohau
1663 1556 57 15 street
1736 1555 38 16 and
1790 1554 57 23 bring
1854 1561 10 11 a

1427 1575 31 16 4in
1464 1575 43 22 pipe
1517 1576 40 16 into
1574 1577 105 17 Tutanekai
1699 1578 58 17 street
1777 1578 25 22 by
1823 1578 41 17 that

1427 1600 60 15 route.
1513 1599 44 17 This
1565 1600 63 17 would
1637 1601 56 17 allow
1708 1601 18 17 of
1736 1601 31 17 the
1784 1601 80 17 erection

1428 1622 20 16 of
1457 1627 11 11 a
1474 1622 55 17 horse
1538 1623 70 22 trough
1617 1629 46 12 near
1671 1624 32 17 the
1720 1624 77 22 railway
1814 1625 50 21 gate,

1428 1645 61 17 which
1498 1645 62 17 would
1569 1646 23 16 be
1601 1646 19 17 in
1629 1652 55 12 everv
1694 1653 41 11 way
1745 1647 96 17 desirable.

1441 1699 103 24 LOCAL
1558 1701 96 23 NEWS
1664 1700 71 24 AND
1751 1700 106 25 NOTES

1452 1763 39 17 The
1501 1763 117 18 CIIKOXICLK
1627 1765 38 17 will
1674 1765 18 17 in
1703 1766 63 16 future
1779 1766 23 16 be
1817 1766 36 23 pub-

1429 1790 60 18 lished
1498 1792 20 15 at
1527 1791 41 17 2.50
1577 1791 72 19 o'clock
1654 1798 25 12 on
1683 1792 119 23 Wednesday
1807 1793 49 18 after-

1429 1823 65 12 noons.
1520 1818 119 18 Advertisers
1648 1820 37 17 will
1694 1820 63 22 please
1766 1823 44 14 note
1824 1821 41 17 that

1427 1844 50 18 their
1485 1848 160 16 announcements
1659 1849 51 15 must
1722 1848 23 16 be
1759 1848 73 17 handed
1846 1849 19 16 in

1427 1872 26 23 by
1465 1873 20 16 10
1494 1877 44 13 a.m.
1548 1874 19 16 to
1576 1879 66 11 ensure
1652 1874 95 18 insertion.

1451 1904 84 24 Monday
1553 1905 36 17 will
1603 1906 22 15 be
1644 1905 32 19 the
1696 1907 54 17 ninth
1768 1907 87 18 annivers-

1428 1933 33 17 ary
1471 1929 20 15 of
1499 1928 32 17 the
1539 1928 96 17 Tarawer.i
1647 1929 104 18 out-burst.

1450 1959 39 18 The
1498 1960 45 17 Rev.
1553 1959 77 24 Temple
1639 1960 81 18 Candler
1729 1963 19 15 of
1757 1961 107 24 Stockport,

1427 1982 96 24 England,
1533 1983 105 18 conducted
1651 1984 33 17 the
1701 1985 80 22 evening
1797 1985 68 18 service

1427 2006 18 16 in
1455 2006 32 16 the
1496 2006 93 21 Anglican
1597 2007 70 17 church
1677 2012 24 12 on
1716 2008 82 23 Sunday.
1836 2009 29 16 He

1428 2029 37 16 will
1475 2029 79 17 officiate
1563 2031 56 21 again
1628 2033 46 15 next
1688 2030 83 24 Sunday.

1451 2061 100 17 Constable
1561 2063 108 22 Cavanagh,
1681 2064 41 16 who
1736 2064 34 15 has
1777 2064 47 17 been
1840 2069 25 12 on

1427 2084 48 22 duty
1483 2085 20 16 in
1511 2085 32 16 the
1553 2085 88 17 Urewera
1647 2088 80 20 country
1734 2087 45 16 with
1788 2087 66 22 Inspec-

1428 2109 30 15 tor
1465 2107 97 19 Emerson,
1573 2108 15 17 is
1597 2109 65 21 acting
1671 2110 68 21 locally
1749 2110 69 20 during
1833 2110 32 18 the

1427 2130 79 17 absence
1515 2132 19 16 of
1543 2131 101 18 Constable
1653 2133 86 21 Murray.

1451 2159 38 17 The
1498 2160 48 17 total
1555 2159 76 18 rainfall
1640 2159 89 19 recorded
1734 2163 21 16 at
1763 2162 32 17 tho
1805 2161 48 18 Sana-

1427 2183 69 16 torium
1506 2183 25 22 by
1539 2183 33 17 Dr.
1587 2184 79 17 Ginders
1676 2186 30 15 for
1722 2185 32 16 the
1771 2185 66 17 month
1846 2186 19 16 of

1427 2206 46 21 May
1482 2206 102 18 amounted
1593 2208 19 16 to
1624 2208 82 17 l.WSin.
1740 2208 19 17 It
1768 2208 64 18 rained
1841 2214 24 11 on

1430 2230 19 16 10
1458 2229 47 23 days
1513 2230 38 16 and
1559 2230 33 17 the
1606 2231 104 17 maximum
1727 2231 33 17 fall
1778 2232 86 16 occurred

1427 2258 25 11 on
1460 2252 32 17 the
1502 2252 42 18 2nd.
1555 2253 54 18 when
1618 2255 41 16 S-80
1666 2254 64 17 inches
1744 2254 39 18 fell.

1452 2284 39 17 The
1499 2285 46 17 Rev.
1553 2286 23 17 R.
1586 2286 47 17 Ban-
1642 2287 20 16 of
1677 2286 81 18 Waiuku
1772 2287 93 22 preached

1428 2308 87 22 morning
1524 2309 36 16 and
1571 2309 80 23 evening
1659 2310 20 16 in
1688 2310 32 17 the
1732 2311 133 21 Presbyterian

1430 2331 75 18 Church
1514 2338 24 10 on
1548 2332 77 22 Sunday
1635 2333 42 17 last,
1712 2333 31 17 Mr
1759 2334 48 17 Parr
1815 2333 48 21 who.

1428 2354 44 17 With
1485 2355 28 17 his
1522 2355 48 18 wife,
1581 2356 15 16 is
1605 2356 77 22 staying
1691 2358 19 15 at
1727 2357 51 16 Lake
1793 2356 70 22 House,

1428 2378 38 16 will
1473 2378 23 16 be
1505 2379 43 16 here
1557 2379 30 17 for
1595 2386 11 10 a
1616 2380 50 16 week
1675 2386 21 11 or
1705 2382 43 15 two.

1452 2405 57 22 Petty
1526 2406 58 17 thefts
1603 2406 20 17 of
1647 2407 74 17 various
1743 2408 122 22 descriptions

1428 2428 47 17 have
1484 2429 56 17 taken
1550 2429 52 23 place
1611 2430 19 16 in
1639 2430 38 17 and
1693 2431 59 17 about
1766 2431 31 17 the
1814 2433 51 15 town

1428 2452 84 22 recently
1520 2453 37 16 and
1567 2455 37 15 two
1614 2459 21 11 or
1643 2453 52 18 three
1705 2455 20 16 of
1733 2454 32 17 the
1771 2454 50 17 hotel
1828 2455 37 17 and

1427 2475 128 22 storekeepers
1564 2482 30 10 are
1604 2477 77 20 moving
1690 2477 19 16 in
1719 2478 31 16 the
1764 2480 69 15 matter
1846 2479 19 16 of

1428 2499 113 22 appointing
1546 2506 11 10 a
1566 2500 46 22 nigh
1616 2500 111 17 watchman.

1451 2527 81 17 Tenders
1541 2533 31 12 are
1585 2528 59 17 called
1659 2528 18 18 in
1694 2529 80 18 another
1790 2530 75 17 column

1428 2550 37 17 and
1475 2551 38 17 will
1522 2551 22 17 be
1553 2552 84 17 received
1645 2554 21 15 at
1678 2553 34 16 the
1725 2553 79 17 Galftea
1819 2553 46 17 Post

1428 2573 57 18 Office
1495 2580 25 16 up
1529 2575 20 16 to
1558 2574 50 18 Juno
1625 2581 16 15 a,
1657 2576 29 17 for
1703 2576 32 17 the
1749 2581 116 18 conveyance

1429 2597 19 16 of
1457 2597 128 18 Government
1593 2600 65 17 stores,
1670 2599 38 21 &c.,
1720 2600 47 17 from
1782 2600 83 17 Rotorua

1428 2621 20 16 to
1458 2620 83 18 Galatea.

1451 2649 90 23 Through
1556 2650 32 17 the
1603 2652 86 22 courtesy
1703 2652 21 16 of
1738 2652 31 17 the
1785 2652 70 17 station-

1428 2674 70 16 master
1506 2679 28 11 we
1543 2679 31 11 are
1582 2674 20 16 in
1611 2674 70 23 receipt
1690 2676 20 16 of
1719 2674 31 18 tho
1764 2680 42 12 new
1820 2676 45 16 time

1428 2695 33 18 hill
1471 2696 30 17 for
1509 2696 49 17 June
1568 2697 60 17 which
1635 2699 37 15 sets
1682 2698 51 16 forth
1750 2698 31 17 the
1797 2698 68 18 arrival

1428 2718 38 18 and
1490 2719 100 23 departure
1616 2721 19 16 of
1663 2721 58 17 trains
1750 2721 60 17 under
1834 2722 31 17 the

1428 2748 42 11 new
1478 2744 140 20 arrangement.

1451 2770 31 17 Mr
1491 2771 26 16 H.
1527 2771 126 23 Kensington,
1664 2777 95 17 surveyor,
1769 2772 38 17 and
1821 2772 33 17 bro-

1428 2793 42 17 ther
1487 2794 20 17 to
1527 2794 32 17 Mr
1574 2793 30 19 W.
1622 2794 20 18 C.
1661 2795 120 22 Kensington
1798 2796 20 17 of
1834 2796 31 17 the

1428 2815 63 18 Lands
1500 2817 126 23 Department
1634 2818 74 17 arrived
1716 2819 19 16 in
1745 2819 85 17 Rotorua
1842 2825 23 11 on

1428 2840 95 22 Saturday
1531 2841 57 21 night
1596 2841 38 17 and
1642 2841 35 17 left
1686 2842 55 21 again
1752 2848 23 10 on
1790 2842 75 22 Sunday

1428 2864 30 16 for
1466 2864 84 19 Galatea.,
1560 2870 23 11 en
1593 2866 53 15 route
1658 2866 20 15 to
1691 2865 40 22 join
1748 2866 31 15 Mr
1796 2866 69 17 Gusson

1428 2893 19 10 as
1456 2887 90 17 assistant
1558 2893 95 16 surveyor.

1451 2916 31 16 Mr
1496 2915 25 18 H.
1538 2917 26 16 M.
1581 2916 77 19 Wilson,
1674 2918 90 21 engineer
1777 2923 44 11 over
1834 2918 31 17 the

1428 2939 128 17 construction
1565 2940 61 16 works
1635 2941 19 16 in
1663 2941 32 16 tho
1705 2941 79 17 Galatea
1793 2941 72 17 district

1428 2962 73 17 arrived
1506 2963 20 16 in
1532 2963 85 17 Rotorua
1623 2969 24 11 on
1654 2963 99 23 Thursday
1759 2964 62 22 night,
1829 2964 36 17 and

1428 2986 89 17 returned
1533 2992 24 11 on
1574 2986 78 22 Sunday
1668 2988 89 21 morning
1771 2988 45 16 with
1834 2988 31 16 tho

1428 3010 59 16 escort
1496 3010 56 21 party
1561 3010 105 23 conveying
1675 3010 32 17 the
1720 3010 56 17 funds
1792 3011 29 17 for
1834 3011 31 17 the

1428 3032 87 22 monthly
1524 3038 43 17 pay.

1451 3060 38 16 The
1498 3060 92 17 members
1599 3061 20 16 of
1632 3061 33 16 the
1673 3061 54 17 Band
1736 3062 20 16 of
1764 3061 56 22 Hope
1829 3062 36 17 and

1428 3083 49 17 their
1485 3083 72 17 friends
1565 3083 39 18 will
1613 3083 59 22 spend
1700 3085 17 16 A
1734 3085 61 17 Social
1816 3084 37 18 Eve-

1427 3106 48 22 ning
1483 3106 20 17 in
1512 3106 31 17 the
1560 3107 123 17 schoolhou.se
1699 3108 94 20 to-night,
1811 3108 54 17 when

1427 3130 111 17 abundance
1546 3130 20 17 of
1574 3131 31 16 tea
1614 3130 37 17 and
1659 3137 12 10 a
1679 3131 98 22 profusion
1791 3132 20 16 of
1819 3131 37 18 deli-

1428 3153 59 17 cacies
1496 3153 38 17 will
1542 3153 23 17 be
1574 3153 91 22 provided
1674 3154 29 17 for
1713 3154 52 17 those
1775 3154 41 18 who
1825 3161 40 12 care,

1430 3177 19 16 to
1458 3175 73 18 attend.

1451 3208 33 16 Mr
1492 3208 23 17 A.
1530 3208 103 20 Warbrick,
1649 3208 19 17 in
1679 3214 105 17 pursuance
1800 3209 21 17 of
1837 3209 28 17 his

1428 3232 85 16 contract
1522 3231 29 17 for
1560 3231 32 17 the
1609 3232 127 16 construction
1753 3233 21 16 of
1790 3233 75 21 bridges

1428 3254 37 17 and
1475 3254 81 17 culverts
1565 3260 24 11 on
1598 3254 32 17 the
1642 3261 42 10 new
1698 3255 46 17 road
1757 3257 19 16 to
1793 3255 71 23 Taupo,

1428 3277 84 22 through
1529 3278 127 21 Wai-o-tapu,
1674 3278 34 17 Ims
1722 3283 44 12 now
1781 3278 59 17 about
1856 3285 9 10 a

1428 3300 58 17 dozen
1495 3301 72 17 natives
1576 3301 62 21 busily
1647 3301 99 22 employed
1761 3302 20 16 at
1795 3302 70 17 Paeroa

1427 3323 20 17 in
1456 3324 76 22 getting
1546 3324 32 17 the
1592 3330 97 16 necessary
1703 3325 69 17 timber
1833 3325 32 17 the

1428 3347 58 17 work.

1451 3377 59 18 MrR.
1518 3379 119 20 Wainhouse,
1645 3379 146 19 stationmastcr,
1801 3379 64 18 before

1427 3401 76 23 leaving
1512 3402 71 17 Nelson
1592 3402 29 17 for
1637 3402 85 17 Rotorua
1736 3409 38 11 was
1787 3403 32 17 the
1835 3409 20 11 re-

1428 3422 70 25 cipient
1506 3425 20 17 of
1536 3431 11 11 a
1565 3425 115 17 testimonial
1698 3426 102 23 consisting
1819 3426 20 17 of
1854 3432 11 11 a

1427 3447 103 18 handsome
1539 3449 28 16 sot
1576 3449 19 17 of
1698 3449 55 17 silver
1768 3449 95 20 mounted,

1427 3471 20 17 in
1454 3471 108 22 mahogany
1568 3478 46 11 case.
1625 3472 80 22 Regrets
1711 3478 48 11 wore
1766 3471 99 23 expressed

1427 3496 20 15 at
1455 3494 32 17 Mr
1495 3494 129 17 Wainhouse's
1633 3494 101 23 departure
1746 3495 38 17 and
1799 3496 66 21 hearty

1427 3518 67 17 wishes
1503 3518 99 21 expressed
1611 3518 29 17 for
1649 3518 29 17 his
1689 3518 63 18 future
1761 3523 67 13 career.

1449 3551 30 16 Wi
1489 3550 59 17 Maihi
1565 3551 19 16 te
1598 3550 143 22 Rangikaheko,
1756 3551 32 16 the
1801 3551 64 17 native

1426 3575 20 15 to
1455 3574 63 16 whom
1527 3573 29 18 Sir
1565 3573 73 23 George
1647 3574 52 21 Gray
1711 3580 39 11 was
1763 3574 56 17 much
1833 3574 20 17 in-

1426 3596 70 18 debted
1504 3596 70 23 during
1582 3596 32 18 the
1623 3596 123 23 compilation
1754 3597 20 17 of
1782 3597 29 17 his
1821 3597 42 17 well

1426 3620 70 17 known
1505 3619 52 17 work
1565 3625 25 11 on
1598 3619 62 17 Maori
1669 3620 119 23 mythology,
1798 3624 39 13 w*as
1845 3620 20 17 in

1426 3642 86 18 Rotorua
1519 3649 11 11 a
1539 3643 37 17 few
1584 3642 46 23 days
1639 3649 43 16 ago.
1708 3643 30 18 He
1746 3643 16 17 is
1771 3648 43 13 now
1819 3649 45 11 over

1426 3667 23 15 80
1456 3668 55 20 years
1520 3666 20 17 of
1548 3671 41 17 age,
1599 3666 15 17 is
1623 3672 46 16 very
1675 3666 49 19 frail,
1739 3664 39 19 and
1792 3666 29 17 his
1834 3666 20 17 in-

1426 3689 96 17 tellectual
1538 3689 86 17 faculties
1638 3695 32 11 are
1683 3689 96 22 evidently
1794 3696 25 11 on
1832 3689 33 18 the

1426 3712 56 17 wain.

1449 3744 31 16 Mr
1489 3744 59 21 Hugh
1558 3744 101 17 Boscawon
1669 3744 20 18 of
1702 3744 32 17 the
1749 3744 63 17 Lands
1826 3744 38 17 and

1426 3766 70 22 Survey
1506 3767 131 21 Department,
1647 3767 38 17 and
1696 3767 90 22 formerly
1791 3767 73 23 private

1426 3791 94 21 secretary
1539 3791 20 16 to
1581 3790 51 17 Lord
1653 3790 83 20 Onslow,
1755 3790 73 17 arrived
1844 3790 19 17 in

1425 3812 85 18 Rotorua
1525 3818 23 11 on
1562 3813 98 22 Thursday
1677 3814 36 17 last
1730 3813 37 17 and
1784 3813 80 18 awaited

1425 3836 32 16 the
1466 3836 68 16 arrival
1543 3836 20 16 of
1568 3842 24 10 an
1598 3837 61 17 escort
1665 3838 57 21 party
1728 3837 49 16 from
1784 3837 80 17 Galatea

1425 3860 20 16 to
1454 3864 71 17 convoy
1537 3859 20 17 to
1571 3859 32 17 the
1617 3866 54 16 camp
1687 3860 53 17 there
1757 3859 33 17 the
1806 3859 58 18 funds

1425 3887 98 17 necessary
1531 3883 20 16 at
1564 3880 32 19 the
1610 3883 129 21 forthcoming
1755 3888 44 17 pay.
1832 3883 33 17 Mr

1425 3905 101 17 Boscawen
1534 3905 36 17 loft
1578 3906 57 22 again
1644 3911 25 12 on
1674 3902 85 26 Monday
1767 3906 96 23 morning.

1448 3941 74 17 Almost
1543 3939 56 25 daily,
1621 3941 92 17 incidents
1734 3941 47 17 arise
1802 3941 62 18 which

1425 3964 51 17 show
1482 3964 33 17 the
1523 3964 91 22 necessity
1628 3964 30 17 for
1674 3965 32 17 tho
1726 3965 81 16 erection
1824 3965 20 17 of
1852 3972 11 10 a

1424 3987 67 23 bridge
1499 3988 21 16 at
1529 3987 33 17 the
1571 3988 84 22 crossing
1663 3988 21 17 of
1692 3988 33 17 the
1730 3988 120 21 Mangokoko-

1425 4010 59 17 muku
1492 4010 60 18 Creek
1560 4016 25 12 on
1595 4010 33 18 the
1645 4011 79 17 Galatea
1739 4007 53 21 road.
1825 4011 39 17 The

1425 4033 54 17 other
1487 4033 38 22 day
1532 4034 39 17 two
1580 4039 126 17 conveyances
1712 4040 48 11 wore
1769 4034 54 17 stuck
1829 4040 34 16 up,

1426 4062 34 11 one
1469 4062 25 11 on
1500 4056 60 17 either
1566 4056 39 17 side
1614 4057 20 17 of
1641 4057 33 17 the
1683 4057 60 20 creek,
1757 4057 38 17 and
1803 4057 16 17 it
1826 4063 37 11 was

1425 4080 45 21 only
1478 4079 27 22 by
1513 4085 11 11 a
1532 4079 100 18 combined
1642 4080 55 18 effort
1713 4080 44 17 that
1765 4086 11 11 a
1785 4086 79 17 passage,

1425 4108 39 12 was
1473 4103 21 16 at
1503 4102 68 22 length
1581 4103 84 17 effected.

1909 126 30 17 On
1947 127 81 16 account-
2037 126 19 17 of
2064 126 33 17 the
2110 131 97 17 necessary
2223 126 99 18 alteration

1885 148 20 19 in
1913 149 33 17 the
1955 148 144 19 advertisement
2108 148 21 18 of
2136 149 34 17 the
2178 148 64 18 Union
2250 150 74 16 Steam-
2334 144 1 23 I

1886 172 41 22 ship
1938 171 96 23 Company
2042 172 35 17 not
2086 171 76 23 coming
2168 172 20 18 to
2197 169 128 22 handiniiimo
2334 169 1 25 ]

1885 195 16 16 it
1913 201 43 15 may
1972 195 23 17 be
2011 195 58 16 noted
2086 195 43 16 that
2145 195 31 17 the
2194 195 130 18 Retomahana
2334 195 1 21 !

1886 218 38 16 will
1934 218 32 17 sail
1978 219 29 15 for
2015 218 76 21 Sydney
2103 223 23 12 on
2136 216 85 24 Monday
2233 219 33 16 the
2282 218 46 17 10th

1885 241 39 17 inst
1933 240 38 18 and
1979 241 32 16 the
2021 238 87 20 Mararoa
2117 242 30 15 for
2160 238 95 20 Southern
2272 242 53 21 ports

1885 269 26 12 on
1919 264 87 22 Tuesday
2014 264 32 16 the
2058 264 48 17 llrli.

1909 297 32 17 Mr
1949 297 21 17 F.
1980 297 27 17 M.
2018 297 71 17 Shoi'tt.
2100 296 42 18 who
2151 296 34 17 has
2197 297 47 17 been
2259 298 65 21 acting

1884 319 71 22 locally
1964 320 28 16 for
2001 320 74 17 Messrs.
2090 321 20 15 T.
2120 320 53 16 Cook
2181 319 38 17 and
2236 319 44 20 Son,
2289 321 35 16 left

1885 343 44 16 here
1939 349 24 11 on
1971 339 85 26 Monday
2065 343 30 16 for
2112 342 105 17 Auckland.
2254 342 45 18 This
2308 343 15 17 is

1886 365 31 17 Mr
1926 365 81 19 Shortt's
2014 366 68 17 second
2088 372 65 11 season
2159 366 89 20 hen:,and
2256 366 70 23 during

1886 388 29 18 his
1924 393 48 18 stay,
1982 388 24 19 ho
2014 389 39 19 has,
2066 389 27 22 by
2109 389 29 16 his
2154 389 95 17 attention
2264 392 20 14 to
2293 389 32 17 the

1886 413 61 15 wants
1956 413 20 16 of
1984 412 74 17 visitors
2071 412 38 16 and
2129 412 70 18 others,
2221 412 54 17 made
2296 413 30 17 for

1886 435 76 17 himself
1970 441 57 16 many
2036 435 70 17 friends
2122 435 43 17 who
2182 435 43 17 look
2244 435 80 17 forward

1886 460 20 15 to
1915 458 28 17 his
1952 461 65 14 return
2025 458 19 17 in
2053 458 33 17 the
2094 458 52 21 early
2155 458 75 23 Spring,

1910 494 39 16 The
1957 493 71 17 friends
2037 494 20 16 of
2065 494 32 16 Mr
2105 494 67 21 Henry
2179 494 57 21 Piper
2247 493 40 17 will
2302 493 23 17 be

1886 517 46 22 glad
1943 520 20 14 to
1971 517 46 16 hear
2025 516 43 18 that
2075 517 21 16 in
2108 517 41 16 face
2163 517 20 16 of
2199 517 33 16 the
2248 523 78 12 rumour
2334 516 1 26 j

1886 540 102 17 circulated
1997 540 43 16 here
2049 545 20 12 as
2078 541 20 14 to
2108 539 28 16 his
2151 539 69 17 demise
2235 540 22 16 he
2271 540 15 16 is
2299 540 25 22 by
2334 538 1 24 j

1886 563 57 17 latest
1952 564 71 21 reports
2033 561 37 18 still
2079 562 20 17 in
2109 562 32 17 the
2150 562 45 17 laud
2210 563 20 16 of
2244 563 31 17 the
2289 563 35 17 liv-
2334 557 1 28 '

1886 586 40 22 ing,
1936 585 38 17 and
1983 592 20 10 as
2012 585 41 17 well
2062 591 20 11 as
2092 591 34 11 can
2135 585 23 16 he
2172 586 91 22 expected
2277 587 49 17 after
2334 585 1 26 j

1887 615 11 10 a
1906 615 63 10 severe
1978 608 64 17 attack
2056 609 19 16 of
2089 608 93 17 influenza
2197 609 61 17 which
2274 616 50 11 com-
2334 608 1 19 ;

1886 632 72 21 pletely
1974 630 106 24 prostrated
2095 630 46 18 him.
2167 630 30 19 He
2209 632 16 17 is
2242 632 83 24 residing

1887 660 25 11 on
1920 655 29 16 his
1958 654 108 17 homestead
2075 656 21 15 at
2103 655 80 18 Akaroa,
2200 656 124 21 Canterbury.
2334 654 1 23 [

1911 688 28 15 An
1952 687 101 21 employee,
2063 687 69 17 named
2143 688 68 21 Tyson,
2223 689 21 16 at
2254 689 71 16 Messrs
2334 683 1 30 j

1887 710 47 16 Karl
1945 709 53 17 Bros,
2009 710 78 16 sawmill
2098 715 36 12 was
2143 710 84 24 brought
2237 714 19 15 to
2274 714 50 14 town

1887 732 37 18 last
1932 732 62 24 night,
2006 733 88 23 suffering
2107 734 48 16 from
2173 740 10 10 a
2200 740 63 12 severe
2279 740 34 12 axe-

1886 755 69 17 wound
1965 761 24 12 on
1996 756 32 17 the
2035 756 45 17 foot.
2106 756 34 18 Dr.
2149 757 79 18 Grinders
2235 757 90 18 attended

1886 778 41 17 him
1935 780 20 15 at
2087 777 65 23 Hotel,
2170 780 37 17 and
2224 781 60 16 found
2301 787 24 10 on

1887 802 128 18 examination
2024 802 41 17 that
2075 802 32 17 the
2116 803 77 17 dorsum
2202 804 20 17 of
2235 804 33 17 the
2285 804 41 17 foot

1886 830 39 11 was
1933 825 59 22 badly
2000 827 37 16 cut.
2048 825 37 17 and
2094 826 42 17 that
2145 826 75 22 though
2229 832 25 11 no
2261 829 64 20 artery

1886 853 40 11 was
1934 849 77 16 severed
2018 849 77 21 profuse
2104 855 70 11 venous
2185 849 89 24 bleeding
2287 850 37 17 had

1887 870 58 18 taken
1953 872 59 21 place.
2038 870 29 19 Ho
2075 872 16 16 is
2100 870 43 19 how
2152 872 59 24 doing
2224 874 48 19 well,
2290 874 36 16 hut

1886 895 39 16 will
1935 895 23 16 he
1967 895 136 23 incapacitated
2113 896 30 16 for
2152 902 50 11 some
2214 896 51 17 time.

1910 931 40 18 The
1958 932 103 17 Yorkshire
2070 934 49 21 Grey
2128 933 59 17 Hotel
2200 937 39 14 Was
2253 935 71 21 opened

1886 955 30 16 for
1925 955 84 17 business
2018 956 99 22 yesterday
2127 956 46 17 with
2181 957 32 16 the
2231 957 93 18 orthodox

1887 983 99 17 ceremony
2002 985 24 11 on
2044 979 43 17 such
2106 979 94 18 occasions
2218 980 61 17 which
2294 982 20 15 at-

1886 1001 74 17 tracted
1969 1008 10 10 a
1988 1001 127 19 considerable
2124 1003 80 17 number
2209 1004 21 16 to
2235 1003 25 18 do
2264 1003 61 19 honor

1887 1026 19 15 to
1916 1025 32 16 the
1957 1025 128 23 proceedings.
2112 1026 19 17 It
2140 1025 33 18 has
2187 1026 46 18 boon
2247 1027 77 17 decided

1886 1048 20 16 to
1921 1049 36 21 put
1969 1054 11 11 a-
1995 1048 48 17 close
2058 1048 82 17 hoarded
2153 1049 37 17 and
2207 1050 117 17 ornamental

1886 1070 54 18 fence
1948 1071 62 18 round
2018 1071 33 18 the
2058 1077 44 12 area
2110 1077 24 12 on
2148 1072 61 17 which
2224 1073 32 18 the
2273 1073 52 17 hotel

1886 1094 66 16 stands
1960 1094 37 17 and
2005 1095 39 16 also
2053 1095 52 22 place
2114 1102 11 10 a.
2140 1095 54 17 horse
2211 1096 71 23 trough
2299 1102 24 12 on

1887 1117 32 16 the
1928 1117 104 18 Tutanekai
2041 1119 57 16 street
2107 1119 88 22 frontage
2204 1120 29 16 for
2246 1120 33 16 the
2293 1126 31 10 use

1887 1140 20 17 of
1916 1140 96 17 travellers
2021 1141 37 16 and
2066 1142 105 17 teamsters.

1910 1171 102 18 Constable
2021 1173 83 21 Murray,
2115 1173 73 24 though
2204 1174 39 16 still
2258 1175 56 17 suffer-

1886 1194 35 22 ing
1929 1196 49 16 from
1987 1197 11 15 ii
2011 1201 61 12 severe
2087 1194 47 22 cold,
2153 1192 32 22 the
2202 1200 86 15 outcome
2305 1198 20 16 of

1887 1218 28 16 his
1929 1218 126 18 multifarious
2068 1219 61 17 duties
2143 1220 62 17 which
2218 1220 48 17 have
2279 1221 34 16 sub-

1887 1241 63 22 jected
1966 1242 39 16 him
2018 1243 20 16 to
2055 1246 92 18 exposure
2163 1243 20 17 in
2198 1242 25 18 all
2240 1245 48 16 sorts
2305 1244 20 17 of

1887 1264 83 17 weather
1986 1265 20 16 of
2025 1265 44 18 late,
2087 1265 35 17 left
2139 1266 29 17 for
2185 1267 99 17 Auckland
2300 1272 25 12 on

1887 1287 71 22 Friday
1975 1289 19 16 to
2011 1288 66 17 attend
2101 1289 33 16 the
2155 1290 76 20 sittings
2252 1291 20 16 of
2293 1291 31 16 the

1888 1310 90 22 Supreme
1988 1312 63 16 Court.
2077 1312 38 16 The
2124 1318 42 11 case
2174 1312 19 18 in
2202 1313 61 17 which
2273 1313 23 17 he
2309 1313 15 17 is

1887 1334 86 22 required
1994 1334 15 16 is
2030 1335 38 16 thai
2093 1336 19 16 of
2133 1335 24 17 Te
2178 1336 47 16 Tara
2247 1336 78 22 Rapana

1887 1357 83 22 charged
1979 1357 44 18 with
2034 1358 31 17 the
2074 1358 76 22 larceny
2159 1359 21 16 of
2187 1366 11 10 a
2207 1359 77 22 cheque.

1911 1391 31 17 Mr
1952 1392 27 16 W.
1990 1392 62 23 Kelly,
2063 1391 87 22 M.H.R.,
2160 1399 39 11 was
2213 1394 20 16 at
2248 1393 76 23 Opotiki

1887 1421 23 10 on
1922 1415 67 21 Friday
2000 1415 35 17 last
2045 1416 36 16 and
2091 1415 120 19 interviewed
2221 1417 32 16 the
2266 1421 44 13 mem-

1887 1437 42 18 bers
1938 1439 21 16 of
1967 1438 32 17 the
2008 1439 75 22 County
2097 1439 77 17 Council
2189 1442 20 15 to
2223 1440 62 17 whom
2301 1441 24 16 he

1889 1461 101 22 explained
1999 1462 51 17 what
2059 1462 23 16 he
2090 1462 38 17 had
2140 1462 76 17 secured
2230 1463 48 18 from
2293 1464 32 17 the

1888 1484 129 18 Government
2033 1486 30 16 for
2076 1485 32 17 the
2122 1484 81 23 County.
2234 1485 30 18 He
2280 1492 35 17 pro

1887 1507 59 17 misod
1961 1512 20 12 to
1995 1513 46 17 urgo
2058 1514 24 10 on
2100 1509 31 16 the
2148 1509 129 17 Government
2293 1510 33 16 the

1888 1531 93 22 necessity
1995 1531 30 17 for
2039 1531 82 26 opening
2136 1532 67 17 Crown
2218 1533 53 16 lands
2289 1533 37 16 and

1888 1554 85 22 pushing
1981 1560 25 11 on
2015 1555 50 16 main
2073 1555 56 16 roads
2138 1556 37 16 and
2188 1555 82 23 bridges.

1911 1591 32 17 Mr
1959 1591 64 20 .Tones,
2039 1592 31 17 the
2084 1593 106 16 contractor
2204 1592 29 17 for
2247 1593 32 17 the
2293 1598 22 12 ex-

1888 1614 71 17 tensive
1969 1615 108 17 alterations
2086 1620 42 12 now
2138 1615 17 17 in
2171 1621 64 12 course
2249 1617 19 15 of
2281 1622 33 16 pro-

1889 1643 52 15 gress
1962 1638 20 17 at
2002 1638 52 17 Lake
2074 1638 71 20 House,
2172 1639 15 16 is
2213 1639 113 23 proceeding

1888 1661 134 22 energetically
2032 1662 44 16 with
2086 1662 29 16 his
2128 1660 52 19 Work
2193 1662 39 17 and
2245 1662 53 17 there
2311 1662 15 17 is

1888 1690 55 15 every
1952 1686 87 21 prospect
2048 1684 42 18 that
2099 1685 32 17 the
2140 1685 112 17 restoration
2261 1686 20 16 of
2294 1686 32 16 the

1889 1707 92 24 huilding,
1997 1708 45 16 with
2056 1708 25 16 all
2096 1708 32 16 the
2141 1708 94 17 additions
2245 1708 79 20 thereto,

1889 1731 38 16 will
1948 1731 23 16 he
1991 1731 105 22 completed
2112 1731 64 18 before
2193 1732 32 17 the
2242 1733 85 16 contract

1888 1759 51 11 nine.
1971 1754 38 17 The
2028 1754 62 23 newly
2105 1754 61 17 added
2184 1755 52 22 wing
2252 1755 15 16 is
2284 1761 42 10 now

1889 1777 64 17 roofed
1964 1777 24 18 in,
2005 1784 11 10 a
2030 1778 38 16 fact
2085 1778 61 16 which
2163 1784 39 11 was
2218 1778 46 22 duly
2278 1778 39 17 cele-

1889 1800 66 17 brated
1964 1801 31 16 the
2005 1801 54 16 other
2067 1801 36 21 day
2119 1803 19 15 to
2152 1801 33 17 the
2198 1802 59 16 entire
2271 1801 46 18 satis-

1888 1823 72 18 faction
1968 1824 20 17 of
1997 1824 52 17 those
2058 1824 87 23 engaged
2150 1824 20 17 in
2180 1824 31 17 the
2221 1825 58 17 work.

1912 1860 13 16 A
1943 1860 93 22 specimen
2051 1860 19 17 of
2083 1867 10 10 a
2108 1865 45 18 very
2170 1867 41 11 rare
2228 1861 47 20 bird,
2294 1861 32 17 the

1888 1882 114 21 kaka-kura,
2020 1888 36 13 was
2071 1883 84 22 brought
2170 1885 40 16 into
2225 1885 52 17 town
2294 1885 32 17 the

1888 1905 54 18 other
1952 1906 36 22 day
1996 1906 25 22 by
2030 1913 11 10 a
2050 1907 69 17 native.
2145 1907 19 17 It
2172 1907 16 17 is
2197 1908 19 15 of
2225 1913 12 11 a
2241 1904 85 21 brilliant

1889 1929 30 16 red
1929 1929 91 23 plumage
2028 1935 25 11 on
2061 1930 32 17 the
2102 1926 53 23 back,
2166 1930 68 22 totally
2249 1931 74 16 distinct

1888 1953 48 16 from
1946 1952 32 18 the
1987 1953 73 17 sombre
2077 1953 85 22 coloring
2171 1954 19 16 of
2199 1954 32 16 the
2240 1960 85 11 common

1888 1975 55 17 kaka.
1969 1975 38 19 The
2016 1976 72 18 natives
2103 1976 61 23 allege
2178 1977 43 17 that
2235 1977 16 17 it
2264 1977 15 17 is
2294 1978 32 16 the

1887 1998 42 18 first
1938 1999 92 22 specimen
2040 2000 20 17 of
2068 1999 38 18 this
2116 1999 70 23 species
2195 2000 42 17 that
2246 1998 34 20 has
2292 2006 22 17 ap-

1888 2022 68 23 peared
1974 2022 42 18 here
2034 2023 65 16 within
2117 2023 32 17 the
2166 2025 43 20 past
2226 2025 22 15 .}()
2265 2030 60 16 years.

1889 2043 122 20 Kiika-kuras
2021 2052 46 10 were
2077 2048 20 15 at
2105 2052 24 9 no
2138 2046 46 16 t.imn
2193 2046 87 23 plentiful
2289 2047 37 17 mi«l

1887 2069 50 16 their
1953 2069 72 21 plumes
2042 2075 48 11 were
2105 2069 76 23 eagerly
2193 2069 70 24 sought
2277 2071 49 16 after

1887 2092 30 17 for
1926 2092 32 16 the
1967 2097 80 17 purpose
2056 2093 19 16 of
2084 2092 111 22 decorating
2209 2093 32 17 the
2253 2093 73 16 taiahas

1887 2115 21 16 of
1915 2115 33 16 the
1958 2115 63 17 chiefs.
2047 2115 39 17 The
2094 2115 42 17 bird
2145 2121 39 12 was
2188 2115 106 23 purchased
2300 2116 26 22 by

1887 2138 32 16 Mr
1995 2139 42 16 who
2047 2138 37 16 will
2094 2138 47 16 have
2149 2139 16 16 it
2173 2139 106 22 preserved,
2289 2139 38 17 and

1887 2167 25 10 no
1921 2161 60 17 doubt
1997 2168 50 11 some:
2065 2161 141 23 philanthropic
2221 2163 106 16 townsmen

1888 2184 38 17 will
1935 2185 91 21 purchase
2035 2185 16 16 it
2059 2184 36 17 and
2105 2184 69 17 donate
2183 2186 16 15 it
2207 2186 20 16 to
2236 2191 35 11 our
2279 2186 47 16 local

1888 2213 91 13 museum,
1990 2208 32 18 the
2030 2207 77 18 nucleus
2122 2208 19 16 of
2156 2208 61 18 which
2230 2208 16 18 is
2260 2208 20 18 in
2294 2209 33 17 the

1887 2231 61 17 hands
1957 2232 20 16 of
1985 2237 35 11 our
2028 2231 80 22 Library
2113 2231 119 19 Committee.

1911 2263 32 16 Mr
1958 2263 92 17 Fairburn
2065 2264 41 17 who
2122 2264 16 17 is
2155 2264 87 22 engnged
2258 2264 19 17 in
2294 2264 33 17 the

1887 2292 69 16 survey
1964 2286 21 18 of
1993 2293 11 10 a
2012 2286 46 18 road
2067 2287 48 17 from
2126 2287 109 17 Itotoruato
2243 2288 70 16 Whaka-

1887 2311 45 15 tane
1940 2309 26 23 by
1974 2316 43 16 way
2026 2311 20 15 of
2054 2311 24 15 Te
2087 2311 51 16 Teko
2147 2310 33 18 has
2189 2315 43 13 now
2247 2310 79 18 readied

1887 2339 11 10 a
1913 2333 54 21 point
1984 2333 58 17 about
2059 2334 21 17 30
2098 2333 54 18 miles
2168 2335 48 16 from
2234 2334 91 17 Rotoru'i.

1887 2356 39 17 The
1936 2356 84 17 distance
2031 2356 26 23 by
2070 2357 32 16 the
2118 2359 54 14 route
2187 2356 139 24 contemplated

1887 2379 15 17 is
1919 2379 59 17 about
2035 2380 58 18 miles,
2108 2380 35 17 but
2150 2386 19 11 as
2179 2381 10 15 S
2202 2380 53 18 miles
2266 2382 19 16 a.t
2294 2380 33 18 the

1887 2402 119 18 Whakatanc
2023 2403 35 17 end
2067 2409 31 11 are
2110 2403 77 23 already
2205 2404 73 17 formed
2295 2403 32 18 the

1888 2431 68 17 survey
1966 2426 52 17 work
2027 2426 38 17 will
2074 2433 46 10 soon
2129 2426 22 18 be
2166 2427 111 23 completed.
2305 2427 22 16 In

1887 2449 77 20 cutting
1973 2449 31 17 the
2013 2450 53 16 track
2075 2451 49 16 from
2134 2450 60 17 Lakes
2204 2449 71 19 Rotoiti
2289 2450 38 17 and

1887 2472 51 18 Roto
1939 2478 17 11 in
1959 2478 10 12 a
1981 2473 31 16 Mr
2021 2473 91 17 Fairburn
2122 2473 82 19 adhered
2213 2476 19 15 to
2249 2474 31 17 the
2295 2473 32 18 old

1887 2495 46 17 road
1942 2496 37 17 line
1988 2497 33 16 cut
2028 2495 26 23 by
2063 2496 31 17 the
2104 2496 91 24 Ngapuhi
2210 2497 48 17 tribe
2272 2497 55 17 when

1887 2518 46 23 they
1941 2519 82 17 invaded
2032 2520 31 17 the
2070 2520 83 17 Rotorua
2161 2523 80 19 country
2248 2521 19 16 in
2276 2521 50 16 182!).

1887 2540 67 25 Hongi
1964 2542 38 18 Hik
2009 2549 6 10 i
2024 2548 37 12 was
2070 2543 32 17 the
2112 2542 62 19 loader
2183 2544 20 16 of
2214 2544 32 17 the
2259 2544 56 17 invad-

1887 2565 34 21 ing
1931 2567 55 16 force,
1997 2572 19 11 as
2026 2566 73 17 readers
2108 2567 20 16 of
2136 2565 47 18 New
2192 2567 83 17 Zealand
2288 2567 29 17 his-

1888 2593 43 17 tory
1954 2589 37 17 will
2012 2589 108 19 remember,
2143 2596 24 11 on
2189 2591 31 16 the
2242 2591 85 17 occasion

1888 2612 81 17 referred
1985 2614 25 15 to.
2045 2613 101 21 Dragging
2159 2613 29 16 his
2205 2619 39 12 war
2260 2620 67 11 canoes

1888 2641 61 11 across
1959 2635 31 19 the
1999 2636 78 23 pertagc
2086 2637 20 16 of
2112 2636 31 17 the
2153 2636 87 21 Rotoma,
2247 2637 68 17 launch-

1887 2659 35 22 ing
1931 2659 51 17 them
1997 2665 24 11 on
2035 2659 31 17 the
2082 2662 67 14 waters
2164 2660 19 16 of
2200 2660 73 18 Rotoiti
2289 2660 38 18 and

1888 2682 88 21 entering
1985 2683 81 16 Rotorua
2077 2681 51 18 Lake
2137 2683 23 16 he
2175 2683 152 23 stormedthopa

1888 2711 24 10 on
1922 2706 77 16 Mokoia
2009 2706 70 18 Island,
2098 2707 19 16 to
2131 2706 61 17 which
2210 2707 32 16 the
2259 2707 57 17 Arawa-

1888 2728 38 17 had
1933 2728 74 19 retired,
2016 2728 37 18 and
2059 2729 59 17 either
2124 2729 57 18 killed
2191 2730 31 17 the
2228 2730 99 17 defenders

1889 2757 19 11 or
1918 2751 70 19 carried
1998 2752 51 17 thoin
2059 2758 53 16 away
2121 2753 40 17 into
2171 2753 98 23 captivity.

1912 2783 31 17 Mr
1952 2784 56 17 Peter
2017 2784 74 17 Frown,
2102 2791 10 9 a
2122 2784 205 19 wellknownbnnifaee

1888 2807 20 16 of
1917 2807 43 17 that
1969 2808 38 21 city
2015 2808 32 16 the
2056 2807 91 17 residents
2153 2808 20 16 of
2178 2808 59 17 which
2246 2808 54 18 boast
2308 2809 20 17 of

1888 2830 25 17 its
2131 2829 49 19 until
2183 2831 47 23 they
2231 2831 49 17 have
2284 2837 43 12 seen

1888 2853 32 16 the
1930 2854 69 20 glories
2007 2855 21 16 of
2041 2860 34 11 our
2089 2853 46 18 New
2152 2850 83 22 Zealand
2253 2857 73 18 waters,

1889 2876 59 17 called
1957 2880 21 14 at
1986 2876 32 18 the
2028 2877 117 17 CIfIiOXKT.K
2153 2878 58 17 Office
2225 2878 33 17 the
2273 2878 55 17 other

1889 2899 37 22 day
1934 2900 38 16 and
1981 2900 110 18 introduced
2100 2900 81 18 himself.
2213 2901 32 17 Mr
2258 2901 69 17 Brown

1888 2923 15 16 is
1912 2923 33 17 the
1953 2924 107 21 proprietor
2068 2924 19 17 of
2096 2923 32 17 the
2137 2924 44 22 City
2195 2924 65 20 Hotel,
2276 2925 52 17 Kent

1888 2946 38 17 and
1941 2947 52 21 King
2009 2946 76 21 Streets,
2101 2947 81 22 Sydney,
2201 2947 38 17 and
2256 2948 72 23 having

1888 2969 48 18 been
1944 2976 11 10 a
1965 2972 71 20 martyr
2044 2972 20 15 to
2073 2970 32 17 the
2113 2970 54 22 pains
2184 2970 38 18 and
2235 2972 92 21 penalties

1889 2993 19 17 of
1924 2993 94 17 rhumatic
2035 2994 47 22 gout
2102 2993 24 17 he
2147 2993 70 22 sought
2238 2994 32 17 the
2287 2993 40 19 Hot

1888 3016 62 17 Lakes
1959 3017 83 19 District,
2053 3017 71 21 having
2133 3017 58 17 heard
2200 3017 20 17 of
2228 3017 32 18 the
2274 3024 39 11 won-

1888 3039 60 17 derful
1960 3040 82 17 curative
2051 3040 62 17 effects
2126 3041 21 16 of
2160 3040 33 17 the
2206 3040 56 17 baths
2276 3040 50 19 hero.

1889 3063 19 17 It
1917 3069 43 15 may
1969 3063 23 17 be
2000 3063 92 22 premised
2100 3063 43 17 that
2156 3064 32 16 the
2203 3064 74 23 patient
2289 3064 38 17 had

1888 3086 47 17 been
1945 3087 90 21 suffering
2043 3087 30 17 for
2080 3087 66 21 nearly
2155 3087 53 17 three
2221 3093 54 16 years
2289 3088 38 16 and

1888 3109 38 17 had
1935 3109 46 17 been
1995 3110 59 17 under
2065 3109 31 18 the
2112 3109 42 18 best
2171 3109 79 18 medical
2267 3112 50 16 treat-

1888 3134 53 15 ment
1951 3133 117 22 procurable.
2093 3133 38 17 His
2147 3132 120 23 experiences
2282 3134 45 17 here

1889 3162 31 10 are
1928 3155 43 18 best
1988 3155 82 18 detailed
2089 3156 20 16 hi
2117 3156 30 17 his
2167 3162 44 12 own
2230 3157 62 17 words
2299 3163 28 11 :

1978 3179 9 17 I
1997 3185 50 11 came
2057 3181 19 15 to
2086 3179 85 17 Rotorua
2180 3186 31 16 my
2220 3181 43 19 feet,
2279 3181 46 21 legs,

1888 3202 38 17 and
1935 3202 35 17 loft
1978 3202 88 17 shoulder
2079 3208 48 11 were
2141 3202 85 20 affected,
2242 3204 38 17 and
2295 3204 32 17 the

1888 3231 62 11 senses
1959 3226 20 16 of
1988 3226 51 22 sight
2047 3225 38 17 and
2097 3226 80 22 hearing
2190 3232 49 11 were
2253 3228 74 19 greatlv

1887 3247 98 24 impaired.
2023 3248 65 18 Under
2108 3249 65 17 advice
2195 3250 9 16 I
2229 3250 49 17 tried
2294 3251 33 17 the

1888 3272 78 17 Priest's
1974 3272 49 17 Bath
2033 3273 34 16 hut
2076 3272 49 17 after
2134 3278 11 11 a
2158 3277 65 13 course
2236 3273 21 17 of
2271 3280 55 11 seven

1888 3296 34 20 got
1930 3295 94 22 infinitely
2033 3301 58 11 worse
2100 3295 37 17 and
2151 3301 38 11 was
2204 3296 87 18 confined
2307 3298 19 17 to

1887 3324 33 16 my
1927 3318 38 17 bed
1974 3319 29 16 for
2011 3320 31 15 ten
2060 3318 51 23 days,
2126 3318 138 22 being,unable
2280 3326 47 11 even

1887 3342 20 16 to
1916 3342 45 16 turn
1971 3342 44 16 with
2025 3348 47 13 ease,
2087 3341 37 17 and
2140 3342 74 23 finding
2227 3343 15 17 it
2255 3343 60 22 practi-

1887 3365 50 21 cally
1944 3364 107 23 impossible
2060 3366 19 16 to
2094 3365 52 17 dross
2160 3366 75 21 myself.
2266 3366 45 17 How-

1887 3393 49 14 ever,
1946 3388 10 17 I
1966 3384 31 20 did
2005 3389 34 16 not
2047 3389 39 16 lose
2094 3388 56 17 heart
2157 3389 38 16 and
2211 3395 21 11 so
2246 3395 46 12 soon
2306 3396 20 11 as

1887 3411 10 17 I
1906 3417 39 11 was
1958 3411 42 17 able
2014 3412 9 16 I
2040 3411 49 17 tried
2122 3411 33 17 the
2173 3410 60 19 Priest
2268 3413 58 22 again

1887 3434 37 17 and
1931 3434 35 16 felt
1972 3440 23 11 an
2002 3435 142 22 improvement.
2154 3435 45 17 This
2207 3436 119 21 encouraged

1887 3462 29 13 mo
1925 3457 38 17 and
1973 3457 8 17 I
1991 3459 50 16 wont
2049 3464 25 11 on
2082 3457 68 23 taking
2158 3459 38 16 two
2204 3458 57 18 baths
2269 3466 11 10 a
2289 3459 37 23 day

1887 3480 46 17 with
1943 3487 24 10 an
1976 3481 104 16 occasional
2089 3478 85 24 Sulphur
2181 3482 79 22 Vapour
2268 3482 56 20 Bath,

1886 3503 39 18 The
1934 3503 138 23 improvement
2080 3504 136 18 continued—l
2224 3505 35 17 felt
2264 3505 62 18 better

1886 3527 50 16 after
1945 3532 55 16 every
2009 3527 46 17 bath
2064 3525 48 19 until
2121 3533 44 11 now
2174 3529 20 15 at
2202 3529 33 16 the
2244 3529 52 21 lapse
2306 3530 20 16 of

1886 3556 11 10 a
1906 3550 67 17 month
1982 3550 10 17 I
2000 3550 40 17 find
2049 3550 68 22 myself
2126 3556 31 16 my
2166 3556 43 12 own
2218 3557 44 12 man
2268 3552 57 22 again

1886 3573 38 16 and
1930 3573 69 17 almost
2007 3573 84 18 restored
2099 3577 20 13 to
2128 3579 32 17 my
2169 3574 81 22 original
2260 3570 66 23 robust

1887 3597 48 16 state
1945 3596 19 17 of
1973 3596 69 17 health.
2069 3596 10 17 I
2092 3602 30 11 am
2137 3602 43 12 now
2194 3597 42 18 able
2249 3599 21 16 to
2284 3598 42 18 foot

1886 3619 16 17 it
1910 3620 20 16 at
1939 3619 32 17 the
1980 3621 40 15 rate
2029 3620 20 16 of
2061 3620 43 16 four
2118 3620 54 17 miles
2186 3626 25 11 an
2227 3621 53 17 hour.
2315 3621 10 17 I

1886 3648 31 11 am
1926 3642 90 22 finishing
2025 3642 26 18 off
2060 3643 45 17 with
2120 3649 11 10 a
2144 3644 45 16 turn
2202 3645 21 16 at
2237 3644 33 17 the
2283 3650 37 11 nev,
2334 3642 1 22 '

1887 3664 84 23 Sulphur
1979 3666 60 17 Baths
2047 3666 61 17 which
2114 3666 75 22 though
2194 3673 52 11 more
2251 3673 61 16 power-

1887 3689 28 17 ful
1923 3688 48 17 than
1979 3689 32 17 the
2020 3689 76 17 Priest's
2105 3695 32 11 are
2145 3689 40 17 also
2197 3696 50 11 more
2261 3690 26 18 in-
2296 3697 19 16 .g-

1886 3711 83 23 ---orating.
1995 3712 9 17 I
2013 3714 67 20 expect
2088 3713 20 16 to
2117 3713 66 16 return
2190 3715 21 15 to
2221 3713 75 23 Sydr-.y
2305 3714 19 16 in

1886 3740 11 11 a
1906 3735 37 16 few
1957 3735 46 21 days
2017 3736 112 21 completely
2143 3736 62 17 cured.
2235 3737 60 17 There
2309 3737 15 17 is

1887 3763 34 12 one
2022 3754 101 22 continued
2129 3758 31 18 Mr
2166 3759 74 21 Bron-u,

1887 3781 9 17 I
1905 3781 64 17 would
1977 3781 39 17 like
2024 3783 20 15 to
2053 3788 39 16 say.
2117 3782 59 22 Many
2186 3783 72 22 people,
2270 3783 44 17 inva-

1886 3804 36 17 lids
1931 3804 10 17 I
1950 3804 68 17 should
2026 3810 39 17 say,
2078 3810 49 12 seem
2140 3807 19 16 to
2168 3811 52 12 come
2234 3807 45 16 here
2291 3812 22 11 ex-

1886 3828 78 21 pecting
1973 3833 10 11 a
1997 3828 75 17 miracle
2085 3830 20 15 to
2119 3828 45 17 take
2180 3829 59 21 place.
2272 3830 53 22 They

1887 3856 34 12 can
1938 3851 45 22 only
1999 3850 45 18 look
2060 3851 29 18 for
2098 3857 18 11 .a
2133 3857 43 11 cure
2190 3852 26 22 by
2232 3852 93 22 adhering

1887 3874 73 22 strictly
1974 3875 19 16 to
2007 3874 33 17 the
2053 3874 74 18 behests
2143 3875 20 17 of
2180 3875 49 17 their
2245 3875 79 17 medical

1886 3897 79 20 adviser,
1983 3897 104 23 refraining
2104 3899 49 16 from
2169 3898 82 22 bathing
2265 3899 49 16 indis-

1887 3920 117 23 criminately
2013 3920 37 17 and
2059 3921 72 22 paying
2143 3922 103 21 particular
2261 3922 52 17 atten-

1887 3943 40 17 tion
1935 3944 20 16 to
1965 3943 44 19 diet,
2099 3944 32 17 Mr
2147 3944 69 17 Brown
2233 3945 91 22 certainly

1886 3972 43 11 now
1938 3966 53 17 looks
1997 3967 31 17 the
2035 3967 71 22 picture
2112 3968 20 16 of
2134 3967 66 17 health
2207 3968 38 16 and
2249 3968 75 22 though

1887 3989 32 17 the
1943 3989 100 23 foregoing
2066 3996 63 11 savors
2150 3991 104 18 somewhat
2274 3991 20 17 of
2314 3997 11 10 a

1887 4012 77 18 Mother
1973 4012 62 23 Siegol
2050 4013 147 18 advertisement
2210 4014 16 17 it
2239 4014 15 17 is
2268 4015 20 16 to
2301 4014 23 16 be

1887 4035 62 22 hoped
1957 4035 43 17 that
2008 4036 29 17 his
2046 4037 118 21 experiences
2173 4037 38 17 will
2220 4037 22 17 be
2258 4038 19 16 to
2292 4037 32 17 the

1887 4058 107 23 advantage
2002 4059 21 17 of
2031 4059 63 17 others
2103 4059 42 18 who
2154 4060 73 22 maybe
2233 4059 91 23 similarly

1887 4081 81 17 afflicted
1985 4082 46 17 with
2047 4082 32 17 the
2095 4082 75 22 painful
2183 4083 76 21 malady
2275 4084 49 16 from

1887 4104 62 18 which
1957 4104 24 18 ho
1986 4105 34 17 has
2030 4105 78 22 happily
2117 4105 47 18 bean
2176 4105 89 18 restored.

2370 125 17 16 A
2395 125 85 23 meeting
2488 125 20 18 of
2515 125 33 17 the
2556 125 58 17 Toy,-;:
2623 125 61 16 Board
2694 131 38 11 was
2740 124 46 18 held

2347 148 19 16 in
2383 148 32 17 the
2433 148 117 17 Courthouse
2566 154 25 11 on
2741 147 43 22 last,

2347 171 54 17 when
2410 171 54 17 there
2473 176 47 12 were
2528 172 77 21 present
2612 172 32 16 Mr
2652 171 19 17 S.
2688 171 21 17 T.
2727 171 59 17 Brent

2347 192 73 24 (chair),
2430 194 34 17 Dr.
2474 194 85 18 Cinders,
2573 194 38 17 and
2620 194 32 17 Mr
2660 194 22 17 R.
2702 193 82 23 Dunsey.

2347 217 94 21 Amongst
2450 217 32 17 the
2491 217 157 22 correspondence
2664 223 37 10 was
2711 223 10 10 a
2730 217 56 17 letter

2348 240 48 16 from
2405 240 32 17 the
2446 240 75 18 auditor
2529 240 20 18 in
2558 240 79 18 relation
2646 241 20 17 to
2676 240 31 16 the
2716 242 44 14 vote
2766 240 20 16 of

2347 262 39 17 £2O
2394 263 19 17 to
2423 263 32 17 the
2464 263 85 22 Railway
2565 263 155 17 Demonstration
2728 263 42 17 Com-

2347 285 71 18 mittee.
2443 285 21 18 It
2472 292 37 11 was
2518 286 78 18 decided
2608 287 42 17 that
2667 286 32 17 tho
2716 287 70 16 matter

2347 308 68 17 should
2424 309 69 17 remain
2501 310 20 16 in
2533 310 93 22 abeyance
2636 309 49 16 until
2694 309 31 17 Mr
2734 309 38 16 Mul-

2347 331 59 22 froy's
2414 333 71 16 return.
2509 332 33 17 Mr
2554 332 72 18 Corlett
2642 333 58 16 wrote
2718 332 68 21 asking

2347 354 44 17 that
2394 360 13 11 41
2419 355 35 17 few
2463 355 52 17 loads
2525 356 20 16 of
2553 356 52 16 earth
2615 355 23 17 bo
2647 355 66 22 spread
2723 360 24 11 on
2753 356 32 15 the

2349 377 85 23 footpath
2445 379 85 21 opposite
2539 378 28 18 his
2577 378 89 22 premises
2683 378 18 17 in
2711 378 75 17 Fenton

2347 401 23 16 st.
2380 400 20 17 in
2409 401 55 17 order
2471 404 21 14 to
2500 403 45 15 turn
2554 402 26 16 off
2594 398 32 21 tho
2642 400 51 19 flood
2709 400 74 18 waters;

2349 423 18 17 It
2376 430 37 10 was
2422 424 77 18 decided
2507 425 44 17 that
2559 425 32 17 the
2607 424 93 17 attention
2718 424 21 17 of
2753 423 32 18 the

2347 447 117 18 surfaceman
2473 447 22 18 be
2505 447 82 18 direoted
2597 447 79 18 thereto.
2706 447 38 16 The
2753 452 21 12 ac-

2348 471 66 16 counts
2423 471 20 16 of
2457 470 75 18 Messrs.
2550 470 137 21 Murchcsseau,
2706 470 77 22 Kogers,

2348 493 92 17 Williams
2445 494 36 16 and
2491 492 76 19 Corbett
2576 499 46 11 were
2629 493 65 22 passed
2700 493 29 17 for
2736 498 36 17 pay-

2347 520 58 13 ment.
2430 517 32 15 Mr
2471 516 59 18 Brent
2542 522 38 11 was
2589 515 108 19 authorised
2714 518 20 15 to
2751 516 22 16 ob-

2347 539 40 17 tain
2398 539 71 17 certain
2486 541 48 16 frees
2551 539 48 18 from
2615 539 32 18 the
2664 539 120 17 Sanatorium

2347 562 88 17 Grounds
2443 562 20 17 in
2472 562 55 17 order
2535 564 20 17 to
2567 563 56 22 plant
2639 562 72 18 Eruera
2727 564 59 15 street

2348 586 48 16 from
2405 585 32 17 the
2446 585 119 19 Sanatorium
2575 586 98 21 boundary
2683 587 19 15 t.>
2711 585 74 19 Fenton

2347 610 63 15 street.
2436 609 38 16 The
2483 609 83 23 meeting
2574 609 45 17 then
2629 608 111 23 adjourned.

2348 639 53 18 THE
2413 639 84 19 DAILY
2510 640 49 18 USE
2572 640 102 18 BEFORE
2690 640 94 17 MEALS.

2557 670 16 11 <*

2348 687 25 19 Of
2380 687 79 18 Wolfe's
2467 687 98 24 Schnapps
2573 689 94 23 promotes
2683 694 11 11 a
2708 693 43 11 now
2766 688 20 16 of

2348 712 70 20 gastric
2426 711 50 23 juice
2485 712 42 17 that
2536 712 105 17 stimulates
2650 712 33 17 the
2693 710 91 21 stomach,

2347 734 108 22 rekindling
2464 735 24 16 its
2496 735 76 17 natural
2581 735 78 22 craving
2668 734 29 17 for
2710 734 50 16 food.

2394 779 53 19 THE
2461 773 130 26 UREWERA
2610 779 127 20 TROUBLE.

2371 826 29 18 On
2422 827 94 22 Saturday
2533 827 36 17 last
2585 826 90 24 Ngapuhi
2693 826 63 18 Il'ihci,
2775 833 11 9 a

2347 850 49 17 chief
2405 851 20 16 of
2433 851 33 16 the
2474 849 95 20 Urewora,
2579 850 74 17 arrived
2667 850 18 16 in
2701 848 85 19 Rotorua

2347 873 18 17 in
2375 873 54 17 order
2438 875 20 15 to
2467 873 70 18 reccivo
2546 873 101 23 telegrams
2661 872 59 17 which
2737 879 48 10 were

2347 896 90 23 expected
2446 897 48 16 from
2504 896 57 17 Hone
2568 896 61 19 Hoke.
2645 895 87 18 M.H.1!.,
2747 896 37 16 and

2347 921 20 15 to
2376 919 90 22 despatch
2483 926 93 14 messages
2590 920 20 16 to
2627 919 44 17 him.
2706 920 29 16 On
2753 919 32 18 the

2347 948 42 16 way
2398 943 55 16 down
2462 942 33 17 the
2504 944 56 20 party
2568 945 38 14 met
2616 943 32 16 the
2655 942 52 17 Hon.
2721 942 64 17 .Tames

2347 966 78 19 Carroll,
2436 966 42 16 who
2488 967 38 16 Wiis
2535 971 23 11 on
2568 966 30 16 his
2607 971 43 17 way
2655 966 21 16 to
2682 964 26 18 To
2714 965 71 17 Whaiti

2347 990 49 16 from
2405 988 125 17 Vv'hakaiane.
2556 988 89 23 Ngapuhi
2655 988 52 21 gives
2716 995 9 9 a
2742 995 42 15 very

2347 1011 83 19 succinct
2440 1013 78 15 account
2528 1012 20 16 of
2557 1012 51 17 what
2617 1011 37 18 had
2663 1011 90 17 occurred
2765 1011 20 17 in

2347 1035 33 18 tho
2388 1034 43 19 first
2438 1035 85 18 instance
2531 1035 21 17 in
2560 1035 32 17 the
2610 1040 40 16 way
2664 1035 21 16 of
2697 1033 78 18 interfer-

2347 1063 45 12 ence
2400 1056 47 19 with
2455 1056 33 19 the
2497 1062 67 18 survey
2579 1058 59 16 under
2653 1058 30 15 i\li'
2699 1057 85 23 Phillips.

2347 1082 20 16 It
2376 1081 61 17 would
2447 1087 69 16 appear
2525 1081 42 17 that
2577 1088 8 9 a
2601 1080 62 18 native
2678 1082 19 15 of
2711 1080 74 18 Wairoa

2346 1103 68 19 named
2424 1105 51 17 Puru
2485 1104 68 19 Kamu,
2565 1104 54 22 (Blue
2629 1103 62 24 Gum),
2706 1104 67 21 belong-

2346 1127 34 23 ing
2393 1129 20 16 to
2428 1127 32 18 the
2474 1124 60 26 Ngati
2551 1127 116 18 Pahauwora
2682 1127 53 17 tribe,
2751 1127 33 17 but

2347 1148 62 20 whose
2426 1150 43 18 wife
2485 1151 15 16 is
2518 1152 19 15 of
2551 1150 24 18 To
2589 1150 75 21 Whaiti,
2680 1150 68 21 agreed
2766 1151 18 16 to

2347 1174 57 21 guide
2413 1174 31 17 Mr
2452 1173 86 23 Phillips'
2549 1179 66 13 survov
2630 1174 55 23 party
2700 1173 49 17 from
2760 1173 25 18 To

2347 1197 76 20 Whaiti,
2433 1197 26 22 by
2469 1197 120 19 Ruatahuna;
2607 1197 19 17 to
2643 1191 81 23 Wiiiroa.
2758 1198 26 15 As

2347 1220 53 18 Puru
2409 1218 65 19 Kamu
2481 1220 33 18 did
2522 1221 35 16 not
2564 1220 71 23 belong
2641 1221 21 16 to
2676 1220 25 17 To
2714 1220 70 16 Whaiti

2347 1244 95 23 objection
2453 1249 37 12 was
2500 1244 54 16 made
2563 1245 19 15 to
2592 1244 28 16 his
2634 1243 58 21 doing
2706 1249 26 12 so,
2749 1242 35 18 and

2347 1265 92 24 Ngapuhi
2446 1272 8 12 s
2463 1267 43 17 wife
2515 1267 37 16 and
2567 1267 65 21 family
2647 1266 80 22 stopped
2739 1265 45 18 him.

2347 1290 54 17 when'
2419 1290 84 19 crossing
2519 1289 32 18 the
2568 1289 105 18 Whirinaki
2691 1289 54 18 river,
2760 1289 25 21 by

2347 1314 71 20 seizing
2426 1313 32 18 the
2467 1312 60 19 bridle
2536 1315 20 14 of
2565 1313 28 16 his
2601 1313 54 18 horse
2664 1312 38 17 and
2714 1312 59 17 throw-

2347 1337 33 20 ing
2389 1336 24 17 its
2422 1336 50 17 rider
2480 1336 40 17 into
2529 1336 32 17 the
2571 1338 74 15 stream.
2676 1336 39 16 The
2724 1335 60 18 horse,

2347 1359 60 17 which
2418 1366 37 10 was
2469 1359 51 17 Puru
2535 1361 64 15 Kamu
2605 1365 8 11 s
2629 1365 41 10 own
2688 1361 96 19 property,

2346 1387 40 13 'was
2394 1383 57 16 taken
2460 1383 25 21 by
2495 1382 106 23 Ngapuhi's
2610 1383 104 21 daughters
2725 1383 19 16 to
2753 1381 33 18 the

2347 1410 30 19 pit,
2395 1406 25 17 its
2436 1412 64 10 owner
2516 1406 100 22 returning
2633 1407 19 16 to
2669 1405 32 16 the
2718 1411 68 16 survey

2347 1435 61 16 camp.
2434 1429 29 17 On
2473 1435 10 11 a.
2494 1428 67 19 second
2570 1428 79 23 attempt
2660 1428 58 21 being
2732 1428 54 17 made

2347 1453 26 22 by
2381 1453 52 17 Puru
2442 1453 62 16 Kamu
2514 1454 19 15 to
2543 1458 50 12 cross
2601 1452 33 17 the
2643 1452 48 16 river
2706 1451 31 17 the
2747 1456 26 12 wo-

2348 1480 41 13 men
2419 1475 88 23 captured
2537 1475 40 17 him
2605 1475 36 17 and
2671 1475 45 16 took
2746 1474 39 17 him

2348 1503 20 12 to
2384 1499 32 17 tho
2433 1505 30 16 pa.
2493 1498 78 22 Having
2587 1498 64 17 talked
2668 1498 32 17 the
2718 1498 68 17 matter

2349 1528 43 11 over
2400 1522 52 18 Puru
2461 1522 64 17 Kamu
2535 1528 37 10 was
2580 1521 80 18 induced
2671 1522 19 16 to
2706 1521 41 20 give
2760 1527 26 16 up

2347 1545 29 17 his
2385 1545 73 23 project
2466 1545 38 17 and
2512 1545 81 17 remains
2601 1545 19 17 in
2629 1545 32 17 the
2670 1550 30 17 pa,
2714 1544 72 21 having

2348 1571 34 19 got
2391 1569 47 16 back
2448 1568 28 17 his
2485 1569 108 22 agreement
2603 1568 46 17 with
2659 1568 31 17 Mr
2699 1566 85 23 Phillips.

2348 1592 45 17 This
2400 1592 16 17 is
2425 1599 9 9 a
2442 1593 41 15 true
2490 1592 80 17 account
2577 1592 19 16 of
2603 1591 33 18 tho
2643 1591 143 18 circumstances

2348 1615 102 21 regarding
2459 1615 32 17 the
2501 1615 90 22 stopping
2600 1615 20 16 of
2629 1615 31 16 the
2670 1620 67 16 survey
2754 1619 21 12 ac-

2349 1636 78 25 cording
2436 1640 19 15 to
2464 1636 97 25 Ngapuhi,
2572 1636 36 19 and
2618 1638 23 17 he
2647 1637 73 18 further
2728 1638 58 16 states

2349 1661 41 17 that
2398 1661 45 22 they
2450 1660 38 18 will
2492 1663 33 15 not
2532 1661 55 17 assist
2595 1661 32 16 the
2633 1666 87 17 progress
2728 1660 21 18 of
2754 1659 32 18 tho

2349 1689 66 17 survey
2425 1691 20 10 or
2454 1684 32 17 the
2500 1684 127 17 construction
2642 1684 19 16 of
2670 1683 55 17 roads
2737 1684 48 16 from

2349 1708 24 17 To
2390 1708 70 16 Whaiti
2475 1710 20 14 to
2509 1707 114 18 Ruatahuna
2638 1707 36 17 and
2692 1706 92 18 onwards.

2349 1731 52 22 They
2410 1731 54 17 think
2474 1731 40 16 that
2524 1731 15 16 if
2549 1731 55 16 roads
2619 1736 31 12 are
2667 1729 119 19 constructed

2350 1755 44 16 with
2404 1755 32 16 the
2445 1756 77 14 consent
2532 1760 20 10 or
2567 1754 59 17 under
2639 1754 32 17 the
2688 1752 98 23 authority

2349 1778 20 16 of
2377 1778 32 16 tho
2417 1777 73 17 natives
2499 1777 43 17 that
2549 1777 46 22 they
2604 1776 38 18 will
2651 1777 22 16 be
2683 1776 57 17 taxed
2749 1771 37 21 anil

2349 1801 42 17 that
2400 1801 32 17 the
2445 1801 45 16 land
2504 1800 37 17 will
2551 1800 22 16 be
2582 1799 107 23 ultimately
2698 1799 88 23 acquired

2349 1824 25 22 by
2388 1823 32 18 the
2438 1824 133 16 Government.
2597 1825 25 15 At
2639 1830 10 9 a
2666 1823 84 21 meeting
2767 1823 19 16 of

2348 1848 73 16 natives
2429 1847 44 16 held
2482 1848 19 16 at
2511 1847 24 17 To
2544 1844 71 20 Whaiti
2624 1853 24 10 on
2666 1846 31 17 the
2713 1846 43 17 23th
2767 1846 19 16 of

2349 1871 45 22 May
2404 1877 50 10 some
2464 1874 47 14 Wore
2520 1870 83 22 opposed
2616 1871 20 15 to
2650 1869 38 17 and
2702 1875 51 11 some
2766 1869 20 17 in

2349 1894 54 16 favor
2411 1895 20 15 of
2440 1894 31 16 the
2481 1899 72 16 survey,
2572 1893 35 17 but
2619 1898 25 12 no
2660 1892 75 17 definite
2753 1892 22 17 de-

2349 1917 57 16 cision
2416 1922 37 12 was
2462 1916 73 18 arrived
2544 1918 26 15 at.
2595 1915 90 24 Ngapuhi
2695 1915 91 22 expected

2349 1943 19 14 to
2378 1941 22 15 he
2408 1938 48 19 back
2464 1940 19 16 in
2493 1940 46 17 time
2543 1940 21 17 to
2570 1939 67 18 attend
2641 1938 80 19 another
2727 1939 48 17 moot-

2349 1964 33 22 ing
2399 1963 60 17 which
2482 1969 37 11 was
2536 1964 28 15 set
2580 1962 56 18 down
2654 1962 29 17 for
2700 1961 86 22 Tuesday

2349 1985 121 24 (yesterday),
2492 1987 21 16 at
2529 1986 60 16 which
2608 1986 14 16 it
2641 1992 36 10 was
2695 1984 91 24 expected

2349 2010 43 17 that
2400 2008 31 19 Mr
2440 2008 73 19 Carroll
2521 2009 38 17 and
2572 2009 81 22 perhaps
2661 2009 56 16 Hone
2732 2008 54 17 Hoke

2349 2033 63 17 would
2420 2033 23 16 be
2452 2035 80 20 present.

2372 2056 20 17 It
2408 2056 37 17 will
2463 2056 22 16 he
2502 2062 42 10 seen
2564 2055 41 17 lhau
2622 2056 51 16 lucre
2688 2055 14 16 is
2714 2061 11 10 a.
2735 2060 50 10 some

2348 2079 121 24 discrepancy
2500 2079 84 16 between
2617 2078 31 17 tho
2683 2077 102 18 statement

2349 2102 53 17 made
2411 2102 25 22 by
2445 2101 90 23 Ngapuhi
2542 2101 37 16 and
2586 2102 32 15 the
2624 2102 79 15 account
2709 2100 76 16 derived

2349 2126 48 16 from
2406 2125 80 17 another
2499 2130 64 11 source
2580 2124 20 16 of
2617 2123 31 18 the
2666 2125 85 15 outcome
2766 2123 20 16 of

2349 2148 32 17 the
2390 2154 50 11 same
2449 2148 83 21 meeting
2541 2149 20 15 at
2570 2147 25 17 Tc
2600 2146 76 18 Whaiti.
2702 2145 72 18 Accord-

2348 2172 34 20 ing
2391 2173 19 15 to
2419 2171 65 18 letters
2493 2171 60 16 which
2567 2176 31 11 are
2614 2169 74 21 alleged
2702 2170 19 16 to
2738 2169 48 16 have

2349 2195 47 16 been
2404 2194 84 22 brought
2496 2194 26 21 by
2531 2193 108 22 Fitzgerald
2648 2199 24 11 on
2681 2192 28 17 his
2721 2194 65 15 return

2349 2218 49 17 from
2406 2218 76 21 serving
2490 2217 71 17 notices
2571 2223 23 10 on
2604 2216 32 18 the
2645 2216 97 18 TJroweras
2755 2215 31 17 the

2349 2241 72 17 natives
2430 2247 33 16 say
2476 2241 43 17 that
2535 2246 24 11 no
2576 2239 117 17 obstruction
2711 2239 37 16 will
2763 2238 23 17 be

2349 2263 69 19 offered
2426 2265 20 16 to
2455 2264 32 17 the
2496 2269 68 16 survey
2572 2263 15 17 if
2592 2269 24 11 no
2624 2262 80 17 Maories
2711 2267 62 12 accom-

2349 2293 51 17 pany
2408 2288 32 16 the
2449 2288 57 21 party
2513 2287 36 16 but
2557 2287 43 16 that
2612 2286 15 17 if
2641 2291 37 17 any
2695 2285 45 17 such
2754 2290 32 12 arc

2349 2311 45 17 with
2404 2311 32 17 the
2445 2316 67 16 survey
2520 2311 56 21 party
2586 2316 21 10 or
2615 2309 84 21 artillery
2707 2309 20 16 in
2741 2314 34 17 pro-

2349 2333 78 23 ceeding
2447 2337 20 13 to
2488 2333 114 17 Ruatahuna
2629 2333 44 21 they
2699 2331 39 18 will
2763 2331 23 17 be

2349 2357 79 23 stopped
2436 2356 39 18 and
2484 2356 124 21 roadmaking
2617 2354 103 24 prevented
2727 2354 20 17 in
2754 2354 32 17 the

2349 2380 89 19 Urowora
2446 2382 86 19 country.

2373 2404 38 17 The
2419 2403 156 18 communication
2582 2401 115 23 despatched
2700 2401 26 22 by
2732 2401 41 22 Nga-

2349 2427 45 21 puhi
2405 2429 18 15 to
2433 2426 55 17 Hone
2497 2426 54 17 Hoke
2560 2426 33 17 has
2606 2426 50 17 since
2670 2425 48 16 been
2732 2424 54 17 made

2349 2450 71 17 known
2429 2450 24 22 by
2464 2450 31 17 tho
2504 2450 63 17 latter.
2593 2450 19 16 It
2624 2450 16 16 is
2655 2454 23 11 on
2694 2448 32 17 the
2739 2448 47 16 lines

2349 2473 95 18 indicated
2452 2473 26 23 by
2488 2472 96 23 Ngapuhi.
2611 2470 20 19 It
2646 2472 15 18 is
2678 2470 66 23 signed
2761 2470 25 23 by

2349 2498 25 16 To
2380 2496 108 21 Whatanui,
2497 2496 96 18 Hamiora,
2600 2493 97 24 Ngapuhi,
2706 2494 78 23 Pihopa,

2349 2520 103 17 Ruharuhi.
2462 2519 38 18 and
2509 2519 26 18 all
2544 2519 20 18 of
2572 2519 32 17 the
2613 2518 129 22 Ngiltiwhare,
2749 2517 37 17 and

2349 2545 58 15 states
2416 2543 43 18 that
2529 2542 46 17 road
2584 2543 48 16 from
2646 2542 79 16 Galatea
2733 2542 19 15 to
2761 2540 25 17 To

2349 2565 71 19 Whaiti
2429 2566 14 17 is
2452 2572 24 11 an
2492 2564 31 19 old
2538 2565 51 19 road,
2605 2565 94 17 therefore
2713 2564 42 18 that
2771 2564 15 16 is

2349 2590 27 17 all
2383 2589 63 24 riglit;
2460 2590 36 16 but
2505 2589 32 17 the
2551 2588 128 18 construction
2687 2587 20 18 of
2715 2592 12 12 a
2740 2586 46 18 road

2349 2615 20 15 to
2378 2613 115 17 Ruatahuna
2501 2612 38 17 and
2547 2611 156 18 Waikarcmoana
2706 2610 58 17 —this
2771 2610 15 17 is

2349 2642 47 11 new.
2422 2635 33 18 Wo
2464 2641 30 12 are
2504 2636 68 21 pained
2580 2635 39 17 and
2627 2641 31 11 are
2667 2639 61 16 weary
2743 2639 43 12 over

2349 2660 44 16 this.
2426 2660 39 17 The
2481 2658 77 19 soldiers
2579 2658 47 17 have
2647 2656 73 20 arrived
2735 2657 50 16 hero.

2349 2681 75 20 Friend,
2435 2683 53 16 there
2496 2683 16 16 is
2520 2688 24 11 no
2554 2688 65 11 reason
2628 2682 20 16 in
2662 2686 35 12 our
2710 2679 76 23 opinion

2349 2705 30 18 for
2387 2706 32 17 the
2426 2707 87 21 presence
2522 2705 20 18 of
2546 2705 52 17 those
2604 2704 83 18 soldiers.
2700 2703 51 17 Well
2758 2708 28 12 ivc

2349 2735 25 11 no
2383 2729 59 17 desire
2451 2730 20 15 to
2480 2728 71 18 assault
2560 2734 21 11 or
2590 2728 34 17 kill
2643 2727 71 23 people.
2747 2726 39 17 The

2349 2751 83 24 pakehas
2453 2753 50 16 wont
2524 2754 20 14 to
2565 2751 115 17 Ruatahuna
2700 2751 20 16 to
2737 2750 49 16 erect

2349 2776 80 16 stations
2438 2775 59 23 (trig).
2523 2775 64 18 Tuhoc
2596 2774 71 22 caught
2681 2771 105 25 (overtook)

2349 2799 52 17 them
2419 2799 37 16 and
2472 2798 85 23 brought
2573 2796 148 24 (accompanied)
2734 2796 52 17 thorn

2349 2822 49 17 back
2407 2824 20 15 to
2436 2822 24 17 To
2469 2820 78 18 Whaiti.
2573 2820 40 18 One
2622 2822 20 16 of
2650 2825 34 12 our
2693 2825 41 11 own
2740 2825 34 16 peo-

2349 2846 30 21 ple
2394 2845 120 18 volunteered
2531 2846 20 16 to
2568 2851 24 15 go
2609 2844 46 17 with
2672 2843 52 17 them
2739 2848 19 11 as
2775 2849 11 10 a

2349 2869 63 21 guide.
2438 2869 38 16 Thi!
2486 2873 73 12 women
2568 2867 101 24 prevented
2683 2866 40 17 him
2737 2865 49 17 from

2351 2892 66 22 going.
2454 2891 39 17 The
2514 2891 112 17 Governor's
2643 2886 142 26 (Government)

2349 2915 103 23 policemen
2461 2920 38 11 saw
2508 2914 32 17 the
2550 2919 71 12 women
2630 2915 43 20 stop
2681 2912 39 18 him
2737 2912 48 17 from

2350 2938 64 21 going.
2452 2938 38 16 The
2507 2937 78 17 soldiers
2601 2944 31 10 are
2649 2937 59 22 going
2725 2941 23 11 on
2765 2937 21 15 to

2372 2985 31 17 No
2411 2984 122 17 information
2542 2984 33 17 iias
2584 2984 31 22 yet
2624 2983 47 17 been
2679 2981 107 18 rcceivodof

2349 3008 51 17 what
2410 3008 104 21 transpired
2523 3008 21 16 at
2552 3006 100 22 Monday's
2662 3005 82 22 meeting
2750 3005 36 16 but

2349 3032 33 16 the
2390 3031 76 22 general
2475 3030 110 23 impression
2598 3035 59 12 seems
2671 3031 19 15 to
2705 3029 23 16 be
2742 3028 44 17 that

2350 3055 32 16 the
2398 3060 68 16 survey
2481 3054 39 17 will
2533 3060 25 14 go
2575 3060 24 9 on
2615 3053 80 16 without
2712 3051 74 17 further

2349 3078 117 17 obstruction
2475 3076 90 23 provided
2574 3076 42 17 that
2629 3082 24 10 no
2666 3075 73 17 natives
2753 3081 21 10 ac-

2349 3107 92 16 company
2450 3101 33 16 the
2492 3105 104 16 surveyors.
2621 3099 38 17 The
2674 3099 25 16 To
2713 3097 72 17 Whaiti

2348 3125 73 16 natives
2430 3130 30 10 are
2469 3128 44 12 now
2520 3122 60 23 ilying
2589 3123 32 17 the
2629 3122 63 17 Union
2701 3119 48 20 Jack
2765 3121 21 16 in

2349 3145 57 20 token
2416 3147 20 16 of
2444 3146 65 19 amity.

2838 125 59 18 NEW
2911 126 74 18 TOWN
2999 127 209 20 IMPROVEMENTS.

2819 171 3 24 •
2831 171 39 17 The
2879 173 112 22 carpenters'
3001 173 93 18 hammers
3104 179 33 11 can
3151 174 22 16 he
3187 175 36 19 heat

2808 194 77 24 ringing
2894 196 74 22 merrily
2978 197 18 15 in
3007 197 31 16 the
3047 202 41 12 new
3096 196 100 24 township,
3212 194 2 26 :
3218 194 2 26 :

2808 217 54 18 other
2878 218 92 21 evidence,
2986 219 18 17 in
3019 220 31 16 tic
3068 225 41 16 way
3124 220 100 20 of'clearin

2808 240 79 18 sections
2897 242 122 22 preparatory
3028 244 20 15 to
3057 242 93 24 building,
3165 243 61 21 demon

2809 268 66 12 :trates
2884 270 44 16 very
2945 264 73 23 plainly
3035 264 41 18 that
3092 266 67 18 lessees
3175 271 21 13 at
3211 269 15 18 tli

2807 291 63 12 recent
2887 287 7 17 1
2901 287 31 17 tnd
2949 288 38 17 side
3003 289 65 16 intend
3089 289 100 21 observing
3211 292 16 18 tli

2807 308 88 24 building
2903 316 9 11 o
2920 310 88 17 million-
3017 313 20 14 of
3046 311 48 18 their
3102 311 58 18 leases
3169 312 18 18 in
3196 315 18 16 ti;

2807 332 97 23 integrity.
2930 334 38 16 'Die
2989 334 65 17 Grand
3071 335 64 20 Hotel,
3146 340 44 13 now
3206 338 22 17 fa;

2807 361 17 16 a]
2829 357 107 21 .proa,riling
2945 357 114 22 completion
3065 357 44 18 does
3113 360 36 16 not
3153 358 21 18 of
3179 364 38 13 com
3226 357 2 22 .

2807 385 51 10 come
2868 379 59 18 under
2939 379 38 18 (his
2991 383 95 19 category,
3104 381 35 17 but
3155 388 11 10 a
3181 388 31 17 rep

2807 400 76 25 dealing
2894 403 43 16 with
2948 403 31 17 tho
2983 402 146 24 improvements
3134 405 20 16 in
3163 405 59 17 then..

2807 425 94 22 township
2922 426 62 16 would
3005 427 82 22 scarcely
3106 427 23 17 he;
3151 428 75 23 compl'c:

2808 448 79 17 w,thout
2896 454 50 12 some
2956 449 83 17 mention
3046 451 20 15 of
3075 450 31 17 the
3115 454 49 13 most
3172 451 59 23 hnpos.

2807 470 34 22 ing
2847 472 93 17 structure
2948 472 19 17 in
2981 472 19 17 it.
3033 473 38 16 The
3085 474 113 21 contractor,
3210 476 18 17 il

2808 493 111 22 McCalium,
2934 496 33 16 has
2983 496 37 16 had
3035 502 55 16 many
3104 496 106 19 difficulties
3222 493 4 25 •

2808 517 79 17 contend
2897 518 45 16 with
2952 518 18 16 in
2981 518 31 17 the
3022 525 40 16 way
3080 520 19 16 of
3113 520 76 22 getting
3203 521 22 18 for-

2808 539 51 18 ward
2867 546 97 17 necessary
2974 542 84 17 material
3068 543 37 16 and
3113 548 21 12 so
3143 548 31 14 on,
3184 543 30 18 but
3222 546 8 17 i;

2807 562 47 22 spite
2864 564 19 16 of
2891 564 26 17 all
2933 564 38 17 this
2986 565 51 17 work
3051 565 34 17 has
3102 565 80 23 steadily
3198 562 31 27 pi-,

2807 586 81 21 grossed,
2899 586 36 18 and
2944 593 43 11 now
2996 594 11 10 a
3016 594 45 16 very
3069 588 37 17 fair
3113 589 42 16 idea
3171 595 32 11 can

2808 609 71 17 formed
2901 611 19 15 of
2941 611 32 16 the
2993 617 115 16 appearance
3129 612 61 17 which
3210 614 17 17 tli-

2807 632 87 22 building
2903 633 37 17 will
2949 637 76 18 present
3042 634 53 17 when
3109 635 16 17 it
3138 635 62 17 leaves
3215 637 14 17 hj

2807 654 66 18 hands.
2906 656 39 17 The
2965 658 96 16 verandah
3083 658 59 17 which
3165 660 64 18 extend

2795 675 1 26 j
2807 678 60 17 round
2876 679 32 17 tho
2917 680 97 21 frontages
3022 680 19 17 in
3050 681 73 17 Fenton
3132 682 38 16 and
3183 682 49 19 Hint:-

2794 703 2 28 j
2807 706 43 12 moil
2866 703 66 16 streets
2949 703 15 17 is
2981 710 11 9 a.
3009 703 78 18 massive
3104 705 37 16 and
3159 705 73 19 chaste!-,

2794 722 3 29 |
2807 726 122 16 ornamented
2937 726 52 22 piece
2998 727 20 16 of
3026 726 146 24 Workmanship.
3205 730 23 16 T.

2795 748 2 23 |
2807 748 78 21 capitals
2894 748 20 18 of
2923 748 31 18 the
2961 750 64 21 pillars
3034 750 37 16 and
3081 750 31 17 the
3125 751 83 17 columns
3223 759 8 12 y

2795 770 2 25 |
2808 770 31 17 the
2848 772 37 16 two
2895 772 50 17 main
2954 772 98 23 doorways
3060 779 31 11 are
3100 773 82 19 adorned
3199 776 32 17 wit]

2807 793 76 18 voluted
2892 795 65 17 Hcrolls
2966 795 37 17 and
3018 797 44 16 with
3079 797 32 16 the
3124 800 73 19 tracery
3210 798 14 18 b

2808 818 59 15 (ween
2876 819 89 21 prcsontn
2973 819 50 17 most
3027 819 88 23 pleasing
3119 825 108 17 appearand

2808 840 57 17 Much
2883 841 124 22 forethought
3028 843 34 16 has
3083 842 94 24 evidently
3198 844 12 17 b
3221 840 2 26 -

2808 863 92 18 exercised
2918 865 17 15 in
2954 865 77 23 making
3048 865 32 19 the
3093 866 66 18 facade
3175 867 21 17 of
3212 872 16 13 t..

2807 886 88 24 building
2903 894 20 10 as
2931 888 108 22 impressive
3048 895 20 10 as
3077 889 86 23 possible,
3180 897 11 10 a
3207 891 14 17 fa

2807 910 60 16 which
2878 910 36 17 will
2925 910 23 17 he
2957 917 51 11 more-
3022 912 87 22 strongly
3125 913 102 22 pinphasisc

2808 933 53 17 when
2871 933 32 17 the
2918 935 94 16 structure
3029 935 14 16 is
3061 935 111 23 completed.
3205 938 24 17 Ti;

2795 956 1 24 ,
2808 956 49 17 work
2869 956 35 18 will
2915 958 73 22 require
2997 964 11 11 a
3021 964 50 11 more
3085 959 110 18 exhaustive
3208 966 10 10 u
3228 956 4 24 ,-

2807 978 35 17 tieo
2851 980 18 15 in
2880 980 31 16 the
2921 986 64 11 course
2994 982 20 15 of
3022 988 11 9 a
3043 983 49 16 week
3102 988 21 10 or
3132 983 43 17 two.

2832 1001 20 18 Iu
2863 1003 67 17 Arawa
2939 1006 57 14 street
3005 1004 31 17 the
3045 1005 31 16 oil
3087 1004 116 20 Courthouse
3209 1006 20 17 hi

2795 1024 1 26 I
2807 1024 47 18 been
2862 1026 60 22 safely
2927 1026 77 18 moored
3015 1033 25 11 on
3051 1028 24 16 its
3082 1034 39 10 new
3130 1029 87 21 anchora;

2795 1044 1 26 I
2808 1047 73 18 refitted
2890 1049 124 21 throughout,
3025 1050 37 18 and
3069 1051 54 17 made
3128 1051 40 18 into
3175 1058 12 11 a
3193 1056 9 14 C
3211 1060 13 9 ■:.

2807 1070 81 19 fortublc
2903 1072 165 22 dwelling-hou-e.
3099 1075 74 18 Certain
3189 1079 34 14 a.;.

2795 1093 1 28 i
2807 1093 49 19 tions
2865 1101 31 11 are
2906 1102 42 10 now
2958 1096 56 24 being
3023 1098 53 15 made
3085 1098 104 23 consisting
3198 1104 16 16 pi

2807 1117 52 23 large
2868 1118 47 23 shop
2923 1119 38 17 and
2977 1120 110 20 workroom,
3102 1122 61 16 suited
3177 1125 19 13 to
3212 1117 17 24 i;.

2794 1142 2 22 I
2807 1142 60 16 wants
2876 1143 20 15 of
2906 1142 31 17 the
2945 1143 96 21 incoming
3050 1145 71 16 tenant.
3148 1145 44 17 This.
3207 1152 24 10 v..

2807 1163 56 24 bring
2872 1164 32 19 the
2913 1166 88 21 frontage
3010 1167 20 16 of
3039 1167 31 16 the
3080 1167 87 21 building
3179 1170 19 15 to
3212 1169 20 17 (i„

2807 1188 187 21 propei-alignment.
3020 1190 31 16 Mr
3060 1190 64 17 Lvnds
3134 1191 14 16 is
3156 1192 33 17 the
3198 1197 31 12 con

2808 1211 70 17 tractor
2886 1211 30 17 for
2924 1212 32 17 the
2974 1212 100 22 additions,
3086 1212 36 19 and
3138 1215 87 21 point-,,,

2807 1233 41 16 that
2858 1234 24 17 all
2892 1235 33 16 the
2934 1235 67 17 timber
3010 1237 44 16 used
3064 1236 33 18 has
3101 1235 122 19 boonobtii.hu

2807 1256 69 23 locally
2885 1257 47 18 from'
2942 1259 32 16 the
2984 1260 87 16 sawmills
3081 1260 20 16 of
3109 1260 69 18 Messrs
3183 1261 49 19 Steel,

2808 1279 59 18 Bros.,
2878 1281 36 16 ami
2924 1280 46 19 Karl
2980 1282 51 17 Bros,
3042 1282 37 18 and
3088 1283 97 18 Williams.
3205 1285 19 16 T.

2808 1302 75 18 dressed
2904 1303 68 19 timber
2988 1306 78 16 consists
3083 1307 19 16 of
3123 1307 109 20 rusticating

2807 1324 81 26 flooring
2896 1327 37 17 and
2943 1328 65 21 lining,
3020 1329 24 16 all
3054 1329 19 16 of
3081 1329 54 18 rimu.
3162 1329 27 23 By
3198 1336 17 16 pi
3227 1340 5 6 ,-

2807 1350 67 20 curing
2883 1350 37 17 this
2930 1352 46 16 class
2986 1353 19 15 of
3014 1352 68 17 timber
3090 1353 69 22 locally
3174 1360 11 9 a
3199 1359 25 12 con-

2808 1371 90 20 siderable
2907 1374 67 21 saving
2983 1375 15 16 is
3007 1375 83 17 effected.

2831 1395 82 18 Further
2921 1397 55 17 down
2993 1398 31 16 the
3038 1399 56 17 street
3109 1399 40 17 Mrs
3166 1399 66 24 Young

2808 1419 19 15 of
2836 1418 77 19 Mokoia
2921 1421 58 17 View,
2998 1421 15 16 is
3026 1421 87 23 utilising
3127 1427 40 13 one.
3179 1424 19 16 of
3212 1424 13 16 !.■

2808 1442 79 17 sections
2896 1443 25 22 by
2936 1444 32 16 the
2981 1445 80 16 erection
3080 1446 19 15 of
3115 1451 10 11 a
3142 1446 47 22 shop
3207 1452 20 12 an

2808 1464 90 25 dwelling
2913 1466 57 18 house
2988 1468 28 16 for
3025 1468 60 17 which
3102 1475 11 10 a
3129 1471 67 15 tenant
3210 1470 19 16 1.-,:

2808 1488 76 23 already
2894 1489 45 18 been
2948 1489 66 18 found.
3039 1491 32 17 Mr
3079 1492 20 17 T.
3117 1492 96 22 Chapman
3228 1488 3 26 i

2808 1511 32 17 the
2857 1515 112 16 contractor.
2995 1514 40 17 Mrs
3051 1514 71 22 Young
3138 1515 40 18 also
3199 1522 25 12 con-

2808 1534 100 23 templates
2916 1536 73 23 adding
2996 1543 12 11 a
3015 1543 42 12 now
3071 1538 50 23 wing
3135 1540 20 16 to
3167 1539 62 18 Mok;-.'

2808 1557 52 18 View
2869 1559 63 17 before
2941 1560 33 16 the
2982 1566 65 12 season
3056 1567 63 16 opens,

2831 1581 89 23 Clearing
2928 1583 107 22 operations
3043 1590 32 11 are
3083 1585 38 16 also
3130 1585 58 23 being
3201 1591 24 17 pro-

2808 1604 68 18 oeedod
2884 1606 46 17 with
2942 1613 25 10 on
2981 1607 32 16 Mr
3029 1606 21 18 E.
3069 1608 120 17 Robertson's
3205 1615 21 12 sec-

2807 1627 50 18 tions
2866 1628 19 16 in
2894 1629 104 18 Tutanokai
3005 1632 61 17 street,
3074 1631 37 17 and
3116 1631 44 18 that
3163 1632 60 23 belong-

2807 1650 34 22 ing
2850 1653 19 15 to
2879 1652 31 16 Mr
2919 1653 20 16 F.
2950 1653 87 17 Goodson
3046 1654 19 16 in
3075 1655 99 17 Pukuatua
3181 1657 51 15 street

2807 1674 32 17 Mr
2847 1675 59 17 Brent
2914 1675 16 17 is
2938 1676 39 17 also
2987 1677 101 22 preparing
3101 1679 29 16 for
3144 1678 49 18 fresh
3210 1686 7 9 ;,
3229 1674 2 25 I-

2808 1696 75 19 ditions.
2909 1699 103 22 Capacious
3022 1707 19 10 as
3050 1700 28 17 his
3085 1701 89 22 premises
3182 1708 30 11 are
3223 1707 9 11 .-:<

2807 1722 77 20 present
2903 1722 46 23 they
2971 1723 37 17 will
3029 1724 82 21 scarcely
3137 1727 49 15 meet
3210 1725 22 18 tin

2808 1744 76 24 coming
2892 1750 71 13 season.
2998 1746 31 18 Mr
3036 1747 73 18 Corlett
3123 1748 16 16 is
3148 1748 38 16 also
3201 1750 24 21 get-

2808 1766 42 23 ting
2859 1769 33 16 out
2901 1768 54 23 plans
2965 1770 29 16 for
3003 1776 11 11 a.
3031 1770 45 22 shop
3092 1771 36 16 and
3143 1771 80 24 dwelling-

2808 1789 58 19 house
2874 1791 20 17 in
2902 1792 105 17 Tutanokai
3019 1795 57 15 street
3090 1795 19 16 of
3123 1794 69 22 unique
3206 1800 26 12 inn:

2807 1813 87 22 pleasing
2902 1815 72 24 design,
2985 1816 72 17 besides
3065 1817 55 17 other
3125 1818 52 17 work
3184 1818 38 17 whii
3231 1813 1 26 .

2808 1837 39 17 will
2855 1837 23 16 be
2887 1844 51 11 more
2947 1839 122 23 particularly
3076 1840 80 18 referred
3163 1843 19 15 to
3191 1841 41 18 wliei

2808 1865 141 17 arrangements
2967 1869 31 10 are
3015 1863 73 17 further
3104 1864 96 17 advanced
3214 1865 18 17 foi

2808 1885 130 23 commencing
2947 1885 112 23 operations.

2808 2666 96 18 LATEST
2916 2667 73 18 NEWS
3003 2669 72 17 FROM
3087 2669 31 17 TE
3139 2667 92 19 WHAITI

2832 2714 108 23 According
2949 2715 19 17 to
2982 2714 31 17 Mr
3027 2714 58 19 Wake
3099 2715 42 17 who
3156 2716 80 17 returnee

2809 2735 48 17 from
2867 2735 25 19 Te
2901 2737 69 18 Whaiti
2980 2737 37 18 lost
3025 2738 56 23 night
3090 2738 15 17 it.
3116 2743 78 18 appears
3203 2738 33 18 tint:

2808 2759 31 16 Mr
2854 2759 87 24 Phillip's
2954 2762 56 21 party
3021 2761 50 18 Sinco
3079 2762 32 16 Mr
3119 2761 86 19 Cussen's
3213 2768 16 12 ar-

2808 2781 47 18 rival
2864 2783 33 17 has
2907 2790 49 16 gone
2965 2784 86 18 onwards
3060 2784 19 18 in
3088 2785 32 17 the
3129 2784 107 19 directionoi

2809 2805 114 19 Ruatahuna
2940 2808 38 16 and
2994 2806 148 24 Mungapohutu
3156 2810 20 15 to
3196 2811 40 15 erect

2808 2828 40 24 trig
2869 2830 79 17 stations
2972 2830 38 18 and
3027 2833 49 15 meet
3097 2832 31 16 Mr
3148 2832 77 22 Clayton-

2807 2855 57 19 party
2874 2853 49 17 from
2932 2853 31 18 the
2972 2852 87 20 Waikarc
3068 2854 70 17 Moami.
3148 2854 45 18 side.
3207 2855 29 17 The

2808 2874 87 25 trigging
2911 2877 15 16 is
2944 2877 90 23 expected
3051 2878 19 17 to
3086 2877 23 18 be
3126 2877 79 19 finished
3219 2879 17 21 by

2808 2898 32 17 the
2849 2899 37 17 end
2895 2900 19 17 of
2926 2900 56 17 June.
3008 2901 38 16 The
3060 2901 84 21 artillery
3158 2907 32 11 are
3203 2907 33 12 now

2808 2921 78 24 moving
2890 2928 24 12 on
2917 2923 138 18 toOkuhuhalf
3056 2929 41 18 way
3100 2925 19 17 to
3123 2924 113 18 Ruatahuna.

2808 2943 88 21 Kcrcm's
2909 2948 56 21 party
2982 2947 38 17 still
3037 2948 60 16 assert
3113 2948 42 17 that
3171 2948 65 23 though

2808 2969 112 23 consenting
2928 2970 20 17 to
2957 2975 68 18 survoy
3034 2970 45 23 thoy
3088 2969 38 19 will
3135 2972 34 16 not
3177 2971 59 23 permit

2808 2991 55 18 roads
2871 2993 21 17 to
2899 2992 24 18 bo
2931 2993 56 18 made
2994 2993 21 18 in
3022 2994 50 17 their
3085 2996 85 20 country.
3197 2994 30 18 Yes-

2808 3014 82 24 terday's
2899 3016 84 22 mooting
2991 3022 39 12 was
3043 3016 89 24 expected
3144 3018 17 17 to
3171 3017 23 18 be
3203 3024 10 11 a
3222 3017 14 18 do

2808 3037 55 18 cisive
2884 3045 41 14 one,
2943 3040 37 16 and
2997 3046 51 10 news
3064 3041 20 16 of
3104 3040 42 18 that
3166 3041 15 16 is
3202 3046 34 12 now

2808 3062 86 17 awaited.
2919 3063 32 17 Mr
2959 3063 66 17 Carrol
3033 3063 15 18 is
3057 3063 38 18 still
3104 3065 21 16 at
3135 3064 23 17 To
3168 3063 68 18 Whaiti,

2809 3106 425 46 CABLEGRAMS

2831 3197 86 21 London,
2932 3198 51 18 June
2999 3200 17 16 4.
3019 3200 49 16 —As
3081 3199 32 17 the
3125 3200 86 18 outcome
3224 3200 13 17 of

2808 3220 31 16 the
2848 3220 110 19 disclosures
2968 3222 54 17 made
3032 3223 20 16 at
3060 3222 32 18 the
3100 3222 43 18 trial
3153 3223 20 17 of
3187 3223 50 18 Oscar

2808 3242 60 18 Wiide
2876 3243 38 18 and
2923 3244 69 21 Taylor
3005 3246 32 16 the
3048 3244 59 23 police
3121 3246 47 17 have
3182 3247 47 16 issue
3236 3242 1 25 '

2808 3267 94 22 warnings
2911 3269 20 15 to
2940 3268 34 17 200
2983 3274 76 17 persons
3068 3268 98 23 suspected
3180 3270 21 16 of
3209 3270 19 16 be-

2807 3289 34 23 ing
2849 3290 102 18 concerned
2959 3291 20 17 in
2988 3290 71 19 similar
3064 3291 119 19 abominable
3187 3298 40 18 prac-

2807 3312 51 19 tices.

2831 3336 108 21 Capetown,
2956 3337 50 17 June
3022 3337 60 18 4.—A
3099 3339 55 23 party
3168 3340 21 16 of
3210 3344 18 12 ex-

2806 3358 71 23 plorers
2885 3359 90 23 trekking
2984 3361 19 16 in
3018 3361 30 17 the
3062 3362 56 16 north
3132 3362 65 22 report
3210 3362 24 17 tin

2806 3382 96 22 discovery
2911 3383 20 16 of
2939 3383 87 22 splendid
3039 3384 61 17 fertile
3115 3387 80 21 country
3209 3385 19 19 be-

2806 3403 51 24 yond
2865 3405 32 18 tho
2912 3406 92 17 Kalahari
3021 3407 62 17 desert
3099 3408 94 24 excelling
3210 3409 19 16 th

2806 3427 101 19 Transvaal
2916 3429 19 17 in
2944 3430 105 22 suitability
3059 3431 29 17 for
3097 3431 113 17 settlement.

2829 3451 96 21 Adelaide,
2934 3453 51 17 June
2994 3454 81 16 4.—Ten
3090 3454 94 18 thousand
3196 3455 31 16 bus-

2805 3474 40 17 hels
2854 3475 20 16 of
2883 3475 62 18 wheat
2953 3478 20 15 at
2982 3478 21 15 :{s
3011 3483 34 15 per
3052 3476 66 18 bushel
3133 3477 47 18 have
3194 3477 43 18 been

2805 3497 105 22 purchased
2919 3500 30 16 for
2957 3500 95 24 shipment
3060 3502 20 15 to
3090 3498 47 19 New
3152 3501 85 16 Zealand.

2805 3521 38 16 The
2851 3521 72 23 Colony
2928 3523 16 17 is
2949 3523 40 17 also
2996 3523 78 23 making
3082 3523 53 24 largo
3140 3524 97 23 purchases

2808 3543 19 17 in
2836 3543 54 18 flour.

2896 3587 236 33 TELEGRAPHIC.

2829 3633 105 23 Auckland,
2951 3635 150 23 Wednesday.—
3109 3637 31 17 Mr
3156 3637 81 23 Wright.

2805 3657 108 21 Pukckqho,
2923 3658 33 18 has
2965 3659 48 17 been
3021 3659 71 17 elected
3101 3662 19 15 to
3129 3660 33 17 the
3178 3660 60 17 Boar.'

2805 3681 21 16 of
2834 3679 112 19 Education.

2829 3703 83 21 Opotiki,
2934 3705 181 22 Wednesday.—Mr
3131 3707 28 16 W.
3178 3706 60 24 Kelly,

2805 3725 87 23 M.H.R.,
2910 3727 34 18 has
2952 3728 47 17 been
3008 3728 78 21 visiting
3095 3730 37 16 this
3141 3730 36 17 and
3189 3730 49 17 other

2805 3750 85 22 portions
2899 3751 19 17 of
2926 3750 29 18 his
2963 3750 80 19 district.
3069 3751 30 18 He
3113 3752 34 18 has
3159 3752 37 18 had
3213 3753 17 17 in-

2806 3773 85 17 terviews
2900 3773 37 18 and
2946 3775 39 17 met
2994 3774 126 23 deputations.
3146 3776 31 17 Mr
3186 3776 41 18 Kell
3236 3773 2 24 ;

2805 3796 35 17 left
2848 3796 153 19 forWhakatano
3010 3797 105 24 yesterday.

2829 3816 110 25 WdodvUlc,
2961 3820 91 23 Tuesday.
3062 3816 3 30 ■
3094 3822 15 16 A
3136 3822 38 21 boy
3195 3828 24 18 ag
3237 3816 1 30 ;

2807 3843 161 22 twenty.months,
2986 3844 31 18 the
3033 3844 50 17 child
3099 3844 20 18 of
3135 3844 32 18 Mr
3184 3845 54 24 Soptil

2806 3865 103 22 carpenter,
2919 3867 43 17 died
2971 3867 99 23 yesterday
3079 3868 49 17 from
3136 3868 32 18 the
3181 3869 50 17 effe.-.
3237 3865 1 25 •

2806 3888 20 17 of
2834 3886 80 26 sucking
2922 3889 34 18 hot
2965 3891 29 17 tea
3012 3890 47 17 from
3076 3891 32 17 the
3125 3891 56 21 spout
3198 3893 19 17 of
3234 3886 4 26 ;i

2808 3912 70 21 teapot.

1332 62 58 20 THE
1418 62 57 20 HOT
1502 60 91 21 LaEES
1621 60 171 25 CH&ONICLE,
1820 60 189 24 WEDNESDAY,
2037 60 75 22 JUNE
2141 65 18 20 5,
2175 63 48 19 1890

107 2022 63 46 H.
225 2018 199 54 KOHN,

52 2082 253 25 MANUFACTURING
325 2080 159 23 JEWELLEB,

163 2119 90 24 Queen
278 2117 92 28 Street,

208 2157 122 19 Auckland.

50 2218 43 14 and
105 2211 39 27 ,B,
160 2207 170 27 PETERSON
346 2207 21 23 &
384 2206 49 29 Co.,

162 2248 76 20 HIGH
258 2246 112 26 STREET,

123 2292 3 26 '
144 2297 10 18 .;
182 2292 4 26 4
186 2292 166 21 CiniisTCiiTjjicn.

44 2367 5 2 -
76 2357 44 19 Tlie
129 2355 77 26 largest
223 2354 40 19 and
279 2354 53 19 most
347 2352 61 20 select
429 2350 57 20 stock

50 2383 23 20 of
82 2382 102 26 jewellery
194 2381 56 25 kept.

344 2651 7 25 |

52 2700 432 52 HANCOCKS'

230 2829 88 31 xxxx

163 2887 213 52 ALES,

184 2953 123 22 MADE/FROM
317 2952 41 14 THE

53 3000 115 34 FINEST
196 2999 89 32 WALT
308 2997 62 32 AND
389 2996 97 36 HOPS,

93 3095 52 15 I'RKE
158 3094 54 15 FROM
224 3093 40 14 ALL
277 3091 129 15 ANTISEPTICS
419 3091 26 13 OR

160 3130 139 15 DELETERIOUS
318 3130 65 13 ACIUS.

53 3193 139 34 CAPTAIN
214 3192 84 31 COOK
310 3190 179 38 BREWERY,

162 3250 194 21 NEWMARKET.

143 3324 251 45 NOTICE.

55 3457 203 36 FRANKTON
283 3455 206 35 JUNCTION

221 3500 115 32 HOTEL.

90 3610 173 25 IASSENGERS
276 3610 30 25 by
320 3610 54 20 train
389 3610 21 19 to
424 3608 52 20 Auck-

249 3636 55 21 land.

54 3735 73 20 Trains
148 3734 45 24 stop
214 3733 78 23 twenty
309 3731 87 19 minutes
414 3731 23 18 at
456 3729 34 20 the

83 3759 124 27 _,Erankton
216 3758 99 20 Junction
323 3757 33 18 for
365 3756 81 20 dinner.

80 3810 43 19 Tko
145 3806 140 26 undersigned
312 3805 39 19 has
380 3805 110 19 first-class

54 3836 66 19 Meals
132 3834 63 26 ready
204 3833 41 20 and
256 3831 73 21 served
337 3838 27 13 on
378 3831 76 20 arrival
470 3831 20 19 of

53 3862 29 19 k.ll
92 3861 71 20 trains.

54 3908 219 48 William
286 3904 201 56 Geateh,

112 3988 319 25 PROPRIETOR.

56 4081 149 26 Hancock's
213 4079 98 24 XXXX
318 4076 171 31 Aleslalways

54 4105 3 24 :
121 4108 37 21 ii.
185 4114 34 15 on
231 4105 127 24 Draught,

700 126 57 19 THE

613 155 102 33 LAKES
730 155 201 33 CHRONICLE'

598 258 149 21 PUBLISHED
766 259 89 19 EVERY.

573 298 154 21 EDNESDAY
766 296 176 22 AFTERNOON.

559 407 86 21 TERMS
658 409 32 18 OF
703 406 186 22 ADVERTISING:

509 442 65 19 Casual
585 442 165 21 Advertisements,
761 443 19 15 :2s
789 441 23 23 <>;
820 441 7 23 l
835 441 23 23 por
871 442 44 18 inch
929 441 15 19 if

532 466 42 22 paid
584 467 20 17 at
614 467 33 15 tlie
660 465 46 17 time
720 465 20 17 of
754 465 99 23 ordering;
875 472 20 10 os
912 471 32 17 per

531 489 42 17 inch
583 489 15 16 if
606 488 80 19 booked.

508 517 57 16 Short
573 515 161 18 Advertisements
748 515 20 17 of
781 517 35 15 not
829 520 52 13 more
898 516 45 17 than

531 539 52 16 three
604 538 46 17 linos
671 538 60 17 under
755 539 33 16 the
812 539 92 22 headings
925 540 19 16 of

662 563 12 7 '•
682 562 39 17 For
801 567 20 12 or
851 562 26 17 To

531 584 37 18 will
578 584 23 18 be
609 585 81 17 inserted
696 585 21 17 at
726 585 32 17 the
766 587 40 15 rate
812 585 19 17 of
839 586 19 16 Is
864 585 46 17 each
915 585 29 17 for

531 607 40 18 first
585 608 53 17 three
654 607 106 21 insertions,
777 608 38 17 and
831 608 112 22 subsequent

530 631 100 16 insertions
639 632 21 15 at
667 631 41 16 half
721 631 56 22 price,
793 631 15 16 if
821 631 45 22 paid
879 631 30 17 for
925 632 18 15 at

530 654 32 17 the
571 654 45 16 time
626 654 20 16 of
654 653 94 23 ordering.

509 685 93 22 Standing
609 685 159 17 Advertisements
774 686 30 16 for
809 686 52 16 three
868 685 75 17 months

531 714 21 10 or
566 708 67 22 longer
647 708 47 17 with
707 708 54 23 right
772 709 21 17 of
807 708 101 17 alteration
924 708 19 17 at

531 731 61 17 stated
601 731 80 23 periods,
692 736 34 12 oan
739 731 23 18 he
776 731 93 23 arranged
883 731 31 17 for
924 732 19 16 at

530 761 11 11 a
550 755 65 16 liberal
625 756 46 15 rate.

629 816 197 20 SUBSCRIPTION:

509 850 38 17 Ten
555 848 92 25 Shillings
654 856 34 16 per
696 856 69 11 annum
782 848 80 24 payable
875 848 20 18 in
910 848 22 19 ad-

555 879 64 11 vance.
644 874 73 16 Twelve
724 873 86 22 shillings
816 872 80 18 booked.

529 907 63 21 Agent
601 905 29 18 for
638 906 47 16 New
699 905 149 23 Township—lt.
858 903 65 19 Wake,

510 964 210 23 STATIONERY
733 964 208 23 STATIONERY

519 1032 61 17 JUST
592 1032 117 17 ARRIVED
719 1032 31 17 AT
759 1031 52 18 THE
821 1031 95 19 CHRONI-

645 1059 49 17 CLE
707 1060 99 17 OFFICE.

508 1123 98 44 I7IIRST
619 1122 187 21 CONSIGNMENT
819 1126 19 16 of
847 1125 83 18 Commer-

573 1148 34 17 cial
625 1147 39 18 and
681 1149 80 17 General
778 1149 108 22 Stationery
901 1154 42 12 now

597 1171 73 22 opened
679 1176 31 18 up,
722 1172 103 22 consisting
833 1171 20 18 of

508 1198 84 23 Boxes
600 1199 67 23 Note
674 1200 83 29 Paper
765 1199 22 23 &
796 1199 146 30 Envelopes

509 1229 130 29 Drawing,
651 1230 130 27 Exercise,
791 1230 84 22 Memo
892 1230 51 22 and

561 1255 119 23 Account
689 1256 94 27 Books,

509 1287 118 27 Ledgers.
653 1286 130 29 Journals,
811 1286 57 30 Day
892 1288 51 22 and

561 1312 67 26 Cash
638 1313 94 27 Books,

509 1349 97 23 Official
614 1349 155 29 Envolopes,
785 1347 49 24 and-

560 1375 63 29 ping
633 1373 92 31 Paper,

509 1409 135 30 Stephen's
648 1409 108 29 writing
762 1409 65 23 Inks
833 1409 35 23 all
876 1409 67 23 sizes

508 1441 119 27 Blotting
637 1441 91 28 Paper,
748 1439 125 24 Business
891 1440 52 23 and

560 1467 118 29 Visiting
688 1466 86 25 Cards,

508 1498 76 29 Pens,
596 1500 112 23 Pencils,
722 1498 92 27 Slates,
827 1496 73 30 Gum,

588 1530 52 28 &c-,
697 1530 51 27 &c,
806 1529 42 22 &c.

522 1582 152 25 LEAVING
688 1582 67 24 THE
768 1582 160 23 DISTRICT.

508 1636 117 24 Genuiue
637 1636 58 22 Sale
715 1636 28 22 of
757 1634 117 30 Drapery
892 1634 51 23 and

661 1662 128 28 Clothing.

533 1714 57 20 FOE
601 1714 19 19 A
634 1714 66 20 FEW
715 1712 102 21 WEEKS
830 1712 84 20 ONLY.

522 1766 96 20 EVERY
641 1765 122 20 ARTICLE
785 1764 143 21 REDUCED.

509 1818 104 47 RARE
632 1817 202 20 OPPORTUNITY
855 1817 32 19 for
908 1818 35 19 the

582 1845 74 19 Public
665 1847 21 17 to
692 1844 99 26 purchase
798 1844 53 18 their
861 1843 83 20 Winter

508 1872 68 19 Goods
582 1874 21 16 at
611 1871 39 19 less
658 1871 49 19 than
715 1869 117 21 Wholesale
841 1870 74 19 Prices.

539 1923 48 46 S.
628 1921 286 56 HOWARD,

626 1988 93 21 COMET
733 1988 93 20 STORE.

645 2053 150 19 •ROTOTWA

532 2225 47 27 (One
587 2228 87 17 minute's
684 2228 50 17 walk
743 2228 48 17 from
798 2227 32 18 the
836 2227 73 18 Govern-

660 2253 54 16 ment
722 2250 74 23 Baths.)

627 2298 189 23 TeR7U£S:

535 2333 45 23 35s
588 2340 45 23 per
652 2332 88 31 week;
760 2333 28 23 6s
804 2337 45 25 per
858 2332 57 29 day.

533 2366 62 25 Two
606 2368 90 23 weeks
706 2374 28 16 or
743 2367 99 29 longer,
861 2366 55 24 30s.

635 2458 187 20 PROPRIETOR.

641 2513 65 24 POR
723 2514 88 23 SALE.

511 2566 231 23 HPOTARAHOUSE
749 2566 112 20 BLOCKS.
867 2566 75 20 Stiain.

516 2591 25 20 JL
576 2599 38 20 ers,
627 2593 40 19 and
676 2592 137 20 Government
823 2593 40 18 size
875 2593 67 21 Posts,

510 2620 20 18 in
541 2626 40 18 any
592 2619 101 25 quantity,
705 2619 102 19 delivered
816 2620 20 17 to
846 2625 40 18 any
895 2621 47 22 part

510 2645 21 19 of
540 2646 34 18 the
584 2645 182 26 district.—Apply
779 2647 21 17 at
809 2645 34 19 the
855 2645 87 19 Auction

510 2671 61 20 Mart,

694 2697 20 19 J.
730 2697 28 19 H.
772 2695 119 21 TAYLOR.

536 2762 174 24 WYNYARD
725 2762 190 29 &PURCHAS,

572 2798 130 20 Barristers
710 2804 42 13 and
764 2798 122 22 Solicitous,

510 2828 82 26 Temple
599 2828 119 24 Chambers,
726 2828 59 25 High
791 2828 29 24 St,
827 2827 108 20 Auckland

511 2885 82 43 WE
605 2886 53 19 have
667 2892 73 19 money
750 2889 19 16 to
780 2885 47 19 lend
839 2892 25 12 on
881 2885 52 19 Mort-

602 2918 53 19 gage
665 2913 21 18 of
701 2912 100 20 Freehold
816 2912 40 19 and
872 2911 62 19 Lease-

511 2938 48 19 hold
568 2942 96 21 property
674 2940 20 18 at
706 2942 80 16 current
795 2940 61 17 rates.

510 3025 296 46 EhrenMed
822 3024 123 47 Bros

655 3104 147 24 BREWERS,

590 3135 111 21 ALBERT
717 3136 149 24 BREWERY,

534 3178 219 23 QUEEN-STREET,
768 3178 159 20 AUCKLAND

534 3240 67 17 WINE
613 3240 50 16 AND
676 3240 80 16 SPIRIT
766 3240 156 21 MERCHANTS,

556 3266 123 17 BOTTLERS
690 3267 51 16 AND
758 3267 144 20 IMPORTERS,

599 3295 28 19 43,
641 3299 132 12 aUEEN-STRIIEr
789 3299 69 11 WIIAEF.

606 3346 51 11 PRIZE
668 3346 60 12 MEDAL
739 3347 35 11 J.ND
785 3346 70 12 ATAEDS

514 3377 24 16 At
545 3376 29 17 the
587 3376 90 21 following
693 3376 113 17 Exhibitions
820 3376 28 16 for
857 3381 32 11 our
897 3376 39 17 well-

607 3398 64 16 known
682 3398 47 16 Bulk
737 3398 33 15 cind
779 3397 68 17 Bottled

627 3423 48 16 ALE
686 3423 52 16 AND
749 3422 85 17 STOUT:

513 3454 69 20 Sydney
589 3452 127 16 International
723 3452 107 19 Exhibition,
842 3453 47 16 1879.

513 3475 101 15 Melbourne
621 3473 128 17 International
755 3474 108 18 Exhibition,
872 3475 71 15 1880-81

513 3495 43 17 New
562 3495 74 16 Zealand
644 3495 205 20 IndusfcrialExhibition,
853 3492 79 24 Welling-

556 3518 36 17 ton,
602 3517 48 15 1885.

512 3537 45 17 New
574 3537 76 17 Zealand
664 3538 34 15 and
712 3539 54 15 South
778 3537 40 17 Seas
834 3537 109 17 Exhibition.

555 3558 87 17 Dunedin.
653 3560 80 15 1889-90.

513 3581 22 15 In
543 3580 77 16 addition
628 3581 18 15 to
655 3581 53 15 above
716 3581 44 15 have
777 3581 43 15 boon,
833 3580 80 16 awarded
926 3581 19 15 at

555 3601 105 16 Taßtnanian
691 3602 108 19 Exhibition,
827 3601 117 21 Launcoston,

557 3622 79 16 1891-02.

599 3646 58 18 FIVE
668 3648 70 16 FIRST
755 3648 103 17 AWARDS

714 3678 33 12 FOE

513 3701 67 16 BULK
590 3700 110 17 BOTTLED
713 3700 43 17 ALE
770 3700 15 17 3
799 3700 43 17 AND
859 3700 79 17 STOUT

708 3736 47 19 Also,

599 3766 252 32 CHAMPIONSHIP

541 3812 65 23 Gold
618 3812 87 23 Medal
716 3812 29 23 of
754 3811 165 24 Australasia

619 3846 73 12 AGAINST
703 3846 99 11 AitCOMErS
811 3846 33 12 FOE

514 3869 89 23 BULK
616 3869 70 23 AND
707 3868 146 24 BOTTLED
867 3868 65 24 ALE

607 3933 74 21 Having
689 3939 11 10 a
707 3934 58 21 Large
773 3934 52 15 Stock
832 3934 19 15 of

626 3963 49 16 ALE
686 3963 52 16 AND
750 3962 82 21 STOUT,

515 3994 68 17 Bottled
591 3994 18 15 in
616 3995 52 19 quart
678 3995 34 15 and
728 3994 40 21 pint
779 3994 67 18 bottles,
862 3995 83 21 specially

513 4016 67 17 brewed
587 4015 27 16 for
622 4015 30 16 the
660 4020 76 11 Bummer
745 4016 53 19 trade,
809 4015 56 16 which
871 4020 29 11 are
906 4021 39 10 now

512 4036 105 21 thoroughly
625 4036 85 20 matured,
724 4041 33 11 can
770 4036 43 16 with
826 4041 51 16 every
890 4037 45 15 confi-

512 4059 51 16 dence
574 4057 109 17 recommend
699 4062 47 11 same
762 4058 18 15 to
793 4062 118 12 connoisseurs
926 4063 19 11 as

512 4080 61 17 second
581 4080 17 16 to
606 4083 45 13 none
660 4078 18 17 in
687 4078 30 16 the
726 4078 72 22 Colony.

1056 125 87 24 MAIL
1165 125 145 24 NOTICES.

968 176 80 45 THE
1058 178 121 19 Letter-box
1191 178 42 19 will
1246 178 27 19 be
1282 178 80 19 cleared
1371 178 31 19 for

1028 204 89 20 Despatch
1126 204 18 15 of
1155 204 146 20 correspondence
1315 205 45 14 from
1368 204 35 15 this

966 225 50 16 orhco
1024 227 18 14 to
1049 226 29 15 the
1086 224 164 17 under-mentioned
1263 226 57 19 places
1334 230 19 10 :is
1367 224 26 16 fol-

966 245 43 18 lows
1017 245 4 18 :

987 267 35 17 For
1030 267 90 17 Auckland
1129 267 33 15 and
1178 266 120 18 intermediate
1308 266 61 17 Offices
1377 267 24 20 by

996 289 23 19 'l,
1028 288 91 21 Mondays,
1139 287 117 22 Wednesdays
1270 289 35 15 and
1321 287 79 22 Fridays,

1008 316 18 11 n.
1052 310 85 20 Monday's
1145 309 33 16 arid
1190 308 120 18 Wednesdays
1319 311 9 15 7
1337 315 43 15 p.m.

988 331 35 17 For
1031 332 93 18 Tauranga
1132 331 34 15 and
1177 329 25 17 To
1211 330 54 20 Puke,
1276 331 86 20 Mondays
1370 330 33 16 and

966 353 81 21 Fridays,
1056 354 19 15 G.
1075 354 19 15 30
1103 357 40 12 a.m.

988 374 35 16 For
1040 375 72 15 Marati,
1138 372 114 20 Whakatanc,
1282 372 61 17 Ohiwa
1370 373 33 15 and

967 396 77 20 Opotiki,
1061 394 90 21 Monday's,
1172 395 19 15 G.
1191 395 19 15 30
1228 399 49 14 a.m.,
1295 394 100 20 Thursdays

967 418 38 15 7.30
1014 423 42 15 p.m.
1101 418 127 23 '-,""''.

988 438 36 16 For
1032 435 92 21 Atiamuri,
1138 435 97 19 Wairakei,
1249 435 61 23 Taupo
1330 435 71 23 Napier,

967 459 35 16 and
1011 459 77 19 Galatea,
1096 458 96 20 Tuesdays,
1202 459 39 15 7.30
1251 463 42 15 p.m.

990 480 35 17 For
1030 480 93 19 Atiamuri,
1136 478 89 17 AVairakei
1240 479 34 15 and
1285 480 66 20 Taupo,
1364 478 29 16 Fri-

967 502 42 20 day,
1020 503 38 15 7.30
1066 503 42 19 pim.

990 527 138 17 N.B.—Letters
1150 527 103 21 containing
1275 527 88 21 anything
1385 527 19 16 of

968 550 51 15 value
1025 549 59 16 should
1093 550 20 15 be
1119 549 68 16 handed
1202 552 18 13 to
1232 549 29 16 the
1272 549 106 16 Postmaster
1386 552 17 12 to

967 571 10 7 v
978 572 10 6 '~
997 571 101 19 registered.

999 594 58 13 letters
1063 590 103 21 containing
1173 592 43 22 coin,
1228 592 14 15 if
1254 592 61 19 posted
1333 591 70 20 Unregis

968 612 53 16 tered.
1040 612 35 16 will
1092 613 21 15 be
1129 612 122 21 oompulsorily
1263 612 95 21 registered
1370 612 34 16 aud

967 633 77 21 charged
1049 634 63 15 double
1117 634 111 20 registration
1237 635 34 15 fee.

989 655 36 15 The
1033 654 140 21 Receiving-box
1181 658 19 12 at
1208 654 29 17 Mr
1247 653 72 19 Wake's
1331 655 43 21 shop
1388 654 15 16 is

967 676 66 16 cleared
1042 677 46 21 daily
1096 680 18 12 at
1126 677 8 15 5
1143 682 49 15 p.m.,
1202 680 63 16 exoept
1272 682 22 10 on
1314 676 88 21 Sundays.

1126 703 26 19 E.
1162 703 26 19 D.
1201 701 121 25 DANSEY,

1244 733 132 20 Postmaster.

967 848 84 44 ANY
1056 848 100 19 PERSON
1163 850 60 17 found
1232 851 116 22 trespassing
1357 851 47 16 with

1036 872 39 23 dog
1083 878 21 12 or
1113 879 39 16 gun
1161 878 24 12 on
1197 879 38 12 any
1248 874 76 22 portion
1338 873 21 18 of
1373 873 31 18 the

967 896 47 17 N.Z.
1036 896 79 17 Thames
1131 896 68 22 Valley
1220 894 54 20 Land
1291 895 113 24 Company's

968 919 65 17 Estate
1043 919 37 17 will
1089 919 23 17 be
1122 917 117 25 prosecuted.

1103 942 77 17 MARK
1193 943 140 21 HARBISON,

1282 967 98 21 Manager.

969 1022 84 32 KARL
1078 1022 86 32 BROS
1189 1023 26 31 &
1235 1022 168 33 WILLIAMS

984 1070 168 45 Steam
1172 1070 219 44 Sawmill

968 1134 190 23 MARAEROA
1175 1134 130 23 OTUROA
1317 1133 87 24 BUSH

999 1165 45 25 Beg
1055 1167 20 17 to
1085 1165 65 19 solicit
1163 1170 12 13 a
1192 1165 60 18 share
1270 1164 21 19 of
1305 1164 69 25 public

1133 1192 113 23 patronage

967 1242 42 19 The
1018 1242 62 20 Eimu
1091 1241 73 20 timber
1174 1242 21 19 in
1210 1242 41 19 this
1270 1242 57 19 Bush
1343 1242 18 19 is
1371 1242 33 19 the

1056 1267 71 20 Finest
1133 1269 22 18 in
1166 1268 52 19 New
1227 1268 98 19 Zealand.

967 1320 38 18 The
1014 1321 113 22 proprietors
1137 1326 30 11 are
1173 1321 93 22 prepared
1272 1322 20 16 to
1300 1320 4 23 j

967 1344 32 17 the
1007 1343 74 24 quality
1090 1343 37 18 and
1141 1343 33 17 the
1185 1343 55 18 finish
1255 1343 20 19 of
1288 1344 32 17 the
1337 1348 68 13 timber

1084 1366 86 23 supplied
1186 1366 26 23 by
1228 1367 59 17 them.

1023 1418 74 12 GOTHIC
1110 1416 82 14 TICKETS
1205 1418 13 12 A
1231 1416 114 15 SI'KCIALTV.

967 1460 89 22 Delivery
1064 1466 20 11 as
1093 1459 82 18 directed
1183 1460 20 16 in
1220 1461 57 19 town,
1296 1461 80 21 country
1385 1465 20 11 or

1131 1483 21 17 at
1164 1483 76 17 station.

990 1575 82 18 Address
1092 1575 29 19 W.
1131 1576 22 17 A.
1163 1576 139 19 WILLIAMS,
1314 1575 90 22 Rotbrua.

1057 1627 104 21 PUBLIC
1178 1628 137 20 MEETING.

971 1681 47 46 A
1028 1680 105 20 PUBLIC
1143 1679 131 21 MEETING
1284 1681 21 19 of
1313 1681 34 19 the
1355 1681 38 19 resi-

1047 1707 58 19 dents
1115 1707 21 18 of
1147 1707 33 18 tlio
1190 1713 45 12 now
1246 1707 40 19 and
1296 1707 34 19 old
1341 1710 51 16 town-

968 1734 56 25 ships
1044 1733 41 19 will
1103 1733 25 19 be
1149 1733 48 19 hold
1214 1732 23 21 in
1255 1733 35 19 the
1310 1733 95 25 Leading

968 1761 64 18 Loom
1043 1761 21 17 of
1073 1759 35 19 tho
1119 1759 87 24 Library
1214 1766 25 12 on
1250 1759 76 25 Friday
1347 1766 45 12 even-

968 1787 35 24 ing
1013 1789 21 15 at
1043 1787 10 16 S
1065 1785 81 19 o'clock.

993 1812 100 20 Bcsixess
1095 1811 55 19 —To
1160 1818 51 18 urge
1221 1818 55 18 upon
1287 1811 34 19 the
1333 1811 72 19 Postal

968 1838 135 25 Department
1133 1837 36 19 the
1206 1837 148 19 desicablonoss
1385 1838 20 18 of

968 1865 117 22 instituting
1096 1870 11 12 a
1117 1866 53 16 town
1181 1863 92 24 delivery
1292 1864 21 18 of
1329 1864 75 18 letters.

1107 1998 158 24 TENDERS.

969 2049 153 20 nrVENLERft
1136 2051 38 21 will
1187 2051 26 17 be
1223 2051 91 21 receivfid
1324 2051 27 23 by
1371 2055 31 14 me

976 2071 25 26 A
1036 2084 28 19 up
1073 2081 21 15 to
1105 2078 33 19 the
1151 2078 47 18 12th
1207 2079 22 17 of
1239 2078 60 22 Juno,
1314 2078 57 18 1895,
1383 2079 21 16 at

968 2104 34 19 the
1012 2103 51 20 Post
1080 2104 67 23 Office,
1167 2103 92 23 Galatea,
1276 2104 32 18 for
1326 2103 78 24 carting

968 2129 137 20 Government
1114 2130 74 23 Stores,
1207 2133 44 21 etc.,
1271 2133 22 15 at
1308 2135 37 19 per
1362 2129 41 22 ton,

968 2157 52 18 from
1030 2156 91 19 Kotorua
1130 2158 20 17 to
1160 2156 93 19 Galatea.

993 2182 44 19 The
1050 2182 69 19 lowest
1129 2189 22 12 or
1160 2189 41 17 any
1211 2182 72 19 tender
1292 2183 35 17 not
1338 2187 55 13 neces-

968 2208 62 26 sarily
1040 2208 100 25 accepted.

1047 2234 28 19 H.
1089 2234 103 19 MUNRO
1207 2233 115 22 WILSON,

1065 2260 54 26 Eng.
1130 2260 86 19 Galatea
1226 2260 58 19 Load
1296 2258 82 22 Works.

1117 2316 52 17 FOR
1181 2315 70 18 SALE.

974 2361 113 18 SAFETY
1111 2362 118 20 BICYCLE,
1367 2361 38 17 Ra-

984 2390 15 14 J
1110 2385 20 17 in
1146 2385 50 23 good
1213 2385 55 17 order
1284 2385 37 17 and
1338 2385 67 17 almost

974 2415 42 11 tew.
1042 2409 45 18 Cost
1095 2408 43 18 £24.
1164 2408 54 17 Price
1227 2408 44 17 £l9.

1163 2432 29 17 W.
1206 2430 26 18 H.
1246 2431 88 20 SMITH,

1291 2454 90 17 Kotorua.

898 4194 104 40 Ask
1024 4195 75 40 for
1124 4193 266 41 Hancock's
1416 4192 277 41 Celebrated
1718 4193 190 40 XXXX
1932 4194 114 40 Ales
2072 4198 94 36 and
2192 4196 154 39 Stout.

2422 3196 52 18 THE
2488 3196 119 18 GALATEA
2624 3194 89 18 ROADS.

2373 3229 99 18 Contracts
2486 3229 47 17 have
2547 3233 43 12 now
2606 3228 47 17 boon
2669 3227 27 18 let
2713 3232 24 11 on
2753 3226 31 17 tlio

2350 3251 244 20 Galatca-Waikaremoana
2614 3250 46 18 road
2681 3249 103 24 extending

2349 3281 45 13 over
2401 3282 12 10 a
2421 3275 83 17 distance
2514 3276 19 16 of
2542 3275 58 16 about
2610 3275 20 15 10
2639 3273 53 17 miles
2700 3273 84 17 between

2349 3299 105 17 Wliirinaki
2471 3298 37 17 and
2519 3298 25 18 To
2561 3296 75 19 Whaiti.
2671 3296 64 17 About
2753 3297 31 16 100

2349 3329 43 10 men
2401 3327 31 12 avo
2441 3321 86 23 engaged
2535 3327 25 10 on
2576 3320 37 17 this
2628 3320 46 17 road
2687 3319 97 23 including

2349 3345 78 18 natives.
2452 3343 59 25 Eight
2521 3350 61 17 gangs
2596 3342 115 24 comprising
2727 3342 57 17 about

2349 3370 23 15 oO
2380 3374 44 12 men
2432 3373 31 12 are
2472 3367 86 24 engaged
2567 3372 24 12 on
2600 3367 32 17 the
2643 3365 130 19 Galatea-Rua-

2349 3392 40 17 toki
2405 3391 47 18 road
2467 3391 62 17 which
2545 3390 16 18 is
2577 3389 38 18 laid
2632 3389 27 18 off
2674 3395 61 12 across
2753 3388 31 17 the

2348 3421 74 15 ranges.
2446 3413 31 18 iTo
2486 3414 72 17 natives
2567 3419 31 11 are
2607 3419 20 11 as
2640 3416 33 19 yet
2686 3410 98 25 employed

2349 3445 24 11 on
2382 3438 37 17 this
2436 3437 52 18 work
2504 3436 75 23 though
2596 3436 94 18 contracts
2707 3435 38 17 will
2761 3435 23 16 bo

2349 3461 106 22 eventually
2465 3462 28 16 sot
2502 3462 33 16 out
2544 3460 29 17 for
2586 3459 57 18 them.
2669 3459 26 17 At
2708 3459 75 21 present

2349 3485 52 17 there
2417 3484 16 17 is
2453 3483 45 23 only
2518 3482 93 18 sufficient
2631 3482 52 17 work
2704 3482 29 16 for
2750 3480 33 18 the

2349 3508 70 22 parties
2429 3507 19 18 of
2461 3505 125 24 unemployed
2600 3507 41 16 sent
2658 3511 31 16 up.
2720 3504 63 21 Fairly

2348 3530 50 22 good
2415 3530 83 18 weather
2513 3530 34 16 bus
2563 3529 48 17 boon
2627 3526 121 25 experienced
2763 3532 20 12 so

2349 3555 33 17 far,
2393 3553 45 22 only
2446 3560 12 10 a
2466 3553 36 17 few
2519 3554 37 15 wot
2569 3551 46 23 days
2629 3550 118 20 intervening
2763 3549 20 17 in

2347 3577 63 17 which
2418 3577 32 16 the
2459 3582 43 11 men
2511 3581 48 12 were
2567 3574 85 18 knocked
2664 3573 31 18 off.
2725 3572 55 17 Great

2348 3600 93 22 circuity
2457 3597 15 20 is
2487 3598 122 24 experienced
2622 3598 19 16 in
2657 3596 77 23 getting
2750 3597 34 16 out

2359 3618 4 24 .
2374 3628 32 12 .res
2415 3623 35 17 but
2459 3624 77 16 matters
2544 3622 20 16 in
2573 3621 37 17 this
2619 3620 72 22 respect
2699 3618 39 18 will
2752 3625 20 11 as-

2347 3652 53 12 sume
2408 3652 12 11 a
2428 3652 51 11 more
2488 3643 96 19 favorable
2592 3645 64 20 aspect
2667 3649 20 10 so
2704 3648 45 11 soon
2763 3648 20 11 as

2347 3670 33 18 t'nc
2388 3668 97 24 projected
2493 3668 58 22 depot
2560 3668 48 16 store
2616 3667 16 16 is
2640 3666 50 17 built
2698 3666 20 17 at
2725 3666 46 17 Gala-

2347 3694 37 16 tea.
2409 3692 39 18 The
2456 3691 65 18 blocks
2529 3690 37 18 and
2575 3690 73 20 timber,
2665 3689 39 21 &c,
2718 3694 55 12 neces-

2347 3721 44 16 sary
2399 3716 30 16 for
2437 3715 32 17 the
2478 3715 52 16 work
2537 3714 48 16 have
2600 3718 48 16 gone
2663 3713 39 19 out,
2718 3712 38 17 and
2772 3718 12 11 a

2347 3739 119 21 storekeeper
2473 3736 102 24 appointed
2583 3736 26 22 by
2615 3736 32 17 the
2656 3736 128 17 Government

2347 3763 51 16 went
2407 3763 34 15 out
2449 3767 24 11 on
2483 3760 92 21 Tuesday.

2370 3784 47 18 Last
2429 3784 52 17 week
2490 3790 11 10 a
2514 3783 84 20 meeting
2613 3788 38 11 was
2666 3781 44 19 held
2727 3783 20 15 at
2759 3782 25 16 Te

2435 3807 55 17 when
2502 3807 32 16 tho
2551 3805 95 22 engineer,
2664 3805 31 18 Mr
2712 3805 26 17 11.
2755 3805 28 16 M.

2378 3831 5 9 T
2386 3837 38 13 ..on,
2435 3829 98 23 explained
2543 3830 20 15 to
2575 3828 32 18 the
2620 3829 72 16 natives
2707 3828 33 17 tho
2754 3828 20 16 in-

2347 3854 73 17 tention
2429 3854 20 16 of
2457 3854 33 16 the
2499 3852 128 18 Government
2634 3852 21 17 in
2669 3851 80 17 relation
2764 3852 20 16 to

2347 3877 32 17 tho
2388 3877 46 17 road
2448 3877 49 16 from
2511 3875 84 20 Galatea,
2613 3875 84 21 through
2711 3874 60 17 Ruata-

2347 3900 57 21 huna,
2420 3901 20 16 to
2456 3899 161 19 Waikaromoana,
2636 3905 11 10 a
2663 3898 85 17 distance
2765 3897 19 17 of

2347 3924 59 17 about
2414 3924 22 15 (>()
2450 3922 59 18 miles,
2525 3922 115 17 Luatahuna
2655 3921 58 22 being
2726 3920 58 17 about

2347 3946 42 18 half
2397 3951 48 16 way.
2470 3946 17 16 A
2495 3944 50 18 little
2560 3944 90 23 finessing
2666 3943 70 18 ensued
2749 3943 35 17 but

2347 3969 16 17 it
2371 3974 38 12 was
2418 3968 107 22 ultimately
2535 3967 77 18 decided
2625 3967 26 22 by
2665 3967 32 17 the
2711 3966 73 18 natives

2347 3992 44 17 that
2406 3997 25 12 no
2451 3991 107 23 opposition
2579 3990 63 18 would
2661 3990 24 17 be
2708 3990 76 17 offered.

2347 4016 39 16 Tho
2394 4015 73 16 natives
2483 4014 47 17 have
2544 4013 89 22 accepted
2650 4014 94 16 contracts
2760 4018 24 12 on

2347 4038 38 18 this
2394 4038 39 17 side
2442 4038 20 17 of
2469 4038 26 17 To
2593 4037 35 16 but
2643 4037 21 16 in
2680 4041 104 18 pursuance

2347 4061 20 17 of
2375 4061 50 17 their
2438 4061 62 22 policy
2516 4061 20 17 of
2549 4059 177 18 non-intervention
2739 4059 45 22 they

2347 4084 39 17 will
2394 4085 34 16 not
2437 4085 109 21 co-operate
2554 4083 19 17 in
2590 4084 32 16 the
2636 4082 61 18 works
2711 4083 72 19 thence,

2347 4106 93 17 onwards.

2807 1938 35 17 DO
2856 1938 54 19 YOU
2924 1939 98 19 SUFFEP.
3034 1940 7 18 ?

2855 1962 51 17 APE
2920 1963 55 17 YOU
2993 1961 143 21 AFFLICTED
3150 1965 68 17 WITH

2808 1983 176 22 INDIGESTION.

2862 2008 146 22 BACKACHE,

2901 2032 79 19 TIRED
2987 2033 99 18 ACHING
3094 2034 85 19 LIMBS.

2956 2055 81 19 LIVER
3051 2056 155 23 COMPLAINr,

3016 2080 4 20 i
3046 2080 148 18 LASSITUDE.
3209 2081 23 17 OS

2830 2101 44 20 Any
2883 2100 104 23 complaint
2995 2101 72 23 arising
3080 2102 48 17 from
3142 2109 24 10 mi
3182 2102 40 24 impo-

2807 2122 86 18 vcvislied
2900 2129 81 13 nervous
2990 2124 70 21 system
3068 2124 7 18 ?
3089 2126 18 16 If
3119 2131 20 10 so

2894 2143 137 22 CLEMENTS
3044 2148 77 18 TOXIC
3135 2148 22 18 IS

2807 2169 17 16 A
2837 2168 87 20 QUICK.
2940 2169 104 19 PROMPT
3056 2170 53 18 AXD
3123 2171 66 18 SURE

2867 2190 73 21 CURE,
2955 2194 25 16 IT
2994 2194 66 17 DOES
3072 2194 50 18 NOT
3135 2195 97 18 MERELY

2807 2214 87 18 ALLAY
2907 2216 52 18 THE
2980 2216 139 20 SYMPTOMS
3140 2218 49 18 BUT

2866 2239 113 18 EFFECTS
2992 2241 16 16 A
3016 2240 162 19 PERMANENT
3190 2242 42 18 AND

2807 2262 155 18 POSITIVELY
2976 2263 110 18 LASTIXG
3099 2264 74 18 CUKE.

3001 2310 55 17 ASK.

2807 2342 32 17 Mr
2855 2341 83 19 Herbert
2952 2343 86 22 Phillips,
3057 2343 122 23 Wellington,
3198 2344 34 18 Nom

2808 2364 88 22 Zealand,
2907 2366 42 17 who
2959 2364 62 19 writes
3030 2372 24 11 on
3062 2364 46 25 July
3121 2366 25 23 2.5
3146 2366 25 23 th,
3188 2368 39 17 IS9-)

2807 2399 11 2 -
2831 2387 37 19 For
2877 2395 57 16 many
2943 2395 54 17 years
3006 2390 10 16 I
3025 2389 47 18 have
3077 2390 46 18 been
3131 2396 10 11 a
3148 2390 84 24 tliorougl

2807 2413 74 21 martyr
2888 2413 26 21 to.
2920 2411 110 19 brohohitis.
3061 2413 9 17 I
3085 2413 46 18 have
3147 2414 85 18 eonsulte:

2807 2435 38 18 and
2854 2435 46 18 been
2910 2436 73 17 treated
2992 2436 25 22 by
3025 2436 75 17 various
3108 2437 79 17 medical
3201 2443 31 12 mra

2807 2458 21 17 of
2841 2458 73 22 ability,
2932 2459 35 17 but
2983 2461 20 15 to
3018 2465 24 12 no
3055 2465 87 18 purpose.
3168 2461 9 16 I
3190 2460 42 18 have

2807 2481 69 24 during
2886 2483 32 16 the
2933 2481 37 19 list
2986 2484 38 16 two
3041 2483 66 21 weeks,
3125 2484 83 18 resorted
3224 2481 3 24 I

2808 2505 94 17 Clements
2919 2506 63 20 Tonio,
3001 2506 38 17 and
3060 2512 31 12 am
3111 2512 43 12 now
3175 2507 57 22 feelin;

2808 2528 108 24 something
2924 2529 37 18 like
2970 2529 68 22 myself
3046 2530 62 22 again.
3123 2530 9 17 I
3140 2536 30 11 am
3179 2530 50 18 indcu

2808 2552 84 22 grateful
2901 2553 20 17 to
2934 2552 32 18 the
2980 2552 46 18 kind
3041 2553 60 17 friend
3115 2554 42 16 who
3173 2559 50 12 recom-

2807 2574 81 18 mended
2897 2576 32 16 the
2938 2576 59 16 above
3006 2575 71 19 certain
3086 2576 52 17 relief
3151 2580 20 13 to
3185 2583 33 11 me.

2807 2597 63 18 Yours
2880 2595 108 27 gratefully,
3000 2599 82 18 Herbert
3091 2597 85 25 Phillips,
3195 2600 37 18 Wei

2807 2620 82 24 lington,
2899 2622 48 17 Xew
2955 2622 89 17 Zealand.

2916 3971 22 22 J.
2962 3971 29 22 E.
3013 3971 127 28 COWAN,

2844 4007 166 22 BARRISTER
3024 4011 15 18 &
3055 4010 153 25 SOLICITOR,

2810 4101 41 19 Ma\
2867 4101 23 20 bo
2900 4102 106 20 consulted
3017 4105 21 17 at
3048 4103 115 20 Fallooua's
3173 4103 60 20 Hotel
