3211 4248
54 67 150 24 GAMBLING
222 64 109 22 AMONG
357 64 115 21 WOMEN

76 126 44 20 Not
133 124 46 24 long
206 128 36 19 ago
260 120 56 20 when
341 127 25 13 an
386 119 85 25 English

50 151 147 24 manufacturer
291 146 60 20 asked
386 145 44 26 why
448 145 24 19 he

50 175 102 29 employed
170 180 76 14 women
273 173 21 19 in
321 171 116 26 preference
454 174 18 16 to

51 211 49 17 men,
111 203 23 19 he
144 200 75 26 replied
229 199 46 19 that
284 199 24 19 he
316 198 32 19 did
358 204 23 13 so
389 198 83 19 because

51 232 34 19 the
99 230 73 20 former
186 225 70 21 lacked
274 225 34 19 the
326 224 52 19 vices
402 223 22 20 of
437 223 35 20 the

49 258 60 20 latter
111 259 96 19 —among
221 251 57 20 other
287 250 69 26 things
370 249 48 25 they
437 249 34 19 did

50 286 35 18 not
91 280 82 28 gamble.
201 277 88 25 Perhaps
307 276 25 19 he
358 280 41 15 was
415 274 56 26 right

50 317 20 13 as
80 306 80 23 regards
167 304 163 26 Englishwomen,
338 302 37 19 but
381 308 11 13 a
402 302 69 19 rather

50 335 92 21 different
158 333 53 19 state
227 330 22 20 of
265 329 69 20 affairs
350 334 83 19 appears
449 330 21 17 to

48 360 75 28 prevail
149 359 22 19 in
198 357 35 20 the
250 355 75 20 United
344 354 71 20 States.
443 354 26 19 In

45 386 99 22 America,
153 385 35 20 the
202 383 58 25 spirit
269 382 22 20 of
308 380 100 27 gambling
430 380 38 19 and

47 412 125 27 speculation
189 411 45 19 that
249 410 34 19 has
302 406 63 21 seized
383 406 87 26 wealthy

46 446 76 14 women
143 445 63 13 seems
223 438 21 17 to
262 435 48 18 have
325 432 84 21 reached
424 439 34 19 pro-

48 467 91 26 portions
157 464 46 19 that
220 468 32 13 are
270 460 86 25 scarcely
375 459 94 20 credible.

48 492 114 24 According
172 492 21 17 to
203 496 11 13 a
223 487 66 20 writer
304 486 21 19 in
343 486 34 19 the
395 486 73 23 Arena,

48 525 75 14 women
133 518 20 19 in
163 516 33 20 the
215 516 66 18 States
300 519 33 13 are
353 512 116 26 prominent

48 545 116 26 supporters
172 542 20 19 of
208 541 34 19 the
397 538 17 20 if
433 540 36 18 not

50 571 70 21 indeed
136 571 26 18 its
178 566 51 21 main
255 568 121 23 supporters.
403 565 65 24 Large

49 598 95 20 numbers
157 594 21 20 of
187 594 55 18 them
261 594 38 17 not
318 592 46 24 only
383 590 38 25 bet,
441 591 27 19 bu

49 624 42 20 also
99 622 43 20 sink
149 618 107 23 thousands
264 618 22 20 of
293 618 73 20 dollars
376 616 92 20 annuallt

50 657 25 12 on
85 650 33 19 the
124 646 61 24 track,
191 645 39 20 and
238 651 49 13 even
295 646 57 23 stoop
359 645 22 17 to
388 642 80 26 bribiny

47 676 85 26 jockeys.
158 673 63 24 Many
249 671 20 19 of
294 670 57 24 them,
370 669 96 24 however,

49 702 36 20 fall
99 699 76 22 victims
191 700 21 18 to
231 697 52 20 their
301 703 43 13 own
362 695 105 26 credulity,

49 728 52 21 since
110 726 46 25 they
163 726 36 19 bet
205 723 107 25 recklessly
325 729 26 14 on
361 728 39 18 any

47 754 38 20 and
94 753 40 19 lose
144 751 53 20 their
214 756 71 19 money
298 756 25 13 on
342 748 35 20 the
391 747 77 21 wildest

49 780 88 20 chances.
164 779 21 19 It
193 777 17 19 is
219 777 47 24 only
275 775 40 21 fair
330 777 20 18 to
370 774 38 20 add
423 774 45 20 that

49 806 33 20 the
89 805 50 26 hope
148 804 21 20 of
179 803 45 26 gain
232 803 16 19 is
258 804 36 17 not
303 802 26 25 by
343 808 39 18 any
400 807 68 13 means

48 832 33 20 the
90 831 73 20 motive
172 830 21 20 of
209 835 59 18 many
285 828 21 19 of
323 827 58 20 these
395 827 72 19 female

47 857 104 27 gamblers.
180 855 62 21 Often
260 854 49 25 they
341 854 49 19 have
417 853 49 20 been

46 886 45 19 sent
105 886 20 17 to
133 883 16 19 it
155 883 26 25 by
188 881 51 21 their
245 881 112 26 physicians
365 882 21 17 to
393 880 73 20 relieve

47 911 52 19 their
108 910 56 20 ennui
174 908 38 20 and
222 908 25 18 its
257 907 98 19 resultant
365 906 100 20 ailments.

45 937 57 21 Some
113 939 49 17 have
169 938 32 17 too
210 934 22 20 li.
237 934 27 19 tie
278 935 20 18 to
316 934 30 23 do,
366 933 39 19 and
424 932 40 19 find

46 963 22 20 in
76 963 34 19 the
117 962 118 20 excitement
245 960 21 19 of
276 960 44 19 turf
330 959 101 26 gambling
440 965 25 12 an

45 989 65 21 outlet
125 989 33 19 for
172 987 52 20 their
243 993 78 19 energy,
339 986 40 19 and
398 986 68 18 others

45 1015 80 25 indulge
151 1015 21 19 in
190 1014 16 19 it
224 1020 21 13 as
264 1019 25 13 an
307 1012 110 20 occasional
435 1018 20 13 re-

47 1042 89 20 creation
146 1048 22 12 or
178 1047 20 13 as
209 1047 25 12 an
242 1039 130 26 opportunity
382 1038 32 20 for
424 1040 31 22 get-

47 1068 43 25 ting
102 1067 122 20 stimnlativo
242 1066 121 19 excitement.
392 1066 60 23 Super-

46 1094 93 20 stitution
147 1100 63 13 comes
228 1092 73 26 largely
318 1091 42 20 iuto
377 1091 51 25 play,
445 1097 20 12 as

47 1120 63 26 might
119 1120 61 25 easily
189 1119 24 20 be
223 1118 103 26 supposed,
338 1118 39 18 and
396 1120 70 21 strong

46 1154 22 13 as
82 1147 17 19 it
115 1147 16 19 is
139 1146 21 19 in
178 1146 34 19 the
226 1145 50 19 male
294 1143 91 25 gambler,
405 1143 16 19 it
449 1143 16 19 is

46 1172 99 26 infinitely
172 1174 91 22 stronger
289 1176 71 18 among
390 1175 74 14 women

46 1198 103 26 gamblers.
177 1197 40 20 The
233 1197 59 19 latter
311 1196 153 25 systematically

45 1225 80 20 consult
136 1224 93 20 mediums
238 1230 21 13 as
267 1225 21 16 to
306 1222 51 19 their
374 1222 88 23 chances,

44 1252 45 24 and,
99 1251 22 20 of
130 1257 74 16 course,
215 1249 77 25 blindly
301 1248 66 20 follow
377 1248 27 20 all
419 1248 45 26 they

45 1285 33 13 are
87 1277 50 20 told.
163 1276 22 20 If
199 1276 48 25 they
254 1275 43 23 win,
313 1275 52 20 their
382 1274 52 20 faith
443 1275 21 19 in

44 1304 40 19 this
112 1310 67 13 means
206 1302 22 20 of
258 1301 98 25 utilising
383 1301 81 26 psychic

44 1330 123 26 phenomena
181 1329 15 19 is
205 1328 100 25 naturally
315 1327 148 26 strengthened.

44 1358 25 19 In
80 1356 80 22 dreams,
172 1358 38 21 too,
220 1354 48 26 they
284 1354 55 25 place
358 1354 35 19 the
412 1355 51 19 most

45 1382 119 21 unbounded
207 1381 101 20 credence.
335 1379 55 26 They
431 1387 33 13 are

44 1408 80 21 cheated
142 1408 47 20 with
205 1407 34 20 the
249 1407 94 26 'greatest
360 1413 51 17 ease,
431 1407 33 19 for

44 1435 52 21 their
108 1434 99 20 readiness
231 1435 20 18 to
271 1433 73 20 believo
363 1433 100 26 anything

43 1461 47 26 they
100 1468 43 18 may
153 1461 47 19 read
209 1461 20 19 in
239 1467 11 13 a
261 1460 92 25 telegram
363 1459 68 21 makes
445 1459 17 19 it

42 1495 12 13 a
62 1494 47 20 very
119 1487 70 27 simple
200 1492 80 14 manner
290 1488 19 18 to
318 1492 75 19 impose
407 1492 55 19 upon

42 1514 59 21 them.

75 1568 19 22 A
105 1567 133 21 NEEDLE'S
246 1566 181 20 PROTRACTED

183 1592 134 20 JOURNEY.

66 1643 99 22 Nineteen
176 1650 56 20 years
247 1649 35 20 ago
303 1642 39 21 this
362 1642 68 21 month
450 1650 10 13 a

42 1676 74 15 Woman
144 1670 88 26 residing
255 1672 22 17 at
303 1670 103 25 Kingston
430 1677 20 13 ac-

42 1696 104 27 cidentally
160 1696 75 27 pushed
253 1703 9 12 a
282 1696 68 20 needle
367 1696 42 20 into
426 1696 34 20 her

42 1724 71 20 breast.
140 1723 39 20 She
197 1723 37 20 had
253 1723 48 20 been
327 1723 73 25 sewing
434 1729 25 14 on

42 1750 39 21 fine
91 1750 77 24 muslin,
178 1750 38 19 and
226 1749 34 20 she
270 1749 74 25 pushed
354 1749 34 20 the
404 1750 56 25 point

41 1777 22 20 of
72 1776 34 21 the
112 1777 68 20 needle
190 1776 84 25 through
284 1776 34 19 the
328 1776 51 25 lapel
389 1776 21 19 of
426 1776 33 21 her

40 1803 80 26 basque,
135 1802 56 20 while
207 1802 34 20 she
256 1802 90 26 inquired
364 1803 43 18 into
426 1803 33 20 the

41 1830 35 20 the
103 1836 59 13 cause
186 1829 21 19 of
231 1835 12 13 a
260 1828 79 26 quarrel
371 1828 88 21 between

40 1858 41 18 two
91 1856 88 19 chiidren
189 1855 42 20 who
250 1861 49 14 were
313 1855 82 25 playing
412 1861 48 15 near

40 1882 34 26 by.
101 1882 26 19 In
146 1889 11 13 a
175 1888 103 20 paroxysm
305 1882 22 19 of
345 1884 52 17 tears
424 1882 36 20 the

39 1915 90 19 younger
139 1909 52 19 child
200 1908 61 19 threw
276 1907 72 21 herself
367 1908 41 19 into
426 1909 34 19 the

40 1941 53 14 arms
101 1934 21 20 of
132 1934 35 20 the
174 1934 51 26 lady,
236 1934 43 20 and.
289 1940 21 14 as
328 1934 35 20 she
380 1934 34 20 did
433 1941 27 18 so,

39 1961 35 20 the
84 1960 69 21 needle
160 1967 39 14 was
209 1960 75 26 pushed
294 1967 21 13 so
333 1960 30 20 far
381 1963 37 18 out
439 1962 21 19 of

39 1987 55 26 eight
103 1987 44 20 that
165 1987 47 26 only
230 1988 33 18 tho
280 1994 35 18 eye
333 1994 39 12 was
382 1987 77 20 visible.

38 2014 19 20 A
68 2014 59 26 quick
145 2016 110 18 movement
273 2015 21 17 to
310 2019 68 15 rescue
395 2014 17 19 it
430 2020 20 14 re-

38 2040 67 20 sulted
115 2040 19 19 in
158 2047 25 13 an
216 2039 64 21 entire
304 2039 155 26 disappenraace

38 2067 22 18 of
68 2066 33 19 the
117 2067 38 18 fine
175 2065 29 20 bit
219 2066 23 18 of
257 2066 53 19 steei.
338 2066 33 19 No
390 2067 56 19 incon-

38 2092 91 20 venience
148 2098 40 13 was
205 2091 133 26 experienced,
359 2092 39 19 and
423 2092 35 20 the
459 2091 1 26 l

37 2116 87 22 incident
143 2124 39 13 was
202 2117 85 26 entirely
303 2118 107 25 forgotten.
438 2119 19 19 A

38 2144 39 20 few
85 2143 93 26 evenings
188 2151 35 17 ago
231 2144 33 19 the
271 2150 79 17 woman,
362 2143 42 21 who
419 2144 37 20 had

38 2171 72 19 carried
125 2170 33 20 the
173 2170 69 20 needle
258 2170 60 20 about
341 2170 33 20 her
387 2171 32 19 for
435 2178 21 13 so

40 2203 55 20 many
106 2204 63 19 years,
185 2204 38 12 was
237 2197 106 19 awakened
353 2199 35 17 out
405 2197 23 20 of
445 2205 12 12 a

40 2223 61 21 sound
119 2223 53 26 sleep
188 2223 26 26 by
242 2230 9 13 a
262 2223 86 26 peculiar
366 2223 91 26 pricking

41 2250 96 20 sensation
147 2250 20 19 in
178 2250 34 19 the
219 2249 74 20 throat.
320 2249 71 26 Rising
400 2256 26 19 up
436 2250 20 20 in

42 2275 71 21 bedsli9
119 2276 64 25 began
192 2277 20 18 to
221 2275 69 26 cough.
317 2276 41 20 The
365 2277 93 26 pricking

40 2301 76 21 became
129 2309 52 13 more
200 2309 70 17 severe,
289 2303 36 19 but
344 2303 35 19 the
397 2303 60 26 sharp

40 2329 102 20 substance
152 2329 97 25 appeared
259 2331 21 17 to
290 2329 23 19 be
323 2329 62 25 rising
392 2329 20 19 in
423 2330 34 19 her

41 2354 72 21 throat.
139 2355 109 26 Thrusting
256 2355 34 20 her
308 2355 72 26 fingers
400 2356 56 20 down

39 2387 22 15 ns
71 2381 30 20 far
110 2389 20 12 as
141 2382 89 25 possible,
239 2382 34 19 she
284 2382 71 26 caught
372 2382 46 20 hold
437 2383 20 19 of

40 2413 26 15 ftn
77 2408 61 25 object
156 2409 37 19 and
211 2408 52 20 drew
278 2408 18 19 it
313 2411 40 17 out.
381 2409 21 19 It
419 2416 38 12 was

40 2434 35 20 the
84 2435 66 19 needle
160 2435 41 19 that
219 2435 38 19 had
274 2435 47 19 been
336 2435 122 26 journeying

41 2460 62 20 about
111 2461 61 20 under
182 2462 32 19 the
226 2461 77 20 surface
313 2462 31 19 for
362 2462 94 20 nineteen

40 2493 64 20 years.

102 2551 77 21 YOUR
188 2552 64 20 BEST
261 2552 119 20 FRIENDS.

66 2602 56 21 After
131 2603 26 20 all
166 2604 32 20 the
207 2604 37 21 fine
259 2605 66 26 things
335 2605 43 20 said
396 2605 63 20 about

38 2628 116 28 friendship,
165 2637 27 14 wo
202 2637 31 14 ore
242 2632 40 19 still
295 2632 20 19 of
325 2632 33 19 tho
377 2632 81 26 opinion

41 2656 50 24 that,
102 2663 20 13 as
132 2663 11 13 a
152 2657 46 24 rule,
209 2664 11 12 a
229 2658 61 19 man's
299 2658 44 19 best
352 2658 76 19 friends
437 2658 21 19 in

41 2682 41 19 this
90 2682 58 20 world
158 2689 32 13 are
199 2683 53 20 those
263 2684 20 19 of
291 2683 31 20 his
332 2691 43 12 own
391 2684 66 19 blood.

41 2705 39 23 AVo
90 2708 74 20 believe
173 2709 41 19 that
224 2716 12 13 a
251 2710 54 25 large
323 2710 44 20 half
385 2711 21 19 of
424 2710 34 21 the

40 2733 106 26 happiness
157 2735 19 19 of
185 2735 32 20 the
231 2736 72 19 human
321 2743 45 13 race
384 2736 16 20 is
419 2736 39 20 due

40 2761 23 19 to
81 2761 165 24 consanguineous
264 2763 134 26 relationship,
418 2763 40 20 and

41 2786 45 20 that
104 2786 24 20 he
146 2787 16 18 is
180 2794 10 12 a
208 2788 31 18 foe
256 2790 19 17 to
285 2789 73 19 human
379 2789 79 20 welfare

41 2811 67 21 whose
125 2813 80 19 conduct
227 2820 21 12 or
265 2815 88 25 opinions
372 2815 48 19 tend
437 2818 21 16 to

40 2838 83 20 ■Weaken
132 2839 39 19 this
178 2840 66 18 sacred
252 2839 32 21 tie.
310 2841 27 19 As
346 2848 13 12 a
376 2841 82 26 general

40 2864 50 24 rule,
102 2865 32 18 the
143 2865 58 19 noble
211 2865 99 26 audjpurc,
320 2874 20 12 so
350 2868 31 19 far
391 2874 21 13 as
428 2874 30 13 wo

40 2888 52 22 havo
102 2890 98 24 observed,
221 2898 31 12 are
271 2893 46 19 fond
334 2895 21 17 of
373 2893 34 20 the
425 2894 33 19 old

40 2913 60 23 homo
108 2916 19 19 of
136 2917 50 19 their
195 2916 107 27 childhood,
318 2920 38 19 and
365 2920 21 18 of
403 2919 55 20 them

40 2942 46 21 Who
96 2944 29 17 sat
136 2943 46 19 witli
191 2942 53 21 them
258 2945 60 19 round
337 2946 25 19 its
372 2946 32 19 old
418 2947 36 18 fire

40 2967 64 29 place.
131 2968 27 19 As
168 2976 11 12 a
188 2969 45 24 rule,
244 2970 43 20 that
296 2977 45 13 man
358 2971 16 19 is
393 2974 21 18 to
431 2972 26 20 be

40 2994 110 21 distrusted
160 2994 42 21 who
211 2996 52 19 loves
271 2999 34 18 not
314 2997 30 20 his
361 2997 83 20 brother
454 2994 4 28 ;

40 3020 42 19 and
100 3020 33 19 the
151 3027 74 14 woman
244 3022 41 20 who
306 3023 52 20 loves
374 3027 35 16 not
423 3024 36 20 her

40 3046 59 22 pister
108 3046 23 24 is,
142 3050 67 22 except
228 3048 16 18 is
261 3055 48 17 rare,
328 3050 87 25 peculiar
429 3051 20 19 in-

40 3074 85 22 etances,
136 3079 11 12 a
158 3079 73 13 woman
241 3074 43 19 who
301 3076 16 18 is
333 3079 34 16 not
385 3076 74 20 herself

40 3097 92 23 beloved.
159 3098 81 20 Cherish
249 3107 47 17 your
301 3101 84 20 kindred
391 3109 68 19 young

40 3124 78 26 people.
155 3124 136 26 Grandfather,
319 3128 140 25 grandmother

40 3152 88 25 parents,
137 3150 96 25 brothers,
244 3152 69 20 sisters,
325 3154 75 19 cousins
421 3156 38 19 and

40 3177 74 20 Becond
121 3178 159 19 cousins—make
294 3179 56 20 much
369 3181 19 18 of
405 3180 54 21 them

40 3202 36 21 all.
102 3202 46 20 You
158 3203 39 20 will
205 3204 41 18 find
259 3211 25 13 no
293 3206 46 18 such
349 3206 74 20 friends
438 3214 22 13 as

42 3229 49 24 they
94 3229 40 20 will
141 3229 30 24 bo,
177 3229 16 19 if
201 3236 39 18 you
245 3236 32 13 arc
284 3230 51 21 what
344 3238 39 18 you
390 3233 70 20 should

40 3253 27 21 be
82 3257 21 17 to
119 3255 58 20 them.
205 3255 110 21 Husbands
341 3258 38 19 and
401 3260 59 19 wives

41 3279 72 21 should
123 3281 42 19 love
183 3282 39 19 and
240 3282 75 20 cherish
333 3284 46 19 each
397 3285 61 20 other.

41 3306 57 20 Even
113 3308 169 23 consanguineous
307 3309 83 21 kindred
416 3311 45 20 who

42 3331 84 26 intrude,
142 3340 22 12 or
173 3340 46 14 even
239 3337 83 24 attempt
339 3338 19 18 to
376 3337 85 25 intrude,

41 3357 53 21 their
372 3363 89 20 between

40 3383 94 21 husband
144 3385 38 20 and
191 3386 51 24 wife,
253 3387 70 20 should
336 3388 25 20 be
379 3391 20 17 at
414 3396 47 14 once

40 3410 41 21 and
91 3411 77 20 forever
177 3411 57 25 given
244 3415 20 16 to
280 3414 120 21 understand
418 3416 43 20 that

42 3437 17 19 it
68 3437 40 19 will
127 3439 33 18 not
178 3438 24 19 do
221 3439 31 18 for
269 3439 49 19 fools
337 3443 20 16 to
375 3441 46 21 rush
441 3443 20 18 in

42 3462 66 21 where
117 3464 68 24 angles
194 3464 46 19 dare
249 3468 33 16 not
292 3467 61 19 tread.

576 64 135 22 WOMAN'S
723 64 107 22 RIGHTS.

517 119 18 18 A
546 118 40 19 mill
603 124 92 13 overseer
713 118 118 26 discharged
849 125 12 13 a
882 118 38 26 boy

490 146 34 17 the
534 144 56 19 other
603 143 44 25 day.
675 144 41 20 The
731 147 50 17 next
799 145 93 25 morning
910 151 11 13 a

490 170 228 25 determinded-looking
727 176 78 14 woman
819 171 100 25 appeared

489 196 22 19 in
520 196 35 19 the
569 196 41 19 mill
626 195 56 20 office
698 196 39 19 and
754 197 77 19 wanted
848 199 22 18 to
888 203 32 13 see

490 223 34 18 the
539 228 99 18 overseer,
649 222 38 19 and
699 222 25 19 he
734 229 56 13 came
800 224 38 18 out
847 226 21 15 to
887 229 33 13 see

490 248 41 19 her.
560 247 94 25 Opening
664 247 34 20 the
708 248 56 24 door,
775 250 21 18 in
815 255 55 13 came
880 248 35 20 the

489 274 74 25 ugliest
572 274 84 24 bulldog
664 274 46 19 that
720 274 33 20 the
763 281 92 14 overseer
873 280 47 14 aver

489 307 45 17 saw,
553 300 38 20 and
614 299 35 20 the
665 300 39 25 dog
722 301 64 19 sidled
801 307 28 19 up
844 302 22 18 to
885 301 35 19 the

489 333 82 13 woman.

543 352 41 20 Did
602 359 40 19 you
663 352 104 26 discbarge
790 359 33 20 my
845 353 39 26 boy

488 378 62 21 asked
560 378 34 21 the
609 384 82 14 womau.

589 404 91 20 ma'am."

566 438 40 18 you
616 431 54 25 goin'
682 432 21 18 to
717 431 47 21 take
774 432 40 20 him
834 432 50 20 back

488 457 61 21 asked
560 458 40 19 she.

513 484 41 20 The
563 490 90 13 overseer
662 483 71 20 looked
748 486 23 18 at
786 485 35 20 the
840 492 75 12 woman

486 511 39 19 and
536 510 34 20 the
580 510 44 25 dog,
635 510 38 19 and
683 509 35 21 the
734 510 63 20 latter
811 511 66 26 began
895 514 22 17 to

487 536 38 20 lick
537 537 30 18 his
577 536 67 25 chops.

514 562 96 24 'Ma'am,'
620 562 42 20 said
673 561 24 21 he
707 563 23 19 'is
750 563 45 20 that
805 570 40 18 you
854 564 39 25 dog
901 563 14 20 ?'

512 589 55 24 'Yes,
577 589 40 23 sir,'
628 589 40 19 said
688 589 36 20 tho
743 596 83 19 woman,
846 590 31 20 'he
886 591 17 19 is
912 589 4 26 ;

486 616 46 23 and,
543 615 32 23 sir,
584 615 25 19 be
617 621 41 19 you
676 615 86 26 a-going
779 618 21 17 to
817 616 48 20 take
884 624 28 18 in)

486 642 39 24 boy
534 641 50 20 back
593 641 15 19 ?'

511 667 43 21 The
563 668 39 25 dog
611 667 92 26 growled,
715 668 39 20 and
773 669 34 19 the
826 676 90 13 overseer

486 694 48 20 said.

512 721 55 23 'Yes,
577 726 77 18 ma,am.
682 721 58 20 Your
754 721 40 26 boy
804 728 38 13 can
861 728 54 14 come

485 747 49 20 back
546 747 21 19 in
577 747 35 19 the
754 748 39 19 and
812 749 51 19 then
882 747 34 19 the

485 773 38 26 dog
533 772 77 21 winked
620 772 31 21 his
661 773 38 20 left
708 780 36 19 eye
763 774 99 25 wickedly
885 773 30 25 (so

486 799 34 20 the
529 806 92 13 overseer
640 800 65 24 avers)
725 801 40 19 and
784 801 35 19 the
840 806 75 14 woman

485 826 38 20 and
534 826 35 19 the
579 826 40 24 dog
628 828 54 17 went
692 827 36 19 out
736 827 101 24 together.

510 877 76 20 FOUR
595 877 61 20 FITS
672 878 37 19 OF
720 878 167 21 LAUGHTER.

484 930 29 19 At
523 933 34 17 ten
568 937 11 12 a
589 930 118 21 blithesome
721 931 53 20 little
785 931 59 25 maid,

510 956 121 21 Restrained
642 956 26 26 by
677 958 79 24 naught
771 959 36 19 but
824 956 90 21 nature's

564 984 43 23 'aw,

485 1009 63 20 Went
558 1009 92 25 romping
661 1008 40 21 o'er
711 1010 36 20 the
764 1017 56 19 grass
830 1010 59 26 glado

510 1036 46 19 And
566 1035 85 25 laughed
666 1043 12 12 a
695 1043 65 20 merry
778 1037 60 24 flaw,
856 1037 57 23 Haw,

563 1062 58 19 Haw.

483 1101 28 20 At
527 1102 76 25 twenty
619 1102 35 19 she
669 1108 39 13 was
718 1102 68 26 bright
805 1102 41 20 and
856 1102 45 25 fair,

509 1128 42 19 But
558 1134 44 13 now
610 1127 112 20 restrained
732 1132 23 21 by
764 1129 50 19 fond
823 1135 91 18 mamma,

483 1153 39 21 She
532 1154 47 25 only
589 1154 66 20 tossed
666 1154 35 20 her
711 1155 74 25 golden
795 1155 45 20 hair

509 1181 47 19 And
566 1180 86 26 laughed
663 1187 11 13 a
684 1181 90 26 rippling
779 1182 40 25 Ha,
828 1182 39 25 Ha,
875 1182 39 19 Ha.

482 1220 29 20 At
522 1220 64 26 thirty
597 1220 34 21 she
642 1227 39 14 was
697 1227 54 14 more
761 1222 75 20 sedate.

509 1247 54 24 And,
583 1247 42 19 still
644 1247 53 20 from
720 1248 82 20 wedded
823 1248 91 26 bondage

562 1273 47 26 free,

482 1299 39 21 She
532 1307 39 13 saw
581 1301 35 19 her
626 1300 49 20 time
685 1307 39 13 was
739 1302 90 25 growing
839 1301 47 24 late,

509 1327 48 19 And
563 1327 86 24 laughed
655 1334 11 12 a
673 1328 98 25 yearning
779 1328 40 25 He,
826 1327 39 25 Be,
875 1328 38 19 He.

482 1365 28 19 At
520 1365 54 25 forty
583 1365 34 20 she
637 1365 104 26 despairsd
757 1367 22 19 of
792 1367 42 26 joy,

508 1391 39 20 For
571 1398 51 13 none
638 1392 39 20 had
694 1399 56 13 come
766 1393 36 20 her
817 1394 59 19 heart
892 1395 21 17 to

562 1424 53 18 woo;

482 1444 38 20 She
531 1445 68 24 sighed
610 1445 34 19 for
658 1445 64 20 either
733 1452 45 14 man
789 1453 22 13 or
820 1446 40 25 boy

508 1472 44 18 And
563 1471 86 25 laughed
659 1478 11 11 a
680 1471 79 21 doleful
771 1473 61 23 Who,
849 1472 63 25 Who,

561 1497 60 20 Who.

506 1549 180 20 PREVENTION
697 1548 34 21 OF
738 1549 104 21 WORMS
852 1550 33 20 IN

646 1575 98 20 SHEEP.

607 1628 37 20 has
653 1635 12 14 a
674 1635 48 19 very
731 1629 121 26 interesting
864 1631 46 18 note

478 1661 26 14 on
513 1661 71 13 worms
592 1655 20 18 in
622 1654 67 27 sheep.
719 1654 34 21 Ho
764 1663 45 18 says
819 1654 4 27 :

478 1682 95 19 drenches
583 1681 44 19 that
637 1681 51 20 have
698 1681 52 20 been
759 1682 90 26 brought
867 1682 43 19 into

477 1714 35 13 use
522 1710 31 17 act
563 1707 44 20 well
617 1708 21 18 in
648 1713 53 14 some
712 1708 107 25 instances,
831 1708 40 20 and
889 1708 21 19 in

478 1734 66 19 others
554 1739 74 21 appear
637 1736 19 17 to
670 1734 43 20 fail.
741 1735 43 19 The
802 1737 53 17 most
873 1734 24 19 im-

477 1762 80 23 portant
579 1759 66 26 object
669 1760 50 20 with
737 1761 34 19 tiro
790 1760 119 20 Australian

477 1786 144 26 sheep-farmer
631 1786 16 19 is
658 1788 19 17 to
687 1786 43 20 find
739 1793 54 14 somo
809 1794 70 13 means
889 1787 21 19 of

477 1812 70 25 giving
569 1812 33 19 the
625 1818 69 19 young
717 1813 61 26 sheep
801 1814 108 25 immunity

477 1840 51 18 from
538 1838 40 20 this
592 1838 87 20 desease.
707 1839 60 20 Some
785 1846 59 18 years
863 1846 44 19 ago,

477 1865 58 20 while
545 1871 24 13 on
580 1871 12 13 a
600 1865 47 19 visit
657 1867 20 16 to
687 1865 73 20 Mount
773 1866 103 23 Garnbier,
896 1867 12 18 I

477 1893 40 17 met
534 1890 49 21 with
601 1897 26 13 an
645 1891 89 20 instance
753 1892 21 19 in
792 1892 67 20 which
874 1892 34 20 the

477 1924 88 12 woanors
586 1917 21 19 in
623 1924 12 12 a
651 1917 55 25 piece
722 1918 21 18 of
766 1924 49 19 very
833 1925 75 18 wormy

478 1945 82 23 country
571 1943 81 26 escaped
662 1943 34 19 tho
706 1944 79 20 attacks
796 1945 21 19 of
836 1951 72 13 worms

478 1969 39 19 and
527 1976 54 12 came
595 1969 41 19 into
644 1969 34 19 tho
696 1970 50 20 shed
765 1973 21 17 at
801 1971 107 19 two-tooth

478 2002 20 12 as
515 1995 55 25 largo
595 1995 20 19 in
632 1995 64 19 framo
715 2002 21 13 as
759 1997 34 19 tho
813 1997 95 24 ordinary

477 2022 156 19 worm-infested
642 2022 129 20 four-tootlis.
799 2023 43 19 Tho
859 2023 49 26 plan

476 2047 86 25 adopted
572 2054 40 13 was
622 2047 40 20 this
670 2047 75 25 :—Tho
759 2049 73 23 lambs,
849 2049 59 20 when

475 2075 87 21 weaned,
574 2080 51 13 were
634 2078 38 20 put
681 2081 26 12 on
720 2075 86 26 turnips,
818 2075 40 19 and
873 2075 34 19 the

475 2098 63 21 result
560 2105 41 13 was
623 2099 45 19 that
690 2101 35 18 not
748 2107 12 12 a
786 2100 63 26 sheep
867 2107 41 13 was

476 2125 93 20 attacked
579 2124 49 20 with
637 2131 78 14 worms.
729 2126 21 19 It
760 2126 67 20 would
833 2134 76 18 appear

474 2150 45 20 that
535 2151 57 19 there
611 2150 16 20 is
646 2157 53 14 sonic
717 2152 99 25 principal
835 2152 21 19 in
874 2153 35 18 the

474 2176 90 23 b.rassica
572 2178 72 24 family
662 2178 22 18 of
701 2178 68 25 plants
788 2178 45 19 that
853 2178 56 26 gives

474 2202 34 20 the
518 2203 65 19 lambs
592 2203 107 20 immuuitv
709 2204 51 19 from
777 2204 35 19 tho
831 2205 78 18 attacks

474 2230 21 19 of
504 2235 77 14 worms.
607 2228 12 20 I
628 2230 51 19 have
687 2230 62 19 hoard
757 2231 44 18 that
811 2230 97 26 cabbage,

475 2256 95 23 mustard,
581 2262 22 12 or
612 2262 48 19 rape
670 2256 42 19 will
726 2263 77 13 answor
812 2256 35 20 tho
861 2263 36 19 pur-

474 2289 47 18 pose
531 2282 56 25 quite
594 2288 22 13 as
626 2282 44 19 well
677 2288 22 13 as
709 2282 34 20 tho
753 2283 75 25 turnip.
851 2283 59 25 Rape

475 2314 37 14 can
527 2308 26 18 be
569 2314 70 19 grown
657 2314 46 14 over
721 2315 13 13 a
752 2308 57 26 largo
828 2315 47 13 area
889 2309 21 20 of

476 2334 109 22 Australia,
597 2334 39 19 and
646 2340 22 13 as
677 2334 17 20 it
703 2335 16 19 is
730 2341 11 13 a
760 2342 54 13 more
834 2336 75 19 certain

476 2367 46 19 crop
540 2360 50 19 than
608 2366 39 19 any
665 2361 22 19 of
705 2360 34 20 the
752 2361 72 20 fodder
842 2361 67 26 plants

475 2387 78 22 named,
565 2386 16 20 it
590 2393 47 18 may
646 2387 26 18 be
682 2387 64 19 worth
755 2388 35 18 the
809 2387 60 20 while
888 2388 22 19 of

475 2413 35 19 the
519 2412 123 20 stockowncr
651 2415 21 17 to
682 2413 46 24 give
738 2414 15 18 it
764 2420 11 13 a
784 2413 53 19 trail.
866 2414 42 19 The

476 2441 40 17 cost
535 2439 22 19 of
572 2439 91 25 growing
679 2439 34 19 the
723 2439 58 26 plant
799 2439 41 20 will
855 2440 26 20 lie
897 2447 12 13 a

476 2465 58 19 sma'l
544 2465 53 26 price
607 2468 20 16 to
635 2472 40 18 pay
684 2467 21 17 to
715 2472 68 13 securo
793 2466 35 19 the
838 2466 71 20 health

476 2492 21 18 of
506 2491 34 20 the
550 2497 68 19 young
628 2491 61 25 sheop
698 2492 21 19 of
729 2492 35 19 the

1013 66 277 22 TITHE-COLLECTING.

965 119 19 19 A
1007 119 74 25 special
1109 120 158 25 correspondent
1291 121 21 19 of
1336 122 32 19 the

938 144 60 26 Daily
1022 145 62 20 Nev.-s
1108 146 35 19 has
1166 146 92 25 supplied
1279 148 21 17 to
1323 149 45 18 that

937 170 82 25 journal
1038 178 53 13 some
1106 172 85 25 graphic
1205 172 122 26 description
1346 174 22 18 of

938 196 169 26 tithe-collecting
1120 199 21 18 in
1153 198 75 24 Wales,
1240 198 64 19 which
1314 199 53 20 show

938 223 44 18 that
991 223 35 19 the
1045 224 72 25 simple
1136 227 88 23 country
1239 225 42 19 folk
1296 225 21 19 of
1333 225 34 20 the

937 248 131 26 principality
1082 250 59 20 make
1159 250 52 20 their
1221 251 146 20 contributions

938 277 20 16 to
968 274 35 20 the
1019 276 124 20 established
1157 276 73 20 church
1241 277 48 20 with
1299 285 11 12 a
1320 285 46 19 very

936 300 118 21 indifferent
1061 309 65 18 grace.
1155 302 211 27 Thebailiffscharged

937 326 48 19 with
1004 327 34 20 the
1058 328 51 26 duty
1128 328 22 20 of
1164 329 106 25 executing
1284 330 82 20 distress

937 355 98 18 warrants
1045 361 75 19 appear
1139 358 22 15 to
1180 354 50 21 have
1244 355 38 19 had
1301 356 51 20 toler-

936 378 45 26 ably
1000 380 90 26 excitin3
1100 380 65 20 times.
1193 381 26 19 In
1238 387 37 14 one
1285 388 46 14 case
1339 389 27 13 an

936 405 71 23 officer,
1023 407 141 24 accompanied
1175 406 27 25 by
1212 414 11 12 a
1233 410 70 23 strong
1312 408 53 19 bodv

936 430 22 20 of
968 431 69 25 police,
1047 434 40 18 met
1098 432 46 20 with
1154 441 11 11 a
1176 439 48 19 very
1240 434 124 20 determined

935 459 114 19 lenstance.
1077 458 43 21 The
1142 459 57 20 small
1228 459 136 22 land-holders

934 483 96 21 collected
1046 485 20 19 in
1091 486 137 19 considerable
1250 486 56 19 force
1324 488 39 19 and

934 510 66 19 armed
1018 511 120 21 themselves
1155 512 47 20 with
1212 512 82 25 knobby
1301 514 63 19 sticks

934 538 21 17 to
966 539 85 22 protect,
1062 544 21 13 as
1094 538 49 25 they
1159 540 38 24 put
1214 542 21 21 it,
1248 539 34 19 the
1298 540 65 25 rights

934 561 21 20 of
974 561 52 21 their
1040 563 120 26 neighbour.
1188 565 41 19 The
1244 565 64 20 bailiff
1324 567 38 19 and

934 588 30 19 his
974 592 113 21 protectors
1101 591 58 19 stood
1179 597 26 13 on
1220 597 37 13 one
1265 592 48 24 side,
1324 594 39 18 and

934 615 34 19 the
979 615 106 20 defenders
1095 623 25 13 on
1136 617 34 19 the
1180 617 57 19 other
1247 618 42 20 side
1298 619 22 19 of
1329 620 34 19 the

935 641 104 26 boundary
1054 641 64 26 fence,
1138 643 39 19 and
1198 644 60 25 gazed
1282 647 21 17 at
1325 652 38 13 one

934 667 84 19 another
1037 668 33 20 for
1085 676 55 13 some
1155 670 52 19 time.
1236 671 80 26 Finally
1331 672 33 19 the

936 693 63 19 bailiff
1021 693 83 26 jumped
1129 702 47 14 over
1195 696 34 20 the
1243 697 58 19 fonce
1324 699 39 19 and

934 720 87 25 plunged
1040 721 78 26 heavily
1132 722 59 20 down
1208 722 44 20 into
1266 723 35 20 the
1311 724 51 20 field.

934 746 24 19 In
982 753 25 13 an
1031 747 79 20 instant
1133 748 57 21 there
1209 755 39 14 was
1271 756 12 12 a
1305 750 57 25 howl,

934 773 38 19 and
983 773 34 20 the
1035 774 71 25 people
1122 781 50 13 were
1183 776 57 18 down
1252 782 53 19 upon
1317 777 44 24 him,

934 799 38 20 and
1010 799 39 20 had
1079 800 24 20 he
1141 801 49 20 been
1223 805 140 21 unprotected,

934 825 24 20 he
990 826 72 23 would,
1095 827 104 26 probably,
1228 827 49 21 have
1306 829 58 20 fared

933 858 48 18 very
990 850 68 28 badly.
1085 852 42 20 But
1141 853 34 20 tho
1193 854 77 20 instant
1279 854 26 20 ho
1324 855 40 20 bad

932 878 73 19 landed
1023 878 21 19 in
1054 878 34 20 tho
1098 879 47 19 hold
1159 880 34 19 tho
1208 880 63 24 polico
1287 881 77 20 dashed

933 910 46 13 over
988 906 21 17 to
1018 906 77 24 protect
1108 905 50 20 him.
1185 906 89 25 Already
1287 909 40 18 two
1341 914 23 14 or

932 932 56 17 thrco
998 937 46 12 men
1054 931 40 19 had
1103 931 59 24 Hung
1171 932 120 20 themselves
1309 940 55 18 upon

932 956 48 23 him,
1000 956 40 19 and
1049 958 32 18 for
1095 964 11 12 a
1124 960 89 17 moment
1227 958 57 20 thore
1301 966 41 14 was
1352 967 12 13 a

933 982 46 19 wild
986 982 125 26 scrimmage,
1121 984 40 19 and
1171 991 12 12 a
1190 984 68 26 pitiful
1268 992 35 18 cry
1311 987 53 18 from

932 1008 34 19 tho
976 1015 76 13 women
1063 1010 39 19 and
1112 1010 97 19 children.
1236 1010 20 19 It
1267 1019 40 12 was
1317 1012 46 26 only

932 1034 32 19 for
974 1041 11 12 a
994 1038 94 21 moment,
1103 1035 99 25 however,
1214 1036 39 19 and
1271 1038 49 19 then
1329 1038 35 19 tho

933 1060 106 20 assailants
1048 1060 95 21 marched
1153 1063 35 24 oil,
1200 1062 41 19 and
1251 1064 34 18 the
1296 1064 68 19 bailiff

933 1086 48 20 with
1000 1093 12 13 a
1028 1087 84 26 slightly
1126 1088 78 20 broken
1219 1089 59 24 head,
1298 1091 40 19 and
1352 1097 12 13 a

932 1113 80 24 portion
1031 1114 21 18 of
1065 1114 34 20 the
1118 1114 57 20 brass
1189 1117 45 17 torn
1256 1116 54 19 from
1332 1117 32 19 his

932 1139 80 24 helmet,
1033 1146 44 14 rose
1091 1140 134 26 breathlessly
1242 1141 37 20 but
1293 1143 58 20 trium-

932 1164 70 25 phant.
1037 1165 42 20 Tho
1098 1167 119 25 stronghold
1230 1174 41 13 was
1294 1169 67 24 takon,

932 1191 40 19 add
990 1191 35 19 the
1034 1193 72 24 officer,
1124 1193 64 20 under
1202 1193 34 20 tho
1245 1194 39 20 full
1300 1198 63 17 escort

932 1217 21 19 of
971 1217 35 19 the
1014 1218 70 25 police,
1105 1226 40 14 was
1155 1220 42 19 free
1211 1222 20 18 to
1239 1222 85 24 proceed
1342 1224 22 17 at

932 1243 33 19 his
983 1243 73 21 loisuro
1071 1246 67 19 round
1147 1246 34 19 tho
1191 1247 57 23 farm,
1265 1247 38 19 and
1324 1248 29 19 dis-

932 1269 53 19 train
993 1276 25 13 on
1026 1271 101 20 whatever
1134 1272 26 19 he
1167 1273 88 25 thought
1265 1273 98 21 .sufficient

932 1297 21 17 to
962 1302 57 13 cover
1029 1296 34 20 tho
1070 1301 85 16 amount
1164 1299 21 19 of
1192 1299 34 19 tho
1235 1299 57 19 tithe.
1320 1300 43 20 Tho

932 1321 79 20 farmer,
1023 1329 22 13 as
1055 1323 34 19 tho
1180 1325 83 26 trooped
1275 1332 47 13 over
1332 1327 30 19 his

932 1347 53 25 land,
1004 1351 102 23 protested
1125 1351 80 24 against
1219 1351 33 19 the
1267 1354 93 23 trespass,

932 1374 40 19 and
990 1374 63 20 called
1067 1382 55 19 upon
1131 1383 38 13 one
1183 1378 21 18 of
1221 1377 34 19 the
1272 1379 78 26 superin-

931 1399 92 22 tendents
1040 1405 83 22 present
1132 1405 21 17 to
1167 1406 46 16 turn
1223 1403 28 19 off
1260 1404 34 19 tho
1313 1407 38 17 tres-

931 1432 85 18 passers.
1044 1428 48 19 This
1103 1429 34 19 the
1152 1429 65 20 officer
1235 1430 90 20 declined
1341 1434 20 16 to

931 1452 31 24 do,
981 1453 41 19 and
1039 1454 35 19 tho
1088 1455 75 19 farmer
1178 1456 97 25 appealed
1293 1459 20 17 to
1328 1457 34 20 tho

930 1477 60 20 Press
999 1481 20 17 to
1029 1480 60 19 mako
1104 1481 16 19 it
1129 1481 75 20 known
1213 1483 44 18 that
1275 1483 31 19 his
1317 1490 33 19 pro-

930 1505 39 18 test
987 1510 41 15 was
1046 1506 112 21 unheeded.
1188 1508 20 18 It
1221 1509 16 17 is
1251 1515 68 13 scones
1340 1511 22 19 of

929 1530 41 19 this
979 1534 42 16 sort
1031 1532 44 19 that
1085 1534 40 19 will
1139 1535 46 24 give
1196 1534 34 20 the
1247 1535 92 20 Liberals
1350 1543 11 13 a

929 1558 56 24 large
1003 1558 96 26 majority
1109 1560 21 19 in
1146 1560 69 20 Wales
1229 1563 20 17 at
1259 1561 34 20 tho
1311 1565 49 17 next

929 1583 82 25 general
1021 1584 90 21 election.

1414 71 104 20 MONEY
1531 70 55 20 NOT
1602 72 123 19 ALWAYS
1733 72 58 19 THE

1498 102 76 21 ROOT
1584 102 37 19 OF
1630 103 74 20 EVIL.

1413 154 88 26 Captain
1516 154 173 26 Touughusband,
1701 156 63 25 lately
1774 156 30 19 As-

1386 180 75 20 sistant
1477 180 97 20 Besideut
1592 184 22 15 at
1635 181 83 24 Chitral,
1736 189 50 18 gave
1807 189 11 11 a

1385 206 78 20 lecture
1473 210 21 17 at
1509 206 35 19 the
1564 207 115 24 Metropole
1698 215 26 12 on
1744 208 73 19 March

1385 233 31 18 12.
1445 233 33 20 He
1488 233 43 19 said
1541 232 45 19 that
1602 232 23 19 he
1634 233 65 20 found
1721 234 45 19 that
1784 234 34 19 the

1385 258 101 25 principal
1495 258 40 20 evil
1545 258 20 20 in
1585 258 34 19 the
1638 260 116 19 mountains
1773 262 33 17 out-

1384 284 44 20 aide
1437 284 31 20 hie
1478 285 78 19 station
1565 291 40 13 was
1616 284 33 20 the
1659 288 54 17 want
1723 286 22 19 of
1753 286 65 19 desire

1384 310 32 20 for
1437 317 77 19 money.
1555 311 42 19 The
1615 312 150 19 mountaineers
1789 319 20 12 se-

1384 336 74 20 cluded
1465 337 53 19 from
1528 336 97 22 mankind
1635 337 53 19 amid
1699 338 53 20 their
1771 338 48 19 hills

1384 362 49 20 have
1444 369 61 13 never
1515 364 48 19 used
1574 370 45 18 any,
1630 363 40 19 and
1680 363 49 20 have
1748 370 58 13 conse-

1383 389 86 26 quently
1478 396 26 12 no
1515 389 44 19 idea
1569 389 22 19 of
1608 389 34 19 tho
1656 389 57 20 value
1724 391 21 18 of
1755 391 62 18 coins.

1383 414 56 27 They
1448 415 49 19 took
1508 415 35 19 the
1553 422 72 18 rupees
1642 415 33 20 for
1694 418 124 20 ornaments,

1383 441 40 19 and
1437 448 51 13 were
1510 442 78 24 greatly
1625 441 106 24 aggrieved
1761 441 56 20 when

1381 466 62 20 asked
1453 469 22 17 to
1485 474 58 19 carry
1554 468 58 19 loads
1622 475 27 18 up
1660 469 34 18 the
1712 468 48 19 hills
1779 467 38 20 and

1383 498 52 14 were
1459 494 47 24 paid
1527 494 47 25 only
1583 495 20 18 in
1613 494 46 25 silly
1670 493 40 21 bits
1720 494 22 19 of
1752 494 65 19 silver.

1381 520 30 18 As
1424 519 136 21 thereßritish
1579 521 141 19 Government
1739 521 78 19 wanted

1381 552 11 12 a
1402 545 52 25 good
1465 546 44 19 deal
1525 547 22 18 of
1565 547 56 19 work
1640 547 58 23 done,
1718 547 42 19 and
1779 554 39 12 was

1381 572 104 19 reluctant
1496 573 19 18 to
1526 573 78 25 employ
1616 573 69 19 forced
1705 573 77 24 labour,
1802 573 16 19 it

1382 604 39 13 was
1432 604 105 20 necessary
1547 601 20 17 to
1578 599 53 19 train
1652 599 33 19 the
1705 599 73 25 people
1796 601 20 17 to

1381 624 36 19 the
1428 624 45 19 love
1482 624 22 19 of
1513 631 79 19 money.
1626 625 105 24 Hawkers,
1749 625 55 20 there-

1381 650 50 24 fore,
1444 657 51 13 were
1503 650 89 26 brought
1602 658 26 19 up
1636 652 53 20 from
1698 652 35 19 the
1743 653 72 25 plains,

1381 676 39 19 and
1431 676 58 20 when
1500 676 35 21 the
1545 678 70 25 people
1625 678 64 20 found
1700 679 46 18 that
1766 678 48 26 they

1381 702 58 19 could
1450 703 70 20 obtain
1531 703 69 25 things
1619 704 47 25 they
1685 705 76 20 wished
1780 705 33 19 for

1382 728 48 20 with
1453 736 81 19 rupees,
1555 730 49 26 they
1623 731 64 25 began
1707 733 22 18 to
1748 728 71 28 deeire!

1382 754 60 25 them,
1454 756 40 19 and
1506 756 101 21 therefore
1618 759 20 17 to
1651 758 54 19 work
1716 758 98 25 willingly

1381 781 32 19 for
1424 789 70 18 wages,
1508 784 40 17 and
1558 785 21 16 to
1589 784 62 19 trade.
1678 784 42 19 The
1728 784 85 20 absence

1381 806 22 21 of
1413 808 34 19 the
1458 808 66 20 desire
1534 809 33 18 for
1578 816 71 20 money
1665 817 45 18 was,
1731 811 20 18 in
1771 811 42 19 fact

1381 834 60 24 proof
1452 835 46 19 with
1509 835 34 20 the
1553 835 95 21 Chitralis
1658 839 36 18 not
1706 838 23 19 of
1748 837 54 20 virtu-

1382 866 36 13 ous
1426 860 102 26 instincts,
1541 862 34 19 but
1586 863 22 18 of
1625 869 104 21 savagery,
1741 863 70 23 which,

1381 893 46 13 now
1437 887 46 20 that
1492 894 73 20 money
1576 888 35 19 has
1625 889 50 20 been
1694 890 118 19 introduced

1382 912 39 20 will
1431 914 107 25 gradually
1551 914 111 27 disappear.
1691 918 21 18 It
1731 917 17 19 is
1768 923 34 19 pro-

1382 939 63 24 bable,
1458 940 25 26 by
1493 940 34 20 the
1538 946 48 20 way,
1597 942 45 19 that
1659 942 35 19 tho
1704 943 109 26 simplicity

1382 966 21 18 of
1411 966 33 20 the
1456 966 95 20 Chitralis
1565 968 17 19 is
1598 975 12 12 a
1626 969 64 19 result
1708 970 23 19 of
1750 973 54 16 retro-

1382 993 98 24 gression,
1491 1000 10 12 a
1512 993 46 20 kind
1571 994 22 19 of
1603 994 119 21 civilisation
1741 996 73 24 having

1382 1019 89 25 dropped
1482 1020 29 19 off
1527 1020 54 19 them
1600 1020 21 20 in
1640 1022 53 19 their
1712 1022 101 19 centuries

1381 1045 21 19 of
1421 1046 105 24 seclusion,
1550 1053 21 13 as
1596 1046 16 20 it
1630 1047 64 20 would
1713 1049 51 24 drop
1785 1048 30 19 off

1381 1071 52 19 from
1442 1078 45 14 men
1499 1073 43 19 who
1559 1080 51 13 were
1629 1073 126 27 hopolcssely
1774 1074 26 19 im-

1383 1098 100 25 prisoned.

1862 70 58 20 THE
1936 69 146 19 IMPOSTER
2099 70 141 20 EUGENE'S

1991 95 124 19 COLONY.

1850 148 41 19 HE
1901 146 99 20 STATES
2010 147 76 19 THAT
2105 147 68 20 NEW
2192 148 47 19 ZEA-

1862 172 81 20 LAND
1953 173 58 19 HAS
2026 173 207 20 DISAPPEARED.

1863 219 93 20 Another
1973 220 64 20 letter
2056 220 36 20 has
2112 222 50 19 been
2178 222 88 19 received

1837 246 55 25 (says
1903 246 33 19 the
1943 245 59 25 Post(
2013 247 52 19 from
2080 254 39 13 one
2136 247 22 20 of
2176 248 36 19 the
2230 255 24 12 un-

1836 272 107 19 fortunate
2150 273 45 20 who
2214 280 53 13 went

1837 305 54 18 away
1901 300 22 18 to
1933 298 64 20 South
2012 300 73 19 Africa
2100 300 66 19 under
2184 299 35 20 tho
2237 300 20 19 in-

1837 324 76 20 fluence
1923 324 22 19 of
1953 324 84 26 Eugene
2049 332 54 14 come
2122 326 81 19 months
2222 332 44 19 ago.

1837 351 21 18 It
1877 351 64 18 Btates
1959 350 45 20 that
2023 352 35 20 the
2079 355 59 23 party
2157 354 54 17 went
2229 354 39 18 800

1837 376 57 20 mileß
1904 383 27 18 up
1943 379 85 24 country
2039 378 27 26 by
2079 379 61 24 train,
2159 378 40 20 and
2218 378 47 20 then

1835 401 113 26 journeyed
1971 403 81 21 further
2075 405 70 19 inland
2164 411 25 13 on
2208 411 59 13 seven

1837 434 98 18 waggons,
1946 435 54 13 some
2019 431 21 18 of
2059 431 35 19 the
2113 438 91 19 younger
2221 438 45 13 men

1837 454 66 24 riding
1912 460 25 13 on
1944 453 112 22 horseback
2065 457 38 19 and
2112 458 80 24 dnviDg
2198 458 68 18 cattle.

1837 479 61 19 After
1909 480 57 20 three
1976 487 23 13 or
2008 482 48 20 four
2070 483 72 19 weeks'
2152 483 113 26 travelling,

1836 505 34 20 the
1879 512 118 19 waggoners
2004 508 82 20 refused
2100 511 21 17 to
2138 517 25 18 go
2174 516 39 19 any
2224 509 31 20 fur-

1836 531 51 25 ther,
1898 532 41 19 and
1948 533 87 25 dumped
2047 534 35 20 the
2093 535 88 24 unlucky
2196 535 70 25 people

1835 558 58 19 down
1904 565 25 12 ou
1940 559 36 19 the
1991 559 63 21 banks
2073 561 21 19 of
2113 561 35 19 the
2167 561 99 19 Mashona

1835 584 66 23 Eiver,
1912 591 53 14 some
1972 586 40 19 200
2019 587 56 19 miles
2086 587 53 19 from
2157 587 35 19 the
2208 594 46 12 near-

1835 612 31 17 est
1875 611 125 20 settlement.
2030 613 55 26 They
2100 613 38 19 had
2148 615 20 17 to
2188 613 77 26 depend

1834 637 73 20 almost
1917 638 88 25 entirely
2014 646 56 18 upon
2089 639 35 20 the
2142 646 57 18 game
2218 639 47 25 they

1834 663 58 19 could
1915 664 64 20 shoot.
2029 666 72 19 About
2124 666 35 20 the
2182 669 39 16 end
2244 665 22 20 of

1833 689 119 25 November,
1964 690 84 26 Eugene
2063 693 42 18 told
2117 692 30 19 his
2165 692 100 20 followers

1833 716 46 19 that
1898 716 34 20 the
1950 719 127 25 catastrophe
2096 719 50 25 they
2169 719 39 19 had
2226 719 39 20 left

1832 742 52 19 New
1894 742 88 21 Zealand
1992 745 21 18 to
2023 745 58 20 avoid
2101 745 38 20 had
2159 745 105 25 happened

1831 768 64 24 —viz,
1916 768 45 20 that
1978 770 41 20 this
2042 772 73 25 colony
2135 772 39 19 had
2194 772 60 25 disap-

1832 795 78 25 peared.
1938 796 44 19 But
1992 797 56 20 there
2069 805 51 13 were
2139 798 86 26 sceptics
2244 798 19 19 in

1832 822 20 18 in
1863 820 34 21 the
1908 824 66 23 party,
1993 825 39 18 and
2053 827 40 17 two
2114 831 43 13 men
2177 824 49 20 rodo
2242 827 22 17 to

1831 847 35 19 the
1884 852 80 15 nearest
1988 850 75 21 station
2084 852 19 19 in
2123 851 34 20 the
2174 851 51 25 hope
2243 851 22 20 of

1832 874 104 25 obtaining
1946 881 60 14 news.
2035 878 63 19 After
2110 878 53 19 their
2182 882 81 15 returns

1832 907 11 12 a
1852 900 82 25 dispute
1944 907 56 14 arose
2011 904 48 19 with
2070 905 85 25 Eugene
2166 911 22 13 as
2199 907 20 17 to
2230 904 34 20 the

1832 926 111 26 ownership
1959 928 22 18 of
1996 936 11 11 a
2026 930 63 20 horse.
2126 931 83 25 Eugene
2225 930 39 21 left

1832 953 34 19 the
1876 959 57 20 camp
1945 954 47 19 with
2003 956 17 18 it
2030 956 33 19 for
2077 965 12 11 a
2108 957 54 23 time,
2183 958 36 19 but
2238 964 23 14 on

1832 980 59 23 being
1902 983 39 16 met
1959 987 57 18 again
2031 989 41 13 was
2091 983 58 24 given
2169 984 43 19 into
2229 984 34 19 the

1832 1006 84 25 custody
1929 1006 23 20 of
1971 1008 34 19 the
2025 1009 156 20 Bechuanjiland
2201 1010 62 24 police

1832 1032 39 19 and
1894 1033 86 24 charged
2000 1034 49 20 with
2070 1036 72 26 having
2159 1036 66 19 stohn
2242 1037 21 19 it.

1833 1059 40 19 The
1884 1066 44 12 case
1938 1059 80 25 against
2026 1062 41 19 him
2075 1063 34 18 fell
2120 1063 96 25 through,
2226 1063 38 19 but

1833 1085 34 19 the
1877 1085 57 19 other
1944 1086 95 20 claimant
2059 1089 71 25 gained
2152 1095 110 19 possession

1833 1112 20 18 of
1863 1113 33 17 tho
1908 1111 62 26 horse,
1981 1114 38 18 and
2030 1114 36 20 has
2082 1115 49 25 kept
2150 1116 22 19 it.
2208 1116 44 20 Ulti-

1833 1137 73 26 mately
1917 1138 35 20 the
1968 1143 63 26 party
2052 1142 61 19 broke
2120 1149 32 19 up,
2173 1142 88 25 Eugene,

1834 1164 46 19 with
1903 1164 31 20 his
1953 1166 46 19 wife
2017 1168 39 18 and
2077 1172 40 16 two
2141 1169 121 20 others—R.

1833 1191 140 20 Chr.mbedaiu
1985 1193 40 20 and
2037 1194 22 19 C.
2079 1196 19 19 S.
2118 1195 132 20 Thomas—be-

1833 1217 33 26 ing
1877 1217 38 19 left
1926 1224 25 14 on
1962 1218 33 20 the
2006 1220 66 21 banks
2086 1222 22 19 of
2118 1222 34 19 the
2163 1222 102 19 Mashona

1834 1244 60 19 Kivor
1905 1244 24 25 by
1940 1245 34 20 the
1985 1250 48 21 rest,
2044 1254 54 14 some
2108 1249 21 19 of
2140 1248 64 21 whom
2216 1250 47 19 have

1833 1271 94 19 returned
1938 1273 21 17 to
1974 1273 117 25 Capetown.

1110 13 59 21 THE
1181 13 61 21 HOT
1256 14 94 21 LAKES
1366 13 175 28 CHRONICLE,
1556 15 183 24 WEDNESDAY
1771 14 93 24 JUNES
1888 14 58 25 1895,

69 3520 20 19 A
98 3521 116 25 gentleman,
225 3523 13 18 it
258 3523 15 19 is
291 3525 68 24 stated,
379 3525 36 20 lias
432 3532 20 14 re-

42 3546 67 24 cently
118 3547 62 20 tested
189 3548 33 19 the
240 3549 60 20 result
310 3551 20 18 of
348 3553 115 24 preserving

42 3580 15 13 a
75 3572 72 24 turkey
164 3574 20 19 in
201 3580 11 13 a
230 3575 125 26 refrigerator
380 3578 31 18 for
430 3581 31 16 ten

43 3604 65 21 years.
136 3598 46 20 This
191 3600 45 19 time
250 3601 73 26 having
333 3603 84 26 elapsed,
429 3605 35 19 the

43 3624 50 21 fowl
99 3630 41 13 was
149 3626 89 19 removed
247 3627 49 20 from
305 3629 34 19 tho
348 3632 115 23 apparatus,

42 3651 42 21 and
94 3650 51 20 after
154 3650 59 24 being
230 3654 88 24 properly
336 3655 73 20 cooked
423 3663 40 13 was

42 3676 51 26 duly
102 3678 64 17 eaten.
193 3676 65 21 While
267 3680 128 25 putrefactive
404 3682 48 20 chan-

43 3708 37 20 ges
90 3702 78 19 seemed
177 3704 19 17 to
212 3702 25 20 ho
254 3706 80 26 entirely
352 3707 75 25 absent,
447 3709 16 19 it

43 3734 43 13 was
92 3728 63 19 found
162 3728 42 19 that
208 3728 33 20 the
248 3734 49 16 meat
305 3735 96 24 waspract
403 3733 60 27 ically

42 3753 99 23 tasteless.

73 3788 40 20 The
123 3789 108 25 Capetown
240 3790 129 23 Government
380 3801 84 20 propose

43 3815 23 21 to
75 3815 80 20 include
165 3815 68 19 frozen
240 3819 50 17 meat
300 3818 19 19 in
329 3819 33 20 the
372 3823 92 23 categorv

42 3842 24 20 of
75 3841 107 25 preserved
193 3843 67 23 meats,
278 3843 45 20 thus
341 3846 74 27 raising
429 3847 35 21 the

42 3869 54 25 duty
112 3868 25 19 2d
148 3875 37 19 per
195 3868 26 24 lb,
229 3869 93 23 provided
329 3872 54 20 other
391 3874 73 23 parties

42 3897 89 17 consent.
159 3894 93 21 Farmers
279 3902 32 12 are
334 3899 85 20 alarmed
444 3902 20 18 at

43 3921 35 20 the
105 3921 83 25 imports
221 3921 50 20 from
300 3923 32 19 the
351 3925 113 21 Australian

42 3947 94 21 Colonies.

65 4001 177 19 RHEUMATISM.—
246 4003 25 16 Br
282 4003 19 16 E.
309 4003 81 18 Gordon's
403 4005 60 21 romedj

45 4025 60 13 Swevkj:
120 4026 49 13 fails
184 4024 15 14 in
217 4023 115 20 permanently
348 4024 57 21 curing
421 4026 40 16 Bhei

43 4043 72 18 piatiam,
127 4042 89 19 Lumbago,
227 4043 78 18 Sciatica,
316 4043 51 19 Gout,
377 4046 38 16 etc.,
436 4050 27 11 am

45 4062 84 16 onobottlc
136 4062 50 19 gives,
193 4062 52 16 relief.
265 4062 53 20 Price,
327 4063 31 19 10s,
365 4065 37 17 post
409 4064 38 18 free.

49 4082 22 20 >V
92 4081 77 19 Cmwom
180 4081 96 21 I'.OBox—•
287 4082 121 19 gai.Dnßdiau

501 2566 19 19 A
529 2565 81 27 Sydney
626 2565 103 20 showman
748 2569 73 17 assorts
838 2568 59 24 positi-

476 2592 45 25 voly
530 2592 45 20 that
584 2592 26 19 he
619 2592 37 19 lias
666 2599 25 13 on
705 2593 50 20 view
765 2594 21 19 in
796 2600 37 13 one
843 2594 21 19 of
876 2594 30 19 Ms

475 2618 59 20 tanks
544 2624 12 14 a
569 2617 99 21 veritable
677 2625 34 13 sea
720 2622 87 23 serpent.
835 2620 22 19 It
866 2626 40 13 was

475 2645 76 26 caught
565 2645 21 18 in
603 2644 34 20 the
652 2651 35 13 sea
704 2646 21 19 at
744 2645 61 20 Little
822 2645 84 27 Coogee.

475 2671 20 19 It
505 2672 16 18 is
531 2671 62 19 about
609 2671 57 19 three
682 2671 41 19 feet
739 2671 53 25 long,
813 2671 50 20 dark
882 2679 24 13 on

475 2697 34 19 the
516 2697 58 24 hack,
592 2697 39 19 aad
649 2704 12 12 a
678 2697 54 26 light
749 2698 73 24 yellow
841 2698 65 20 colour

476 2722 131 22 underneath.
635 2723 20 19 It
669 2723 37 19 has
725 2724 28 18 all
771 2724 34 20 the
824 2731 71 20 appear-

475 2756 58 12 ances
552 2749 39 19 and
610 2752 122 16 movements
751 2750 21 20 of
790 2757 12 13 a
821 2754 85 22 serpent.

475 2776 42 19 The
527 2775 42 24 tail,
581 2775 77 19 instead
666 2776 21 18 of
696 2777 89 25 running
795 2779 20 17 to
826 2783 12 13 a
841 2777 64 26 point,

475 2801 99 21 broadens
592 2801 180 27 perpendicularly,
810 2803 58 19 None
887 2803 21 20 of

475 2828 34 20 the
532 2826 108 22 fishermen
658 2828 51 19 havo
729 2834 46 14 ever
793 2836 48 12 seen
860 2836 36 19 any-

475 2854 59 25 thing
544 2854 40 19 like
593 2854 16 19 it
618 2854 76 20 before.
722 2854 21 20 It
759 2855 17 19 is
794 2855 42 19 still
855 2855 51 19 alive

475 2881 40 18 and
525 2886 66 13 moves
602 2880 48 19 with
660 2879 115 22 snake-like
784 2885 124 16 movements

476 2907 90 25 through
575 2906 35 19 the
621 2909 67 18 water.

500 2947 20 19 J.
530 2946 23 20 E.
564 2946 86 20 Winner
660 2946 49 24 who,
727 2953 57 19 years
803 2954 46 19 ago,
866 2947 40 20 and

475 2973 76 25 merely
560 2979 21 12 as
591 2979 12 13 a
613 2972 106 25 diversion,
729 2979 60 15 wrote
799 2974 34 19 the
843 2974 65 20 words

476 3000 39 18 and
525 3000 63 18 music
598 3000 21 18 of
630 2999 66 20 'Little
710 2999 74 21 Brown
793 3000 56 24 Jug,'
861 3000 47 19 took

475 3024 34 21 tho
518 3024 117 26 precaution
645 3027 20 17 to
684 3026 107 25 copyright
809 3026 34 19 tho
862 3033 35 21 pro-

476 3051 86 23 duction,
574 3051 65 20 which
649 3051 42 19 sold
702 3057 27 20 up
739 3052 21 19 in
770 3051 34 20 the
814 3051 94 22 hundred

475 3078 111 19 thousands
596 3078 40 18 and
646 3078 85 19 realised
741 3085 12 12 a
762 3078 43 25 tidy
815 3085 45 12 sum
876 3079 32 18 for

476 3104 26 19 its
520 3102 79 21 author.
646 3104 33 19 Mr
696 3103 104 21 Winner's
825 3104 83 20 brother

477 3130 60 25 'Sep,'
548 3130 16 18 is
572 3129 34 20 the
616 3136 102 19 composer
727 3131 21 18 of
838 3130 55 20 Mock-

476 3155 36 26 ing
535 3153 65 27 Birds,
603 3153 4 28 1
631 3156 65 19 which
711 3156 59 20 made
788 3157 32 18 for
835 3156 43 19 him
897 3163 12 12 a

476 3182 59 19 small
544 3182 85 19 fortune.
659 3182 112 26 Curiously,
783 3183 34 18 tho
835 3183 73 19 author

476 3208 21 19 of
509 3208 47 19 'The
565 3208 56 25 Jug,'
632 3215 36 12 one
678 3209 21 18 of
708 3209 34 19 tho
760 3212 52 16 most
822 3210 86 24 popular

477 3234 20 18 of
507 3234 96 24 drinking
612 3241 66 19 songs,
699 3234 75 26 always
788 3235 37 19 has
835 3236 50 19 been
896 3242 12 12 a

477 3260 50 20 total
538 3260 107 21 abstainer.

503 3300 19 20 A
540 3302 90 22 steamer,
650 3300 94 27 carrying
763 3302 38 19 750
820 3301 40 20 live
878 3302 31 19 fat

478 3327 64 24 cattle,
555 3327 40 19 will
609 3327 76 24 shortly
703 3327 56 20 leave
777 3327 82 26 Sydney
877 3327 32 21 for

478 3352 101 26 England.
605 3352 43 20 Tho
657 3353 101 26 shipment
773 3354 22 20 of
809 3361 22 13 so
847 3361 61 18 many

477 3379 22 19 in
508 3385 38 13 one
562 3378 75 20 bottom
654 3379 41 20 will
711 3381 115 24 materially
843 3381 66 19 lessen

478 3410 103 21 expenses.

505 3445 26 19 At
541 3444 138 27 Wollongong
690 3446 73 20 Alfred
772 3447 47 19 Eric
835 3447 64 19 ArkiD

479 3471 36 20 has
534 3471 51 20 been
602 3472 116 20 committed
741 3473 31 19 for
788 3473 47 19 trial
853 3480 27 12 on
897 3480 13 12 a

479 3497 74 25 charge
563 3498 21 18 of
589 3497 88 26 bigamy.
705 3499 60 19 From
772 3499 33 19 the
816 3499 93 19 evidence

479 3522 96 24 adduced,
592 3523 15 19 it
617 3530 85 19 appears
715 3524 45 21 that
777 3525 26 19 ho
821 3525 88 19 married

479 3549 107 20 Catherine
596 3549 71 26 Kegan
678 3553 20 17 at
708 3551 47 24 Hay
765 3551 19 20 in
798 3553 55 22 1889,
870 3551 40 19 and

479 3575 48 19 then
540 3575 86 19 married
644 3575 104 28 Margaret
766 3577 105 19 llobinson
889 3579 21 17 at

480 3601 137 25 Wollongong
626 3601 38 20 last
673 3609 54 17 year,
738 3603 53 19 since
811 3603 58 19 when
883 3603 27 19 ho

479 3628 17 18 is
506 3628 43 19 said
565 3631 19 16 to
598 3628 50 19 havo
657 3629 87 19 married
762 3636 12 13 a
793 3635 78 13 woman
889 3629 21 19 in

480 3653 68 24 Tareo,
559 3654 40 19 and
608 3654 84 19 another
701 3657 21 17 at
736 3655 88 20 Ballina.

505 3694 43 19 The
555 3692 95 26 Imperial
658 3694 135 21 Government
802 3695 37 20 has
847 3694 61 21 asked

480 3720 34 19 the
523 3720 50 19 New
583 3720 89 19 Zealand
687 3721 136 20 Government
841 3725 20 15 to
879 3728 20 13 re-

480 3746 102 20 commend
593 3752 11 13 a
622 3746 86 21 suitable
726 3748 56 19 stock
800 3749 106 24 inspector,

480 3772 49 19 with
546 3779 11 12 a
575 3771 117 26 knowledge
712 3774 22 19 of
752 3774 53 24 scab,
825 3774 32 18 for
875 3774 35 18 tho

480 3797 101 20 Falkland
587 3797 85 22 Islands,
689 3800 118 19 Australian
815 3802 95 18 stoamors

481 3823 131 24 occasionally
621 3824 38 18 call
668 3825 62 19 there.
758 3826 43 19 The
811 3826 67 24 salary
888 3829 21 15 at

481 3851 42 18 first
532 3849 75 19 ofrorod
616 3850 17 18 is
643 3850 60 26 £3OO,
713 3852 38 19 but
761 3851 20 20 in
799 3852 35 18 tho
852 3853 58 17 event

481 3877 21 18 of
511 3876 40 19 this
560 3875 74 24 failing
643 3878 19 17 to
673 3883 68 12 secure
751 3884 12 13 a
781 3883 95 19 response
894 3877 16 19 it

483 3902 37 20 will
531 3902 25 19 bo
566 3902 66 18 raised
640 3904 21 16 to
671 3903 64 20 £4OO.

505 3943 39 18 One
560 3942 84 22 hundred
661 3945 38 19 and
715 3944 59 23 thirty
790 3946 51 21 stags
864 3944 46 19 have

482 3966 43 19 been
552 3967 74 19 secured
647 3969 18 17 in
696 3968 69 18 Nelson
786 3968 38 17 this
839 3972 69 15 season.

483 3989 106 25 Something
594 3990 39 20 like
649 3996 22 13 an
697 3991 52 24 equal
771 3991 79 18 nuniber
864 3991 46 18 have

482 4013 47 17 Leon
545 4014 41 17 shot
601 4014 35 17 and
649 4016 34 16 not
697 4014 80 19 secured.
803 4014 44 17 And
868 4020 42 13 now

484 4036 22 18 lie
510 4037 104 22 sportsmen
784 4043 50 12 more
844 4043 41 12 rare
893 4038 17 17 is

483 4060 56 17 taken
547 4060 18 17 in
574 4061 31 17 the
613 4061 68 21 future,
689 4062 50 17 there
748 4061 39 18 will
795 4062 22 17 be
824 4066 10 12 a
842 4061 69 24 dinger

484 4083 20 18 to
512 4085 146 22 exterminating
666 4084 32 18 the

955 1639 34 20 Mr
1003 1643 31 17 W.
1053 1640 20 21 H
1094 1641 84 24 Beddel,
1202 1643 42 19 who
1263 1644 94 19 returned

928 1666 51 20 from
994 1666 151 23 Bloemfontein
1164 1670 96 26 recently,
1275 1670 83 20 informs

928 1700 25 13 an
964 1693 101 26 exchange
1079 1694 46 20 that
1144 1695 34 20 the
1197 1696 52 19 train
1266 1696 19 19 in
1296 1697 62 20 which

928 1720 24 20 he
967 1726 54 14 came
1037 1722 60 18 down
1117 1729 39 12 was
1167 1722 71 20 twelve
1248 1722 61 21 hours
1320 1724 38 19 late

927 1750 22 17 at
959 1746 125 26 Cookhouse,
1095 1748 74 25 having
1180 1749 48 20 been
1239 1749 83 25 delayed
1334 1752 23 24 by

928 1774 33 19 the
972 1774 75 19 locusts
1056 1781 24 12 on
1096 1775 35 19 the
1140 1775 47 20 line.
1215 1777 29 18 At
1254 1783 38 12 one
1303 1776 54 25 place

927 1809 46 14 neat
985 1802 190 26 Middelburgroad
1195 1802 47 26 they
1256 1806 61 21 spent
1328 1804 29 20 six

927 1830 61 20 hours
995 1829 21 20 in
1025 1830 80 24 getting
1114 1836 26 18 up
1151 1836 10 12 a
1171 1830 56 18 small
1235 1829 39 19 rise
1285 1829 72 27 having

927 1859 21 17 to
966 1856 46 19 take
1030 1856 33 19 the
1082 1856 55 19 train
1152 1856 44 19 into
1220 1855 56 20 three
1291 1856 65 25 pieces

927 1883 68 20 before
1006 1882 47 25 they
1067 1882 59 20 could
1137 1882 24 19 do
1173 1889 26 13 so.
1228 1882 41 19 The
1279 1882 76 21 locusts

927 1910 32 25 lay
973 1915 55 14 somo
1037 1909 30 19 six
1087 1911 20 17 to
1122 1910 35 18 ten
1176 1908 66 20 iuchos
1257 1908 55 21 thick
1332 1917 23 13 on

927 1936 33 20 the
980 1936 64 23 track,
1059 1936 93 24 clogging
1171 1936 35 18 the
1225 1935 71 20 wheels
1318 1938 37 18 and

927 1962 107 26 rendering
1045 1961 34 20 the
1098 1962 48 19 rails
1155 1968 21 13 so
1187 1969 71 18 greasy
1268 1962 45 19 that
1322 1964 34 19 the

927 1989 52 20 train
990 1988 78 25 slipped
1080 1988 116 25 constantly
1206 1988 55 20 back.

951 2023 21 17 A
989 2021 63 20 letter
1068 2021 35 20 has
1127 2022 51 19 been
1197 2023 89 19 received
1305 2024 50 20 from

927 2055 10 12 a
960 2048 80 25 leading
1064 2049 40 18 San
1129 2048 106 20 Francisco
1254 2050 43 19 coal
1320 2051 24 19 im-

927 2077 67 22 porter
1016 2075 78 25 ctating
1112 2074 46 20 that
1176 2074 84 27 English
1280 2077 42 19 coal
1340 2079 15 18 is

927 2100 91 25 entering
1028 2100 44 20 into
1092 2108 45 18 very
1148 2103 71 23 strong
1227 2103 128 25 competition

927 2127 47 19 with
993 2127 35 20 tho
1048 2127 119 20 Australian
1192 2128 75 24 article,
1286 2129 40 20 and
1340 2131 16 19 is

927 2153 80 25 already
1031 2155 81 22 cutting
1136 2154 56 19 down
1218 2154 69 26 prices.
1315 2156 42 21 The

927 2180 61 19 letter
1004 2180 49 19 adds
1076 2180 46 19 that
1136 2180 16 20 if
1168 2181 35 20 the
1226 2181 129 26 importation

927 2206 105 19 continues
1055 2207 119 20 Australian
1199 2208 41 19 coal
1262 2211 55 18 must
1332 2211 23 19 be

927 2232 89 19 knocked
1027 2233 56 20 clean
1098 2236 36 17 out
1144 2234 21 19 of
1175 2233 34 20 the
1220 2234 83 21 market.

952 2267 33 19 An
994 2267 80 26 Oregon
1088 2275 48 12 man
1152 2268 36 20 has
1198 2268 70 21 hewed
1286 2276 12 14 u
1307 2270 40 21 thir-

927 2294 97 19 teeu-I'oot
1032 2294 49 20 boat
1095 2297 36 17 out
1140 2295 21 20 of
1170 2302 13 12 a
1192 2295 58 20 cedar
1266 2296 39 26 log,
1317 2297 40 20 and

927 2320 20 18 in
957 2319 40 20 this
1006 2320 52 19 little
1068 2321 51 19 craft
1129 2321 25 19 ho
1164 2328 94 19 jiroposos
1268 2325 19 17 to
1298 2323 58 20 make

927 2353 12 12 a
947 2352 78 19 voyage
1039 2348 20 17 to
1077 2346 82 27 Europo
1167 2348 53 20 from
1234 2348 41 20 San
1293 2349 50 20 Frnn-

936 2372 40 19 isco
986 2372 27 25 by
1024 2379 44 18 way
1077 2374 22 18 of
1105 2373 55 26 Capo
1169 2373 64 24 Horn,
1244 2374 68 21 unless
1322 2376 34 19 tho

927 2398 86 19 railroad
1031 2399 115 26 companies
1155 2400 41 19 will
1212 2401 58 20 allow
1280 2401 42 20 him
1336 2405 20 17 to

927 2424 58 19 reach
1003 2424 34 20 the
1047 2425 89 20 Atlantic
1151 2425 102 26 seaboard,
1265 2427 28 25 by
1310 2432 34 22 put-

927 2451 44 24 ting
980 2450 31 20 his
1021 2450 49 20 boat
1079 2458 26 13 on
1114 2451 74 21 wheels
1203 2454 39 18 and
1251 2453 61 27 using
1322 2455 33 20 the

927 2476 72 24 tracks,
1009 2477 75 26 sailing
1094 2478 68 20 before
1172 2479 34 19 the
1217 2479 60 20 wind.

952 2503 60 19 From
1030 2510 55 13 some
1094 2505 87 24 English
1196 2505 112 27 exchanges
1326 2514 29 14 wo

927 2529 54 19 learn
992 2529 43 19 that
1054 2533 58 22 great
1122 2531 157 21 dissatisfaction
1296 2533 17 20 is
1323 2540 22 14 ex-

927 2555 80 26 pressed
1014 2557 21 18 at
1042 2556 35 20 the
1087 2556 42 20 fact
1136 2557 45 20 that
1186 2565 13 12 it
1207 2557 57 25 largo
1271 2559 86 21 number

927 2582 19 19 of
956 2581 61 20 shells
1027 2588 34 13 are
1070 2583 64 26 being
1140 2584 59 19 made
1209 2585 20 19 in
1239 2585 76 21 France
1325 2587 32 20 for

927 2614 34 13 use
978 2608 22 19 in
1009 2608 78 20 British
1105 2610 104 26 warships,
1225 2611 40 19 and
1281 2612 28 25 by
1322 2613 34 19 tho

927 2638 157 17 announcement
1107 2636 45 19 that
1169 2636 56 26 largo
1239 2637 68 21 orders
1326 2640 31 19 for

927 2660 100 25 Cardigan
1035 2662 78 25 jackets
1123 2663 32 18 for
1166 2663 34 19 the
1210 2663 74 20 Indian
1293 2664 64 27 Army

927 2686 39 19 had
975 2686 51 20 been
1035 2688 72 26 placed
1114 2688 48 21 with
1173 2689 54 20 linns
1235 2689 21 20 in
1265 2690 89 27 Leipsig,

927 2712 106 26 Germany.

952 2747 41 20 The
1016 2746 105 22 Victorian
1153 2747 139 22 Government
1321 2750 35 20 has

927 2774 87 25 severely
1025 2775 99 19 censured
1140 2775 66 24 Judge
1225 2776 130 20 Molesworth

927 2799 31 20 for
969 2800 29 20 his
1016 2801 91 19 remarks
1126 2802 114 25 respecting
1250 2802 34 20 tho
1299 2804 46 21 posi-

927 2826 42 20 tion
976 2827 21 19 of
1003 2827 72 25 judges
1084 2827 21 20 in
1115 2828 140 25 Bankruptcy.
1284 2829 60 20 Minis-

927 2854 39 18 ters
977 2860 22 12 ex
1004 2860 54 17 press
1075 2853 34 21 the
1118 2855 48 18 view
1178 2855 44 19 that
1241 2855 35 20 the
1286 2862 70 14 course

926 2879 85 26 adopted
1024 2887 38 13 was
1073 2882 37 18 not
1124 2881 34 19 the
1169 2881 45 20 best
1233 2889 42 18 way
1287 2884 20 18 to
1318 2883 26 20 ob-

927 2905 40 20 tain
987 2905 100 26 impartial
1103 2907 69 25 public
1192 2908 88 25 opinion.
1314 2909 41 20 The

927 2931 61 20 whole
1007 2935 73 17 matter
1098 2935 101 21 conveyed
1214 2935 83 19 distinct
1316 2936 39 20 and

927 2985 40 19 The
978 2985 136 21 Government
1131 2987 51 26 hope
1193 2987 44 20 that
1247 2988 21 19 in
1286 2989 69 20 future

927 3018 25 12 no
970 3011 62 26 judge
1043 3013 38 19 will
1101 3020 26 12 on
1143 3015 87 24 grounds
1249 3015 70 19 devoid
1334 3016 21 20 of

927 3038 126 24 foundation,
1063 3040 53 18 avail
1133 3040 81 20 himself
1224 3041 22 19 of
1261 3041 30 19 his
1303 3043 42 22 posi-

927 3064 43 19 tion
978 3071 25 12 on
1014 3065 35 19 the
1059 3066 68 20 Bench
1139 3069 21 17 to
1171 3069 43 17 cast
1225 3067 95 21 discredit
1329 3076 24 12 on

927 3090 33 20 the
978 3091 97 21 members
1086 3093 21 19 of
1115 3093 34 19 the
1164 3093 80 25 highest
1260 3097 59 17 court
1333 3096 21 20 of

927 3117 21 19 th
959 3119 94 25 country.

952 3147 64 20 There
1035 3148 17 20 is
1070 3156 12 12 a
1106 3149 50 26 good
1171 3150 73 21 chanco
1265 3158 43 13 now
1323 3152 32 21 for

927 3175 56 19 thoßo
994 3174 41 20 who
1046 3175 50 26 keep
1112 3176 45 20 bees
1178 3184 24 13 on
1213 3185 11 12 a
1239 3178 54 25 large
1303 3180 52 19 scale

927 3199 79 21 touako
1022 3208 52 14 some
1093 3209 71 20 money
1177 3203 76 25 (writes
1268 3212 11 11 a
1289 3206 66 19 Home

927 3229 175 24 correspondent),
1129 3236 28 17 as,
1190 3230 64 25 owing
1277 3233 21 18 to
1322 3232 33 20 the

927 3253 76 21 French
1012 3261 39 13 war
1066 3262 20 12 in
1106 3256 138 25 Modagascar,
1255 3257 35 20 the
1301 3258 54 26 large

927 3279 89 26 supplies
1053 3281 21 19 of
1110 3281 136 26 honey-comb
1275 3285 79 25 usually

927 3307 94 19 available
1044 3307 79 25 thence,
1143 3316 33 12 are
1190 3309 89 26 running
1297 3311 58 20 short

927 3333 39 19 and
980 3333 40 19 will
1037 3340 49 13 soon
1101 3337 51 23 stop.
1180 3335 48 19 This
1241 3336 17 19 is
1272 3337 83 25 sending

927 3366 26 19 up
964 3359 35 19 the
1017 3366 66 18 prices
1101 3361 26 25 by
1143 3362 54 24 leaps
1216 3363 38 18 and
1270 3363 84 25 bounds,

927 3386 38 19 and
974 3386 56 19 there
1040 3386 16 19 is
1065 3386 4 27 '
1078 3393 70 20 money
1158 3387 21 19 in
1188 3387 31 24 it,'
1228 3387 16 20 if
1254 3395 40 18 any
1304 3390 50 20 New

927 3412 119 20 Zealanders
1056 3420 35 12 are
1110 3415 96 24 prepared
1221 3417 20 17 to
1251 3416 5 8 '
1264 3415 45 20 take
1320 3417 34 19 tho

927 3439 42 19 tide
980 3440 20 18 at
1010 3438 26 20 its
1048 3439 58 20 flood.

954 3465 18 19 A
982 3471 45 13 man
1044 3465 47 19 sued
1107 3465 34 21 the
1154 3467 50 19 New
1218 3467 52 19 York
1289 3468 55 20 horse-

927 3491 79 25 dealing
1014 3498 85 13 concern
1116 3492 72 20 known
1199 3500 21 13 as
1229 3493 125 24 TatfersaH's

927 3518 84 19 because
1021 3524 11 13 a
1042 3518 75 20 hunter
1127 3522 44 16 sent
1181 3522 21 16 to
1221 3520 16 18 it
1247 3521 25 24 by
1282 3521 40 19 him
1333 3524 21 17 to

927 3544 24 19 be
962 3544 41 19 sold
1014 3544 26 24 by
1053 3545 80 19 electric
1152 3546 51 25 light
1213 3545 38 21 had
1267 3547 48 19 been
1326 3549 19 18 in-

927 3570 127 26 advertently
1064 3573 36 23 put
1109 3578 27 19 up
1147 3574 20 17 at
1173 3573 78 19 auction
1262 3579 22 13 m
1294 3573 60 21 broad

927 3597 96 24 daylight,
1035 3598 47 18 with
1091 3598 34 19 the
1138 3599 64 19 result
1220 3599 44 19 that
1279 3602 74 18 certain

927 3624 78 19 defects
1015 3630 22 12 or
1047 3624 137 25 superfluities
1193 3625 19 19 in
1223 3632 21 12 or
1261 3632 53 18 upon
1326 3627 28 19 his

927 3650 42 24 legs
987 3650 79 18 became
1080 3651 62 25 easily
1160 3654 98 22 apparent
1273 3654 21 17 to
1305 3660 38 18 pur-

927 3676 86 22 chasers,
1032 3677 37 18 and
1081 3676 24 20 he
1124 3674 87 28 brought
1229 3678 47 26 only
1287 3686 11 11 a
1308 3686 47 19 very

928 3702 55 20 small
1007 3702 61 25 price.
1110 3703 40 19 Tho
1175 3704 89 24 plaintiff
1287 3709 35 20 got
1345 3713 11 12 a

929 3728 74 20 vordict
1014 3728 21 20 of
1045 3730 38 18 2',io
1091 3729 80 20 dollars.

954 3766 53 20 Lord
1026 3766 104 26 Salisbury
1145 3767 47 20 hold
1213 3765 36 24 fire
1263 3775 55 14 acres
1334 3771 22 19 of

928 3793 45 19 land
985 3792 19 20 in
1021 3792 35 21 the
1075 3793 84 26 vicinity
1166 3794 22 19 of
1198 3794 88 26 Charing
1297 3796 59 21 Cross

929 3819 45 25 (the
998 3825 48 20 very
1070 3819 57 20 heart
1153 3820 21 19 of
1197 3820 103 25 London),
1324 3823 33 20 for

928 3845 63 21 which
1002 3846 29 18 his
1042 3848 103 17 ancestors
1164 3846 43 26 paid
1224 3848 34 18 10s
1270 3854 24 13 an
1306 3855 50 14 acre.

929 3872 19 20 It
957 3879 39 13 was
1014 3872 83 20 secured
1117 3879 21 13 as
1152 3873 84 25 grazing
1255 3874 46 19 land
1319 3876 39 19 250

927 3905 58 18 years
1011 3905 43 18 ago.
1096 3899 19 19 A
1140 3899 128 25 magnificent
1291 3901 66 26 object

929 3925 63 19 lesson
1003 3932 25 12 on
1044 3925 103 19 unearned
1164 3925 112 20 increment
1290 3927 46 20 here
1349 3928 5 17 1

953 3957 30 20 At
993 3963 11 12 a
1014 3956 88 25 meeting
1113 3957 21 19 of
1145 3957 32 20 Sir
1192 3957 71 27 Henry
1274 3959 83 21 Paakes'

928 3983 142 23 constituents,
1084 3982 17 20 it
1120 3990 39 12 was
1175 3984 90 20 resolved
1280 3989 21 16 to
1320 3987 36 20 ask

927 4010 40 19 him
977 4012 21 16 to
1013 4009 66 23 resign
1094 4016 25 12 on
1135 4009 35 20 the
1185 4011 76 23 ground
1277 4012 45 19 that
1333 4013 24 20 he

928 4036 38 19 had
974 4036 96 24 betrayed
1089 4036 34 19 the
1133 4036 90 20 electors.
1251 4038 17 18 A
1289 4039 68 23 public

927 4062 88 25 meeting
1023 4062 17 19 is
1051 4061 59 27 being
1116 4062 61 20 called
1188 4064 22 19 to
1220 4063 91 20 considor
1321 4066 33 20 the

928 4089 98 26 question.

1409 1175 50 51 G
1460 1175 34 22 EO
1497 1176 76 47 'M
1583 1178 17 20 C
1615 1178 39 49 C
1666 1178 98 21 AULW

1384 1235 115 23 Plumber
1514 1241 15 17 &
1555 1237 101 23 General
1675 1239 137 23 Mechanic.

1486 1270 113 21 Tutanokai
1638 1271 70 22 Stroot.

1453 1305 30 25 R
1498 1307 27 23 O
1542 1307 65 24 TO
1621 1308 29 24 R
1665 1309 27 24 U
1705 1309 41 26 A.

1440 1356 31 42 H.
1496 1357 41 41 W.
1561 1359 192 48 NEIGHBOUR,

1380 1429 116 38 Tailor
1507 1432 32 42 $
1551 1430 261 51 Habit-Maker,

1384 1495 51 25 (For
1445 1496 26 19 25
1482 1502 59 20 years
1551 1496 19 20 in
1582 1496 34 20 the
1630 1498 63 20 West
1713 1500 47 19 End
1776 1500 23 20 of

1449 1559 299 32 EOTORUA.

1481 1601 44 19 lias
1536 1601 74 27 always
1620 1610 25 12 on
1654 1603 56 21 hand

1400 1631 64 19 lic»t
1486 1632 116 23 Bnglisu.
1621 1635 94 19 Scotch
1736 1637 54 17 and

1466 1655 120 19 Colonial
1607 1656 117 20 Tweeds.

1402 1683 71 23 Stylo
1485 1684 54 17 and
1553 1683 43 19 Fit
1617 1686 174 21 guaranteed.

1380 1712 96 20 Ladles
1496 1713 114 20 Jackets
1634 1711 155 25 aud'ltidiu

1454 1736 97 18 Habits
1561 1741 15 13 a
1586 1738 141 22 si>ceaali{y

1376 1770 31 17 All
1416 1770 47 17 suits
1470 1768 53 20 made
1530 1771 20 17 to
1558 1770 54 18 order
1620 1773 20 16 at
1645 1772 103 18 Auckland
1757 1775 40 16 uric

1860 1314 18 19 A
1889 1314 73 24 beggar
1973 1317 49 21 who,
2033 1314 33 22 for
2078 1325 59 20 many
2145 1315 66 28 /oars,
2227 1319 37 21 had

1834 1340 100 20 subsisted
1958 1348 26 13 on
2007 1343 85 26 charity,
2120 1345 45 19 died
2191 1352 12 13 a
2226 1345 38 22 few

1834 1366 79 20 mouths
1923 1374 36 18 ago
1970 1369 19 19 in
2010 1369 97 28 Auxerre,
2126 1372 86 20 IVance.
2239 1374 25 19 In

1834 1400 10 13 a
1855 1394 63 19 trunk
1930 1394 22 19 he
1963 1394 38 21 left
2012 1395 64 21 bonds
2086 1401 21 16 to
2118 1398 34 20 the
2168 1399 58 20 value
2243 1401 21 18 of

1834 1421 104 22 1,000,000
1959 1421 67 21 francs
2051 1424 40 20 and
2115 1424 20 20 in
2155 1425 30 19 his
2205 1425 59 22 cellar

1834 1453 51 13 were
1894 1448 64 19 found
1970 1449 39 19 400
2018 1449 75 21 bottles
2103 1451 22 19 of
2135 1451 52 21 wine
2197 1452 22 19 of
2232 1453 32 19 the

1833 1473 82 24 vintage
1922 1474 22 19 of
1954 1475 58 20 1790.

1858 1505 154 27 Twenty-three
2021 1508 101 21 thousand
2133 1517 60 14 sevon
2212 1511 39 20 hun-

1832 1532 48 19 dred
1899 1533 43 19 feet
1963 1534 17 20 is
1996 1535 35 19 the
2050 1539 90 22 greatest
2158 1539 106 18 mountain

1834 1559 68 24 height
1921 1561 21 18 to
1966 1561 63 20 which
2050 1569 46 13 man
2116 1564 34 19 has
2169 1571 45 12 ever
2233 1571 20 13 as-

1832 1585 82 20 cended.
1942 1587 18 19 A
1969 1588 116 24 gentleman
2095 1590 71 19 named
2175 1590 89 21 Graham

1832 1612 84 19 climbed
1926 1619 21 13 as
1958 1613 46 26 high
2013 1622 21 12 as
2046 1616 42 19 this
2102 1617 21 19 in
2144 1617 35 19 the
2189 1616 60 23 Hima-

1832 1637 54 27 layas
1895 1639 63 20 about
1968 1643 33 17 ten
2012 1648 57 17 years
2079 1649 44 19 ago.
2152 1644 41 19 The
2212 1646 52 18 most

1832 1665 110 21 noticeable
1953 1667 61 20 effect
2024 1668 22 20 of
2064 1668 29 21 his
2113 1672 90 18 extreme
2219 1671 36 20 alti-

1832 1691 49 21 tude
1890 1698 38 14 was
1940 1693 45 21 that
1995 1694 33 20 the
2037 1695 82 27 beating
2129 1696 22 20 of
2162 1696 30 21 his
2207 1697 57 20 heart

1832 1719 79 19 became
1931 1726 21 13 so
1970 1721 76 20 violent
2063 1722 46 21 that
2125 1726 17 17 it
2159 1724 60 20 could
2240 1725 23 19 be

1832 1745 14 19 In
1856 1745 41 24 ard,
1908 1746 58 20 while
1976 1747 28 21 its
2013 1751 45 17 rate
2078 1756 39 13 was
2137 1757 48 20 very
2205 1752 58 19 much

1423 1909 327 49 Hydropathic
1793 1914 154 48 Hotel,
1984 1917 203 42 Roturua-

1649 1969 258 23 l<>iTAßLlNHKl>
1924 1972 72 23 1881.

1376 2002 85 25 Under
1474 2002 40 26 the
1527 2009 131 28 patronage
1670 2005 25 25 of
1708 2006 39 24 Sir
1770 2007 40 24 \V.
1830 2007 100 32 Jervois,
1952 2009 57 26 Earl
2029 2013 46 23 and
2100 2014 118 24 Countess
2239 2014 26 24 of

1427 2036 138 32 Hopetoun,
1579 2038 39 23 the
1633 2039 64 24 Hon.
1711 2040 107 25 Premier
1830 2042 47 23 and
1892 2042 124 27 Members
2029 2046 25 24 of
2067 2046 151 27 Parliament.

1408 2087 54 26 The
1475 2088 75 25 Hotel
1566 2097 19 17 is
1596 2092 103 23 situated
1713 2100 30 16 on
1756 2100 30 17 an
1799 2093 114 25 elevated
1926 2097 103 29 position
2043 2106 31 15 on
2087 2100 41 23 the
2140 2099 85 26 shores
2238 2101 26 25 of

1376 2122 67 23 Lake
1456 2121 116 31 Rotorua,
1585 2125 144 24 convenient
1742 2130 25 20 to
1785 2126 31 24 all
1830 2126 39 25 the
1887 2127 77 34 sights
1977 2129 22 25 in
2013 2131 41 24 the
2062 2131 101 27 district.

1377 2160 154 34 Sulphur
1544 2162 69 27 and
1630 2162 150 30 Mineral
1792 2166 108 28 Baths
1914 2166 22 26 in
1950 2168 39 24 the
2010 2169 114 26 Grounds
2142 2173 26 23 of
2182 2172 75 26 Hotel

1409 2231 39 25 To
1457 2237 65 20 meet
1532 2231 41 26 the
1585 2232 106 28 dullness
1705 2234 26 26 of
1743 2235 41 26 the
1797 2237 71 24 times
1881 2246 13 15 a
1907 2236 88 36 charge
2008 2239 26 26 of
2046 2239 40 32 £2
2100 2250 26 18 3s
2135 2251 42 25 per
2196 2245 68 25 week

1454 2265 37 25 for
1509 2273 13 18 a
1535 2263 146 37 lengthened
1695 2275 61 26 stay,
1794 2268 83 27 Under
1890 2280 45 16 one
1948 2267 69 32 Week
2030 2276 35 25 Ss.
2079 2286 42 23 per
2135 2277 55 33 day.

1376 2331 37 28 N.
1425 2333 35 27 B.
1462 2331 87 26 —Mrs
1562 2332 107 27 Graham
1683 2336 47 25 will
1742 2336 52 25 also
1807 2338 111 24 continue
1931 2344 25 19 to
1966 2340 127 32 supervise
2107 2341 40 27 the

1470 2365 139 44 Geyser
1626 2366 122 42 House
1774 2368 253 48 .Hydropathic
2045 2376 112 40 Hotel

1707 2417 73 27 WA
1786 2418 104 28 IRAK
1894 2420 52 33 Jul,

1375 2449 76 27 which
1463 2450 43 26 has
1519 2450 100 28 become
1632 2463 13 16 a
1654 2455 101 33 popular
1765 2457 23 24 &
1798 2457 120 26 favourite
1928 2465 78 19 resort
2017 2468 114 28 amongst
2139 2464 126 25 travellers

1724 2490 49 24 and
1802 2491 112 26 invalids.

1441 2524 24 24 A
1485 2524 124 25 reduction
1629 2526 19 24 is
1669 2528 73 24 made
1761 2534 25 18 to
1806 2529 93 33 weekly
1917 2539 26 16 or
1956 2533 109 33 monthly
2074 2534 125 27 boarders.

1376 2562 81 25 Guide
1471 2564 79 23 Books
1561 2564 45 24 and
1621 2564 154 27 information
1785 2569 76 31 gratis
1874 2575 24 19 at
1908 2571 70 25 Cook
1989 2573 22 24 &
2022 2572 62 26 Sons
2097 2572 62 35 (sole
2168 2576 96 32 agents)

1608 2599 80 24 oirices
1707 2599 149 35 throughout
1874 2602 40 26 the
1928 2603 94 35 Colony

1375 2634 88 37 .Mrs.
1484 2633 38 41 R,
1542 2634 210 47 &RJ\HJ\M,
1792 2661 20 7 -
1864 2660 19 9 -
1936 2663 18 8 ~
1996 2643 265 49 Proprietress.

1380 2729 452 63 GEYSER
1862 2736 400 67 HOUSE,

1446 2803 329 50 Hydropathic
1791 2808 154 45 Hotel,
1964 2813 227 43 Wairkei.

1573 2872 36 21 Six
1618 2872 58 23 railc3
1685 2876 54 20 from
1749 2875 57 23 Lake
1815 2878 71 28 Taupo
1896 2880 101 25 (Eotorua
2007 2883 60 26 side).

1502 2912 219 36 SUPERIOR
1753 2919 389 37 ACCOMMODATION

1568 2961 54 21 ALT,
1633 2963 57 21 THE
1700 2965 146 22 COMFORTS
1856 2968 35 19 OP
1902 2968 17 20 A
1929 2969 82 21 HOME
2021 2971 56 21 FOE

1610 3003 157 29 Tourists
1786 3007 69 27 and
1884 3007 157 30 Invalids

1376 3079 68 28 Hot
1458 3079 201 33 Swimming
1672 3082 117 32 Baths,
1804 3084 293 32 Kiri-o-hine-Kai
2122 3095 39 21 or
2177 3090 83 28 Waw

1526 3113 83 27 SMn
1636 3114 98 33 Bath,
1762 3117 70 27 Hot
1846 3118 139 29 Douche
1997 3123 110 26 Baths

1675 3149 118 28 Grand
1813 3151 151 29 Climate.

1477 3185 301 30 Elevation—l3so
1798 3190 67 27 feet
1880 3191 109 29 above
2001 3201 59 20 sea
2069 3196 97 29 level.

1376 3263 255 28 COMPETENT
1648 3265 162 30 GUIDES
1821 3278 156 26 accompany
1989 3273 107 25 tourists
2107 3276 27 23 to
2141 3274 45 26 the
2200 3275 52 25 vari-

1475 3305 46 18 ous
1533 3299 83 31 places
1630 3300 26 23 of
1668 3300 116 33 interest,
1798 3304 86 24 which
1894 3303 74 28 baffle
1981 3307 45 24 the
2039 3310 66 22 most
2119 3308 73 25 facile
2203 3317 59 23 pen,

1475 3331 51 25 and
1538 3340 47 16 can
1597 3333 61 31 only
1670 3334 31 24 be
1714 3336 109 25 realized
1836 3338 76 24 when
1930 3347 67 18 seen.

1964 3400 5 3 -

1376 3420 192 25 GEYSER
1582 3420 194 28 VALLEY
1787 3426 94 20 contains
1886 3427 37 20 the
1930 3428 107 28 following
2043 3429 125 28 unequalled
2178 3429 84 21 Natura

1453 3448 255 25 wonders:—-luliuatahi,
1730 3458 22 11 or
1773 3452 65 19 Grc;;t
1858 3453 132 27 Champagne
2011 3456 120 25 Cauldron;
2145 3457 37 19 the
2199 3457 67 19 Groat

1454 3474 20 19 A\
1482 3474 74 19 airakei
1566 3474 78 26 Geyser
1653 3474 4 35 ;
1666 3476 34 19 tho
1712 3477 87 26 Donkey
1812 3479 78 25 Engine
1900 3474 4 35 ;
1916 3481 34 19 the
1961 3482 85 20 Fairies'
2056 3483 52 19 Bath
2119 3474 4 35 ;
2135 3483 35 19 the
2181 3483 72 26 Lightn-

1454 3506 38 19 ing
1501 3501 61 23 Pool;
1574 3501 35 19 the
1620 3501 89 21 Cascade
1721 3503 84 27 Geyser,
1820 3511 23 14 or
1855 3506 102 26 Dragon'*
1969 3510 69 18 mouth
2050 3501 4 33 ;
2066 3509 102 20 theblack
2180 3510 86 24 Gevser;

1454 3526 34 20 the
1495 3526 54 20 Mud
1559 3526 91 26 Geyser;
1667 3528 35 20 the
1713 3528 53 22 Blue
1776 3530 56 21 Lake
1841 3540 5 17 ;
1855 3531 36 21 the
1911 3533 33 19 Oil
1953 3533 55 21 Bath
2017 3543 5 16 ;
2041 3536 36 19 tho
2100 3536 79 24 Eagle's
2199 3537 67 23 Nest;

1456 3553 33 18 the
1500 3553 59 19 Devil
1569 3561 8 10 n
1589 3554 69 19 I'unch
1672 3554 53 21 Bowl
1736 3553 4 32 ;
1752 3557 34 20 the
1799 3558 71 20 Prince
1885 3559 22 19 of
1918 3559 76 21 Wales'
2005 3553 111 32 Feathers;
2125 3563 34 17 tho
2176 3561 78 21 Mirror
2263 3553 3 32 •

1455 3578 33 20 the
1497 3579 55 19 Twin
1562 3580 78 25 Geyser
1650 3589 5 15 ;
1665 3581 35 20 the
1711 3582 60 20 Coral
1784 3584 78 24 Geyser
1872 3578 4 35 ;
1889 3585 34 20 the
1933 3586 68 20 Green
2017 3588 48 19 Pool
2076 3578 3 35 ;
2099 3588 133 25 Terekerehe,
2244 3597 22 11 or

1454 3606 49 18 Hell
1514 3606 78 23 Geyser
1601 3606 4 33 ;
1616 3606 35 19 the
1661 3608 68 19 Sieam
1743 3610 103 21 Hammer.
1875 3611 84 21 Guide's
1971 3614 32 20 fee
2013 3616 22 18 to
2047 3615 79 24 Geyser
2146 3615 79 24 Valley,
2237 3617 19 19 ss-

1456 3632 92 18 distance
1557 3632 52 20 from
1620 3632 34 20 tlie
1664 3633 62 25 hotel,
1737 3643 38 12 one
1786 3637 51 19 mile.

1818 3692 12 21 \
1836 3709 8 11 3
1863 3697 22 12 or
1896 3691 80 21 Ladder
1986 3693 84 26 Rapids.
2100 3694 42 19 The
2161 3695 104 21 Grnndest

1455 3714 109 25 Kapidsin
1575 3716 34 17 tho
1620 3717 102 20 .Southern
1734 3718 149 27 Hemisphere;
1895 3721 73 28 falling
1977 3723 21 21 in
2018 3725 31 19 six
2066 3725 88 20 distinct
2171 3726 93 20 cascades

1456 3742 94 24 amongst
1564 3741 62 20 weird
1637 3744 42 19 and
1687 3745 76 25 rugged
1780 3753 90 19 scenery.
1898 3749 98 21 Distance
2006 3751 52 19 from
2070 3751 36 19 tho
2126 3752 138 25 hotel,'three

1457 3768 62 18 tmies.
1549 3768 73 19 Saddle
1631 3768 69 22 hordes
1716 3775 21 16 to
1748 3772 48 19 visit
1806 3773 33 19 tho
1848 3774 83 26 Eapids,
1942 3777 22 19 7s
1976 3777 25 19 (id
2011 3778 56 19 each.

1456 3840 101 20 ISOlbsof
1572 3845 63 15 steam
1646 3846 20 16 to
1677 3844 35 20 the
1718 3845 46 19 inch
1787 3846 52 19 from
1850 3853 26 13 an
1891 3852 96 22 aperture
1998 3851 22 20 of
2039 3853 65 19 ahont
2122 3853 27 20 12
2164 3853 69 21 inches
2243 3855 21 19 in

1456 3867 97 19 diameter
1587 3867 97 23 Distance
1695 3870 55 21 fro*
1759 3870 121 23 hoteUhree
1891 3877 39 19 and
1941 3883 13 14 a
1963 3877 43 21 half
2015 3878 70 26 miles;
2107 3879 70 20 saddle
2193 3879 71 22 torses

1456 3895 20 17 to
1489 3895 46 17 visit
1545 3893 35 19 the
1590 3893 70 25 above,
1670 3897 23 18 2s
1700 3897 26 19 (3d
1737 3899 54 18 each.

1788 3930 53 14 ALSO

1380 3954 97 25 THE
1495 3952 132 26 HLJKA
1646 3955 170 34 FALLS,
1834 3959 35 20 the
1887 3961 105 23 Grandest
2002 3965 56 20 Falls
2069 3968 21 18 in
2109 3966 34 20 the
2164 3966 99 22 Southern

1455 3984 141 23 Hemisphere.
1608 3984 3 38 ■
1624 3985 41 20 The
1676 3986 55 21 Falls
1742 3995 45 20 may
1803 3991 23 18 be
1836 3990 73 20 visited
1916 3999 25 12 on
1950 3994 35 19 the
1996 4001 54 15 same
2056 3996 116 26 expedition
2186 4005 21 12 as
2229 3999 35 20 the

1455 4010 62 19 Devil
1526 4010 113 38 slimpet
1673 4013 98 21 Distance
1780 4015 54 19 from
1844 4017 54 19 hotel
1908 4018 59 21 three
1975 4022 37 19 and
2025 4029 12 12 a
2047 4022 44 20 half
2102 4024 61 19 miles.
2189 4025 75 21 Saddle

1457 4036 59 20 horse
1533 4043 22 12 or
1564 4037 70 25 buggy
1647 4039 48 19 2M)d
1707 4040 55 20 each.

1510 4076 87 28 MRS
1611 4077 37 27 R.
1667 4078 195 36 GRAHAM,
1882 4083 244 34 Proprietress.

672 4174 127 54 Ask
825 4177 92 52 for
952 4174 311 56 Hancocks
1306 4174 343 61 Celebrated
1678 4193 207 46 xxxx
1908 4189 141 55 Ales
2098 4189 187 55 Stout.

2358 87 149 20 OKOIi

2441 140 124 20 PRIVATE

2290 185 226 33 BOARD'iMG
2556 188 151 32 HOUSE

2286 296 130 20 OPPOSITE
2434 298 51 17 THE
2503 295 65 20 SOSII
2577 299 50 16 AND
2637 296 72 21 SBIiE

2403 326 84 22 GP,APH
2504 322 95 20 OPRIGB

2284 352 49 21 And
2347 360 49 14 near
2414 355 35 19 tlio
2472 354 122 20 Celebrated
2617 354 101 21 PRIEST

2339 387 115 19 EACHEL
2464 387 40 19 and
2510 387 58 19 other
2575 387 97 25 BATHS,

2435 418 139 20 EOTOEUA.

2309 469 121 36 MRS
2455 471 215 41 YOUNG,

2523 517 142 25 Proprietress.

2403 542 70 19 Terms
2488 542 112 20 Moderate.

2390 649 222 44 OFFICE.

2284 748 82 21 Losses
2391 750 55 19 Paid
2580 754 140 24 £20,000,000

2284 801 54 20 Fiue
2347 802 107 20 Premium;
2465 802 100 21 Exceeds
2595 806 78 23 £1,500
2682 810 39 18 000

2284 853 162 22 Accumulated
2493 856 74 19 Fu.vds

2284 931 21 22 W,
2323 931 60 24 WARD
2391 933 73 28 BAKER,
2536 934 24 23 W.
2568 936 12 21 A
2592 937 102 25 WILLIAMS

2322 959 71 21 District
2402 960 82 26 Manager,
2557 961 42 22 Loca
2622 964 15 19 \i
2639 959 3 27 !
2644 973 7 5 --
2667 959 4 27 »

2380 983 93 24 Auckland.
2593 981 84 34 Ratoraa,'

2509 1115 36 39 M.
2568 1115 127 42 SIMON,

2483 1157 61 26 (Late
2554 1158 21 20 of
2584 1157 137 26 Melbourne.)

2510 1192 98 26 Practical
2618 1193 73 26 Tailor.

2483 1225 123 28 Clothes
2629 1227 91 27 made

2498 1262 33 24 to
2553 1260 84 26 order
2662 1268 40 19 on

2533 1293 140 27 shortest

2545 1328 110 25 notice.

2493 1452 56 25 Style
2558 1453 41 19 and
2608 1453 33 19 Fit
2651 1455 36 18 not
2698 1456 20 17 to

2479 1478 25 20 bo
2517 1479 94 25 equalled
2624 1480 22 19 in
2658 1483 60 17 town.

2396 1528 46 22 |gf?
2479 1522 96 20 Address
2630 1522 56 20 Next
2698 1525 21 17 to

2330 1543 102 32 .<£B|3Pp'
2478 1548 93 25 Larkir.3,
2585 1549 133 20 Oliinoniutu.

2285 1618 154 41 Roturua
2460 1622 158 38 Sawmill
2631 1622 86 48 Coy.

2432 1697 59 20 AND
2501 1698 58 19 EED
2573 1698 70 20 PINE
2653 1699 21 19 of
2684 1699 34 19 the

2298 1723 13 19 V
2320 1723 15 21 Y
2361 1724 59 18 iinest
2430 1724 79 26 quality
2519 1724 40 20 and
2569 1724 98 26 carefully
2677 1728 39 17 cut.

2284 1792 94 25 Matai,
2405 1793 122 18 fi'akalca
2555 1795 51 17 atsil
2632 1795 85 18 Tatva

2283 1814 130 23 Shingles,
2425 1816 115 23 S';;:3s:s,:,'-,
2556 1817 94 18 Itloclis
2663 1818 53 18 ai;<!

2285 1836 79 21 Posts,

2308 1883 15 20 A
2337 1884 50 26 good
2403 1884 38 20 and
2458 1885 90 20 assorted
2557 1886 75 26 supply
2641 1886 75 26 always

2290 1917 14 11 'ii
2317 1910 56 20 hand
2382 1914 21 16 at
2414 1911 34 19 the
2454 1911 83 20 Timber
2546 1911 63 20 Yard.

2416 1937 111 22 RQTOE
2538 1934 47 24 tIA.

2295 1985 47 20 *-3.
2374 1985 105 26 Special
2497 1990 59 17 care
2583 1987 81 21 taken
2689 1987 28 22 in

2389 2011 47 21 the
2462 2012 144 25 seasoning'.

2313 2062 84 40 Prices
2419 2065 24 37 at
2481 2063 46 39 Cnr
2551 2062 3 43 i
2576 2066 5 38 I
2601 2065 83 40 Safes.

2283 2130 26 29 I.
2618 2133 98 32 Manager.

2448 2203 23 26 [a
2485 2203 72 26 cahd.]

2284 2245 55 52 T.
2378 2248 47 58 8,
2462 2248 78 48 S*
2555 2232 41 39 v
2610 2250 15 21 '
2649 2250 18 22 °
2692 2249 28 27 *

2317 2321 101 21 BAKER
2429 2323 16 20 &
2455 2322 230 22 CONFECTIONER.

2315 2383 71 22 Gooda
2397 2385 101 20 delivered
2516 2384 54 27 daily
2585 2386 21 20 in
2625 2386 93 20 Rotorua

2310 2455 82 25 Butter,
2401 2456 55 28 Eggs
2462 2458 38 20 and
2510 2458 89 20 General
2604 2458 115 21 Groceries.

2333 2519 39 44 A.
2392 2519 31 41 &
2448 2519 35 42 G.
2504 2519 167 51 BROOK,

2286 2572 88 26 Boot
2384 2575 67 23 and
2467 2575 90 24 Shoe
2571 2575 147 26 Makers.

2363 2610 79 21 Fenton
2453 2611 72 24 Street,
2540 2612 99 20 Eotorua.

2283 2636 48 20 And
2353 2639 21 18 at
2401 2637 83 20 Parnell
2512 2638 40 20 and
2578 2639 141 23 Newmarket.

2309 2688 68 28 Large
2387 2690 41 19 and
2436 2690 71 21 vari„

2284 2715 88 26 Foreign
2382 2717 41 18 and
2433 2717 91 19 Colonial
2533 2717 63 20 Boots
2606 2718 41 19 and
2656 2718 63 21 Shoes

2349 2744 21 18 to
2380 2743 72 19 cbooso
2462 2743 52 19 from
2524 2746 21 17 at
2554 2744 36 19 the
2602 2747 52 17 most

2350 2818 94 20 Football
2455 2818 57 20 boots
2523 2825 12 13 a
2541 2819 112 25 speciality.

2284 2850 35 19 All
2338 2850 69 19 orders
2426 2850 40 19 and
2483 2851 76 25 repairs
2570 2852 149 25 expeditiously

2286 2920 168 47 PIANOS,
2480 2920 239 26 IIARMONIUNS,

2451 2946 148 21 OEGANS.

2470 2983 34 14 AL
2510 2983 9 14 8
2525 2984 12 14 0

2285 3007 76 26 Harps,
2380 3007 85 24 Violins,
2477 3008 141 24 Violoncellos,
2631 3008 74 21 Guitar
2705 3007 2 26 1
2707 3011 12 18 *)

2310 3033 77 27 Bonjoß
2407 3034 39 19 and
2455 3033 80 21 smaller
2547 3034 130 21 instruments
2688 3040 33 15 too

2310 3067 110 13 numerous
2432 3062 20 17 to
2467 3060 146 27 particularise.

2317 3095 160 46 JJOFFMAN
2503 3108 54 21 AND
2584 3097 96 48 j*\ON.S.

2286 3153 103 28 QUEEJVJ
2406 3153 122 26 STREET,
2547 3154 174 23 AUGKMrNB-

2285 3182 44 21 The
2337 3182 80 27 largest
2425 3183 107 27 importers
2547 3184 21 19 of
2582 3184 25 19 all
2624 3184 60 21 kinds
2702 3184 18 20 oi

2311 3210 83 19 musical
2401 3210 131 19 instruments
2539 3210 20 19 in
2566 3210 50 19 Now
2623 3210 98 21 Zealand.

2286 3241 34 19 All
2329 3241 60 20 kinds
2399 3242 21 19 of
2430 3241 83 20 musical
2521 3242 130 20 instruments
2661 3244 48 18 tune

2311 3268 41 19 and
2368 3268 99 25 repaired.

2356 3320 92 31 H.C
2470 3320 192 33 WRIGHT,

2363 3362 135 21 STJRGEO.N
2515 3363 87 20 DkNTI
2619 3364 22 20 T.

2467 3426 19 9 iu
2498 3426 25 9 a.
2536 3417 21 19 L.
2568 3416 75 26 Wrigh
2655 3417 17 25 ),

2312 3469 89 19 Notifies
2412 3468 45 20 that
2467 3469 26 19 be
2511 3475 18 13 is
2547 3469 92 19 continui
2655 3476 14 18 g
2688 3469 34 19 tlie

2284 3495 94 20 business
2389 3494 21 21 of
2421 3502 10 13 a
2446 3495 82 20 Dentist
2538 3499 20 16 at
2570 3497 34 18 the
2615 3497 26 18 Pr
2654 3503 67 13 m;sis.

2284 3521 230 24 SHORTLAND-ST.,
2530 3522 86 20 assisted
2637 3523 25 25 by
2683 3523 37 19 Mb

2284 3547 34 20 W.
2332 3548 25 19 11.
2368 3548 106 20 Wright.
2495 3547 42 21 The
2547 3548 110 26 high-class
2668 3549 51 19 work

2284 3574 21 18 of
2318 3574 35 20 the
2364 3574 40 20 late
2417 3575 33 18 Mr
2460 3575 26 18 A.
2497 3575 22 18 L.
2532 3575 85 25 Wright
2637 3575 41 20 will
2698 3575 23 20 be

2284 3600 89 19 adhered
2383 3602 28 22 to,
2420 3601 38 18 and
2470 3607 40 17 any
2520 3601 38 19 left
2570 3602 115 19 unfinished
2695 3602 24 23 by

2285 3626 36 19 hat
2331 3626 116 26 gentleman
2459 3628 40 17 will
2519 3627 25 20 be
2560 3627 118 27 completed
2694 3628 24 24 by

2380 3654 35 18 the
2425 3660 42 13 new
2477 3657 149 18 management.

2371 3790 103 25 Building
2482 3790 101 26 Surveyor
2592 3791 34 19 &e.

2284 3822 70 24 Agnot
2363 3822 31 18 fer
2404 3821 34 20 the
2448 3821 98 19 National
2556 3821 47 19 Fire
2613 3821 40 19 and
2663 3821 42 20 Mar-

2284 3847 32 19 ino
2327 3847 110 20 Insuarnce
2446 3847 35 20 Co.

2307 4002 219 30 BOOT7VV
2536 4002 182 30 HK6R

2343 4059 324 62 ROTORUA.

2776 74 28 26 J.
2823 75 50 26 W.
2893 77 217 34 WIRGLEY,
3125 99 13 21 t

2750 129 19 22 A
2811 128 62 21 BO
2899 132 22 19 H
2947 134 11 19 i
2990 135 69 21 T,e
3089 136 18 20 C
3129 125 35 45 JT,

2877 181 136 25 ROTORUA.
3129 170 9 36 I

2761 206 69 25 Agent
2846 207 31 19 for
2888 212 33 17 the
2941 212 63 19 South
3024 214 81 21 British
3112 210 50 26 lire

2735 233 17 18 &
2762 232 81 20 Marino
2853 233 109 23 Insurance
2973 239 108 27 Company.

2803 278 208 37 Established
3032 298 12 21 i
3044 298 49 21 876.

2736 355 60 17 Under
2818 355 29 17 the

2736 376 33 17 His
2783 376 62 17 Excel-

2737 398 88 16 Governor

3066 388 50 20 lency
3133 389 20 19 jth
3154 395 9 11 e

2802 442 94 38 John
2931 445 39 38 J.
2992 447 104 50 Keys,
3118 443 23 51 1

2740 499 125 33 BMi'der
2894 502 58 26 and
2979 503 175 32 Contractor

2808 553 293 35 ROTORUA.

2740 614 106 21 Estimates
2865 617 55 22 jjiven
2936 620 32 19 for
2982 621 111 26 Buil.lings,
3105 624 51 21 alter-

2757 643 76 18 tationa
2842 645 36 17 an)
2891 646 73 23 repairs
2975 648 19 18 in
3006 649 25 19 all
3043 650 101 21 branches

2893 672 21 18 of
2926 672 33 20 the
2966 675 62 19 trade.

2764 699 101 27 Painting,
2877 701 76 26 Paperh
2955 711 11 13 a
2967 711 13 15 ;i
2982 712 12 20 ?
2996 706 41 25 ing,
3053 709 40 19 and
3110 709 44 21 GHz-

2738 732 41 19 ing,
2791 727 66 19 Venet
2867 734 23 12 an
2902 730 16 18 &
2930 727 2 31 ,
2942 730 43 21 ther
3001 733 67 21 Hl.nds
3078 738 21 17 to
3109 737 59 21 order

2750 759 23 11 or
2790 753 110 25 re-painted
2916 756 39 20 and
2966 760 97 24 re-taped.

2752 783 54 22 Good
2819 784 64 20 stocks
2898 787 19 18 of
2932 788 86 22 Funeral
3032 791 120 26 Requisites.

2788 839 35 18 IT

2837 924 37 26 K.
2905 925 179 33 MARTIN.

2742 971 155 27 SaricterSi
2912 972 132 32 Harness
3060 978 107 32 Maker,

2785 1016 61 20 (Next
2858 1018 22 17 to
2889 1017 91 20 Larkin's
2994 1020 50 20 Boot
3059 1022 64 22 SliopO
3140 1008 7 41 f

2862 1052 185 25 OHINEMUTU.

2762 1092 91 25 Saddles,
2866 1092 84 27 Bridles,
2960 1096 83 26 Collars,
3052 1099 32 19 &e.
3093 1099 50 23 kept
3149 1101 21 19 in

2740 1120 68 19 Stock.
3120 1113 11 16 v

2801 1156 36 20 All
2847 1157 133 25 descriptions
2990 1158 22 21 of
3022 1160 83 22 harness
3121 1149 3 42 .
3143 1149 9 42 \

2873 1184 56 20 nijtde
2941 1187 20 17 to
2972 1186 65 20 order.
3117 1186 6 5 '
3119 1191 6 6 J
3144 1185 8 26 |

2792 1225 84 26 Repairs
2886 1226 52 21 done
2953 1227 49 21 with
3012 1229 104 27 despatch.

2738 1261 57 26 Style
2804 1263 40 19 and
2860 1263 157 29 WoiKmanship
3032 1270 132 22 guaranteed.

2738 1332 232 39 JECKLIN&
2990 1336 164 38 COTTER

2806 1397 114 21 FAMILY
2948 1400 157 27 BUTCHERS,

2820 1439 73 20 Arawa
2908 1439 73 27 Street,
2996 1442 98 28 Rotorua,

2764 1481 60 21 Ha?c
2835 1484 21 18 to
2867 1483 65 20 thank
2947 1484 35 21 the
2992 1486 71 24 public
3077 1487 22 20 of
3109 1487 49 21 Roto-

2738 1515 37 12 iua
2785 1508 33 20 for
2825 1511 46 23 past
2884 1510 66 21 favors
2966 1512 40 19 and
3025 1513 38 26 beg
3079 1517 21 16 to
3118 1517 53 18 state

2738 1534 49 26 t'Ley
2797 1535 42 18 will
2849 1536 96 21 continue
2954 1539 22 18 to
2985 1540 58 19 merit
3053 1543 84 23 Bupport

2738 1562 110 25 pronding
2867 1562 36 20 the
2923 1564 45 19 best
2987 1566 78 25 quality
3081 1567 22 19 of

2804 1597 33 28 At
2863 1599 108 29 lowest
2997 1604 106 32 prices,
3141 1601 29 37 jf

2850 1675 13 16 z
2879 1672 18 19 R
2912 1673 17 18 O
2944 1672 20 21 T
2992 1675 154 23 HOTEL.

2856 1701 94 24 Wakefield
2961 1705 32 26 St,,
3004 1705 92 24 Auckland.

2790 1736 138 35 Newman
2976 1742 123 33 Meider

2758 2173 67 14 Ha.in/
2837 2170 48 17 taVen
2896 2170 27 15 the
2938 2171 50 14 ahove
3000 2171 108 15 well-known
3119 2169 45 16 Hofca

2737 2192 33 15 will
2784 2191 69 20 l'e„gia'.t
2864 2190 16 16 to
2891 2195 24 9 see
2926 2190 33 14 and
2969 2190 77 16 welcome
3056 2190 23 15 all
3099 2190 24 15 his
3143 2189 28 15 old

2919 2209 66 16 friends.

2826 2236 53 19 ONLY
2889 2236 39 18 THE
2937 2236 51 17 BEST
2998 2236 80 17 BRANDS

2799 2272 17 18 of
2823 2273 55 16 Wines
2884 2271 33 17 and
2924 2272 61 19 Spirits
2993 2272 41 20 kept
3041 2272 17 16 in
3066 2272 49 16 Stock

2784 2298 112 22 SPARKLING
2905 2300 55 17 XXXX
2968 2300 38 17 ALE
3014 2305 21 12 on
3049 2300 79 21 draught.

2738 2330 56 19 Every
2801 2326 107 20 convenience
2919 2327 86 17 combined
3016 2328 40 15 with
3064 2327 62 19 civility
3137 2327 33 15 and

2758 2350 72 16 comfort
2837 2350 26 14 for
2870 2348 68 19 country
2951 2347 64 15 visitors
3023 2347 32 16 and
3063 2347 87 15 Boarders.

2798 2387 182 43 BRITOMART
2993 2413 5 22 :
3002 2385 161 65 HOTEk_

2741 2455 151 38 Custom
2909 2453 121 38 House
3041 2452 118 39 Street

2837 2523 243 33 AUCKLAND.

2745 2572 49 16 Closo
2801 2572 17 16 to
2827 2569 82 23 Railway
2917 2569 68 17 Station
2997 2568 34 17 and
3044 2568 42 17 Post
3097 2568 58 17 Office.

2761 2609 83 20 Superior
2860 2606 145 19 accommodation
3027 2608 27 15 for
3072 2606 87 17 Tourists,

2784 2630 98 17 Travellers
2899 2629 34 17 and
2953 2629 77 20 Cuuntly
3046 2628 82 16 Farmers.

2807 2669 100 21 TERMS
2934 2667 171 22 MODERATE.
3154 2666 5 16 »

2741 2706 72 17 None
2833 2703 46 19 but
2898 2703 133 18 first-class
3041 2702 91 18 brands
3149 2701 24 17 of

2762 2728 63 20 Ales,
2835 2726 87 17 Wines
2932 2725 48 17 and
2990 2724 87 21 Spirits
3088 2724 61 21 kept,

2738 2769 59 21 THE
2842 2767 145 21 NATIONAL
3037 2764 136 22 CARBOLIC

2846 2792 221 22 HISENFEOTANT.

2739 2832 50 21 The
2800 2832 56 21 best
2867 2829 48 22 and
2928 2829 123 26 cheapest
3062 2827 110 22 Carbolic

2741 2859 172 22 Disenfectant
2952 2856 101 21 Powder
3092 2855 80 21 before

2879 2886 43 20 the
2943 2884 93 26 public.

2740 2916 90 24 Strong
2842 2920 22 15 in
2884 2914 92 22 action,
2998 2911 131 27 agreeable
3150 2911 21 20 in

2915 2940 84 24 smeil,

2741 2969 106 18 Purifies
2863 2968 43 17 the
2926 2968 37 15 air
2986 2966 49 17 and
3060 2965 113 22 prevents

2909 2989 102 17 disease.

2855 3022 119 34 GMif&IC
2992 3021 70 33 soup;

2867 3062 100 22 Y/ARNOCK
3003 3061 46 24 Bros,

2815 3088 57 22 Works
2883 3088 40 21 Goxs
2931 3086 55 22 Creek.
2997 3084 98 23 Richmond.

2740 3114 101 22 Warehouse
2875 3112 71 21 Durham
2982 3112 61 24 Street,
3079 3108 92 24 Auckland,

2791 3169 162 35 Rotorua
2968 3166 152 42 Library

2743 3230 42 25 f~\
2794 3230 12 14 l'
2816 3230 14 17 R
2839 3229 16 19 N
2875 3229 50 19 From
2939 3230 23 17 10
2975 3235 10 11 a
2996 3235 23 11 tn.
3029 3229 21 17 to
3080 3232 44 19 p.m.
3135 3224 38 21 and

2745 3255 9 17 *!
2772 3258 13 16 /
2876 3252 2 24 ■
2893 3257 34 12 '>''•
2945 3262 23 10 ■■'■
2981 3255 92 17 Sur.davs
3082 3252 4 24 (
3091 3252 81 20 ill9p.m

2761 3289 63 18 ut)<*c-
2874 3290 5 12 :
2923 3283 3 24 •
2945 3283 31 24 341
2986 3283 11 24 h
3072 3287 98 14 oniiiiin

2769 3319 87 19 V'oitors
2877 3324 41 14 mav
2938 3321 84 21 procure
3038 3314 67 20 Bnoks
3120 3314 51 19 from

2752 3346 23 19 lv
2794 3345 84 21 Librarv
2897 3350 23 13 on
2940 3342 80 25 making
3037 3349 12 12 a
3062 3341 80 20 deposit
3152 3340 21 19 of

2742 3375 37 17 not
2794 3372 39 19 Ipss
2853 3370 46 19 'hi''
2918 3371 22 18 5s
2964 3369 38 19 ad
3020 3367 121 26 pnrchasii'g
3152 3368 20 19 Is

2741 3406 9 13 c
2832 3398 31 18 for
2873 3403 23 13 ev
2912 3403 7 8 r
2922 3404 9 9 V
2944 3396 17 19 F
2975 3396 24 19 uf
3010 3395 70 19 books.

2767 3431 42 19 The
2827 3430 87 23 Li'irary
2933 3426 16 21 is
2973 3434 52 19 open
3049 3427 70 25 du.mg
3139 3425 34 21 the

2776 3598 162 38 A/lararoa
2967 3596 170 39 Sawmill.

2740 3647 116 38 DESIRE
2880 3648 22 17 to
2914 3646 66 18 thank
2998 3645 36 19 the
3052 3644 66 22 public
3141 3643 29 18 for

2801 3670 47 20 past
2856 3669 75 17 favors,
2943 3667 41 18 and
2992 3667 38 21 beg
3037 3667 23 17 to
3069 3669 101 15 announce

2738 3690 47 18 that
2808 3690 75 21 having
2895 3694 11 13 a
2922 3690 54 20 large
2999 3688 59 18 stock
3070 3687 23 18 of

2738 3711 97 19 seasoned
2858 3711 104 17 first-class
2984 3709 74 19 timber
3077 3713 26 13 on
3117 3707 53 18 hand

2738 3733 51 21 they
2811 3738 33 13 are
2863 3732 98 21 prepared
2973 3732 23 17 to
3008 3730 52 19 fulfil
3069 3730 69 19 orders
3149 3728 21 18 at

2737 3754 87 19 reduced
2835 3754 62 17 rates.

2869 3848 170 21 FRUITERER.

2763 3880 55 20 Next
2829 3880 100 20 Saddler's
2943 3880 56 26 shop,
3012 3880 126 20 Ohinomutu,

2736 3915 46 20 Has
2797 3915 73 24 always
2886 3921 10 12 a
2912 3915 52 24 good
2980 3913 74 26 supply
3069 3912 20 20 of
3104 3909 60 21 Fresh

2791 3941 64 22 Fruit,
2874 3939 52 20 both
2943 3940 51 19 local
3016 3939 40 19 and
3079 3939 23 18 im-

2842 3966 71 26 ported
2949 3973 26 12 on
3009 3965 56 20 hand

2904 3992 93 19 Also

2856 4018 19 19 A
2896 4017 154 21 veil—assorted

2788 4045 57 21 stoik
2857 4045 21 18 of
2887 4045 93 21 Biscuits,
2989 4041 110 21 Confection-

2736 4079 35 19 ery
2781 4071 41 21 and
2830 4073 94 19 Summer:
2933 4070 76 18 Drinks
3018 4072 21 16 at
3048 4066 112 20 MoDBBATH
