4240 5910
1870 3403 150 37 Mount
2063 3403 158 47 Benger
2263 3404 117 37 Mail.

2001 3490 61 19 JUST
2081 3490 54 19 AND
2155 3490 67 19 FEAR

1950 3552 118 27 FRIDAY,
2082 3552 114 21 AUGUST
2211 3553 19 26 6,
2252 3553 54 22 1897.

1856 3639 69 40 The
1945 3639 115 40 Yukon
2076 3639 80 40 Gold
2176 3640 216 40 Discoveries.

1888 3716 57 29 The
1978 3720 92 25 recent
2098 3715 164 31 discoveries
2293 3718 29 28 of
2344 3722 59 25 vast

1851 3758 97 27 wealth
1963 3758 27 26 in
2002 3758 46 27 the
2059 3756 129 28 northern
2194 3764 69 21 most
2274 3760 128 27 territory

1832 3793 2 43 '
1851 3798 28 27 of
1888 3797 88 29 North
1988 3798 136 33 America,
2135 3797 163 39 principally
2310 3809 32 18 on
2356 3800 46 28 the

1832 3838 2 37 i
1853 3838 99 30 Yukon
1968 3839 80 36 river,
2061 3839 48 28 has
2119 3839 134 29 attracted
2265 3840 136 29 universal

1832 3878 2 40 |
1849 3880 147 33 attention,
2011 3880 52 27 and
2074 3889 64 19 even
2150 3879 73 34 here,
2233 3880 27 26 in
2272 3880 127 38 faraway

1832 3919 2 38 {
1851 3919 68 29 New
1942 3920 128 36 Zealand,
2096 3919 47 29 the
2168 3919 76 29 cable
2272 3925 130 24 accounts

1832 3960 2 38 I
1851 3960 68 29 have
1941 3960 110 38 already
2070 3961 132 28 attracted
2231 3961 116 28 recruits
2373 3967 27 24 to

1832 4001 2 35 ,
1851 4001 57 27 that
1924 4005 114 31 country
2053 4001 27 27 in
2095 4001 46 27 the
2155 4011 64 17 ever
2233 4002 167 27 fascinatinc

1849 4040 94 29 search
1957 4042 43 27 for
2010 4041 74 38 gold.
2123 4040 120 38 Already
2265 4052 40 17 we
2329 4052 70 19 were

1848 4091 88 18 aware
1945 4082 61 27 that
2018 4082 101 27 Alaska
2133 4082 62 27 held
2205 4091 32 18 an
2249 4082 149 38 important

1848 4122 118 36 position
1981 4122 27 27 in
2020 4122 44 28 the
2074 4121 63 37 gold
2147 4122 153 36 producing
2300 4121 2 37 1
2316 4132 66 18 coun-

1848 4162 65 28 tries
1927 4162 28 28 of
1970 4162 45 28 the
2029 4162 93 34 world,
2136 4162 106 33 though
2258 4172 123 28 compara-

1847 4202 84 35 tively
1943 4203 52 27 few
2009 4203 96 37 people
2116 4202 123 37 possibly
2253 4202 69 28 have
2343 4213 54 26 any

1847 4243 60 28 idea
1928 4243 29 28 of
1980 4243 46 28 the
2049 4253 63 27 very
2145 4241 76 39 large
2246 4247 97 23 extent
2369 4249 28 21 to

1846 4283 88 28 which
1950 4283 103 28 Alaska
2067 4282 132 40 produces
2214 4282 46 29 the
2272 4283 124 38 precious

1846 4325 90 28 metal.
1976 4324 80 29 From
2075 4325 81 27 latest
2169 4329 129 22 accounts
2313 4324 81 36 given

1829 4363 1 34 i
1844 4365 27 26 in
1886 4374 15 18 a
1915 4365 116 26 number
2044 4364 28 27 of
2086 4364 45 27 the
2171 4363 105 28 .Alaska
2289 4364 106 33 Mining

1828 4403 2 46 I
2007 4404 82 29 dated
2119 4403 47 28 sth
2194 4403 73 37 May,
2290 4404 29 27 of
2342 4404 53 28 this

1828 4434 2 49 |
1844 4456 74 27 year,
1934 4445 27 28 in
1973 4445 86 28 which
2074 4455 33 18 an
2119 4444 139 36 interview
2270 4444 64 27 with
2349 4445 46 27 the

1828 4485 2 44 j
1846 4487 73 28 Hon.
1933 4486 118 27 Thomas
2066 4485 27 28 S.
2108 4485 42 28 No
2154 4485 57 27 well
2225 4485 133 35 (member
2367 4485 28 27 of

1828 4517 2 48 I
1844 4527 47 28 the
1905 4526 67 29 U.S.
1988 4525 148 38 Congiess)
2148 4525 23 27 is
2187 4524 153 38 published,
2355 4535 39 18 we
2402 4517 1 48 j

1828 4565 1 38 I
1844 4567 73 28 learn
1934 4567 60 28 that
2008 4566 105 29 Alaska
2126 4566 22 27 is
2162 4565 46 28 the
2221 4565 101 28 riche.-t
2336 4576 56 17 sec-
2402 4565 1 38 !

1827 4605 2 50 j
1844 4608 55 27 tion
1915 4608 28 26 of
1958 4607 46 26 the
2028 4605 100 29 United
2153 4606 101 33 States,
2277 4605 47 28 the
2345 4616 47 27 ag-
2402 4605 1 50 :

1827 4645 1 41 j
1843 4651 115 34 gregate
1988 4645 77 30 value
2095 4646 29 29 of
2157 4645 45 29 the
2234 4645 64 39 gold
2333 4653 45 22 out-

1827 4687 1 41 j
1843 4692 49 33 pat
1926 4688 77 27 alone
2032 4687 77 27 there
2140 4687 50 26 last,
2216 4698 65 24 year
2308 4687 84 37 being

1827 4714 1 56 j
1842 4727 203 35 4,070,000d01.
2069 4725 158 29 MrNoweil
2239 4726 151 34 continues,

1872 4769 45 26 the
1949 4771 116 33 country
2096 4767 134 35 produces
2262 4767 128 36 annually
2402 4767 1 37 j

1827 4801 1 40 |
1841 4817 74 18 more
1929 4807 98 26 wealth
2041 4807 65 26 than
2120 4806 46 27 the
2180 4806 86 27 entire
2278 4812 112 21 amount
2402 4801 1 40 [

1827 4844 1 41 |
1840 4846 63 39 paid
1917 4846 44 29 for
1974 4846 44 27 the
2033 4845 126 38 territory
2174 4850 28 25 to
2217 4845 45 29 the
2272 4845 117 29 Russian
2402 4844 1 41 I

1827 4876 1 59 j
2098 4887 57 27 The
2169 4898 44 16 ore
2234 4886 71 27 mills
2319 4887 69 27 from
2402 4876 1 59 J

1827 4922 1 45 j
1840 4927 72 27 odol.
1928 4931 27 22 to
1985 4922 4 45 I
1999 4926 89 29 OOdol.
2115 4937 48 27 per
2184 4931 57 29 ton,
2263 4927 53 26 and
2343 4927 43 28 Mr

1827 4965 1 47 j
1839 4965 106 30 Nowell
1967 4977 55 16 was
2054 4967 30 27 of
2105 4966 111 39 opinion
2241 4966 21 27 it
2282 4967 105 29 needed
2402 4965 1 47 j

1827 5003 1 50 j
1839 5008 62 33 only
1914 5007 45 27 the
1973 5007 182 28 combination
2171 5007 28 26 of
2220 5007 97 37 capital
2333 5009 52 28 and
2401 5003 2 50 j

1840 5048 103 32 labour,
1958 5047 93 35 wisely
2070 5047 131 33 directed,
2216 5052 28 21 to
2267 5047 120 30 increase
2400 5047 2 36 j

1839 5092 5 23 t
1851 5087 34 29 he
1899 5085 67 29 total
1978 5086 113 38 product
2113 5091 28 24 to
2163 5098 15 17 o
2199 5087 185 36 ,000,000dol.

1837 5139 31 16 or
1893 5127 221 34 40,0u0,U00d01.
2141 5138 47 26 per
2213 5138 74 26 year.
2328 5130 57 27 The
2399 5119 2 53 j

1827 5166 1 40 !
1837 5170 92 35 report
1942 5166 29 28 of
1984 5167 46 27 the
2047 5167 138 29 interview
2208 5178 66 26 goes
2297 5179 34 18 on
2357 5176 28 21 to
2398 5166 2 40 j

1837 5218 56 28 say,
1936 5208 46 27 the
1996 5208 105 28 mother
2124 5208 62 28 lode
2209 5210 59 27 that
2291 5219 92 28 passes
2397 5207 3 40 \

1835 5248 71 28 from
1931 5247 209 30 South-eastern
2163 5249 104 28 Alaska
2289 5256 28 21 to
2338 5250 46 27 tlie
2397 5242 2 47 j

1836 5288 72 28 river
1918 5287 101 28 Yukon
2030 5289 111 28 extends
2155 5299 65 19 over
2232 5290 51 28 GOO
2298 5289 84 33 miles,
2397 5287 1 35 i

2375 5316 7 8 J
2396 5316 1 13 i

1835 5329 53 28 and
1924 5328 78 27 while
2037 5329 21 27 it
2082 5330 64 28 does
2170 5335 48 22 not
2244 5339 64 27 crop
2336 5336 47 21 out
2396 5328 2 41 j

1835 5368 157 28 sometimes
2002 5368 41 27 for
2052 5372 99 34 twenty
2161 5379 29 17 or
2199 5368 87 36 thirty
2296 5369 86 34 miles,
2396 5368 1 38 !

1834 5412 46 34 yet
1892 5407 77 28 when
1988 5407 21 28 it
2032 5407 62 30 does
2113 5419 101 28 appear
2235 5407 23 28 it
2278 5407 22 28 is
2325 5407 28 28 in
2366 5420 16 15 a
2395 5407 2 41 j

1835 5449 82 30 series
1931 5449 28 28 of
1973 5448 76 29 veius
2063 5449 68 30 from
2147 5450 52 28 200
2211 5455 26 22 to
2251 5448 54 29 000
2326 5448 71 32 feet;

1973 5490 57 27 The
2044 5490 295 35 difference,however,
2354 5490 26 26 in
2395 5489 1 36 !

1834 5531 47 28 the
1892 5529 145 39 goldfields
2051 5529 29 29 of
2098 5530 104 29 Alaska
2224 5529 55 28 and
2302 5529 78 29 those

1835 5571 28 28 of
1876 5571 47 28 the
1936 5570 101 29 Yukon
2052 5571 81 29 River
2145 5570 128 36 territory
2286 5569 24 28 is
2321 5569 59 28 that
2394 5569 1 37 1

1834 5612 47 27 the
1906 5611 102 28 former
2039 5613 101 27 consist
2164 5609 164 40 principally
2352 5609 28 28 of
2393 5609 2 42 j

1835 5656 96 35 quartz
1943 5651 80 35 reefs,
2039 5651 75 29 while
2128 5653 27 27 in
2174 5651 46 28 the
2239 5650 82 28 latte*
2334 5650 46 27 the
2393 5650 2 41 j

1834 5693 93 27 claims
1959 5701 45 17 are
2030 5693 98 36 mostly
2156 5689 119 30 alluvial.
2315 5689 65 27 This
2393 5689 2 42 j

1834 5733 55 27 fact
1920 5730 56 30 will
2001 5730 131 40 probably
2163 5729 109 40 explain
2305 5738 75 19 some
2392 5729 2 42 j

1833 5776 162 26 statements
2009 5771 28 31 in
2050 5771 44 31 the
2107 5778 93 23 recent
2213 5769 76 30 cable
2303 5779 75 18 news

2444 192 61 29 that
2518 195 28 25 at
2559 193 59 28 first
2631 193 76 38 siglit
2720 192 137 39 appeared
2876 195 28 24 to
2923 191 75 28 show

2444 244 17 17 a
2473 235 74 26 want
2561 232 28 29 of
2608 233 148 38 judgment
2769 243 35 18 on
2817 233 47 28 the
2887 234 63 34 part
2972 230 28 28 of

2445 273 48 28 the
2507 272 187 29 Government
2707 273 28 28 in
2758 273 48 28 the
2829 270 170 35 supervision

2446 313 29 28 of
2486 312 47 28 the
2542 313 90 38 newly
2641 313 160 28 discovered
2812 312 88 27 fields.
2940 310 60 28 One

2447 352 86 35 cable,
2544 352 43 29 for
2599 352 133 30 instance,
2757 350 163 30 announced
2941 350 60 28 that

2446 393 48 28 the
2533 392 140 29 Canadian
2721 393 188 28 Government
2947 390 52 28 had

2447 432 114 31 decided
2582 436 29 25 to
2633 433 105 39 impose
2749 443 16 17 a
2784 432 109 38 royalty
2914 430 30 29 of
2970 430 31 28 10

2447 484 48 29 per
2509 476 73 26 cent,
2598 484 34 18 on
2646 484 16 18 a
2675 473 107 37 weekly
2792 476 100 34 output
2902 472 99 29 valued

2447 518 29 25 at
2490 513 109 29 500dol.
2613 513 55 28 and
2683 524 50 17 one
2748 513 29 28 of
2800 513 35 28 20
2855 523 50 27 per
2926 515 73 26 cent,

2447 566 73 24 upon
2535 557 113 36 outputs
2662 553 29 30 of
2711 553 92 39 larger
2824 553 79 29 value
2926 563 71 29 upon

2417 594 1 41 I
2447 597 35 28 all
2497 595 65 39 gold
2577 595 129 29 obtained
2721 595 70 28 from
2801 595 47 28 the
2871 595 86 28 mines
2971 594 28 28 in

2417 635 1 31 >
2447 639 48 27 the
2507 635 103 30 Yukon
2625 635 83 28 River
2718 635 117 28 district.
2875 635 125 28 Another

2446 679 221 27 announcement
2688 675 80 28 made
2789 686 55 17 was
2867 675 61 28 that
2952 675 47 28 the

2449 719 188 29 Government
2649 715 135 30 intended
2798 720 28 25 to
2840 726 107 19 reserve
2971 720 28 24 to

2448 758 163 29 themselves
2638 767 82 26 every
2751 757 132 28 alternate
2910 756 86 29 claim.

2448 797 215 39 Remembering
2694 797 48 28 the
2773 800 98 35 strong
2895 797 104 37 feeling

2448 840 89 30 which
2551 839 102 29 miners
2666 838 28 28 in
2708 838 47 28 the
2769 838 74 37 early
2857 838 67 37 days
2944 838 53 28 had

2446 882 27 27 in
2489 881 55 28 this
2558 880 97 37 colony
2669 879 109 38 against
2789 879 46 27 the
2850 879 64 38 gold
2930 879 68 36 duty

2446 922 30 28 of
2489 922 53 27 five
2556 920 127 36 shillings
2709 929 49 27 per
2771 929 86 18 ounce
2872 920 72 36 (part
2970 918 28 29 of

2446 962 89 28 which
2548 971 55 17 was
2616 959 142 29 abolished
2773 959 37 37 by
2823 959 46 28 the
2883 959 99 28 Provin

2447 1002 51 29 cial
2513 1002 196 30 Government,
2723 999 54 29 and
2792 999 47 29 the
2853 1003 55 25 rest
2928 999 70 29 later

2446 1045 56 34 on),
2517 1042 46 28 the
2578 1040 140 30 Canadian
2733 1040 209 28 Government's
2964 1041 32 27 10

2446 1093 48 28 per
2506 1086 72 25 cent,
2593 1082 54 28 and
2659 1081 34 28 20
2703 1091 48 28 per
2759 1085 72 23 cent,
2846 1084 75 25 taxes
2934 1091 61 17 mav

2446 1127 28 25 at
2505 1123 59 29 first
2590 1122 76 39 sight
2697 1131 102 30 appear
2830 1122 86 37 heavy
2942 1120 52 28 and

2445 1164 107 38 unduly
2563 1163 153 29 restrictive
2728 1174 7 24 ;
2747 1163 52 28 and
2809 1162 121 39 possibly
2940 1162 55 28 also

2446 1205 46 29 the
2505 1204 144 37 reserving
2658 1204 29 28 of
2695 1204 133 28 alternate
2836 1203 95 29 claims
2942 1202 50 28 will

2448 1246 34 26 be
2497 1244 160 29 considered
2681 1254 16 17 a
2717 1244 130 38 hardship
2864 1244 36 37 by
2916 1253 78 26 many

2446 1285 29 29 of
2488 1285 46 29 the
2545 1284 101 29 miners
2669 1294 34 19 on
2725 1284 46 29 the
2793 1284 101 29 Yukon
2918 1282 62 39 gold-

2445 1327 87 28 fields.
2573 1326 42 28 On
2629 1326 47 28 the
2688 1326 80 28 other
2787 1326 82 35 hand,
2883 1326 76 28 there
2973 1324 22 28 is

2447 1367 72 36 good
2533 1376 95 19 reason
2643 1366 44 29 for
2709 1366 162 39 supposing,
2889 1366 53 28 and
2956 1376 40 18 we

2447 1408 105 28 believe
2578 1407 66 28 such
2665 1406 23 29 is
2707 1407 48 28 the
2774 1417 71 25 case,
2866 1408 59 27 that
2951 1408 46 27 the

2448 1448 186 29 Government
2647 1447 27 28 in
2695 1448 68 27 both
2776 1448 137 27 instances
2926 1458 72 18 were

2447 1489 93 37 acting
2561 1488 28 28 in
2611 1488 47 28 the
2679 1488 61 28 best
2762 1488 128 28 interests
2904 1488 28 28 of
2952 1489 46 27 the

2448 1529 107 36 mining
2594 1531 168 35 community
2801 1529 87 29 there.
2927 1529 71 28 Both

2448 1571 164 33 conditions,
2627 1580 40 18 we
2680 1581 45 16 are
2738 1570 120 27 inclined
2870 1574 28 23 to
2909 1570 90 34 think,

2448 1610 54 28 will
2518 1610 154 36 effectually
2695 1613 115 32 prevent
2832 1609 169 38 monopolies

2449 1651 35 37 by
2500 1650 76 38 large
2591 1649 156 39 syndicates
2758 1649 98 35 which,
2870 1649 70 29 from
2956 1649 46 29 the

2450 1692 121 28 richness
2584 1691 29 29 of
2627 1691 46 28 the
2684 1690 73 34 field,
2768 1690 77 29 there
2855 1702 55 17 was
2921 1702 81 24 every

2450 1743 94 18 reason
2557 1736 28 25 to
2607 1732 68 28 fear.
2716 1733 39 26 As
2775 1731 89 28 would
2885 1731 34 27 be
2939 1742 62 17 seen

2450 1773 69 28 from
2547 1773 47 28 the
2622 1771 124 29 valuable
2772 1771 233 38 correspondence

2450 1814 69 28 from
2554 1813 47 29 the
2632 1812 63 29 field
2724 1812 35 38 by
2787 1812 47 29 Mr
2860 1811 145 36 Cormack,

2450 1854 146 38 published
2613 1853 26 28 in
2654 1853 53 28 last
2729 1853 81 30 issue,
2832 1853 45 28 the
2903 1852 101 29 Yukon

2450 1893 247 38 territory,though
2705 1893 227 37 extraordinarily
2938 1893 67 35 rich,

2448 1935 22 28 is
2491 1933 188 29 nevertheless
2705 1944 16 17 a
2746 1943 67 28 poor
2836 1933 87 28 man's
2944 1933 45 35 dig-

2448 1975 92 38 gings,
2556 1973 141 29 inasmuch
2721 1984 28 18 as
2770 1973 61 28 that
2855 1973 21 28 it
2897 1983 48 18 can
2971 1973 34 28 be

2448 2015 83 37 easily
2559 2014 122 35 worked,
2708 2014 52 27 and
2790 2013 142 29 doubtless
2958 2013 46 28 the

2448 2055 137 29 Canadian
2607 2055 189 29 Government
2818 2055 69 28 have
2911 2055 94 36 wisely,

2447 2095 170 29 determined
2631 2095 61 29 that
2706 2095 46 28 the
2768 2095 118 37 wealthy
2899 2095 89 38 capita-

2446 2136 45 27 list
2508 2136 67 27 shall
2590 2140 49 23 not
2662 2136 69 27 have
2758 2146 15 16 a
2798 2135 146 37 monopoly
2972 2135 29 27 of

2445 2176 66 29 such
2533 2176 170 37 advantages
2725 2175 36 38 by
2784 2185 94 19 reason
2907 2175 29 28 of
2959 2175 42 28 his

2444 2219 108 28 wealth.
2592 2218 28 27 If
2631 2217 65 29 such
2715 2217 35 28 be
2763 2217 47 28 the
2830 2227 70 24 case,
2926 2217 72 27 their

2444 2263 109 33 prompt
2566 2258 87 28 action
2664 2258 23 26 is
2698 2261 72 23 most
2779 2257 217 27 commendable.

2443 2298 57 28 The
2513 2298 167 38 widespread
2695 2297 115 29 interest
2824 2297 26 27 in
2869 2297 45 28 the
2936 2307 60 17 new

2441 2339 87 35 fields,
2543 2339 86 27 which
2644 2338 47 28 the
2714 2337 179 36 exceedingly
2918 2338 61 28 valu-

2441 2379 61 29 able
2526 2378 164 30 discoveries
2716 2378 68 28 have
2810 2377 108 34 caused,
2945 2378 48 28 has

2441 2421 80 37 given
2537 2421 54 28 rise
2604 2426 28 22 to
2645 2420 80 27 much
2740 2419 111 38 general
2864 2418 125 28 research

2439 2471 28 17 as
2479 2465 28 25 to
2522 2462 46 28 the
2577 2462 80 27 exact
2665 2458 194 40 geographical
2871 2458 119 38 position

2439 2502 28 28 of
2479 2502 56 29 this
2549 2502 120 28 hitherto
2688 2500 140 28 unknown
2842 2498 76 36 land,
2938 2499 53 27 and

2437 2553 16 17 a
2467 2543 71 28 brief
2548 2547 149 24 statement
2705 2552 33 16 on
2751 2540 47 28 the
2808 2540 109 37 subject
2930 2551 62 26 may

2437 2586 47 24 not
2494 2583 34 28 be
2538 2582 161 29 considered
2711 2584 47 24 out
2769 2580 29 28 of
2808 2580 84 36 place.
2933 2579 58 28 The

2436 2623 100 29 Yukon
2552 2624 72 28 river
2637 2623 79 29 takes
2728 2621 37 29 its
2775 2620 53 29 rise
2841 2620 28 28 in
2887 2620 85 29 North-

2437 2669 65 23 west
2516 2665 102 28 British
2629 2662 153 34 Columbia,
2799 2662 53 27 and
2862 2662 46 27 the
2923 2661 63 38 gold

2418 2694 2 48 I
2435 2705 121 36 deposits
2571 2705 77 28 there
2662 2714 45 19 are
2720 2702 163 40 principally
2898 2702 27 27 in
2940 2702 47 28 the

2418 2742 1 39 I
2434 2747 158 28 tributaries
2606 2745 111 36 flowing
2727 2745 70 28 from
2808 2742 47 29 the
2869 2742 115 28 Eastern

2432 2786 90 39 slopes
2533 2787 29 28 of
2574 2787 47 28 the
2635 2785 97 37 Rocky
2756 2783 158 29 mountains
2927 2782 58 29 into

2432 2827 45 28 the
2516 2827 102 28 Yukon
2657 2827 87 29 basin.
2784 2824 57 28 The
2881 2823 101 29 Ynkon

2417 2859 1 48 |
2430 2868 75 29 flows
2543 2869 121 38 through
2708 2865 103 32 British
2851 2865 131 37 territory

2430 2911 41 25 for
2483 2910 85 27 about
2582 2910 53 28 500
2650 2909 76 28 miles
2747 2909 27 26 in
2801 2918 16 16 a
2839 2905 141 37 northerly

2429 2949 142 35 direction,
2585 2949 54 29 and
2653 2949 99 29 thence
2765 2947 28 28 in
2815 2957 15 17 a
2853 2945 128 37 westerly

2427 2989 132 29 direction
2569 2989 121 36 through
2701 2987 102 30 Alaska
2808 2986 80 36 (U.S.
2900 2985 65 28 terri-

2427 3029 84 35 tory),
2525 3029 73 26 after
2615 3028 87 27 which
2718 3028 47 27 she
2791 3025 115 37 empties
2921 3025 58 27 into

2430 3067 122 39 Bei'hing
2562 3067 61 36 Sea,
2637 3067 28 28 in
2678 3067 85 29 about
2773 3066 47 28 lat.
2834 3066 33 28 o5
2880 3064 97 29 North.

2427 3109 130 28 Hitherto
2570 3108 44 28 for
2624 3117 75 19 some
2707 3118 78 27 years
2796 3111 62 33 past
2869 3105 110 28 alluvial

2429 3149 105 34 mining
2566 3148 49 28 has
2647 3148 69 28 been
2747 3146 103 31 carried
2878 3155 35 18 on
2947 3155 32 18 on

2427 3189 47 28 the
2495 3187 101 30 Yukon
2623 3188 28 28 in
2678 3187 69 30 U.S.
2771 3186 139 38 territory,
2937 3186 47 27 the

2428 3234 93 25 centre
2556 3229 83 38 being
2672 3230 85 29 about
2790 3227 87 30 Circle
2911 3226 73 38 City,

2429 3270 76 28 whch
2537 3270 23 28 is
2589 3269 118 29 situated
2734 3278 75 19 some
2834 3271 46 25 ten
2908 3267 77 28 miles

2430 3310 79 28 south
2523 3310 29 28 of
2565 3310 47 28 the
2631 3310 94 29 Arctic
2741 3309 96 30 Circle.
2878 3306 106 29 Within

2431 3351 46 28 the
2491 3351 53 28 last
2567 3354 54 25 two
2648 3360 78 28 years
2752 3349 65 38 gold
2845 3349 48 27 has
2917 3347 68 28 been

2432 3391 160 29 discovered
2618 3401 35 18 on
2679 3402 16 16 a
2726 3391 138 33 tributary
2890 3389 28 28 of
2940 3388 47 28 the

2432 3432 112 35 Yukon,
2559 3431 87 29 called
2662 3431 160 38 Klondyke,
2836 3431 47 28 the
2897 3429 90 28 native

2434 3483 79 17 name
2523 3473 151 27 translated
2689 3473 130 36 meaning

2563 3513 54 27 300
2643 3513 77 27 miles
2746 3512 81 28 south
2852 3511 29 28 of
2902 3509 86 29 Circle

2436 3553 71 37 City.
2547 3553 57 27 The
2631 3553 107 38 ground
2768 3553 23 27 is
2818 3551 58 29 said
2902 3553 29 25 to
2954 3550 33 27 be

2434 3593 112 29 shallow
2570 3593 54 28 and
2651 3593 46 28 the
2723 3593 66 39 gold
2815 3601 92 20 coarse
2933 3590 53 29 and

2434 3638 135 33 nuggety,
2586 3634 29 28 of
2636 3634 206 36 extraordinary
2856 3633 131 33 richness,

2434 3684 28 17 as
2476 3674 80 27 much
2571 3683 30 18 as
2615 3673 69 28 4-Ooz
2698 3677 28 24 to
2740 3673 46 28 the
2808 3673 62 28 dish
2884 3671 103 37 having

2433 3713 69 29 been
2535 3713 96 29 found.
2680 3713 66 29 Last
2783 3713 124 37 January
2939 3711 47 29 the

2433 3754 159 38 population
2613 3755 29 27 of
2664 3754 149 37 Klondyke
2838 3764 55 17 was
2920 3753 52 28 esti-

2434 3795 89 28 mated
2538 3798 28 25 at
2586 3794 85 30 about
2695 3795 62 36 500,
2771 3795 50 27 but
2835 3804 81 28 many
2930 3793 52 28 had

2432 3840 28 25 to
2474 3836 75 29 leave
2563 3836 71 29 their
2648 3836 139 38 workings
2801 3836 119 38 through
2937 3835 46 28 the

2432 3877 117 37 scarcity
2582 3878 29 27 of
2642 3877 162 37 provisions.
2857 3877 45 34 (In
2928 3876 55 28 this

2431 3917 161 29 connection
2619 3927 40 19 ue
2685 3928 62 28 may
2776 3928 47 27 say
2848 3916 61 30 that
2936 3916 46 29 the

2431 3957 108 30 climate
2571 3958 51 30 will
2648 3959 34 28 be
2708 3958 87 29 found
2821 3963 27 25 to
2876 3959 34 28 be
2935 3958 47 28 the

2430 4002 122 30 greatest
2567 4000 122 26 obstacle
2714 4003 28 23 to
2765 3999 47 27 the
2832 4000 97 33 miner,
2952 4009 30 17 as

2430 4038 46 28 the
2490 4038 126 33 working
2638 4049 95 19 season
2759 4044 101 24 cannot
2879 4040 101 28 extend

2429 4078 108 37 beyond
2553 4080 62 28 four
2632 4080 110 28 months
2744 4080 108 28 from
2867 4080 73 28 June
2953 4084 29 24 to

2430 4117 182 38 September.)
2654 4120 57 28 The
2725 4120 81 28 latest
2815 4120 125 28 estimate
2954 4121 28 27 of
2996 4117 2 45 j

2428 4157 46 28 the
2508 4160 158 36 population
2700 4160 29 28 of
2760 4160 46 28 the
2832 4160 150 29 Klondvk-e
2995 4157 3 39 j

2417 4198 1 42 J
2428 4198 62 27 field
2512 4199 21 27 is
2559 4200 70 28 from
2655 4201 82 34 5,000
2752 4204 28 24 to
2795 4202 90 33 6,000.
2925 4200 56 28 The
2995 4198 3 42 i

2417 4231 1 50 i
2428 4242 69 23 most
2512 4238 88 30 direct
2613 4245 80 24 route
2704 4244 27 24 to
2744 4241 47 28 the
2804 4240 130 38 goldficld
2949 4241 31 34 is,
2994 4231 3 50 {

2427 4278 115 39 landing
2555 4283 28 24 at
2597 4280 108 29 Juneau
2720 4281 69 29 from
2815 4281 54 28 San
2897 4282 82 27 Fran-
2994 4278 3 39 !

2427 4320 70 28 cisco
2514 4322 25 33 (a
2554 4321 122 29 distance
2686 4323 37 36 by
2735 4327 117 24 steamer
2860 4323 30 28 of
2898 4323 81 33 2,000

2426 4359 99 34 miles),
2540 4360 46 27 the
2600 4362 128 27 traveller
2738 4366 66 23 next
2815 4362 79 28 takes
2905 4363 60 35 ship-

2425 4398 68 37 ping
2508 4403 27 25 to
2551 4398 84 38 Dyea,
2658 4401 90 29 which
2775 4402 23 28 is
2828 4403 51 28 100
2903 4402 76 29 miles

2424 4449 85 26 away.
2551 4439 80 30 From
2659 4441 78 37 Dyea
2758 4445 29 25 to
2806 4443 47 28 the
2867 4443 112 28 summit.
3004 4439 1 39 1

2424 4480 29 26 of
2467 4480 46 27 the
2530 4480 128 29 Chilkoot
2673 4484 75 32 Pass,
2772 4494 15 15 a
2808 4483 123 28 distance
2951 4483 29 28 of

2429 4519 29 27 16
2472 4520 87 35 miles,
2574 4525 77 24 there
2676 4522 22 27 is
2722 4532 15 17 a
2763 4523 73 33 trail,
2857 4523 53 28 and
2932 4523 46 28 the
2992 4519 2 44 j

2426 4560 111 28 Indians
2551 4561 70 37 pack
2636 4561 43 29 for
2692 4562 67 29 hire.
2799 4563 81 28 From
2905 4563 72 28 Chi!-
2991 4560 3 44 j

2423 4600 65 27 koot
2504 4600 66 28 Pass
2585 4606 26 22 to
2624 4600 75 29 Lake
2717 4602 143 28 Lindiman
2877 4603 21 28 is
2914 4604 62 27 nine
2991 4600 14 50 j'

2423 4640 75 28 miles
2513 4640 80 30 down
2608 4640 47 29 hill
2706 4641 75 29 Here
2806 4654 15 16 a
2847 4643 78 28 chain
2948 4643 29 28 of
2991 4640 2 45 |

2422 4681 76 28 lakes
2521 4682 22 27 is
2564 4682 211 28 struckLake
2790 4683 154 34 Lindiman,
2960 4685 15 26 5

2423 4721 75 27 miles
2530 4730 109 25 across;
2673 4721 76 28 Lake
2778 4721 128 36 Bennett,
2940 4723 35 27 20
3004 4721 1 36 i

2422 4761 75 27 miles
2509 4773 6 22 ;
2531 4761 75 27 Lake
2618 4761 111 37 Tagish,
2742 4762 33 27 23
2788 4763 76 26 miles
2876 4774 7 23 ;
2900 4762 74 28 Lake

2422 4801 102 34 Marsh,
2563 4801 31 27 J9
2626 4801 168 28 milesand
2829 4802 65 28 then
2927 4803 46 27 the
2987 4795 3 42 j
3004 4795 1 42 j

2420 4840 99 29 Yukon
2537 4840 82 29 River
2630 4840 22 29 is
2664 4844 55 25 met
2732 4841 74 36 with,
2819 4842 53 28 and
2885 4842 47 29 has
2945 4848 27 23 to
3004 4840 1 37 ;

2419 4882 33 28 be
2467 4881 147 37 navigated
2627 4883 40 32 (as
2681 4882 57 27 well
2761 4892 28 18 as
2813 4883 47 27 the
2881 4883 86 37 lakes)

2418 4922 43 28 for
2474 4933 15 16 a
2509 4922 123 28 distance
2653 4922 30 26 of
2705 4922 54 27 450
2783 4922 86 34 miles,
2892 4924 76 26 when

2419 4962 45 28 the
2474 4961 150 39 Klondyke
2634 4962 23 27 is
2667 4961 105 29 arrived
2782 4969 36 21 at.
2840 4962 128 39 Roughly

2418 5003 141 34 sketched,
2586 5003 75 34 then,
2686 5002 55 28 this
2754 5002 23 28 is
2791 5003 46 27 the
2852 5004 115 36 position
2984 5002 3 38 j

2417 5045 28 26 of
2460 5044 44 27 the
2524 5053 60 17 new
2599 5042 153 36 goldfields,
2768 5042 85 28 which
2869 5044 20 27 it
2903 5044 65 28 does
2984 5042 2 36 |

2417 5086 47 25 not
2477 5082 108 40 require
2599 5082 141 39 prophetic
2753 5082 110 28 wisdom
2881 5089 27 23 to
2924 5095 42 17 see

2416 5124 52 28 will
2479 5131 47 29 jet
2537 5124 65 27 rival
2615 5123 147 29 California
2776 5124 54 26 and
2843 5124 121 29 Victoria

2414 5164 26 27 in
2458 5164 70 27 their
2541 5163 126 38 palmiest
2681 5162 67 38 days
2770 5162 43 28 for
2834 5164 131 30 richness.

3051 188 44 19 The
3117 190 71 19 return
3207 188 85 21 football
3314 188 209 26 matehRoxburgh
3542 189 32 20 Ist

3027 214 80 21 Fifteen
3124 222 19 14 v.
3161 216 35 20 All
3209 216 150 21 Comerswill
3373 216 24 20 be
3413 216 73 26 played
3502 216 21 20 in
3541 216 37 20 the

3027 243 67 23 spoits
3107 243 79 25 ground
3199 245 50 19 next
3258 243 115 21 Thursday.
3402 243 18 21 A
3430 245 56 24 great
3497 243 45 21 deal
3557 243 20 21 of

3027 269 86 20 interest
3123 270 17 19 is
3149 270 60 26 being
3219 271 84 19 evinced
3314 271 21 20 in
3343 271 36 20 the
3389 270 76 22 match.

3053 308 43 21 The
3105 310 102 26 secretary
3216 309 21 21 of
3248 309 35 21 the
3289 309 44 21 rifle
3339 310 40 20 and
3386 317 40 18 gun
3434 310 47 20 club
3488 311 90 25 requfsts

3028 342 23 14 us
3069 337 22 20 to
3109 336 75 21 inform
3202 336 99 22 members
3313 337 44 21 that
3378 337 36 21 the
3433 337 44 26 clay
3497 337 81 26 pigeons

3028 363 39 20 arid
3076 364 135 20 ammunition
3222 367 45 17 sent
3276 365 33 20 for
3322 367 21 17 to
3352 365 94 20 Dunedin
3457 365 41 20 will
3510 365 67 20 arrive

3029 390 19 19 in
3056 391 50 19 time
3124 390 32 20 for
3172 391 36 20 the
3222 391 99 26 pioposed
3336 392 68 20 match
3420 399 26 13 on
3462 394 116 18 to-morrow

3029 417 125 26 (Saturday).
3181 418 42 21 The
3238 419 68 20 match
3325 419 41 20 will
3383 419 128 26 accordingly
3531 419 47 21 take

3029 444 56 27 place
3095 447 21 18 at
3128 445 35 21 the
3172 452 79 16 reserve
3260 447 23 21 at
3293 447 10 21 I
3313 453 51 21 p.m.

3053 484 101 26 Saturday
3173 485 40 21 last
3232 493 40 14 was
3290 487 36 20 the
3345 487 75 26 closing
3442 487 40 21 dnv
3503 486 22 21 of
3543 487 35 20 the

3029 512 48 20 shoo
3089 513 33 24 ing
3132 519 77 19 season,
3222 514 40 20 and
3276 514 73 26 during
3364 515 40 19 last
3423 515 56 19 week
3500 514 78 20 several

3029 539 22 21 of
3076 546 38 13 our
3138 539 50 21 local
3215 544 121 23 sportsmen,
3364 541 105 27 including
3505 543 73 19 Messrs

3029 567 113 27 Campbell,
3154 568 24 22 R.
3190 569 115 28 Cockbum,
3361 570 65 26 Boyd,
3443 570 43 21 Jas.
3506 570 72 20 Elliott

3028 596 39 20 and
3076 596 69 20 others
3154 604 50 13 were
3211 602 37 16 out
3258 598 75 25 having
3338 605 12 13 a
3359 598 39 20 last
3405 598 54 21 shot.
3487 598 34 20 All
3537 598 41 20 met

3029 623 49 21 with
3089 630 56 14 more
3154 631 22 13 or
3189 624 38 21 less
3237 632 78 13 success
3325 633 29 16 as,
3364 625 100 26 although
3476 625 34 20 the
3521 624 57 21 hares

3029 657 52 13 were
3090 652 36 19 not
3142 658 48 20 very
3209 659 115 19 numerous,
3343 659 53 14 none
3415 652 97 21 returned
3531 652 47 21 with

3028 680 70 24 empty
3112 678 54 28 bags.

3055 718 31 20 An
3102 718 107 21 invitation
3227 720 22 19 to
3265 719 35 21 the
3312 720 54 20 Hon.
3385 718 57 21 John
3461 718 115 28 M'Kanzie,

3029 746 93 19 Minister
3139 746 32 19 for
3187 746 73 26 Lands,
3274 748 70 25 signed
3359 747 26 26 by
3398 754 13 13 a
3418 747 55 24 large
3491 748 85 19 number

3027 772 22 20 of
3062 773 36 20 the
3108 774 99 24 principal
3225 775 100 20 residents
3342 775 21 20 of
3382 775 36 20 the
3436 774 86 24 district,
3541 774 35 21 has

3028 800 49 21 been
3089 800 114 21 forwarded
3217 803 22 19 to
3249 802 51 26 him,
3314 802 71 26 asking
3395 802 42 20 him
3454 804 22 19 to
3485 802 47 21 visit
3542 802 34 21 the

3027 828 82 21 district
3118 828 39 21 and
3169 829 81 21 address
3260 837 11 13 a
3285 833 90 23 meeting
3383 832 22 19 at
3411 830 119 26 Roxburgh,
3538 830 38 21 and

3029 856 41 21 also
3081 858 21 19 to
3112 856 78 25 inspect
3201 857 31 21 for
3245 857 83 22 himself
3342 859 36 19 the
3388 858 46 20 Moa
3447 858 44 20 Flat
3505 861 71 23 estate,

3029 884 48 20 with
3089 884 36 19 the
3134 884 67 26 obj-ct
3216 884 21 21 of
3249 885 140 21 Government
3397 886 103 26 acquiring
3512 886 17 20 it
3543 886 31 20 for

3026 911 53 20 close
3089 911 128 27 settlement,
3228 913 39 19 and
3278 914 20 18 to
3309 913 52 20 view
3367 912 36 20 the
3411 913 99 26 proposed
3517 918 59 16 route

3026 939 21 19 of
3057 939 34 19 the
3103 938 200 27 Heriot-Roxburgh
3312 941 82 24 railway
3404 941 112 20 extension.

3051 973 43 20 The
3103 974 123 21 attendance
3232 977 22 18 at
3263 974 36 21 the
3309 975 94 27 ordinary
3413 976 88 25 meeting
3513 976 22 21 of
3541 976 35 20 the

3027 1000 111 27 Roxburgh
3160 1002 150 22 Horticultural
3328 1002 79 27 Society
3427 1003 39 22 last
3484 1004 89 26 Monday

3026 1029 86 26 evening
3129 1037 39 13 was
3185 1037 48 14 verv
3249 1030 87 26 limited,
3352 1032 73 25 owing,
3443 1039 30 13 we
3488 1032 85 26 believe,

3025 1058 21 19 to
3056 1064 13 13 a
3084 1058 196 25 misunderstanding
3290 1060 92 20 amongst
3399 1059 99 21 members
3511 1066 22 14 as
3550 1063 21 17 to

3024 1084 36 20 the
3075 1084 89 26 meeting
3185 1085 59 26 being
3261 1086 120 26 postponed.
3408 1087 66 20 Those
3489 1089 81 23 present

3023 1112 84 20 decided
3114 1115 21 17 to
3143 1112 85 27 adjourn
3238 1113 36 20 the
3285 1114 88 26 meeting
3380 1113 31 22 till
3422 1119 49 16 next
3481 1115 89 26 Monday

3023 1139 93 27 evening,
3133 1140 57 21 when
3205 1141 35 20 the
3250 1141 111 26 president,
3371 1141 33 21 Mr
3416 1142 29 22 M.
3455 1142 114 27 Campbell,

3024 1167 35 21 has
3070 1167 101 23 promised
3182 1172 21 16 to
3213 1168 48 21 read
3270 1176 12 13 a
3294 1176 61 19 paper
3366 1176 26 14 on
3399 1169 32 21 his
3442 1173 68 18 recent
3523 1171 48 19 visit

3023 1197 22 18 to
3069 1195 96 21 Brisbane
3187 1203 21 14 us
3228 1197 110 21 connected
3361 1197 49 21 with
3426 1197 143 22 horticultural

3023 1223 64 24 topics
3096 1223 39 21 and
3142 1223 86 21 kindred
3238 1225 96 26 subjects.
3361 1226 20 20 A
3387 1226 54 25 'arge
3449 1225 121 21 attendance

3023 1249 16 19 is
3048 1251 114 24 requested-

3048 1291 43 22 The
3100 1291 44 21 best
3159 1298 44 20 way
3212 1291 22 20 of
3241 1291 78 26 getting
3328 1291 35 21 the
3377 1298 98 19 sparrows
3484 1293 21 20 to
3520 1293 48 20 tike

3025 1321 68 25 poison
3105 1320 52 25 (says
3175 1327 24 12 an
3210 1320 110 25 exchange)
3330 1320 16 19 is
3357 1322 21 17 to
3389 1320 97 26 sprinkle,
3497 1327 34 17 say
3538 1320 33 21 for

3024 1355 11 14 a
3045 1348 71 24 couple
3127 1346 22 21 of
3157 1347 55 26 days,
3230 1347 124 25 unpoisoued
3365 1352 44 15 oats
3426 1353 73 20 among
3517 1348 55 21 chaff

3025 1376 37 21 and
3081 1374 115 26 droppings.
3223 1374 43 20 The
3284 1374 54 21 birds
3353 1374 46 21 that
3410 1375 83 25 partake
3506 1376 21 19 of
3537 1375 35 21 tha

3027 1404 42 20 bait
3088 1402 39 21 will
3146 1402 57 23 brine:
3216 1401 68 21 others
3303 1402 58 21 there
3379 1404 40 19 and
3436 1410 21 13 so
3469 1402 57 21 when
3536 1404 35 19 the

3026 1432 69 26 poison
3105 1430 18 21 is
3135 1429 58 25 layed
3204 1430 35 20 the
3256 1430 64 20 result
3336 1430 39 20 will
3385 1430 25 20 be
3427 1436 54 15 more
3491 1430 81 25 deadly.

3029 1460 41 19 But
3088 1465 10 12 a
3110 1460 56 22 great
3176 1458 59 25 thing
3257 1460 21 17 to
3287 1458 112 19 remember
3415 1458 21 20 in
3455 1458 67 26 laying
3538 1458 35 20 the

3029 1487 67 25 poison
3109 1485 15 20 is
3136 1484 47 21 that
3190 1485 16 20 it
3215 1486 15 19 is
3241 1486 58 19 much
3312 1492 55 13 more
3377 1485 63 26 likely
3450 1487 22 18 to
3482 1486 91 19 betaken

3030 1513 57 21 when
3107 1512 66 21 mixed
3199 1512 49 21 with
3267 1512 61 21 chaff.
3356 1512 65 21 There
3445 1519 35 14 can
3499 1512 24 21 be
3549 1519 26 14 no

3028 1542 67 21 better
3168 1541 48 21 than
3227 1544 22 18 at
3265 1542 82 26 present
3356 1540 30 21 for
3396 1541 36 21 the
3450 1547 111 14 commence-

3030 1572 56 17 ment
3106 1569 22 19 of
3149 1569 105 24 poisoning
3278 1569 122 23 operations,
3428 1576 21 11 as
3476 1568 35 19 the
3537 1568 38 19 bad

3030 1595 90 21 weather
3140 1596 38 18 will
3202 1602 57 13 cause
3283 1595 34 19 the
3335 1595 58 19 small
3411 1595 56 19 birds
3490 1596 21 18 to
3526 1594 50 20 flock

3030 1623 101 20 wherever
3140 1622 46 20 fond
3196 1629 36 13 can
3238 1622 24 20 be
3272 1622 102 20 obtained.

3057 1664 43 21 The
3129 1665 68 19 recent
3223 1663 91 21 accident
3333 1663 21 19 at
3373 1661 35 21 the
3436 1660 78 21 Millers
3533 1660 46 20 Flat

3032 1693 70 25 bridge
3119 1700 39 12 w:>s
3168 1691 68 26 nearly
3255 1690 95 27 repeated
3366 1689 39 21 last
3415 1688 109 26 Saturday,
3543 1687 36 21 the

3034 1727 45 14 man
3093 1719 45 21 who
3148 1719 38 21 had
3202 1726 9 12 a
3223 1726 49 13 verv
3281 1725 78 13 narrow
3369 1724 70 19 escape
3458 1716 66 25 being,
3533 1715 27 26 by
3570 1722 11 14 a

3034 1755 10 14 c
3058 1747 104 24 ncidfnce,
3173 1746 71 21 Alfred
3255 1745 127 26 Wescombe,
3397 1746 54 20 mate
3462 1743 21 21 of
3492 1743 35 21 the
3535 1749 45 14 man

3036 1776 45 19 who
3092 1781 39 14 was
3140 1774 80 27 injured
3234 1774 97 21 recently.
3359 1773 32 20 He
3401 1780 40 12 was
3453 1771 91 25 working
3556 1778 24 11 on

3036 1804 34 18 the
3083 1805 115 21 temporary
3211 1801 70 20 trestle
3292 1800 70 25 bridge
3371 1801 39 19 and
3422 1799 78 26 slipped
3511 1799 29 20 off
3548 1797 34 22 the

3037 1830 122 21 woodwoik.
3187 1828 35 22 He
3241 1828 64 21 would
3322 1827 51 22 have
3387 1827 61 21 fallen
3469 1827 43 20 into
3521 1827 61 20 about

3037 1858 73 20 twelve
3118 1858 42 20 feet,
3169 1857 22 20 of
3204 1858 69 23 water,
3284 1856 39 20 but
3338 1855 125 26 fortunately
3478 1854 25 20 he
3517 1853 65 21 seized

3036 1886 35 20 the
3080 1885 97 27 pinking
3187 1885 38 20 and
3233 1891 39 14 was
3278 1883 45 21 able
3331 1885 20 18 to
3358 1889 15 14 r<
3380 1889 58 14 cover
3446 1882 30 21 his
3482 1881 100 21 foothold.

3037 1913 65 19 These
3120 1912 101 20 accidents
3232 1911 71 21 Bhould
3321 1917 61 19 piove
3401 1917 10 12 a
3427 1909 96 26 warning,
3544 1910 38 19 and

3035 1942 79 22 greater
3136 1946 46 13 care
3209 1939 72 20 should
3307 1938 25 19 be
3350 1937 61 20 taken
3430 1937 25 25 by
3477 1936 35 21 the
3537 1943 45 14 men

3037 1967 131 25 themselves,
3180 1967 38 19 and
3230 1966 25 20 all
3266 1965 117 25 safeguards
3393 1964 45 21 that
3451 1971 33 13 are
3498 1964 84 26 possible

3035 1994 93 20 i.ffoided
3140 1996 21 17 to
3171 1994 56 20 them
3237 1994 27 25 by
3274 1993 35 20 the
3319 1994 131 19 contractors.

3023 2036 6 28 J
3064 2032 114 26 Teste)flay
3189 2039 39 14 was
3238 2032 54 20 aml
3300 2031 61 20 letter
3367 2031 37 26 day
3412 2031 32 20 for
3453 2031 35 20 the
3495 2030 88 21 children

3036 2062 22 20 of
3079 2062 35 19 the
3135 2060 49 21 lo<al
3196 2060 76 26 fchool,
3283 2060 58 20 there
3359 2058 58 26 beinp
3428 2067 11 12 a
3455 2058 128 21 distribution

3023 2085 1 29 I
3036 2090 19 21 of
3067 2088 82 22 Jubilee
3159 2088 84 26 medals,
3254 2086 105 28 presented
3377 2086 26 27 by
3416 2086 36 21 the
3461 2085 122 27 cmmifctee,

3047 2119 8 18 fc
3079 2118 42 25 3p.
3131 2124 27 13 hi.
3186 2116 48 20 Two
3252 2115 92 21 hundred
3363 2114 85 26 medals,
3461 2114 22 21 of
3507 2114 76 20 artistic

3034 2145 76 20 (lesion,
3129 2144 39 19 had
3188 2144 48 18 Wen
3251 2142 99 24 prrented
3366 2142 52 19 from
3435 2142 74 19 Messrs
3525 2140 27 21 H.
3567 2142 16 19 I.

3034 2171 30 21 M.
3075 2171 51 21 Kiss
3137 2170 38 21 and
3189 2170 44 26 Co.,
3244 2169 21 21 of
3283 2168 102 24 Dtinedin,
3405 2168 38 21 and
3462 2168 56 21 these
3533 2174 50 14 were

3034 2199 70 27 nearly
3116 2198 26 22 all
3154 2197 130 23 distributed.
3312 2197 32 21 iMr
3354 2196 68 28 Eeiliy
3432 2196 107 22 addressed
3549 2196 34 22 the

3032 2228 93 20 children
3141 2232 24 14 on
3174 2227 36 20 the
3219 2233 69 13 reason
3300 2226 31 19 for
3339 2225 35 21 the
3384 2225 137 23 distribution,
3530 2225 53 21 after

3032 2255 66 19 which
3109 2255 35 19 the
3154 2254 92 20 children
3260 2260 49 18 sang
3324 2252 35 20 the
3374 2252 97 20 National
3481 2252 99 22 Anthem,

3032 2282 38 20 and
3089 2281 34 21 the
3145 2281 77 20 medals
3242 2286 54 14 were
3311 2279 49 21 then
3382 2279 107 26 presented
3505 2279 27 22 by
3549 2279 33 20 Mr

3030 2309 81 26 Jeffery
3119 2316 24 13 nn
3155 2308 70 21 behalf
3234 2309 21 20 of
3262 2308 35 20 the
3306 2307 123 21 committee.
3456 2307 65 21 There
3529 2314 51 14 were

3030 2338 34 20 151
3077 2337 91 21 childreu
3179 2338 90 24 present,
3286 2335 39 21 and
3342 2335 36 20 the
3393 2337 118 24 youngsters

3027 2365 59 20 much
3104 2365 81 26 pleased
3202 2363 49 21 with
3271 2363 55 20 their
3341 2362 110 21 handsome
3466 2366 112 18 mementos

3025 2392 21 21 of
3055 2392 35 21 the
3100 2394 56 24 great
3165 2392 97 20 occasion.
3580 2392 3 26 j

3051 2433 29 19 At
3102 2432 36 20 the
3157 2431 105 27 quarterly
3279 2430 90 26 meeting
3384 2430 22 20 of
3425 2430 35 20 the
3478 2431 59 26 Hope
3555 2431 19 22 of

3025 2459 111 22 Roxburgh
3152 2459 75 26 Lodge,
3246 2459 64 20 1.0.0
3322 2458 16 20 T
3348 2457 4 28 .
3371 2457 47 21 held
3434 2457 39 21 last
3487 2459 87 26 Monday

3028 2487 93 25 evening,
3130 2486 36 20 the
3173 2486 104 23 following
3287 2485 77 20 officers
3374 2492 51 13 were
3440 2485 93 22 installed
3544 2487 30 20 for

3026 2514 36 21 the
3077 2514 84 26 ensuing
3172 2515 84 25 quarter
3265 2513 26 26 by
3305 2513 47 21 Bro.
3364 2512 107 27 Bloxham,
3481 2513 52 24 L.D.

3026 2542 48 21 Bro.
3094 2543 86 23 Turner,
3195 2542 65 24 C.T.;
3276 2542 46 20 Bro.
3338 2541 77 27 Moyle,
3431 2541 73 22 P.C.T.
3514 2550 5 16 ;
3535 2544 38 21 Sis.

3025 2570 63 25 Lane,
3095 2570 55 20 V.T.
3162 2568 4 27 ;
3178 2570 30 19 Sis
3223 2568 130 21 Sutherland,
3364 2568 58 26 Sec.;
3434 2569 45 20 Bro.
3486 2569 87 25 Jeffery,

3023 2597 67 25 A.S.;
3105 2597 39 20 Sis.
3161 2596 106 27 Tamblyn,
3285 2596 61 26 F.S.;
3361 2596 47 22 Bro.
3430 2596 88 28 Michell,
3536 2598 20 21 T.
3568 2605 5 19 ;

3022 2625 50 22 Bro.
3085 2625 116 26 Matthews,
3217 2624 38 24 C.;
3269 2624 32 21 Sis
3325 2624 97 28 Andrew,
3436 2624 83 28 S.J.T.;
3533 2627 39 21 Sis.

3027 2653 101 26 Redman,
3152 2654 44 23 M.;
3219 2653 38 20 Sis.
3287 2652 116 27 M'Kenzie,
3426 2652 73 26 D.M.;
3525 2655 46 20 Bro.

3023 2680 86 27 Martin,
3130 2680 65 26 J.G.;
3210 2680 48 22 Bro.
3275 2679 123 28 M'Walker,
3414 2680 53 22 O.G.
3495 2682 78 24 During

3027 2708 35 21 the
3072 2709 86 26 evening
3175 2711 41 17 two
3231 2707 100 21 members
3345 2714 52 14 were
3407 2708 91 22 initiated
3512 2711 38 19 and
3561 2718 10 12 a

3017 2736 55 25 large
3104 2738 85 18 amount
3212 2735 22 21 of
3250 2736 81 20 routine
3345 2736 91 20 business
3450 2737 120 27 transacted,

3016 2764 54 21 after
3090 2763 66 22 which
3171 2763 35 21 the
3216 2763 88 26 meeting
3314 2764 122 21 terminated
3443 2764 19 20 in
3470 2765 34 20 the
3513 2765 57 21 usual

3017 2798 48 22 way.

3042 2833 105 20 Certainlv
3166 2831 35 21 the
3216 2833 54 19 most
3284 2831 93 21 effective
3392 2833 98 20 medicine
3503 2833 19 20 in
3534 2833 35 20 the

3015 2860 61 21 world
3099 2861 16 20 is
3135 2859 114 21 SANDER
3262 2859 39 21 and
3319 2859 76 22 SONS'
3410 2860 158 22 EUCALYPTI

3013 2889 137 21 EXTRACT.
3178 2888 47 21 Test
3233 2888 27 21 its
3266 2888 112 22 eminently
3387 2889 98 24 powerful
3495 2889 72 21 effects

3013 2917 21 19 in
3051 2916 82 24 coughs,
3149 2916 61 24 co'ris,
3220 2916 100 19 influenza
3328 2931 5 9 ,
3356 2915 36 20 the
3401 2916 58 20 relief
3467 2916 17 19 is
3493 2916 65 20 instan-

3017 2947 90 16 taneous.
3143 2943 25 20 In
3182 2944 76 19 serious
3269 2949 55 13 cases
3337 2942 41 21 and
3391 2942 80 21 accidep
3483 2944 45 19 iof
3541 2943 19 21 al

3017 2971 66 23 kinds,
3095 2970 26 21 be
3130 2971 50 24 tbey
3191 2970 91 23 wounds,
3294 2969 69 23 burns,
3371 2970 105 25 scaldings,
3493 2970 75 21 bruises

3015 2999 85 24 sprains,
3110 2998 16 19 it
3137 2998 16 19 is
3163 2998 34 20 tbe
3207 2997 62 20 safest
3279 2996 137 26 remedyno
3424 2998 144 22 swellingno

3010 3025 157 20 inflammation.
3197 3024 49 21 Like
3255 3024 112 25 surprising
3380 3025 74 20 effects
3464 3025 104 24 produced

3011 3051 20 20 in
3047 3058 70 19 croup,
3128 3051 108 26 eiptheria,
3252 3050 118 26 bronchitis,
3384 3052 148 20 inflammation
3547 3052 21 20 of

3012 3079 37 20 the
3072 3080 67 24 lungs,
3153 3079 108 26 swellings,
3270 3082 38 18 etc.
3335 3078 108 26 diarrhoea,
3458 3079 27 25 dy
3487 3086 36 14 sen
3526 3083 41 23 try,

3012 3107 90 20 diseases
3112 3107 21 19 of
3143 3106 34 20 the
3192 3106 84 26 kidneys
3286 3106 40 21 and
3342 3107 82 25 urinary
3434 3113 78 18 organs.
3540 3108 25 20 In

3012 3140 35 14 u-f
3055 3140 19 13 at
3081 3134 28 19 all
3117 3134 97 24 hospitals
3220 3134 40 19 and
3269 3133 84 20 medical
3358 3133 76 25 clinics,
3450 3135 90 23 patron's
3554 3135 12 19 d

3013 3161 26 25 by
3049 3161 37 20 His
3097 3161 87 25 Majesty
3194 3161 35 19 the
3241 3160 54 26 King
3305 3160 21 20 of
3339 3160 63 26 Italy,
3411 3161 93 20 crowned
3520 3161 46 21 .vrth

3013 3188 66 22 medal
3088 3188 40 21 and
3137 3187 90 27 diploma
3235 3191 23 17 at
3273 3187 149 21 International
3436 3187 129 28 Exhibition,

3014 3217 138 21 Amsterdam.
3178 3216 64 21 Triat
3251 3223 21 13 in
3283 3217 40 19 this
3333 3216 103 25 approved
3445 3215 71 21 article
3525 3218 40 20 and

3017 3246 63 25 reject
3089 3245 27 19 all
3126 3246 74 18 others.

3050 3286 33 17 An
3093 3282 108 20 occasional
3210 3281 154 25 correspondent
3371 3281 67 20 writes
3479 3281 19 20 A
3504 3281 62 26 slight

3023 3311 101 26 incident,
3135 3310 73 26 which,
3220 3311 19 19 in
3250 3310 50 20 view
3312 3309 21 21 of
3342 3308 36 21 the
3387 3309 59 20 much
3457 3309 76 25 spoken
3546 3309 21 20 of

3023 3339 67 24 amity
3100 3337 87 26 existing
3197 3339 89 19 between
3294 3337 72 26 capital
3373 3337 38 19 and
3418 3335 71 21 labour
3498 3336 20 20 in
3525 3336 41 20 this

3023 3366 122 21 democratic
3164 3367 92 24 country,
3274 3366 56 19 must
3345 3363 23 21 be
3389 3363 45 21 held
3450 3366 21 17 to
3489 3363 51 21 have
3554 3370 12 14 a

3022 3394 76 20 certain
3110 3393 131 26 significance,
3250 3393 36 20 has
3293 3393 49 19 been
3349 3391 35 21 the
3392 3391 78 26 subject
3477 3391 21 20 of
3505 3391 60 21 much

3022 3421 149 20 unfavourable
3191 3421 94 20 criticism
3301 3419 54 21 here.
3382 3419 42 20 The
3438 3419 91 20 accident
3544 3421 22 19 to

3017 3450 37 20 the
3099 3450 132 19 unfortunate
3276 3454 45 14 man
3367 3447 76 25 Joseph
3474 3446 90 26 JJCreecy,

3016 3477 39 20 and
3083 3476 154 21 circumstances
3260 3474 109 21 connected
3397 3474 48 20 with
3472 3474 17 20 it
3514 3473 51 20 have

3018 3504 49 21 been
3101 3504 73 26 widely
3198 3502 114 28 published,
3340 3501 40 21 and
3401 3501 17 20 it
3440 3501 17 20 is
3479 3501 21 20 in
3525 3501 41 20 this

3020 3532 120 20 connection
3161 3531 35 20 the
3218 3530 89 21 incident
3324 3528 101 21 occurred.
3453 3530 19 18 A
3487 3528 79 25 lending

3020 3560 162 24 representative
3193 3558 21 21 of
3225 3558 34 20 the
3271 3558 44 19 Arm
3324 3557 21 20 of
3354 3557 123 20 contractors
3490 3555 31 20 for
3531 3555 35 20 the

3022 3587 69 25 bridge
3102 3586 72 21 visited
3182 3586 78 21 Mdlers
3269 3584 43 21 Flat
3321 3584 53 20 since
3380 3584 35 20 tho
3422 3582 97 26 accident,
3526 3582 40 21 and

3021 3614 107 26 although,
3148 3614 8 21 1
3175 3621 33 14 am
3230 3612 107 26 informed,
3355 3611 75 25 Crecey
3453 3617 16 14 is
3490 3617 26 14 an
3533 3610 33 21 old

3020 3642 93 26 employe
3124 3642 21 19 of
3156 3648 55 14 some
3221 3647 57 19 years
3288 3640 93 24 standing
3392 3639 20 20 of
3428 3638 35 21 the
3472 3638 61 20 firm's
3540 3638 26 20 he

3018 3670 46 24 (the
3090 3669 61 19 firm's
3175 3666 167 28 repiesentative)
3359 3666 35 20 did
3413 3669 36 16 not
3463 3665 42 20 find
3516 3666 49 19 time

3020 3696 74 25 during
3104 3695 31 20 his
3146 3698 45 23 stay
3203 3701 21 14 to
3233 3694 47 20 visit
3296 3694 35 19 tbe
3342 3693 80 25 injured
3438 3698 55 14 man.
3518 3691 48 20 This

3019 3723 119 26 proceeding
3149 3723 36 21 has
3200 3722 50 21 been
3268 3720 145 22 chaiacterised
3429 3727 21 14 as
3461 3719 104 26 heartless,

3014 3754 39 18 and
3069 3753 67 19 unless
3146 3752 58 20 there
3215 3751 16 20 is
3243 3757 55 13 some
3309 3756 47 19 very
3372 3748 50 26 good
3438 3755 77 19 reason,
3531 3747 34 21 the

3014 3779 80 25 general
3108 3779 82 26 opinion
3200 3778 46 20 that
3259 3784 11 14 a
3277 3784 54 19 gross
3341 3780 54 16 want
3401 3775 20 21 of
3432 3776 51 25 good
3493 3775 73 25 feeling

3017 3814 37 14 tvas
3067 3806 70 22 shown
3147 3809 54 18 must
3211 3805 98 26 ceitainly
3321 3804 23 20 be
3354 3803 104 21 endorsed.

3155 3878 126 49 Mining
3321 3878 112 40 Notes.

3036 3966 45 20 The
3092 3964 111 25 .Roxburgh
3219 3962 156 27 Amalgamated
3389 3961 35 21 Co.
3443 3961 80 21 washed
3536 3968 27 19 up

3012 3993 38 20 laso
3065 3993 99 24 Saturday
3176 3993 32 19 for
3229 3992 35 19 the
3283 3990 71 20 month
3370 3990 72 24 ending
3460 3989 58 25 July,
3529 3989 34 19 the

3012 4023 81 18 returns
3104 4019 59 26 being
3175 4019 60 21 lJOoz
3253 4018 54 20 2dwt
3329 4017 55 25 21gr,
3395 4016 20 20 of
3431 4017 34 19 the
3475 4019 59 17 vaiue
3544 4015 19 21 of

3012 4048 52 20 524
3074 4048 20 20 3s
3104 4048 32 20 :U.

3037 4076 43 19 The
3101 4074 112 27 Roxburgh
3236 4071 155 26 Amalgamated
3421 4071 45 21 Co's
3482 4071 41 20 line
3542 4072 19 19 of

3012 4111 57 18 pipes
3079 4103 59 20 burst
3147 4102 106 26 yesterday
3266 4101 92 23 morning
3367 4102 21 16 at
3398 4099 35 20 the
3443 4099 43 20 foot
3496 4099 20 19 of
3527 4099 34 20 the

3013 4132 44 25 hill,
3069 4137 49 13 near
3129 4130 35 20 the
3174 4130 72 20 Teviot
3256 4128 76 25 bridge.
3359 4127 42 20 The
3417 4127 57 20 burst
3490 4127 71 19 caused

3010 4166 12 13 a
3043 4157 49 22 loud
3113 4161 78 22 report,
3215 4156 38 20 and
3272 4156 35 19 the
3328 4156 61 18 water
3404 4155 86 25 spouted
3507 4153 54 26 right

3012 4193 65 13 across
3090 4184 34 21 the
3135 4185 55 25 gully
3201 4184 31 20 for
3243 4186 39 18 two
3292 4189 22 13 or
3325 4182 56 19 three
3391 4181 75 21 chains.
3481 4181 80 20 Almost

3012 4213 172 24 simultaneously
3198 4212 34 19 the
3245 4212 45 24 pipe
3306 4210 99 24 collapsed
3416 4208 69 26 nearly
3494 4213 22 15 at
3526 4210 35 19 the

3011 4245 35 22 top
3057 4240 21 20 of
3088 4240 35 19 the
3139 4240 45 20 hill.
3212 4239 41 20 The
3264 4244 57 14 cause
3339 4236 66 20 would
3420 4236 98 26 probably
3537 4236 23 20 be

3010 4275 55 13 some
3081 4271 98 22 stoppage
3196 4267 21 20 in
3238 4267 34 20 the
3290 4266 64 24 pipes,
3371 4264 15 20 if
3404 4267 37 18 not
3460 4264 25 26 by
3504 4267 56 17 extra

3010 4301 99 21 pressure.

3039 4323 42 21 The
3100 4323 96 20 Pleasant
3211 4322 73 26 Valley
3295 4320 89 26 Sluicing
3394 4320 35 21 Co.
3441 4320 80 21 washed
3532 4328 28 18 up

3013 4351 39 19 last
3069 4351 71 23 Friday
3152 4350 32 24 (GO
3194 4349 68 20 hours'
3273 4349 90 23 sluicing)
3374 4348 32 19 for
3421 4348 48 19 L'soz
3487 4349 72 18 lodwt.

3037 4377 43 20 The
3090 4376 77 20 Go,den
3180 4377 47 19 Kun
3241 4375 90 25 Sluicii.g
3340 4375 36 20 Co.
3392 4374 79 20 washed
3485 4381 27 19 up
3521 4375 39 18 last

3012 4405 55 20 week
3078 4403 31 22 for
3120 4403 47 22 17oz
3182 4405 55 19 4dwt
3254 4403 43 25 (the
3316 4402 52 20 wash
3385 4409 28 19 up
3429 4401 22 21 of
3468 4401 35 21 the
3521 4401 39 21 last

3007 4433 90 26 paddock
3100 4438 14 20 j.

3035 4461 43 19 The
3099 4459 99 26 dredging
3215 4463 82 16 returns
3313 4458 30 20 for
3357 4458 39 20 last
3413 4457 54 21 week
3483 4464 74 14 were

3010 4487 79 21 Golden
3101 4487 98 20 Tieasure
3210 4487 57 24 (6U<>z
3278 4487 66 18 l.'idwt
3357 4486 90 23 l'Jgrsfor
3457 4485 46 20 four
3510 4485 48 24 days

3010 4522 52 12 since
3073 4515 34 19 the
3123 4513 104 21 directois'
3241 4514 96 23 meeting)
3351 4513 48 19 80oz
3408 4512 32 20 fur
3449 4513 36 19 the
3495 4513 61 24 week,

3013 4543 29 19 lit!
3048 4542 41 20 rick
3101 4542 56 25 2Gez,
3168 4541 79 21 Golden
3269 4541 52 19 Gate
3339 4540 36 20 9uz
3393 4539 31 21 for
3438 4539 45 21 four
3500 4539 56 26 days,

3009 4569 112 26 lioxburgh
3147 4570 52 23 ItJoz,
3226 4569 66 24 Otago
3313 4567 55 25 270z,
3391 4567 95 21 Dunedin
3509 4567 48 20 4Uuz

3006 4598 56 20 4dwt
3071 4596 55 26 l2gr.

3035 4625 43 19 The
3089 4624 68 19 Island
3175 4622 62 21 Block
3246 4622 58 20 claim
3313 4628 40 13 was
3366 4621 98 25 expected
3478 4622 78 19 tostart

3011 4652 54 21 work
3075 4652 58 26 again
3145 4658 25 13 on
3182 4650 93 26 Tuesday
3293 4650 46 26 last,
3349 4649 54 20 after
3412 4657 12 12 a
3434 4651 95 25 stoppage
3535 4649 21 20 of

3010 4681 70 24 nearly
3104 4680 58 19 three
3179 4678 90 21 months.
3297 4678 22 20 It
3332 4678 17 19 is
3363 4677 68 20 stated
3454 4676 46 21 that
3521 4677 34 20 the

3009 4713 37 13 mai
3057 4713 45 17 ager
3125 4706 34 20 has
3173 4706 50 19 been
3240 4705 84 20 enabled
3334 4709 21 15 to
3370 4704 59 20 make
3445 4711 11 12 a
3469 4704 76 19 satisiac-

3006 4738 46 15 torv
3062 4737 158 21 arrangements.

3031 4761 42 20 The
3091 4761 64 25 heavy
3165 4761 41 20 rain
3225 4760 20 20 in
3260 4760 35 20 the
3307 4758 94 26 begining
3410 4758 21 21 of
3443 4758 35 21 the
3499 4758 55 21 week

3006 4789 40 18 and
3065 4788 35 19 the
3112 4795 53 12 snow
3177 4788 79 23 coming
3266 4787 28 20 off
3308 4788 36 18 the
3358 4787 47 19 hills
3423 4786 88 25 brought
3520 4786 34 19 the

3008 4816 52 19 liver
3072 4822 28 18 up
3115 4822 25 13 on
3156 4814 100 27 Tuesday,
3272 4814 41 21 ard
3330 4814 36 21 she
3380 4821 44 13 rose
3441 4813 63 21 about
3516 4812 38 22 6ft.

3006 4844 39 19 i>he
3060 4843 16 20 is
3086 4842 59 26 going
3151 4842 58 21 down
3220 4842 57 24 again
3288 4849 52 14 now.

3159 4913 234 51 Cablegrams.

3134 4993 105 21 FLOODS
3253 4993 30 21 IN
3299 4992 119 22 SILESIA.

3313 5021 90 25 Bkblin,
3417 5021 81 25 Angnst
3507 5021 19 20 I.

3029 5049 137 19 Tremendous
3184 5048 63 20 floods
3262 5048 50 20 h:ve
3334 5048 86 20 occured
3435 5049 20 19 in
3472 5049 77 24 Silesia,

3003 5076 103 20 Southern
3126 5075 110 26 Germany.
3264 5075 94 26 Nothing
3379 5075 41 21 like
3439 5075 58 21 them
3516 5075 33 21 has

3002 5104 51 22 been
3069 5104 132 27 experienced
3219 5105 33 19 for
3265 5111 12 13 a
3292 5106 92 21 century.
3411 5103 43 21 Toe
3467 5104 82 25 damage

3001 5136 96 16 amounts
3106 5138 21 13 to
3139 5139 60 17 many
3210 5131 78 20 million
3300 5132 68 19 marks
3378 5132 40 19 and
3435 5134 57 22 great
3511 5132 38 19 loss

2999 5159 21 20 of
3027 5159 36 20 life
3073 5159 36 20 has
3119 5159 49 20 been
3177 5158 123 21 occasioned.

3060 5197 57 21 THE
3130 5196 205 22 DISAFFECTION
3349 5196 31 21 IN
3396 5196 92 21 INDIA.

3279 5224 122 25 Calcutta,
3412 5225 81 24 August
3501 5224 20 21 3.

3023 5252 53 20 Both
3089 5252 36 20 Bal
3136 5251 121 27 Gangadhar
3270 5252 57 20 Tiiak
3338 5252 40 20 aud
3392 5252 23 20 th
3444 5251 65 21 e<lit,or
3525 5252 21 20 of

2998 5279 78 21 Kelkar
3085 5279 52 21 have
3149 5280 47 20 been
3212 5280 118 20 committed
3340 5280 32 19 for
3386 5279 55 26 trial,
3460 5279 60 21 while
3535 5287 11 13 a

2998 5307 101 20 Lucknow
3119 5308 89 25 agitator
3225 5307 37 20 lias
3280 5307 50 21 been
3344 5307 108 20 sentenced
3471 5312 21 15 to
3508 5315 37 13 one

2994 5336 64 24 year's
3064 5336 162 24 imprisonment.

3021 5362 83 20 Colonel
3114 5362 110 25 Goldney's
3239 5362 88 24 column,
3339 5361 86 25 starting
3439 5362 21 19 at
3478 5360 67 25 dawn,

2995 5389 110 20 succeeded
3115 5389 18 20 in
3145 5390 112 24 surprising
3271 5389 36 20 the
3317 5389 89 20 Pathans
3419 5388 75 26 asleep,
3504 5390 40 19 and

2994 5416 98 27 captured
3103 5416 54 21 their
3164 5423 66 20 camp.
3257 5417 43 20 The
3313 5422 72 20 enemy
3399 5416 38 20 fled
3448 5416 19 20 in
3478 5416 65 27 panic,

2994 5445 48 21 thus
3050 5444 95 27 enabling
3154 5444 82 22 Colonel
3250 5444 125 28 Meiklejohn
3385 5446 20 19 to
3419 5444 73 21 relieve
3508 5446 35 19 the

2992 5473 90 24 garrison
3097 5477 21 16 at
3127 5468 107 25 Ohakdara
3247 5472 88 22 without
3344 5473 144 25 encountering
3501 5480 40 18 any

2991 5500 95 27 oppusitif
3093 5507 21 14 n.

3020 5529 78 25 During
3115 5527 36 21 the
3164 5527 52 26 seige
3233 5527 36 20 the
3279 5529 89 24 garrison
3384 5527 89 21 inflicted
3486 5534 44 14 enor-

2993 5562 57 14 mous
3060 5555 61 21 lost.es
3133 5555 19 20 in
3168 5555 98 26 repelling
3275 5563 12 13 a
3300 5555 106 27 desperate
3420 5556 79 20 assault
3516 5557 24 25 by

2991 5584 35 20 the
3036 5584 116 20 tribesmen.

3102 5622 56 22 THE
3172 5621 160 22 KLONDYKE
3342 5621 94 21 FIELD.

3295 5650 100 22 Ottawa,
3407 5651 81 24 August
3497 5650 19 21 2.

3020 5677 42 21 The
3070 5678 46 20 mad
3123 5677 49 21 rush
3181 5676 21 20 of
3208 5679 127 23 prospectors
3344 5680 22 17 to
3380 5677 35 19 the
3431 5678 110 25 Kloadyko

2994 5705 105 25 goidfields
3109 5705 41 19 stdl
3161 5707 112 17 contmrnes.
3300 5704 43 19 The
3353 5708 54 15 want
3421 5705 21 18 of
3457 5711 83 13 earners

2995 5733 96 25 prevents
3100 5731 35 21 the
3146 5732 103 25 transport
3262 5729 20 21 of
3295 5731 112 25 provisions
3416 5737 5 18 ;
3436 5730 103 21 therefore

2994 5761 16 18 it
3020 5759 15 21 is
3050 5759 68 21 feared
3137 5759 45 19 that
3198 5764 60 18 many
3278 5757 22 20 of
3315 5757 58 21 those
3391 5765 24 13 on
3433 5758 36 20 the
3483 5758 54 25 Held,

2992 5787 100 25 although
3103 5787 44 20 well
3154 5785 99 27 provided
3264 5785 48 21 with
3321 5792 81 19 money,
3410 5792 46 19 may
3462 5790 72 16 starve.

3660 199 181 44 Lawrence
3868 202 98 43 News
3992 203 115 42 Notes.

3740 283 62 27 (Own
3815 285 205 27 Correspondent.)

3632 323 43 20 The
3683 323 50 21 local
3745 323 123 27 footballers,
3880 326 45 20 who
3944 326 31 21 for
3984 333 55 14 some
4049 326 102 28 tiraepasf,

3606 350 52 22 have
3684 351 49 21 been
3752 353 162 26 congratulating
3930 353 55 21 them
3987 354 64 21 selves
4069 362 26 13 on
4123 356 26 19 tic-

3608 378 101 26 efficiency
3733 379 21 20 of
3771 380 54 20 their
3848 382 54 19 team
3919 382 40 20 and
3982 382 112 25 regretting
4120 382 36 21 tile

3608 405 44 21 lack
3670 405 21 21 of
3700 408 132 25 opportunity
3851 410 22 18 to
3891 408 56 20 show
3962 409 23 25 it,
4006 410 51 19 have
4073 415 23 14 at
4115 409 39 21 last

3608 433 109 20 succeeded
3742 434 19 20 in
3785 435 106 27 arranging
3914 443 11 13 a
3951 436 66 21 match
4043 436 50 21 with
4121 437 36 22 the

3609 460 91 27 Walpori
3726 463 63 26 team,
3812 465 23 19 to
3857 464 22 20 be
3904 464 74 23 played
3999 471 26 14 on
4048 465 35 20 the
4106 465 49 21 local

3608 489 109 20 recreation
3728 490 76 25 ground
3817 491 41 20 this
3868 490 115 21 afternoon.
4009 492 60 20 FYum
4080 493 53 20 what
4147 493 8 20 f

3608 515 49 20 hear
3672 516 35 19 the
3722 517 89 26 visitors,
3831 518 99 26 although
3951 525 45 13 new
4010 522 22 17 to
4049 518 108 22 Lawrence

3599 543 1 29 .
3608 549 34 14 re
3662 543 125 22 determined
3811 548 22 18 to
3854 552 45 20 give
3921 553 12 14 a
3954 545 52 27 good
4027 549 87 19 account
4136 545 20 22 of

3599 568 1 29 J
3608 571 127 22 themselves.

3632 599 79 26 Mining
3721 600 16 19 is
3752 600 41 20 still
3804 600 60 26 going
3872 601 63 22 ahead
3954 602 59 21 down
4024 602 55 26 here,
4089 602 40 21 and
4144 603 10 20 I

3608 627 124 20 understand
3759 635 11 12 a
3784 633 60 21 party
3859 628 22 21 of
3899 629 109 21 Luwrenc*
4030 630 125 25 speculators

3608 654 75 26 pegged
3695 655 35 20 out
3739 655 38 20 and
3785 654 82 28 applied
3876 656 32 20 lor
3920 664 11 13 a
3941 657 46 20 mile
3998 656 22 21 of
4029 656 36 21 the
4073 658 53 20 river
4133 663 23 15 at

3607 677 95 28 Tuapeka
3719 682 72 21 Mouth
3807 683 48 20 wiih
3869 683 101 22 intention
3984 684 22 21 of
4014 684 138 27 constructing

3607 717 12 13 a
3640 709 74 25 dredge
3731 711 23 20 to
3776 711 55 20 work
3851 711 24 21 it.
3902 711 42 21 The
3965 712 60 21 claim
4045 712 36 22 has
4103 713 51 22 been

3608 738 74 25 pegged
3692 740 44 22 ont,
3746 738 38 20 but
3796 739 65 25 owing
3877 740 21 18 to
3908 739 35 20 the
3952 740 115 26 opposition
4087 741 22 19 of
4118 741 35 21 ths

3607 764 63 21 River
3679 765 73 26 Board,
3763 772 60 14 never
3834 765 50 21 been
3891 767 93 25 granted.

3632 793 33 19 Mr
3673 791 34 22 W.
3724 793 84 26 Adams,
3818 793 46 21 who
3879 793 36 21 has
3924 794 21 21 of
3954 793 41 23 Jate
4004 793 50 22 been
4065 794 61 27 doiDg
4140 803 12 13 a

3606 820 52 26 good
3676 819 44 22 deal
3734 820 22 20 of
3772 821 55 21 work
3848 828 25 14 on
3893 821 33 22 his
3938 822 58 22 claim
4018 823 35 21 the
4070 823 79 21 Golden

3607 843 90 31 Anchor,
3706 850 23 19 at
3738 848 95 27 Tuapeka
3841 849 80 26 Month,
3934 851 21 20 in
3965 850 35 22 the
4015 852 137 20 construction

3606 875 21 20 of
3643 876 124 25 machinery,
3786 876 73 27 which,
3878 877 26 26 by
3915 878 36 20 the
3960 885 50 20 way,
4021 879 17 19 is
4055 880 97 26 speciulJy

3604 902 96 26 dergned
3712 906 25 17 t>v
3745 903 80 21 himself
3832 905 36 19 has
3877 904 16 20 it
3902 912 45 13 now
3956 906 20 19 in
3985 913 14 12 a
4009 912 48 19 very
4064 905 88 22 forward

3604 932 53 18 stae
3680 929 22 21 of
3716 931 136 26 preparation,
3876 932 38 21 and
3933 933 85 25 sluicing
4038 934 114 25 operations

3604 963 47 20 may
3665 957 79 26 shortly
3762 957 23 21 b'
3806 960 98 24 expected
3919 960 22 20 to
3958 967 121 14 commence.
4106 961 45 20 Tha

3603 989 89 22 returns,
3706 984 17 21 if
3732 984 32 22 the
3776 986 75 22 reward
3864 986 22 21 of
3904 988 66 26 merit,
3988 988 43 21 will
4049 987 68 28 surely
4125 988 26 22 ho

3602 1012 117 26 laigeones.

3629 1040 79 26 Special
3719 1040 129 25 evangelistic
3862 1042 85 21 services
3956 1051 33 12 are
3999 1044 23 19 to
4034 1043 25 20 be
4074 1043 47 21 held
4129 1044 21 20 in

3604 1066 37 21 the
3653 1066 103 28 Wesleyan
3767 1067 81 23 Chnrch
3866 1073 52 18 next
3930 1070 64 25 week,
4012 1071 139 25 commencing

3601 1100 26 14 on
3637 1094 91 28 Sunday,
3737 1096 36 21 Bth
3785 1099 89 24 August,
3884 1098 65 21 nnder
3968 1099 36 20 the
4017 1098 99 21 direction
4130 1098 20 21 of

3600 1121 36 21 the
3650 1122 29 21 lie
3681 1129 19 16 v.
3707 1124 33 20 Mr
3753 1124 75 24 Battle,
3839 1125 23 20 of
3872 1125 17 19 il
3895 1125 116 27 orniugton.

3623 1150 35 21 4th
3669 1151 87 26 August,
3765 1150 57 23 1897.

3747 1232 77 40 New
3851 1232 149 41 Zealand
4029 1234 105 41 Mines

3624 1374 71 22 Under
3704 1374 37 22 the
3748 1375 65 21 above
3821 1375 48 21 title
3886 1374 35 22 the
3936 1374 81 27 Mining
4034 1374 82 21 Bureau
4130 1374 21 21 of

3600 1402 51 21 New
3660 1402 90 23 Zealand
3766 1403 37 21 has
3811 1403 67 21 issued
3895 1410 12 13 a
3921 1402 97 24 monthly
4033 1402 81 27 journal
4124 1402 27 26 by

3600 1430 98 21 direction
3718 1431 21 20 of
3749 1431 35 21 the
3801 1431 55 21 Hon.
3878 1431 36 20 the
3930 1431 95 20 Minister
4034 1429 23 21 of
4076 1429 73 27 Mines,

3600 1457 79 27 dealing
3690 1458 48 21 with
3750 1459 35 20 the
3800 1465 92 19 progress
3901 1458 22 21 of
3931 1458 78 26 milling
4020 1458 129 25 throughout

3602 1486 34 19 the
3646 1487 71 24 colony
3726 1486 41 20 and
3776 1486 35 20 the
3820 1486 75 20 details
3909 1484 112 22 connected
4032 1485 117 21 therewith.

3601 1512 43 21 The
3653 1512 44 21 first
3707 1515 93 25 nnmber,
3809 1513 62 22 dated
3880 1515 90 25 August,
3980 1513 17 21 is
4006 1516 23 18 to
4040 1512 62 28 hand,
4110 1513 39 21 and

3601 1540 17 20 it
3633 1547 44 19 may
3688 1541 25 21 be
3728 1541 42 21 said
3783 1547 22 15 at
3813 1549 49 15 once
3872 1543 17 20 it
3898 1543 16 20 is
3931 1550 13 13 a
3960 1541 64 27 really
4039 1541 112 21 creditable

3603 1567 131 26 publication,
3743 1569 40 19 and
3792 1576 37 13 one
3838 1570 64 19 which
3913 1569 51 20 from
3977 1569 34 20 the
4021 1576 58 18 scope
4088 1569 21 20 of
4122 1569 28 20 its

3605 1594 63 24 policy
3683 1601 21 13 as
3718 1596 44 18 well
3777 1602 22 13 as
3808 1596 31 20 for
3849 1597 27 19 its
3886 1596 92 20 editorial
3998 1600 152 21 management.,

3604 1627 21 13 as
3641 1620 99 22 indicated
3752 1623 20 19 iD
3790 1623 41 19 this
3850 1624 61 25 issue,
3929 1624 16 19 is
3963 1623 63 25 likely
4046 1627 22 15 to
4086 1629 62 18 pruvu
4153 1620 4 29 *

3606 1647 109 27 eminently
3724 1649 66 22 useful
3800 1651 19 20 in
3831 1651 113 26 promoting
3954 1651 36 21 the
4005 1650 145 27 development

3606 1675 21 19 of
3644 1675 34 20 the
3695 1677 76 26 mining
3780 1679 92 26 industry
3881 1679 21 21 in
3920 1680 50 20 New
3987 1678 94 22 Zealand.
4107 1678 44 22 Thij

3836 1706 41 21 will
3899 1706 32 27 be,
3955 1713 19 14 in
3996 1714 11 12 a
4031 1713 64 19 Reuse,
4122 1713 25 14 at)

3608 1729 127 22 authorative
3744 1732 71 20 official
3825 1733 88 26 journal,
3923 1734 39 20 and
3975 1734 49 20 with
4032 1734 34 20 the
4078 1740 69 14 means

3610 1756 30 21 for
3655 1757 102 27 acquiring
3766 1759 129 22 information
3910 1765 23 16 at
3941 1762 34 19 the
3992 1760 86 27 disposal
4094 1760 21 21 of
4125 1762 26 19 its

3610 1787 141 23 management
3758 1786 16 20 it
3791 1787 39 20 will
3847 1788 23 19 be
3885 1788 45 21 able
3944 1790 21 19 to
3982 1795 45 19 give
4044 1788 36 21 the
4091 1788 60 21 latest

3610 1812 98 20 available
3734 1813 46 20 data
3817 1815 108 21 connected
3945 1816 48 20 with
4017 1816 35 20 tbe
4073 1815 78 27 mining

3610 1839 101 26 industry.
3740 1841 53 20 Such
3803 1849 11 12 a
3820 1842 123 25 publication
3953 1845 55 19 must
4021 1843 20 20 of
4053 1846 98 23 necessity

3611 1867 25 20 be
3646 1867 115 20 invaluable
3770 1872 22 16 to
3802 1870 52 19 mine
3860 1877 84 19 owners,
3954 1870 105 25 investors,
4071 1870 40 21 and
4118 1871 34 20 tha

3610 1894 80 26 general
3699 1894 75 27 public;
3785 1896 39 20 and
3834 1897 35 20 the
3878 1897 135 24 Department
4022 1898 19 19 in
4049 1898 74 25 issuing
4133 1900 18 18 it,

3611 1929 33 13 are
3650 1922 104 19 doubtless
3763 1922 108 26 supplying
3878 1931 10 12 a
3895 1924 38 19 felt
3939 1929 61 15 want.
4014 1924 25 21 In
4046 1924 33 21 the
4087 1919 66 26 initial

3611 1948 94 26 number,
3721 1948 78 21 besides
3813 1957 56 13 noies
3885 1951 52 20 from
3956 1952 35 19 the
4005 1951 71 26 mines,
4088 1952 65 21 which

3611 1976 80 21 include
3702 1976 35 20 tbe
3747 1976 61 21 latest
3817 1977 128 22 information
3955 1978 51 21 from
4016 1979 36 20 the
4062 1979 63 20 whole
4132 1978 20 21 of

3612 2004 35 19 the
3665 2004 105 25 goldfieiils
3784 2004 20 20 iu
3825 2005 33 19 the
3877 2006 78 25 colony,
3975 2006 34 19 the
4020 2008 78 23 battery
4112 2008 40 18 ami

3612 2030 46 26 gold
3675 2035 81 16 returns
3773 2038 33 14 are
3815 2032 115 26 published,
3951 2033 43 21 also
4003 2033 35 20 the
4045 2033 110 26 important

3611 2058 119 26 judgement
3737 2059 26 25 by
3772 2059 32 20 Mr
3812 2059 80 22 Justice
3901 2060 95 21 Edwards
4005 2067 22 14 re
4036 2060 36 21 the
4086 2060 68 21 Cass.l

3612 2089 17 17 U
3632 2086 157 27 old-extracting
3820 2087 120 27 Company's
3969 2089 78 23 patent,
4075 2088 39 21 and
4140 2096 11 12 a

3612 2115 95 24 quantity
3723 2115 20 18 of
3758 2115 151 20 miscellaneous
3920 2115 130 21 information
4064 2115 20 21 of
4100 2120 56 21 grit

3613 2141 85 19 interest
3717 2143 21 16 to
3757 2142 82 20 miners.
3866 2142 25 20 Ot
3903 2143 34 19 the
3951 2143 81 25 general

3612 2167 21 20 of
3643 2167 35 21 the
3829 2169 17 20 it
3855 2169 16 20 is
3886 2175 117 20 unecessary
4014 2171 21 19 to
4043 2169 68 27 speak,
4121 2169 36 21 the

3612 2195 140 22 Government
3780 2195 93 28 printer's
3900 2198 85 25 impiint
4014 2198 16 20 is
4057 2197 100 22 sufficient)

3611 2227 111 21 gaurantee
3740 2225 31 19 for
3782 2225 54 26 that,
3847 2225 36 21 but
3892 2227 91 19 mention
3997 2226 21 20 of
4026 2227 36 19 the
4074 2227 78 19 exceed'

3612 2250 55 25 ingly
3695 2251 82 21 tasteful
3796 2253 40 19 and
3857 2253 118 25 appropiate
3996 2253 68 26 dtsign
4082 2253 21 19 of
4120 2254 36 19 thu

3612 2277 137 27 frontispiece,
3756 2279 40 20 and
3802 2279 41 20 also
3851 2280 21 20 of
3878 2280 34 20 the
3919 2286 47 20 very
3973 2281 38 19 fine
4020 2281 134 19 illustration*

3612 2305 41 20 will
3680 2309 37 17 not
3735 2305 24 21 be
3785 2310 36 17 out
3841 2307 23 21 of
3887 2307 64 26 place.
3977 2308 39 20 We
4045 2308 47 20 wish
4118 2314 38 14 our

3611 2336 155 23 contemporary
3777 2335 27 19 all
3816 2341 29 14 sut
3851 2342 41 13 cess
3900 2336 39 19 and
3949 2343 12 12 a
3971 2335 45 26 long
4024 2336 132 20 continuanca

3599 2356 54 28 /fa
3665 2367 66 14 career
3740 2361 45 21 that
3797 2364 54 18 must
3861 2363 118 21 necessarily
3989 2362 23 21 Ins
4022 2362 74 22 useful.

3749 2446 167 21 FLETCHER'S
3929 2446 78 21 PILLS

3791 2486 62 14 never
3862 2479 34 21 fail
3904 2482 21 18 to
3933 2486 47 14 cure

3603 2505 194 27 INDIGESTION,

3627 2543 74 21 cosr:
3709 2543 114 25 VENESS,

3641 2577 74 21 SOUR
3730 2577 122 27 BREATH,

3650 2611 97 22 HEART
3761 2612 85 26 BURN,

3676 2647 90 21 LIVFR
3779 2647 123 26 DISEASE,
3909 2646 40 22 and

3700 2681 112 21 KIDNEY
3826 2679 187 23 COMPLAINTS.

3625 2717 170 21 FLETCHER'S
3826 2716 76 21 PILLS
3936 2716 40 21 and
4006 2713 145 24 CLEMENTS

3599 2753 89 20 TONIC
3698 2759 34 14 are
3742 2751 35 21 the
3794 2751 115 26 recognised
3926 2751 112 21 household
4053 2750 100 22 remedies

3598 2787 21 21 of
3631 2787 36 21 the
3678 2787 106 21 Austalian
3804 2787 91 25 colonies,
3907 2787 40 21 and
3966 2793 59 19 every
4044 2786 104 26 designing

3597 2822 66 26 quack
3682 2823 48 20 tries
3747 2824 22 17 to
3786 2821 58 20 trade
3859 2827 24 14 on
3900 2821 54 20 their
3968 2821 118 26 reputation
4107 2820 40 21 an/1

3597 2862 89 15 renown.
3713 2855 48 21 This
3779 2855 17 21 is
3814 2856 36 19 the
3872 2855 90 26 greatest
3982 2854 59 27 proof
4060 2854 21 20 of
4095 2854 55 21 their'

3598 2897 67 21 merit,
3684 2892 40 20 and
3735 2892 96 19 sufferers
3849 2895 55 16 want
3919 2893 22 18 to
3961 2891 26 20 be
3996 2891 110 25 particular
4122 2894 22 18 to

3595 2929 34 24 get
3640 2927 34 20 the
3684 2926 87 25 genuine
3782 2925 81 21 articles
3872 2932 21 14 as
3900 2927 66 24 regret
3975 2926 38 20 ami
4024 2925 112 26 disappoint-

3598 2963 55 19 ment
3662 2968 34 14 are
3702 2968 47 14 sure
3758 2963 21 18 to
3786 2960 69 21 follow
3867 2960 35 21 the
3911 2968 36 14 use
3956 2960 23 21 of
4010 2960 116 27 All-failing

3596 2995 97 21 remedies
3702 3001 23 14 so
3740 2994 64 26 freely
3824 2994 122 21 advertised.
3972 2994 44 21 The
4030 2995 122 25 reputation*

3596 3029 39 19 and
3655 3028 122 26 widespread
3794 3034 36 14 use
3857 3027 22 21 of
3903 3027 104 21 Clements
4026 3027 62 20 Tonic
4104 3027 40 20 and

3596 3064 110 21 Fletcher's
3728 3062 49 23 Pills
3801 3070 35 14 are
3862 3062 37 22 the
3920 3063 90 26 greatest
4035 3061 70 28 proofs
4126 3061 21 22 of

3596 3100 53 20 their
3662 3099 137 27 appreciation
3808 3099 27 26 by
3845 3099 36 20 the
3892 3099 76 25 public.
3994 3098 10 21 I
4008 3098 7 16 F
4025 3099 49 22 they
4093 3104 52 14 were

3596 3136 35 17 not
3640 3140 21 13 as
3679 3138 100 20 represent
3786 3134 25 19 ed
3822 3132 48 24 they
3881 3132 68 21 would
3959 3132 51 20 have
4019 3131 71 26 passed
4107 3132 38 20 out

3594 3169 22 20 of
3625 3171 87 22 memtry
3727 3169 46 24 long
3783 3175 33 12 ere
3826 3168 55 24 this;
3892 3168 36 19 but
3940 3166 80 21 instead
4039 3166 54 20 their
4103 3167 41 19 sale

3594 3202 17 21 is
3627 3204 80 25 greater
3716 3201 40 21 and
3766 3201 50 26 they
3825 3208 34 14 are
3874 3207 56 15 more
3949 3200 101 21 esteemed
4070 3200 39 26 day
4120 3200 26 27 by

3593 3237 39 25 day
3649 3236 39 20 and
3700 3236 55 20 week
3768 3235 26 22 by
3814 3234 61 25 week,
3886 3234 41 21 and
3944 3234 42 21 this
3996 3233 146 26 emphatically

3594 3277 70 19 proves
3678 3269 54 21 their
3744 3267 124 27 undisputed
3879 3274 126 20 supremacy.
4033 3267 71 21 Listen
4125 3271 26 17 t<r

3592 3313 27 13 no
3632 3306 107 25 argument
3748 3304 53 20 from
3819 3303 110 20 interested
3946 3303 89 25 parties;
4053 3302 87 21 demand

3594 3341 34 20 the
3639 3340 87 25 genuine
3740 3339 80 21 articles
3831 3338 39 20 and
3887 3337 79 21 TAKE
3977 3338 41 21 NO
4036 3337 93 22 SUBSTI-

3592 3376 80 21 TUTE.

3616 3457 60 42 Old
3697 3457 71 41 Man
3796 3456 115 50 Range
3939 3455 180 51 Diggings.

3627 3541 56 27 Our
3699 3540 202 35 correspondent
3919 3540 88 26 writes
4019 3539 4 36 :
4026 3539 117 27 There

3593 3580 22 26 is
3640 3582 90 31 strong
3749 3578 122 27 evidence
3893 3577 61 26 that
3974 3577 46 26 the
4031 3577 111 26 interest

3594 3617 26 26 in
3634 3617 110 35 digging
3770 3615 84 27 which
3878 3625 52 16 was
3956 3614 141 27 awakened
4116 3620 26 20 at

3594 3655 93 33 Upper
3695 3653 120 26 Waikaia
3816 3653 94 25 that
3920 3653 22 24 is
3953 3655 28 22 to
3990 3662 53 24 say,
4055 3661 32 15 on
4097 3652 48 25 the'

3593 3692 71 24 main
3676 3690 99 26 branch
3787 3689 28 25 of
3838 3689 45 25 the
3908 3687 129 33 Waikaia,
4051 3697 31 16 on
4096 3687 46 26 the

3593 3731 55 24 east
3661 3728 106 32 branch,
3789 3726 52 27 and
3854 3736 28 17 as
3895 3726 42 27 far
3949 3735 35 26 up
3998 3726 45 27 the
4056 3725 89 35 Gorge

3593 3765 80 27 Creek
3687 3774 29 17 as
3734 3765 46 26 the
3801 3765 119 33 junction
3944 3764 28 25 of
3989 3765 45 25 the
4059 3763 83 26 Little

3594 3802 120 28 Waikaia
3714 3802 82 27 has
3821 3802 64 26 been
3911 3801 70 35 fully
4005 3800 135 28 sustained,

3593 3852 59 17 ever
3662 3841 70 26 since
3770 3840 40 26 No
3818 3841 50 26 less
3879 3840 64 27 than
3954 3841 13 23 ti
3974 3842 67 24 ;teen
4049 3838 92 28 claims

3593 3880 66 25 have
3673 3878 61 26 been
3753 3878 78 26 taken
3851 3887 43 24 up,
3921 3876 52 26 and
3994 3886 44 16 are
4063 3876 78 31 being

3594 3916 103 26 worked
3726 3914 237 35 notwithstanding
3986 3914 46 26 the
4055 3913 85 35 rough

3593 3954 114 26 weather
3720 3954 51 26 and
3784 3953 147 26 difficulties
3944 3953 28 26 of
3984 3961 92 18 access.

3626 3992 54 25 The
3692 3991 102 33 general
3808 3991 134 25 character
3961 3989 27 26 of
4000 3989 45 26 the
4057 3988 70 27 work
4135 3988 2 36 -

3591 4029 47 35 ing
3649 4028 48 26 has
3719 4028 63 27 been
3805 4027 113 35 opening
3930 4028 53 30 out,
3997 4025 140 36 stripping,

3591 4066 126 34 bringing
3730 4066 28 25 in
3770 4067 87 27 water,
3878 4068 56 28 etc.,
3948 4064 52 26 and
4012 4064 45 25 the
4071 4073 53 24 pros-

3591 4106 71 31 pects
3688 4103 123 26 obtained
3838 4102 66 26 have
3928 4102 28 25 in
3980 4110 79 25 every
4082 4109 55 17 case

3591 4141 64 25 been
3674 4144 68 22 most
3762 4140 177 34 encouraging
3982 4138 53 25 The
4048 4137 89 26 claims

3589 4177 79 26 taken
3682 4187 35 25 up
3730 4177 68 26 have
3810 4177 35 26 all
3861 4177 63 26 been
3937 4186 31 16 on
3982 4175 45 26 the
4040 4177 97 24 terrace

3589 4224 58 22 run,
3660 4215 182 27 considerably
3852 4215 81 25 above
3942 4214 46 26 the
4000 4213 47 25 bed
4057 4213 27 24 of
4094 4215 7 21 t
4108 4212 29 25 he

3588 4252 76 26 creek
3678 4251 97 34 (which
3786 4261 67 17 were
3873 4249 148 28 mentioned
4033 4248 26 26 in
4073 4257 64 26 your

3589 4290 50 26 last
3651 4289 121 36 reports),
3787 4288 52 28 and
3854 4289 60 34 they
3927 4288 66 26 have
4003 4286 97 35 proved
4112 4291 25 21 to

3587 4328 33 26 be
3633 4338 14 15 a
3660 4327 171 26 continuance
3841 4327 26 24 of
3877 4327 44 25 the
3930 4329 98 22 terrace
4041 4324 79 26 forma-

3587 4365 56 24 tion
3656 4363 42 25 for
3709 4364 80 24 about
3810 4363 74 25 three
3907 4362 84 25 miles.
4028 4360 107 26 Besides

3587 4401 74 27 these
3673 4400 99 31 claims,
3787 4410 14 16 a
3814 4400 91 34 couple
3918 4399 27 26 of
3961 4399 72 26 river
4044 4397 91 27 claims

3587 4438 67 27 have
3669 4438 60 25 been
3748 4437 78 27 taken
3848 4446 36 25 up
3906 4436 137 36 adjoining
4066 4435 66 26 Yam

3587 4475 87 26 Gete's
3696 4475 76 25 claim
3817 4475 54 25 The
3896 4474 94 34 Upper
4016 4473 118 25 Waikaia,

3586 4513 119 33 Sluicing
3718 4511 41 26 Co.
3775 4512 66 25 have
3854 4521 33 16 an
3898 4511 160 35 application
4070 4509 24 26 in
4106 4513 28 22 at

3586 4553 104 31 present
3713 4549 39 25 for
3776 4560 15 15 a
3809 4549 96 35 special
3928 4549 77 26 claim
4030 4557 32 16 on
4087 4547 45 27 the

3584 4588 71 24 river
3667 4586 135 35 adjoining
3814 4587 45 25 the
3880 4595 48 17 one
3952 4586 142 34 belonging
4108 4589 20 21 to-

3585 4624 79 31 t-hem,
3679 4623 107 36 already
3817 4623 101 27 ranted.

3619 4662 76 25 From
3722 4661 74 27 these
3824 4661 157 26 indications
4005 4660 75 25 there
4109 4661 20 24 is

3583 4698 81 34 likely
3676 4701 27 21 to
3716 4699 31 24 be
3760 4706 15 16 a
3793 4698 69 27 larye
3887 4696 112 24 number
4021 4695 27 23 of
4069 4703 47 17 men-

3582 4737 45 23 out
3640 4734 61 26 here
3713 4734 27 25 in
3752 4734 43 25 the
3808 4732 99 35 spring,
3918 4731 51 26 and
3979 4731 47 26 the
4039 4730 96 35 Upper

3574 4767 1 41 |
3587 4771 118 27 Waikaia
3717 4771 94 25 should
3824 4770 32 26 be
3880 4778 15 16 a
3920 4777 61 26 very
3993 4769 68 33 busy
4073 4767 55 36 dig-

3574 4803 1 40 I
3582 4809 85 34 gins,
3704 4807 59 27 You
3781 4816 48 17 can
3850 4806 68 25 form
3942 4814 70 17 some
4031 4804 59 26 idea
4103 4806 27 25 of

3583 4846 45 27 the
3641 4844 181 38 probabilities
3834 4843 27 27 of
3874 4843 45 27 the
3935 4842 75 36 place
4021 4841 76 28 when
4117 4842 11 27 I

3583 4885 116 25 mention
3711 4883 59 26 that
3784 4882 96 34 during
3892 4881 45 26 the
3951 4880 94 26 winter
4056 4881 72 26 there

3583 4922 46 26 has
3645 4923 62 24 been
3721 4921 79 25 about
3812 4920 86 34 thirty
3919 4928 59 16 men
4002 4920 45 23 out
4069 4918 59 30 here

3582 4958 94 26 within
3689 4969 15 15 a
3716 4958 89 26 radius
3818 4957 27 26 of
3857 4956 74 27 three
3950 4955 74 26 miles
4043 4955 85 27 where

3581 4996 126 35 formerly
3735 4996 73 26 there
3831 5005 52 16 was
3904 4998 45 21 not.
3970 5002 70 17 more
4064 4993 67 26 than

3580 5033 75 26 three
3667 5043 29 16 or
3708 5035 65 24 four.
3812 5033 54 25 The
3884 5031 95 26 winter
3999 5030 46 26 lias
4065 5030 62 26 been

3579 5071 196 35 exceptionally
3787 5071 49 25 fine
3839 5068 147 35 scarcely
3998 5075 51 27 any
4062 5066 65 28 frost

3613 5110 52 25 and
3678 5109 69 26 work
3763 5109 47 26 has
3824 5111 45 23 not
3882 5108 63 26 been
3960 5105 110 34 slopped
4087 5104 41 28 f;r

3579 5155 69 17 more
3662 5146 65 26 than
3740 5155 16 16 a
3769 5146 52 34 day
3833 5148 28 23 at
3874 5153 51 26 any
3939 5144 68 25 time.

3611 5184 76 26 Some
3707 5183 28 26 of
3756 5183 45 26 the
3823 5183 91 26 claims
3928 5181 67 26 have
4019 5180 104 36 already

3576 5220 66 27 done
3656 5231 62 25 very
3731 5221 68 29 well,
3811 5220 108 34 notably
3929 5218 27 26 P.
3968 5217 156 28 Parkeraud

3577 5257 156 32 Murchison,
3748 5268 15 16 a
3775 5268 27 16 so
3823 5257 116 30 M'Leod,
3956 5255 104 36 M'Kay,
4075 5256 48 26 and

3575 5294 36 26 M*
3622 5299 10 21 A
3640 5296 60 33 uley
3713 5296 50 26 and
3778 5299 83 30 party.

3608 5333 99 26 Parker
3717 5333 53 26 and
3781 5333 158 28 Alnrehison,
3953 5331 170 32 ?d'Leod,nnd

3574 5369 99 35 M'Kay
3685 5379 68 16 were
3768 5369 118 34 working
3902 5369 98 33 during
4012 5368 45 26 tlie
4071 5378 38 24 pre-

3573 5407 73 26 vious
3660 5416 122 20 summer,
3794 5407 53 26 and
3857 5407 187 35 consequently
4058 5406 65 26 have

3572 5446 65 26 been
3650 5455 33 17 on
3695 5446 62 35 gold
3771 5445 36 26 ail
3826 5445 46 26 the
3890 5445 64 26 time
4000 5444 124 34 M'Auley

3572 5484 51 24 and
3638 5486 77 32 party
3730 5492 65 17 were
3813 5482 134 26 fortunate
3971 5483 27 25 in
4020 5482 76 35 gettii
4107 5489 19 27 g*

3572 5530 31 16 on
3623 5523 27 24 to
3671 5521 46 26 the
3743 5519 69 27 wash
3841 5529 63 26 very
3934 5520 115 35 quickly,
4072 5519 52 26 aud

3572 5567 108 17 rumour
3701 5559 46 25 Ims
3772 5557 22 26 it
3817 5557 63 35 they
3906 5557 66 26 have
3985 5562 46 30 got
4050 5566 31 17 on
4095 5561 28 21 to

3572 5604 62 26 very
3648 5596 68 31 good
3728 5595 65 33 gold.
3833 5595 38 24 At
3895 5594 45 26 the
3965 5598 46 31 top
4033 5594 50 26 end
4097 5602 26 16 or

3571 5632 70 26 their
3653 5632 112 34 holding
3782 5632 64 35 they
3867 5632 100 34 opened
3992 5635 51 26 out,
4070 5631 50 26 and

3571 5670 44 26 the
3634 5670 84 26 result
3737 5668 79 33 being
3829 5679 27 15 so
3869 5669 178 34 encouraging
4059 5668 61 33 they

3571 5708 48 31 put.
3633 5707 26 24 in
3672 5707 109 24 another
3792 5709 44 21 cut
3846 5708 27 21 at
3883 5706 45 24 the
3941 5710 88 21 centre
4043 5707 21 23 oi
4076 5705 38 24 the-

3569 5742 22 26 el
3595 5742 51 26 aim
3660 5743 51 26 and
3886 5741 88 27 struck
3986 5743 45 24 the
4043 5741 75 26 wash.

3606 5780 143 30 Chisholm,
3766 5780 25 25 in
3805 5780 44 24 the
3968 5778 89 31 Creek,
4073 5779 52 25 ha'>

1782 94 198 42 MOUNT
2065 99 225 41 BENGER
2375 96 154 41 MAIL.

3515 96 165 50 Friday,
3703 96 168 50 August
3893 97 37 45 6,
3956 97 114 41 1397.

309 185 96 29 SALE
424 185 48 30 OF

137 244 229 52 Coal-mining
390 245 162 50 Property
576 245 62 40 and

344 311 103 41 Plant,

150 412 148 32 FRIDAY,
318 413 50 26 6th
390 411 152 33 AUGUST,
558 412 72 32 1897,

294 462 38 27 At
352 462 12 26 1
385 461 101 28 o'clock.

116 546 159 36 TODD
329 545 141 31 BROS.
522 545 24 29 &
596 545 68 29 CO.

195 589 68 27 Lave
276 588 119 27 received
412 588 172 26 instructions
597 586 68 27 from

115 627 99 27 Messrs
227 626 138 27 Cockburn
378 625 71 28 Bros,
464 629 28 23 to
504 626 47 26 sell
565 634 33 17 on
619 625 46 25 the

113 665 129 26 Premises

182 715 54 26 The
250 714 155 35 Unexpired
416 713 81 28 Lease
508 713 26 26 of
543 713 46 26 the
602 711 60 27 Coal

249 752 106 35 Mining
373 752 130 35 Property
524 750 93 26 known
636 759 28 16 as

275 789 55 27 The
343 789 80 35 Gully

342 842 98 26 Also

189 882 13 25 -1
220 881 81 33 4-h.p.
314 880 103 34 Engine
430 880 47 34 (by
487 877 20 26 R
512 877 84 36 obey),
600 877 64 25 with

251 917 129 35 Winding
393 916 68 27 Gear
473 915 129 35 complete

184 964 12 24 1
218 962 13 25 2
243 962 60 25 inch
344 960 80 26 Force
462 959 94 34 Pump,
598 958 66 25 with

251 998 98 37 Piping
431 1014 6 11 .

184 1048 12 25 1
217 1046 66 32 Hut,
298 1045 32 27 10
343 1055 16 15 x
374 1045 31 26 12

184 1093 17 25 4
219 1092 97 33 Young
345 1090 52 26 and
428 1089 83 26 sound
541 1087 124 35 Draught

250 1129 87 27 Mares
350 1128 52 27 and
415 1126 128 36 Geldings

184 1176 171 28 Chaffcutter,
389 1171 187 29 Blacksmith's
607 1171 44 26 Bel-

254 1214 72 30 lows,
341 1211 90 31 Anvil,
453 1209 84 33 Tools,
558 1209 107 31 Tracks,

255 1249 82 32 Piails,
351 1250 51 29 &c.,
417 1249 41 27 &c.

233 1328 175 25 Particulars
426 1332 33 18 at
480 1324 71 26 Sals.

278 1413 101 28 TODD
405 1412 106 29 BROS.
530 1412 24 29 &
574 1412 56 29 CO.

120 1477 240 40 pHRISTMAS
388 1476 24 29 &
442 1476 90 29 NEW
563 1476 105 28 YEAR

284 1516 227 33 NOVELTIES.

159 1559 136 38 (Suitable
309 1559 44 28 for
369 1557 104 37 Young
486 1558 54 28 and
555 1557 75 37 Old).

227 1640 27 28 A
267 1638 135 39 complete
414 1637 108 39 display
535 1637 29 28 of

120 1681 129 30 FANCY
279 1679 134 36 GOODS,
449 1677 219 31 CHRISTMAS

169 1720 134 36 CARDS,
343 1719 107 35 TOYS,
489 1719 135 36 BOOKS,

238 1760 237 33 MAGAZINES,
496 1760 49 29 &c.

116 1841 77 21 SAKG
195 1840 17 21 A
216 1839 47 22 INS
280 1839 40 21 ON
338 1839 58 21 THE
414 1839 138 21 SHILLING
570 1837 99 22 TABLE.

237 1905 162 28 Inspection
419 1905 124 28 Invited.

172 1992 53 56 F.
313 1989 306 58 ESTERY.

125 2069 190 26 ICCKfrELLFE,
329 2069 133 22 CHFMIST.
476 2069 82 21 NEWS
576 2068 95 22 AGENT

279 2097 169 27 STATIONER,
463 2097 36 20 &c.

181 2133 141 28 TEVIOT
350 2132 254 29 DISPENSARY.

211 2197 44 38 C.
296 2196 37 38 J.
377 2196 189 52 Coombs,

113 2269 10 26 f
133 2268 194 30 -SURGICAL
348 2267 23 30 &
390 2267 259 29 MECHANICAL

304 2307 168 30 DENTIST

318 2355 40 25 (By
373 2355 82 25 Exam.)

170 2439 25 28 R
218 2438 152 29 COOMBS
388 2448 63 26 may
465 2438 34 27 be
515 2438 149 28 Consulted

367 2482 28 25 at

264 2530 127 31 Heron's
415 2531 94 29 Hotel

129 2584 42 29 Oa
193 2584 158 34 FRIDAY,
379 2584 72 27 20th
478 2582 164 29 AUGUST.

146 2665 40 27 As
200 2664 14 28 I
227 2664 96 27 intend
337 2663 115 35 visiting
471 2662 54 28 this
546 2662 115 28 District
670 2662 1 38 \

108 2704 187 37 periodically,
308 2704 22 28 it
339 2704 54 28 will
402 2713 64 19 save
480 2702 123 28 Patients
613 2702 47 29 the
670 2702 1 43 j

108 2754 119 29 expense
239 2745 29 28 of
282 2744 87 38 going
382 2749 28 24 to
423 2748 73 24 town
510 2754 7 24 ;
537 2743 53 27 and
604 2753 29 18 as
645 2743 12 27 I

109 2789 149 33 guarantee
278 2784 35 28 all
337 2784 86 36 work,
449 2784 123 28 Patients
595 2793 62 28 may

107 2826 57 38 rely
177 2837 35 18 on
224 2825 112 39 getting
349 2836 16 18 a
378 2824 143 30 first-class
532 2824 115 29 denture

106 2907 91 21 TEETH
224 2907 81 21 MADE
401 2906 96 21 OTHER
522 2906 134 20 DENTISTS

105 2936 11 24 |
130 2933 126 23 PROVING
265 2933 255 22 UNSATISFACTORY
529 2933 61 19 MAY
602 2933 33 20 BE

162 2961 192 21 REMODELLED
369 2961 36 21 AT
418 2960 94 21 SMALL
526 2959 74 22 COST.

111 3029 123 29 Painless
262 3029 160 29 Extraction
450 3028 66 27 with
543 3027 113 29 Nitrous

147 3069 86 29 Oxide
254 3069 64 35 Gas,
341 3069 125 34 Cocaine,
480 3067 94 36 Ether,
588 3078 31 18 or

290 3109 181 29 Chloroform.

106 3181 132 30 Stopping
257 3191 71 19 with
348 3184 83 36 Gold,
453 3182 147 36 Amalgam,
620 3189 34 20 or

319 3224 121 31 Cement.

196 3301 31 29 C.
274 3300 29 30 J.
356 3299 89 31 COO
456 3300 64 29 MB
533 3300 28 37 S,

242 3349 127 29 Surgeon
392 3349 118 29 Dentist

146 3396 142 40 (Opposite
302 3396 128 40 Cargill's
443 3396 173 38 Monument)

308 3443 79 22 DUNE
391 3444 58 22 DIN.

217 3483 80 35 (Late
311 3483 77 29 Kidd
401 3484 55 28 and
471 3483 58 37 Co.)

241 3589 126 30 ECORD
407 3577 47 26 Ai
454 3589 105 30 EIGN.

127 3671 4 38 -
200 3672 97 28 enable
322 3672 47 27 the
393 3672 95 37 public
512 3674 29 25 to
566 3671 85 27 Dress

188 3711 116 30 suitable
312 3714 28 26 to
351 3711 47 30 the
409 3711 133 35 occasion,
557 3711 13 28 I
581 3710 70 29 have

210 3763 181 30 REDUCED
412 3763 134 28 PRICES

103 3805 28 28 of
144 3815 45 28 my
202 3804 76 37 large
295 3804 55 28 and
363 3804 93 29 varied
471 3804 94 36 fctock,
579 3805 70 28 viz.:

175 3857 86 36 Suits,
273 3858 38 29 3
330 3858 48 34 3s;
399 3857 141 35 Trousers,
557 3859 55 27 15s.

176 3897 117 38 Factory
308 3916 10 4 -
331 3897 81 28 made
453 3897 84 36 Suits,
578 3899 50 26 21s
642 3909 7 23 ;

245 3941 139 33 Trousers,
398 3939 32 28 6s
443 3937 46 30 6d.

129 3991 70 34 'Ties,
214 3990 82 38 Caps,
309 3991 109 33 Braces,
433 3991 58 35 &c.,
506 3992 34 27 6d
555 3991 75 29 each,

108 4030 71 28 lard
195 4029 54 28 and
264 4029 61 29 Soft
339 4030 61 29 Felt
417 4035 80 31 Hats,
524 4033 28 26 Is
572 4031 77 28 each.

121 4110 107 21 lIEDUCI
315 4110 31 20 IN
362 4111 52 20 ALL
428 4111 96 21 OTHER
536 4111 89 21 LINES.

196 4173 39 42 E,
282 4174 42 42 A,
372 4174 181 51 HART,

106 4231 101 21 TAILOR
228 4232 15 20 k
266 4233 194 21 GENTLEMEN'S
484 4233 165 23 OUTFITTER.

157 4270 255 36 Scotland-street,
433 4273 162 28 Roxburgh.

105 4372 35 27 K(
155 4372 161 28 XBURGH
326 4374 159 28 BAKERY
495 4374 23 28 &
532 4374 118 29 STORE

124 4541 138 38 BAKER,
290 4543 294 29 CONFECTIONER
610 4543 23 29 &

233 4591 284 37 STOREKEEPER,

139 4648 149 23 SCOTLAND
311 4649 113 28 STREET,
448 4650 166 22 ROXBURGH.

141 4720 75 30 R.K.
227 4720 102 30 desires
343 4725 27 25 to
384 4722 88 28 thank
486 4722 46 28 the
545 4722 92 28 inhabi-

106 4765 73 24 tants
193 4761 29 28 of
235 4761 154 38 Roxburgh
402 4762 54 28 and
468 4762 182 37 surrounding

104 4800 122 28 districts
250 4800 44 28 for
313 4802 47 27 the
382 4805 115 34 supp-rt
518 4802 133 28 accorded

104 4840 54 28 him
172 4840 28 28 in
214 4840 47 29 the
273 4844 70 36 past,
358 4842 52 28 and
425 4847 27 23 tc
462 4842 99 29 inform
576 4842 75 28 them

105 4881 60 27 lhat
177 4881 117 37 nothing
308 4882 54 28 will
377 4882 33 29 be
424 4883 123 38 wanting
560 4893 35 19 on
609 4883 42 28 his

116 4925 47 23 art
176 4920 27 29 in
214 4922 47 28 the
274 4923 92 27 future
377 4925 28 26 to
414 4923 79 28 merit
501 4934 15 17 a
525 4923 111 29 continu-

101 4971 65 19 ance
179 4961 29 29 of
221 4962 71 29 their
305 4967 121 34 support.

128 5039 141 23 WEDDING
286 5042 62 21 AND
365 5043 150 22 BIRTHDAY
533 5044 91 21 CAKES

245 5075 81 21 MADE
344 5077 35 21 TO
391 5077 105 22 ORDER.

102 5122 39 21 -01
146 5122 76 27 BEES,
244 5122 111 24 PICNICS
376 5125 16 21 k
412 5126 85 21 EALLS
515 5124 133 22 CATERED

139 5157 56 21 FOR
210 5157 38 21 ON
264 5158 56 21 THE
332 5158 145 24 SHORTEST
494 5160 115 23 NOTICE.

99 5198 126 42 Nothing
238 5202 50 29 but
303 5203 44 29 the
361 5204 60 29 best
431 5205 124 28 material
569 5205 76 28 used.
659 5191 12 49 I,

97 5284 75 22 GOOD
184 5285 185 24 ASSORTMENT
379 5289 35 20 OF
423 5289 166 28 GROCERIES,
599 5290 46 27 &c.,
658 5280 3 39 '
670 5280 1 39 j

296 5322 39 22 ON
351 5323 91 22 HAND.

179 5381 118 30 Liberal
317 5383 139 29 Discount
469 5393 48 19 for
540 5384 84 28 Cash.

90 5485 138 30 TEVIOT
238 5487 216 30 WESLEYAN
470 5488 172 30 CHURCH.

91 5567 74 35 ON
186 5567 113 40 Sunday
315 5569 123 30 Services
450 5571 56 28 will
528 5571 34 28 be
576 5580 48 19 con-

176 5609 100 29 ducted
289 5621 29 18 as
332 5611 91 29 follow
436 5624 44 16 :

89 5658 111 26 Roxburgh
211 5659 20 24 (7
240 5659 84 27 p.m.)
326 5659 51 21 Rev.
388 5659 21 21 J.
419 5660 27 21 H.
455 5661 84 25 Hooper

120 5686 236 27 (Subject^''Euiope's
370 5688 44 20 first
436 5691 83 17 convert
532 5689 23 19 to
572 5687 57 23 Chris-

108 5739 30 20 oal
149 5739 64 22 Creek
223 5740 20 26 (3
252 5740 118 27 p.m.)Mr
380 5741 28 21 H.
419 5741 101 22 Bloxham

101 5767 68 23 vttrick
177 5767 29 26 (11
217 5769 81 25 a.m.)
301 5769 51 21 Rev.
362 5769 22 21 J.
400 5769 26 21 H.
438 5769 83 26 Hooper
654 5766 2 29 I
666 5784 5 11 r

174 5796 55 26 {6.30
238 5797 119 25 p.m.)Mr
365 5797 22 21 J.
398 5797 23 21 C.
436 5797 68 21 Smith
651 5791 5 28 I

891 200 38 38 [A
950 197 98 39 Card.]

694 291 47 55 Q
834 289 219 31 HUBE
1084 287 84 29 NE
1200 285 46 36 R,

747 337 155 36 'teacher
923 350 36 21 of
980 348 57 23 the
1060 346 110 26 violin,

694 402 68 30 Will
775 402 66 29 visit
853 400 155 38 Roxburgh
1022 398 106 38 weekly
1155 398 93 38 (every

896 447 144 37 Monday.)

694 538 95 28 Terras
801 547 34 18 on
844 536 166 40 application
1021 539 27 25 to
1060 535 53 29 self
1122 546 31 18 or
1164 534 84 28 Office

870 586 30 28 of
912 585 56 28 this
981 585 98 38 Paper.

834 670 33 38 J.
947 667 301 45 WILLIAMS,

719 741 202 22 HAIRDRESSER
940 740 62 20 AND
1021 740 202 27 TOBACCONIST,

890 780 165 29 Lawrence.

730 860 151 31 LADIES'
913 859 298 31 HAIRCOMBINGS

775 913 111 30 MADE
906 912 93 29 INTO
1018 912 145 29 PLAITS.

694 987 102 29 Orders
805 987 37 39 by
851 990 63 36 post
922 985 140 41 promptly
1068 985 131 29 attended
1209 988 37 26 to.

760 1079 416 43 BERNSTONE,

741 1166 77 31 THE

840 1227 93 34 (From
959 1227 152 37 Dunedin),

773 1298 69 29 TT7
852 1298 63 29 ILL
930 1298 65 29 visit
1009 1297 164 39 Roxburgh,

889 1339 105 28 Millers
1023 1339 72 35 Flat,
1119 1338 55 29 and

770 1380 186 38 surrounding
990 1378 122 29 districts
1145 1382 29 25 nt

769 1421 111 37 regular
891 1420 140 34 intervals,
1049 1420 84 38 being
1145 1420 29 27 in

770 1460 152 39 Roxburgh

770 1512 104 30 NEXT
889 1512 249 30 WEDNESDAY
1151 1512 24 29 &

864 1554 221 36 THUKSDaY,

810 1601 49 27 4th
874 1601 53 27 and
949 1601 47 27 sth
1017 1602 121 37 August,

908 1655 77 29 when
1001 1654 33 29 he

784 1722 102 30 WILL
900 1722 104 30 TAKE
1019 1721 147 31 OKDERS

775 1788 28 24 to
827 1784 53 27 suit
896 1784 45 27 the
955 1783 181 29 convenience
1150 1782 28 29 of

849 1830 47 28 the
912 1830 69 29 local
1002 1829 101 39 public.

684 1893 2 63 !
820 1924 128 28 Charges
972 1924 159 29 Moderate.

776 2018 75 29 Suits
860 2018 69 28 from
940 2019 38 27 3
990 2019 43 34 3s;
1048 2018 130 28 Trousers

881 2064 70 29 from
968 2066 48 27 IGs
1030 2064 44 29 Gd.

772 2157 44 28 Fit
830 2156 172 28 Guaranteed
1024 2167 31 16 or
1074 2156 102 38 Money

873 2208 48 26 not
934 2204 141 40 accepted.

1075 2310 148 54 gEECS.

697 2437 70 29 XT7
778 2437 21 26 E
814 2436 47 26 will
877 2436 28 26 he
919 2436 96 34 pleased
1035 2443 24 17 tn
1073 2436 91 26 fil'inii
1181 2447 52 16 -;nri-

715 2479 11 13 *
740 2477 10 13 *
811 2474 52 35 pies
877 2474 45 25 and
938 2474 56 31 give
1008 2481 143 28 quoti-tim-*
1171 2481 23 19 e!
1215 2475 28 25 ;iii

694 2510 171 36 Agricultural
886 2510 75 28 Seeds
976 2521 35 16 we
1025 2512 78 30 Brock,
1126 2513 24 25 of
1166 2513 76 25 which

694 2549 40 26 the
748 2550 94 35 quality
857 2551 20 25 is
891 2550 40 25 the
944 2550 79 25 finest.

673 2625 4 75 |
969 2637 87 41 Bone
1093 2637 147 42 Manure.

722 2708 61 27 This
797 2709 136 26 celebrated
948 2709 105 26 Manure
1068 2709 42 25 h:is
1123 2717 31 16 no
1168 2708 69 37 equal

689 2745 36 27 for
738 2746 104 37 quality.
881 2747 22 25 It
923 2748 18 24 is
964 2746 50 26 rich
1035 2747 25 25 in
1085 2745 153 37 Pho.-pliates

689 2784 47 26 and
752 2784 192 33 Ammonia,and
956 2785 20 25 is
985 2783 136 34 admirably
1131 2784 105 34 adapted
1247 2782 1 36 i

687 2822 35 26 for
736 2829 52 19 root
808 2832 78 25 crops,
907 2832 68 26 grass
995 2822 79 33 lands,
1088 2822 48 26 and
1156 2822 80 26 wheat

684 2869 77 28 crops.

719 2911 253 26 Caution.Other
1002 2911 84 25 makes
1116 2910 24 25 of
1168 2909 66 27 Bone

687 2947 119 26 Manures
820 2958 40 15 are
872 2947 73 35 being
955 2947 87 26 offered
1059 2953 23 20 to
1098 2947 99 26 farmers
1208 2956 26 16 as

686 2985 40 25 tlie
914 2985 82 25 brand.
1037 2985 80 25 When
1130 2984 92 35 buying
1222 2984 3 35 1
1227 3006 5 9 ,

685 3022 70 26 insist
770 3031 31 17 on
816 3032 12 16 a
851 3030 136 27 guarantee
1013 3022 74 33 being
1112 3022 82 32 given,
1208 3032 25 17 as

686 3060 103 25 without
804 3059 48 26 this
867 3059 76 26 brand
962 3069 63 16 none
1038 3060 20 25 is
1072 3060 115 34 genuine.

861 3137 112 28 LAW
987 3137 22 28 E
1022 3137 8 13 '
1041 3138 17 26 S

686 3189 355 29 SUPERPHOSPHATE
1062 3189 46 29 OF
1129 3190 105 29 LIME.

869 3253 180 28 CROSS'

685 3305 355 29 SUPERPHOSPHATE
1061 3305 46 29 OF
1128 3305 106 28 LIME.

719 3356 66 27 Both
798 3357 67 25 these
876 3357 118 26 Manures
1004 3366 39 17 are
1054 3357 27 26 of
1086 3356 61 36 high
1157 3356 77 35 grade

682 3394 156 37 quality,and
849 3405 39 16 are
900 3394 53 26 well
964 3395 80 26 suited
1056 3396 36 24 for
1102 3404 118 27 encourag-

681 3433 43 36 ing
737 3432 40 27 the
791 3432 98 36 growth
903 3432 24 27 of
941 3432 30 27 all
985 3437 54 22 root
1052 3441 77 28 crops.

919 3497 33 18 on
971 3490 201 26 Application.

848 3559 151 28 PLANET
1023 3559 45 30 Jr.

754 3611 109 30 FARM
898 3611 260 32 IMPLEMENTS.

717 3664 80 25 Write
819 3673 27 15 or
868 3663 46 25 call
934 3664 36 24 for
983 3664 43 26 full
1041 3664 146 35 particulars
1208 3664 28 26 of

681 3700 68 26 these
772 3699 113 27 valuable
910 3700 164 35 implements,
1092 3701 79 27 which
1191 3710 41 18 are

680 3740 25 25 in
716 3747 43 18 use
771 3737 31 37 by
815 3738 41 26 the
869 3738 166 28 thousandsin
1044 3739 60 27 New
1114 3739 115 27 Zealand.

748 3815 118 31 FRUIT
888 3815 130 38 TREES,
1038 3817 128 38 ROSES,

683 3870 269 30 STRAWBERRY
983 3871 157 33 PLANTS,
1173 3871 59 35 &c.,

832 3918 36 29 Of
889 3918 66 29 Best
975 3918 119 37 Quality.

680 4002 283 56 NIMMOI
990 4003 239 66 BLAIR,

773 4077 97 29 SEED
893 4076 245 30 MERCHANTS.

881 4122 148 27 Dunedin.

830 4198 57 20 the
901 4198 184 21 celebrated

679 4237 171 31 CORNISH
870 4236 204 30 AMERICAN
1091 4238 140 30 PJANOS
1246 4226 2 48 j

821 4286 82 29 AND
930 4285 161 31 ORGANS.

684 4365 176 36 MESSRS
888 4364 167 28 CORNISH
1078 4364 24 28 &
1117 4365 55 28 CO.
1187 4376 45 18 are

779 4405 48 29 the
840 4403 63 39 only
918 4404 59 28 firm
993 4403 28 29 of
1035 4405 87 28 actual
1137 4416 95 18 manu-
1246 4403 1 39 :

680 4446 134 29 facturers
829 4445 29 29 of
876 4445 68 38 high
968 4445 84 37 grad-
1067 4445 97 30 Pianos
1178 4447 52 28 and
1246 4445 1 38 ;

682 4487 108 38 Organs
815 4487 27 26 in
870 4486 47 27 the
952 4485 102 29 United
1082 4488 91 27 States
1204 4485 43 40 ofj

682 4527 111 27 Araeria
825 4525 100 37 selling-
954 4526 166 39 exclusively
1146 4525 101 40 direct!

681 4567 71 29 from
766 4567 47 29 the
826 4567 107 37 factory
943 4571 29 24 to
983 4567 44 28 the
1037 4567 111 37 general
1163 4569 55 36 pub
1245 4567 2 38 |

681 4607 45 35 lie,
735 4612 27 23 at
773 4607 168 38 guaranteed
952 4607 142 28 wholesale
1105 4609 74 36 price
1190 4609 42 27 for
1245 4607 2 38 j

681 4658 15 18 a
710 4647 89 39 single
812 4647 175 29 instrument.
1025 4647 45 29 No
1084 4653 98 33 agents
1202 4660 31 18 or
1244 4647 2 45 J

682 4689 104 27 dealers
808 4699 46 16 are
875 4689 112 27 allowed
1013 4694 28 22 to
1063 4690 99 28 handle
1185 4691 47 27 the
1244 4689 3 29 I

683 4727 114 29 Cornish
807 4729 143 26 American
966 4729 98 29 Pianos
1073 4741 30 17 or
1112 4730 117 39 Organs.
1244 4723 2 46 !

682 4769 27 27 It
722 4769 23 27 is
755 4769 59 36 just
828 4779 28 16 as
870 4778 63 27 easy
947 4769 43 27 for
1006 4770 45 28 the
1073 4770 110 29 readers
1201 4772 31 27 of
1243 4769 2 36 |

680 4809 54 27 this
748 4817 85 28 paper
845 4812 28 23 to
887 4809 35 26 sit
936 4809 77 27 down
1039 4810 54 28 and
1116 4811 80 28 order
1215 4822 16 17 a
1242 4809 2 36 j

680 4848 86 29 Piano
780 4858 30 18 or
825 4847 92 39 Organ
930 4848 69 29 from
1014 4850 135 36 America,
1162 4863 30 17 as
1201 4856 28 24 to
1242 4842 2 48 |

680 4889 80 29 order
770 4899 51 18 one
835 4889 69 27 from
915 4890 71 27 their
997 4891 84 28 music
1091 4896 82 31 store,
1183 4893 46 28 the
1242 4889 2 39 j

679 4930 64 37 only
757 4929 147 28 difference
919 4929 82 38 being
1015 4931 64 38 they
1092 4932 54 28 will
1164 4943 64 18 save
1241 4929 2 40 i

679 4970 68 28 from
764 4970 34 28 50
812 4974 29 23 to
860 4969 47 27 100
921 4979 48 28 per
981 4976 70 25 cent.
1240 4964 3 43 I

715 5011 52 27 We
781 5011 69 27 have
865 5009 108 38 Organs
986 5012 69 28 from
1068 5015 39 27 6
1118 5017 28 25 to
1160 5016 68 31 25,

677 5051 99 28 Pianos
789 5051 71 27 from
874 5050 57 27 34
943 5054 28 24 to
985 5052 64 33 (SO,
1061 5054 53 27 and
1124 5065 40 17 we
1178 5055 47 27 sell

676 5091 44 30 for
732 5090 65 31 cash
811 5101 31 18 or
868 5100 71 28 upon
960 5090 158 33 instalment
1136 5094 89 39 plans,

675 5137 30 23 to
719 5134 54 26 suit
796 5132 46 27 the
866 5134 180 28 convenience
1060 5136 28 26 of
1101 5136 46 27 the
1160 5147 49 26 pur-

675 5172 104 28 chaser.
820 5170 57 28 Our
908 5171 75 39 large
1011 5174 52 28 and
1090 5176 135 38 complete

674 5213 144 35 catalogue
841 5211 53 27 will
921 5212 33 28 be
978 5214 152 30 forwarded
1150 5227 73 27 upon

674 5256 118 35 request.
834 5252 27 28 It.
874 5252 22 26 is
910 5253 46 29 the
969 5254 80 30 finest
1057 5256 166 38 description

674 5294 29 29 of
716 5294 99 28 Pianos
829 5292 54 29 and
899 5292 106 40 Organs
1018 5296 90 30 issued
1122 5297 37 39 by
1170 5308 53 27 any

673 5335 61 27 firm
757 5334 28 27 in
809 5334 47 28 the
882 5339 122 33 country,
1018 5337 52 28 and
1086 5338 77 36 gives
1176 5339 47 27 the

672 5374 89 28 actual
775 5374 106 37 factory
894 5374 79 28 value
986 5376 28 26 of
1027 5386 81 28 every
1121 5378 87 27 instru-

672 5418 76 25 ment
761 5413 22 29 it
797 5413 146 30 describes.
964 5414 77 30 With
1055 5427 81 30 every
1150 5421 57 25 cata-

672 5457 82 38 logue
766 5456 24 28 is
802 5456 146 37 presented
962 5467 50 18 our
1024 5459 100 39 unique
1138 5459 70 29 refer-

671 5506 67 19 ence
751 5496 83 34 book,
877 5496 57 29 The
948 5497 86 30 Heart
1048 5500 27 28 of
1087 5501 48 28 the
1154 5499 51 30 Peo-

669 5536 77 41 pled
769 5536 89 29 Write
866 5536 43 29 for
919 5538 149 38 catalogue.
1089 5540 132 37 Address,

794 5588 170 30 CORNISH
984 5590 23 29 &
1030 5591 67 37 CO.,
1247 5588 1 40 |

682 5638 163 26 Washington,
859 5637 54 22 New
925 5638 91 28 Jersey,
1026 5640 58 28 U.S.,
1095 5643 111 20 America.

670 5700 143 29 TZOZIK
834 5699 83 28 TEA.
956 5699 65 29 This
1045 5701 88 28 brand
1158 5703 24 27 is
1204 5713 15 17 a

747 5742 149 36 guarantee
905 5738 28 30 of
942 5739 90 39 purity
1041 5741 54 30 and
1104 5742 113 39 quality.

667 5783 57 37 Try
736 5781 47 30 the
797 5781 31 28 2s
839 5792 7 24 ;
867 5779 45 29 'tis
926 5781 100 37 superb
1039 5781 5 29 !

1429 183 245 33 NOTICE.

1282 266 94 56 ALL
1389 268 80 27 Debts
1481 270 85 34 owing
1581 275 23 21 to
1626 270 39 27 W.
1685 273 102 31 Quale
1807 279 18 21 to

1366 304 57 27 dare
1448 306 99 27 MUST
1575 308 46 26 BR
1642 308 87 28 PAID
1755 320 30 17 on
1806 320 19 17 or

1277 341 82 28 before
1369 343 212 34 THURSDAY,
1594 346 72 27 12th
1679 347 146 34 AUGUST,

1247 380 2 39 r
1279 385 23 19 to
1316 380 41 26 W.
1374 381 109 32 Quale,
1504 382 97 27 Millers
1620 384 65 28 Flat,
1709 395 27 15 or
1761 386 26 26 P.
1807 386 18 27 J.

1279 416 113 33 Dunne,
1434 419 92 26 Mount
1542 419 99 35 Benger
1752 424 73 26 whose

1279 454 91 37 receipt
1384 455 50 28 will
1449 455 28 28 be
1488 456 122 28 sufficient
1625 457 139 39 discbarge.

1539 507 43 25 W.
1600 508 130 33 QUALE,

1625 555 96 28 Millers
1736 556 61 28 Flat.

1378 614 113 30 FOK
1568 617 174 30 SALE.

1247 693 2 41 '
1346 693 128 30 LARGE
1494 696 127 38 quantity
1641 695 29 29 of
1692 696 70 29 Pine
1781 708 44 18 anc

1371 735 102 37 Poplar
1498 736 130 33 'limber;
1655 737 118 29 suitable
1792 739 33 28 foi

1281 774 207 40 Underground
1514 786 133 29 purposes
1672 778 55 28 and
1757 779 55 28 Fire-

1279 815 223 40 wood.Apply

1453 868 136 29 HENRY
1611 869 111 36 TOMS,

1540 909 65 29 Coal
1620 909 90 29 Creek
1724 910 72 29 Flat.

1283 1037 62 53 YY
1437 1038 44 30 T.
1550 1039 124 29 BOff
1695 1039 130 36 DEN,

1352 1114 176 27 CARPENTER,
1555 1114 115 27 JOINER,
1698 1115 62 20 AND

1453 1152 207 29 UNDERTAKER,

1277 1206 99 26 Desires
1402 1211 25 20 to
1453 1205 76 27 thank
1556 1206 41 27 the
1630 1206 87 27 Public
1742 1207 24 26 of
1792 1206 33 28 the

1279 1243 104 26 District
1397 1244 37 25 for
1453 1251 54 27 past
1526 1250 112 28 support,
1658 1244 48 26 and
1726 1244 62 35 begs
1808 1251 17 19 to

1277 1280 89 27 inform
1398 1280 65 27 them
1500 1284 53 24 that
1585 1281 30 27 he
1646 1282 43 26 has
1720 1282 105 28 resumed

1280 1319 119 27 Business
1413 1320 24 25 in
1453 1319 149 34 Roxburgh.

1278 1406 134 26 Estimates
1424 1407 73 33 given
1510 1408 47 25 and
1569 1407 121 36 Building
1701 1407 124 27 Contracts

1380 1456 28 24 of
1424 1455 30 26 all
1476 1456 73 26 kinds
1567 1456 161 26 undertaken.

1315 1540 76 28 Plans
1406 1543 47 26 and
1473 1543 186 36 Specifications
1674 1543 122 37 prepared.

1282 1649 261 31 APPLICATION
1573 1650 73 29 FOR
1673 1649 152 30 SPECIAL

1491 1691 131 30 CLAIM.

1382 1763 120 27 District:
1523 1764 81 34 Otago
1618 1765 111 33 Mining.

1462 1803 80 25 Date:
1561 1802 62 26 30th
1637 1802 69 36 July,
1725 1804 71 26 1807.

1314 1852 34 26 To
1363 1853 40 25 the
1417 1851 111 27 Warden
1542 1859 24 18 at
1582 1852 146 36 Roxburgh.

1264 1898 3 39 j
1281 1899 25 25 T
1338 1898 150 27 HEREBY
1520 1898 72 35 apply
1624 1898 36 26 for
1691 1909 13 16 a
1736 1899 89 35 Special

1264 1934 3 39 j
1343 1934 79 27 Claim
1456 1939 36 22 lor
1522 1936 156 34 goldmining
1716 1945 109 26 purposes

1281 1973 76 26 under
1373 1973 40 26 the
1427 1973 137 35 provisions
1587 1974 24 25 of
1731 1974 94 34 Mining

1284 2013 52 29 Act,
1474 2015 22 21 of
1524 2011 38 31 the
1589 2011 69 26 lands
1684 2011 141 26 hereinafter

1280 2049 133 32 described,
1425 2048 78 28 which
1515 2048 61 27 have
1589 2049 57 27 been
1658 2049 58 26 dnlv
1732 2050 93 26 marked

1281 2088 22 24 in
1319 2090 148 24 accordance
1486 2088 59 25 with
1567 2089 41 25 the
1622 2089 97 30 mining
1734 2089 78 30 reuulu-

1702 2112 15 11 n
1760 2111 14 12 r?

1281 2126 69 24 tions.

1434 2162 132 26 HENRY
1585 2163 210 26 YOUNGMAN

1348 2200 49 36 (By
1412 2199 36 28 his
1463 2204 16 23 A
1488 2208 68 28 gent,
1569 2200 76 28 John
1662 2201 76 28 Nash
1752 2202 9 35 )

1262 2244 3 35 I
1314 2249 43 26 No.
1371 2250 45 24 jnH
1440 2250 56 25 date
1510 2249 27 26 of
1547 2250 97 25 miner's
1658 2250 167 29 right3o3s

1404 2288 11 3 -

1261 2279 3 43 !
1311 2286 72 36 /
1385 2288 13 13 n
1404 2288 19 24 7.

1261 2322 2 10 j

1314 2367 28 26 N:
1355 2377 37 15 rue
1406 2366 46 26 and
1468 2363 98 27 address
1577 2362 24 27 in
1614 2362 42 27 full
1669 2363 27 26 of
1703 2363 122 36 applicant

1260 2398 134 34 Ilimn
1417 2404 25 26 V'
1456 2411 117 26 iiiigmac,
1589 2401 125 27 Dunedin.

1311 2446 37 21 Km
1360 2449 17 18 le
1394 2447 77 21 um'er
1485 2441 79 25 which
1578 2441 19 24 it
1618 2440 21 25 is
1664 2439 116 26 intended
1803 2446 22 20 to

1259 2477 2 29 I
1275 2487 106 19 coiM'urt
1411 2482 40 23 the
1477 2478 112 25 business
1647 2477 88 26 Teviot
1760 2477 64 27 Gold

1276 2515 131 32 Dr<'dirinr
1421 2519 35 24 Co

1309 2556 110 26 Locality
1435 2555 79 25 where
1528 2555 41 25 the
1591 2553 57 26 land
1672 2553 95 35 applied
1788 2554 35 26 for

1257 2590 1 37 !
1274 2594 19 24 is
1312 2594 105 26 situated
1422 2592 64 26 In
1511 2590 91 27 Clutha
1625 2593 71 29 river,
1712 2592 110 35 opposite

1256 2629 2 36 !
1272 2632 75 26 Town
1363 2634 23 22 of
1402 2629 141 36 Roxburgh,
1565 2630 74 33 being
1658 2629 99 27 Section
1780 2629 40 34 20,

1255 2669 1 36 j
1274 2670 76 26 Block
1367 2671 9 24 I
1390 2691 5 11 ,
1406 2670 88 26 Teviot
1507 2669 106 25 district.

1305 2708 94 26 Extent
1409 2709 27 24 of
1444 2707 55 26 land
1512 2706 94 35 applied
1622 2705 101 26 for4l
1736 2714 67 17 acres

1305 2750 110 22 Amount
1427 2747 22 24 of
1463 2745 87 33 capital
1567 2743 117 34 proposed
1699 2750 25 20 to
1740 2744 28 25 be
1782 2745 22 25 in-

1268 2785 115 25 vested
1390 2783 105 30 4.000.

1302 2822 125 35 Proposed
1442 2820 68 27 mode
1525 2819 27 27 of
1562 2820 115 35 working
1700 2820 40 26 the
1759 2818 57 28 land

1303 2860 136 31 Dredging.

1369 2883 13 11 n
1415 2883 14 10 H

1300 2899 73 26 Term
1401 2899 36 25 for
1461 2897 79 26 which
1561 2896 90 27 license
1676 2906 26 16 or
1726 2899 89 32 special

1265 2935 71 26 claim
1349 2942 74 27 grant
1437 2936 19 25 is
1470 2935 111 35 required
1586 2935 61 24 21
1670 2944 70 25 years

1300 2974 104 26 General
1418 2973 121 26 Remarks
1542 2971 101 34 Pegs
1654 2971 100 27 marked
1775 2972 21 25 P

1773 3010 26 24 X

1268 3048 164 33 Preliminary
1448 3046 104 35 hearing
1566 3046 71 25 asked
1653 3048 42 24 for.

1302 3084 78 28 Dated
1408 3092 24 20 at
1458 3084 78 35 Clyde
1563 3084 47 27 this
1636 3084 60 27 30th
1723 3083 46 36 day
1794 3084 28 25 of

1263 3123 70 35 July,
1348 3124 72 25 1807.

1298 3198 53 27 The
1365 3199 76 27 above
1455 3198 149 37 application
1618 3198 45 27 arid
1677 3207 47 23 any
1740 3196 20 28 o'
1768 3197 36 35 jec-

1266 3238 63 26 tions
1345 3238 47 26 will
1416 3238 28 26 be
1470 3237 75 27 heard
1571 3244 25 20 at
1621 3238 41 25 the
1684 3236 132 26 Warden's

1265 3276 78 26 Office
1357 3283 25 19 at
1393 3276 149 35 Roxburgh,
1555 3285 30 16 on
1599 3274 50 26 2nd
1664 3273 151 37 September,

1265 3314 73 32 1807,
1354 3319 24 21 at
1393 3314 28 26 11
1437 3323 13 16 a
1462 3323 30 17 m.

1298 3353 57 33 Any
1371 3361 87 26 person
1478 3351 111 33 desiring
1602 3356 25 19 to
1641 3349 80 35 object
1734 3356 25 18 to
1774 3352 41 23 the

1263 3397 120 28 granting
1397 3390 24 25 of
1434 3399 14 16 a
1462 3387 88 37 special
1564 3388 71 27 claim
1660 3387 96 37 applied
1779 3389 36 24 for

1263 3433 73 27 must,
1361 3429 66 35 prior
1451 3433 24 20 to
1502 3427 41 26 the
1568 3426 111 33 hearing,
1693 3435 29 17 en
1729 3432 35 19 'er
1776 3425 38 27 his

1263 3466 136 36 objections
1424 3471 25 21 at
1475 3465 40 26 the
1542 3464 129 26 Warden's
1696 3464 74 26 Office
1790 3469 25 21 at

1264 3502 145 36 Roxburgh.

1317 3550 212 29 FREDERICK
1541 3549 171 31 JEFFERY,

1595 3588 48 25 Pro
1662 3587 120 27 Warden.

1297 3635 122 27 Received
1434 3641 25 21 at
1474 3634 132 26 Warden's
1618 3633 74 26 Office
1703 3638 25 21 at
1740 3633 76 35 Clyde

1261 3682 30 16 on
1307 3673 61 26 30th
1382 3672 70 33 July,
1468 3672 77 30 1807,
1561 3678 23 18 at
1599 3671 59 25 3.32
1672 3679 14 25 p
1698 3679 31 17 m.

1263 3740 142 31 NOTICE
1438 3740 47 30 OF
1519 3739 214 30 INTENTION
1771 3739 47 29 TO

1338 3782 70 28 CON-
1417 3780 148 29 STRUCT
1598 3779 51 29 EX
1676 3779 142 29 ENSION

1337 3821 47 31 OF
1403 3820 266 31 WATER-RACE.

1432 3894 104 27 District
1550 3903 5 15 :
1575 3895 81 31 Otago
1672 3894 108 31 Mining.

1479 3932 63 27 Date
1556 3942 5 16 :
1582 3932 59 26 27th
1658 3931 68 36 July,
1743 3932 74 27 1897.

1297 3980 36 26 To
1347 3980 41 25 the
1402 3979 109 26 Warden
1527 3985 24 19 at
1567 3978 146 34 Roxburgh.

1263 4031 24 53 I
1305 4027 148 28 HEREBY
1470 4028 56 32 give
1542 4026 79 26 rio'ice
1636 4027 52 25 that
1707 4026 7 26 [
1731 4027 84 26 intend

1326 4074 24 18 to
1376 4071 128 21 construct
1532 4074 29 16 an
1589 4064 137 27 Extension
1752 4065 29 25 of
1806 4076 11 14 a

1247 4102 2 35 !
1265 4106 155 24 Water-race
1435 4111 25 17 to
1479 4111 94 26 convey
1599 4102 47 25 and
1673 4111 43 17 use
1742 4109 76 19 water

1247 4141 2 34 I
1263 4144 35 24 for
1326 4142 97 32 mining
1437 4149 124 26 purposes,
1577 4141 176 33 commencing
1764 4147 25 19 at
1804 4150 12 16 a

1247 4177 1 37 j
1263 4182 68 32 point
1346 4189 29 16 on
1401 4188 40 15 mv
1467 4187 53 16 race
1545 4178 61 24 from
1631 4177 86 26 Teviot
1743 4179 72 33 river,

1247 4215 1 34 j
1263 4219 90 24 known
1369 4226 25 15 as
1545 4215 45 25 N<>.
1608 4216 11 24 1
1635 4224 53 17 race
1703 4216 113 32 (License

1247 4252 1 35 !
1264 4257 25 25 L.
1299 4255 37 28 K..
1348 4255 40 25 No
1408 4252 231 35 050730/1/07),
1647 4259 23 19 at
1683 4253 40 26 the
1732 4254 84 26 saddle

1247 4290 1 35 |
1263 4302 58 18 near
1336 4292 40 27 the
1393 4290 119 28 Hercules
1536 4290 63 32 Flat,
1615 4291 47 26 and
1686 4291 74 27 about
1787 4291 26 30 H

1247 4329 1 36 j
1263 4332 68 25 miles
1355 4332 61 24 from
1443 4329 60 25 head
1532 4329 27 25 of
1575 4330 51 24 said
1651 4339 61 21 race,
1729 4330 87 26 thence

1247 4365 1 39 |
1263 4368 110 32 running
1384 4368 24 24 in
1421 4376 12 15 a
1445 4365 125 31 southerly
1579 4365 119 26 direction
1709 4367 71 25 throu
1801 4367 13 25 h

1247 4399 1 40 I
1262 4405 71 27 small
1359 4403 96 36 por:ion
1482 4403 23 25 of
1531 4403 40 26 W.
1593 4403 29 26 T.
1637 4403 178 33 Scrimgeour's

1247 4436 1 41 !
1263 4442 115 32 freehold,
1395 4441 109 34 through
1520 4441 54 25 Mrs
1592 4440 106 28 Heron's
1713 4444 103 33 grazing

1247 4479 1 33 I
1262 4491 54 21 run,
1338 4480 108 32 through
1473 4479 144 25 Alexander
1643 4480 172 26 Macdonald's

1247 4516 1 37 !
1261 4518 119 30 freehold,
1396 4518 87 24 thence
1498 4516 108 33 through
1632 4518 70 24 other
1716 4518 97 35 portion

1247 4554 1 36 j
1261 4557 27 25 of
1306 4556 39 25 W.
1372 4555 27 26 T.
1423 4555 179 31 Scrimgeour's
1628 4555 117 33 freehold,
1766 4556 46 25 and

1247 4592 1 37 j
1262 4595 163 32 terminating
1449 4600 24 18 at
1500 4592 157 27 Anderson's
1684 4593 71 31 Flat;
1783 4593 24 26 1-J-

1247 4627 1 41 ---,
1262 4631 69 26 miles
1342 4637 23 20 at
1378 4629 127 28 lowerend
1513 4630 74 34 being
1597 4629 92 26 carried
1705 4631 23 24 in
1737 4631 74 35 pines,
1824 4627 1 41 j

1295 4670 53 26 'lhe
1362 4669 86 35 length
1463 4669 26 26 of
1500 4668 59 27 such
1583 4678 54 16 race
1660 4669 20 25 is
1698 4668 31 35 (if
1745 4669 68 26 miles
1824 4668 1 36 I

1247 4697 1 42 |
1261 4716 26 16 or
1302 4707 163 28 thereabouts,
1481 4706 47 26 and
1543 4707 32 23 its
1594 4706 117 24 intended
1726 4715 85 16 course
1824 4697 1 42 j

1247 4746 34 27 iis
1295 4744 135 35 southerly.
1468 4742 149 28 Bv-washes
1641 4742 118 26 intended
1785 4749 25 19 to

1247 4778 13 29 !
1260 4778 28 29 be
1319 4782 71 25 made
1419 4787 23 20 at
1477 4780 146 26 Thomson's
1656 4781 75 32 Gully
1763 4780 47 33 (0),

1260 4819 132 26 Williams'
1408 4817 85 32 Gullv,
1505 4816 153 27 Cockburn's
1670 4816 76 27 Gullv
1761 4816 49 33 (3),

1260 4856 70 27 Rae's
1345 4855 77 35 Gully
1436 4855 47 34 (2),
1498 4854 47 26 and
1563 4853 85 35 Rocky
1672 4853 76 35 Gully
1764 4854 45 33 (2).
1824 4844 1 46 I

1293 4895 51 25 The
1359 4902 70 16 mean
1444 4891 73 35 depth
1533 4892 27 24 of
1578 4890 59 26 such
1665 4901 53 15 race
1741 4892 20 25 is
1775 4893 35 24 2ft
1824 4884 1 42 |

1258 4932 42 26 Oin
1314 4930 48 26 and
1380 4931 38 24 the
1442 4939 68 15 mean
1535 4927 101 27 bret.drh
1660 4928 20 24 is
1701 4929 36 24 sft
1759 4930 51 30 Girt,
1824 4927 1 41 j

1257 4969 46 26 and
1319 4970 19 23 it
1357 4969 19 24 is
1391 4967 119 35 proposed
1523 4974 23 17 to
1560 4974 69 26 carry
1651 4965 33 25 <()
1698 4965 110 27 Govern-
1823 4965 2 38 j

1258 5013 66 19 merit
1340 5005 75 26 heads
1429 5005 23 24 of
1468 5010 81 19 water.

1291 5045 59 23 Cost
1370 5042 27 25 of
1413 5042 179 24 construction.
1596 5040 142 28 I'S.OOO.

1289 5080 69 26 Time
1389 5078 114 37 required
1535 5079 36 24 for
1605 5078 204 25 construction

1255 5119 59 27 Two
1327 5127 78 26 years.

1291 5155 110 26 Number
1415 5153 47 26 and
1476 5153 57 25 date
1547 5153 26 25 cf
1584 5153 99 26 miner's
1696 5153 110 35 right.

1255 5193 84 33 3808;
1361 5191 113 36 15/1/97.

1461 5228 94 26 JOHN
1577 5228 126 27 FAYING

1270 5270 51 33 (By
1336 5268 37 26 his
1387 5266 124 33 Solicitor,
1535 5266 84 26 Robt.
1646 5266 158 35 Gilkison),
1820 5266 2 37 j

1628 5304 142 35 Applicant.
1820 5304 2 46 j

1286 5378 59 32 Any
1359 5384 86 26 person
1460 5374 127 36 objecting
1599 5380 23 18 to
1632 5373 41 25 the
1684 5374 121 34 granting
1820 5372 2 38 i

1253 5414 28 27 of
1290 5416 48 24 this
1352 5412 148 37 application
1515 5418 65 19 must
1591 5410 72 35 lodge
1676 5410 36 26 his
1723 5411 67 34 objec-

1253 5454 50 26 tion
1317 5454 24 25 in
1357 5452 101 32 writing
1472 5457 24 20 at
1520 5451 39 26 the
1583 5448 132 27 Warden's
1729 5450 76 26 Office

1252 5496 25 22 at
1293 5490 136 35 Roxburgh
1444 5489 85 25 within
1545 5489 110 24 fourteen
1670 5487 63 26 clear
1743 5488 61 34 days

1251 5529 61 26 from
1329 5529 40 26 the
1383 5529 55 24 date
1453 5525 88 26 hereof.

1288 5567 114 33 Hearing
1421 5571 24 20 at
1470 5565 28 25 11
1525 5563 92 27 o'clock
1640 5572 31 17 on
1692 5564 41 26 the
1753 5562 51 28 2nd

1251 5604 151 37 September,
1422 5602 74 31 1807,
1511 5607 25 20 at
1552 5601 144 34 Roxburgh.

1307 5650 222 32 FREDERICK

1405 5708 7 12 <
1586 5690 49 26 Pro
1651 5691 115 25 Warden.

1283 5741 132 29 Warden's
1434 5739 84 34 Office,
1542 5739 86 37 Clyde,
1651 5738 60 29 27th
1731 5738 71 38 July,

1249 5781 75 27 1897.

2030 323 222 36 ROXBURGH;

1894 392 59 29 Has
1967 404 61 19 now
2042 395 113 40 Opened
2171 394 43 28 his
2227 393 90 37 Large
2331 390 56 29 and

1976 446 102 32 Varied
2092 447 176 31 Assortment
2278 444 29 29 of

1998 705 60 38 (per
2082 704 62 30 S.S.
2172 701 119 39 Gothic.)

1897 803 225 32 BLANKETS!
2162 802 225 31 BLANKETS!

1901 855 206 32 Whitefrom
2122 858 32 28 9s
2170 858 27 27 11
2206 856 16 28 d
2237 867 50 27 per
2300 856 59 37 pair

1903 895 245 31 Colouredfrom
2164 898 30 27 9s
2214 896 53 28 lid
2281 906 48 28 per
2342 895 60 39 pair

1984 988 100 31 RUGS
2098 989 6 29 !
2181 987 124 31 RUGS!
2352 980 9 18 N

1940 1039 160 45 Striped^
2114 1042 71 27 from
2221 1041 32 27 4s
2281 1041 61 27 lid.

1988 1129 112 31 WOOL
2133 1127 172 32 SHAWLS.

1955 1182 26 29 A
2013 1183 97 38 JLarge
2145 1183 185 28 Assortment.

1911 1274 237 40 WINTER
2200 1274 172 41 DRESS

2035 1338 233 40 STUFFS,

2126 1395 28 19 IN

1931 1435 154 37 SERGES,
2113 1437 242 37 CORDUROYS,

2013 1488 169 36 TWEEDS,
2209 1489 59 35 &c.,

1921 1540 81 29 From
2020 1542 47 29 10s
2082 1542 34 29 Gd
2130 1543 46 28 the
2191 1542 61 29 Full
2267 1543 93 30 Dress.

1953 1620 133 39 Splendid
2112 1626 167 25 assortment
2303 1623 29 28 of

1997 1676 90 29 NEW
2112 1676 169 31 JACKETS

2035 1724 70 28 from
2138 1725 43 27 103
2207 1724 45 28 Gd.

1847 1820 2 55 i
1914 1820 78 42 New
2035 1822 173 51 Millinery,
2243 1823 133 52 Gloves,

2018 1880 156 51 Ribbons,
2215 1882 62 41 &c.

1965 1974 102 30 LONG
2105 1977 78 29 FUR
2221 1977 98 29 BOAS

2042 2017 70 28 from
2138 2019 31 28 4s
2197 2018 44 28 Gd.

1956 2098 25 28 A
2004 2097 75 40 large
2105 2103 166 25 assortment
2292 2100 29 28 of

1898 2156 154 29 MEN'S
2107 2157 160 30 CLOTH
2279 2159 52 28 IN
2344 2158 32 30 G.

2004 2239 92 28 Latest
2124 2241 92 32 Styles
2240 2241 28 27 in

1936 2284 110 37 HATS,
2077 2286 183 37 SCARVES,
2288 2288 49 31 &c.

1893 2373 118 30 MEN'S
2032 2373 137 30 TWEED
2193 2375 111 31 SUITS
2325 2378 47 27 TO

1858 2429 80 34 65s
2067 2430 128 28 ORDER
2331 2434 78 35 65s

1903 2514 117 30 MENS'
2049 2525 54 20 and
2129 2516 98 30 BOYS
2265 2518 95 30 CAPS

1852 2564 28 27 in
1905 2565 110 28 endless
2035 2566 214 37 varietyfrom
2275 2568 36 27 Gd
2333 2569 74 27 each.

1900 2645 23 29 A
1938 2645 77 37 large
2030 2648 51 28 and
2097 2648 123 28 assorted
2235 2649 79 27 stock
2329 2650 28 28 of

1950 2686 119 30 BOOTS
2096 2697 54 19 AND

1915 2743 14 11 *

1859 2785 84 56 W.
1966 2788 58 55 T.
2048 2788 354 70 TALBOYS,

1986 2879 23 30 R
2021 2879 25 31 0
2056 2881 25 29 X
2090 2882 23 28 B
2127 2881 24 30 U
2164 2882 21 28 U
2198 2882 22 29 G
2234 2882 35 30 IT.

1993 2952 28 29 N
2043 2954 22 26 (J
2084 2954 21 25 T
2126 2952 12 28 I
2162 2953 21 28 t)
2203 2954 44 28 JS.

1849 3043 10 18 I
1877 3043 18 21 .|
1901 3043 21 10 iV
1942 3043 46 10 1,11,1
2013 3043 20 10 HI
2039 3043 38 12 VJ*
2094 3043 73 11 illVm
2178 3043 19 10 IV
2204 3043 16 10 .Ik
2231 3043 11 12 J|
2277 3043 4 21 I
2287 3043 29 21 U'
2344 3043 11 12 a?
2364 3043 32 12 Jll

1934 3055 157 42 AUGUST?
2103 3075 42 22 we,
2161 3066 39 26 the
2221 3064 176 36 undersijjriprl,

1847 3112 73 20 ajrrpp
1941 3110 25 18 to
1988 3104 89 26 rlnlivf-r
2104 3104 78 25 Bre:id
2206 3106 24 24 in
2261 3105 135 31 Knxhiirjrh

1847 3140 47 25 arid
1910 3140 175 33 Surrounding
2111 3141 113 25 restricts
2298 3142 31 25 Gd
2356 3151 41 26 per

1846 3177 22 26 41
1874 3177 13 26 b
1901 3177 49 26 loaf
1961 3180 35 24 for
2011 3182 5 19 <
2025 3180 48 24 'a?hi
2087 3189 5 21 ;
2113 3179 112 31 Booked,
2240 3179 38 26 7d.

1924 3228 31 26 R.
1967 3229 26 26 T.
2009 3228 179 28 KFNASTO.N
2202 3229 46 33 }..
2287 3228 4 34 ,
2352 3248 7 8 ,

1922 3266 41 27 W.
1985 3266 148 26 MERCER
2202 3262 12 38 j
2232 3248 146 36 Roxburgh.

1922 3302 31 27 IN.
1974 3303 200 30 CAMPBELL,
2197 3304 103 26 Ettrick.

2437 5242 33 20 Mr
2489 5242 77 20 Barton
2581 5243 34 19 has
2629 5242 48 20 been
2688 5242 109 25 appointed
2814 5242 70 20 viluer
2895 5250 27 13 nn
2930 5243 31 20 1-r

2413 5269 35 20 the
2463 5269 139 21 Government
2612 5269 110 20 Valuation
2737 5269 22 20 of
2772 5269 57 21 hand
2847 5272 44 24 Act,
2904 5271 56 26 13J3,

2413 5297 31 20 for
2453 5296 36 21 the
2495 5297 95 26 Borough
2600 5297 21 21 of
2629 5296 108 26 Rox^ugh.

2437 5330 33 19 Mr
2485 5330 82 21 Seddon
2585 5330 40 21 and
2641 5334 60 22 party
2719 5329 38 21 left
2778 5330 78 26 Naples
2879 5331 27 26 by
2929 5333 35 19 the

2411 5356 68 25 Oroya
2492 5360 22 16 at
2521 5358 101 24 midnight
2632 5364 26 13 on
2668 5358 108 24 Saturday,
2789 5358 40 19 and
2846 5362 83 22 expects
2944 5364 20 16 to

2411 5383 59 20 reach
2481 5384 118 20 Melbourne
2609 5391 25 13 on
2644 5383 120 26 September
2778 5384 18 19 6.

2436 5416 29 19 As
2473 5417 95 21 recorded
2578 5417 26 27 by
2620 5417 29 21 Dr
2658 5416 76 22 Mullin
2745 5417 35 20 the
2787 5417 82 22 rainfall
2878 5419 33 21 for
2929 5420 33 20 the

2410 5443 72 21 month
2492 5445 22 20 of
2522 5445 51 25 July
2590 5445 110 27 registered
2715 5445 45 21 I*l2
2779 5445 77 23 inches.
2884 5448 77 23 Duiiii,'

2411 5473 35 18 the
2456 5473 72 21 month
2536 5474 44 20 rain
2590 5474 36 20 fell
2635 5481 27 13 on
2670 5480 61 14 seven
2741 5473 50 26 (lays
2806 5475 40 21 and
2864 5483 55 13 sno.v
2935 5485 24 12 ol

2410 5498 65 22 three.

2484 5533 66 22 would
2565 5534 58 27 again
2641 5534 78 21 remind
2733 5541 37 14 our
2786 5536 81 21 readers
2886 5536 21 22 of
2926 5537 35 21 the

2410 5558 112 27 important
2531 5562 40 21 sale
2580 5563 22 20 of
2611 5562 42 21 coal
2672 5563 77 25 mining
2767 5566 105 25 property,
2893 5565 66 26 plai.t,

2409 5590 47 20 etc.,
2468 5588 65 21 which
2543 5590 58 20 takes
2616 5590 56 26 place
2681 5592 21 18 at
2716 5590 36 20 the
2762 5591 63 26 Gully
2835 5592 81 25 Coalpit
2929 5598 19 14 to-

2409 5613 44 26 day,
2465 5616 68 20 atone
2547 5623 59 20 p.m.,
2625 5617 74 21 Messrs
2716 5617 58 22 Todd
2789 5619 56 21 Bros,
2865 5620 40 21 and
2923 5620 35 22 Co.

2409 5640 59 28 being
2478 5642 35 21 the
2522 5645 133 21 auctioneers.

2435 5674 20 21 It
2463 5675 42 21 will
2515 5676 25 20 be
2554 5678 62 20 noted
2625 5678 26 26 by
2665 5678 159 23 advertisement
2842 5680 20 21 in
2872 5681 87 20 another

2409 5701 79 21 column
2507 5703 45 20 that
2562 5704 35 20 the
2611 5705 51 20 local
2677 5706 41 20 and
2734 5707 36 20 the
2787 5708 80 19 Ettrick

2410 5727 51 20 have
2467 5728 87 22 lowered
2561 5730 34 21 the
2602 5732 55 25 price
2665 5732 20 20 of
2694 5732 61 22 bread
2764 5733 73 27 which,
2848 5734 66 21 under
2921 5735 35 20 the

2410 5761 44 13 new
2468 5760 148 24 arrangement,
2632 5759 42 20 will
2689 5760 24 19 be
2735 5761 43 20 sold
2793 5763 22 18 at
2830 5762 27 21 tkl
2872 5762 37 20 the
2924 5763 33 20 4:b

2409 5781 39 21 loai
2459 5782 32 21 for
2496 5784 47 20 cash
2552 5785 41 21 and
2611 5786 40 21 and
2663 5786 25 22 7d
2698 5786 16 21 if
2722 5788 86 20 booked.
