4120 5920
98 5155 245 30 CALENDAR
360 5156 90 29 FOR
468 5156 91 29 THE
585 5156 143 29 WEEK.

346 5238 132 18 OCTOBER.

786 1022 247 80 Lyell
1082 1022 297 80 Times.

812 1194 207 33 SATURDAY,
1033 1195 171 28 OCTOBER
1225 1197 41 30 23,
1285 1194 94 33 1886.

801 1290 57 27 Tire
891 1293 108 25 returns
1020 1291 68 27 from
1112 1290 45 28 the
1180 1290 99 29 United
1303 1291 96 37 Alpine

766 1328 106 35 battery
880 1329 41 27 for
935 1329 45 27 the
993 1333 60 31 past
1066 1329 74 27 week
1155 1339 68 17 were
1236 1330 50 26 291
1297 1338 100 19 ounces

766 1367 69 26 from
851 1368 48 25 188
914 1370 60 23 tons
988 1367 29 27 of
1027 1371 78 23 stone
1117 1367 112 27 treated.
1275 1367 88 27 There
1378 1368 21 25 is

767 1414 34 18 no
814 1404 104 37 change
931 1405 28 27 in
973 1404 45 28 the
1032 1405 57 28 reef
1109 1404 65 28 with
1195 1404 45 29 the
1258 1406 140 35 exception

766 1443 29 26 of
817 1443 43 26 the
880 1447 100 25 centre,
1005 1443 90 26 where
1122 1443 47 26 the
1194 1443 48 26 flat
1266 1444 58 26 reef
1343 1453 55 17 was

766 1480 120 35 running
909 1479 27 28 in
958 1479 46 29 the
1025 1479 129 35 footwall,
1177 1481 53 27 and
1250 1480 24 29 is
1294 1481 106 36 cutting

766 1525 55 22 out.
870 1519 57 27 The
953 1528 131 26 manager
1108 1519 159 36 anticipates
1295 1521 104 33 getting

766 1558 56 27 into
853 1556 46 29 the
926 1557 91 35 newly
1040 1557 155 28 discovered
1221 1557 58 28 reef
1303 1557 94 37 to-day

766 1596 64 28 with
853 1595 46 28 the
913 1595 190 29 intermediate
1129 1596 77 28 level.
1255 1596 57 29 The
1334 1606 46 18 con-

766 1639 113 21 tractors
891 1634 42 26 for
949 1634 50 26 No.
1013 1634 15 27 7
1049 1634 70 26 level
1141 1643 45 18 are
1199 1643 62 18 now
1283 1634 114 34 making

766 1672 85 28 better
876 1672 140 35 headway,
1036 1681 29 18 as
1087 1672 46 27 the
1155 1672 106 35 driving
1283 1672 50 28 has
1354 1672 28 28 be-

765 1720 76 18 come
858 1710 83 27 much
953 1710 94 28 easier.
1085 1710 26 27 It
1124 1711 23 26 is
1158 1714 27 24 to
1197 1710 31 28 be
1237 1711 87 36 hoped
1337 1710 59 28 that

765 1756 20 21 it
799 1749 54 27 will
867 1749 129 27 continue
1018 1758 37 22 so,
1070 1757 28 18 as
1112 1748 45 27 the
1174 1748 150 36 beginning
1337 1758 44 26 por-

766 1787 54 29 tion
841 1787 30 28 of
897 1787 46 28 the
969 1791 120 24 contract
1114 1796 56 19 was
1192 1787 135 36 anything
1350 1787 46 28 but

766 1825 121 36 payable.

799 1872 57 28 The
880 1875 154 25 contractor
1058 1871 41 28 for
1121 1871 107 36 driving
1251 1871 96 29 tunnel
1366 1872 29 28 in

765 1911 45 28 the
837 1911 77 36 Lyell
939 1911 86 27 Creek
1053 1910 143 28 Extended
1224 1911 63 27 Low
1312 1911 82 27 Level

766 1951 102 30 tunnel,
884 1950 54 35 (Mr
951 1949 29 28 P.
995 1949 89 34 Hunt)
1109 1950 50 27 has
1171 1948 96 28 driven
1287 1950 35 26 60
1343 1949 53 28 feet

766 1987 38 28 for
816 1992 61 32 past
891 1987 97 27 month
1006 1987 54 27 and
1081 1989 104 34 reports
1199 1986 61 28 that
1279 1986 46 27 the
1339 1987 56 26 face

765 2027 48 28 has
826 2025 116 39 enlirely
955 2025 122 36 changed
1092 2036 69 24 now,
1176 2025 31 30 be
1220 2035 36 25 ng
1270 2035 15 19 a
1302 2029 93 33 strong

764 2075 69 26 open
850 2067 84 33 slatey
947 2071 113 30 country
1074 2066 54 27 and
1141 2067 195 34 consequently
1348 2065 46 27 the

764 2103 108 37 driving
885 2104 23 28 is
921 2113 61 20 now
995 2104 92 28 easier.
1136 2104 67 28 Last
1223 2102 172 37 Wednesday

764 2143 45 27 the
833 2143 55 27 face
909 2152 76 18 came
1000 2144 26 25 in
1051 2142 94 33 better,
1156 2142 53 28 and
1234 2151 61 18 now
1318 2142 76 27 bears

764 2189 80 29 every
858 2189 167 30 appearance
1039 2180 29 29 of
1087 2180 120 36 meeting
1227 2180 66 28 with
1311 2188 16 20 a
1340 2180 54 28 reel

764 2231 51 25 any
846 2220 74 30 shift.
978 2220 56 29 The
1063 2221 96 28 tunnel
1183 2220 23 28 is
1232 2225 28 23 at
1286 2222 108 34 present

764 2260 66 24 1700
850 2259 62 29 feet,
933 2259 54 24 and
1013 2259 132 31 although
1170 2259 46 24 the
1244 2259 150 31 engineer's

762 2295 124 28 estimate
902 2294 89 38 places
1002 2293 45 29 the
1058 2293 98 39 Alpine
1171 2293 68 30 Reef
1249 2304 16 18 a
1274 2293 120 30 distance

762 2335 30 27 of
809 2336 51 27 500
872 2335 54 27 feet
940 2334 113 32 further,
1067 2335 76 28 there
1166 2344 44 18 are
1233 2344 74 18 some
1330 2335 63 27 here

763 2373 59 27 who
844 2373 69 35 fully
935 2380 95 28 expect
1051 2377 28 23 to
1099 2376 73 24 meet
1194 2372 45 29 the
1262 2373 131 33 underlay

761 2414 27 24 at
801 2420 15 19 a
830 2410 104 29 shorter
947 2411 130 33 distance,
1091 2411 54 27 and
1159 2410 46 29 the
1219 2415 107 32 present
1347 2420 30 27 ap-

761 2459 130 27 pearance
906 2448 29 30 of
947 2448 45 30 the
1004 2450 106 36 ground
1125 2459 60 19 now
1202 2449 79 38 being
1299 2450 93 28 driven

763 2489 132 35 certainly
908 2492 110 25 favours
1032 2489 59 28 that
1104 2490 168 27 contention.

794 2535 57 26 The
865 2534 134 27 attention
1013 2535 29 26 of
1051 2543 49 18 our
1110 2539 164 31 up-country
1286 2535 108 27 readers

759 2573 21 28 is
795 2572 118 30 directed
927 2578 27 24 to
969 2572 47 29 the
1030 2577 63 24 next
1106 2572 94 38 sitting
1212 2573 30 29 of
1251 2573 45 30 the
1319 2573 59 29 Resi-

760 2613 63 28 dent
850 2612 183 36 Magistrate's
1046 2613 54 28 and
1121 2613 143 29 Warden's
1286 2614 107 33 Courts,

759 2650 87 28 which
868 2651 54 27 will
945 2651 61 28 take
1029 2652 74 35 place
1126 2655 27 24 at
1180 2652 158 28 Murchison
1359 2662 33 18 on

759 2688 133 37 Tuesday,
906 2689 46 29 the
966 2689 53 28 2nd
1036 2690 160 28 November.

792 2742 24 28 A
830 2742 100 35 Sitting
943 2742 29 28 of
982 2742 46 28 the
1042 2741 148 36 Licensing
1202 2742 83 28 Court
1296 2742 40 28 for
1348 2742 45 30 the

760 2781 106 36 Special
880 2781 146 36 Licensing
1039 2781 112 29 District
1164 2782 29 28 of
1204 2783 82 27 Owen
1298 2782 54 28 will
1364 2783 30 29 be

760 2819 63 26 held
847 2823 27 22 at
897 2819 169 32 Murchison,
1091 2820 90 26 before
1205 2820 91 26 Frank
1317 2820 77 32 Bird,

760 2855 77 37 Esq.,
856 2855 144 36 Licensing
1019 2856 221 34 Commissioner,
1260 2866 35 18 on
1312 2857 65 28 Tues-

760 2894 62 36 day,
837 2894 54 28 2nd
914 2894 163 34 November,
1103 2899 28 25 at
1156 2895 44 29 the
1223 2896 68 28 hour
1315 2895 30 29 of
1364 2897 31 27 12

760 2933 101 28 o'clock
880 2942 81 19 noon.

796 2980 119 28 Services
928 2980 55 28 will
995 2984 28 24 be
1035 2980 73 36 held,
1118 2980 36 38 by
1164 2982 45 28 the
1221 2982 67 33 Rey.
1300 2984 94 28 Innes-

760 3020 93 35 Jone3,
867 3021 28 28 in
910 3021 31 29 St
955 3020 155 32 Matthew's
1132 3022 110 30 Church
1253 3028 64 26 next
1338 3024 42 28 Fri-

760 3061 54 34 day
839 3061 116 34 evening
975 3061 53 27 a.id
1053 3061 45 28 the
1122 3062 139 37 following
1284 3064 112 35 Sunday

761 3098 128 34 morning
900 3103 28 22 at
941 3099 45 26 the
1001 3099 76 26 usual
1091 3099 92 28 hours.

795 3145 89 28 While
898 3156 35 18 on
947 3156 15 18 a
985 3145 63 29 visit
1071 3151 27 24 to
1119 3147 45 29 the
1188 3147 94 38 Upper
1305 3148 92 29 Bnller

762 3184 98 37 during
875 3184 45 29 the
946 3185 74 37 early
1041 3190 60 32 part
1122 3187 25 26 of
1173 3186 55 29 this
1250 3187 74 30 week
1348 3198 49 19 our

761 3229 121 31 reporter
891 3233 55 18 was
959 3224 79 27 made
1052 3224 46 28 the
1112 3226 128 35 recipient
1254 3227 29 28 of
1291 3228 106 27 various

762 3271 124 18 rumours
900 3262 165 36 concerning
1078 3263 44 27 the
1137 3269 91 22 recent
1242 3265 137 35 disappear-

762 3310 66 18 ance
842 3300 30 28 of
882 3300 45 28 the
940 3309 64 19 man
1016 3300 143 35 Srnithers,
1173 3302 27 28 in
1211 3312 185 28 consequence

761 3338 31 29 of
820 3339 89 27 which
940 3348 40 18 we
1012 3339 53 28 had
1096 3349 35 19 an
1165 3340 142 30 interview
1332 3342 65 28 with

762 3378 142 35 Inspector
915 3378 164 28 Emmerson
1090 3388 34 18 on
1134 3380 125 35 Tuesday
1271 3382 125 33 evening,

761 3416 55 26 and
828 3415 32 27 he
874 3415 95 35 kindly
992 3416 94 34 placed
1102 3425 30 16 us
1146 3417 26 26 in
1196 3420 152 32 possession
1371 3420 26 26 of

762 3453 45 29 the
821 3452 160 39 particulars
994 3453 128 35 gathered
1133 3453 36 39 by
1182 3455 196 31 Mounted-Con-

761 3493 85 29 stable
857 3493 121 28 Bowden
985 3493 81 27 while
1073 3495 121 35 recently
1205 3497 192 35 investigating

762 3532 45 27 the
821 3536 109 23 matter.
967 3531 58 27 The
1038 3536 91 31 report
1141 3533 149 28 submitted
1305 3534 34 36 by
1352 3535 45 28 the

762 3570 144 28 Constable
920 3574 27 24 to
960 3569 43 28 his
1023 3569 139 37 Inspector
1174 3572 31 33 is,
1220 3581 28 18 as
1261 3573 41 27 far
1315 3582 28 19 as
1357 3573 26 28 in-

763 3607 147 30 formation
924 3617 50 19 can
988 3613 28 23 at
1030 3613 106 32 present
1159 3610 30 27 be
1211 3610 136 35 obtained,
1371 3614 26 27 of

762 3647 45 28 the
830 3652 73 23 most
927 3647 158 27 exhaustive
1108 3647 148 34 character,
1272 3650 54 28 and
1348 3650 49 29 has

761 3686 80 35 given
866 3686 60 27 that
948 3685 91 28 oaicer
1059 3695 82 26 every
1159 3687 166 30 satisfaction
1338 3689 59 30 that

762 3725 45 26 the
832 3728 99 23 matter
951 3732 36 26 up
1009 3727 28 23 to
1060 3723 45 28 the
1127 3729 109 30 present
1256 3726 49 27 has
1330 3727 65 27 been

762 3761 95 29 looked
881 3761 67 28 into.
997 3761 57 28 The
1075 3761 197 31 circumstance
1295 3765 29 27 of
1350 3766 47 28 the

763 3801 112 34 missing
887 3810 66 17 man
967 3799 53 28 and
1033 3803 53 24 two
1106 3801 92 28 others
1220 3802 128 35 drinking
1369 3810 28 22 at

762 3838 131 29 Oxnam's
914 3838 241 29 Accommodation
1178 3839 94 30 House
1294 3852 34 17 on
1351 3843 46 28 the

764 3877 111 36 Sunday
885 3878 150 31 afternoon,
1049 3878 53 27 and
1117 3878 44 28 the
1184 3883 69 24 state
1265 3881 28 26 in
1307 3882 88 27 which

763 3914 64 37 they
840 3914 46 29 left
896 3915 45 29 the
957 3915 82 28 house
1053 3925 34 18 on
1101 3915 60 29 that
1183 3918 123 28 occasion
1331 3919 64 33 will,

762 3963 30 18 as
804 3954 150 28 instructed
967 3954 35 35 by
1020 3954 47 27 the
1082 3954 149 36 Inspector,
1245 3956 32 28 be
1291 3957 105 30 further

761 3991 189 37 investigated,
965 4000 29 20 as
1006 3991 97 29 indeed
1114 3993 20 28 it
1148 3993 98 29 should
1261 3994 39 29 be.
1337 3996 58 28 The

762 4031 156 27 circulation
933 4030 29 27 of
973 4031 51 27 idle
1049 4040 126 19 rumours
1197 4033 28 27 in
1248 4043 15 17 a
1288 4043 60 18 case
1369 4036 28 26 of

761 4068 55 27 this
846 4067 164 36 description
1038 4069 23 26 is
1091 4074 71 23 most
1187 4071 131 35 injurious
1343 4073 52 27 and

761 4106 207 36 reprehensible.
1006 4106 28 27 If
1044 4116 54 26 any
1110 4116 98 27 person
1230 4118 30 19 01*
1282 4118 112 27 persons

760 4145 23 26 is
795 4144 139 36 possessed
947 4144 29 28 of
987 4144 109 28 reliable
1115 4146 54 27 and
1181 4147 151 35 important
1355 4149 26 27 in-

761 4182 144 28 formation
935 4182 152 37 respecting
1112 4183 45 28 the
1188 4189 100 24 matter
1317 4187 22 27 it
1369 4187 23 27 is

760 4221 98 36 clearly
872 4220 71 29 their
957 4220 66 34 duty
1036 4222 29 26 in
1086 4221 47 28 the
1155 4222 126 30 interests
1302 4225 29 28 of
1350 4225 45 29 the

761 4260 90 35 public
864 4264 28 24 to
905 4268 77 20 come
997 4260 115 28 forward
1127 4261 54 29 and
1208 4263 97 37 supply
1327 4264 65 29 such

759 4299 176 27 information
945 4303 26 24 to
980 4299 47 28 the
1037 4300 95 34 police,
1143 4300 54 27 and
1208 4307 48 21 not
1268 4311 34 26 go
1312 4302 83 29 about

759 4335 112 36 causing
877 4346 15 17 a
900 4336 99 34 feeling
1007 4337 28 28 of
1047 4337 112 29 distrust
1168 4338 52 27 and
1230 4340 165 34 uneasiness,

760 4374 105 28 outside
890 4374 29 28 of
938 4375 45 26 the
1007 4375 54 27 fact
1083 4375 29 28 of
1131 4376 141 36 attaching
1294 4380 101 27 serious

760 4413 89 28 blame
864 4417 27 24 to
905 4412 120 38 possibly
1044 4413 127 28 innocent
1185 4415 103 36 people.
1326 4417 51 28 Con-

759 4451 85 29 stable
854 4451 122 29 Bowden
990 4452 48 28 lelt
1052 4452 77 36 Lyell
1142 4454 41 26 for
1196 4453 93 37 Upper
1302 4455 94 29 Buller

760 4500 35 18 on
808 4491 144 34 Thursday
966 4490 140 28 afternoon
1119 4492 29 26 in
1159 4495 158 26 connection
1329 4495 66 27 with

760 4528 53 29 this
827 4528 55 29 and
894 4528 78 28 other
984 4528 86 37 police
1083 4534 122 24 matters.

794 4577 142 35 Inspector
960 4577 163 27 Emmerson
1148 4578 80 28 made
1251 4579 44 28 his
1317 4582 78 26 usual

760 4614 98 27 official
884 4614 150 35 inspection
1056 4614 30 26 of
1115 4614 78 35 Lyell
1215 4616 100 27 station
1343 4617 52 28 last

759 4652 136 36 Tuesday,
909 4652 53 28 and
976 4652 46 28 left
1041 4651 34 36 by
1088 4652 198 38 Wednesday's
1298 4655 94 29 coach.

760 4690 171 35 Everything
943 4690 28 26 in
987 4691 161 27 connection
1169 4692 64 26 with
1249 4693 46 26 the
1315 4703 57 17 man-

759 4731 127 34 agement
908 4727 32 28 of
959 4727 45 29 the
1018 4729 99 27 station
1141 4737 56 21 was
1214 4729 85 29 found
1312 4736 28 23 to
1361 4730 32 30 be

759 4767 179 36 satisfactory.

793 4814 49 28 We
879 4813 69 29 have
990 4814 121 28 received
1148 4823 14 19 a
1199 4815 80 28 letter
1321 4816 69 29 from

931 4852 47 29 but
992 4859 21 23 it
1035 4853 106 29 arrived
1164 4857 44 25 too
1222 4855 53 28 late
1296 4856 42 28 for
1350 4855 26 30 in-

760 4891 100 27 sertion
874 4892 28 25 in
925 4891 56 27 this
1000 4892 72 26 issue
1094 4892 54 26 and
1170 4893 55 27 will
1245 4895 145 34 appear.in

759 4932 72 25 next.

793 4977 50 27 We
880 4977 61 26 take
978 4977 45 27 the
1060 4977 139 37 following
1236 4979 72 28 from
1344 4981 46 28 the

758 5015 130 27 Kumara
916 5014 90 28 Times
1031 5014 32 29 of
1082 5015 115 29 October
1222 5017 62 28 18th
1341 5018 49 29 We

758 5062 44 20 are
817 5062 75 25 sorry
907 5057 26 23 to
949 5052 67 29 have
1030 5058 27 23 to
1071 5054 92 28 record
1186 5056 115 27 another
1321 5056 67 29 fatal

758 5091 122 29 accident
893 5091 61 29 that
975 5091 126 29 occurred
1115 5092 54 28 this
1183 5094 128 36 morning
1333 5099 27 24 to
1374 5105 14 18 a

759 5131 87 27 minor
859 5130 98 28 namt'd
980 5131 115 28 Michael
1117 5131 120 35 Cadigan
1261 5143 51 18 one
1326 5134 29 28 of
1373 5145 15 17 a

757 5177 135 25 company
922 5168 30 25 of
980 5168 40 26 six
1044 5169 122 33 working
1193 5170 27 25 in
1241 5170 46 27 the
1306 5172 78 25 claim

758 5204 99 30 known
870 5214 30 19 as
914 5203 90 31 Burke
1018 5204 52 29 and
1082 5207 113 36 party's.
1233 5207 27 29 It
1273 5217 114 28 appears

758 5245 60 27 that
831 5244 65 36 they
907 5255 69 17 were
989 5245 118 35 clearing
1120 5251 47 23 out
1180 5256 34 17 an
1228 5247 45 28 old
1282 5248 104 30 tunnel,

755 5282 143 34 intending
913 5287 25 23 to
953 5292 46 18 use
1021 5284 21 26 it
1054 5292 30 18 as
1098 5292 15 18 a
1133 5292 59 18 new
1206 5285 132 33 tail-race,
1352 5295 33 18 on

755 5330 16 19 a
785 5321 96 36 deeper
902 5321 69 29 level
993 5321 67 29 than
1083 5322 44 29 the
1141 5332 50 19 one
1204 5322 66 38 they
1292 5333 45 19 are
1360 5329 27 23 at

755 5363 109 32 present
888 5361 88 33 using,
998 5361 54 27 and
1074 5360 66 37 they
1162 5370 75 19 came
1258 5371 89 19 across
1371 5373 16 18 a

751 5398 130 36 jump-up
904 5398 90 28 which
1007 5408 56 19 was
1083 5398 111 29 blocked
1210 5400 65 28 with
1295 5404 91 25 stones

755 5436 52 27 and
816 5436 96 27 debris.
950 5437 56 27 The
1014 5437 174 27 unfortunate
1196 5447 74 23 man,
1278 5438 109 32 coming

754 5474 57 27 into
825 5473 45 28 the
884 5475 101 33 tunnel,
1000 5474 91 29 struck
1105 5479 26 24 at
1145 5475 21 28 it
1178 5475 66 28 with
1258 5475 42 28 his
1314 5476 70 35 pick,

755 5512 78 27 when
847 5512 45 28 the
906 5513 87 28 whole
1006 5523 71 18 mass
1087 5523 76 18 came
1173 5513 88 35 down,
1272 5515 114 36 entirely

754 5550 169 34 smothering
947 5551 57 28 him
1030 5553 54 26 and
1108 5552 127 36 partially
1260 5553 125 32 covering

753 5597 51 19 one
818 5588 29 28 of
857 5589 46 28 the
917 5593 95 27 mates,
1028 5590 96 27 Morris
1137 5590 93 36 Joyce,
1246 5590 60 27 who
1328 5591 53 27 had

753 5637 15 18 a
788 5637 64 26 very
871 5637 104 19 narrow
998 5638 103 27 escape,
1128 5630 53 27 and
1208 5629 60 28 who
1291 5629 90 34 woijld

753 5666 68 29 have
835 5667 98 28 shaied
946 5668 46 28 the
1015 5678 74 18 same
1105 5668 52 28 fate
1180 5668 64 36 only
1258 5668 59 28 that
1340 5668 45 28 the
1396 5666 1 46 j

753 5704 70 37 body
847 5706 30 27 of
902 5711 83 23 water
997 5716 56 18 was
1077 5712 47 23 not
1138 5707 72 33 large
1230 5707 107 34 enough
1357 5710 28 24 to
1396 5704 1 37 :

753 5749 26 21 to
792 5753 71 26 carr)
893 5744 44 27 the
957 5745 67 27 stuff
1044 5755 54 25 any
1126 5745 182 27 coiu-iderabla
1331 5745 39 27 dis-

752 5788 85 23 tmee.
875 5783 57 28 The
947 5783 70 37 body
1032 5794 53 18 \v\io
1100 5783 144 29 recovered
1258 5788 27 24 at
1299 5784 81 28 about

752 5823 76 24 11.UO
839 5831 64 16 a.m.

1467 192 64 28 Men
1545 202 44 18 are
1604 192 88 37 busily
1705 194 121 34 engaged
1839 195 112 35 making
1964 198 33 27 alt
2004 208 41 18 era-

1433 231 70 27 tions
1531 231 54 27 and
1616 232 159 33 renovating
1800 233 44 27 the
1867 236 129 33 premises
2019 237 28 26 be-

1433 270 110 37 longing
1557 276 26 21 to
1596 269 46 28 the
1655 270 127 28 National
1795 270 89 35 Bank,
1897 273 64 28 Cliff
1971 280 89 23 street.

1434 308 42 28 Mr
1489 309 100 34 Oliver,
1604 308 71 29 from
1689 310 124 35 Reefton,
1827 312 22 26 is
1872 312 43 28 the
1930 313 90 29 officer
2032 315 27 26 in

1432 348 106 33 charge.

1467 395 80 29 Great
1558 394 91 29 Scott!
1670 394 106 36 Jimmy
1787 395 87 37 Ryan,
1889 395 44 30 the
1944 398 116 38 wealthy

1432 435 52 26 and
1498 434 153 27 influential
1676 434 151 29 merchant,
1839 435 30 26 of
1886 435 63 29 Cliff
1971 444 89 27 street,

1432 473 48 27 has
1501 472 162 28 withdrawn
1689 472 40 28 bis
1750 472 88 28 entire
1860 480 113 29 support
1990 476 70 27 from

1432 512 44 26 the
1508 511 94 26 Lyell
1628 511 98 30 Times,
1747 520 76 18 .even
1855 512 80 26 down
1959 520 28 23 to
2014 517 46 26 the

1431 550 124 37 sixpence
1569 559 15 19 a
1600 550 83 28 week.
1721 550 71 28 How
1811 560 40 18 we
1869 560 45 18 are
1933 562 81 28 going
2033 557 27 24 to

1430 589 107 29 survive
1551 588 45 30 the
1613 590 68 28 blow
1695 591 64 27 time
1773 590 76 29 alone
1863 590 54 29 will
1940 592 120 29 unravel.

1430 629 44 26 He
1488 637 66 18 even
1570 633 72 23 went
1663 638 28 17 so
1714 630 49 31 far,
1788 630 78 26 while
1891 638 46 25 up.
1948 637 112 28 country

1430 666 45 28 the
1495 665 78 29 other
1585 665 63 37 day,
1662 675 29 20 as
1711 670 27 24 to
1760 672 69 23 state
1850 667 60 29 that
1933 670 46 28 the
2000 677 60 19 now

1430 705 137 28 historical
1591 714 84 27 paper
1686 706 92 35 {Lyell
1790 708 103 34 Argus)
1910 708 103 28 carried,
2025 717 33 18 on

1428 743 29 27 in
1471 743 43 28 old
1526 743 139 28 Metcalf's
1679 745 75 32 time,
1769 754 54 19 was
1839 747 84 28 better
1936 746 66 29 than
2014 746 46 27 the

1430 785 107 31 present
1550 791 59 18 one.
1648 782 78 32 Well,
1740 792 35 18 no
1788 793 51 18 one
1862 794 62 18 ever
1947 784 111 27 accused

1429 819 106 37 Jimmy
1548 820 30 28 of
1587 819 79 36 being
1679 820 59 28 able
1752 824 26 24 to
1792 820 104 30 discern
1912 822 43 29 ihe
1973 822 73 27 differ-

1429 868 64 18 ence
1505 858 28 28 in
1547 862 112 25 matters
1672 859 30 29 of
1711 859 55 29 this
1779 860 74 29 kind.

1463 906 119 28 Tenders
1613 916 45 19 are
1689 907 103 28 invited
1823 908 35 35 by
1890 909 46 27 the
1968 909 92 27 Duller

1430 944 107 36 County
1550 945 121 28 Council,
1688 946 24 27 in
1728 945 55 28 this
1806 945 80 33 issue,
1900 947 103 35 closing
2024 957 35 19 on

1429 983 41 26 27:
1477 982 15 26 h
1508 983 112 32 instant,
1635 983 41 27 for
1689 984 46 26 the
1748 985 98 33 supply
1860 986 30 25 of
1908 987 90 32 gravel
2020 986 40 26 for

1430 1020 122 29 Sections
1565 1022 15 27 3
1594 1021 54 28 and
1661 1023 15 26 5
1691 1022 92 27 Duller
1795 1022 86 28 Road.
1919 1023 126 35 Specifica-

1431 1060 70 26 tions
1531 1069 50 18 can
1613 1060 31 27 be
1669 1070 62 17 soen
1757 1064 28 24 at
1811 1061 138 27 Fennell's
1979 1067 79 27 store,

1430 1097 94 35 Lyell;
1545 1098 125 32 Berlin's,
1686 1100 167 34 Courtney's,
1865 1099 52 27 and
1931 1100 128 28 Junker's

1428 1135 166 28 Accommod
1606 1136 65 27 ition
1703 1136 124 33 Houses;
1858 1138 54 27 and
1949 1141 27 25 at
2013 1138 46 28 the

1428 1174 110 34 County
1550 1173 98 31 offices,
1664 1174 145 35 Westport.

1463 1220 98 29 Before
1586 1220 172 38 discharging
1780 1222 45 28 the
1848 1232 126 20 common
1994 1223 64 37 jury

1428 1262 28 23 at
1476 1258 166 37 Wellington
1667 1260 88 34 Judge
1782 1262 153 27 Richmond
1949 1263 55 27 said
2016 1270 43 19 :

1457 1296 175 33 Gentleman,
1661 1298 90 28 before
1776 1299 173 34 discharging
1971 1309 53 27 you
2044 1300 14 28 I

1429 1334 68 27 have
1511 1345 15 16 a
1541 1336 72 26 word
1629 1344 24 19 to
1668 1345 47 28 say
1731 1345 26 17 to
1771 1347 62 22 you.
1871 1338 14 26 I
1899 1347 48 24 say
1961 1339 29 32 it,
2004 1349 53 24 you

1428 1371 53 27 will
1496 1379 75 28 quite
1585 1373 174 33 understand,
1775 1375 182 32 deliberately,
1968 1376 53 27 and
2030 1376 27 27 in

1427 1421 100 20 sorrow
1540 1417 47 24 not
1600 1414 27 27 in
1649 1422 93 24 anger.
1776 1414 28 29 It
1820 1413 21 28 it
1855 1423 47 27 my
1914 1413 144 30 deliberate

1427 1451 110 33 opinion
1552 1451 59 26 that
1633 1453 28 24 in
1679 1453 45 25 the
1744 1452 125 27 criminal
1883 1453 108 32 sittings
2002 1463 55 25 you

1428 1487 67 28 have
1510 1487 66 29 been
1597 1488 58 36 just
1677 1489 142 35 attending
1840 1489 44 28 the
1905 1491 82 28 result
2008 1490 49 28 has

1428 1527 64 27 been
1507 1526 61 30 that
1576 1527 85 36 juries
1674 1528 69 28 have
1757 1528 68 28 been
1835 1528 80 28 made
1936 1529 68 28 fools
2022 1530 34 29 of,

1426 1564 45 28 the
1482 1564 83 28 Court
1578 1566 49 27 has
1640 1566 67 28 been
1721 1566 97 36 deeply
1839 1566 143 36 degraded,
2003 1568 54 27 and

1425 1604 83 27 crime
1522 1604 49 27 has
1573 1629 10 11 3
1587 1603 66 29 beeu

1459 1650 58 27 The
1536 1650 172 35 Inangahua
1731 1651 91 26 Times
1837 1652 29 27 of
1885 1652 172 36 Wednesday

1425 1687 51 28 last
1489 1697 62 26 says
1563 1692 60 23 :'
1636 1689 57 27 The
1706 1690 85 27 Globe
1801 1691 162 27 excitement
1973 1700 84 18 seems

1425 1730 26 27 to
1465 1726 96 34 gather
1573 1727 28 27 in
1616 1727 121 35 strength
1761 1728 54 27 and
1837 1729 132 36 intensity
1989 1729 65 28 each

1424 1763 61 35 day,
1517 1764 53 28 and
1602 1764 98 35 during
1727 1765 46 28 the
1804 1765 52 28 last
1882 1767 175 35 twenty-four

1423 1801 83 28 hours
1519 1801 21 30 it
1553 1801 49 30 has
1616 1803 100 28 almost
1729 1803 116 29 reached
1866 1804 46 28 the
1935 1804 72 37 pitch
2030 1805 29 28 of

1423 1840 134 27 delirium.
1592 1841 61 26 The
1668 1845 68 24 state
1751 1841 31 28 of
1788 1842 90 35 public
1893 1843 98 33 feeling
2004 1844 49 27 has

1423 1878 66 27 been
1512 1878 65 28 such
1592 1879 61 28 that
1674 1879 121 28 business
1818 1879 49 29 has
1881 1880 66 28 been
1968 1885 88 33 pretty

1422 1917 60 28 well
1508 1917 151 37 paralysed,
1679 1918 45 27 the
1749 1918 67 28 time
1842 1919 28 26 of
1895 1919 45 28 the
1971 1921 84 26 entire

1423 1956 157 34 population
1604 1956 79 33 being
1706 1956 81 27 taken
1811 1966 37 25 up
1869 1956 27 28 in
1910 1958 86 27 either
2016 1968 26 17 re-

1419 1993 103 35 joicing
1536 1992 60 28 that
1618 1994 64 35 they
1696 1994 44 30 do,
1754 2002 30 18 or
1806 1993 166 33 bemoaning
1997 1995 59 27 that

1423 2031 65 38 they
1501 2031 33 29 do
1549 2036 46 25 not
1610 2031 64 30 hold
1700 2032 84 29 Globe
1806 2032 101 30 shares.
1954 2034 31 28 In
2002 2034 54 30 fact

1421 2072 155 36 everybody
1599 2073 24 27 is
1648 2073 39 27 off
1708 2073 42 27 his
1775 2072 102 37 chump
1902 2083 34 18 cn
1962 2075 91 27 Globo.

1421 2111 58 29 The
1493 2119 75 20 news
1580 2111 68 28 from
1665 2110 63 30 both
1743 2111 46 28 the
1802 2111 73 29 mine
1885 2112 53 27 and
1949 2112 106 37 battery

1420 2149 24 28 is
1457 2150 31 27 of
1512 2149 45 28 the
1580 2154 74 23 most
1679 2150 165 27 sensational
1867 2154 106 30 nature,
1985 2152 70 26 uutil

1421 2197 51 19 one
1485 2187 124 29 wonders
1633 2187 89 29 where
1744 2187 53 29 and
1820 2187 79 30 when
1919 2189 46 28 the
1986 2189 69 37 good

1423 2232 105 25 :ortune
1541 2227 30 29 of
1592 2227 47 30 the
1652 2238 136 26 company
1809 2228 23 28 is
1846 2231 26 25 to
1893 2229 61 28 end.
1997 2229 57 28 The

1421 2274 73 17 news
1519 2274 77 17 came
1621 2266 69 25 from
1717 2266 46 25 the
1794 2266 107 33 battery
1931 2267 59 26 that
2009 2267 46 26 the

1448 2302 163 37 skimmings
1656 2302 71 28 from
1742 2302 45 29 the
1809 2307 47 33 top
1869 2302 87 38 plates
1977 2302 78 29 alone

1421 2352 45 18 are
1481 2342 80 36 equal
1575 2346 28 24 to
1618 2344 54 26 loz.
1690 2342 95 29 7dwts.
1801 2343 29 28 of
1846 2342 62 32 gold
1930 2352 46 27 per
1996 2347 57 30 ton,

1421 2380 53 28 and
1505 2390 29 19 as
1564 2380 46 28 the
1908 2382 147 36 ordinarily

1420 2419 76 31 sjiow
1515 2419 84 27 about
1620 2418 138 28 one-third
1773 2419 29 27 of
1820 2419 47 28 the
1884 2419 80 36 yield,
1977 2420 22 27 it
2017 2420 24 27 al-

1421 2462 72 23 most
1522 2457 78 29 takes
1630 2459 75 27 one's
1730 2457 95 29 breath
1857 2467 86 29 away.
1997 2458 57 28 The

1420 2507 132 25 manager
1573 2502 82 23 wrote
1681 2497 45 28 the
1748 2497 131 28 directors
1902 2498 54 28 last
1976 2498 79 36 night

1422 2535 59 25 that
1506 2535 46 26 the
1576 2535 59 25 reef
1656 2535 23 25 is
1703 2535 137 33 widening
1860 2538 55 27 out,
1930 2536 52 25 and
2008 2536 45 25 the

1421 2575 77 25 stone
1510 2571 23 29 is
1547 2580 67 20 even
1627 2572 155 36 improving
1795 2572 28 28 in
1849 2571 113 39 quality.
1999 2572 56 29 But

1421 2612 75 28 there
1508 2620 6 27 ;
1536 2612 35 28 let
1583 2621 32 19 us
1629 2612 57 28 talk
1706 2612 83 28 about
1813 2612 156 37 something
1989 2613 64 28 else.

1421 2652 28 26 It
1461 2651 22 26 is
1497 2651 99 35 simply
1609 2652 91 31 awful,
1715 2651 54 27 and
1788 2651 95 27 makes
1898 2660 51 18 one
1973 2652 64 27 shud-

1421 2688 48 28 der
1489 2688 43 28 for
1562 2691 46 26 the
1639 2689 116 36 prestige
1787 2688 29 28 of
1844 2689 51 27 Old
1920 2690 129 33 Bendigo.

1423 2727 98 28 Shares
1534 2727 53 28 last
1603 2727 79 35 night
1702 2737 68 18 were
1794 2727 100 36 quoted
1915 2733 28 23 at

1423 2766 78 29 Since
1521 2765 45 29 the
1585 2765 138 38 foregoing
1752 2775 56 19 was
1830 2766 108 29 written
1962 2767 93 28 shares

1422 2806 69 26 have
1505 2805 139 27 advanced
1657 2810 27 22 to
1699 2807 36 25 <l
1749 2805 68 28 with
1829 2815 81 25 every
1920 2807 133 34 tendency

1421 2842 31 27 of
1461 2841 55 27 still
1527 2841 105 27 further
1646 2842 94 34 rising.
1787 2843 55 26 Our
1856 2842 113 27 Reefton
1991 2843 50 26 fort-

1422 2879 108 37 nightly
1555 2880 106 35 mining
1685 2884 100 32 report,
1811 2882 66 25 trdra

1422 2919 23 27 is
1458 2919 52 27 due
1529 2924 65 23 next
1612 2920 80 32 issue,
1714 2920 81 27 when
1817 2919 44 28 the
1885 2919 104 28 further
2011 2920 30 27 de-

1424 2958 169 35 velopments
1617 2958 29 26 of
1672 2957 55 28 this
1747 2958 149 35 important
1917 2958 139 36 discovery

1423 2995 55 29 will
1493 2995 29 29 be
1535 2994 69 38 fully
1619 2995 72 29 dealt
1705 2996 75 28 with.

1451 3087 277 40 MINING
1799 3088 219 39 NEWS.

1514 3194 109 29 OWEN
1645 3194 123 29 REEFS
1787 3194 184 30 DISTRICT.

1487 3295 85 37 (from
1591 3304 57 19 our
1666 3303 61 20 own
1747 3297 249 36 correspondent.)

1731 3344 94 33 Owen,
1840 3344 116 30 October
1966 3346 56 28 7th.

1459 3393 108 35 During
1592 3393 46 27 tlift
1660 3396 61 31 past
1744 3392 134 36 fortnight
1897 3394 160 35 everything

1425 3440 87 17 seems
1528 3436 27 21 to
1569 3431 68 26 have
1660 3430 82 27 taken
1756 3440 15 17 a
1785 3440 73 17 more
1881 3431 83 35 lively
1983 3437 73 22 turn.

1427 3469 47 29 We
1488 3469 69 29 have
1571 3469 65 28 been
1649 3467 94 30 visited
1765 3469 33 36 by
1813 3468 71 29 bank
1906 3479 151 29 managers,

1426 3518 73 19 mino
1513 3518 143 26 managers
1670 3508 53 27 and
1737 3509 106 27 finance
1862 3518 152 26 managers,
2027 3510 28 28 in

1425 3547 52 27 fact
1491 3546 37 28 all
1542 3549 67 25 sorts
1623 3547 30 27 of
1662 3555 144 26 managers
1820 3556 35 19 on
1869 3547 45 27 the
1928 3547 61 28 look
2010 3554 47 22 out

1425 3585 40 28 for
1478 3594 16 19 a
1516 3585 62 28 slice
1600 3584 30 29 of
1649 3584 46 28 the
1709 3589 45 23 cut
1767 3584 63 28 loaf.
1877 3585 65 29 Men
1963 3586 28 28 of
2014 3596 28 18 ex-

1425 3624 122 35 perience
1566 3624 28 28 in
1617 3623 104 36 mining
1743 3628 114 24 matters
1878 3624 57 28 will
1956 3626 100 35 always

1424 3663 104 27 receive
1543 3672 14 18 a
1580 3662 128 28 welcome
1730 3661 69 29 from
1822 3671 40 25 us,
1876 3662 48 29 but
1947 3664 14 26 I
1985 3668 72 24 must

1425 3706 68 23 state
1507 3701 61 28 that
1580 3711 16 17 a
1609 3701 89 27 crowd
1711 3701 30 27 of
1751 3701 93 36 people
1858 3701 71 28 have
1943 3711 75 19 come
2029 3704 28 26 in

1425 3739 64 28 here
1509 3739 53 27 and
1583 3739 68 26 have
1671 3748 69 25 gone
1763 3743 46 22 out
1829 3739 115 28 without
1966 3742 91 33 seeing

1425 3777 136 37 anything
1574 3777 29 28 of
1623 3777 46 28 the
1691 3776 73 34 field,
1778 3777 54 28 and
1856 3779 65 26 then
1942 3778 115 29 without

1424 3817 46 26 the
1483 3816 125 34 slightest
1628 3824 97 19 reason
1747 3815 69 28 have
1838 3817 81 34 given
1938 3817 45 27 the
2005 3817 38 27 dis-

1424 3855 63 28 tiict
1499 3865 16 18 a
1528 3863 66 27 poor
1606 3862 90 21 name.
1733 3854 144 34 However,
1889 3855 74 29 lam
1971 3855 86 37 proud

1425 3900 26 21 to
1465 3903 47 24 say
1526 3894 47 26 the
1588 3892 63 28 field
1667 3902 50 18 can
1731 3892 64 28 hold
1813 3894 35 26 its
1861 3902 60 19 own
1935 3895 54 27 and
2010 3894 47 28 the

1423 3923 95 45 people
1531 3930 148 29 connected
1694 3930 65 28 with
1768 3930 22 28 it
1799 3931 57 28 will
1866 3931 62 29 sink
1940 3941 30 19 or
1978 3932 79 29 swim

1423 3970 66 28 with
1502 3970 31 27 it.
1568 3970 71 26 is!ow
1652 3969 39 27 for
1703 3969 47 27 the
1764 3969 98 29 mines:

1458 4009 122 27 Bulmer
1599 4006 97 29 Creek
1714 4007 212 29 Company.ln
1947 4009 93 28 extend-

1423 4047 47 35 ing
1482 4047 46 26 the
1542 4050 120 23 crosscut
1676 4055 15 18 a
1705 4045 72 35 large
1792 4045 70 36 body
1876 4048 29 25 of
1914 4052 76 22 stone
2004 4047 49 28 has

1423 4085 68 27 been
1504 4088 45 24 cut
1562 4085 27 25 in
1606 4083 45 28 the
1665 4083 68 28 solid
1747 4089 114 27 country
1875 4085 54 26 and
1942 4085 88 28 shows
2040 4095 17 17 a

1423 4123 51 27 fair
1501 4122 103 35 sample
1629 4122 30 28 of
1681 4121 71 35 gold.
1801 4122 83 27 From
1910 4123 46 28 the
1980 4123 76 27 main

1423 4161 95 27 tunnel
1549 4162 33 26 50
1611 4158 55 30 feet
1695 4159 50 27 has
1775 4158 68 29 been
1873 4160 94 28 driven
2002 4162 54 27 and

1424 4198 168 36 throughout
1618 4199 35 27 its
1683 4198 86 27 entire
1800 4207 94 19 course
1924 4199 132 29 alternate

1423 4237 103 29 leaders
1539 4236 55 30 and
1608 4235 114 30 mullock
1735 4236 86 29 bauds
1836 4236 69 29 have
1919 4236 67 30 been
1999 4243 57 24 met

1423 4276 75 29 with.

1459 4315 126 28 Wakatu
1598 4315 122 28 United.
1722 4314 102 27 This
1837 4315 80 28 claim
1939 4315 23 28 is
1981 4316 58 27 look-

1423 4353 47 34 ing
1482 4362 65 26 very
1560 4353 123 35 healthy.
1728 4353 24 26 A
1765 4352 68 36 good
1847 4353 55 27 reet
1924 4353 50 28 has
1987 4353 66 28 been

1423 4395 56 24 met
1498 4391 66 28 with
1586 4393 29 26 in
1634 4391 47 28 the
1693 4391 76 27 main
1783 4396 120 22 crosscut
1925 4396 27 23 at
1972 4402 15 17 a
2002 4392 39 28 dis-

1423 4433 91 25 stance
1528 4430 29 27 of
1575 4431 51 26 218
1639 4430 54 28 feet
1712 4429 70 28 from
1804 4429 46 28 the
1871 4433 69 25 start
1963 4431 28 27 of
2008 4431 46 28 the

1423 4469 103 27 tunnel.
1563 4469 27 27 It
1604 4478 54 18 was
1672 4468 65 29 then
1750 4468 126 28 followed
1894 4468 41 28 for
1949 4471 31 25 12
1999 4469 56 28 feet

1422 4506 29 28 in
1465 4515 15 19 a
1493 4507 125 35 westerly
1641 4515 94 19 course
1755 4506 54 27 and
1832 4507 64 27 then
1919 4508 133 35 suddenly

1422 4544 108 30 crossed
1543 4545 46 29 the
1612 4544 74 29 drive
1706 4544 55 28 and
1781 4544 126 29 assumed
1925 4544 48 30 her
1994 4549 59 26 true

1422 4583 118 34 bearing.
1566 4584 118 34 Payable
1691 4583 63 34 gold
1762 4593 54 17 was
1827 4583 84 28 found
1923 4585 112 35 through-

1422 4624 55 24 out.
1523 4621 58 27 The
1604 4621 97 26 tunnel
1723 4620 22 27 is
1766 4620 54 27 still
1843 4621 80 33 beiug
1949 4622 103 34 pushed

1421 4658 88 30 ahead
1522 4663 27 25 to
1563 4659 78 29 catch
1655 4659 45 28 the
1714 4658 122 29 underlie
1845 4658 29 29 of
1884 4659 46 29 the
1941 4659 110 30 Wakitu

1421 4697 73 32 reef;
1522 4697 147 35 according
1689 4702 27 22 to
1736 4706 16 18 a
1776 4702 91 22 recent
1891 4699 160 26 calculation

1421 4734 54 28 this
1488 4734 98 28 should
1600 4734 31 28 be
1644 4733 203 38 accomplished
1860 4739 28 23 at
1901 4744 16 18 a
1930 4735 120 29 distance

1420 4774 29 28 of
1460 4775 50 26 120
1522 4774 53 28 feet
1587 4774 71 28 from
1671 4774 46 27 the
1730 4777 109 32 present
1848 4774 65 28 face.

1453 4812 181 27 Enterprise
1653 4812 165 26 Extended.
1879 4812 115 34 Driving
2024 4822 13 18 a-

1420 4850 69 29 head
1512 4851 45 29 the
1573 4851 49 28 100
1643 4851 53 28 feet
1714 4849 69 29 level
1804 4849 29 29 in
1855 4848 122 31 medium
1999 4852 52 28 soft

1418 4893 124 31 country.
1578 4891 37 26 At
1628 4889 45 27 the
1687 4896 56 19 rate
1757 4889 65 33 they
1834 4898 45 17 are
1902 4889 108 35 driving
2023 4894 28 23 at

1418 4931 110 32 present
1540 4926 14 28 I
1568 4931 95 33 expect
1675 4929 28 26 to
1716 4934 43 19 see
1773 4925 45 28 the
1834 4925 120 30 footwall
1965 4927 29 28 of
2004 4927 46 28 the

1418 4965 57 28 reef
1484 4965 30 27 in
1527 4965 82 28 about
1622 4969 54 24 two
1689 4965 121 27 mouths.

1452 5003 15 27 I
1480 5004 88 26 notice
1583 5002 35 36 by
1630 5002 46 28 the
1691 5002 101 27 Nelson
1812 5011 96 26 papers
1923 5002 58 28 that
2003 5003 46 28 the

1418 5041 94 27 Public
1525 5040 136 34 Crushing
1674 5040 143 36 Company
1831 5041 22 26 is
1867 5050 61 18 now
1950 5041 99 28 almost

1417 5089 36 17 an
1472 5079 166 28 established
1659 5079 63 27 fact.
1771 5078 78 28 Good
1870 5078 61 28 luck
1953 5084 27 23 to
2002 5080 46 27 the

1417 5124 151 31 promoters
1581 5128 29 18 as
1623 5117 21 29 it
1658 5117 52 29 will
1726 5116 131 37 certainly
1872 5118 121 28 enhance
2003 5118 45 30 the

1417 5158 78 25 value
1509 5157 30 26 of
1550 5157 55 26 this
1618 5157 113 26 district.

1451 5193 49 28 We
1514 5197 73 23 must
1597 5196 63 23 note
1674 5192 61 27 that
1746 5192 43 26 Mr
1801 5192 122 27 William
1932 5193 115 33 Kearns,

1416 5232 29 28 of
1455 5232 87 36 Lyell,
1555 5231 104 30 arrived
1672 5231 64 28 here
1749 5230 66 29 with
1836 5231 45 28 the
1903 5230 59 30 first
1982 5232 66 36 dray

1415 5271 55 26 and
1484 5271 59 26 load
1557 5279 62 18 ever
1630 5270 117 32 brought
1757 5277 36 27 up
1804 5270 46 26 the
1862 5270 83 27 Owen
1956 5271 89 27 River.

1416 5308 43 28 He
1474 5317 55 19 was
1549 5307 87 29 under
1656 5307 106 28 charter
1783 5310 27 25 to
1836 5306 42 28 Mr
1898 5308 33 27 E.
1945 5308 102 28 Carroll

1416 5346 59 28 who
1497 5348 22 27 is
1533 5346 109 37 putting
1663 5355 36 27 up
1713 5355 34 19 an
1769 5346 138 29 exteifsive
1921 5346 73 30 hotel
2017 5352 27 24 at

1415 5386 127 26 Flower's
1556 5386 70 26 Flat.

1448 5473 149 27 Gladstone
1613 5472 141 36 published
1767 5482 15 17 a
1794 5472 78 29 letter
1882 5482 34 19 on
1931 5473 44 29 the
1987 5475 57 27 21st

1414 5512 159 35 September
1597 5510 121 37 denying
1741 5510 46 28 the
1810 5512 171 36 persistently
2003 5522 27 19 re-

1412 5550 95 36 peated
1521 5553 90 32 report
1625 5550 61 27 that
1699 5549 32 27 he
1745 5548 23 28 is
1782 5549 81 27 about
1880 5555 27 23 to
1918 5551 57 34 join
1999 5552 45 27 the

1413 5588 122 27 Catholic
1548 5587 118 27 Church.
1707 5587 40 27 He
1761 5596 63 27 says
1833 5588 60 28 that
1905 5588 46 28 the
1964 5593 61 23 state
2036 5606 7 5 -

1413 5633 75 21 ment
1502 5628 22 26 is
1537 5636 15 17 a
1571 5626 100 28 revival
1695 5626 29 28 of
1744 5625 45 29 the
1803 5626 141 30 miserable
1967 5628 63 28 false-

1412 5666 70 27 hood
1496 5665 136 36 produced
1644 5665 69 27 from
1728 5664 64 29 time
1805 5669 27 24 to
1845 5666 67 27 time
1931 5667 113 28 without

1412 5715 15 18 a
1441 5705 109 28 sliatlow
1564 5710 23 22 o(
1601 5703 127 28 evidence
1742 5703 41 28 for
1796 5713 14 18 a
1825 5704 79 33 basis,
1919 5706 54 27 aud
1985 5706 59 28 that

1411 5744 21 25 it
1448 5743 22 26 is
1484 5742 144 35 unworthy
1639 5743 30 26 of
1680 5743 86 25 notice
1780 5742 70 27 until
1864 5743 20 26 it
1897 5752 119 19 assumes
2027 5754 16 17 a

1411 5781 140 28 character
1577 5790 63 26 very
1662 5779 124 30 different
1806 5780 70 30 from
1901 5792 14 18 a
1941 5782 102 38 merely

1411 5821 170 27 calumnious
1594 5820 148 27 invention.

2113 204 583 26 LATEST

2114 251 172 42 CABLE
2345 251 351 50 TELEGRAMS.

2345 352 131 38 London,
2494 355 124 31 October
2635 359 46 28 18.

2128 400 62 33 The
2207 401 151 34 Socialists
2373 404 75 33 have
2459 408 175 32 announced
2646 409 74 32 their

2088 444 147 33 intention
2250 447 31 31 of
2292 449 135 41 carrying
2449 454 51 27 out
2515 451 49 31 the
2579 454 141 39 proposed

2087 489 234 33 demonstration
2336 493 32 30 of
2380 493 49 31 the
2445 494 52 30 9th
2512 496 143 38 proximo,
2672 498 31 30 de-

2088 534 73 37 spite
2183 533 50 31 the
2258 534 134 41 warning
2416 537 31 29 of
2467 537 50 31 the
2545 539 101 38 police,
2664 541 56 29 and

2087 574 60 33 will
2161 576 108 33 adhere
2284 580 29 29 to
2324 578 39 31 all
2378 578 77 33 their
2466 580 95 41 plans.

2126 621 150 39 England,
2299 623 31 30 in
2353 625 191 38 conjunction
2571 627 71 30 with
2671 628 49 30 the

2087 663 84 32 other
2196 664 91 32 Great
2310 666 126 38 Powers,
2453 668 53 31 lias
2528 670 119 31 assured
2671 671 49 31 the

2086 707 129 32 Russian
2230 709 202 33 Government
2455 712 64 31 that
2535 713 69 41 they
2618 714 37 31 do
2669 720 51 26 not

2086 750 82 32 favor
2182 752 50 30 the
2247 755 102 29 return
2375 759 28 26 ot
2425 755 105 32 Prince
2555 757 165 32 Alexander

2086 797 30 27 to
2144 794 151 41 Bulgaria,
2324 808 54 20 nor
2403 808 125 29 approve
2553 801 31 29 of
2605 801 47 31 liis
2677 813 28 19 re-

2086 837 125 33 election
2226 842 29 29 to
2270 840 50 32 the
2343 841 104 32 throne
2464 842 31 32 of
2506 843 65 32 that
2586 847 133 40 country.

2377 895 95 37 Rome,
2490 896 125 32 October
2632 900 45 29 19.

2126 943 125 32 Cholera
2279 945 54 31 has
2367 957 67 21 now
2468 948 124 42 entirely
2624 950 79 41 disap-

2086 988 106 38 peared
2206 988 75 30 from
2296 989 87 40 Italy.

2349 1041 124 40 Vienna,
2491 1045 124 32 October
2632 1048 46 30 18.

2126 1092 134 39 Cholera,
2290 1095 95 31 which
2413 1098 131 40 recently
2568 1099 86 31 made
2681 1099 38 31 its

2086 1147 181 30 appearance
2283 1142 30 26 at
2338 1139 85 31 Buda
2437 1141 101 37 Pe;sth,
2554 1142 24 30 is
2592 1142 111 31 increas-

2085 1179 51 39 ing
2150 1180 30 29 in
2195 1180 157 38 virulence,
2369 1183 58 30 and
2441 1194 91 30 many
2545 1185 79 31 fresh
2638 1196 81 21 cases

2086 1232 49 22 are
2149 1223 135 41 reported
2299 1224 89 43 daily.

2383 1280 94 37 Sofia,
2491 1281 126 32 October
2632 1284 45 30 19.

2125 1328 125 33 Gadben
2278 1331 135 37 Effendo,
2447 1333 128 33 Turkish
2610 1335 109 40 special

2084 1382 103 31 envoy,
2223 1373 54 31 lias
2312 1375 113 31 arrived
2458 1377 70 31 here
2562 1378 72 30 with
2668 1378 50 31 the

2085 1416 95 41 object
2195 1419 30 29 to
2242 1417 84 41 bring
2341 1420 89 31 about
2455 1431 17 20 a
2497 1422 221 32 reconciliation

2084 1459 132 31 between
2243 1462 142 38 Bulgaria
2401 1463 58 30 and
2481 1464 116 31 Russia.
2640 1466 28 29 It
2693 1466 25 29 is

2084 1502 179 33 understood
2287 1504 66 32 that
2378 1505 37 32 lie
2439 1510 137 37 supports
2598 1508 50 32 the
2670 1508 32 32 de-

2084 1547 105 30 mands
2205 1548 31 30 of
2258 1549 50 30 the
2324 1549 129 32 Russian
2468 1552 203 32 Government
2685 1553 31 30 in

2084 1590 175 33 connection
2286 1592 72 32 with
2387 1593 50 32 the
2464 1594 97 33 future
2595 1607 104 29 govern-

2084 1637 82 28 ment
2178 1636 32 29 of
2222 1636 50 30 the
2287 1640 133 37 country.

2204 1686 49 33 St.
2269 1688 204 38 Petersburg,
2490 1690 125 33 October
2632 1693 45 30 19.

2123 1738 25 32 A
2160 1742 98 37 report
2272 1740 25 31 is
2312 1745 119 28 current
2451 1742 70 32 here
2537 1743 101 42 to-day
2652 1745 66 31 that

2083 1782 51 31 the
2158 1783 102 31 Grand
2279 1784 85 32 Duke
2387 1785 141 32 Nicholas
2553 1786 75 32 Czar
2630 1788 88 32 witch

2083 1826 25 31 is
2123 1827 142 41 seriously
2280 1828 43 32 ill.

2302 1916 202 29 LATEST

2100 1961 372 42 AUSTRALIAN
2524 1966 173 39 NEWS.

2348 2084 124 37 Sydney,
2489 2086 126 31 October
2629 2089 47 30 20.

2122 2134 124 43 Cafirey,
2259 2135 94 36 Penn,
2369 2138 58 31 and
2451 2138 99 33 Lizzie
2573 2139 143 38 Graham,

2082 2178 127 41 charged
2225 2179 71 31 with
2311 2180 50 31 the
2375 2181 120 32 Barrier
2519 2182 102 31 Island
2636 2194 59 21 mur-

2082 2223 62 38 dee,
2166 2235 75 22 were
2269 2224 128 43 brought
2421 2238 39 30 up
2488 2229 30 31 at
2546 2227 51 33 the
2624 2229 93 40 police

2082 2270 83 26 court
2180 2269 109 38 to-day,
2306 2270 58 28 and
2378 2272 160 28 remauded
2562 2275 30 26 to
2618 2273 76 29 Auck-

2082 2308 80 34 land.

2122 2354 63 32 The
2209 2354 152 34 festivities
2383 2357 32 31 in
2439 2357 175 34 connection
2642 2359 72 32 with

2084 2397 48 32 the
2161 2398 161 41 Municipel
2350 2401 116 32 Jubilee
2495 2403 63 31 will
2585 2403 35 31 be
2648 2415 50 20 con-

2082 2441 105 33 cluded
2201 2445 179 31 to-morrow.

2273 2498 194 39 Melbourne,
2484 2501 129 32 October
2627 2503 47 30 20.

2122 2547 62 30 The
2199 2548 143 41 Manager
2357 2551 32 29 of
2400 2551 50 30 the
2465 2552 141 31 National
2622 2553 74 30 Mort-

2081 2601 73 32 gage
2181 2591 154 45 Company
2361 2594 33 33 of
2420 2594 72 34 New
2521 2596 131 33 Zealand
2672 2608 29 22 re-

2081 2641 80 35 ports
2177 2648 38 20 on
2229 2638 51 31 the
2295 2639 76 30 local
2385 2640 84 39 grain
2484 2641 115 31 market
2615 2653 32 19 as
2662 2643 39 30 fol-

2081 2679 71 32 lows
2166 2680 195 43 :Shipping
2380 2683 97 32 wheat
2491 2684 24 31 is
2531 2685 112 41 quieter
2658 2686 58 30 and

2081 2723 123 37 weaker,
2217 2725 58 31 and
2289 2726 24 30 is
2334 2737 67 21 now
2426 2730 32 29 5s
2482 2728 39 31 8d
2548 2731 30 29 to
2604 2732 32 28 5s
2658 2730 56 37 4d;

2081 2767 127 42 malting
2221 2768 101 44 barley
2336 2770 24 31 is
2385 2771 62 32 dull
2471 2775 31 29 at
2526 2773 75 32 from
2621 2775 32 30 8s
2679 2774 37 32 9d

2082 2817 30 26 to
2128 2815 32 27 4s
2181 2813 38 29 4d
2232 2824 7 25 ;
2262 2815 71 29 New
2358 2815 131 30 Zealand
2511 2818 116 39 feeding
2653 2821 63 27 oats

2082 2864 49 21 are
2147 2855 111 40 quieter
2274 2860 29 26 at
2324 2857 76 31 from
2425 2860 33 28 8s
2488 2858 36 30 Id
2548 2862 30 28 to
2603 2863 33 27 8s
2659 2860 55 38 4d;

2082 2898 72 32 New
2169 2899 132 32 Zealand
2315 2900 118 41 milling
2456 2905 64 29 oats
2543 2912 49 23 are
2614 2903 100 31 rather

2083 2942 122 37 weaker,
2222 2944 58 30 and
2304 2954 50 21 are
2378 2956 66 22 now
2466 2946 76 31 from
2567 2948 32 30 8s
2625 2947 38 30 4d
2686 2949 30 30 to

2084 2988 33 29 8s
2133 2986 55 38 sd;
2211 2987 71 31 New
2299 2987 131 32 Zealand
2444 2992 65 28 oats
2522 2990 32 31 in
2575 2989 79 32 bond
2668 3001 49 21 are

2084 3031 70 34 slow
2169 3031 32 34 of
2209 3031 59 35 sale
2284 3036 30 30 at
2329 3032 75 35 from
2420 3035 33 32 2s
2469 3034 37 33 5d
2521 3041 30 28 to
2566 3036 33 32 2s
2615 3036 47 34 7d.

2310 3088 161 36 Adelaide,
2488 3090 126 30 October
2629 3092 47 29 20.

2124 3136 209 35 Considerable
2358 3139 177 34 excitement
2550 3140 54 33 has
2620 3141 96 33 arisen

2083 3181 70 32 here
2181 3193 68 21 over
2277 3183 51 32 the
2355 3184 150 42 discovery
2533 3186 31 31 of
2595 3186 67 40 gold
2688 3192 29 25 at

2086 3226 210 42 Waukaringa.
2339 3228 25 31 A
2375 3228 80 41 large
2467 3229 126 32 number
2604 3230 32 32 of
2648 3241 69 21 men

2084 3269 75 31 have
2173 3270 53 31 left
2241 3272 43 29 for
2299 3272 58 29 and
2383 3282 47 21 are
2456 3273 61 30 still
2542 3273 175 41 proceeding

2084 3315 31 29 to
2129 3313 51 33 the
2195 3314 79 32 field.
2317 3314 92 42 Many
2422 3316 111 31 miners
2554 3316 75 33 have
2655 3317 62 32 also

2084 3357 75 32 baen
2187 3359 144 32 attracted
2359 3360 75 31 from
2463 3360 159 38 Wallaroo,
2659 3362 58 31 and

2085 3401 132 32 Moonta.

2130 3497 245 32 KIMBERLEY
2398 3497 270 34 GOLDFIELDS.

2124 3608 63 31 The
2199 3607 150 42 following
2359 3608 86 32 letter
2455 3608 54 32 lias
2516 3607 75 34 been
2601 3609 117 33 handed

2084 3655 30 28 to
2126 3662 34 21 us
2180 3652 43 31 for
2247 3652 182 40 publication
2453 3653 38 41 by
2516 3654 48 29 Mr
2589 3655 129 32 Thomas

2084 3695 221 41 Cunningham,
2322 3696 58 31 and
2394 3708 38 20 no
2447 3696 91 32 doubt
2560 3698 50 32 the
2622 3698 96 32 writer

2084 3739 59 31 will
2168 3740 35 30 be
2228 3739 66 30 well
2319 3739 107 31 known
2449 3741 31 29 in
2495 3740 59 32 this
2580 3742 60 30 and
2667 3742 51 30 the

2083 3783 125 32 Reefton
2222 3782 114 33 district
2356 3794 48 21 :

2169 3836 183 36 Kimberley,
2371 3836 202 42 Augunt;24th
2590 3839 86 31 1886.

2123 3889 78 31 Dear
2217 3889 83 36 Tom,
2309 3889 49 30 I
2375 3890 64 30 take
2462 3890 49 31 the
2527 3892 189 40 opportunity

2084 3932 31 32 in
2130 3932 172 41 addressing
2315 3941 57 33 you
2387 3932 72 32 with
2474 3933 84 32 these
2573 3934 54 32 few
2641 3934 77 33 lines

2084 3977 112 39 hoping
2222 3976 71 41 they
2320 3977 60 30 will
2407 3977 62 30 find
2496 3989 58 28 you
2587 3978 31 30 in
2643 3980 74 37 good

2083 4021 113 31 health.
2238 4020 16 31 I
2269 4020 113 32 arrived
2396 4020 32 32 in
2453 4020 176 41 Cambridge
2645 4022 73 32 Gulf

2083 4064 90 31 about
2189 4073 17 21 a
2226 4064 106 30 month
2348 4074 64 29 ago,
2429 4065 59 29 and
2512 4065 75 30 from
2603 4066 83 31 there
2700 4067 16 29 I

2083 4109 78 30 went
2185 4108 30 30 to
2240 4107 94 39 Kings
2364 4107 101 31 Sound
2490 4108 58 31 and
2576 4118 49 21 am
2649 4120 62 21 now
2712 4107 4 39 7

2084 4151 90 31 about
2189 4151 55 30 five
2267 4150 85 31 miles
2367 4150 76 32 from
2464 4151 50 31 the
2540 4151 173 33 Goldfields.

2083 4194 14 30 I
2106 4194 74 31 have
2192 4193 59 31 had
2262 4202 69 32 very
2340 4193 57 31 bad
2408 4194 68 32 luck
2486 4195 80 36 here,
2578 4196 15 30 I
2605 4197 110 31 started

2082 4238 71 31 with
2169 4240 56 29 two
2239 4238 102 31 horses
2356 4237 52 32 but
2423 4249 55 21 one
2493 4238 32 32 of
2545 4239 84 32 them
2650 4240 66 32 died

2081 4282 97 33 before
2199 4283 14 31 I
2239 4293 58 21 was
2324 4283 37 31 60
2385 4282 85 32 miles
2495 4294 38 21 on
2552 4283 51 32 the
2624 4285 90 37 road;

2081 4327 51 30 the
2145 4326 157 41 hardships
2317 4327 15 29 I
2356 4326 74 31 have
2453 4327 59 29 had
2536 4329 30 29 to
2589 4329 127 29 contend

2081 4370 71 31 with
2168 4380 48 21 are
2237 4370 169 40 something
2426 4370 170 33 more.than
2620 4371 15 31 I
2659 4382 55 20 can

2069 4410 1 45 |
2081 4414 127 40 explain.
2271 4413 62 32 The
2367 4413 118 32 climate
2514 4414 70 31 here
2612 4414 25 31 is
2667 4426 31 21 ex-

2069 4457 1 48 j
2081 4458 123 41 tremely
2218 4457 62 37 hot,
2297 4457 22 32 it
2333 4457 25 32 is
2380 4457 34 32 fit
2439 4458 44 31 for
2502 4469 38 20 no
2564 4470 54 20 one
2646 4459 69 42 only

2079 4503 128 39 niggers,
2224 4503 58 29 and
2297 4502 14 30 I
2335 4512 49 20 am
2398 4512 69 30 very
2481 4513 71 20 near
2568 4513 54 21 one
2647 4514 67 20 now

2080 4545 44 33 for
2138 4549 15 28 1
2168 4556 49 21 am
2232 4555 31 22 as
2278 4545 85 32 black
2378 4556 32 21 as
2426 4545 49 32 the
2490 4556 50 21 ace
2556 4546 31 32 of
2608 4546 104 42 spades

2080 4591 58 30 and
2153 4602 38 19 on
2206 4592 125 29 account
2356 4591 32 30 of
2409 4590 111 39 having
2544 4591 48 30 the
2608 4591 74 31 wool
2697 4592 15 29 I

2079 4642 49 22 am
2144 4633 80 31 often
2238 4632 90 32 taken
2351 4632 44 31 for
2410 4642 17 21 a
2443 4632 118 41 darkey.
2614 4633 16 30 I
2652 4633 60 31 will

2078 4689 67 19 now
2159 4688 52 30 say
2225 4688 17 20 a
2256 4677 79 32 word
2351 4677 88 31 about
2455 4677 49 31 the
2518 4677 78 40 gold.
2640 4678 71 31 This

2078 4720 83 40 place
2175 4720 61 31 will
2258 4720 35 31 be
2318 4720 50 31 the
2384 4720 119 31 rankest
2528 4721 94 30 duffer
2646 4721 65 30 that

2078 4775 67 22 ever
2159 4774 59 22 was
2232 4764 32 32 in
2288 4763 51 33 the
2355 4763 145 37 Colonies,
2516 4763 83 33 there
2623 4763 25 33 is
2672 4776 39 21 no

2077 4809 68 38 gold
2156 4809 70 29 here
2237 4812 31 26 to
2277 4819 57 30 pay
2344 4819 55 19 nor
2410 4819 88 20 never
2509 4808 69 30 will.
2615 4809 95 30 There

2077 4852 75 32 have
2166 4851 75 34 been
2256 4863 70 22 men
2340 4851 70 33 here
2424 4853 35 32 18
2470 4851 121 33 months
2601 4852 58 32 and
2671 4863 39 31 up

2077 4899 30 28 to
2121 4897 51 29 the
2189 4899 118 36 present
2330 4896 72 30 time
2417 4899 52 28 not
2494 4906 55 20 one
2574 4898 32 31 of
2627 4898 82 29 them

2076 4938 54 33 has
2145 4938 75 33 been
2241 4938 65 33 able
2331 4940 30 31 to
2384 4938 78 33 clear
2483 4938 47 33 his
2555 4950 152 30 expenses.

2077 4983 62 31 The
2154 4986 113 37 reports
2281 4984 31 30 in
2326 4983 50 31 the
2391 4994 104 29 papers
2520 4994 49 20 are
2583 4984 128 39 nothing

2075 5025 53 32 but
2142 5026 221 32 contaminated
2376 5026 63 32 lies.
2493 5026 94 32 There
2612 5026 24 32 is
2657 5030 52 29 not

2075 5080 55 21 one
2145 5070 79 31 word
2239 5070 32 31 of
2289 5070 82 31 truth
2385 5070 31 31 in
2432 5070 92 31 them.
2576 5071 29 30 It
2618 5071 25 30 is
2658 5071 49 31 the

2075 5115 115 40 poorest
2205 5113 82 42 place
2303 5114 65 32 that
2382 5125 60 21 was
2464 5125 66 21 ever
2544 5113 108 33 known
2677 5125 31 21 as

2075 5169 17 18 a
2106 5158 138 38 goldfield
2259 5159 58 29 and
2331 5159 15 29 I
2370 5159 37 29 do
2421 5162 52 26 not
2485 5159 85 30 know
2584 5160 80 29 what
2685 5160 22 29 it

2075 5200 60 31 will
2149 5200 56 32 end
2220 5200 41 32 in.
2314 5200 94 32 There
2424 5200 59 32 will
2498 5200 35 32 be
2548 5200 160 34 bloodshed

2074 5244 97 32 before
2185 5244 23 32 it
2223 5245 24 30 is
2262 5244 94 32 ended
2371 5255 31 21 as
2417 5256 68 21 men
2501 5256 48 21 are
2565 5245 40 31 all
2619 5245 89 41 along

2074 5288 50 31 the
2138 5288 72 31 road
2223 5288 67 30 half
2309 5289 132 38 starving
2455 5289 58 29 and
2536 5299 55 20 one
2605 5289 32 30 of
2657 5290 50 30 the

2074 5342 68 22 men
2157 5331 66 33 who
2246 5332 136 40 reported
2401 5331 59 32 this
2483 5332 82 40 place
2589 5332 59 32 had
2677 5338 30 26 to

2074 5376 87 40 apply
2181 5379 29 28 to
2233 5376 50 31 the
2306 5376 93 40 police
2424 5376 43 31 for
2489 5376 163 40 protection
2674 5388 33 20 or

2075 5420 58 31 else
2148 5419 37 32 he
2201 5419 96 32 would
2311 5420 74 31 have
2397 5419 74 32 been
2483 5419 76 32 shot.
2601 5420 15 30 I
2631 5420 74 31 have

2072 5466 52 28 not
2140 5463 50 31 the
2218 5463 73 30 least
2307 5463 91 31 doubt
2420 5463 53 30 but
2495 5463 66 30 that
2585 5473 58 30 you
2657 5473 48 21 are

2073 5517 85 30 eager
2173 5510 29 28 to
2224 5517 81 21 come
2329 5517 31 21 as
2384 5517 69 21 men
2476 5506 90 41 lately
2591 5506 113 33 arrived

2072 5551 69 30 here
2156 5551 53 30 tell
2236 5562 47 19 me
2309 5551 65 30 that
2392 5551 74 39 good
2493 5561 80 20 news
2595 5551 25 30 is
2645 5551 73 39 still:

2071 5594 114 41 raging.
2231 5594 74 32 Now
2326 5595 83 31 don't
2432 5605 58 30 you
2515 5593 110 32 believe
2648 5585 70 50 one!

2072 5639 79 31 word
2166 5639 31 32 of
2209 5639 79 31 what
2302 5650 57 30 you
2373 5639 72 31 hear
2460 5639 44 31 for
2519 5639 82 31 there
2616 5639 23 31 is
2665 5650 39 20 no
2717 5637 1 43 j

2071 5684 68 39 gold
2154 5684 113 40 getting
2282 5684 32 31 of
2325 5694 58 30 any
2398 5686 124 29 account
2537 5684 58 31 and
2610 5686 93 29 mens'
2717 5676 1 48 i

2070 5738 103 21 names
2188 5728 66 31 that
2269 5728 14 30 I
2307 5727 75 32 have
2397 5739 68 20 seen
2481 5729 30 29 in
2526 5727 50 32 the
2601 5738 103 29 papers

2071 5777 29 26 to
2125 5771 74 32 have
2222 5774 49 38 got
2295 5771 43 31 six
2354 5771 57 31 and
2437 5773 56 31 700
2519 5782 117 25 ounces,
2652 5771 52 31 tell

2070 5827 46 20 me
2133 5816 64 31 that
2212 5816 69 39 they
2296 5816 35 32 do
2356 5820 52 28 not
2420 5816 84 32 know
2518 5816 64 32 who
2605 5820 52 35 put
2681 5817 23 30 it

2749 212 41 30 in.
2846 213 15 30 I
2891 225 58 20 saw
2992 226 55 20 one
3070 227 70 19 man
3166 216 66 30 who
3257 226 59 20 was
3340 226 28 20 re-

2749 256 101 39 ported
2874 260 30 28 to
2929 258 74 31 have
3027 259 138 32 obtained
3191 262 57 29 500
3275 269 108 21 ounces

2749 300 58 32 and
2822 300 36 33 he
2874 301 61 33 told
2949 312 47 22 me
3020 303 65 31 that
3105 303 37 33 he
3156 303 70 42 only
3250 307 50 37 got
3328 305 55 31 170

2749 355 108 20 ounces
2881 346 59 30 and
2963 347 24 29 it
3010 350 62 28 cost
3097 348 63 30 him
3184 350 39 29 7
3254 350 36 28 10
3293 359 11 18 s
3332 357 51 28 per

2749 397 102 22 ounce.
2895 390 22 29 A
2935 390 125 31 number
3075 390 31 31 of
3125 402 69 19 men
3217 390 75 31 have
3317 389 66 31 died

2749 432 78 36 here,
2851 444 38 19 on
2924 434 50 31 the
3003 435 70 30 road
3101 435 75 32 from
3205 434 176 40 Cambridge

2749 475 75 32 Gulf
2835 476 82 32 there
2932 487 49 21 are
2996 478 89 32 about
3112 480 35 30 15
3170 479 83 36 dead,
3270 489 38 20 on
3333 478 49 30 the

2749 519 99 40 Derby
2861 521 71 29 road
2947 521 82 30 there
3044 533 49 19 are
3105 522 89 30 about
3209 524 38 28 40
3261 521 84 31 dead.
3368 521 15 29 I

2749 565 102 37 expect
2865 566 30 28 to
2910 562 35 32 be
2965 574 80 30 upon
3069 564 50 31 the
3141 564 136 41 diggings
3301 561 81 43 early

2749 608 178 36 to-morrow,
2944 608 53 32 but
3016 609 80 32 what
3121 609 14 31 I
3159 609 49 32 tell
3232 620 58 30 you
3315 607 25 32 is
3365 618 17 21 a

2749 649 57 30 fact
2822 651 89 30 about
2926 652 49 30 the
2987 653 82 38 place
3085 663 31 19 as
3131 653 15 29 I
3168 656 62 26 met
3244 663 70 19 men
3339 654 28 28 to-

2749 692 55 42 day
2819 693 97 33 whom
2929 694 14 31 I
2958 694 86 33 know
3058 694 67 33 well
3145 695 58 32 and
3218 694 97 33 would
3330 696 52 30 not

2750 737 51 30 tell
2815 748 48 20 me
2877 749 17 19 a
2909 739 38 31 lie
2972 740 59 30 and
3055 740 97 31 would
3174 744 52 26 not
3250 740 83 29 leave
3358 739 25 30 if

2750 780 68 41 they
2832 782 86 30 could
2932 783 86 31 make
3032 783 112 31 tucker.
3187 783 15 30 I
3217 783 59 30 will
3290 782 65 40 give
3366 792 16 20 a

2748 823 67 31 trial
2831 834 122 33 anyway
2967 827 77 29 until
3060 827 13 29 I
3088 837 52 20 use
3155 826 50 31 the
3219 825 164 40 provisions

2748 867 14 31 I
2777 867 74 33 have
2865 872 50 35 got
2930 870 57 31 and
3003 870 72 32 then
3089 870 15 32 I
3118 870 60 32 will
3192 881 83 21 come
3290 880 92 27 away.

2865 899 16 9 O
3354 901 9 9 y

2748 912 14 29 I
2777 916 80 27 must
2871 924 66 20 now
2951 924 83 21 come
3056 917 30 28 to
3101 924 17 19 a
3131 914 183 31 conclusion.
3366 914 15 29 I

2747 954 37 32 do
2799 961 51 26 not
2865 955 87 33 know
2966 957 85 31 when
3065 968 58 30 you
3138 957 60 31 will
3212 961 48 36 get
3276 957 59 31 this
3350 967 32 20 as

2748 998 15 29 I
2777 1008 48 20 am
2840 999 100 40 giving
2954 1000 23 30 it
2991 1003 31 28 to
3036 1011 17 19 a
3068 1011 70 19 man
3153 1001 67 29 that
3243 1000 25 30 is
3292 1000 90 39 going

2747 1051 82 31 away
2851 1042 36 41 by
2906 1043 51 32 the
2971 1043 65 31 first
3060 1043 79 32 boat.
3192 1043 142 41 Trusting
3358 1044 23 30 it

2747 1085 60 31 will
2822 1089 64 37 stop
2902 1098 57 30 any
2973 1088 114 31 further
3101 1088 83 31 rush.

2951 1131 15 30 I
2981 1131 123 36 remain,
3122 1133 60 35 <tc.,

3017 1183 135 30 Charles
3175 1183 164 30 Williams.

2778 1274 84 31 THE
2893 1274 319 33 HALL-HOUSTDN
3234 1276 115 33 CASE.

2897 1375 236 37 Ciiristchurch,
3151 1376 126 32 October
3293 1379 47 29 20.

2785 1427 63 32 The
2869 1429 70 40 jury
2962 1429 32 31 in
3018 1429 51 31 the
3088 1429 156 41 poisoning
3258 1441 65 21 case
3339 1441 28 21 re-

2745 1471 76 30 tired
2836 1474 30 27 at
2881 1474 70 28 3.10
2964 1472 154 39 yesterday
3142 1473 165 35 afternoon,
3323 1474 59 29 and

2746 1514 74 31 after
2844 1524 89 22 seven
2957 1514 129 33 minutes
3109 1516 140 31 returned
3277 1516 71 31 with
3364 1527 17 20 a

2745 1558 110 31 verdict
2870 1559 32 30 of
2951 1559 104 40 Guilty
3068 1561 17 11 '*
3107 1570 32 19 as
3153 1560 121 39 regards
3299 1561 81 35 Hall,

2745 1601 58 32 and
3100 1613 31 21 as
3157 1603 119 40 regards
3305 1604 74 31 Miss

2746 1646 147 30 Houston.
2937 1646 62 30 The
3015 1646 133 31 foreman
3163 1648 63 29 said
3248 1646 50 31 the
3311 1648 69 40 jury

2745 1688 111 31 wished
2870 1691 30 29 to
2916 1699 51 30 say
2981 1689 65 31 that
3069 1689 73 30 Miss
3168 1690 137 31 Houston
3328 1690 53 32 left

2746 1732 50 32 the
2811 1732 91 32 Court
2916 1733 125 31 without
3066 1733 51 31 the
3142 1733 136 40 slightest
3303 1735 79 30 stain

2745 1786 38 21 on
2798 1775 53 31 her
2862 1776 163 31 character.

2784 1818 57 32 His
2856 1819 105 32 Honor
2975 1821 31 30 at
3020 1829 72 22 once
3107 1819 122 32 ordered
3241 1819 51 33 the
3319 1820 43 33 dis-

2737 1862 1 41 ;
2744 1862 108 40 charge
2867 1863 31 31 of
2910 1863 74 30 Miss
2995 1862 149 32 Houston.

2784 1906 36 31 In
2830 1906 174 41 sentencing
3013 1907 72 31 Hall
3093 1907 49 32 the
3154 1907 97 42 Judge
3263 1909 116 30 said:

2745 1949 82 32 After
2853 1950 71 40 long
2946 1951 58 31 and
3028 1951 115 40 patient
3166 1951 211 41 investigation

2744 1993 50 29 the
2809 1993 69 40 jury
2902 1993 75 31 have
3001 2004 83 20 come
3107 1998 30 26 to
3161 2004 17 20 a
3205 1996 172 29 conclusion

2745 2035 97 34 which
2857 2039 30 30 at
2898 2048 72 22 once
2985 2036 126 34 satisfies
3126 2037 51 34 the
3191 2037 143 34 demands
3352 2039 32 33 of

2740 2082 108 39 justice
2863 2083 58 29 and
2949 2086 127 36 protects
3100 2083 160 31 innocence
3276 2085 33 30 of
3329 2085 51 31 the

2744 2135 105 30 person
2864 2125 132 38 accused,
3013 2125 52 33 but
3079 2128 54 30 not
3146 2127 106 40 proved
3274 2127 105 43 guilty.

2745 2169 61 30 The
2831 2170 90 29 crime
2946 2170 32 31 of
2998 2170 98 30 which
3120 2181 58 29 you
3202 2171 76 31 have
3305 2172 75 31 been

2743 2212 152 34 convicted
2909 2212 24 33 is
2949 2224 55 23 one
3018 2213 32 33 of
3069 2213 52 33 the
3132 2217 78 29 most
3232 2213 148 35 infamous

2745 2258 64 29 that
2824 2269 55 19 one
2893 2258 54 30 has
2963 2269 66 20 ever
3038 2260 69 29 read
3119 2260 32 29 of
3162 2260 32 29 in
3206 2260 50 30 the
3267 2261 114 39 history

2744 2298 31 31 of
2806 2299 137 31 criminal
2976 2300 201 40 proceedings.
3231 2302 24 30 A
3280 2311 100 32 young

2743 2354 71 21 man
2828 2344 131 41 recently
2973 2344 128 32 married
3116 2348 29 29 to
3161 2356 17 20 a
3192 2357 100 30 young
3303 2347 76 37 wife,

2743 2388 65 31 who
2829 2387 60 31 had
2910 2388 63 41 just
2992 2388 120 32 become
3137 2389 50 31 the
3210 2391 117 31 mother
3351 2393 31 29 of

2743 2431 46 31 his
2799 2431 89 37 child,
2901 2442 17 20 a
2945 2442 117 22 woman
3076 2432 98 32 whom
3185 2444 57 30 you
3267 2436 112 31 treated

2743 2478 30 30 to
2782 2475 51 32 the
2843 2476 105 32 word's
2955 2487 51 32 eye
3017 2476 71 33 with
3100 2476 50 33 the
3161 2478 218 34 consideration

2743 2521 58 29 and
2816 2525 113 34 respect
2944 2522 66 30 that
3024 2533 75 20 were
3114 2523 56 30 due
3186 2525 29 29 to
3231 2524 52 30 her
3296 2535 6 25 ;
3328 2525 50 31 the

2742 2572 116 21 woman
2870 2563 98 31 whose
2978 2563 118 31 bedside
3107 2574 58 31 you
3178 2565 102 31 visited
3292 2575 86 32 every

2742 2602 224 47 morning'with
2981 2619 18 21 a
3025 2608 106 43 deadly
3154 2620 125 32 purpose
3292 2622 7 28 ;
3328 2611 49 33 the

2742 2663 117 20 woman
2883 2653 99 30 whom
3005 2664 58 29 you
3087 2664 60 20 saw
3174 2655 98 40 dying,
3304 2667 32 19 as
3363 2657 16 29 I

2742 2705 69 31 may
2834 2695 58 31 call
2919 2696 33 37 it,
2980 2696 38 41 by
3045 2697 112 36 inches,
3180 2699 136 41 stepping
3340 2711 37 20 on

2742 2740 55 40 day
2813 2739 74 31 after
2902 2740 56 41 day
2977 2741 58 31 and
3058 2741 77 32 hour
3158 2742 74 31 after
3252 2743 76 32 hour
3347 2747 30 28 to

2742 2784 50 31 the
2807 2784 59 32 fate
2880 2795 74 31 your
2963 2784 163 35 intentions
3136 2787 159 42 consigned
3305 2787 70 39 her;

2742 2828 115 38 getting
2884 2829 44 30 for
2954 2830 132 38 yourself
3110 2831 50 30 the
3187 2832 120 39 passing
3333 2843 29 19 re-

2742 2870 135 39 putation
2902 2870 32 32 of
2959 2880 18 21 a
3003 2871 71 32 kind
3101 2873 191 38 considerate,
3318 2874 59 31 and

2743 2913 74 39 good
2841 2913 146 36 husband,
3003 2915 87 31 while
3113 2916 41 29 all
3178 2917 50 29 the
3253 2918 71 28 time
3349 2919 31 27 uf

2744 2956 81 31 these
2853 2957 70 39 long
2947 2957 184 32 monthsit
3158 2968 70 31 may
3249 2958 36 31 be
3299 2958 76 31 from

2743 2999 51 32 the
2804 3010 70 31 very
2887 3000 77 31 hour
2977 3011 57 31 you
3047 3001 46 32 led
3108 3001 54 32 her
3177 3005 29 28 to
3230 3001 51 32 the
3302 3001 75 32 altar

2743 3055 98 32 you
2864 3045 74 34 have
2964 3045 74 34 been
3060 3046 162 42 harboring
3246 3047 50 33 the
3319 3047 58 33 vile

2744 3090 128 38 thought
2887 3090 32 31 of
2928 3091 126 39 sending
3077 3091 53 31 her
3154 3096 31 27 to
3209 3092 53 31 her
3283 3093 92 30 tomb.

2744 3132 154 42 Anything
2924 3132 16 31 I
2964 3133 86 31 could
3078 3143 51 32 say
3156 3139 109 26 cannot
3299 3135 65 30 suffi-

2744 3177 108 40 ciently
2867 3177 131 31 describe
3018 3177 51 32 the
3091 3179 161 31 detestable
3272 3182 106 28 nature

2744 3221 32 31 of
2799 3231 74 30 your
2897 3221 101 33 crime.
3040 3221 95 33 There
3159 3222 25 32 is
3206 3233 39 22 no
3273 3234 105 21 excuse

2744 3264 158 37 whatever,
2918 3264 72 31 such
3004 3276 33 19 as
3051 3276 42 21 we
3108 3266 75 31 have
3197 3267 70 30 read
3295 3268 31 30 of
3347 3268 32 29 in

2745 3307 84 32 other
2851 3318 81 21 cases
2956 3308 33 31 of
3007 3308 263 42 poisoningthat
3294 3310 83 32 there

2744 3362 75 21 were
2846 3352 144 41 intrigues
3017 3363 33 21 or
3077 3354 102 31 sexual
3213 3354 103 38 desire,
3347 3367 32 20 or

2745 3395 66 32 that
2838 3407 58 29 you
2916 3407 49 21 are
2993 3407 17 21 a
3037 3408 72 20 man
3137 3398 105 40 played
3276 3410 38 20 on
3341 3399 38 41 by

2745 3442 103 36 strong
2874 3440 144 39 passions.
3060 3440 96 31 There
3170 3441 25 30 is
3208 3441 128 40 nothing
3351 3443 31 30 of

2746 3482 50 33 the
2824 3482 72 33 kind
2923 3486 31 30 to
2980 3486 158 31 extenuate
3166 3484 51 33 the
3252 3485 121 33 oifence.

2746 3528 65 31 You
2824 3528 76 32 have
2924 3528 74 32 been
3020 3529 95 41 guilty
3137 3530 32 31 of
3188 3541 91 21 worse
3304 3531 73 31 than

2745 3571 129 34 murder,
2898 3572 58 30 and
2978 3572 157 40 compared
3158 3575 30 29 to
3213 3574 59 30 this
3300 3579 79 26 most

2746 3615 133 31 murders
2894 3626 48 21 are
2957 3615 71 32 kind
3043 3616 58 31 and
3115 3617 193 33 considerate.
3340 3619 38 31 In

2745 3659 189 40 prosecuting
2946 3670 74 30 your
3034 3660 118 32 scheme
3173 3671 73 31 your
3259 3662 120 32 murder

2745 3702 55 31 has
2815 3702 74 32 been
2912 3703 77 31 from
3013 3704 80 32 week
3118 3707 30 29 to
3170 3705 88 32 week.
3300 3706 79 31 lam

2745 3745 99 31 bound
2860 3748 30 28 to
2905 3756 52 30 say
2971 3757 16 19 a
3001 3747 87 35 little,
3104 3757 32 20 as
3151 3748 15 29 I
3177 3748 58 31 like
3248 3751 29 28 to
3288 3749 90 39 speak

2745 3789 31 31 in
2801 3792 102 38 strong
2926 3792 92 30 terms
3043 3793 31 29 to
3097 3790 85 33 those
3206 3791 67 32 who
3300 3792 76 32 have

2744 3832 90 32 fallen
2850 3835 30 30 to
2891 3833 50 31 the
2956 3834 102 32 lowest
3072 3835 105 40 depths
3192 3836 32 30 of
3235 3836 120 39 degreda-

2745 3876 72 38 tion,
2843 3876 66 33 that
2930 3877 16 32 I
2970 3882 80 28 must
3076 3877 32 32 in
3126 3878 108 41 justice
3258 3880 102 32 charac-

2744 3920 87 31 terise
2844 3931 74 31 your
2931 3922 90 31 crime
3036 3932 32 20 as
3083 3922 23 31 it
3128 3922 134 31 deserves
3286 3927 30 27 to
3341 3923 35 32 be

2744 3963 224 39 characterised,
2984 3966 59 30 and
3067 3976 33 20 as
3123 3976 38 20 an
3184 3967 135 40 example
3333 3968 44 31 for

2743 4007 50 32 the
2808 4014 60 26 rest
2888 4009 32 31 of
2938 4019 73 31 your
3036 4009 96 32 fellow
3156 4010 149 37 colonists,
3318 4012 59 31 and

2743 4062 51 30 say
2815 4052 67 31 that
2904 4063 59 30 yon
2986 4053 75 31 have
3085 4052 139 33 achieved
3247 4054 50 31 the
3319 4054 42 31 dis-

2742 4094 126 32 tinction
2890 4096 32 31 of
2943 4096 88 40 being
3057 4096 51 31 the
3135 4096 86 31 vilest
3248 4097 32 31 of
3302 4109 74 29 your

2743 4148 60 22 sex.
2858 4139 119 40 Among
2996 4150 90 30 many
3106 4150 81 21 cases
3208 4140 32 32 of
3257 4141 119 32 murder

2743 4193 38 19 on
2795 4183 111 36 record,
2921 4183 113 31 seldom
3048 4183 55 31 has
3118 4193 17 21 a
3149 4193 65 21 case
3236 4185 139 31 occurred

2743 4225 32 31 of
2786 4236 32 21 so
2832 4226 90 31 much
2937 4226 94 32 moral
3055 4226 75 41 guilt
3144 4237 33 21 as
3200 4238 97 30 yours,
3315 4228 59 31 and

2742 4270 59 31 had
2822 4269 50 33 the
2899 4270 58 33 law
2977 4273 52 30 not
3064 4270 74 33 been
3172 4271 111 32 altered
3316 4283 57 31 you

2742 4314 96 30 would
2865 4315 143 40 certainly
3034 4315 76 31 have
3138 4315 134 31 forfeited
3299 4327 74 30 your

2741 4356 60 37 life,
2817 4357 59 31 and
2899 4357 84 33 there
3007 4358 98 32 would
3131 4358 75 32 have
3231 4358 74 32 been
3332 4371 39 20 no

2741 4400 110 32 chance
2866 4401 32 32 of
2922 4402 215 31 commutation
3160 4402 32 31 of
3210 4413 74 30 your
3307 4414 48 20 sen-

2740 4449 94 28 tence.
2876 4445 42 32 As
2945 4445 50 32 the
3022 4445 58 32 law
3102 4446 70 32 does
3199 4449 53 29 not
3265 4447 107 41 permit

2740 4499 47 20 me
2803 4491 29 29 to
2846 4499 68 30 pass
2928 4489 67 32 that
3008 4493 137 29 sentence
3161 4490 97 32 which
3271 4492 97 31 would

2740 4534 98 39 stamp
2838 4534 5 16 1
2850 4543 73 31 your
2937 4533 90 31 crime
3042 4533 72 31 with
3138 4533 38 31 its
3198 4538 65 27 true
3287 4535 67 30 char-

2739 4579 88 34 acter,
2850 4577 15 31 I
2888 4588 68 30 pass
2978 4588 79 30 upon
3081 4590 58 29 you
3163 4578 51 32 the
3241 4578 131 33 heaviest

2739 4624 137 26 sentence
2890 4621 233 38 possiblethat
3137 4631 57 29 you
3208 4622 36 30 be
3258 4623 69 38 kept
3340 4624 32 28 in

2738 4663 87 40 penal
2846 4663 146 34 servitude
3017 4665 43 32 for
3088 4664 50 33 the
3163 4667 61 31 rest
3247 4665 38 33 of
3299 4677 73 31 your

2737 4707 119 29 natural
2877 4708 60 28 life.

2916 4798 274 29 ARRIVAL

3002 4854 34 19 OF
3054 4854 56 20 THE

2738 4894 100 38 SAN
2887 4895 299 39 FRANCISCO
3242 4896 128 38 MAIL

2848 4957 59 28 AT
2952 4957 305 29 AUCKLAND.

2790 5041 157 37 (European
2961 5042 76 28 dates
3051 5045 27 26 to
3092 5041 159 37 September
3263 5043 53 35 24.)

2770 5092 71 28 Lord
2856 5092 141 37 Salisbury
3010 5093 47 28 left
3069 5094 42 27 for
3125 5094 103 27 France
3242 5102 36 19 on
3302 5095 48 36 Sep-

2735 5131 105 29 tember
2852 5132 74 28 24tii.

2770 5171 44 25 Sir
2835 5171 100 26 Saville
2961 5171 135 34 Crossley,
3120 5171 122 26 William
3265 5172 104 33 George

2735 5206 154 29 Cavendish
2908 5207 146 33 Bentinck,
3068 5207 54 28 and
3144 5209 34 26 30
3191 5207 77 28 other
3282 5218 63 17 mem-

2734 5244 60 30 bers
2807 5249 27 26 ol
2854 5245 45 29 the
2924 5245 93 30 House
3039 5245 31 30 of
3088 5246 149 28 Commons
3259 5247 48 28 left
3331 5247 34 34 by

2734 5290 131 21 steamers
2877 5284 144 35 departing
3033 5285 40 26 for
3087 5285 66 27 New
3173 5285 75 27 York
3269 5285 99 33 during

2735 5322 45 26 the
2798 5321 75 29 week
2895 5322 101 33 ending
3019 5322 158 36 September
3198 5322 75 33 25th,
3288 5323 42 28 for
3352 5334 15 18 a

2734 5364 61 24 tour
2807 5361 30 27 of
2846 5360 47 28 the
2909 5360 100 28 United
3024 5361 99 34 States,
3137 5362 141 36 including
3291 5362 56 28 Cali-

2733 5399 95 27 fornia.

2768 5437 94 27 Nubar
2876 5437 89 27 Pasha
2978 5446 55 19 was
3045 5438 137 35 expressly
3203 5440 160 26 summoned

2734 5478 26 23 to
2775 5474 113 27 London
2903 5484 35 17 on
2954 5474 159 36 September
3121 5475 82 33 22nd,
3215 5476 122 30 and.had
3349 5487 14 16 a

2734 5513 156 28 conference
2911 5512 66 29 with
3000 5512 70 28 Lord
3097 5513 141 37 Salisbury
3260 5524 35 17 on
3320 5515 45 28 the

2732 5551 138 35 Egyptian
2884 5550 134 36 question.
3064 5552 57 27 The
3135 5552 72 27 basis
3229 5552 30 27 of
3276 5553 77 28 settle

2733 5592 76 24 ment
2831 5588 53 28 will
2898 5588 129 36 probably
3049 5588 32 28 be
3105 5589 47 28 the
3172 5590 189 29 continuation

2732 5628 29 26 of
2779 5637 16 19 a
2815 5627 32 28 dc
2863 5627 82 37 facto
2967 5627 103 29 British
3094 5628 183 30 Protectorate
3300 5639 65 19 over

2732 5667 92 36 Egypt
2844 5666 36 37 by
2894 5667 45 28 the
2956 5668 192 27 maintenance
3171 5668 31 28 of
3221 5678 16 18 a
3257 5678 86 18 norm;
3356 5670 7 26 1

2733 5706 101 28 British
2848 5716 79 26 army
2947 5706 30 28 of
2993 5706 171 37 occupation,
3178 5717 30 17 or
3229 5717 35 17 an
3287 5718 59 18 over-

2732 5745 71 26 draft
2824 5755 71 25 upon
2921 5745 103 28 British
3049 5750 92 31 troops
3165 5746 28 26 in
3216 5746 99 35 Egypt,
3336 5748 26 25 i;i

2731 5782 79 29 order
2822 5787 28 25 to
2864 5783 31 28 be
2909 5783 193 38 provisionally
3117 5778 168 34 maintained
3301 5785 30 35 b>
3347 5795 15 18 a

2730 5832 16 18 a
2760 5824 128 36 specially
2902 5824 86 29 raised
3000 5824 71 28 force
3083 5824 29 29 of
3121 5823 140 37 Egyptian
3272 5831 92 29 troops

3413 214 65 28 with
3504 214 10 26 J
3522 212 85 28 iritis!]
3629 211 115 28 ofti.-ers.
3794 210 103 28 British
3923 212 124 33 personal

3412 249 163 37 oi'llg;ttions
3589 251 117 26 t<)\Viii'ils
3724 249 104 33 lurkey
3842 258 45 17 arc
3906 253 27 22 to
3957 249 31 26 bj
4002 258 30 26 up-

3412 291 63 26 held
3487 291 24 25 in
3524 288 164 28 accordance
3701 287 62 27 with
3777 287 46 26 the
3834 287 107 35 Cyprus
3949 287 98 37 Treaty

3412 331 30 26 of
3454 330 132 26 Aiiiance.

3446 364 4 33 r
3518 366 97 27 Sultan
3629 374 68 23 gave
3710 365 131 26 audience
3856 369 26 21 to
3897 364 45 26 the
3967 365 78 27 Duke

3410 417 5 15 <
3429 404 14 28 f
3473 403 159 34 Edinburgh
3665 408 27 22 at
3725 402 237 36 Constantinople,
3993 404 54 26 and

3411 445 30 26 I'i
3449 453 27 17 iii
3487 453 20 17 -e
3535 445 103 30 George
3664 442 30 27 of
3716 441 100 29 Wales,
3831 451 33 17 on
3881 442 159 35 September

3410 482 75 28 23n1.
3524 482 44 26 He
3581 480 122 27 received
3720 480 42 27 his
3776 480 107 26 visitors
3904 485 70 22 most
3988 489 42 18 cor-

3410 520 95 35 dially,
3519 519 53 26 and
3588 519 137 26 conferred
3744 527 72 26 upon
3839 518 64 27 both
3924 519 44 26 ihe
3991 519 36 26 Im-

3411 557 83 36 perial
3509 557 86 26 Order
3607 556 30 26 of
3647 556 130 27 Osmalia.

3447 595 25 28 it
3494 605 22 18 is
3539 593 124 38 reported
3689 594 60 28 that
3772 593 44 28 the
3836 592 166 30 Czarewitch
4023 594 22 29 is

3410 635 83 27 about
3508 640 26 21 to
3549 634 63 27 visit
3626 635 45 26 the
3687 635 106 26 Sultan.

3446 672 72 26 Lord
3549 671 79 27 Colin
3658 672 165 35 Campbell's
3853 670 108 27 divorce
3994 672 52 26 suit

3411 712 54 26 wdi
3481 713 29 25 be
3527 710 83 27 heard
3626 710 88 27 before
3737 710 44 28 Sir
3802 710 96 28 James
3920 709 124 29 Ilannoii

3410 758 65 18 soon
3490 749 69 27 after
3573 748 44 27 the
3629 750 117 34 opening
3757 749 31 26 of
3800 750 45 26 the
3859 753 75 21 court
3948 748 27 26 in
3991 749 34 26 Xo-

3412 786 117 28 vember.
3567 786 56 28 The
3638 787 225 35 co-respondents
3876 795 45 18 are
3943 786 60 27 four
4016 788 28 26 in

3410 825 169 28 numbera
3605 825 78 27 Duke
3708 825 62 27 who
3791 826 50 27 has
3863 824 110 35 already
3998 834 30 25 ap-

3411 863 97 37 peared
3528 863 33 28 'in
3593 863 46 28 the
3668 873 75 18 same
3768 863 149 32 character,
3943 862 47 29 but
4014 863 29 28 in

3410 902 126 27 different
3555 911 146 27 company,
3718 912 16 17 a
3756 903 116 28 General
3894 901 99 28 almost
4014 912 30 17 as

3410 940 98 36 widely
3521 940 101 28 known
3635 940 29 27 in
3685 940 141 29 literature
3840 938 54 30 and
3908 945 40 21 art
3972 950 30 16 as
4015 941 28 26 in

3409 980 122 33 military
3544 979 102 32 circles,
3660 988 15 18 a
3688 980 108 34 captain
3816 981 62 27 who
3899 977 23 27 is
3935 987 16 18 a
3972 984 72 22 most

3410 1017 124 27 valuable
3546 1016 90 37 public
3650 1021 117 28 servant,
3777 1018 54 26 and
3845 1028 16 18 a
3875 1016 167 30 fashionable

3410 1063 125 25 surgeon.

3445 1097 103 32 jSinety
3578 1093 137 28 thousand
3746 1099 92 23 cotton
3866 1097 124 36 spinners
4015 1102 28 24 at

3410 1131 106 35 Burnly
3539 1132 122 27 resolved
3687 1141 35 18 on
3748 1133 161 35 September
3930 1137 61 27 21st
4014 1143 28 21 to

3410 1169 82 28 strike
3508 1171 106 34 against
3627 1180 15 17 a
3654 1171 142 27 reduction
3810 1173 29 26 of
3850 1183 96 20 wa^es.

3445 1207 27 27 It
3485 1207 22 26 is
3520 1216 61 18 now
3602 1207 95 27 settled
3717 1209 59 26 that
3791 1209 70 27 Lord
3875 1211 91 34 Lyons
3980 1212 22 27 is
4016 1216 27 23 to

3409 1245 90 33 resign
3513 1246 45 27 the
3574 1245 76 29 Paris
3669 1246 137 37 Embassy
3829 1247 88 30 before
3939 1249 87 29 Christ-

3411 1293 67 23 mas,
3493 1284 55 27 and
3568 1285 34 27 he
3623 1284 55 28 will
3702 1285 30 27 be
3747 1287 147 27 succeeded
3916 1288 35 35 by
3973 1289 66 27 Earl

3410 1322 110 26 Lattou.

3402 1361 1 41 I
3444 1361 27 26 It
3483 1361 23 26 is
3520 1361 86 26 stated
3620 1361 29 27 in
3663 1362 225 37 Constantinople
3909 1364 115 35 (Septem-

3409 1397 47 28 ber
3470 1398 75 34 20ih)
3560 1398 61 28 that
3635 1399 135 36 England,
3781 1402 120 32 Austria,
3913 1403 52 26 and
3977 1405 48 25 Ger-

3409 1446 85 25 many
3520 1437 69 27 have
3614 1437 9 27 i
3636 1438 82 27 ivited
3743 1439 109 36 Turkey
3882 1446 26 22 to
3936 1451 104 27 occupy

3410 1474 146 26 lioumeiia
3577 1474 21 27 if
3618 1475 101 27 iius&ia,
3739 1477 136 28 advances
3896 1479 58 27 into
3976 1473 48 34 Bul-

3410 1512 84 35 garia.

3445 1550 44 26 Mr
3507 1550 15 27 J
3535 1560 67 18 :mes
3622 1550 154 35 Fergusson
3796 1553 95 29 denied
3915 1556 127 36 explieity

3410 1587 26 28 in
3451 1592 46 23 the
3515 1588 91 28 House
3620 1589 29 27 of
3659 1589 158 36 Commons,
3830 1602 35 17 on
3881 1595 160 34 September

3410 1627 73 31 17th,
3498 1627 61 27 that
3577 1628 124 34 England
3723 1630 54 27 had
3798 1641 54 25 any
3874 1634 165 27 annexation

3409 1665 109 32 designs
3532 1666 26 25 in
3575 1671 44 21 tne
3640 1667 226 29 -Mediterranean.

3443 1703 58 26 The
3527 1703 56 28 hue
3606 1705 87 27 works
3715 1706 29 27 of
3767 1707 177 33 Nottingham
3969 1710 70 27 hive

3409 1741 143 27 combined
3567 1742 28 26 in
3609 1744 148 34 proposing
3775 1750 27 22 to
3824 1747 97 27 reduce
3944 1756 96 24 wages.

3410 1779 56 27 The
3480 1780 140 27 reduction
3630 1782 53 26 will
3699 1783 29 26 be
3739 1785 120 31 resisted,
3870 1786 53 26 aud
3967 1787 56 27 lock-

3409 1823 48 21 out
3469 1818 23 26 is
3506 1818 154 28 imminent.

3444 1855 57 27 ivlrs
3515 1855 116 36 Girling,
3646 1867 16 17 a
3676 1858 91 28 leader
3779 1860 30 27 of
3819 1861 44 27 the
3877 1862 112 27 shakers
4010 1863 30 26 in

3409 1893 137 35 England,
3560 1893 61 28 died
3642 1905 34 18 on
3692 1898 157 35 September
3863 1901 73 27 18th.
3980 1901 60 26 Her

3409 1937 55 22 sect
3478 1941 22 18 is
3517 1934 125 34 reported
3662 1941 27 21 to
3712 1936 30 27 be
3764 1937 27 27 in
3813 1948 15 16 a
3847 1945 68 21 state
3937 1939 30 27 of
3989 1940 33 26 im-

3409 1970 212 36 poverishment.

3443 2008 148 26 Gladstone
3604 2011 126 26 returned
3744 2017 26 22 to
3791 2013 113 27 London
3918 2023 36 17 on
3974 2015 49 33 Sep-

3408 2045 105 30 tember
3525 2046 73 31 jcJi,
3612 2049 54 28 and
3680 2051 145 36 proceeded
3838 2058 28 23 to
3882 2053 156 29 Hawarden

3409 2095 26 18 :o
3449 2095 43 17 see
3506 2086 40 27 Ills
3560 2088 139 36 daughter.

3443 2123 44 27 Mr
3509 2124 89 33 Drew,
3611 2127 29 27 of
3658 2129 32 26 85
3713 2128 79 28 Cater
3808 2133 89 28 street,
3913 2129 125 33 London,

3408 2162 75 32 E.G.,
3494 2172 54 18 was
3561 2164 84 28 found
3668 2166 26 27 in
3715 2177 15 17 a
3753 2175 202 28 compartment
3976 2171 29 25 of
4024 2181 14 15 a

3408 2200 115 28 railroad
3546 2210 46 19 car
3612 2212 34 18 on
3671 2205 158 36 September
3851 2207 76 32 24th,
3943 2211 27 23 at
3993 2208 47 26 the

3408 2239 166 36 Queensford
3605 2244 109 32 station,
3735 2246 124 31 crushed,
3884 2246 41 28 his
3950 2246 92 29 brains

3407 2279 169 33 protruding.
3629 2283 58 24 The
3716 2284 77 25 affair
3821 2286 22 23 is
3863 2294 16 15 a
3904 2290 133 27 mystery.

3407 2314 87 28 There
3508 2324 54 19 was
3574 2325 36 19 no
3623 2317 121 32 robbery.

3440 2355 24 27 A
3479 2354 46 28 bill
3539 2357 129 37 ratifying
3687 2361 45 25 the
3754 2359 195 28 international
3976 2369 46 19 con-

3407 2393 111 27 vention
3544 2397 40 24 tor
3602 2396 46 27 the
3673 2399 151 33 protection
3852 2399 29 26 of
3908 2399 46 26 the
3979 2402 45 23 sub-

3407 2432 104 26 marine
3536 2434 88 27 cables
3646 2437 29 25 of
3696 2436 46 28 the
3765 2436 94 33 world,
3874 2438 95 34 passed
3996 2439 44 26 the

3407 2470 94 28 House
3514 2470 29 28 of
3553 2471 148 31 Commons
3712 2484 34 18 on
3760 2475 158 37 September
3930 2476 72 28 14th.

3441 2510 43 27 Sir
3496 2510 113 29 Charles
3626 2513 80 29 Ddke
3720 2515 127 28 returned
3872 2522 26 20 to
3923 2516 114 28 London

3405 2557 36 16 ou
3463 2550 160 32 September
3644 2553 72 28 15t.h,
3731 2554 55 23 and
3810 2554 162 25 announced
3995 2555 42 24 his

3405 2584 134 29 intent.on
3560 2589 28 25 to
3610 2594 119 22 re-enter
3751 2588 91 37 public
3869 2589 44 28 life
3939 2590 28 27 in
3990 2592 47 26 the

3405 2625 101 28 British
3539 2628 165 36 metropolis,
3736 2639 29 18 as
3796 2629 153 36 proprietor
3983 2631 55 27 and

3405 2665 88 25 editor
3514 2665 30 26 of
3562 2675 15 16 a
3595 2667 74 33 daily
3691 2677 167 26 newspaper.
3904 2669 88 27 There
4016 2672 22 24 is

3405 2711 75 18 some
3494 2702 170 36 indignation
3677 2705 144 36 expressed
3842 2706 35 36 by
3890 2706 46 27 the
3960 2707 78 28 Press

3405 2745 28 23 at
3445 2742 73 26 what
3531 2742 67 34 they
3611 2743 52 27 call
3711 2743 105 28 Dilke's

3438 2779 25 27 A
3482 2778 48 29 col!
3544 2789 40 19 so
3596 2791 7 17 i
3629 2778 4 42 (
3646 2791 13 19 c
3676 2782 79 28 urred
3777 2792 28 18 ia
3832 2782 45 29 the
3898 2784 84 36 Cy'e
4004 2794 36 19 oil

3405 2819 160 35 September
3596 2823 73 30 loth,
3700 2821 123 28 between
3856 2827 43 23 the
3934 2824 104 26 British

3404 2862 118 21 steamer
3532 2857 144 28 Siichenar
3688 2859 51 25 and
3753 2859 47 26 the
3810 2860 67 26 Clan
3889 2860 148 27 Grahame.

3404 2893 57 28 The
3475 2893 99 30 former
3587 2897 83 26 vessel
3683 2895 78 30 sank.

3443 2933 53 23 iiie
3509 2934 162 23 aUlliOlitiCn
3683 2935 25 21 vi
3723 2936 77 22 J_.otvl
3853 2937 182 21 nontcmriiatc

3404 2969 158 33 presenting
3586 2968 47 28 the
3664 2968 120 27 freedom
3806 2969 30 25 of
3857 2968 46 27 the
3930 2970 54 34 city
4009 2977 28 18 to

3405 3005 95 27 Prince
3515 3006 161 33 Alexander,
3690 3006 30 28 of
3729 3006 139 34 Bulgaria.

3439 3045 24 27 A
3485 3045 87 38 lioyal
3592 3046 184 28 Commission
3798 3048 25 26 ol
3844 3046 116 37 enquiry
3981 3046 57 28 in'o

3405 3085 46 27 the
3466 3087 132 34 necessity
3619 3086 31 28 of
3671 3086 68 27 Civil
3762 3087 106 27 Service
3890 3087 98 27 reform
4010 3088 30 26 in

3405 3123 46 26 the
3478 3123 101 27 British
3605 3124 198 31 Government,
3828 3125 50 25 has
3903 3124 67 26 been
3993 3133 30 18 ap-

3405 3159 120 37 pointed.

3441 3199 56 28 The
3522 3199 84 35 yacht
3630 3200 92 32 Volta,
3747 3201 137 35 propelled
3909 3200 36 35 by
3970 3201 52 27 elec-

3406 3238 99 34 tricity,
3521 3238 28 28 in
3563 3238 113 33 making
3699 3239 49 28 her
3763 3240 60 26 trial
3846 3239 52 36 trip
3919 3239 121 28 between

3405 3276 92 26 Dover
3521 3276 55 28 and
3601 3277 91 27 Calais
3717 3287 36 17 on
3780 3278 160 35 September
3966 3278 72 32 14th,

3405 3314 117 28 reached
3541 3314 46 28 the
3607 3315 83 28 latter
3710 3316 77 36 place
3809 3316 29 26 in
3865 3316 15 26 8
3903 3315 83 28 hours
4009 3318 32 25 15

3406 3359 119 21 minutes
3545 3354 70 27 from
3638 3354 47 28 the
3710 3355 65 27 time
3800 3354 30 28 of
3852 3354 48 28 her
3925 3356 115 31 starting

3405 3391 71 28 from
3494 3393 95 27 Dover.
3627 3393 56 27 The
3699 3399 94 22 return
3808 3394 53 35 trip
3884 3403 55 18 was
3960 3395 79 26 made

3405 3431 29 24 in
3445 3431 17 25 4
3475 3430 83 27 hours
3569 3432 31 25 15
3610 3432 127 25 minutes.
3774 3432 58 26 The
3841 3433 199 26 accumulators

3406 3476 70 19 were
3489 3467 117 37 charged
3619 3477 66 19 once
3699 3469 40 27 for
3751 3467 46 29 the
3809 3469 88 27 whole
3908 3470 32 26 50
3952 3469 86 28 miles.

3406 3506 58 28 The
3476 3517 46 18 sea
3539 3516 56 19 was
3614 3507 82 33 calm,
3710 3507 54 28 and
3786 3508 45 27 the
3850 3517 112 27 passage
3985 3518 56 18 was

3406 3545 80 27 made
3500 3556 28 17 so
3547 3546 156 34 noiselessly
3717 3546 60 27 that
3797 3556 16 17 a
3827 3547 102 32 seagull
3949 3547 91 35 asleep

3406 3593 35 17 on
3456 3584 45 27 the
3514 3590 83 21 water
3610 3593 54 19 was
3676 3588 49 23 not
3738 3584 139 28 disturbed
3890 3584 36 36 by
3939 3586 46 26 the
3994 3594 30 26 ap-

3405 3623 99 35 proach
3518 3622 30 28 of
3563 3623 46 27 the
3621 3622 93 37 yacht,
3728 3623 55 27 and
3805 3633 56 18 was
3883 3624 100 34 caught
4007 3624 35 36 by

3406 3661 46 26 the
3466 3661 97 27 hands.

3440 3699 99 28 Orders
3553 3700 69 27 have
3635 3699 66 28 been
3716 3699 124 29 received
3854 3704 26 24 at
3901 3700 141 29 Chatham

3407 3737 171 35 (September
3602 3739 81 33 22nd)
3708 3745 26 20 to
3753 3739 124 34 expedite
3901 3740 45 26 the
3968 3749 55 17 com-

3407 3775 99 34 pletion
3520 3775 31 28 of
3560 3784 56 19 war
3629 3775 125 28 material
3769 3785 60 18 now
3842 3777 88 26 under
3940 3777 97 36 weigh.

3406 3813 98 35 Belays
3517 3814 31 27 of
3559 3814 137 28 workmen
3719 3824 46 19 are
3788 3824 27 19 to
3839 3815 32 28 be
3892 3816 126 35 employe
4028 3817 9 26 1

3405 3851 35 36 by
3454 3851 52 36 day
3519 3852 55 28 and
3588 3852 87 35 night.

3440 3890 60 27 The
3530 3891 66 28 land
3621 3901 56 18 war
3701 3892 29 27 in
3757 3890 91 30 Wales
3873 3892 22 28 is
3917 3892 119 33 exciting

3405 3928 80 26 much
3511 3929 145 27 attention.
3710 3930 105 27 Arthur
3839 3930 114 32 Arnold,
3979 3940 43 25 pre-

3403 3966 77 27 sided
3499 3971 29 23 at
3549 3977 15 17 a
3586 3968 121 33 meeting
3732 3968 63 27 held
3821 3979 34 16 on
3877 3968 150 36 Septesnbcr-

3403 4005 75 29 25Lh,
3491 4010 29 22 at
3532 4005 47 28 the
3592 4006 130 28 National
3743 4007 107 26 Liberal
3864 4007 78 32 Club,
3967 4008 54 27 Lon-

3403 4042 63 27 don.
3504 4043 44 28 He
3558 4043 149 28 advocated
3722 4044 46 29 the
3782 4045 128 28 diffusion
3921 4046 30 27 of
3961 4047 75 32 land,

3402 4080 48 27 but
3480 4087 49 22 not
3558 4081 127 34 legalised
3715 4083 115 32 robbery
3852 4083 55 27 like
3939 4084 99 31 Henry

3403 4118 115 34 George.

3628 4222 182 31 IRELAND.

3434 4269 58 28 The
3517 4279 78 28 crops
3606 4271 28 26 in
3650 4271 45 27 tho
3707 4272 87 28 North
3810 4282 45 19 are
3869 4274 125 37 reported
4008 4278 27 25 to

3400 4308 32 28 be
3446 4309 97 28 ruined
3556 4309 35 36 by
3601 4310 45 27 the
3660 4311 90 35 heavy
3763 4311 83 28 rains.

3434 4356 74 28 Win.
3528 4356 85 33 Cuffe,
3636 4356 92 32 bailiff,
3751 4358 62 27 who
3826 4359 81 27 made
3928 4360 113 28 himself

3400 4403 65 26 very
3478 4395 149 27 obuoxious
3648 4395 37 36 by
3699 4396 41 27 his
3762 4397 58 27 cool
3841 4400 148 25 treatment
4010 4399 31 26 of

3399 4442 108 19 women
3520 4433 121 36 recently
3655 4434 114 33 evicted,
3784 4435 128 27 attended
3935 4445 15 17 a
3965 4446 74 18 mass

3399 4472 122 34 meeting
3533 4471 29 28 in
3576 4472 127 28 Belcarra
3716 4473 104 36 Chapel
3834 4475 26 26 in
3876 4475 160 34 September

3399 4511 68 30 21st,
3478 4510 80 27 when
3573 4512 9 25 J
3589 4513 16 24 2
3619 4511 28 27 of
3658 4511 46 27 the
3715 4522 107 17 women
3834 4513 91 26 whom
3937 4513 33 27 he
3982 4513 54 28 had

3399 4548 98 28 turned
3522 4553 46 24 out
3594 4553 38 23 set
3657 4558 75 27 upon
3758 4549 68 32 him,
3857 4551 115 27 assisted
3999 4551 37 35 by

3399 4587 99 33 others,
3512 4588 53 27 and
3580 4588 61 27 beat
3655 4588 57 27 him
3727 4598 29 18 so
3769 4590 192 36 unmercifully
3974 4591 60 28 that

3400 4626 43 24 his
3457 4626 45 26 life
3515 4626 22 25 is
3551 4626 141 34 despaired
3705 4627 34 25 of.

3432 4671 95 30 Albert
3556 4671 102 37 bridge,
3689 4672 138 37 spanning
3866 4673 44 29 the
3941 4674 97 34 Logan

3398 4711 72 26 river
3488 4716 28 21 at
3538 4711 114 32 Belfast,
3666 4712 135 34 collapsed
3826 4722 34 17 on
3876 4714 160 34 September

3399 4748 75 34 25th,
3497 4747 135 36 throwing
3653 4752 103 33 twenty
3779 4758 112 27 persons
3910 4751 57 26 into
3991 4751 45 28 the

3398 4788 80 27 river.
3515 4788 74 28 Four
3603 4798 69 18 were
3685 4787 139 29 drowned.

3434 4826 116 26 General
3565 4826 56 26 Red
3626 4835 59 17 vers
3704 4827 104 32 Bnller,
3831 4827 47 27 the
3900 4828 115 28 Commis-

3399 4863 88 29 sioner
3500 4864 120 37 recently
3633 4864 165 38 despatched
3818 4869 27 25 to
3868 4866 111 29 Ireland
4001 4867 37 37 by

3398 4903 46 26 the
3456 4904 196 30 Government,
3661 4904 199 34 hasexpressed
3872 4906 43 26 his
3921 4907 113 32 opinion

3397 4939 29 28 in
3441 4939 40 28 his
3495 4944 90 31 report
3598 4940 62 28 that
3671 4941 45 28 the
3731 4950 73 19 mass
3817 4941 29 28 of
3866 4943 46 27 the
3926 4947 109 24 tenants

3398 4988 44 18 are
3458 4979 97 28 unable
3570 4986 26 21 to
3610 4989 54 25 pay
3689 4980 46 27 the
3756 4986 75 23 rents
3853 4982 54 27 and
3929 4992 106 18 arrears

3398 5016 154 27 demanded
3566 5017 34 34 by
3615 5017 45 27 the
3679 5017 147 28 landlords.

3432 5054 32 27 In
3480 5054 46 28 the
3540 5055 94 27 House
3648 5055 28 27 of
3699 5056 150 28 Commons
3864 5057 171 36 (September

3397 5094 92 33 22nu),
3504 5093 101 32 Dillon,
3619 5103 16 17 a
3653 5094 153 31 Parncliite,
3820 5096 85 33 urged
3926 5096 46 27 the
3993 5106 27 17 re-

3398 5130 22 29 le
3431 5142 35 16 >se
3478 5131 29 28 of
3518 5132 100 28 Father
3628 5132 104 37 Fahey,
3743 5143 15 17 a
3769 5133 84 37 priest
3866 5134 168 36 imprisoned

3396 5176 28 21 at
3448 5171 158 31 Woodford,
3631 5172 71 31 who,
3728 5172 34 26 he
3782 5173 68 31 siid,
3872 5174 107 26 refused
4002 5179 27 21 ti

3395 5207 60 34 give
3469 5207 53 27 bail
3536 5207 113 28 because
3664 5208 33 27 he
3723 5209 117 31 thought
3862 5210 59 27 that
3943 5211 91 27 would

3395 5249 115 26 amount
3522 5252 26 22 to
3561 5256 34 18 an
3610 5245 149 30 admission
3773 5247 30 28 of
3813 5247 169 30 misconduct
3996 5259 37 19 on

3396 5285 42 25 his
3458 5290 68 29 part.
3568 5285 122 31 Holmes,
3711 5286 266 34 Attorney-General
3991 5289 41 26 for

3396 5322 117 33 Ireland,
3535 5323 122 35 justified
3683 5323 46 28 the
3749 5325 90 26 action
3860 5324 90 29 taken.
3988 5325 45 29 He

3394 5360 56 28 said
3467 5362 33 27 he
3516 5361 53 28 had
3582 5361 113 29 himself
3705 5372 35 18 no
3754 5372 90 26 power
3856 5367 27 24 to
3906 5364 126 29 interfere

3394 5400 69 26 after
3472 5401 46 27 the
3531 5400 158 33 Magistrate
3702 5402 50 26 hid
3761 5402 79 33 giyen
3851 5402 44 28 his
3904 5402 129 29 decision.

3394 5437 101 28 Seaton
3508 5439 57 27 said
3586 5438 34 28 he
3642 5449 56 17 was
3718 5439 29 28 of
3769 5440 46 28 the
3840 5441 112 36 opinion
3972 5441 62 29 that

3392 5475 104 27 Father
3509 5476 93 35 Fahey
3615 5477 88 26 wmM
3726 5487 80 25 prove
3829 5478 45 28 the
3897 5485 73 21 most
3991 5480 26 26 in-

3393 5514 163 28 convenient
3580 5515 122 36 prisoner
3726 5515 46 28 the
3801 5516 140 29 Governor
3971 5527 63 18 ever

3394 5552 62 27 hid.
3502 5553 136 31 Tan-nan,
3664 5563 15 17 a
3711 5554 157 32 Parnpllite,
3894 5556 135 32 followed,

3393 5590 51 27 and
3460 5590 68 28 after
3541 5591 80 34 being
3634 5592 77 27 twice
3733 5593 86 27 called
3839 5597 28 23 to
3888 5593 79 28 order
3987 5594 30 27 be-

3393 5637 79 19 cause
3486 5629 30 28 of
3534 5629 147 30 irredaveut
3702 5630 131 33 remarks,
3857 5631 33 28 lie
3912 5641 55 19 was
3989 5642 28 17 or-

3392 5666 80 29 dered
3496 5673 27 23 to
3547 5678 76 18 cease
3645 5669 139 36 speiking,
3812 5671 163 36 whereupon
3998 5671 34 28 he

3392 5706 46 28 left
3455 5706 45 28 the
3514 5707 138 30 chamber,
3668 5708 130 32 shouting
3817 5710 92 26 "'His
3940 5710 91 28 tloa.se

3391 5755 23 17 is
3429 5755 35 17 no
3478 5746 76 35 place
3568 5748 38 25 for
3619 5757 35 16 an
3679 5747 148 28 irishman.
3873 5749 13 26 I
3910 5758 46 18 am
3978 5749 39 27 Jis-

3392 5785 93 34 gasre.l
3502 5784 64 27 with

3425 5823 24 28 A
3462 5823 78 29 letter
3552 5824 49 28 has
3612 5824 67 30 been
3688 5831 60 23 sent
3761 5830 27 24 to
3799 5826 73 28 Lord
3890 5826 141 28 Churchill

1316 53 114 41 THE
1489 57 181 41 LYLLL
1724 60 185 47 TIMES,
1965 66 306 47 SATURDAY,
2327 70 264 39 OCTOBER
2637 85 42 35 23
2728 73 101 37 18S6.

112 5332 26 10 r-H

117 5345 21 10 4-

120 5360 18 18 C

121 5381 17 17 o

112 5400 25 15 t-H

120 5459 17 17 o

120 5512 16 15 c3

112 5531 24 26 Q

181 5297 103 21 PHASES
298 5298 31 20 OF
344 5298 55 20 THE
413 5298 83 22 MOON.

321 5357 26 18 D.
368 5356 29 20 H.
411 5357 30 19 M.

173 5386 131 29 N.Moon-
324 5388 33 27 27
393 5388 16 27 6
421 5388 80 27 48im

165 5422 103 39 [Fst.Qr
297 5441 7 5 -
342 5428 15 24 5
378 5427 32 25 19
439 5428 61 25 Gam

164 5463 133 28 iFl.Moon
325 5464 30 26 13
392 5466 15 24 2
421 5465 78 34 50pm

171 5502 98 35 Lst.Qr
294 5519 7 5 -
322 5502 31 28 21
392 5504 14 26 2
422 5503 76 27 loam

556 5314 16 13 (/.

557 5330 16 15 0

547 5374 26 26 P3

556 5416 16 12 r*

547 5460 26 18 w
618 5448 2 37 j

529 5510 27 19 H.
567 5511 28 18 M.
618 5500 2 32 !

669 5332 16 12 Ui

665 5348 21 10 -t-J

670 5361 15 15 0J

661 5379 25 19 CO

668 5412 17 20 a

620 5455 1 19 !
660 5455 25 19 C/Q

641 5511 27 19 H.
679 5511 29 19 M.

204 5587 136 35 Saturday

512 5571 49 43 T
580 5588 15 26 4
618 5571 2 43 :

641 5588 16 26 G
675 5574 46 41 25*

110 5629 32 26 24

202 5627 66 28 18th
281 5626 74 37 after
372 5626 112 36 Trinity

529 5628 14 26 5
581 5629 14 25 3

641 5628 16 25 G
675 5628 33 26 26

109 5669 32 26 25

204 5666 122 34 Monthly

528 5667 15 26 5
580 5666 15 27 2
617 5664 3 31 i

641 5666 15 26 G
675 5667 33 27 28

108 5708 34 26 20

202 5706 21 26 T
228 5716 51 16 lifts,
285 5706 43 33 lay

528 5706 15 26 5
580 5707 16 25 0
617 5696 2 37 !

641 5706 15 24 (5
674 5706 33 26 29

108 5746 33 28 '27
161 5737 2 37 i

202 5743 173 37 Wednesday
504 5743 2 37 1

528 5744 15 25 -1
563 5744 32 26 5'J
616 5744 3 30 1

640 5743 15 26 0
674 5744 33 26 30

107 5787 34 27 28
159 5772 3 45 I

201 5783 144 36 Thursday

528 5783 14 27 4
562 5783 32 27 57
616 5783 2 39 |

639 5784 16 26 g
674 5784 30 26 31

107 5827 33 25 2<J
159 5822 4 37 J

201 5824 101 35 Friday
503 5824 2 35 I

527 5823 15 26 4
562 5824 33 25 50
616 5823 2 26 i

639 5833 16 15 0
674 5823 31 26 33

228 179 235 32 Government
486 180 149 31 Notices.

218 289 24 29 v
245 310 6 8 -
361 272 147 76 S9R
615 291 22 28 1!
641 313 7 7 -

203 379 28 28 M
251 380 23 28 A
294 379 13 28 I
327 380 22 29 L
414 381 245 29 NOTICE.

124 505 36 28 J-
206 514 128 34 despatch
360 516 29 25 of
411 515 238 33 Correspondence
676 518 66 26 from

115 550 45 29 the
174 551 78 35 Lyell
271 552 83 29 Office
378 557 26 24 to
425 553 45 29 the
491 555 136 35 following
644 555 98 37 places,

114 591 54 27 and
184 592 79 28 Mails
276 593 95 32 arrive,
385 604 29 16 as
433 594 87 27 under
531 602 42 19 :

347 652 149 20 OUTWARDS
507 652 5 19 :

148 695 55 27 For
233 695 146 37 Westport,
411 696 162 35 Inangaliua
603 698 139 30 Junction,

113 733 155 33 Oronalun,
291 734 170 35 Boatman's,
486 736 123 32 Keefton,
632 737 54 27 and
706 737 34 27 all

113 772 129 27 southern
262 773 243 36 correspondency:
527 774 121 37 Sunday,
666 776 56 26 Wed-

113 810 103 36 nesday
230 811 54 28 and
299 811 110 37 Friday,
423 819 27 21 at
463 813 16 26 9
493 821 64 18 a.m.

148 859 54 27 For
224 859 116 28 White's
361 860 88 33 Point,
463 860 71 28 Fern
548 861 72 31 Flat,
630 861 112 28 Nelson,

113 896 54 28 and
188 896 35 28 all
244 897 130 28 northern
396 900 244 35 correspondence:
661 900 64 27 Tues-

112 934 63 36 day,
188 934 144 37 Thursday
340 936 53 28 and
404 936 145 37 Saturday,
562 941 28 25 at
604 939 59 27 1.80
676 948 64 26 p.m.

148 982 84 27 Owen
246 981 94 29 lieefs:
361 983 139 37 Tuesdays
514 985 53 26 and
586 985 156 36 Thursdays

113 1020 60 27 1.80
186 1030 65 26 p.m.

146 1067 54 29 For
206 1068 158 29 Melbourne
371 1069 54 28 and
431 1070 156 29 Australian
601 1071 139 29 Colonies:

110 1105 182 36 Wednesday,
306 1112 28 22 at
346 1109 16 25 9
374 1117 65 18 a.m.

311 1166 84 20 MAILS
420 1167 102 20 ARRIVE
533 1167 6 20 :

145 1209 81 28 From
251 1209 27 28 W
279 1209 5 9 T
286 1213 111 33 estport,
418 1209 161 37 Inangahua
599 1211 141 35 Junction,

110 1248 155 33 Cronadun,
274 1248 168 34 Boatman's,
451 1250 192 32 Keefton,&c.:
658 1252 65 26 Tues-

109 1285 62 37 day,
186 1286 143 37 Thursday
342 1288 54 27 and
411 1288 144 36 Saturday,
569 1295 26 21 at
611 1291 15 26 2
641 1299 64 27 p.m.

144 1334 81 26 From
237 1334 115 27 White's
362 1334 91 34 Point,
467 1336 69 26 Fern
547 1336 71 32 Flat,
628 1337 110 32 Nelson,

109 1371 62 28 &c.:
194 1371 121 36 Sunday,
327 1372 181 37 Wednesday,
520 1374 54 27 and
588 1374 111 37 Friday,
712 1381 28 22 at

108 1411 3 26 (
112 1411 27 26 J.
139 1411 30 26 30
181 1420 65 17 a.m.

143 1448 82 26 Owen
244 1448 77 27 Reefs
334 1456 5 19 :
360 1448 114 36 Fridays
491 1449 52 27 md
563 1450 135 36 Sundays,
712 1455 28 23 at

107 1486 16 28 9
137 1495 63 19 a.m.

142 1533 83 28 From
238 1534 147 36 Longford,
401 1535 168 33 Murchison,
583 1536 54 27 and
653 1537 68 27 Mata-

107 1570 100 31 kitaki:
228 1572 174 38 Wednesday
414 1573 54 28 and
492 1574 122 37 Sunday,
628 1578 28 25 at
679 1576 61 27 9.30

107 1620 64 17 a.m.

333 1662 38 29 H.
392 1663 33 28 G.
444 1663 224 35 YOUNGMAN,

528 1712 176 28 Postmaster.

194 1832 34 29 V.
620 1834 33 29 B.

160 1918 157 29 MISSING
343 1919 168 30 FRIENDS
537 1921 148 28 NOTICE.

108 2028 286 62 INFORMATION
414 2031 152 37 respecting
577 2030 46 31 the
636 2031 83 30 where-

181 2067 95 28 abouts
289 2069 54 27 and
357 2071 158 34 occupation
529 2071 30 26 of
574 2071 46 27 the
641 2071 80 27 under-

106 2106 156 29 mentioned
277 2116 110 27 persons
406 2109 22 27 is
451 2108 162 29 WANTED
636 2108 35 37 by
692 2109 46 28 the

107 2144 141 36 Secretary
261 2147 29 24 of
301 2145 45 27 the
361 2147 118 26 General
492 2147 65 28 Post
569 2147 83 28 Office
662 2156 5 19 :

106 2196 115 29 Alfred
234 2197 106 33 Brook,
347 2208 48 25 age
403 2201 177 35 twenty-one,
588 2199 53 30 last
655 2199 81 30 heard

174 2236 31 26 of
220 2241 28 21 at
261 2237 193 27 Christchurch
476 2239 55 25 and
551 2239 185 31 Invercarjjill,

173 2272 106 26 arrived
308 2281 28 18 in
367 2273 104 36 Colony
500 2274 133 36 January,
660 2276 75 26 1884.

173 2309 128 38 Inquired
320 2310 41 30 for
373 2310 35 37 by
423 2312 57 28 Mrs
496 2313 30 28 C.
540 2313 84 36 Gray,
638 2313 80 29 Cover-

172 2349 74 32 ham,
261 2350 173 34 Kekerangu,
448 2352 154 27 Blenheim.

103 2396 102 28 jlenry
227 2397 95 28 Lewis
346 2399 199 33 Anstruther,
571 2409 30 18 or
631 2400 104 27 Henry

171 2435 104 34 Lewis,
287 2436 50 29 last
350 2436 84 29 heard
441 2442 25 23 of
479 2437 27 28 in
522 2438 124 34 October,
658 2439 75 32 1885,

169 2474 29 29 in
212 2475 175 36 Wellington.
425 2477 130 36 Inquired
575 2477 41 28 for
635 2477 35 36 by
692 2478 41 28 his

170 2513 117 31 mother,
314 2514 79 34 Mary
417 2516 173 31 Anstruther,
618 2517 30 25 19
679 2517 54 34 Ely

171 2549 87 35 Place,
273 2549 135 36 Hoiborn,
423 2551 122 29 London.

100 2598 132 29 William
252 2599 76 29 John
347 2600 142 36 Phillips,
503 2602 51 28 last
568 2602 83 29 heard
665 2602 30 29 of
704 2603 27 28 in

169 2638 179 36 Canterbury,
381 2640 82 27 about
493 2641 95 27 twelve
620 2642 113 27 months

170 2685 59 25 ago.
280 2676 129 37 Inquired
434 2678 42 27 for
500 2678 35 36 by
559 2678 43 28 his
631 2679 98 32 father,

169 2714 103 37 Joseph
300 2716 125 36 Phillips,
454 2717 134 33 Alreston,
620 2718 111 33 Bristol,

170 2753 137 36 England.

101 2802 166 26 Frederick
289 2802 138 27 Helbhrt
448 2804 112 32 Power,
573 2805 52 26 last
648 2805 85 26 heard

171 2839 29 27 of
221 2838 30 27 in
276 2839 141 28 Auckland
442 2840 105 29 district
572 2841 29 28 in
628 2841 105 33 March,

174 2878 74 26 1885.
304 2878 129 36 Inquired
465 2880 39 27 for
540 2879 36 36 by
611 2880 122 27 Thomas

171 2915 105 34 Power,
291 2914 158 36 Wakefield,
463 2917 138 35 England.

344 2968 37 28 H.
396 2968 33 28 G.
442 2968 223 35 YOUNGHAN,

524 3009 176 29 Postmaster.

273 3088 117 31 Public
409 3090 151 30 Notices.

101 3166 115 41 THE
278 3167 221 43 WINTER
552 3170 182 43 STOCK

360 3241 33 20 AT
412 3242 56 19 THE

237 3278 114 39 NEW
374 3280 223 40 ZEALAND

101 3330 305 78 Clothing
438 3335 297 76 Factory

176 3421 274 34 PALMERSTON
484 3424 170 40 STREET,

313 3477 214 36 WESTPORT,

99 3523 58 61 IS
170 3533 60 19 now
245 3525 100 36 replete
355 3526 66 28 with
436 3536 14 18 a
461 3527 85 36 really
556 3528 178 36 Magnificent

310 3564 173 29 Assortment
496 3566 29 27 of

97 3610 121 41 Men's,
231 3611 139 31 Youths'
384 3613 68 30 and
465 3613 99 38 Boys'

236 3646 314 41 Fashionably-Cut
564 3649 170 41 Clothing,

98 3694 45 27 Ail
162 3694 80 27 made
261 3694 71 27 from
354 3694 69 28 New
442 3695 118 28 Zealand
574 3696 87 34 Wool,
675 3697 43 28 tho-

261 3731 116 36 roughly
390 3731 114 34 shrunk,
519 3733 54 27 and

98 3778 24 28 A
144 3778 94 36 Single
251 3778 106 29 Article
372 3779 67 28 Sold
452 3781 30 26 at
494 3781 123 36 Factory
630 3781 103 29 Prices.

100 3855 25 31 A
162 3854 141 41 Splendid
337 3855 187 33 Assortment
567 3857 32 32 of
638 3857 97 32 Men's

179 3898 125 32 Youths'
335 3899 59 31 and
427 3899 87 42 Boys'
550 3901 186 40 Waterproof

257 3943 150 40 Clothing,
423 3943 40 31 all
474 3944 121 32 marked
605 3945 32 31 in
649 3946 86 31 Plain

336 3986 132 42 Figures,
506 3988 59 31 and
603 3988 71 33 Sold
705 3991 30 30 at

412 4031 126 41 Factory
561 4031 109 33 Prices.

204 4111 234 30 FIRST-CLASS
458 4113 170 28 CUTTERS

101 4150 71 36 Only
186 4159 45 19 are
250 4151 120 35 engaged
393 4151 28 27 in
445 4151 44 28 the
511 4152 87 28 Order
619 4152 97 36 Depart-

329 4193 76 24 ment
418 4192 27 25 at
458 4189 46 28 the

99 4241 90 39 New
207 4241 162 40 Zealand
384 4241 166 53 Clothing
565 4243 164 54 Factory.

99 4341 30 31 A
147 4341 114 39 Single
280 4341 77 33 Suit
373 4343 104 30 Made
501 4344 37 30 to
564 4343 109 33 Order
698 4346 35 30 at

266 4391 145 39 Factory
429 4392 133 32 Prices!

384 4451 56 19 AND

98 4492 168 32 Remember
288 4494 89 30 All
404 4494 74 31 from
504 4495 50 32 the
577 4495 87 32 finest
689 4506 28 21 se-

96 4536 95 33 lected
206 4537 71 32 New
293 4537 130 33 Zealand
444 4538 95 39 Wool,
554 4539 179 42 thoroughly

97 4581 123 36 shrunk,
236 4582 58 29 and
309 4593 16 18 a
339 4583 115 29 Perfect
469 4584 48 30 Fit
532 4584 199 30 Guaranteed.

170 4664 94 27 Terms
285 4664 108 28 CASH.
430 4666 43 26 No
490 4666 173 28 Abatement.

99 4738 103 37 Agents
232 4738 40 31 for
301 4739 47 30 the
379 4739 158 31 Unrivalled
568 4741 162 31 Wertheim

273 4779 113 27 Sewing
406 4780 152 28 Macaines.

96 4856 81 59 New
209 4856 150 60 Zealand
391 4858 157 73 Ciotliing
572 4858 157 74 Factory,

134 4940 326 34 PALMEIISTON-ST.,
484 4941 212 30 WESTPORT.

188 5016 36 31 T.
243 5016 436 42 BLENNERHASSETT,

296 5061 131 35 Miinager
440 5061 139 36 Westport
593 5063 118 28 Branch.

944 185 117 31 Public
1080 185 149 33 Notices.

774 268 77 28 TIIE
884 269 191 29 NATIONAL
1105 270 104 28 LANK
1239 270 46 28 OF
1317 270 84 29 NEW

897 346 186 33 ZEALAND,
1108 348 175 26 LIMITED.

773 509 118 53 rjpillS
913 510 101 26 BANK
1032 511 52 25 will
1099 511 32 27 ba
1147 512 153 26 OPENED
1319 512 62 26 PER-

775 585 206 29 MANENTLY
1011 592 26 23 to
1073 591 120 26 transact
1224 588 177 30 GENERAL

772 661 173 30 BANKING
976 661 197 36 BUSINESS;
1368 675 33 19 on

771 738 52 28 anil
837 738 69 28 afier
919 739 208 35 SATURDAY,
1143 741 62 28 lGih
1219 743 112 28 instant.

1032 816 42 29 W.
1097 817 167 36 DYMOCK,

1094 895 117 27 General
1228 896 138 34 Manner.
