4120 5920
85 217 68 29 from
170 216 45 30 the
230 217 115 29 Scottish
370 217 155 30 Protestant
549 218 121 29 Alliance
693 223 27 25 to

85 257 104 27 discuss
220 257 45 27 the
297 257 76 34 reply
403 258 29 26 of
466 257 72 28 Lord
575 257 144 36 Randolph

83 294 141 28 Chuvclrill
238 299 26 23 to
279 294 68 28 their
361 297 102 33 protest
483 295 105 37 against
611 295 46 28 the
674 304 35 28 ap

84 334 155 35 pointnient
252 334 29 27 of
293 334 43 27 Mr
356 334 57 35 Hy.
437 334 121 28 Mathew
579 344 29 18 as
630 334 90 28 Homo

86 372 151 32 Secretary,
251 372 88 26 which
352 382 55 16 was
420 373 117 34 brought
562 382 36 26 up
620 383 33 16 on
676 373 44 26 the

85 409 106 32 ground
215 409 59 27 that
293 410 33 26 he
349 419 55 18 was
425 420 14 17 a
461 410 106 27 Roman
590 410 129 27 Catholic.

84 446 58 30 The
157 447 65 28 Rev.
236 447 95 30 James
353 449 108 31 Pat-on,
484 447 123 30 Director
627 449 28 28 of
675 449 45 28 the

86 487 132 33 Alliance,
225 487 49 26 has
281 487 144 27 addressed
440 497 15 18 a
462 487 78 28 letter
548 494 25 21 to
582 487 137 27 Churchill

86 525 28 26 in
128 525 88 27 which
231 525 33 27 he
277 534 72 26 says,
397 525 60 28 You
471 525 68 27 have
553 525 108 35 penned
686 534 33 19 an

85 562 119 28 insolent
217 563 76 35 reply
307 567 26 23 to
348 572 15 18 a
377 562 143 36 respectful
533 562 89 36 public
637 563 63 27 docu-

86 604 86 24 ment.
209 600 138 33 Although
360 609 54 28 you
428 609 44 19 are
486 610 61 18 now
568 610 15 18 a
608 600 112 28 Cabinet

87 638 135 33 Minister,
236 649 39 17 we
298 639 111 27 observe
432 638 65 28 with
521 638 199 28 astonishment

86 677 54 28 and
154 681 89 30 regret
256 677 58 28 that
337 686 52 26 you
411 677 69 28 have
500 680 48 25 not
570 676 53 28 laid
648 677 71 27 aside

86 717 77 27 those
178 725 126 27 weapons
317 718 28 27 of
371 716 82 28 abuse
467 715 64 29 with
552 715 90 28 which
666 725 53 27 you

86 754 192 27 tomahawked
291 764 68 25 your
371 764 60 25 way
445 758 26 23 to
484 763 98 26 power.
620 754 27 27 It
660 754 23 26 is
705 764 15 16 a

83 792 127 29 'national
223 792 126 37 calamity
362 792 77 29 when
461 801 63 19 men
551 790 169 39 pitchforked

86 830 58 28 into
157 832 65 32 high
236 832 130 34 positions
378 841 45 17 are
436 831 127 27 destitute
577 831 29 26 of
626 832 94 26 decent

279 868 98 28 Patton
391 868 142 28 concludes
546 866 43 28 his
599 867 121 28 remarks

87 906 37 36 by
137 908 96 34 saying
253 906 59 28 that
334 906 45 28 the
404 906 121 28 Alliauce
547 905 118 28 founded
686 906 34 27 its

87 947 103 32 protest
211 953 73 27 upon
305 944 45 28 the
373 953 74 18 same
469 943 104 33 ground
595 953 29 18 as
644 943 76 28 those

86 991 74 27 upon
188 982 89 28 which
309 983 45 27 the
385 981 141 37 expulsion
556 980 29 29 of
612 981 108 29 Roman

84 1021 139 26 Catholics
235 1021 23 26 is
270 1021 94 26 found.

103 1096 220 33 (Continuation
336 1096 34 33 of
384 1096 88 30 News,
486 1104 41 17 see
540 1094 49 26 4th
601 1094 98 33 Page.)

1371 73 116 42 THE
1573 68 183 43 LYELL
1810 67 183 44 TIMES,
2049 63 306 52 SATURDAY,
2412 68 262 42 OCTOBER
2729 83 55 37 23,
2844 71 101 38 1886.

254 1173 136 38 Mining
407 1171 150 33 Notices.

154 1254 249 30 APPLICATION
423 1254 73 29 FOR
515 1253 134 30 LEASE.

228 1366 101 28 Nelson
345 1365 165 28 South-west
524 1362 160 35 Goldfields,

324 1403 115 27 October
453 1402 72 30 15th,
541 1403 74 25 1880.

122 1465 39 28 To
180 1473 55 19 the
255 1464 128 28 Warden
402 1472 33 19 at
454 1463 131 28 Lyell—

89 1522 38 59 I
141 1520 157 30 HEREBY
317 1519 83 38 apply
427 1519 41 29 for
489 1529 16 19 a
527 1517 193 36 Gold-Mining

164 1560 84 27 Lease
268 1560 30 27 of
318 1559 46 27 the
386 1559 78 27 lands
487 1557 164 28 hereinafter
663 1557 44 26 des-

87 1597 101 33 cribed,
214 1597 28 28 in
278 1596 164 30 accordance
473 1595 66 30 with
570 1595 46 29 the
639 1594 80 29 Gold-

89 1637 109 35 Mining
212 1637 98 28 Leases
324 1635 177 35 Regulations
523 1639 28 24 ot
573 1634 66 28 New
654 1633 48 28 Zea-

89 1675 74 29 land,
178 1675 54 26 and
254 1675 14 26 I
289 1684 86 24 agree,
390 1683 74 27 upon
486 1673 45 28 the
552 1672 129 37 approval
694 1672 29 27 of

89 1713 55 26 this
157 1712 176 36 application,
347 1715 27 24 to
388 1715 109 24 execute
517 1720 16 18 a
554 1710 72 28 lease
646 1719 73 26 upon

89 1752 47 28 the
150 1751 70 28 basis
232 1751 105 28 therein
360 1750 97 34 stated,
470 1749 24 29 if
512 1749 46 29 the
580 1749 141 29 Governor

86 1790 74 28 shall
173 1790 80 28 think
267 1791 31 27 tit
311 1795 27 22 to
351 1793 81 32 grant
445 1789 45 28 the
505 1797 83 19 same.

156 1849 154 29 SAMUEL
322 1849 125 28 ROACH
485 1849 12 38 \
512 1868 34 11 *_
550 1877 16 10 n
567 1867 7 12 i
578 1868 6 19 J
590 1877 11 2 .
604 1869 60 18 OTlfa

157 1888 175 29 STEPHEN
347 1887 146 36 OXNAM)
506 1867 168 38 Apphcantß,

120 1950 89 27 Name
221 1949 55 27 and
287 1950 110 26 address
404 1950 28 26 in
439 1949 49 27 full
496 1949 30 27 of
535 1948 188 36 applicants—

155 1987 112 27 Samuel
282 1987 91 27 Roach
387 1987 55 27 and
461 1987 122 36 Stephen
606 1987 116 30 Oxnam,

155 2025 73 28 Fern
246 2025 67 28 Flat.

121 2077 75 37 Style
210 2077 86 28 under
308 2076 90 29 which
412 2077 21 28 it
446 2077 22 27 is
479 2075 129 29 intended
622 2079 27 25 to
660 2085 46 18 con-

156 2116 64 27 duct
245 2117 46 27 the
319 2115 123 28 business
445 2115 150 28 —Reefton
620 2115 102 35 Quartz

158 2154 108 36 Mining
283 2154 151 36 Company.

120 2207 103 28 Extent
237 2206 30 29 of
286 2206 104 36 ground
404 2205 108 37 applied
535 2204 187 30 for—Sixteen

155 2246 54 26 and
223 2245 89 27 a-lialf
327 2254 83 18 acres.

122 2296 149 29 Minimum
285 2296 115 28 number
424 2296 29 28 of
471 2305 63 18 men
548 2294 133 37 proposed
695 2300 28 22 to

157 2336 31 27 be
209 2334 142 37 employed
374 2334 35 37 by
423 2334 46 28 the
485 2334 84 28 lessee
571 2334 89 27 —For
674 2334 46 27 the

156 2374 60 28 first
243 2376 76 25 three
348 2373 122 31 months,
498 2374 16 26 2
546 2380 81 24 men;
661 2371 45 28 sub-

156 2412 151 34 sequently,
321 2411 79 27 when
417 2412 27 25 in
458 2411 49 26 full
521 2409 85 33 work,
620 2411 15 26 0
649 2418 73 18 men.

122 2463 123 28 Amount
265 2461 28 29 of
312 2461 99 37 capital
434 2460 133 39 proposed
588 2465 26 24 to
638 2460 32 29 be
681 2460 26 28 in-

158 2502 93 29 vested
253 2502 162 33 —£12,000.

126 2554 53 28 Pro
199 2552 65 29 osed
277 2552 79 29 mode
378 2552 30 29 of
428 2551 122 34 working
564 2551 46 29 the
624 2551 99 27 land—

157 2593 134 34 Ordinary
305 2591 80 29 mode
400 2591 29 27 of
440 2597 95 30 quartz
550 2590 115 35 miniug.

123 2644 107 29 Precise
244 2644 228 35 locality—Owen
482 2642 114 28 district.
634 2642 71 28 Boun-

159 2683 50 29 ded
240 2692 36 19 ou
304 2682 46 28 the
381 2682 80 28 north
484 2681 35 36 by
541 2681 45 29 the
618 2681 104 27 Golden

159 2722 97 28 Crown
270 2721 94 31 Lease,
380 2730 34 18 on
435 2721 47 26 the
503 2726 66 26 east,
583 2724 75 28 west,
672 2719 51 27 and

160 2760 80 29 south
251 2759 35 36 by
300 2759 97 29 Crown
413 2759 85 28 lands.

122 2811 84 28 Term
220 2812 40 27 for
281 2811 88 28 which
391 2811 70 27 lease
484 2810 23 27 is
533 2809 190 36 required—ls

158 2861 88 28 years.

124 2905 77 27 Time
209 2905 28 26 of
245 2905 189 31 commencing
443 2903 155 35 operations
601 2902 121 27 —When

159 2943 72 27 lease
246 2943 22 27 is
281 2942 123 36 granted.

124 3048 58 26 The
193 3045 82 28 above
286 3044 163 37 application
460 3042 54 29 and
524 3053 54 25 any
587 3040 133 38 objection

88 3084 105 26 thereto
219 3083 53 26 will
298 3083 31 26 be
352 3082 83 26 heard
461 3087 28 20 at
514 3081 45 26 the
583 3081 137 25 Warden'.-;

87 3121 86 28 Office
209 3123 28 26 at
276 3117 166 33 Murchison,
474 3128 34 18 oil
538 3116 182 34 TUESDAY,

89 3159 46 28 the
150 3159 63 28 18th
239 3156 181 33 JANUARY,
441 3158 75 26 1887.

121 3220 63 34 Any
205 3227 96 27 person
328 3217 118 36 desiring
468 3222 26 24 to
518 3218 88 35 object
625 3220 28 25 to
674 3218 46 27 the

86 3256 71 28 issue
181 3257 28 27 of
228 3267 15 17 a
267 3256 107 36 Mining
390 3257 80 27 Lease
482 3265 76 28 upon
573 3256 45 28 the
634 3256 85 28 above

88 3295 164 36 application
274 3300 82 26 must,
378 3295 94 28 within
498 3297 33 25 30
556 3295 72 27 clear
654 3293 68 37 days

87 3333 70 27 from
173 3333 44 28 the
230 3333 63 28 date
316 3333 31 27 of
366 3333 65 28 such
454 3333 176 36 application,
646 3337 77 23 enter

87 3370 44 26 his
153 3370 134 34 objection
309 3375 28 22 at
360 3371 47 26 the
430 3371 142 26 Warden's
596 3370 84 27 Office
694 3375 28 21 at

88 3406 89 37 Lyell.

225 3454 153 28 ALFRED
398 3454 31 28 A.
450 3454 203 34 CORFIELD,

484 3493 56 26 Pro
562 3493 126 27 Warden.

185 3543 145 28 Warden's
350 3543 93 33 Office,

126 3582 88 30 Lyell,
235 3581 62 29 15l1i
319 3582 115 28 October
453 3583 66 27 1880

928 209 118 31 Public
1065 209 150 31 Notices.

934 289 260 33 NOTICE.

748 404 53 81 IT
822 403 24 31 is
870 414 50 30 my
943 404 148 31 intention
1115 407 31 28 to
1169 405 87 40 apply
1279 405 30 30 at
1331 403 51 32 the

815 463 71 30 next
910 461 103 41 sitting
1037 461 31 32 of
1089 461 51 32 the
1166 461 101 32 Waste
1283 461 99 31 Lands

748 519 106 36 Board,
870 518 120 38 Nelson,
1006 519 44 31 for
1065 529 38 21 an
1125 519 255 31 OCCUPATION

747 575 176 32 LICENSE
940 586 67 21 over

826 633 49 31 All
889 633 65 31 that
969 631 80 42 piece
1065 644 32 22 or
1118 633 100 40 parcel
1232 633 32 32 of
1284 631 96 39 Land,

903 690 163 41 consisting
1081 690 31 32 of
1130 690 90 32 about
1237 692 37 30 50
1289 701 91 27 acres,

905 748 106 30 situate
1027 750 57 29 two
1105 748 58 30 and
1178 748 97 30 a-half
1296 749 86 30 miles

905 805 90 33 above
1030 805 85 41 Lyell
1150 816 38 21 on
1216 805 51 32 the
1293 805 88 33 south

905 862 60 32 side
981 862 32 32 of
1030 862 103 31 Buller
1155 862 77 34 river
1252 863 130 40 opposite

903 920 52 31 the
1006 920 203 31 Government
1252 920 130 40 clearing

903 976 138 33 bounded
1055 975 38 43 by
1107 976 50 31 the
1172 976 102 32 Buller
1293 976 86 38 river,

905 1034 58 31 and
991 1044 39 21 on
1057 1032 41 32 all
1126 1033 85 32 other
1237 1033 77 32 sides
1341 1033 39 41 by

905 1091 106 32 Crown
1025 1091 96 31 lands.

977 1154 185 35 WILLIAM
1178 1153 158 35 WALSH.

783 1223 95 41 Lyell,
894 1223 126 32 October
1037 1222 71 32 18th
1125 1223 86 31 1886.

933 1312 258 32 NOTICE.

749 1426 52 82 IT
815 1426 25 32 is
854 1437 50 31 my
917 1426 148 32 intention
1079 1428 30 30 to
1129 1425 131 32 APPLY
1274 1427 31 30 at
1331 1425 51 32 tlie

815 1487 71 29 next
901 1484 103 40 sitting
1028 1484 32 31 of
1079 1484 50 31 the
1154 1484 101 31 Waste
1279 1484 102 31 Lands

748 1542 106 37 Board,
870 1542 121 37 Nelson,
1008 1541 44 32 for
1066 1552 39 21 an
1124 1540 256 33 OCCUPATION

749 1599 176 34 LICENSE
938 1609 68 23 over

827 1658 48 32 All
889 1658 66 32 that
976 1658 80 40 piece
1072 1668 32 22 or
1117 1656 99 42 parcel
1231 1657 32 32 of
1283 1656 97 38 Land,

904 1714 163 41 consisting
1081 1715 32 31 of
1124 1714 90 32 abont
1228 1717 39 30 80
1289 1724 91 28 acres,

906 1773 107 31 situate
1028 1774 30 30 at
1074 1773 90 31 Owen
1179 1772 98 37 River,
1293 1772 90 33 about

906 1832 57 30 800
978 1830 85 41 yards
1089 1829 74 32 back
1187 1829 32 33 of
1241 1829 141 32 Flower's

908 1887 110 42 Camp;
1040 1887 136 32 bounded
1190 1898 40 21 on
1251 1886 41 33 all
1307 1887 76 32 sides

905 1945 38 40 by
958 1945 104 32 Crown
1077 1945 103 37 lands;
1202 1945 179 40 description

907 2003 31 31 of
948 2002 72 32 land
1032 2013 6 21 :
1063 2002 119 40 Swamp
1197 2001 59 33 and
1270 2001 87 33 bush.

946 2068 180 33 EDWARD
1141 2068 197 33 CARROLL.

788 2136 94 41 Lyell,
899 2136 124 33 October
1038 2136 88 37 22nd,
1144 2138 85 30 1886.

928 2227 246 33 NOTICE

753 2346 52 79 IT
826 2346 25 31 is
873 2355 51 32 my
947 2345 146 33 intention
1115 2347 30 30 to
1171 2345 87 42 apply
1280 2348 31 29 at
1333 2345 51 32 the

820 2392 71 28 next
906 2389 102 40 sitting
1033 2389 32 31 of
1085 2390 51 31 tlie
1160 2390 100 30 Waste
1282 2389 102 31 Lands

751 2433 107 34 Board,
875 2432 119 36 Nelson,
1017 2433 43 30 for
1075 2443 38 20 an
1128 2432 255 31 OCCUPATION

752 2475 175 34 LICENSE
944 2486 69 23 over

831 2538 48 31 All
894 2538 65 31 tliat
974 2539 79 40 piece
1068 2549 32 21 or
1113 2539 98 40 parcel
1234 2539 32 31 of
1287 2540 96 36 Land,

910 2590 162 42 consisting
1086 2592 31 31 of
1129 2591 89 32 about
1241 2593 36 30 41
1303 2602 81 22 acres

910 2646 17 28 2
942 2644 94 37 roods,
1053 2644 106 32 situate
1174 2655 39 21 on
1227 2645 50 32 the
1296 2645 89 32 south

909 2697 60 32 side
985 2697 31 32 of
1036 2697 51 32 the
1106 2697 103 32 Buller
1220 2697 98 38 Eiver,
1334 2708 37 31 op

909 2750 93 41 posite
1017 2750 171 33 Husband's
1202 2750 85 39 farm,
1304 2751 79 32 Fern

910 2803 76 34 Flat,
1004 2804 57 28 and
1077 2804 138 39 formerly
1228 2804 109 30 known
1352 2814 31 20 as

912 2854 111 44 Ryan's
1056 2853 160 41 leasehold,
1249 2855 136 34 bounded

912 2919 38 20 on
965 2909 49 31 the
1034 2909 89 29 north
1145 2909 38 40 by
1207 2909 50 30 the
1282 2909 103 31 Buller

912 2959 97 37 River,
1026 2960 58 31 and
1099 2971 37 21 on
1152 2960 40 32 all
1211 2961 84 32 other
1310 2961 75 32 sides

911 3011 37 43 by
964 3011 104 34 Crown
1083 3013 96 33 lands.

1094 3076 33 30 P.
1152 3076 191 31 O'HAGAN.

791 3136 81 32 Eern
888 3136 77 37 Flat,
982 3137 125 32 October
1120 3138 81 37 14th,
1219 3140 86 30 1886.

751 3236 148 32 NOTICE
929 3237 52 32 OF
1009 3238 270 32 APPLICATION
1308 3239 78 31 FOR

801 3290 24 30 A
848 3290 275 32 CONDITIONAL
1145 3291 189 31 LICENSE.

754 3417 25 24 T
822 3409 168 34 THOMAS
1022 3411 309 32 TATTERSHALL.
1360 3412 32 31 of

755 3447 40 54 I,
841 3454 123 33 Bulmer
989 3455 101 37 Creek,
1115 3456 91 32 Owen
1230 3456 97 38 Reefs,
1352 3456 36 32 do

753 3506 108 42 hereby
875 3506 64 40 give
954 3507 97 31 notice
1066 3508 66 31 that
1146 3508 16 30 I
1186 3508 94 31 desire
1294 3510 30 29 to
1339 3508 32 31 ob-

753 3551 72 35 tain,
842 3550 59 31 and
925 3550 60 31 will
1009 3555 31 27 at
1063 3551 51 31 the
1137 3554 71 29 next
1233 3552 113 40 Sitting
1360 3553 32 30 of

753 3594 50 32 the
818 3593 101 38 Court,
934 3596 31 30 to
979 3594 35 32 be
1037 3595 108 32 holden
1160 3598 31 29 at
1216 3595 172 33 Murchison

753 3649 37 19 011
806 3638 49 30 the
880 3638 59 29 2nd
964 3638 55 41 day
1043 3639 175 36 November,
1235 3640 87 40 apply
1345 3640 45 30 for

753 3692 16 21 a
785 3680 165 34 Certificate
973 3682 184 41 authorising
1171 3682 50 33 the
1236 3683 78 33 issue
1329 3683 32 33 of
1373 3694 17 21 a

753 3725 188 32 Conditional
974 3727 263 31 Accommodation
1265 3728 124 30 License

753 3769 44 33 for
811 3781 17 21 a
842 3769 91 33 house
959 3769 106 33 situate
1086 3772 30 30 at
1140 3770 123 33 Bulmer
1286 3770 102 39 Creek,

754 3814 90 30 Owen
859 3814 96 36 Reefs,
971 3816 172 39 containing
1157 3816 56 30 five
1227 3826 98 20 rooms
1340 3826 32 20 ex-

753 3857 108 33 clusive
877 3857 31 33 of
916 3857 84 34 those
1012 3859 135 41 required
1162 3859 44 33 for
1220 3859 50 33 the
1284 3870 52 23 use
1361 3859 32 33 of

752 3902 50 30 the
816 3903 113 38 family

844 3944 168 35 THOMAS
1035 3944 309 35 TATTERSHALL.

792 3990 97 31 Dated
913 3991 51 30 the
979 3991 73 30 26tli
1077 3992 56 39 day
1152 3992 32 30 of
1206 3992 182 39 September,

753 4033 51 31 188
804 4033 35 31 G.

752 4120 150 33 NOTICE
932 4120 51 33 OF
1011 4121 269 34 APPLICATION
1310 4122 78 33 FOR

800 4178 26 29 A
848 4178 277 31 CONDITIONAL
1145 4179 189 31 LICENSE.

755 4306 24 27 T
822 4299 140 35 MYLES
978 4301 41 33 M.
1044 4301 139 40 DIXON,
1204 4301 32 34 of
1257 4302 130 34 Flowers

755 4341 23 40 X
787 4369 8 23 j
842 4347 78 34 Flat,
937 4348 91 29 Owen
1042 4348 97 35 Reefs,
1152 4348 37 30 do
1202 4348 110 39 hereby
1324 4349 64 37 give

753 4396 96 34 notice
867 4395 64 35 that
945 4397 15 33 I
974 4397 94 34 desire
1083 4400 30 32 to
1128 4398 111 39 obtain,
1256 4398 59 34 and
1329 4398 59 34 will

753 4445 30 27 at
799 4443 49 30 the
867 4445 71 28 next
964 4444 111 38 Sitting
1096 4445 31 30 of
1152 4445 50 30 the
1230 4445 160 38 Licensing

754 4483 91 32 Court
870 4486 29 30 to
915 4484 35 33 be
965 4485 110 32 holden
1098 4489 29 28 at
1152 4486 174 33 Murchison
1351 4498 38 21 on

754 4528 49 31 the
819 4529 60 30 2nd
893 4529 56 40 day
964 4530 31 30 of
1007 4530 174 36 November,
1198 4531 88 40 apply
1308 4532 44 30 for
1372 4542 17 19 a

753 4570 167 32 Certificate
941 4572 185 40 authorising
1150 4574 50 30 the
1215 4574 78 30 issue
1319 4574 33 31 of
1373 4584 17 20 a

754 4612 188 34 Conditional
953 4614 124 33 License
1089 4616 44 31 for
1148 4626 16 21 a
1175 4616 92 32 house
1280 4617 107 31 situate

754 4659 29 29 at
799 4657 128 32 Flowers
943 4658 76 37 Flat,
1038 4659 90 32 Owen
1143 4659 96 38 Reefs,
1252 4661 116 30 contain-

753 4700 51 39 ing
818 4711 88 21 seven
917 4712 108 26 rooms,
1040 4703 147 31 exclusive
1203 4704 31 30 of
1246 4704 84 31 those
1341 4715 30 20 re-

755 4743 101 41 quired
868 4744 44 32 for
927 4745 50 31 the
992 4755 51 22 use
1059 4745 31 33 of
1101 4746 51 32 the
1167 4746 113 42 family.

991 4806 140 34 MYLES
1146 4808 42 32 M.
1204 4809 140 33 DIXON.

793 4867 96 31 Dated
904 4867 50 31 the
969 4868 59 30 2nd
1040 4868 56 40 day
1105 4869 31 31 of
1149 4870 134 37 October,
1298 4873 85 29 1886.

1206 4959 81 38 IN
1318 4959 53 47 N,

1019 5033 103 27 Lyell.

872 5180 152 33 ELLEN
1054 5181 232 32 WILLIAMS

847 5258 144 31 ieluiuisig
1009 5254 101 30 thanks
1127 5261 43 23 lor
1191 5261 62 31 part
1274 5256 118 33 favours,

757 5328 90 36 public
868 5329 60 28 that
950 5329 49 28 she
1024 5330 49 29 has
1096 5331 57 37 just
1175 5331 153 37 completed
1349 5341 28 18 ex-

758 5368 101 27 tensive
880 5368 137 28 additions
1040 5369 55 28 and
1114 5370 160 28 alterations
1296 5375 28 24 to
1343 5371 50 27 her

759 5406 140 36 premises,
919 5407 54 28 and
993 5408 46 27 the
1061 5409 207 28 accomodation
1287 5409 24 28 is
1329 5419 62 19 now

977 5447 192 34 unsurpassed.

759 5545 73 33 Ales,
858 5545 103 32 AYinos,
985 5547 53 26 and
1062 5547 97 35 Spirits
1185 5548 29 27 of
1236 5548 74 28 First
1324 5548 69 27 class

933 5592 111 38 Quality
1058 5594 64 36 only
1135 5594 73 38 kept.

830 5705 77 28 Good
927 5706 126 36 Stabling
1073 5707 251 29 Accommodation.

933 5762 124 28 ELLEN
1084 5763 206 33 WILLIAMS,

1141 5813 218 25 Proprietress.

263 3659 118 33 Pablic
399 3659 151 33 Noti)33.

342 3750 25 32 $

590 3780 7 30 ]

225 3871 167 32 DULLER
414 3871 172 33 COUNTY.

93 3986 208 31 mENDERS
315 3986 59 31 will
400 3986 34 30 be
450 3986 212 31 RECEIVED
681 3986 45 31 for

99 4016 28 49 J-
175 4041 50 33 the
252 4041 156 34 SUPPLY
437 4043 31 31 of
492 4041 167 33 GRAVEL
681 4042 45 32 for

91 4098 196 33 SECTIONS
300 4101 17 29 3
329 4099 58 31 and
395 4101 16 29 5
423 4099 168 32 DULLER
601 4099 121 37 ROAD,

92 4167 32 19 as
138 4167 52 28 per
203 4158 214 37 specifications
440 4161 30 26 to
486 4158 34 29 be
536 4169 68 19 seen
629 4161 30 26 at
674 4158 52 29 Mr

90 4212 164 34 Fennell's
271 4215 87 37 store,
374 4212 102 44 Lyell;
499 4212 51 35 Mr
572 4213 150 40 Berlin's,

94 4271 52 29 Mr
160 4271 155 35 Junker's,
331 4271 57 29 and
404 4271 50 30 Mr
470 4271 181 30 Courtney's
672 4272 35 30 Ac-

94 4328 218 32 commodation
341 4328 125 37 Houses,
492 4328 103 33 Euller
623 4329 82 32 Road
719 4341 5 26 ;

91 4382 59 32 :uid
167 4385 30 29 at
215 4382 48 32 the
280 4382 115 43 County
411 4382 99 39 Office,
527 4383 159 43 Westport.

131 4497 195 33 TENDERS
342 4497 128 33 CLOSE
486 4509 38 21 on
536 4498 162 33 WEDNES-

92 4556 93 35 DAY,
202 4555 49 31 tlie
267 4555 72 32 27tli
354 4555 113 31 instant
482 4558 30 28 at
534 4556 50 30 the
608 4557 116 40 County

94 4612 101 36 Office,
211 4614 31 29 at
256 4622 89 21 noon.

329 4669 36 31 E.
383 4669 179 37 O'CONOR,

386 4726 116 41 County
517 4726 170 32 Chairman.

130 4784 159 41 Westport,
309 4783 126 32 October
452 4784 80 37 19th,
551 4786 86 31 1880.

272 4873 275 32 NOTICE.

93 4981 52 79 IT
167 4991 24 21 is
214 4991 49 30 my
287 4980 147 31 intention
458 4983 29 29 to
512 4980 87 41 apply
624 4983 29 28 at
678 4979 50 32 the

162 5038 70 30 next
248 5036 103 40 sitting
373 5036 32 31 of
426 5035 50 31 the
501 5036 101 30 Waste
627 5035 100 31 Lands

91 5094 108 37 Board,
216 5094 120 36 Nelson,
352 5094 45 31 for
411 5104 38 20 an
473 5093 253 32 OCCUPATION

91 5151 179 32 LICENSE
287 5160 78 23 over.

172 5208 48 32 All
235 5207 65 31 that
322 5207 79 41 piece
417 5217 32 21 or
463 5206 97 41 parcel
576 5206 31 32 of
628 5206 96 37 Land,

247 5251 164 41 consisting
421 5252 31 31 of
465 5252 89 31 about
566 5253 55 30 100
632 5263 90 25 acres,

252 5295 206 39 commencing
485 5297 30 27 at
537 5294 137 40 junction
682 5296 15 40 #
697 5296 31 40 of

254 5337 143 41 Maggie's
427 5337 92 32 Creek
549 5337 58 32 and
639 5338 89 31 Owen

254 5381 85 38 river,
357 5382 57 30 and
433 5381 132 41 running
590 5392 38 31 up
645 5384 28 29 to
698 5382 29 33 S.

254 5426 153 39 Baigent's
422 5426 161 39 boundary,
600 5426 128 40 through

251 5468 97 33 which
377 5468 49 31 the
448 5479 65 20 new
538 5469 88 30 Owen
654 5470 74 30 reefs

252 5513 72 32 road
338 5524 66 20 now
418 5524 71 20 runs
503 5524 6 26 ;
531 5513 137 31 bounded
689 5524 37 21 on

249 5558 51 30 the
319 5560 72 27 west
406 5557 60 29 side
484 5557 35 39 by
534 5557 90 29 Owen
639 5557 85 36 river,

249 5612 38 21 on
303 5600 49 32 the
367 5602 63 30 east
445 5600 38 42 by
499 5599 105 34 Crown
628 5600 95 38 lands,

251 5656 39 20 on
317 5645 88 30 north
430 5644 37 40 by
490 5644 162 40 Baigent's,
672 5645 56 30 and

253 5687 88 33 south
357 5687 36 42 by
409 5687 143 42 Maggie's
567 5687 102 32 Creek.

507 5745 29 31 J.
553 5745 135 31 RIBET.

128 5805 85 38 llopc
230 5803 152 35 Junction,
399 5803 125 32 October
541 5803 81 35 18th,
638 5805 50 30 188
688 5805 34 30 G.

1583 200 117 33 Publio
1722 201 152 31 Notices.

1472 282 123 26 LYELL
1609 282 20 26 &
1642 280 174 28 CENTRAL
1829 277 155 28 BULLER

1409 337 160 63 JOCKEY
1587 337 109 63 CLUB
1714 334 114 64 RACE
1853 332 191 63 MEETING

1613 425 35 19 TO
1662 424 35 20 BE
1713 423 78 19 HELD
1805 423 35 18 ON

1427 467 174 33 MONDAY,
1621 465 222 30 DECEMBER
1860 463 75 33 27th,
1949 463 77 28 ISB6.

1648 542 158 29 Steivards:

1411 582 101 28 Messrs
1525 581 110 29 Lowick
1754 581 100 26 Messrs
1864 578 26 28 J.
1902 575 141 38 Campbell

1464 641 17 13 „
1526 620 27 28 J.
1568 620 68 27 Reid
1806 638 17 13 „
1866 614 178 31 J.M'Dowall

1464 679 16 13 „
1526 659 34 27 D.
1576 658 123 28 Sullivan
1790 689 7 7 t
1806 677 17 12 „
1867 656 26 26 J.
1912 654 64 27 Rait

1464 719 17 13 „
1526 698 30 28 C.
1573 697 110 27 Trower
1806 715 16 12 ~
1867 696 31 24 A.
1919 691 89 30 Smith

1557 736 108 34 Judge:
1689 735 42 27 Mr
1743 735 32 27 0.
1789 733 107 36 Lynch.

1526 774 127 27 Starter:
1676 773 43 27 Mr
1732 772 30 27 T.
1777 770 152 29 O'Rourke.

1490 812 80 29 Clerk
1583 812 35 36 of
1625 812 119 29 Course:
1766 811 43 27 Mr
1822 809 26 30 J.
1862 809 103 28 James.

1424 851 81 28 ClerJc
1517 851 35 34 of
1562 850 93 27 Scales
1667 858 8 18 :
1696 849 44 26 Mr
1753 849 37 26 H.
1804 851 30 24 13.
1849 847 181 27 Huddleston.

1478 889 76 27 Hon.
1572 888 152 27 Treasurer
1735 896 8 18 :
1765 886 44 28 Mr
1822 886 31 28 0.
1868 884 105 37 Lynch.

1411 982 82 28 Hack
1512 982 123 28 Hurdle
1656 981 77 28 Race
1752 980 30 28 of
1804 981 33 27 10
1862 988 70 20 sovs.
1981 977 46 29 Dis-

1479 1024 87 29 tance,
1625 1020 88 28 miles.
1750 1020 71 26 Over
1840 1018 41 28 six
1902 1016 94 37 flights
2017 1017 27 27 of

1478 1058 119 29 hurdles.
1636 1058 148 28 Minimum
1809 1056 110 37 weight,
1933 1057 42 27 9st
1989 1055 53 29 71b.

1477 1098 150 31 Entrance,
1642 1098 13 26 1
1669 1107 29 17 so
1700 1107 26 17 v.

1409 1143 108 28 Jockey
1531 1146 77 24 Club
1622 1142 149 27 Handicap
1782 1142 28 26 of
1821 1143 32 25 25
1865 1149 70 19 sovs.
1957 1141 86 35 (Open

1481 1182 89 35 Race.)
1608 1180 139 32 Distance,
1824 1179 86 29 miles.
1949 1178 75 29 Komi-

1478 1220 120 32 nations,
1613 1221 12 25 1
1642 1228 55 19 sov.
1735 1220 193 34 Acceptances,
1943 1216 53 37 30/.

1409 1267 150 28 Handicap
1572 1267 83 28 Hack
1672 1267 74 27 Race
1766 1267 30 27 of
1815 1268 15 26 5
1844 1274 70 19 sovs.
1980 1264 64 29 mile

1477 1305 79 28 heats
1579 1305 116 28 without
1716 1305 196 33 dismounting.
1950 1304 75 27 Nomi-

1478 1345 118 32 nations,
1611 1343 36 38 5/.
1684 1343 194 37 Acceptances,
1893 1342 36 37 5/.

1409 1392 136 26 District
1559 1392 150 26 Handicap
1719 1392 30 25 of
1760 1392 30 25 15
1804 1399 70 18 sovs.
1913 1391 30 32 1}
1958 1390 86 26 miles.

1479 1429 203 32 Nominations,
1697 1427 53 36 10/.
1786 1427 192 35 Acceptances,
1998 1427 46 26 £l.

1479 1467 78 35 Open
1571 1472 26 23 to
1611 1467 106 28 district
1731 1465 92 28 horses
1838 1464 73 38 only.

1414 1514 150 28 Handicap
1585 1513 85 28 Hack
1691 1513 77 28 Race
1790 1512 30 29 of
1839 1514 14 26 5
1876 1521 71 19 sovs.
1984 1512 45 27 Dis-

1479 1556 88 29 tance,
1600 1553 13 26 1
1646 1552 74 28 mile.
1769 1551 208 33 Nominations,
2009 1550 35 37 5/.

1478 1590 193 37 Acceptances,
1685 1590 36 37 5/.

1410 1638 192 29 Consolation
1618 1638 150 27 Handicap
1781 1637 29 28 of
1827 1637 33 28 10
1874 1644 71 21 sovs.
1982 1636 50 28 Dis

1479 1683 90 25 tance,
1597 1677 14 26 1
1637 1676 73 27 mile.
1761 1676 203 33 Nominations,
1992 1675 52 36 10/.

1478 1716 196 34 Acceptances,
1691 1713 51 37 10/.

1410 1763 115 29 Forced
1539 1763 149 27 Handicap
1701 1761 30 29 of
1750 1762 33 28 10
1797 1769 70 21 sovs.
1904 1761 140 33 Distance,

1480 1803 33 34 1£
1535 1801 88 28 miles.
1660 1802 149 31 Entrance,
1831 1802 13 25 1
1869 1810 57 18 sov.
1965 1800 60 27 Com-

1479 1839 111 37 pulsory
1604 1843 27 24 to
1644 1838 127 34 winners,
1783 1838 120 37 optional
1914 1842 26 24 to
1950 1837 94 29 losers.

1535 1940 97 29 Rules
1644 1948 55 20 and
1714 1940 208 28 Regulations.

1445 1987 180 29 Nomination
1651 1987 72 35 day:
1752 1987 136 34 Tuesday,
1912 1986 54 27 2nd
1992 1986 36 27 No-

1410 2026 113 28 vember
1533 2034 7 25 ;
1560 2025 168 28 declaration
1751 2025 29 27 of
1799 2024 133 34 weights:
1954 2024 76 27 Satur-

1411 2065 61 36 day,
1499 2064 63 29 13th
1590 2063 172 33 November;
1782 2062 78 36 night
1886 2063 30 28 of
1937 2061 109 37 general

1411 2109 95 31 entry:
1526 2103 135 36 Tuesday,
1673 2101 64 28 14th
1748 2101 159 28 December.

1446 2150 194 29 Nominations
1653 2150 42 27 for
1707 2149 47 28 the
1767 2148 105 36 Jockey
1881 2148 70 28 Club
1966 2148 60 28 Han-

1422 2189 71 38 licap
1507 2188 55 29 and
1578 2188 112 28 District
1712 2187 145 36 Handicap
1879 2187 56 28 will
1954 2187 32 29 be
2007 2196 26 19 re-

1411 2228 93 29 ceived
1518 2228 36 36 by
1567 2228 46 28 the
1626 2228 142 34 Secretary
1783 2235 37 27 up
1834 2230 27 24 to
1874 2227 17 27 8
1904 2235 66 27 p.m.

1445 2274 45 28 All
1502 2273 188 28 nominations
1704 2277 27 23 to
1752 2272 106 28 enclose
1874 2272 174 35 description,

1411 2322 58 27 age.
1484 2312 135 37 pedigree,
1633 2311 54 28 and
1711 2311 80 28 latest
1810 2310 189 37 performance
2022 2311 29 27 of

1411 2351 104 33 horses,
1538 2359 81 19 name
1645 2350 30 27 of
1697 2358 92 19 owner
1813 2348 53 28 and
1891 2349 106 27 colours
2022 2349 29 27 of

1411 2389 95 34 riders,
1520 2394 128 23 entrance
1667 2397 111 26 money,
1792 2386 54 29 and
1860 2386 186 36 qualification

1411 2427 65 28 fees.

1474 2473 115 29 District
1603 2472 80 29 horse
1730 2475 29 25 to
1772 2480 82 20 mean
1868 2480 15 20 a
1897 2470 79 28 horse
1988 2469 60 30 that

1412 2514 50 28 has
1483 2514 69 27 been
1574 2512 121 34 running
1717 2512 28 27 in
1769 2512 47 27 the
1836 2510 104 28 district
1961 2511 42 27 for
2020 2515 28 23 at

1411 2552 68 26 least
1492 2550 76 28 three
1582 2550 113 28 months
1707 2548 74 37 prior
1802 2553 26 23 to
1848 2548 45 28 the
1907 2557 70 23 race,
1993 2548 55 27 and

1411 2594 28 23 to
1453 2589 32 28 be
1498 2588 47 28 the
1560 2588 72 28 bona
1640 2588 58 35 fide
1712 2592 127 31 property
1851 2586 30 27 of
1890 2595 15 18 a
1918 2585 128 29 resident.

1413 2627 113 28 District
1544 2630 28 25 to
1594 2627 108 27 include
1722 2625 147 35 Hampden
1897 2624 100 34 Riding
2022 2625 29 26 of

1412 2666 109 35 County
1545 2665 30 28 of
1614 2663 180 37 Inangahua;
1826 2662 125 36 together
1980 2662 67 29 with

1413 2704 79 36 Lyell
1508 2703 109 35 Riding,
1632 2703 109 35 Couuty
1754 2701 103 28 Bulier.

1448 2752 42 29 No
1510 2761 98 27 person
1630 2747 58 31 wilt
1707 2749 32 29 be
1762 2748 114 29 allowed
1899 2750 28 26 to
1944 2752 76 24 enter
2032 2758 16 18 a

1411 2792 80 26 horse
1516 2792 41 25 for
1581 2799 54 26 any
1660 2798 60 18 race
1744 2789 103 33 (except
1871 2787 69 27 hack
1962 2788 84 33 races)

1412 2828 93 27 unless
1517 2827 34 27 he
1564 2827 23 26 is
1601 2836 15 17 a
1632 2825 152 28 subscriber
1796 2824 29 27 of
1837 2825 37 26 £1
1889 2829 26 23 to
1929 2824 46 27 the
1986 2833 60 19 race

1411 2865 77 30 fund.
1536 2865 44 29 All
1606 2864 71 30 hack
1701 2873 76 20 races
1801 2866 60 35 post
1881 2867 87 33 entry,
1994 2863 54 30 and

1413 2905 104 36 subject
1530 2909 27 23 to
1571 2905 46 27 the
1631 2903 130 36 approval
1773 2903 30 27 of
1813 2903 46 26 the
1873 2903 139 27 stewards.

1447 2952 58 28 The
1528 2950 120 29 decision
1674 2950 30 28 of
1724 2949 46 29 the
1796 2949 130 28 stewards
1951 2959 34 17 on
2012 2949 35 27 all

1415 2990 91 36 points
1531 2989 150 28 connected
1711 2989 67 27 with
1803 2989 47 27 the
1874 2997 174 26 programme

1415 3029 69 29 shall
1499 3028 32 29 be
1546 3028 75 28 final.

1448 3077 115 34 Anyone
1586 3076 125 34 entering
1731 3084 16 18 a
1765 3078 104 32 protest
1883 3078 75 24 must
1971 3074 34 27 do
2019 3084 28 17 so

1413 3114 28 28 in
1464 3114 109 36 writing
1594 3113 97 29 within
1714 3112 92 29 fifteen
1830 3112 119 29 minutes
1963 3112 29 28 of
2003 3112 45 28 the

1414 3154 70 27 close
1498 3153 30 27 of
1546 3163 69 20 race,
1630 3152 194 35 accompanied
1838 3152 35 34 by
1887 3152 46 28 the
1947 3161 59 17 sum
2022 3152 29 26 of

1416 3192 47 32 i'l,
1486 3190 90 29 which
1598 3190 55 28 will
1675 3190 32 28 be
1728 3189 121 29 forftited
1869 3194 28 24 to
1920 3190 46 28 the
1987 3199 61 18 race

1414 3230 67 27 fund
1498 3230 99 27 should
1620 3230 45 27 the
1688 3232 101 33 protest
1809 3239 82 26 prove
1911 3229 139 27 vexatious

1415 3278 30 19 or
1457 3269 140 27 frivolous.

1450 3316 89 27 Three
1553 3318 162 32 acceptance
1728 3315 41 27 for
1780 3314 65 28 each
1858 3318 90 30 event,
1962 3323 29 19 or
2004 3314 46 28 the

1416 3353 91 36 public
1522 3363 99 26 money
1634 3353 54 28 will
1707 3353 32 27 be
1752 3352 141 28 withheld.

1451 3399 98 27 Stakes
1562 3398 62 36 paid
1636 3398 51 27 less
1698 3398 53 27 five
1764 3407 49 26 per
1824 3402 72 24 cent,

1644 3444 128 30 FRANK
1792 3444 190 35 HODGSON,

1774 3484 75 27 Hon.
1865 3484 152 34 Secretary.

1565 3553 340 29 NOTICE.

1417 3649 36 60 I
1472 3648 77 28 BEG
1571 3651 27 25 to
1611 3648 100 27 inform
1730 3648 47 28 the
1799 3647 95 27 Pubiic
1916 3647 29 27 of
1964 3647 68 27 West-

1490 3691 70 33 port,
1575 3686 79 37 Lyell
1667 3686 54 30 and
1742 3686 45 28 the
1801 3686 183 35 surrounding
1998 3685 39 28 dis-

1417 3726 76 26 tricts
1508 3726 59 26 that
1584 3726 14 26 I
1620 3726 68 26 have
1710 3725 169 27 determined
1894 3734 72 26 npon
1990 3733 45 18 con-

1417 3764 108 36 tinuing
1548 3763 46 29 the
1618 3762 125 30 business
1768 3761 104 30 carried
1892 3772 34 19 on
1947 3762 35 37 by
2005 3770 46 28 my

1417 3805 52 26 late
1495 3803 136 31 husband,
1650 3803 55 26 and
1729 3807 70 22 trust
1826 3802 60 28 that
1911 3812 34 16 an
1972 3801 78 35 equal

1417 3850 125 19 measure
1556 3840 29 29 of
1605 3840 45 29 the
1665 3839 95 29 liberal
1773 3846 148 32 patronage
1935 3839 115 37 enjoyed

1417 3881 35 35 by
1475 3880 58 28 him
1554 3880 42 27 for
1608 3890 30 17 so
1656 3890 85 24 many
1763 3889 80 26 years
1865 3888 65 26 may
1954 3878 32 28 be
2008 3887 28 19 ex-

1417 3918 100 27 tended
1530 3923 27 21 to
1571 3926 53 18 me.
1662 3918 57 25 The
1732 3916 125 27 business
1870 3917 55 25 will
1941 3916 32 26 be
1988 3924 47 18 con-

1417 3956 97 29 ducted
1533 3955 87 30 under
1639 3955 45 30 the
1705 3965 75 19 same
1799 3954 70 38 style
1889 3964 30 20 or
1938 3954 59 28 title
2023 3963 28 19 as

1417 3996 129 27 hitherto.

1685 4030 106 30 MARY
1810 4031 77 29 ANN
1909 4030 107 29 CORK,

1450 4080 148 34 Westport,
1611 4079 65 28 '2Bth
1690 4079 76 35 July,
1781 4080 45 26 188
1826 4080 30 26 G.

1417 4163 69 57 The
1501 4164 80 57 New
1598 4163 167 71 Saddlery
1779 4160 273 60 Establishment

1632 4246 213 30 WESTPORT.

1418 4342 71 56 H
1524 4342 76 28 ASM
1606 4342 45 28 US
1676 4342 64 33 begs
1766 4346 28 24 to
1818 4339 98 29 inform
1944 4339 46 29 the
2012 4338 26 29 in-

1495 4389 7 9 •
1542 4380 141 26 habitants
1697 4379 29 26 of
1745 4379 80 35 Lyell
1839 4379 53 24 and
1907 4377 129 26 surround-

1417 4417 48 35 ing
1476 4416 121 31 districts
1610 4417 60 30 that
1684 4417 33 29 lie
1730 4416 50 30 has
1803 4414 104 40 opened
1929 4414 123 30 business

1417 4467 29 16 as
1460 4467 16 16 a
1491 4457 113 26 Saddler
1617 4457 53 26 and
1690 4457 123 25 Harness
1839 4455 94 26 Maker
1955 4455 29 25 in
2008 4454 37 26 tin

1418 4502 59 19 new
1500 4493 54 28 and
1576 4493 133 36 centrally
1732 4492 116 28 situated
1872 4490 132 38 premises
2024 4490 16 26 ii

1419 4533 168 27 Palmerston
1599 4537 91 23 street,
1704 4537 60 22 next
1780 4531 65 27 door
1857 4534 28 24 to
1901 4530 43 26 Mr
1954 4528 85 28 Ilasel

1418 4570 62 31 den,
1505 4570 135 27 Solicitor.
1679 4570 44 26 He
1745 4569 49 27 has
1817 4578 14 17 a
1849 4567 199 28 well-assorted

1418 4607 86 33 stock,
1518 4607 53 28 and
1586 4607 84 36 hopes
1686 4607 34 34 by
1736 4606 78 33 tiding
1827 4606 47 27 the

1419 4654 96 28 BEST
1535 4654 206 32 MATERIAL,

1489 4693 100 27 GOOD
1610 4688 298 32 WOKK'MAXSTTir.

1602 4730 61 26 And
1679 4730 157 26 MoDEli'A
1848 4730 37 25 I'iu
1909 4727 108 28 PRICE
2025 4730 27 25 b.

1488 4768 38 28 To
1540 4768 80 28 merit
1633 4778 16 18 a
1662 4768 49 28 fair
1725 4768 78 27 shave
1818 4768 29 27 of
1863 4771 119 32 support.

1454 4855 123 34 Country
1591 4854 91 28 orders
1703 4854 55 28 will
1778 4853 104 28 receive
1902 4852 99 36 special
2015 4856 24 23 at-

1418 4894 115 30 tention,
1559 4892 54 28 and
1639 4892 135 35 anything
1800 4892 26 26 in
1853 4891 46 27 the
1926 4891 51 26 litis
2004 4892 36 24 for-

1421 4930 106 28 warded
1542 4930 41 28 for
1595 4932 89 33 repair
1698 4930 53 27 will
1773 4930 31 27 be
1827 4929 125 28 returned
1975 4928 63 27 with-

1420 4976 48 20 out
1481 4967 89 38 delay.
1607 4968 98 28 Orders
1718 4969 80 33 given
1810 4971 28 25 to
1849 4969 32 26 I).
1895 4966 159 30 Robertson,

1420 5007 163 31 coachman,
1597 5007 54 26 wili
1666 5006 102 27 receive
1782 5006 145 27 attention.

1501 5053 94 37 Every
1613 5052 106 28 Article
1738 5053 73 36 Kept
1832 5052 28 27 in
1882 5051 91 29 Stock.

1553 5128 50 38 H.
1653 5128 72 37 AS
1740 5127 181 45 MUSS,

1422 5181 192 32 SADDLER
1637 5183 20 29 &
1679 5180 192 32 HARNESS
1900 5179 154 35 MAKER,

1515 5226 171 29 Palmerston
1701 5226 97 33 Street,
1812 5224 147 37 Westport.

1471 5307 43 39 A.
1571 5307 47 41 G.
1679 5304 327 49 FENWiCK,

1552 5399 128 32 Peixces
1703 5398 60 38 St.,
1779 5398 148 37 Dunedin,

1420 5480 187 68 JJyJINING
1627 5480 77 28 AND
1721 5479 182 29 GENERAL
1918 5478 125 29 SHARE
2048 5494 6 5 -

1658 5557 164 27 BROKER.

1472 5644 157 34 Telegrams
1649 5642 144 36 promptly
1818 5642 131 27 attended
1975 5644 35 24 to.

1560 5764 177 37 Telegraphic
1749 5764 132 28 Addre-s:
1886 5781 32 3 —

1501 5805 62 30 Fen
1567 5815 82 23 wick,
1672 5804 131 31 Bkokei..
1831 5804 143 30 Du.wLiuN.

2255 2430 118 30 Public
2392 2430 151 30 Notices.

2211 2518 120 32 JOHN
2366 2517 226 38 FENNiILL,

2088 2587 59 59 Q.
2157 2587 91 27 ENE
2258 2586 59 27 RA
2326 2586 23 27 L
2406 2583 312 62 gTOREKEEPER.

2171 2663 83 28 Wine
2273 2670 55 20 and
2349 2662 95 28 Spirit
2467 2661 170 28 Merchant.

2120 2796 102 34 Money
2242 2795 102 35 always
2366 2795 29 27 in
2416 2794 77 27 hand
2512 2794 42 27 for
2572 2792 114 36 cashing

2338 2832 127 37 cheques.

2119 2966 109 29 Liberal
2242 2966 136 28 advances
2391 2966 80 27 maile
2488 2974 35 19 on
2536 2964 107 37 parcels
2657 2964 30 28 of

2298 3004 119 27 retorted
2432 3004 73 35 gold.

2228 3137 75 38 Clin
2326 3137 121 44 Street,
2472 3134 108 48 Lyell.

2204 3222 171 33 MISSING
2410 3222 191 31 FRIENDS.

2093 3307 182 37 /qEOBGE
2309 3305 183 32 JECKLIN.
2495 3304 113 31 —Last
2629 3302 93 32 heard

2090 3351 45 37 VJ
2176 3350 37 36 of,
2241 3349 43 31 six
2309 3348 121 32 months
2455 3358 66 30 ago,
2543 3347 32 31 in
2601 3347 118 36 Oxford,

2088 3393 95 31 North
2204 3392 112 35 Island,
2331 3392 98 29 where
2443 3391 38 29 he
2505 3400 60 20 was
2590 3389 132 38 engaged

2088 3434 186 38 butchering.
2316 3432 224 34 Communicate
2563 3431 71 33 with
2650 3441 73 28 your

2245 3464 17 12 o
2649 3466 7 7 *■

2088 3481 130 35 brother,
2235 3480 122 30 Alfonso
2382 3478 126 36 Jecklin,
2524 3478 71 30 Post
2620 3477 100 35 Ofiice,

2089 3523 95 42 Lyell.
2227 3523 168 39 Important
2409 3531 80 21 news
2503 3520 76 32 from
2594 3519 107 32 Home.

2129 3568 66 39 Any
2209 3577 107 29 person
2326 3565 99 40 giving
2439 3564 193 32 information
2646 3573 32 21 as
2693 3565 30 28 to

2089 3610 204 33 whereabouts
2307 3609 61 32 will
2382 3608 95 40 oblige

2288 3652 184 32 ALFONSO
2498 3651 185 31 JECKLIN.

2089 3739 208 38 BBOWFS
2318 3739 119 36 BOOT
2465 3737 259 38 EMPORIUM

2339 3806 134 27 LYELL.

2169 3903 140 27 BROWN
2323 3903 29 25 in
2364 3902 138 32 thanking
2514 3901 43 27 his
2576 3909 148 19 numerous

2139 3950 8 11 •
2187 3944 149 24 customers
2366 3939 42 28 for
2437 3943 63 32 past
2528 3937 120 35 favours,
2671 3937 54 28 and

2090 3980 105 36 hoping
2220 3980 42 27 for
2284 3989 16 18 a
2322 3979 181 28 continuance
2524 3977 30 29 of
2572 3977 47 28 the
2639 3987 85 23 same,

2092 4019 96 26 wishes
2201 4022 45 22 too
2260 4018 52 25 call
2325 4017 72 26 tlieir
2416 4017 134 26 attention
2566 4019 28 22 to
2608 4015 43 26 his
2664 4024 60 17 new

2091 4055 75 28 stock
2190 4055 30 28 of
2241 4055 109 28 Ladies'
2376 4053 98 29 Maids'
2497 4053 53 28 and
2571 4053 154 28 Children's

2091 4095 84 25 Boots
2196 4094 29 26 in
2248 4097 77 32 great
2347 4093 113 35 variety.
2498 4092 75 30 Also,
2588 4092 42 26 his
2649 4092 75 35 large

2092 4132 53 29 and
2159 4130 95 31 varied
2269 4130 77 30 stock
2359 4130 30 30 of

2091 4184 119 34 Men.s,
2223 4182 141 30 Youths'
2378 4183 27 29 &
2419 4182 100 36 Boys'
2538 4182 105 28 Boots
2656 4182 69 28 and

2349 4217 118 33 Shoes.

2282 4263 136 19 ———:o:

2093 4305 86 29 Fresh
2193 4305 91 29 Goods
2298 4305 120 37 arriving
2439 4304 134 37 monthly,
2588 4303 89 29 which
2691 4303 34 29 he

2127 4346 21 27 is
2162 4346 116 33 offering
2291 4349 28 25 at
2332 4346 87 35 prices
2432 4348 28 25 to
2471 4346 54 26 suit
2538 4344 46 28 the
2599 4344 90 28 times.

2094 4383 42 27 All
2160 4383 139 36 imported
2333 4382 84 34 goods
2448 4382 115 26 marked
2593 4382 29 26 in
2650 4382 75 34 plain

2352 4420 111 38 figures.

2128 4497 67 28 N.B.
2199 4496 57 28 —A
2269 4496 100 37 supply
2382 4496 29 29 of
2434 4495 87 29 North
2535 4495 104 28 British
2654 4496 71 28 Gum

2096 4537 80 27 Boots
2203 4536 53 27 and
2283 4539 69 24 Own
2379 4535 81 28 Make
2688 4535 24 28 al-

2094 4583 70 26 ways
2178 4584 35 16 on
2228 4574 84 26 hand.

2127 4612 115 35 Repairs
2255 4611 141 37 promptly
2407 4610 131 30 executed
2551 4610 55 28 and
2619 4610 106 28 elastics

2095 4650 128 28 inserted.

2119 4727 69 27 Note
2203 4726 46 28 the
2260 4726 272 27 Address:-JOHN
2554 4726 148 33 BROWN,

2093 4773 88 30 Boot
2204 4773 28 30 &
2258 4772 211 32 Shoemaker
2490 4772 28 31 &
2547 4772 178 41 Importer,

2157 4819 139 34 (Opposite
2311 4817 79 28 Bank
2404 4817 30 28 of
2445 4818 66 27 New
2526 4818 140 35 Zealand.)

2558 223 8 6 .
2579 197 118 29 Public
2728 197 150 29 Notices.

2083 380 109 130 4|
2217 423 333 69 'B6--AHTHSIH
2588 428 31 64 t
2654 426 173 63 WIMER
2867 423 369 64 MPERY~'B6.
3264 383 93 127 §t)

2344 573 247 61 JOHN
2654 571 452 61 FENNELL

2083 686 57 28 Has
2154 687 84 28 much
2257 689 123 37 pleasure
2400 690 28 27 in
2450 689 176 34 announcing
2646 691 27 25 to
2693 687 46 28 the
2762 685 172 30 inhabitants
2954 685 30 28 of
3006 684 80 37 Lyell
3112 684 54 28 and
3192 684 165 28 surroundin

2454 728 119 29 districts
2596 729 47 28 the
2666 727 101 28 arrival
2791 726 30 28 of
2837 736 16 17 a
2873 724 124 29 LAIIGE

3264 842 45 80 II

2592 974 235 29 COMPRISING
2830 988 34 4 —

2115 1048 95 39 The
2233 1050 158 39 Latest
2413 1048 226 41 Novelties
2659 1047 84 39 arid
2768 1043 214 41 Fashions
3003 1041 39 39 in
3066 1040 166 40 Ladies'
3254 1042 84 38 and

2422 1104 153 39 Gents'
2605 1101 208 47 Wearing
2832 1098 200 49 Apparel,

2081 1191 66 32 And
2172 1192 106 31 invites
2301 1202 39 21 an
2363 1190 165 42 inspection
2553 1190 32 32 of
2606 1190 50 31 the
2681 1199 90 27 same,
2796 1187 110 41 feeling
2930 1197 66 22 sure
3021 1186 66 33 that
3111 1187 44 32 for
3183 1187 191 39 VARIETY,

2229 1235 190 40 QUALITY,
2436 1235 58 31 and
2508 1234 139 33 YALUE
2664 1233 70 42 tliey
2749 1232 160 32 CANNOT
2925 1231 35 32 be
2977 1232 248 31 SURPASSED.

2083 1418 139 37 Ladies'
2260 1418 72 38 and
2367 1418 198 38 Children's
2615 1416 215 40 WINTER
2874 1414 143 37 HATS
3057 1413 37 36 in
3135 1413 51 36 all
3228 1413 144 50 Shapes.

2118 1607 108 30 Ladies'
2242 1607 156 30 WINTER
2411 1606 164 31 JACKETS
2589 1607 54 30 and
2657 1606 115 30 CAPES
2786 1606 28 29 in
2827 1606 37 29 all
2876 1606 47 29 the
2935 1607 108 29 Newest
3058 1607 104 38 Shapes
3175 1607 55 30 and
3244 1608 97 38 Styles.

2229 1685 87 37 New
2336 1685 167 37 Feathers
2519 1686 7 35 !
2568 1682 87 39 New
2676 1683 151 37 Flowers
2843 1684 7 36 !
2892 1684 87 37 New
3000 1685 207 47 Trimmings
3222 1687 8 35 !

2083 1766 75 42 HT
2180 1764 49 33 All
2257 1765 49 32 the
2334 1765 95 32 NEW
2458 1764 59 33 and
2544 1762 289 35 FASHIONABLE
2862 1762 167 35 WINTER
3057 1764 131 34 DRESS
3212 1764 162 38 STUFFS,

2386 1840 66 31 And
2474 1839 234 33 TRIMMINGS
2731 1839 31 33 of
2780 1849 86 31 every
2886 1837 188 42 description.

2716 1954 18 25 0

2083 2020 140 76 MEN'S,
2261 2020 117 63 BOYS'
2413 2020 72 61 and
2520 2020 178 63 YOUTHS'
2736 2020 213 63 CLOTHING
2982 2020 41 61 in
3051 2020 147 61 Elites
3224 2020 150 76 Variety.

2493 2310 119 33 CLIFF
2634 2312 171 37 STREET,
2827 2314 147 33 LYELL.

2916 2430 119 30 Public
3058 2431 151 30 Notices.

2748 2507 162 40 FERN
2959 2509 153 40 FL'AT
3159 2510 217 48 HOTEL,

2905 2569 49 30 CP
2957 2569 73 30 PER
3060 2571 164 29 BULLER.

2748 2646 6 26 I
2769 2652 9 22 i
2792 2646 64 28 iHE
2870 2647 85 28 above
2969 2648 174 28 well-known
3161 2648 74 29 hotel
3254 2650 23 26 is
3299 2650 80 33 again

2835 2686 87 27 under
2933 2686 45 27 the
2989 2691 194 32 management
3192 2687 28 27 of
3232 2687 43 28 Mr
3287 2686 93 29 Alfred

2748 2722 100 35 Smith,
2859 2724 46 27 the
2918 2725 101 27 former
3031 2727 158 34 proprietor.

2781 2800 91 36 Every
2886 2802 238 28 accommodation
3132 2803 55 27 and
3200 2803 182 27 convenience

2748 2837 39 27 for
2799 2837 142 29 travellers
2952 2837 120 30 between
3087 2839 46 29 the
3146 2840 77 28 West
3236 2840 82 28 Coast
3328 2840 53 28 and

2750 2877 110 35 Nelson,
2880 2878 150 38 Hampden
3054 2879 173 34 Matakitaki,
3251 2879 130 38 Glenroy,

2749 2917 114 32 Maruia,
2878 2917 53 27 and
2944 2917 46 28 the
3004 2919 84 26 Owen
3102 2919 89 27 Keefs.

2748 2993 160 28 Newman's
2921 2994 91 35 Royal
3034 2995 69 27 Mail
3124 2995 69 28 Line
3213 2996 30 27 of
3261 2996 121 27 Coaches

2781 3031 81 29 make
2887 3032 55 29 this
2964 3031 138 39 hostelery
3122 3033 47 29 the
3191 3033 58 29 first
3272 3033 77 38 day's

2816 3076 75 31 stage
2905 3072 70 26 from
2987 3072 76 28 West
3070 3073 84 28 Coast
3162 3076 28 24 to
3202 3074 112 27 Nelson.

2781 3148 105 27 Horses
2900 3148 53 28 and
2973 3149 145 35 equipages
3131 3159 16 18 a
3161 3149 152 36 speciality.

2929 3194 190 38 ALFESD
3143 3194 162 49 SMITH,

3182 3241 167 35 Proprietor.

3004 3325 157 41 WOLF
3207 3324 36 42 &
3287 3325 97 47 CO.,

3067 3423 170 19 WHOLESALE
3268 3423 55 19 AND

3141 3462 101 20 KETaIL

2751 3513 633 60 gUTCHERS.

2854 3608 114 28 Dealers
2980 3606 30 30 in
3023 3606 37 30 all
3074 3606 179 37 descriptions
3266 3606 30 29 of

2768 3656 105 28 FARM
2910 3656 78 27 AND
3025 3655 119 26 DAIRY
3180 3654 190 27 PRODUCE.

2752 3734 100 27 Hotels
2860 3733 56 28 and
2928 3733 131 28 Families
3066 3732 100 28 waited
3179 3742 36 18 on
3228 3732 41 27 for
3278 3732 108 27 Orders.

2787 3812 100 28 Orders
2907 3810 137 28 delivered
3064 3813 28 25 to
3113 3810 38 27 all
3171 3812 75 33 parts
3260 3819 15 17 o
3306 3809 47 28 tlie

3012 3848 123 28 District.

2925 3927 74 26 Note
3013 3926 48 27 the
3075 3925 123 27 Address

2905 3974 21 29 0
2947 3974 22 29 L
2991 3973 21 29 F
3084 3973 112 28 AND
3278 3972 91 34 CO.,

2806 4014 73 26 Next
2901 4013 48 27 the
2974 4012 191 27 Government
3182 4010 154 35 Buildings,

2900 4051 87 28 Cliff
3006 4049 120 34 Street,
3145 4048 103 29 Lyell.

2755 4144 114 40 THE
2926 4142 204 40 EMPIRE
3188 4141 198 48 HOTEL,

2851 4210 111 30 CLIFF
2982 4209 155 34 STREET,
3156 4208 133 28 LYELL.

2756 4320 108 31 (TIIIE
2879 4320 84 30 above
2977 4318 75 31 hotel
3070 4318 49 30 has
3132 4318 69 30 been
3222 4317 77 31 fitted
3321 4317 65 30 with

2763 4361 36 20 J-
2839 4362 36 25 all
2887 4361 114 26 modern
3009 4360 217 33 improvements
3237 4359 149 31 regardless

2754 4398 29 28 of
2794 4402 65 27 cost,
2874 4396 54 28 and
2951 4396 196 37 consequently
3166 4396 80 27 oilers
3267 4397 119 35 superior

2754 4437 247 29 accommodation.

2904 4536 212 28 FENNELL'S
3135 4534 104 29 lIALL

2755 4575 29 27 Is
2808 4584 24 23 a.
2845 4574 153 28 well-fitted
3020 4582 87 21 room,
3132 4573 66 27 with
3222 4572 69 36 good
3313 4577 73 28 stage

2789 4612 247 33 accommodation,
3050 4611 54 27 and
3118 4611 132 27 excellent
3262 4613 91 34 piano.

2758 4709 109 36 Sample
2881 4718 99 17 rooms.
3016 4707 128 35 Boohing
3159 4706 80 36 Office
3246 4706 52 36 for
3311 4706 57 28 New-

2858 4749 88 25 mans'
2961 4746 91 36 Royal
3070 4745 74 27 Mail
3158 4745 127 27 Coaches.

2821 4807 107 33 JOHN
2951 4806 205 37 FENNELL,
3170 4805 178 39 Proprietor.

2173 5123 77 65 K
2281 5123 25 63 I
2342 5124 83 62 H
2457 5123 376 65 KPAT
2863 5128 80 58 R
2971 5123 24 62 I
3023 5123 72 65 O
3123 5123 181 65 KB

2539 5474 60 31 m
2657 5472 60 34 ?ru
2775 5472 47 34 rn

2817 5503 11 17 J
2921 5500 24 22 O

2353 5716 82 41 ■IT
2511 5719 73 38 IS
2661 5719 92 38 TII
2779 5719 32 38 E
2888 5716 32 41 J3
2947 5719 32 38 E
3009 5720 24 37 S
3061 5719 87 38 T.-

3577 190 117 29 Public
3730 191 150 28 jTctrcee.

3517 273 124 42 —JSk
3669 274 80 41 Kaw
3758 273 104 42 fibiim
3874 273 122 42 P.ii!rlu

3785 388 146 29 LYELL.

3507 526 204 39 JAMES
3763 526 181 45 EDGE,

3782 598 78 27 AND
3906 598 141 27 KETUL

3559 675 338 31 BUTCHER.

3412 786 98 28 Hotels
3524 786 54 28 and
3592 786 131 28 Families
3742 786 98 28 waited
3864 795 34 18 on
3914 787 80 35 Daily
4008 787 41 27 for

3676 825 110 29 Orders.

3465 920 75 28 Meat
3553 920 146 28 Delivered
3717 924 27 24 to
3758 920 36 28 all
3814 924 76 33 parts
3903 922 25 26 ol
3951 920 45 28 the

3669 959 125 29 District.

3413 1049 120 31 NEW
3577 1049 153 31 CHUM
3770 1049 278 36 BUTCHERY,

3481 1109 128 34 Opposite
3619 1108 152 28 Alhambra
3782 1108 93 30 Hotel,
3891 1108 55 34 Lye
3950 1108 27 27 11.

3416 1195 110 54 ALL
3549 1195 242 54 NATIONS
3820 1196 217 53 BAKEItt

3553 1345 170 38 HENRY
3754 1345 164 38 YOUNG

3416 1416 157 31 -nAKER
3605 1417 83 29 AND
3723 1417 324 32 CONFECTIONER,

3593 1482 81 32 Cliff
3694 1484 56 38 St.,
3768 1482 103 39 Lyell.

3414 1589 140 34 Pic-Nics,
3576 1588 88 34 Balls,
3683 1590 58 26 and
3761 1590 120 35 Suppers
3912 1588 136 36 supplied.

3415 1698 201 40 Christening,
3643 1698 156 41 Wedding,
3822 1699 59 31 and
3906 1699 144 39 Birthday

3414 1741 93 33 Cakes
3529 1743 84 31 made
3639 1753 38 21 on
3702 1742 50 32 the
3773 1742 128 32 shortest
3921 1742 127 41 possible

3679 1787 108 32 notice.

3487 1853 39 31 H.
3551 1853 151 37 YOUNG,
3718 1853 71 31 Cliff
3812 1853 55 36 St.,
3884 1853 95 41 Lyell.

3523 1941 177 41 JAMES
3749 1942 188 48 INGLIS,

3419 2054 309 61 gHAREBEOKER
3760 2057 20 27 &
3810 2056 238 29 COMMISSION

3630 2188 110 28 A'G3
3761 2189 23 27 N
3805 2189 32 32 T,

3493 2294 115 29 CLIFF
3646 2295 159 34 Street,
3841 2295 141 28 LYELL.

3436 2384 127 37 POST
3606 2385 194 36 OFFICE
3843 2385 188 42 HOTEL,

3622 2443 221 26 LYELL.

3467 2539 224 37 PETER
3721 2540 280 36 MANGOS

3419 2599 141 70 BEGS
3580 2604 28 24 to
3621 2601 102 28 inform
3743 2601 44 28 his
3805 2601 103 28 triends
3930 2601 54 27 and
4007 2601 29 28 th

3521 2639 92 36 public
3636 2641 62 26 that
3721 2639 44 28 his
3785 2649 60 18 new
3866 2639 172 28 commodiou

3589 2677 87 28 Hotel
3688 2679 23 26 is
3724 2687 63 18 now
3800 2687 80 27 open.

3417 2715 153 29 Travellers
3589 2716 54 27 and
3662 2717 110 27 visitors
3790 2721 29 22 to
3838 2716 55 28 this
3911 2715 132 29 establish

3451 2757 78 25 ment
3541 2754 56 28 will
3609 2754 58 28 find
3679 2754 73 29 their
3761 2755 119 27 comfort
3887 2754 55 28 and
3956 2764 46 18 con-

3486 2793 131 28 venience
3627 2794 167 35 thoroughly
3803 2793 130 28 attended
3946 2799 38 22 to.

3418 2830 58 28 The
3488 2830 149 28 bedrooms
3659 2841 45 17 are
3714 2831 79 36 lofty,
3807 2831 55 27 and
3874 2832 64 26 well
3951 2832 103 35 lighted

3620 2870 56 30 and
3696 2870 159 30 ventilated.

3453 2948 206 28 Comfortable
3689 2949 128 27 Parlors
3844 2957 55 19 and
3920 2949 85 27 First-

3637 2996 81 19 class
3737 2987 103 27 Table.

3436 3024 59 29 One
3519 3025 30 28 of
3568 3025 128 28 Alcock's
3709 3025 78 28 Prize
3801 3025 117 28 Billiard
3932 3025 106 28 Tables.

3421 3103 58 26 The
3493 3103 56 27 Ear
3561 3104 23 25 is
3598 3102 113 28 stocked
3720 3102 68 28 with
3801 3103 73 32 Ales,
4004 3113 42 16 am
4047 3104 8 17 1

3474 3141 98 36 Spirits
3586 3143 26 27 of
3629 3141 169 38 guaranteed
3815 3142 103 28 brands
3930 3142 75 37 only.

3455 3181 24 26 A
3496 3181 144 27 lirst-class
3662 3180 183 28 sixteen-stall
3858 3181 86 27 stable
3958 3182 73 26 iscon-

3420 3218 99 29 nected
3531 3219 69 28 with
3613 3219 57 28 this
3685 3219 84 28 hotel.

3673 3257 126 28 PETER
3822 3257 166 30 MANGOS,

3857 3295 153 33 Proprieor.

3455 3386 265 29 FREDERICK
3736 3386 144 29 JONES
3899 3386 27 28 &
3946 3385 79 35 CO.,

3426 3433 196 61 CABINET
3636 3432 155 28 MAKERS
3805 3432 78 27 AND
3895 3431 138 29 UPHOLS-

3663 3472 159 32 TERERS,

3521 3523 186 28 Palmerston
3727 3523 53 32 St.,
3794 3522 164 31 Westport,

3424 3572 65 27 New
3504 3570 148 28 Furniture
3666 3570 54 27 and
3740 3569 126 33 Bedding
3880 3569 175 31 Warehouse,

3492 3609 123 36 opposite
3629 3608 122 37 Hughe's
3764 3607 112 36 Empire
3893 3607 91 28 Hotel.

3424 3657 132 35 Worsbop
3568 3656 171 36 :—Opposite
3752 3656 88 26 Bailie
3853 3656 20 24 &
3886 3655 71 27 Co.'s
3969 3656 85 25 Store.

3424 3734 116 28 •TONES
3560 3735 20 25 &
3603 3734 56 26 CO.
3673 3733 70 27 have
3763 3734 29 25 in
3813 3732 75 28 stock
3901 3742 15 16 a
3929 3732 69 33 good
4014 3741 26 17 as-

3424 3771 90 30 sorted
3534 3771 39 29 lot
3594 3770 30 30 of
3644 3769 104 29 Double
3770 3770 54 28 and
3847 3769 91 34 Single
3956 3769 99 38 Spring

3427 3812 166 31 Mattrasses,
3608 3810 105 27 Double
3727 3811 53 25 and
3801 3809 91 34 Single
3914 3810 63 26 Iron
4000 3819 33 16 an
4045 3809 10 26 1

3426 3849 86 27 Wood
3525 3847 160 33 Bedsteads,
3693 3847 46 28 the
3751 3847 137 35 Longford
3900 3847 73 27 Wire
3984 3846 72 27 Beds

3427 3889 143 28 Palliasses
3592 3888 68 27 Flax
3683 3887 167 31 Mattrasses,
3866 3885 109 29 Pillows
4001 3885 55 28 and

3426 3927 131 31 Bolsters,
3582 3925 191 31 Washstands,
3798 3924 131 33 Dressing
3950 3923 106 30 Tables,

3424 3963 90 30 Toilet
3529 3963 59 30 Sets
3602 3962 53 29 and
3678 3962 109 29 Glasses
3803 3962 45 37 (all
3862 3962 89 33 sizes),
3965 3960 91 29 Towel

3426 4003 85 32 Rails,
3525 4003 113 27 Cornice
3652 4003 85 30 Poles,
3846 4002 54 26 and
3913 4000 143 31 Brackets,

3424 4041 129 27 Austrian
3568 4040 54 28 and
3637 4039 117 28 Kitchen
3770 4038 97 28 Chairs
3880 4038 54 27 and
3947 4037 108 31 Tables,

3424 4079 132 30 Couches,
3580 4078 86 31 Sofas,
3689 4077 97 27 Chests
3805 4077 29 27 of
3852 4077 126 26 Drawers
4001 4085 33 18 an
4048 4076 7 25 1

3425 4116 185 32 Cheffioniers,
3634 4115 145 28 Whatnots
3806 4115 45 36 (all
3876 4115 90 30 sizes),
3993 4114 62 26 Sule

3425 4156 54 28 and
3493 4155 86 36 Gipsy
3593 4155 96 28 Tables
3701 4156 29 26 in
3744 4153 78 29 black
3840 4153 54 29 and
3915 4152 72 35 gold,
4001 4152 53 28 anil

3424 4193 72 33 gold,
3510 4193 55 26 and
3577 4193 36 26 all
3626 4192 81 26 kinds
3721 4192 29 25 of
3768 4192 93 33 Fancy
3882 4191 97 26 Tables
4001 4200 34 15 an
4047 4191 7 24 l

3426 4230 138 31 Brackets.
3596 4230 144 30 American
3753 4228 226 35 Perambulators,
3988 4228 49 28 Bas-

3424 4271 127 32 ketware,
3565 4272 44 24 &c.

3461 4309 71 29 tcsT
3544 4308 45 27 All
3605 4307 92 28 orders
3720 4304 139 30 entrusted
3873 4308 27 24 to
3913 4313 31 19 us
3957 4304 54 28 will
4024 4304 32 27 be

3426 4348 160 36 punctually
3598 4346 128 30 attended
3745 4351 35 23 to.

3461 4386 69 25 N.B.
3532 4385 77 26 —All
3624 4384 79 26 kinds
3716 4384 30 25 of
3763 4384 123 32 Turnery
3898 4383 74 25 work
3986 4383 70 24 done

3426 4433 34 19 on
3471 4422 45 30 the
3528 4422 138 39 premises.
3704 4420 113 31 Billiard
3830 4421 22 28 B
3864 4420 42 29 ills
3916 4418 138 31 re-tuned

3426 4463 53 26 and
3493 4463 135 31 coloured,
3642 4462 81 34 equal
3737 4466 26 22 to
3774 4470 69 21 new,
3857 4460 42 34 15/
3914 4470 46 24 per
3972 4466 48 19 set.

3426 4553 41 29 To
3502 4562 56 20 our
3593 4552 174 29 Custodiers
3798 4560 28 19 in
3858 4560 55 19 the
3946 4548 108 30 Lyell.

3602 4657 271 33 NOTICE.

3476 4766 2 40 •
3505 4767 139 34 tttITII
3657 4778 18 21 a
3691 4767 74 32 view
3787 4769 29 30 to
3838 4766 141 40 reducing

3515 4802 38 49 \\
3610 4823 53 22 our
3697 4812 80 40 large
3825 4811 80 32 stojk
3950 4819 29 23 ot

3503 4857 192 32 DRAPERY
3716 4858 21 29 &
3762 4856 215 34 CLOTIIINC,

3505 4912 41 21 we
3574 4912 49 20 are
3646 4900 124 41 holding
3797 4910 16 21 a
3842 4899 138 40 Clearing

3506 4945 78 36 Bale,
3605 4945 58 31 and
3687 4945 60 30 will
3771 4944 34 31 be
3827 4943 98 41 happy
3949 4948 30 26 to

3505 4989 37 32 do
3570 5000 16 20 a
3613 4988 60 32 line
3699 4999 31 21 or
3754 4993 57 26 two
3836 4988 70 31 with
3928 4987 51 31 the

3504 5033 76 39 good
3594 5033 101 40 people
3710 5033 32 30 of
3758 5033 49 29 the
3822 5032 85 40 Lyell
3921 5032 58 29 and

3506 5076 124 32 district.

3545 5168 54 31 We
3608 5167 75 32 have
3692 5167 125 32 reduced
3827 5178 53 20 our
3885 5167 94 41 prices

3505 5211 38 41 by
3557 5222 55 20 one
3624 5211 89 35 third,
3726 5211 58 30 and
3796 5221 31 20 as
3838 5221 85 30 every
3935 5216 28 24 at-

3506 5255 115 32 tention
3636 5255 24 32 is
3674 5255 87 41 given
3777 5261 28 26 to
3820 5254 100 33 orders
3941 5254 36 42 by

3506 5303 65 35 post
3586 5310 32 19 or
3633 5300 163 34 otherwise,
3812 5300 22 29 it
3860 5300 59 28 will
3943 5300 35 27 be

3506 5346 30 28 to
3545 5353 73 28 your
3626 5342 121 32 interest
3760 5345 29 29 to
3800 5341 73 33 send
3883 5352 17 21 a
3912 5341 68 32 trial

3506 5386 94 32 order.

3546 5477 62 31 The
3631 5477 162 40 advantage
3819 5478 31 30 of
3871 5477 110 40 buying

3486 5521 4 42 .
3506 5525 30 29 at
3553 5521 48 33 the
3616 5525 117 38 present
3749 5521 70 33 time
3841 5522 23 31 is
3890 5521 91 41 really

3507 5567 59 28 this
3580 5577 47 18 :
3644 5567 63 30 You
3742 5571 49 33 get
3820 5568 39 27 £o
3887 5566 93 30 worth

3507 5609 43 33 for
3570 5610 63 32 40s.

3483 5701 43 38 E.
3556 5701 33 39 J.
3619 5701 214 39 WARNER
3860 5702 30 37 &
3917 5701 84 42 CO.,

3436 5780 61 45 iilu
3523 5788 79 37 riuii
3627 5778 33 48 01
3686 5778 202 53 uOiUiilSiCSi
3921 5778 124 48 hmu
