2529 4029
1267 36 95 33 THE

99 83 448 129 NEW
651 88 869 137 ZEALAND
1627 98 853 135 GAZETTE

1261 253 97 32 AND

99 285 1134 162 WELLINGTON
1346 285 1134 162 SPECTATOR.

610 478 220 38 PUBLISHED
875 481 129 37 EVERY
1049 482 254 38 WEDNESDAY
1348 484 87 38 AND
1481 486 226 38 SATURDAY
1752 485 205 40 MORNING.

121 594 60 31 No.
203 590 88 38 284.1

612 593 111 31 PORT
745 595 255 38 NICHOLSON,
1021 597 266 32 WEDNESDAY
1308 598 210 39 MORNING,
1541 603 246 31 SEPTEMBER
1808 605 50 34 27,
1886 604 90 29 1843.

2273 605 93 41 I_Vol.
2389 597 54 41 iv.

207 690 53 15 For
273 690 118 14 London
406 690 95 19 direct,

100 723 65 23 y^%^\
218 717 90 29 npHE
333 717 45 21 fine
406 717 43 21 fast
472 717 87 26 sailing,
585 719 61 27 Al,

78 738 101 36 nffitSl
223 738 30 28 X
291 743 109 23 schooner
413 745 86 20 LADY
515 746 102 23 LEIGH,

85 766 124 34 >®feM^.
230 772 39 20 109
278 774 52 18 tons
345 770 106 28 burthen,
461 771 47 22 will
524 772 41 21 sail
580 772 68 22 about

73 793 138 40 3|fe^K
229 797 38 21 the
278 800 33 19 lst
320 797 136 23 November.

257 835 54 21 This
318 834 75 25 .vessel
403 835 18 22 is
428 835 108 27 expected
545 835 22 22 in
579 836 68 22 about

230 865 38 18 ten
278 861 56 27 days
345 862 56 21 from
412 870 13 13 a
434 863 42 27 trip
485 863 35 20 via
529 863 118 22 Auckland

72 893 41 22 and
130 891 91 27 Sydney,
235 888 45 22 and
298 896 24 14 as
339 888 40 22 her
395 896 64 19 cargo
475 889 20 22 is
510 889 75 28 ready,
604 890 43 22 will

72 922 54 19 meet
135 917 51 22 with
195 915 127 23 immediate
334 915 112 28 despatch.

94 953 40 21 For
143 958 90 20 passage
243 950 58 27 only,
314 949 67 28 apply
391 953 23 18 to

379 984 82 22 Waitt
478 985 43 21 and
536 985 82 21 Tyseii.

92 1016 139 26 Wellington,
245 1016 131 27 September
386 1018 32 24 19,
432 1018 59 21 1843.

196 1066 118 26 Passage
331 1067 29 19 to
383 1066 125 21 London.

78 1110 9 7 '
214 1099 90 27 HPHE
317 1101 63 25 Tyne,
392 1099 68 26 being
470 1100 73 21 under
551 1107 95 20 engage-

87 1122 102 30 JaJoNfe
220 1122 29 25 J_
288 1130 65 18 ment
371 1131 22 16 to
412 1126 51 21 load
481 1127 55 21 wool
555 1131 24 16 at
593 1127 54 21 Port

225 1152 90 28 Phillip,
333 1152 81 22 should
429 1152 145 22 inducement
584 1153 61 27 offer,

66 1174 145 30 Myßaflßßfe
225 1180 40 20 she
282 1180 44 20 will
344 1180 43 21 call
401 1180 53 20 here
471 1187 28 13 on
510 1180 40 21 her
560 1188 48 19 way
622 1184 24 18 to

91 1246 41 21 For
146 1252 91 20 passage
249 1244 57 26 only,
318 1244 83 25 having
411 1244 98 26 superior
522 1251 124 14 accommo-

66 1272 89 26 dations,
167 1272 66 27 apply
245 1274 22 18 to
277 1271 95 27 Captain
383 1271 130 26 Robertson,
525 1278 25 13 or
559 1274 22 18 to

322 1305 113 21 Bethune
450 1305 43 21 and
508 1305 108 24 Hunter.

91 1337 142 27 Wellington,
245 1338 89 26 August
345 1338 32 25 15,
390 1338 59 26 1843,

138 1388 53 20 For
205 1388 104 20 Nelson
325 1389 55 19 and
395 1388 172 26 Valparaiso.

215 1425 44 21 nn
273 1424 25 21 H
314 1423 20 22 E
376 1424 78 27 frigate
497 1425 57 22 built
597 1425 48 28 ship

96 1447 95 38 i#juf|gfe
221 1447 30 25 JL
362 1452 171 25 URSULA,

69 1472 142 40 *NJfe!M3n^
227 1479 23 20 -A-
265 1480 18 24 1,
303 1479 43 21 490
364 1481 57 24 tons,
442 1479 21 21 S.
482 1479 85 22 Martin
585 1488 60 13 com-

64 1500 148 37 gg|EaEiija§|»
228 1505 99 26 mander,
348 1505 45 21 will
412 1505 39 22 sail
470 1506 35 21 for
523 1507 36 21 the
576 1507 69 22 above

66 1527 145 31 %s&g£§l3si!zo
226 1534 60 24 ports
296 1539 29 15 on
334 1531 38 22 the
385 1532 53 21 30th
449 1532 94 24 .instant.
572 1533 44 22 She
626 1534 20 22 is

227 1566 55 19 very
299 1559 52 26 fast,
371 1559 45 21 and
435 1559 40 22 her
490 1561 156 22 accommoda-

66 1585 54 21 tions
131 1592 36 15 are
176 1585 47 22 first
231 1588 54 19 rate.

90 1617 41 21 For
144 1616 80 28 freight
238 1625 25 14 or
278 1625 100 20 passage,
390 1618 64 28 apply
464 1621 21 19 to
498 1618 37 23 the
551 1620 93 26 Captain

64 1651 27 14 on
100 1644 73 26 board,
185 1651 24 14 or
218 1648 22 17 to

269 1672 133 26 RIDGWAYS,
420 1672 106 27 GUYTON,
543 1673 19 22 &
578 1674 37 21 Co.

89 1703 139 28 Wellington,
240 1705 59 27 Sept.
311 1706 34 25 15,
358 1707 60 20 1843.

240 1757 53 21 For
308 1758 148 24 Taranaki,
559 1758 6 11 '

73 1785 102 37 -''&&&
213 1793 91 35 npHE
331 1793 109 22 schooner
470 1796 172 22 AURORA.

87 1815 107 40 .J|jj|Eg^
220 1815 29 26 A.
291 1820 45 21 For
345 1820 81 27 freight
437 1828 23 14 or
468 1829 97 20 passage,
578 1823 65 27 apply

67 1844 142 37 '^*lffl3»HSr
225 1854 29 15 OH
277 1847 77 25 board,
379 1855 25 14 or
434 1851 20 18 to
484 1849 44 21 Mr.
552 1849 88 27 Eager,

65 1870 115 35 gijggaggl
188 1881 23 15 m
225 1874 111 21 Lambton
349 1874 72 27 Quay.
449 1875 32 21 To
489 1875 38 21 sail
539 1883 28 14 on
575 1876 66 21 Wed-

85 1933 127 25 September
221 1934 34 21 22,
270 1935 62 20 1844.
478 1954 33 8 _^_

61 1980 52 20 For
133 1980 103 26 Sydney
252 1983 54 19 and
331 1983 184 27 Launceston,
536 1987 104 26 calling

263 2010 28 19 at
313 2009 116 27 Nelson,

228 2045 9 15 r
245 2045 10 23 I
334 2043 45 22 fine
390 2044 43 22 fast
442 2045 81 27 sailing
532 2046 108 23 schooner

98 2067 105 38 •2«W^
234 2067 30 22 -1-
346 2072 231 27 DEBORAH,.

92 2093 125 40 Neteraj»f
241 2096 95 28 Captain
359 2098 64 28 Wing
434 2107 5 18 ;
465 2100 40 21 has
524 2101 47 21 first
590 2105 49 18 rate

78 2121 139 40 jjspaaag~
240 2124 193 23 accommodation
443 2126 34 21 for
485 2134 138 20 passengers.

254 2157 17 21 -^
272 2164 24 14 or
305 2157 85 28 freight
397 2166 26 14 or
433 2167 99 20 passage,
542 2161 65 27 apply
616 2165 23 18 to

394 2195 22 21 J.
434 2196 31 21 M.
480 2197 102 26 Taylor,

527 2229 82 27 Agent.

84 2259 127 27 September
221 2260 32 26 12,
265 2261 60 20 1843.

75 2351 71 32 jjgiL
169 2353 220 24 /CONSIGNEES
414 2355 38 22 OF
480 2356 103 23 GOODS
607 2358 30 28 by

71 2378 138 37 JfcgiilfoiV>
238 2380 43 21 this
291 2381 71 21 vessel
378 2389 37 14 are
427 2383 116 27 requested
553 2387 22 18 to
587 2392 50 20 pass

59 2403 106 37 jJlgCjfc
180 2407 57 22 their
247 2407 80 22 entries
336 2408 160 28 immediately.

59 2429 106 29 fssSP
207 2434 47 21 The
273 2434 79 22 Goods
369 2440 61 17 must
444 2436 28 22 be
492 2437 66 22 taken
578 2439 57 21 from

175 2460 110 27 alongside
305 2461 93 22 without
413 2462 71 29 delay,
496 2472 24 13 as
536 2464 36 22 the
586 2465 50 28 ship

56 2486 40 22 will
106 2487 38 22 sail
155 2495 29 14 on
195 2487 36 22 the
241 2488 52 21 20th
303 2488 92 22 instant.

260 2521 133 28 RIDGWAYS,
410 2523 107 28 GUYTON,
533 2526 20 21 &
568 2527 38 21 Co.

79 2552 126 28 September
216 2554 32 25 15,
259 2554 60 21 1843.

56 2604 67 49 ON
138 2605 83 27 SALE,
233 2613 29 14 ex
270 2607 99 20 Deborah
378 2608 57 21 from
445 2608 146 28 Launceston,
602 2610 30 27 by

128 2631 36 22 the
174 2632 147 28 undersigned
321 2645 29 5 —

103 2666 40 21 500
157 2666 88 22 bushels
255 2671 53 22 oats,

103 2693 41 21 200
157 2692 88 23 bushels
255 2694 94 27 English
358 2695 83 27 barley,

103 2721 39 20 380
155 2719 90 23 bushels
255 2721 80 28 wheat,

103 2748 40 20 230
156 2747 90 22 bushels
255 2748 62 27 malt,

102 2773 72 28 Flour,
186 2774 47 27 ale,-

103 2802 13 20 2
131 2801 70 27 drays,
212 2803 11 19 1
233 2801 91 28 plough,
335 2803 69 26 yokes
414 2803 44 22 and
468 2803 83 28 chains,
562 2806 40 21 &c.

387 2837 22 21 J.
425 2838 33 20 M.
474 2838 100 27 Taylor,

77 2861 125 27 September
212 2864 33 24 12,
257 2864 60 21 1843.

102 2912 100 22 Messrs.
226 2912 156 23 HOLROYD
407 2922 45 15 and
480 2916 94 28 HART,

207 2947 129 21 Notaries
360 2949 106 26 Public,
477 2966 5 3 .

133 2985 37 15 TE
199 2986 71 19 ARO,
298 2987 242 17 WELLINGTON.

75 3014 127 27 September
209 3017 20 24 4,
241 3017 60 20 1843.

176 3067 40 19 On
230 3067 69 25 Sale,
315 3073 38 15 ex

49 3098 172 49 WINDOW
237 3099 97 24 GLASS
348 3102 84 26 20+16
441 3105 22 19 to
475 3105 73 26 10+8,

139 3125 96 22 Leather
235 3137 27 4 —
263 3126 45 22 sole
318 3128 46 21 and
379 3128 112 29 calf-skin,

71 3151 58 22 Boat
138 3152 93 22 anchors
241 3153 46 22 and
296 3153 86 29 chains,

49 3191 3 4 •
70 3179 37 21 An
117 3182 132 19 astortment
258 3180 25 21 of
292 3180 87 23 hollow-
385 3189 64 21 ware,

72 3205 159 23 Glass-ware—
232 3208 136 27 comprising
377 3208 60 28 plain
447 3211 44 21 and
501 3216 38 17 cut
548 3212 80 23 dinner

47 3232 95 27 services,
160 3233 73 27 wines,
251 3234 114 28 tumblers,
384 3236 110 28 druggists
508 3238 117 29 furniture,

46 3258 55 22 show
111 3260 89 28 glasses,
211 3260 43 23 and
265 3261 64 27 vials,
341 3262 49 27 &c,

70 3285 73 23 White
153 3287 51 22 lead
213 3288 45 21 and
268 3288 63 22 sheet
341 3289 57 27 lead,

71 3312 72 23 Prime
153 3314 59 22 Irish
221 3315 61 28 pork,
293 3316 53 27 split
355 3324 59 20 peas,
426 3318 40 22 &c.

67 3359 3 4 '
98 3361 3 4 '
118 3371 4 3 -
299 3354 114 23 Bethune
429 3357 44 22 and
487 3358 110 23 Hunter.

71 3379 153 28 September],
237 3382 61 21 1843.

108 3429 41 22 Ex
190 3431 74 26 Tyne
301 3434 57 22 and

47 3460 66 48 ON
140 3464 83 27 SALE,
249 3465 88 23 bottled
367 3467 71 28 fruits,
462 3469 86 28 raisins,
579 3471 44 22 and

117 3493 106 25 currants,

70 3514 130 30 Carroways,
212 3521 111 25 nutmegs,
336 3520 82 28 dloves,
429 3523 39 21 &c.

70 3542 52 26 Split
131 3551 59 20 peas,
202 3546 102 27 oatmeal,
317 3547 81 23 Scotch
412 3549 84 28 barley,
507 3551 44 22 and
560 3559 62 19 sago,

69 3570 105 23 Hambro'
183 3572 45 22 and
240 3572 58 22 Irish
308 3573 57 28 pork
374 3575 24 22 in
408 3575 92 30 barrels,

183 3598 55 22 beef
242 3599 24 22 in
277 3600 87 28 tierces,

68 3621 89 29 English
166 3624 78 23 bacon'
250 3626 63 27 (very
324 3627 62 28 fine),

51 3671 3 5 ,
67 3649 56 22 Loaf
129 3652 43 21 and
183 3652 75 22 Dutch
268 3653 89 28 cheese,

52 3699 2 3 .
66 3674 70 25 Prints
144 3678 23 22 in
177 3682 62 24 great
249 3680 92 28 variety,

66 3701 150 30 StrongbootB
224 3707 46 22 and
280 3707 74 28 shoes,
365 3709 40 23 &c.

44 3761 219 39 _AugU8t29,1843.
420 3745 28 22 D-
465 3747 22 21 S.
505 3747 88 23 Durie.

105 3816 51 22 For
171 3819 69 26 Sale,
255 3821 93 26 Seeds,
363 3828 36 16 ex

43 3845 27 48 JDs*S!s&iJ
72 3846 18 23 D
92 3847 206 57 s*S!s&i
310 3856 106 50 XX?
439 3865 13 15 B
453 3866 10 27 ?
465 3862 97 22 B<>rtmen
564 3865 10 19 '
593 3862 26 23 °<

84 3907 91 27 GMette
208 3912 77 30 Office;
296 3916 92 28 Auguat
397 3918 35 31 11,
442 3916 54 26 liM3
532 3937 2 3 .
551 3936 2 5 .

766 698 3 5 -
805 690 41 18 On
861 690 68 23 Sale,
940 690 43 19 Ex
1019 690 107 20 Ursula.
1129 690 5 9 1
1136 690 7 13 '

681 720 128 47 PRIME
825 728 58 14 mess
894 721 59 27 pork,
964 722 85 21 barrels
1059 723 43 21 and
1112 723 52 22 half
1173 724 91 22 barrels.

740 746 78 22 ButteH
826 748 24 20 in
861 748 82 26 firkins,
953 748 65 22 made
1027 749 24 21 in
1060 750 62 27 May,
1135 752 60 25 1843,
1211 766 5 6 >

680 772 72 22 Dried
772 774 102 27 oatmeal,
899 773 79 23 double
1003 776 111 22 barrelled
1136 778 127 26 percussion

705 810 3 3 ■
719 814 3 4 -
733 807 66 19 guns,'
918 811 6 3 -
952 807 3 7 '

679 826 88 22 Roman
779 830 89 19 cement
877 828 23 21 in
909 828 137 28 puncheons,
1056 829 92 27 barrels,
1164 830 43 22 and
1217 830 50 21 half

733 853 92 27 barrels.

680 878 86 23 Plaster
776 880 68 27 Paris,
857 881 128 22 Rotterdam
1100 883 23 22 in
1134 891 68 19 cases,

679 906 82 22 Choice
781 908 66 21 wines
868 908 24 25 (a
908 908 43 22 few
966 910 90 26 cases,)'
1065 910 87 21 bottled
1168 910 34 21 ale
1218 910 44 22 and

733 936 82 24 porter,
1014 947 4 4 •
1037 948 3 4 •

679 959 177 29 Refined-sugar,
867 961 158 23 Blanketsand
1036 962 112 28 druggets,

679 986 65 21 Nails
754 987 30 21 all
794 988 62 26 sizes,
868 988 64 21 black
942 988 44 22 and
996 988 54 23 drab
1059 990 83 21 beaver
1152 990 54 27 hatg,

679 1013 72 27 Paper
760 1014 117 27 hangings,
889 1015 79 22 British
978 1016 67 27 plate,

678 1039 118 28 Tin-ware,
808 1041 90 22 kitchen
906 1047 88 21 ranges;
1002 1042 92 28 register
1101 1046 79 24 grates,

679 1066 83 27 Stoves,
776 1074 75 19 ovens,
863 1068 72 27 frying
943 1074 62 21 pans,
1016 1077 142 19 campovens,
1166 1071 94 26 fenders,

679 1093 137 27 Casements,
837 1094 166 28 window-glass,
1022 1096 67 27 deals,
1108 1097 94 27 squared
1216 1097 46 27 flag

733 1122 82 19 stones.

679 1145 71 22 Slates
759 1147 45 21 and
814 1147 82 27 sundry
906 1148 85 27 surplus
1002 1151 75 24 stores,

861 1179 129 28 RIDGWAYS,
1008 1180 109 27 GUYTON,
1133 1189 46 15 AND
1194 1183 38 21 Co.

706 1210 129 27 September
846 1211 33 26 15,
892 1213 58 19 1842.

679 1258 73 49 EX
770 1260 83 25 Ursula,
865 1260 43 20 and
917 1260 36 21 for
962 1260 51 22 sale,
1018 1263 23 19 at
1051 1262 36 20 the
1107 1263 74 21 Stores
1191 1262 25 21 of
1223 1262 37 22 the

756 1286 150 27 undersigned
917 1294 5 14 :

706 1317 81 23 British
797 1319 66 26 plate,
875 1318 121 28 consisting
1009 1319 50 21 of—

704 1345 79 22 Tivole
793 1345 44 22 and
847 1345 72 27 king's
927 1349 86 23 pattern
1023 1354 82 20 spoons
1114 1347 45 22 and
1169 1348 59 21 forks
1239 1348 26 21 of

678 1378 68 20 every
756 1372 142 27 description,

705 1398 43 22 Do.
806 1399 35 21 do.
850 1423 4 5 t
898 1399 33 21 do.
988 1399 72 22 desert
1068 1401 87 26 knives,

705 1425 60 27 Soup
782 1425 77 27 ladles,
877 1432 67 21 gravy
960 1434 86 19 spoons,
1062 1427 42 22 fish
1121 1428 70 27 slices,
1204 1432 57 18 toast

670 1451 78 28 ■racks,
760 1460 66 19 sugar
837 1456 70 23 tongs,
919 1452 45 22 and
974 1453 73 22 butter
1055 1454 84 27 knives,
1220 1460 7 4 '
1263 1454 6 15 '•

705 1479 154 22 Candlesticks
867 1479 45 22 and
923 1479 100 28 snuffers,

704 1505 56 22 Also
772 1510 42 18 two
824 1513 61 15 cases
896 1514 64 19 paper
971 1506 115 28 hangings,
1100 1508 26 21 of
1133 1508 36 21 the
1178 1512 87 19 newest'

675 1535 99 24 patterns
784 1533 44 21 and
837 1534 23 20 in
870 1537 61 22 great
940 1533 92 28 variety.

1067 1574 76 23 Levin
1159 1576 21 21 &
1194 1576 38 21 Co.

670 1628 4 2 .
705 1609 187 29 Lambton-quay,
904 1612 57 27 Sept.
974 1613 32 25 15,
1019 1614 59 21 1843.

678 1659 72 48 ON
766 1660 85 27 SALE,
866 1668 30 14 ex
906 1663 63 25 Tyne,
980 1662 41 22 &c.

753 1688 42 20 200
809 1687 84 22 barrels
902 1689 69 26 prime
982 1689 58 22 Irish
1049 1689 62 28 pork,

758 1715 27 20 19
799 1714 68 21 boxes
878 1715 75 22 mould
963 1715 97 28 candles,
1158 1726 3 3 ■
1192 1726 3 4 •
1210 1724 3 5 ■

758 1742 27 19 12
798 1748 62 14 cases
872 1742 103 22 Gunter's
985 1750 121 19 preserves,
1117 1766 4 3 ,

755 1769 16 19 4
786 1775 60 13 cases
857 1768 103 22 Gunter's
970 1769 85 22 bottled
1065 1770 71 27 fruits,

755 1795 15 20 4
785 1802 59 13 cases
856 1795 70 22 North
937 1796 65 22 Wilts
1011 1797 87 26 cheese,

755 1822 14 19 2
785 1828 61 14 cases
856 1822 61 22 dried
927 1823 72 26 herbs,
1019 1826 3 3 '

757 1848 87 26 Copper
854 1849 91 26 moulds,
957 1850 40 21 &c.

703 1879 31 21 At
745 1879 36 21 the
793 1879 124 23 Wholesale
928 1882 72 21 Stores
1011 1882 26 21 of
1049 1882 37 21 the
1099 1882 157 28 undersigned,

1040 1915 21 22 J.
1078 1916 34 21 M.
1127 1916 102 22 Taylor.
1254 1925 6 4 -

701 1939 132 25 September
843 1940 32 26 15,
887 1942 66 22 1!548,_
1270 1935 1 31 1

859 1994 35 22 W.
909 1996 33 20 M.
959 1996 105 27 SMITH,

672 2037 58 16 LATE
741 2039 235 16 SURVEYOR-GENERAL
987 2041 27 14 TO
1027 2042 43 14 THE
1087 2042 50 14 NEW
1153 2043 103 15 ZEALAND

907 2067 114 20 COMPANY,

699 2096 143 26 Surveyor,
857 2097 208 27 Draughtsman,
1081 2101 55 19 and
1150 2102 77 20 Land

915 2126 98 25 Agent.

670 2158 178 28 Tinakori-road,
860 2160 96 27 January
971 2163 20 25 4,
1006 2164 58 20 1843.

671 2216 89 49 FOR
775 2216 86 28 SALE,
877 2225 28 14 ex
917 2220 116 26 Margaret,
1046 2221 47 26 &c,

744 2244 26 19 25
785 2244 77 21 tierces
872 2245 54 27 beef,

696 2270 14 20 3
726 2272 48 19 tons
785 2270 95 23 colonial
891 2272 49 28 hay,

697 2298 13 19 3
726 2299 50 19 tons
786 2298 60 21 Siam
857 2305 71 21 sugar,

696 2324 28 21 30
738 2324 83 21 barrels
832 2324 84 24 bottled
926 2326 41 28 ale,

696 2350 28 21 50
738 2350 69 22 boxes
816 2354 43 21 tea.

696 2378 28 20 50
738 2377 39 22 ash
790 2385 57 19 oars,

695 2404 29 21 30
738 2406 48 19 tons
796 2405 56 27 coal,

696 2430 58 27 Port,
766 2431 84 29 sherry,
861 2433 44 22 and
919 2434 102 23 Madiera
1030 2435 24 22 in
1069 2436 76 27 bottle,
1158 2437 93 23 Ruther-

667 2458 50 21 ford
728 2458 44 21 and
781 2458 96 28 Drury's
886 2461 75 27 brand,

695 2484 100 28 Liquers,
806 2486 24 21 in
840 2487 70 22 dozen
921 2495 67 21 cases,

694 2511 152 29 Champagne,

694 2537 98 28 Brandy,
802 2541 110 25 rum,-and
922 2542 38 26 gin
971 2542 22 22 in
1005 2542 72 28 hhds.,

692 2566 28 20 30
734 2569 49 18 tons
793 2566 49 22 best
852 2567 89 28 Sydney
953 2568 65 28 flour,

692 2592 28 21 50
735 2595 50 19 tons
795 2593 89 23 Chilian
894 2594 62 28 flour,
970 2603 27 14 ex
1009 2597 106 25 Cheerful.

981 2636 82 22 Waitt
1078 2638 45 22 and
1136 2639 85 23 Tyser.

896 2691 39 21 On
950 2693 69 25 Sale,

666 2721 91 23 HHHE
788 2722 73 22 NEW
884 2724 151 24 ZEALAND
1063 2728 184 30 PORTFOLIO,

665 2746 71 42 Ti-f^i
739 2756 19 14 C(
758 2756 23 32 £
784 2749 53 22 duCt
831 2777 6 11 ,
838 2757 19 14 e<
857 2750 12 38 \
882 2751 18 37 £
899 2759 13 19 y
931 2752 31 21 H>
978 2754 15 21 S
995 2769 5 6 '
1020 2754 48 22 Cha
1070 2763 71 21 pman,
1163 2758 36 26 (of
1210 2759 38 21 the

665 2775 87 22 Middle
759 2776 110 28 Temple,)
881 2777 211 27 Barnster-at-Law.

691 2807 43 22 No.
748 2807 49 22 I.—
797 2809 22 20 A
835 2808 75 23 Letter
925 2813 23 19 to
966 2811 37 22 the
1021 2813 68 28 Right
1108 2815 61 23 Hon.
1188 2817 59 22 Lord

664 2835 98 27 Stanley,
781 2836 117 28 Secretary
917 2838 26 21 of
958 2839 60 22 State
1038 2840 34 22 for
1091 2842 36 22 the
1148 2844 98 22 Colonial

664 2862 155 26 Department,
853 2864 34 21 On
896 2864 33 22 the
937 2865 187 25 Administration
1131 2871 26 20 of
1161 2871 85 22 Justice

664 2895 21 14 m
696 2888 56 23 New

714 2930 13 14 0
729 2938 5 6 '
812 2923 77 25 L<?tter
903 2928 20 18 t0
939 2925 60 23 Joun
1014 2928 59 22 Abel
1089 2930 79 28 Smith,
1185 2931 59 27 Esq.,

694 2960 38 26 £"'
755 2950 30 36 -?n?
786 2957 14 15 n
811 2950 38 22 the
856 2951 21 21 A
879 2951 15 32 4
896 2956 50 18 vant
948 2959 26 21 °g
975 2961 23 14 es
1005 2955 42 21 wnJ
1049 2956 27 21 ch
1084 2957 74 22 would
1167 2965 78 16 accrue

664 2978 19 19 to
694 2977 94 26 English
799 2977 124 28 Capitalists
932 2979 56 23 from
1000 2981 37 22 the
1047 2984 168 23 establishment
1223 2987 25 21 of

664 3010 10 14 a
682 3004 61 20 Loan
753 3005 103 26 Company
866 3005 34 22 for
908 3007 51 20 New
969 3009 98 28 Zealand,
1079 3010 85 23 similar
1176 3015 21 19 to
1207 3013 37 22 the

664 3030 125 23 Australian
799 3031 67 23 Trust

687 3065 44 21 No.
743 3065 76 22 III.—
893 3067 94 24 Address
998 3073 22 19 to
1030 3071 37 22 the
1079 3072 55 22 New
1145 3073 99 22 Zealand

664 3093 62 20 Land
736 3093 138 27 Proprietors
884 3095 95 23 resident
993 3097 23 22 in
1026 3098 37 22 the
1073 3099 86 23 United
1174 3100 70 28 King-

664 3119 55 25 dom,
732 3126 28 14 on
777 3120 85 22 several
877 3125 89 19 matters
976 3124 26 21 of
1007 3125 138 26 importance
1155 3131 23 18 to
1189 3128 56 21 their

664 3179 81 38 v^V
748 3179 17 22 11
903 3182 22 21 *
927 3190 11 14 c
959 3184 114 24 Financial
1092 3188 113 22 condition
1222 3190 25 21 of

664 3206 51 21 New
860 3208 30 28 by
900 3210 88 22 Charles
998 3212 74 28 Terry,
1086 3213 59 30 Esq.,
1155 3216 87 25 F.R.S.,

664 3241 8 12 r
679 3234 29 20 .S.
712 3234 28 21 A.

686 3265 44 22 No.
747 3265 59 22 V.—
807 3268 19 20 l.
1059 3279 29 16 on
1112 3273 132 28 facilitating

664 3292 135 27 Emigration
823 3296 24 19 to
871 3295 54 22 New
950 3297 105 29 Zealand,
1074 3300 31 26 by
1125 3309 77 14 means
1221 3302 25 21 of

664 3319 112 23 Moderate
797 3320 99 28 Charges
908 3323 35 21 for
962 3324 67 22 Chief
1045 3326 43 22 and
1104 3327 137 24 Fore-Cabin

820 3348 28 22 In
858 3356 14 14 a
882 3349 75 23 Letter
966 3354 22 18 to
997 3352 85 28 Joseph
1093 3355 84 26 Somes,
1190 3356 51 25 Esq.

664 3373 35 21 &c.
710 3373 40 22 &c.
781 3374 35 27 By
825 3375 31 21 H.
868 3376 22 22 S.
902 3377 119 28 Chapman.

664 3431 12 12 b
684 3405 62 38 V.
747 3405 22 22 A
779 3406 18 21 L
799 3409 22 34 #
822 3409 22 19 te
837 3433 12 10 T
845 3414 11 15 r
850 3434 10 9 To,nT
865 3414 13 15 o
875 3434 7 9 ,
880 3415 15 14 n
905 3408 103 35 inking
1018 3411 24 22 in
1051 3412 57 22 New

664 3431 28 27 By
702 3432 88 22 Arthur
799 3433 26 22 T.
837 3433 106 30 Holroyd,
955 3436 52 29 Esq.

673 3491 9 4 «
684 3464 37 22 No
724 3481 5 5 -
745 3465 88 23 Vl.—'*
840 3467 155 26 Observations
1011 3479 29 14 on
1049 3472 37 23 the
1098 3474 144 26 Advantages

664 3493 18 20 of
696 3499 14 14 a
727 3493 182 27 Representative
925 3497 120 29 Assembly
1059 3500 35 21 for
1114 3501 57 22 New
1186 3502 55 22 Zea-

664 3518 53 22 land.

683 3550 100 23 General
794 3552 48 23 title
853 3554 44 21 and
906 3554 148 26 introduction
1065 3563 23 18 to
1098 3560 37 22 the
1147 3561 79 22 Series.

846 3593 67 15 PRICE
931 3596 118 17 SIXPENCE.

684 3615 88 21 Gazette
782 3616 79 27 Office,
873 3618 66 27 Sept.,
952 3621 60 22 1843.

664 3665 83 48 THE
769 3667 80 21 Nelson
872 3669 115 21 Examiner
1009 3673 44 20 and
1072 3674 54 20 New
1149 3676 92 20 Zealand

729 3693 110 22 Chronicle
854 3695 125 26 (published
988 3702 23 18 at
1021 3699 101 28 Nelson,)
1138 3701 21 22 is
1175 3709 64 15 reiru-

664 3719 45 27 arly
727 3721 141 22 transmitted
884 3726 22 18 to
921 3723 144 30 Wellington,
1086 3727 45 22 and
1146 3735 53 18 may
1212 3729 27 22 be

664 3747 32 20 lad
706 3749 23 19 at
738 3747 38 22 the
786 3749 64 21 office
859 3749 27 21 of
896 3749 42 23 this
946 3758 76 21 paper.

677 3777 49 23 The
735 3780 81 21 Nelson
821 3782 117 21 Examiner
953 3784 46 21 will
1007 3784 28 22 be
1045 3785 70 23 found
1125 3793 29 15 an
1166 3788 73 21 excel-

664 3808 34 18 ent
705 3806 101 23 medium
816 3808 35 25 for
860 3808 138 24 advertisers.

675 3837 79 22 Terms
764 3839 35 22 for
808 3839 38 23 the
856 3847 72 20 paper,
939 3845 37 17 ten
984 3841 102 28 shillings
1100 3850 40 21 per
1148 3849 90 23 quarter

664 3864 79 27 ayable
751 3865 25 22 in
786 3866 109 23 advance.

675 3895 82 23 Orders
781 3897 35 22 for
835 3897 38 22 the
983 3899 47 22 and
1052 3901 185 26 advertisements

664 3923 86 22 eceived
760 3927 23 19 at
793 3924 39 22 the
842 3923 73 23 Office'
922 3925 26 21 of
959 3925 44 22 this
1012 3934 75 19 papejr.

1296 691 72 47 ON
1384 692 78 22 SALE
1476 696 24 19 at
1518 693 38 24 the
1576 694 70 22 Office
1656 694 32 23 .of
1706 695 44 21 this
1768 701 109 21 paper.—

1374 718 61 28 Keys
1446 720 25 21 of
1479 719 36 22 the
1525 720 70 21 Town
1604 720 26 22 of
1637 720 54 22 New
1701 720 126 28 Plymouth,
1844 737 9 4 -

1322 743 66 23 Plans
1399 746 26 20 of
1432 746 97 27 Country
1541 746 65 22 Land
1616 746 71 22 round
1699 746 142 28 Wellington,
1853 746 22 21 in

1294 776 58 21 case,

1322 797 67 22 Plans
1400 798 26 21 of
1432 799 90 26 Nelson,
1534 799 24 22 in
1569 807 57 19 ca3e,

1321 824 78 27 Copies
1416 825 25 21 of
1454 825 38 22 the
1508 826 56 22 New
1583 826 98 23 Zealand
1696 826 100 27 Journal,
1814 827 60 26 1842,

1293 850 116 27 complete,
1420 851 82 28 bound,

1321 876 133 29 Chapman's
1464 879 114 27 Portfolio,
1588 879 85 27 bound,

1280 927 16 7 _
1321 903 73 22 Prints
1401 905 25 21 of
1432 905 91 27 Nelson,

1280 927 16 7 **
1321 929 73 23 Prints
1405 931 25 22 of
1435 931 141 28 Wellington.

1319 956 68 22 Plans
1397 959 26 20 of
1430 959 82 21 Nelson
1524 960 23 20 in
1558 959 84 27 Sheets,

1320 982 67 23 Plans
1397 985 26 21 of
1430 985 98 27 Country
1539 985 65 22 Land
1615 989 22 18 at
1650 986 142 27 Wellington,

1319 1009 67 23 Plans
1395 1011 26 21 of
1428 1011 37 22 the
1475 1012 66 21 Town
1554 1013 26 20 of
1586 1013 56 22 New
1653 1012 125 28 Plymouth.

1319 1042 129 28 September
1457 1042 34 30 IS,
1502 1047 62 19 1843.

1498 1091 38 19 To
1551 1091 34 20 be
1602 1091 73 24 Sold,

1291 1123 50 47 A
1373 1123 131 24 BAKER'S
1533 1125 125 22 PATENT
1689 1127 141 26 MANGLE,
1862 1133 13 15 a

1369 1150 80 22 Scotch
1460 1154 52 24 cart,
1522 1152 71 21 either
1602 1152 35 22 for
1646 1153 65 21 horse
1721 1160 28 16 ,or
1766 1152 106 28 bullocks,

1289 1176 119 27 complete,
1420 1185 41 14 one
1472 1181 33 18 set
1515 1178 25 21 of
1547 1178 64 23 horse
1620 1179 91 22 harness
1721 1180 45 21 and
1777 1183 41 19 two
1830 1183 44 18 sets

1291 1202 26 21 of
1324 1200 87 25 bullock
1421 1204 98 28 harness,
1530 1205 45 22 and
1583 1213 14 14 a
1606 1206 101 28 quantity
1717 1207 25 21 of
1749 1206 81 23 wheels
1841 1206 33 22 for

1289 1228 106 23 barrows.

1317 1256 76 27 Apply
1403 1260 23 19 at
1435 1257 37 22 the
1507 1259 94 21 Gazette
1634 1260 78 21 Office.

1318 1287 129 27 September
1458 1291 32 24 19,
1502 1291 60 20 1843.

1289 1332 66 20 Just
1364 1333 134 26 received,
1509 1340 36 15 ex

1290 1371 51 47 A
1352 1371 106 22 LARGE
1473 1372 161 24 QUANTITY
1647 1374 38 21 OF
1700 1374 173 27 BLANKETS,

1370 1397 62 23 West
1448 1399 25 22 of
1487 1399 103 27 England
1604 1401 107 26 superfine
1725 1401 70 22 broad
1806 1401 66 26 cloth,

1289 1423 61 28 blue,
1360 1424 74 28 black,
1447 1425 55 22 dark
1510 1433 73 20 green,
1597 1427 85 22 Oxford
1698 1428 115 27 mixtures,
1824 1428 48 26 &c,

1289 1450 56 27 pilot
1355 1451 68 27 clotn,
1433 1451 89 28 flannel,

1318 1477 21 21 A
1359 1478 103 28 quantity
1482 1480 25 21 of
1519 1487 67 20 grass,
1606 1481 96 27 vetches,
1722 1481 81 27 clover,
1829 1481 44 22 and

1280 1503 95 27 'garden
1386 1505 70 27 seeds,
1467 1507 125 27 stationery,
1604 1512 93 17 account
1705 1508 77 26 books,

1317 1531 132 28 Iron-ware,
1460 1536 36 18 tea
1505 1533 87 27 kettles,
1604 1534 48 21 iron
1662 1542 128 20 saucepans,

1288 1571 8 4 -
1317 1559 22 20 A
1350 1559 84 27 variety
1445 1559 25 22 of
1478 1559 71 22 China
1559 1561 43 21 and
1611 1561 51 22 blue
1673 1569 63 19 ware,

1318 1583 60 28 Pins,
1390 1585 97 28 needles,
1498 1587 43 21 and
1552 1587 110 27 thimbles,
1674 1592 36 17 tea
1719 1592 66 24 trays,

1319 1611 19 21 A
1347 1611 61 28 large
1427 1616 132 19 assortment
1578 1615 26 20 of
1619 1615 44 21 fine
1680 1620 39 16 cut
1733 1615 61 27 clasp
1808 1615 64 27 nails,

1289 1637 61 22 hand
1357 1639 45 21 and
1411 1639 71 22 frame
1489 1647 42 14 saw
1540 1641 53 26 files,
1601 1641 115 22 Britannia
1721 1643 68 21 metal
1795 1642 76 28 goods,

1288 1666 128 25 percussion
1427 1673 57 20 guns
1494 1667 44 21 and
1548 1675 58 20 caps,
1615 1668 44 22 bed
1668 1675 85 20 s:rews,
1761 1672 34 19 rat
1805 1673 65 23 traps,

1288 1691 106 23 standard
1404 1693 75 26 scales,
1492 1694 65 27 globe
1567 1695 58 26 glass
1634 1695 93 27 reading
1735 1695 77 28 lamps,
1823 1696 49 22 iron

1289 1719 99 27 weights,
1399 1720 52 22 seed
1462 1720 78 28 wheat,
1552 1721 40 22 &c.

1673 1748 75 23 James
1764 1750 80 22 Mayo.

1316 1778 98 23 Herbert
1424 1780 77 26 Street,
1512 1780 32 22 Te
1554 1781 53 27 Aro,
1620 1782 57 27 Sept.
1689 1783 19 24 1,
1721 1784 59 20 1843.

1487 1827 43 20 Ex

1289 1858 72 49 ON
1376 1860 79 21 SALE
1469 1860 30 27 by
1513 1860 37 21 the
1565 1861 178 27 undersigned—

1357 1903 2 5 ,
1366 1886 85 21 Hunt's
1460 1888 98 26 superior
1569 1888 36 21 old
1615 1891 50 24 port
1674 1889 62 26 wine,
1752 1889 85 23 bottled
1846 1889 24 21 in

1280 1951 6 9 .»
1315 1938 103 28 Hosiery,
1428 1939 56 27 lace,
1496 1940 44 22 and
1550 1941 94 27 netting,

1316 1964 97 23 Eattften
1415 1972 65 20 ware,
1491 1967 49 22 well
1542 1973 4 4 1
1550 1968 117 26 assorted;-
1710 1980 11 3 -

1315 1992 122 26 Champion
1449 1993 19 21 &
1479 1994 59 21 Co/s
1548 1994 92 27 vinegar
1649 1995 25 21 in'
1681 1995 52 21 half
1738 1995 132 27 hogsheads.

1665 2029 89 22 Willis
1768 2030 24 21 8c
1804 2030 37 22 Co.

1316 2058 143 28 Wellington,
1471 2061 89 26 August
1570 2063 32 25 14,
1614 2063 60 21 1843.

1525 2106 53 21 For
1593 2107 69 24 Sale,

1287 2136 156 48 WHEAT
1465 2137 64 22 AND
1553 2138 109 26 FLOUR,
1677 2139 37 22 the
1731 2140 98 27 produce
1848 2138 24 23 of

1382 2163 38 21 the
1430 2163 65 27 Hutt,
1506 2164 23 21 in
1545 2165 54 27 bags
1611 2166 101 27 (2001b5,)
1726 2172 22 15 at
1765 2167 34 23 £2
1813 2168 55 25 10a.,

1286 2189 47 21 half
1352 2190 52 25 bags
1424 2190 31 21 £1
1477 2192 30 20 ss.
1547 2191 57 27 Bags
1625 2197 22 16 to
1666 2193 27 21 be
1712 2194 111 26 returned,
1845 2201 25 14 or

1287 2215 95 28 charged
1395 2218 32 19 2s.
1442 2217 37 21 6d.
1508 2218 54 21 Also
1573 2226 13 14 a
1595 2219 65 22 small
1674 2220 101 27 quantity
1787 2222 24 20 of
1816 2220 53 22 seed

1286 2243 76 27 spring
1370 2243 46 22 and
1427 2244 77 21 winter
1514 2244 72 23 wheat
1595 2246 44 21 and
1649 2246 93 23 skinless
1752 2248 83 27 barley.

1315 2270 73 26 Apply
1399 2274 22 17 to
1437 2271 90 22 Messrs.
1540 2272 95 22 Rhodes
1653 2274 43 21 and
1710 2274 45 26 Co.,
1767 2274 32 22 Te
1815 2276 53 24 Aro,

1287 2304 24 14 or
1320 2300 21 18 to
1352 2297 45 22 Mr.
1412 2298 127 27 Swainson,
1556 2299 148 27 Hawkshead,
1717 2300 69 23 River
1802 2302 67 21 Hutt.

1313 2324 53 26 July
1376 2325 20 25 4,
1409 2326 61 20 1843.

1286 2370 71 48 ON
1373 2370 85 26 SALE,
1467 2373 24 19 at
1499 2371 37 21 the
1547 2371 73 21 Stores
1630 2372 26 21 of
1663 2372 35 22 the
1710 2373 157 28 undersigned,

1362 2404 30 14 i?x
1401 2398 73 20 Scotia
1474 2408 27 5 —

1393 2429 74 27 Flour,

1393 2456 62 27 Rice,

1392 2483 76 26 Sugar,

1392 2509 97 28 Brandy,
1876 2504 2 31 j

1394 2536 87 22 Bottled
1491 2537 33 21 a^
1535 2537 43 22 and
1590 2540 82 25 porter,
1684 2539 99 27 Dunbar,

1525 2564 98 23 Thomas
1639 2566 37 21 M.
1688 2566 149 23 Machattie.

1310 2589 63 28 Api-r
1384 2591 19 25 7,
1416 2592 61 23 1843.

1447 2636 89 21 Beach
1554 2637 144 27 Frontage.

1284 2669 65 48 TO
1364 2669 39 21 BE
1418 2669 64 27 LET,
1499 2670 70 22 beach
1579 2671 100 26 frontage
1695 2672 42 21 lots
1747 2672 23 21 in
1782 2676 85 19 section

1354 2697 41 21 490
1406 2704 28 14 on
1451 2697 37 21 the
1499 2697 55 22 Plan
1565 2698 26 21 of
1598 2697 37 22 the
1646 2698 67 22 Town
1727 2699 26 21 of
1761 2699 106 25 Welling-

1280 2726 46 21 ton,
1338 2723 115 27 adjoining
1463 2724 42 21 Mr.
1514 2724 89 21 Taine's
1610 2728 67 23 store;
1693 2725 45 22 and
1747 2726 23 21 in
1781 2726 84 22 section

1280 2751 46 26 616,
1335 2749 99 22 between
1442 2751 77 27 Major
1526 2751 91 22 Baker's
1628 2752 43 21 nnd
1681 2752 43 21 Mr.
1732 2753 134 22 Swainson's

1280 2775 87 23 houses.

1307 2803 54 22 Also
1372 2803 37 22 the
1418 2803 113 28 following
1540 2804 97 23 sections
1648 2813 26 14 on
1686 2806 36 22 the
1731 2806 56 22 Plan
1795 2808 25 21 of
1828 2806 37 22 the

1280 2829 75 28 Town,
1367 2831 45 20 viz:
1414 2842 28 4 —

1381 2863 26 20 55
1542 2865 42 20 319
1733 2867 40 19 922

1368 2890 41 21 240
1543 2890 41 22 718
1721 2893 52 21 1079

1305 2916 75 27 Apply
1394 2921 22 16 to

1454 2944 26 21 E.
1496 2944 21 21 J.
1533 2944 149 26 Wakefield,
1698 2952 25 14 or

1453 2975 35 20 W.
1503 2975 28 22 V.
1546 2975 109 27 Brewer,
1668 2977 194 22 Manners-street.

1438 3020 43 21 Ex

1280 3054 100 49 NOW
1391 3053 156 28 LANDING,
1562 3054 44 22 and
1615 3062 29 14 on
1655 3055 49 22 Sale
1717 3058 23 19 at
1748 3055 39 23 the
1798 3057 63 21 Store

1357 3081 26 21 of
1389 3081 38 21 the
1440 3081 150 27 undersigned
1590 3093 29 4 —

1303 3112 108 23 Blankets
1431 3115 32 25 11,
1480 3115 32 25 12,
1528 3114 44 21 and
1588 3116 27 21 13
1632 3118 108 24 quarters,
1761 3114 101 28 superior

1280 3140 86 27 quality,

1301 3167 74 21 Bottle
1386 3167 71 26 fruits,
1470 3171 107 23 currants,
1587 3168 85 27 rais'ns,

1302 3193 85 22 Lemon
1399 3201 66 21 syrup
1474 3194 24 21 in
1513 3194 77 28 bottle,
1601 3196 47 26 gin,
1660 3195 43 22 and
1713 3203 13 14 a
1736 3196 86 28 variety
1837 3196 26 21 of

1280 3220 59 22 other
1347 3220 79 28 goods.

1374 3253 34 21 M.
1420 3253 29 21 A.
1459 3253 44 21 will
1522 3253 54 28 buy,
1593 3254 35 22 for
1647 3253 57 28 cash,
1724 3255 27 21 10
1768 3257 48 19 tons
1837 3253 26 22 of

1280 3279 65 22 Black
1356 3279 37 21 Oil
1403 3287 25 14 or
1437 3287 70 20 more,
1518 3287 28 15 on
1557 3281 113 21 moderate
1680 3284 74 18 terms.

1518 3314 33 21 M.
1567 3314 102 23 Asher's
1684 3314 69 27 Store,

1635 3341 110 22 Lambton
1755 3341 75 28 Quay.

1302 3366 88 27 August
1401 3368 32 26 17,
1445 3369 60 21 1843.
1518 3365 6 2 '

1382 3412 41 21 On
1438 3412 70 25 Sale,
1523 3419 36 14 ex

1280 3442 59 25 OK
1371 3444 115 23 CHESTS
1515 3446 203 22 GUNPOWDER
1745 3446 70 29 TEA,

1280 3467 61 24 *d*3
1397 3472 13 20 5
1425 3476 50 17 tons
1486 3472 44 22 fine
1540 3480 72 19 sugar,

1399 3500 12 20 2
1427 3502 50 19 tons
1489 3499 87 27 Bengal
1585 3499 53 27 rice,

1398 3525 95 28 <Jinger,
1504 3533 88 21 pepper,
1604 3527 40 22 &c.

1534 3563 114 25 Bethune
1663 3565 42 22 aad
1719 3565 110 23 Hukter.

1299 3587 145 29 Wellington,
1456 3589 89 28 August
1557 3591 33 27 15,
1602 3593 60 20 1843.
1862 3595 5 4 *

1497 3636 53 21 For
1565 3637 70 25 Sale,

1280 3667 84 49 lIHE
1380 3669 144 23 COTTAGE
1538 3670 95 23 situated
1644 3672 22 21 in
1684 3673 99 21 Oriental
1801 3673 56 26 Bay,

1346 3695 46 22 and
1406 3695 68 29 lately
1483 3697 107 28 occupied
1604 3698 30 27 by
1644 3699 37 21 the
1697 3699 159 28 undersigned.

1280 3721 13 21 L
1307 3721 54 27 long
1378 3721 59 23 lease
1456 3723 26 22 of
1499 3723 36 23 the
1550 3725 85 22 section
1650 3732 57 21 upon
1727 3727 72 22 which
1818 3726 38 22 the

1280 3747 60 23 iouse
1349 3748 76 22 stands
1435 3751 45 21 will
1489 3751 27 21 be
1524 3751 104 27 granted.

1296 3774 70 22 Town
1375 3775 55 23 land
1439 3777 45 22 will
1492 3777 29 22 be
1528 3777 69 23 taken
1605 3779 25 21 in
1641 3779 120 28 exchange.

1297 3800 44 24 For
1348 3801 86 24 further
1441 3804 137 27 particulars,
1589 3805 67 28 apply
1665 3808 23 19 to

1590 3838 98 24 Gborob
1701 3840 90 27 Dcppa,
1806 3848 24 15 cr

1406 3881 3 5 .
1431 3888 2 3 ,
1590 3864 36 23 W.
1642 3865 29 22 V.
1684 3866 104 27 Brewer

1280 3906 165 34 (CHARTER
1454 3908 176 29 PARTIES,for
1639 3909 45 23 saie
1694 3916 66 19 attne
1769 3913 87 21 Gazette

1280 3927 32 28 O
1327 3933 78 23 Office.
1654 3934 4 5 '

2032 695 54 20 For
2101 694 69 26 Sate,
2185 701 36 16 ex

1911 727 41 25 T>
1960 726 204 29 UTHERFORD,
2205 728 117 31 DRURY,
2364 730 21 22 &
2422 729 65 24 CO.'S

1909 751 52 24 JIV
1987 754 99 34 superior
2096 755 74 26 wines,
2182 755 36 22 viz
2225 763 36 14 :—
2281 765 3 6 ■
2318 763 3 4 •
2357 761 4 5 '
2388 761 4 3 '

1935 780 58 26 Port,
2004 781 84 27 sherry,
2101 781 44 22 and
2161 782 101 23 Madeira
2272 782 23 22 in
2306 782 76 27 bottle,
2393 795 4 4 •
2456 793 9 6 -

1935 807 53 21 Pale
1999 807 45 22 and
2053 807 75 23 brown
2140 808 76 28 sherry
2225 809 24 22 in
2260 809 73 27 wood,
2356 829 3 3 .
2375 818 4 14 :
2403 811 30 22 ;.'.

1935 833 54 22 Port
1998 833 24 22 in
2033 834 70 27 wood,

1935 859 104 23 Madeira
2048 861 24 21 in
2084 861 70 27 wood,

1935 886 144 27 Hennessy's'
2085 895 84 19 cognac
2178 888 21 22 in
2212 888 69 27 wood,

1941 913 44 22 Old
1994 913 50 27 pale
2054 914 69 22 bottle
2134 915 93 27 brandy.

2220 948 83 22 Waitt
2317 948 49 23 and
2380 949 85 23 Tyser.

1933 978 144 27 Wellington,
2089 979 129 27 September
2229 980 31 27 19,
2272 981 61 21 1843.

1933 1030 64 20 Just
2020 1030 116 26 opened,
2152 1031 54 20 and
2220 1030 43 22 for
2286 1031 59 23 Sale
2368 1032 38 26 by
2420 1032 45 21 the

2102 1061 194 28 undersigned,

1909 1092 250 22 /GENTLEMEN'S
2180 1093 143 28 Wellington,
2342 1094 64 28 drab,
2425 1094 62 23 black

1909 1117 52 24 vJT
1988 1119 87 27 button,
2087 1119 44 22 and
2141 1118 105 24 Clarence
2255 1120 71 27 boots,
2402 1127 4 7 '
2432 1127 4 4 •

1933 1150 103 27 Blucher,
2049 1151 112 27 Oxonian,
2173 1151 43 22 and
2230 1152 57 27 light
2302 1152 97 28 walking
2402 1157 2 5 1
2414 1152 73 27 shoes,

1933 1176 108 28 Working
2051 1177 70 22 men's
2130 1178 74 21 nailed
2216 1178 49 22 half
2272 1179 70 27 boots,
2384 1192 3 3 •
2408 1185 40 11 <■•<■
2461 1188 6 5 '

1933 1203 68 27 Boys'
2011 1204 65 21 shoes
2084 1204 44 21 and
2138 1207 59 19 stout
2205 1204 51 23 half
2262 1206 69 26 boots,
2343 1216 11 11 -.
2398 1219 10 9 j
2420 1223 10 6 ..
2439 1223 2 6 ,
2462 1225 3 3 .

1934 1230 67 21 Girls'
2018 1230 43 22 and
2075 1230 118 23 children's
2210 1231 66 23 shoes
2285 1232 46 22 and
2342 1231 61 23 cloth
2410 1232 77 24 button

1905 1256 71 26 boots,

1934 1283 88 22 Ladies'
2051 1283 60 22 cloth
2140 1284 70 26 boots,
2237 1284 156 23 double-soled
2416 1284 71 28 shoes,

1907 1308 113 28 Morocco,
2030 1310 87 27 lasting,
2128 1310 44 22 and
2182 1311 85 24 French
2278 1315 74 24 carpet
2362 1312 97 28 slippers,

1933 1336 48 21 The
2000 1337 70 21 above
2088 1337 87 22 articles
2189 1344 37 15 are
2246 1338 25 21 of
2286 1345 14 15 a
2317 1345 55 21 very
2390 1339 97 27 superior

1907 1362 141 28 description.

1934 1390 37 21 An
1980 1393 132 18 assortment
2122 1390 24 21 of
2154 1391 130 28 Stationery,
2297 1392 120 28 consisting
2426 1392 25 22 of
2453 1400 33 14 :—

1933 1416 58 27 Post,
2003 1416 60 22 bank
2072 1417 44 22 and
2126 1417 96 28 foolscap
2231 1425 75 24 paper,

1933 1442 81 28 Demy,
2025 1443 101 28 blotting,
2138 1444 44 22 and
2192 1445 103 27 imperial
2305 1453 45 20 cap,

1933 1470 172 23 Memorandum
2114 1467 75 31 books,
2200 1472 106 27 assorted,
2410 1480 3 6 '
2439 1491 2 3 .
2462 1487 3 4 ■

1935 1496 90 27 Oblong
2034 1496 90 28 clasped
2131 1498 73 27 pencil
2214 1498 74 28 books,
2391 1498 5 3 '
2436 1515 3 4 .

1933 1522 90 23 Collins'
2034 1523 114 27 indelible,
2159 1525 105 27 assorted,

1933 1550 103 21 Account
2046 1550 76 28 books,
2133 1552 56 21 from
2200 1559 43 14 one
2253 1552 63 28 quire
2326 1548 109 33 upwards)
2458 1566 4 3 •

1933 1576 94 28 Wafers,
2038 1577 86 27 sealing
2133 1585 55 19 wax,
2199 1579 47 21 and
2255 1579 40 21 ink
2304 1579 106 29 powders,
2437 1585 6 7 •

1902 1620 5 5 .
1933 1603 89 22 Artist's
2031 1604 92 28 pencils,
2129 1605 60 27 good
2196 1605 94 27 writing,
2298 1606 44 21 and
2352 1608 134 27 carpenter's

1904 1629 68 28 leads,

1933 1657 60 22 Steel
2002 1665 54 20 pens
2067 1658 44 22 and
2121 1666 46 20 pen.
2175 1658 94 28 holders,

1933 1684 23 21 11
1969 1684 49 22 doz.
2030 1684 91 22 Smith's
2131 1693 54 20 copy
2195 1686 61 27 slips,

1932 1710 98 23 Gillott's
2040 1711 76 22 school
2125 1719 60 20 pens,
2196 1713 73 27 quills,

1930 1736 133 28 Envelopes,
2074 1739 101 22 national
2184 1740 74 22 school
2267 1740 73 28 slates,

1931 1764 80 28 Coffee,
2023 1768 43 23 tea,
2077 1764 43 23 and
2128 1766 85 22 refined
2223 1774 72 20 sugar,

1931 1790 74 23 Prime
2015 1791 57 22 Cork
2081 1792 76 23 hutter
2165 1793 22 22 in
2196 1793 83 27 firkins,
2291 1802 25 14 or
2325 1795 29 27 by
2364 1794 39 24 the
2413 1795 71 24 dozen

1902 1818 94 26 pounds,

1929 1845 27 21 40
1969 1844 83 22 barrels
2060 1845 110 28 superfine
2180 1846 120 23 American
2312 1848 63 27 flour,
2408 1857 4 4 •
2438 1856 3 5 '
2457 1856 5 6 *

1930 1871 120 22 American
2060 1872 110 27 chopping
2179 1880 59 20 axes,
2249 1874 49 22 iron
2308 1878 36 18 tea
2352 1873 87 30 kettlei,

1929 1899 13 19 5
1957 1902 49 17 cwt.
2026 1898 123 23 Rodway's
2168 1904 78 23 patent
2267 1900 66 23 horse
2356 1902 127 26 sjnoes/Aifd

1900 1924 64 27 nails,
2382 1924 14 9 '"

1930 1950 74 23 Hall's
2013 1951 59 27 glass
2081 1952 141 28 gunpowder,
2230 1954 88 28 powder
2327 1954 75 28 flasks,

1930 1977 74 34 Ivory'
2018 1978 108 21 iianaied-
2142 1983 81 23 razor*,
2248 1981 65 21 Cowo
2315 1982 64 20 vairSj
2384 1983 99 21 -ContDß

1900 2010 64 15 razor
1973 2003 136 29 sharpeners,

1929 2030 119 28 Crockery,
2063 2031 115 28 including
2195 2032 86 28 dinner,
2302 2034 119 28 breakfast,
2438 2035 46 23 and

1902 2060 36 19 tea
1950 2058 101 26 services,

1929 2084 55 21 Fine
1994 2087 38 19 cut
2041 2084 106 23 tumblers
2157 2086 44 21 and
2211 2086 56 22 wine
2277 2087 90 28 glasses,

1929 2110 94 27 Pickles,
2034 2111 92 27 vinegar
2140 2112 24 21 in
2178 2113 66 27 pints,
2255 2113 74 23 lemon
2341 2114 69 28 juice,
2421 2115 63 23 salad

1902 2137 36 27 oil,
1950 2145 82 20 capers,
2043 2145 83 19 sauces,
2137 2140 104 27 mustard,
2253 2141 61 27 pearl
2326 2142 85 28 barley,
2422 2149 60 21 sago,

1902 2164 102 27 oatmeal,
2016 2166 45 21 and
2071 2165 93 28 tapioca,

1929 2191 69 22 Fresh
2008 2192 86 21 salmon
2105 2192 44 22 and
2159 2200 63 20 soups
2232 2193 23 22 in
2264 2194 113 28 canisters,

1929 2218 110 22 Hockins'
2051 2222 75 24 patent
2136 2219 86 22 seidlitz
2230 2220 25 22 in
2266 2222 108 27 powders,

1929 2244 58 22 Soda
1996 2245 45 22 and
2050 2245 79 28 ginger
2138 2246 52 23 beer
2199 2247 106 28 powders,

1929 2271 168 28 Ra>»pberryade
2108 2273 44 21 and
2162 2273 145 23 Cheltenham
2317 2276 61 27 salts,

1929 2298 80 22 Steer's
2029 2299 123 28 opodildoc,
2169 2300 94 23 James's
2281 2302 97 28 powder,
2390 2303 94 28 Dalby's

1901 2325 145 26 carminitive,

1929 2352 79 21 Brown
2018 2352 110 28 Windsor,
2140 2353 73 28 fancy,
2223 2354 44 23 and
2277 2355 92 28 shaving
2378 2363 70 21 soaps,

1928 2378 96 23 Essence
2039 2380 26 21 of
2076 2380 86 27 ginger,
2176 2380 86 30 brandy
2275 2382 85 28 bitters,
2377 2383 106 22 aromatic

1900 2405 99 27 vinegar,
2009 2406 164 23 inexhaustible
2183 2408 59 27 salts,

1928 2432 136 23 Permanent
2071 2434 47 26 ink,
2130 2434 102 28 scouring
2242 2435 71 28 drops,
2324 2436 97 28 pasties,

1928 2459 47 22 Salt
1985 2460 26 21 of
2016 2460 92 27 lemons,
2120 2464 62 19 court
2189 2461 99 29 plaister,
2472 2481 6 11 x

1928 2486 120 22 Lavender
2055 2490 68 19 water
2133 2488 49 22 Eau
2190 2488 28 22 de
2229 2489 104 28 Cologne,

1928 2513 67 22 Bears
2003 2521 85 19 grease,
2100 2514 50 22 cold
2159 2522 80 20 cream,
2251 2523 110 15 macassar
2371 2516 36 27 oil,
2419 2516 64 23 tooth

1898 2540 96 26 powder,
2005 2542 49 25 &c,

1927 2566 87 23 Ladies'
2030 2567 88 22 tortoise
2133 2568 56 22 shell
2204 2568 49 23 side
2268 2570 84 27 combs,
2372 2570 109 28 dressing,

1898 2594 46 21 and
1953 2594 64 21 small
2027 2594 62 21 tooth
2101 2595 82 22 combs.

1927 2620 63 27 Hair,
2020 2620 69 28 tooth,
2119 2622 52 26 nail,
2199 2622 101 30 shaving,
2325 2624 45 21 and
2397 2624 85 24 clothes

1898 2647 99 27 brushes,
2009 2660 4 4 •

1926 2674 78 27 Slates,
2016 2674 56 23 slate
2080 2675 86 27 cistern,
2177 2676 97 27 hearths,
2285 2676 105 28 chimney
2400 2677 81 28 pieces,

1927 2701 79 22 Hones
2016 2702 44 21 and
2069 2702 102 27 chimney
2182 2707 55 23 pots,

1926 2728 53 21 And
1995 2735 119 16 numerous
2130 2730 62 21 other
2206 2730 96 28 articles,
2312 2730 73 22 which
2395 2731 44 23 will
2453 2731 29 23 be

1897 2754 49 22 sold
1956 2762 53 21 very
2018 2755 50 27 low,
2079 2756 35 21 for
2124 2756 52 22 cash
2186 2757 60 28 only,
2257 2758 29 27 by

2122 2788 21 21 J.
2159 2788 159 27 BODDINGTON,

1991 2813 111 23 Lambton
2112 2815 72 27 Quay,
2194 2822 55 15 near
2258 2815 38 23 the
2306 2816 53 22 Post
2369 2817 78 26 Office,
2458 2823 26 16 or

2121 2848 75 23 James
2211 2849 110 27 Jackson,

2253 2876 110 23 Lambton
2379 2878 72 27 Quay.

1923 2900 60 23 June
1992 2903 21 25 2,
2027 2903 60 20 1843.

2064 2947 78 19 Meat
2163 2947 147 26 Company.

1895 2978 91 47 THE
2007 2979 234 27 UNDERSIGNED,
2261 2979 84 29 having
2363 2980 57 23 been
2441 2989 39 20 ap-

1969 3005 89 28 pointed
2073 3006 110 27 Manager
2191 3006 26 21 of
2231 3006 37 22 the
2281 3007 64 22 Meat
2354 3008 124 28 Company,

1893 3032 56 26 begs
1957 3036 23 17 to
1989 3040 118 15 announce
2116 3032 49 22 that
2179 3033 111 27 a.regular
2298 3034 79 28 supply
2385 3035 26 21 of
2420 3034 59 28 beef,

1893 3062 94 24 mutton,
2008 3060 45 21 and
2070 3059 57 29 pork
2143 3067 51 20 may
2213 3058 83 30 always
2312 3060 29 23 be
2361 3061 120 29 depended

1893 3093 61 20 upon
1964 3090 23 18 at
1997 3086 44 22 this
2052 3086 171 25 establishment

1920 3118 33 21 As
1976 3118 44 22 this
2044 3119 115 28 Company
2178 3126 106 25 purposes
2302 3120 80 28 selling
2400 3124 24 19 at
2441 3121 37 23 the

1891 3144 78 22 lowest
1977 3146 72 27 prices
2059 3150 24 18 at
2097 3145 73 23 which
2178 3150 17 18 it
2209 3147 19 21 is
2236 3146 72 23 found
2317 3147 37 23 the
2364 3151 61 19 meat
2437 3156 42 16 can

1891 3171 29 21 be
1930 3172 106 27 afforded,
2048 3173 38 21 the
2096 3172 149 28 undersigned
2253 3173 19 22 is
2286 3174 52 27 only
2348 3175 128 23 authorized

1891 3202 23 17 to
1925 3199 50 27 give
1981 3206 53 21 very
2041 3199 86 23 limited
2135 3199 77 28 credit,
2220 3200 45 22 and
2273 3200 39 22 has
2319 3203 56 21 been
2384 3201 94 24 ordered

1891 3229 23 17 to
1930 3229 48 24 stop
1994 3226 30 22 all
2037 3229 105 20 accounts
2157 3226 72 23 which
2243 3234 38 15 are
2297 3232 40 18 not
2350 3229 54 28 paid
2417 3236 60 21 upon

1891 3252 103 22 demand.

1917 3286 48 21 The
1975 3286 100 23 business
2086 3286 25 22 of
2118 3286 38 23 the
2167 3287 113 29 Company
2289 3288 20 23 is
2318 3289 86 22 carried
2413 3297 29 15 on
2451 3290 25 22 in

1890 3312 59 23 their
1962 3321 50 14 new
2027 3313 108 28 building,
2147 3315 87 22 erected
2252 3315 100 23 between
2372 3316 104 25 France's

1890 3339 71 23 Hotel
1978 3340 44 22 and
2041 3340 38 22 the
2098 3340 59 23 head
2173 3342 24 21 of
2212 3341 38 22 the
2265 3342 56 28 Bay,
2340 3342 45 23 and
2392 3344 85 27 .nearly

1890 3367 99 27 opposite
1999 3370 24 19 to
2032 3368 46 21 Mr.
2089 3367 83 28 Lyon's
2182 3369 70 22 Store.

2164 3402 34 22 W.
2213 3403 101 27 Flyobr,
2332 3403 115 27 Manager.

1915 3427 132 22 November
2055 3430 35 24 23,
2103 3430 60 21 1842.

2130 3475 109 21 Cheese.

1889 3507 53 47 A
1952 3506 118 23 SUPPLY
2079 3507 103 22 received
2189 3507 85 27 weekly
2281 3507 26 23 of
2312 3507 57 22 New
2375 3506 101 25 Zealand

1969 3533 66 23 made
2046 3533 92 28 Cheese,
2144 3534 56 22 from
2211 3533 37 23 the
2256 3534 141 27 Cowpasture
2404 3533 70 29 dairy,

1889 3560 46 22 and
1945 3560 33 22 for
1987 3560 45 22 sale
2042 3564 25 18 at
2082 3561 38 22 the
2128 3560 106 29 premises
2244 3560 25 23 of
2283 3560 37 24 the
2335 3561 66 25 Meat
2408 3561 68 25 Com*

1888 3594 68 21 pany.

2170 3613 34 23 W.
2215 3613 102 27 Flyger,
2329 3613 119 28 Manager.

2062 3660 77 20 Meat
2153 3659 148 27 Company.

1887 3693 188 49 WANTED,
2092 3701 13 14 a
2112 3691 70 23 vessel
2191 3693 26 21 of
2230 3693 68 23 about
2307 3694 28 22 30
2343 3696 53 19 tons
2396 3709 7 16 {
2413 3695 23 20 to
2444 3692 30 24 be

1985 3720 54 27 kept
2055 3720 126 27 constantly
2196 3719 116 28 employed
2328 3727 22 15 in
2369 3720 107 28 bringing

1888 3747 57 27 pigs,
1956 3750 23 19 at
1987 3754 15 15 a
2010 3747 62 24 fixed
2081 3746 59 27 price
2150 3752 38 22 per
2197 3746 83 28 pound,
2286 3747 59 23 from
2356 3746 38 26 the
2404 3751 68 24 coast,

1889 3774 88 22 for-this
1987 3774 177 26 establishment.

1889 3800 5 41 \
2159 3806 148 28 W^Fx.yoß»
2308 3823 7 11 t
2317 3807 129 29 .MHfcgfr.

1905 3864 6 9 v
2012 3865 4 3 ■
2075 3852 65 21 Just
2153 3852 132 22 received.
2343 3850 6 5 '
2400 3846 38 34 /*'

1889 3884 127 50 PLANS
2039 3883 27 22 of
2085 3883 38 23 the
2145 3883 71 26 Tow
2234 3885 27 21 of
2278 3884 170 31 WMiijijij^.

1961 3911 57 23 Plan
2039 3907 70 25 oftfce
2121 3910 106 24 Harbour
2237 3911 26 23 of
2277 3911 56 23 Port
2343 3901 132 39 -&i«fc«U<m

1917 3939 104 25 Message
2032 3937 71 27 enrds,
2343 3941 9 11 l
2366 3940 5 4 '
2439 3939 7 6 J
2476 3938 5 9 '
