2529 4029
1903 3881 70 16 Printed
1986 3881 36 16 and
2035 3881 98 20 published
2150 3887 55 16 every
2222 3881 111 22 Wedne&lay
2348 3881 37 17 and
2394 3878 81 19 Saturday

1919 3901 89 21 morning,
2022 3902 23 20 by
2063 3903 89 17 Samuel-
2163 3903 88 18 Revans,
2268 3904 20 15 it
2301 3903 31 16 the
2347 3901 62 17 Office*
2416 3900 20 16 of
2445 3898 30 16 the

1919 3923 49 16 Nbw
1981 3922 98 19 %ealahb
2091 3924 92 16 Gazette
2194 3928 42 12 and
2250 3923 132 17 Wmlihoww
2397 3921 72 17 Smcta

1919 3947 43 14 tor,
1973 3943 157 23 Mannera-atreet,
2139 3944 115 22 Wellington,
2267 3943 43 18 Port
2317 3941 106 25 .Nidholion,
2436 3941 39 16 «»w

1919 3964 86 16 Zealrad.

574 31 95 46 gTftc
695 32 118 39 lsm
839 31 207 40 Zpcaianft
1073 32 189 46 <&a?cttc
1288 34 88 38 aitD
1401 32 296 47 Wellington
1722 32 254 48 dictator.

1899 123 220 22 WHOLESALE
2149 123 125 24 PRICES
2309 123 172 28 CURRENT.

1999 160 132 15 CORRECTED
2146 161 30 14 UP
2190 162 30 14 TO
2234 162 56 15 feAST
2307 161 81 15 NIQHT.

2241 188 16 17 JS
2279 192 16 13 I.
2319 188 19 17 d.
2392 187 16 18 £
2477 194 7 16 4

1900 215 52 21 Ale
1960 222 5 14 :
1979 222 40 21 per
2028 214 49 22 hhd
2246 218 16 24 6,
2288 218 13 19 0
2329 218 49 19 0..
2397 218 14 20 0
2437 220 13 19 0
2475 224 9 18 0

2076 250 40 19 per
2121 243 102 21 barrel..
2241 243 55 21 410
2326 245 14 19 0
2357 257 19 5 ..
2395 245 13 19 6
2436 247 13 19 0
2475 250 9 18 0

2076 269 149 27 perdoz.....
2246 271 12 19 0
2275 270 23 20 11
2330 270 13 20 0
2361 283 17 6 ..
2397 271 53 22 013
2474 275 10 20 0

1902 294 98 22 Arrack
2009 302 5 14 :
2029 294 43 22 Per
2081 295 45 26 gal.
2135 296 26 21 in
2170 295 61 23 bond
2245 297 13 20 0
2288 297 10 19 1
2328 297 13 19 6
2358 310 6 5 .
2371 309 6 7 .
2395 298 13 19 0
2436 298 12 21 2
2474 305 10 18 0

1901 321 79 22 Bread
1989 329 5 14 :
2010 321 42 22 Per
2060 321 46 23 21b.
2117 322 51 22 loaf
2247 325 13 19 0
2288 323 13 20 0
2328 323 80 20 4..0
2436 326 12 18 0
2474 328 10 18 5

1901 348 73 22 Beef:
1990 347 77 28 Fresh,
2086 355 91 15 carcase
2193 356 41 20 per

2018 375 23 21 lb
2243 377 12 19 0
2284 376 13 19 0
2326 376 13 20 8
2358 389 18 6 ..
2396 377 14 19 0
2436 378 13 20 0
2464 380 20 20 11

2009 401 53 26 Salt,
2072 408 40 21 per
2126 402 68 22 tierce
2208 416 6 6 .
2220 416 7 6 .
2244 403 13 20 3
2273 403 26 21 10
2326 404 14 19 0
2357 415 6 6 .
2370 415 5 7 .
2396 404 13 19 6
2436 405 12 19 0
2472 408 12 18 0

1901 429 108 21 Butter:
2027 428 64 27 Irish,
2100 436 42 20 per
2149 429 31 21 lb.
2206 430 52 20 ..0
2286 430 14 20 0
2327 429 13 20 9
2358 442 18 6 ..
2395 430 13 20 0
2438 431 9 19 1
2474 433 10 19 5

2022 455 69 22 Fresh
2247 457 13 20 0
2288 457 13 19 2
2329 457 13 19 6
2359 469 19 5 ..
2396 457 13 19 0
2436 457 12 19 2
2472 460 12 19 9

1902 482 81 22 Brand
1987 490 12 14 v
2006 490 5 14 :
2027 482 59 22 First
2093 482 92 27 quality,
2194 488 40 21 per

2048 509 78 26 gallon
2134 509 25 21 in
2170 508 60 22 bond
2244 511 13 19 0
2285 509 14 20 4
2326 510 14 19 0
2357 521 18 7 ..
2395 510 13 18 0
2437 509 11 21 7
2473 512 11 20 6

1901 534 86 23 Brown
2006 536 87 21 Stout:
2117 542 41 21 per
2171 534 55 22 hhd.
2241 535 12 20 5
2283 536 14 20 0
2323 537 14 20 0
2354 549 18 5 ••
2394 535 12 21 7
2433 535 13 20 5
2471 539 12 19 0

1901 563 86 21 Cigars
1996 570 5 13 :
2013 562 103 27 Manilla,
2124 570 40 19 per
2170 563 62 26 1000,

2048 589 25 21 in
2082 589 61 21 bond
2244 590 13 20 2
2285 589 13 20 0
2325 590 14 20 0
2356 601 6 6 .
2369 601 6 7 .
2394 589 13 20 2
2423 589 25 20 10
2474 593 10 17 0

2011 615 171 27 Chinsurahper
2189 617 54 20 1000
2250 617 10 19 1
2290 616 13 20 0
2331 616 49 20 0..
2398 616 13 20 0
2439 617 12 19 0
2475 619 9 19 0

1901 643 87 22 Coffee
1995 650 6 14 :
2011 642 65 27 Java,
2086 650 41 20 per
2134 642 25 22 lb
2244 644 13 20 0
2286 643 13 19 0
2326 643 13 20 3
2357 655 18 6 ..
2395 642 13 20 0
2436 643 13 19 0
2474 643 10 22 7

1900 670 103 22 CnEESE:
2019 669 106 23 Cheshire
2244 671 13 19 0
2286 669 11 19 1
2326 669 82 20 6..0
2436 670 12 19 0
2474 672 10 19 0

2017 696 56 22 Pine
2083 695 75 28 Apple
2244 698 13 19 0
2286 696 11 20 1
2326 696 82 20 2..0
2436 697 13 19 0
2474 699 10 18 0

2016 723 77 22 Dutch
2245 725 12 19 0
2286 725 13 19 0
2327 723 13 20 8
2357 735 19 7 ..
2396 723 14 19 0
2436 723 13 19 0
2464 723 20 21 10

1900 750 107 22 Candles
2015 758 5 13 :
2027 749 94 28 English
2129 757 56 20 wax,
2192 756 42 21 per

2042 776 23 22 lb
2243 778 12 20 0
2284 777 13 20 2
2324 777 13 20 3
2356 789 18 6 ..
2394 777 14 19 0
2436 776 13 20 3
2475 779 9 19 0

2010 804 77 27 Sperm
2245 805 12 19 0
2287 804 10 20 1
2315 803 25 21 10
2357 815 19 7 ..
2396 803 13 19 0
2437 804 14 18 0
2476 805 8 19 0

2008 830 80 22 Mould
2243 831 12 19 0
2284 831 13 19 0
2325 831 13 19 6
2356 843 18 6 ..
2394 830 13 20 0
2436 829 14 21 0
2475 831 9 20 8

2009 857 56 27 Dips
2243 857 13 21 0
2284 857 14 20 0
2324 855 50 21 5..
2394 857 12 19 0
2436 857 12 19 0
2474 859 10 18 0

1900 883 94 22 Flour:
2004 883 132 28 lstquality,
2147 886 83 24 perton
2265 891 5 2 -

2022 910 26 21 of
2058 911 54 21 2000
2122 909 35 22 lbs
2228 910 25 21 16
2281 911 14 19 0
2323 911 14 19 0
2353 909 51 21 ..20
2433 911 13 19 0
2474 913 10 18 0

1998 937 46 21 2nd
2053 937 56 21 ditto
2230 937 26 21 12
2284 938 13 19 0
2324 937 14 20 0
2355 949 6 7 .
2368 949 5 7 .
2380 937 26 19 16
2435 937 13 19 0
2474 939 10 19 0

1900 963 63 23 Flax
1971 972 4 13 :
1991 963 29 23 N.
2031 963 25 23 Z.
2068 970 39 21 per
2116 967 39 18 ton
2179 963 76 21 ....15
2284 964 14 20 0
2325 964 13 20 0
2356 977 19 6 ..
2393 964 13 20 0
2434 964 14 19 0
2474 966 10 19 0

1926 991 44 22 Do.
1972 1002 28 4 —
2001 990 104 22 onboard
2105 1001 28 4 —
2134 990 117 27 pressedl7
2281 991 14 19 0
2322 991 13 20 0
2354 1003 18 7 ..
2390 990 14 20 0
2432 991 13 19 0
2471 992 12 20 0

1900 1018 61 21 Gin:
1982 1017 52 22 Pale
2050 1018 25 20 in
2086 1017 60 21 bond
2243 1018 13 20 0
2283 1017 14 20 3
2324 1018 14 20 6
2355 1031 18 5 ..
2393 1018 13 18 0
2434 1017 12 19 5
2473 1019 11 19 6

1950 1045 61 26 Case,
2020 1045 14 21 4
2041 1044 35 26 gal
2086 1045 37 20 4-5
2132 1044 25 21 in
2166 1043 62 23 bond
2243 1044 10 20 1
2282 1044 15 20 4
2324 1045 49 19 0..
2394 1044 9 19 1
2434 1044 12 20 8
2473 1048 11 16 0

1900 1071 82 22 Hams:
1997 1071 129 27 Yorkshire,
2141 1078 41 20 per
2190 1071 24 21 lb
2223 1087 4 5 .
2243 1073 13 19 0
2284 1072 14 19 0
2323 1069 13 23 7
2356 1084 17 6 ..
2394 1072 12 18 0
2435 1071 13 19 0
2463 1071 21 21 10

1900 1098 114 22 Mustard
2022 1106 4 13 :
2043 1098 43 21 Per
2095 1097 71 23 dozen
2244 1099 12 20 0
2272 1098 26 20 16
2326 1099 13 19 0
2356 1111 5 5 .
2369 1111 4 5 .
2394 1099 12 19 0
2422 1097 25 20 18
2474 1100 10 18 0

1900 1125 114 22 Mutton:
2035 1125 94 21 Carcase
2138 1132 41 20 per
2187 1124 24 22 lb
2223 1140 5 6 .
2244 1127 12 19 0
2284 1126 14 19 0
2326 1125 12 21 7
2356 1138 17 6 .•
2393 1125 13 19 0
2435 1125 13 19 0
2474 1126 10 20 9

1900 1152 122 22 Muskets:
2038 1151 93 22 Walnut
2137 1151 93 22 stocked
2244 1153 12 19 0
2272 1151 25 21 15
2325 1153 13 19 0
2355 1165 18 5 ..
2395 1151 9 21 1
2434 1152 14 19 0
2474 1153 10 19 0

1900 1179 77 21 Milk.
1994 1179 42 21 Per
2042 1179 51 26 pint
2243 1180 12 19 0
2283 1179 14 19 0
2324 1179 14 19 2
2355 1191 18 6 ..
2393 1179 13 19 0
2434 1179 12 19 0
2472 1179 12 20 3

1900 1206 92 21 Maize:
2008 1212 38 21 per
2056 1205 80 22 bushel
2243 1207 12 19 0
2283 1205 14 20 4
2324 1206 82 19 0..0
2434 1205 12 19 5
2473 1207 11 19 0

1900 1233 43 21 Oil
1951 1240 6 13 :
1973 1231 103 26 Linseed,
2086 1239 40 20 per
2135 1232 77 26 gallon
2222 1233 33 20 .0
2284 1233 13 19 6
2325 1233 13 19 6
2356 1246 5 5 .
2368 1245 6 6 .
2394 1233 12 19 0
2435 1233 12 19 8
2473 1233 11 19 0

1975 1259 74 26 Black,
2055 1259 23 21 in
2084 1259 173 27 cask,pertonlß
2286 1260 13 18 0
2326 1259 13 19 0
2357 1259 50 19 ..20
2435 1260 13 18 0
2474 1261 10 18 0

2009 1287 77 24 Sperm
2213 1286 38 20 .50
2280 1286 13 18 0
2322 1285 11 19 0
2352 1285 50 21 ..75
2432 1285 11 19 0
2472 1287 10 17 0

1900 1313 75 21 Pork:
1992 1312 76 27 Fresh,
2086 1320 89 14 carcase
2190 1320 41 19 per

2016 1339 22 22 lb
2242 1341 13 18 0
2283 1341 13 19 0
2324 1341 13 19 3
2355 1353 18 5 ..
2392 1341 13 18 0
2433 1341 13 18 0
2472 1341 11 19 5

1900 1366 76 22 Pork:
1992 1366 65 26 Irish,
2068 1373 41 20 per
2117 1366 75 22 barrel
2205 1381 18 5 ..
2243 1367 12 19 3
2272 1367 25 20 10
2325 1367 13 20 0
2356 1380 17 5 ..
2393 1367 14 19 4
2422 1367 24 19 10
2473 1368 11 19 0

1900 1393 117 22 Potatoes
2025 1401 4 13 :
2050 1393 56 21 New
2121 1393 108 26 Zealand,

2074 1427 41 20 por
2124 1423 39 18 ton
2241 1421 14 19 4
2283 1422 13 19 0
2324 1422 13 19 0
2354 1434 5 6 .
2367 1433 5 7 .
2392 1421 12 19 6
2433 1421 13 19 0
2472 1423 11 17 0

1899 1447 94 22 Porter
2003 1454 5 14 :
2037 1447 102 26 Dunbar,
2151 1447 24 21 in
2182 1447 47 21 hot.

2065 1481 39 20 per
2114 1474 43 21 doz
2241 1475 12 19 0
2269 1475 26 19 12
2322 1475 13 20 0
2353 1488 4 5 .
2365 1487 6 6 .
2390 1474 54 21 013
2474 1478 10 17 0

2006 1501 86 26 Bryant
2100 1501 46 21 and
2156 1501 69 21 Davis
2240 1502 13 19 0
2269 1501 26 21 12
2322 1502 13 20 0
2353 1515 5 5 .
2366 1514 5 6 .
2391 1501 53 20 013
2472 1504 11 18 0

1899 1527 97 22 Pickles
2008 1535 5 14 :
2044 1528 117 27 AssoiJed,
2190 1535 40 20 per

2069 1554 59 27 doz.,
2152 1558 76 24 quarts
2243 1556 12 19 0
2270 1555 26 20 15
2324 1556 13 19 0
2354 1568 18 6 ..
2393 1556 13 19 0
2421 1555 25 21 17
2474 1556 10 18 0

1899 1581 74 22 Pitch
1985 1589 5 13 :
2023 1581 138 28 Stockholm,
2190 1589 42 20 per

2046 1608 95 22 barrel..
2243 1609 10 19 1
2283 1610 14 19 0
2324 1611 13 18 0
2354 1622 18 6 ..
2392 1609 12 20 0
2432 1610 13 19 0
2472 1611 11 18 6

1899 1635 80 22 Plank
1987 1643 5 14 :
2022 1635 53 22 Port
2097 1635 133 27 Nicholson,

2046 1669 40 21 per
2095 1664 40 20 100
2145 1662 46 22 feet
2205 1664 50 20 ..0
2283 1664 13 19 6
2324 1664 13 19 0
2354 1676 18 6 ..
2392 1664 12 19 0
2420 1662 24 21 10
2470 1666 11 17 0

1899 1689 57 21 Rice
1963 1697 5 12 :
1980 1689 110 22 Common
2098 1696 41 20 per
2145 1694 49 17 cwt.
2206 1690 91 20 ..015
2324 1692 13 19 0
2355 1703 5 6 .
2368 1703 5 6 .
2393 1691 12 19 0
2432 1692 12 17 0
2471 1692 11 18 0

1982 1716 65 22 Good
2242 1718 13 19 0
2270 1716 26 22 17
2325 1718 12 19 0
2354 1730 19 6 ..
2393 1716 11 21 I
2432 1718 13 18 0
2470 1719 12 19 0

1899 1742 53 21 Rum
1961 1751 4 12 :
1983 1744 23 20 P.
2018 1743 25 22 B.
2055 1743 33 26 P.,
2103 1751 40 16 per
2153 1744 76 26 gallon

2018 1770 23 21 in
2055 1770 62 22 bond
2241 1772 12 19 0
2281 1772 14 21 2
2323 1772 12 21 S
2352 1771 128 20 .-050

1899 1796 87 22 Sugar:
2004 1797 119 22 Mauritius
2132 1805 41 19 per
2180 1802 49 18 cwt.
2244 1800 12 19 0
2284 1800 14 19 0
2325 1799 48 19 0..
2408 1803 54 15 none

2006 1824 80 22 Brown
2100 1824 57 21 diito
2238 1826 54 20 015
2320 1827 13 18 0
2351 1838 5 5 .
2364 1838 4 5 .
2390 1825 9 18 1
2429 1826 12 19 0
2469 1827 10 18 0

2006 1850 96 23 Refined
2118 1852 54 26 loaf,
2189 1860 40 19 per

2030 1878 23 21 lb
2241 1881 12 19 0
2282 1881 13 19 0
2322 1879 49 25 6£..
2391 1880 11 19 0
2430 1880 13 19 0
2469 1880 10 19 8

2008 1905 93 22 Manilla
2119 1911 42 22 per
2175 1909 48 19 cwt.
2239 1909 12 18 0
2267 1908 26 20 18
2321 1908 12 19 0
2351 1920 5 5 •
2364 1920 6 5 •
2389 1906 12 19 2
2429 1907 12 18 0
2468 1908 10 18 0

1899 1931 57 21 Salt
1964 1939 5 13 :
1985 1932 125 27 Liverpool,
2121 1940 42 19 per
2171 1936 40 18 ton
2219 1934 33 21 .5
2281 1934 12 20 5
2322 1935 12 19 0
2352 1947 5 6 .
2365 1946 5 7 .
2378 1933 23 19 11
2429 1934 12 18 0
2469 1934 11 19 0

1899 1957 57 20 Soap
1965 1965 6 13 :
1999 1958 99 20 Hawes's
2123 1959 104 24 London,

2023 1987 84 23 perton
2227 1984 26 20 30
2281 1985 14 19 0
2322 1985 13 18 0
2352 1983 51 19 ..34
2430 1984 12 18 0
2471 1984 11 18 0

2015 2010 118 26 Liverpool
2227 2010 24 21 22
2281 2012 14 19 0
2322 2012 13 19 0
2352 2010 49 20 ..28
2429 2010 14 18 0
2470 2011 10 18 0

1899 2036 89 22 Starch
1996 2045 5 12 :
2018 2037 41 21 Per
2067 2036 24 22 lb
2242 2038 13 19 0
2283 2040 13 17 0
2324 2036 13 22 7
2354 2050 5 7 .
2367 2050 4 6 .
2391 2038 12 18 0
2432 2036 9 20 1
2469 2038 11 18 9

1899 2064 140 21 Scantling:
2056 2064 42 21 Per
2105 2065 42 21 100
2156 2064 67 22 feet..
2242 2066 13 18 0
2283 2065 14 20 6
2324 2066 13 19 0
2354 2077 18 5 ••
2392 2064 13 19 0
2432 2065 13 18 8
2472 2064 10 18 I)

1899 2090 125 23 Shingles:
2042 2090 42 22 Per
2092 2092 61 26 1000,
2163 2092 27 21 N.
2202 2092 25 21 Z.
2242 2092 13 20 0
2283 2092 13 20 6
2324 2093 13 18 0
2354 2105 5 5 .
2368 2104 5 6 .
2392 2092 12 18 0
2420 2090 25 20 10
2472 2094 9 16 0

2027 2118 70 26 Ditto,
2120 2118 28 21 V.
2161 2118 28 22 D.
2201 2119 26 21 L.
2242 2120 13 19 0
2283 2120 14 19 0
2324 2120 13 18 0
2354 2131 5 6 .
2368 2131 5 5 .
2392 2118 12 19 0
2420 2118 24 19 12
2470 2118 11 19 0

1899 2144 48 22 Tar
1954 2161 5 5 .
1976 2145 53 21 Coal
2243 2146 10 19 1
2283 2147 13 19 0
2324 2147 13 18 0
2354 2159 6 4 .
2368 2158 5 5 .
2394 2144 9 19 1
2433 2144 13 19 5
2472 2146 10 17 I)

1979 2171 128 22 Stockholm
2244 2173 11 20 I
2271 2174 26 19 10
2324 2174 49 19 0..
2393 2173 12 18 0
2433 2172 12 19 0
2472 2173 11 17 0

1899 2198 46 22 Tea
1954 2207 5 13 :
1969 2199 80 27 Hyson
2055 2198 55 27 skin,
2117 2206 40 20 per
2168 2199 62 22 chest
2244 2202 12 19 4
2284 2201 14 20 0
2325 2201 13 18 0
2355 2212 18 6 ..
2393 2199 13 20 Q
2432 2199 13 19 6
2472 2200 10 17 I'

1973 2226 92 26 Congou
2243 2228 12 20 8
2284 2228 14 19 0
2324 2226 82 21 0..16
2433 2229 12 16 0
2471 2226 10 18 0

1899 2252 103 22 Tobacco
2011 2260 5 14 :
2030 2252 143 28 Negrohead,
2190 2261 42 21 per

2055 2280 31 21 lb.
2099 2280 25 21 in
2140 2280 61 21 bond
2243 2282 12 20 0
2284 2282 13 19 0
2324 2282 36 20 9.
2368 2294 5 5 .
2393 2282 12 18 0
2434 2280 9 19 1
2470 2280 12 19 4

1899 2305 161 23 Turpentine:
2076 2306 148 27 Pergallon..
2243 2310 13 19 0
2284 2308 13 21 7
2324 2309 14 20 6
2356 2320 17 7 ..
2394 2308 12 19 0
2433 2308 12 18 9
2470 2308 12 19 0

1899 2332 159 23 Whalebone:
2076 2334 92 21 Perton
2231 2336 40 20 100
2285 2336 13 20 0
2326 2335 94 21 0..120
2434 2335 12 19 0
2473 2334 10 19 0

1900 2359 80 22 Wine:
1996 2360 88 28 Sherry,
2095 2368 40 20 per
2145 2361 51 27 pipe
2206 2376 18 6 ..
2230 2364 26 19 20
2284 2364 14 19 0
2326 2364 12 19 0
2356 2362 50 20 ..40
2434 2362 12 19 0
2472 2363 11 17 0

2007 2388 71 26 Ditto,
2094 2395 40 19 per
2149 2388 80 22 dozen.
2244 2391 13 19 0
2273 2391 25 19 16
2326 2390 13 20 0
2357 2402 18 6 ..
2394 2388 12 21 2
2434 2390 12 18 0
2472 2389 11 18 0

2008 2414 59 27 Port,
2077 2422 41 20 per
2128 2415 50 27 pipe
2204 2416 49 22 ..25
2283 2418 13 20 0
2323 2418 13 19 0
2353 2416 51 20 .-40
2431 2416 13 19 0
2469 2415 11 20 0

2074 2449 40 20 per
2125 2442 48 21 doz.
2204 2457 6 6 .
2217 2457 6 6 .
2243 2444 10 20 1
2283 2445 13 19 0
2323 2445 14 19 0
2354 2457 5 5 .
2366 2456 5 6 •
2390 2444 13 19 2
2430 2443 13 18 0
2469 2442 11 19 0

2008 2468 150 28 Champagne,
2173 2469 56 22 ditto
2243 2472 13 19 0
2284 2472 13 19 0
2324 2471 13 20 0
2354 2484 19 5 ..
2392 2471 12 19 0
2432 2470 12 19 C
2470 2469 12 19 0

2009 2495 74 22 Claret
2244 2499 12 19 0
2272 2499 26 19 10
2325 2499 48 19 0..
2393 2498 13 19 0
2433 2497 12 19 0
2471 2496 11 19 0

1900 2522 119 22 Poultry:
2035 2522 79 28 Fowls,
2121 2531 42 19 per
2169 2524 49 26 pair
2223 2539 6 6 .
2244 2526 13 19 0
2284 2525 14 20 3
2326 2525 12 19 6
2356 2538 18 5 ..
2394 2525 12 19 0
2432 2523 13 19 5
2471 2524 12 18 0

2032 2549 85 28 Ducks,
2129 2550 56 22 ditto
2206 2565 5 6 .
2218 2565 5 6 .
2243 2553 12 19 0
2283 2551 14 20 5
2324 2553 13 19 0
2354 2564 6 6 .
2368 2564 5 6 .
2392 2552 12 19 0
2432 2550 12 19 8
2470 2550 12 19 0

2034 2576 79 27 Geese,
2125 2577 56 21 each
2204 2591 6 6 .
2217 2592 5 6 .
2241 2579 13 19 0
2270 2579 26 20 10
2323 2579 13 19 0
2353 2591 5 6 •
2366 2591 5 6 .
2391 2578 52 19 012
2470 2577 11 19 0

2032 2603 109 27 Turkeys,
2153 2604 56 22 each
2244 2606 9 20 1
2284 2606 14 20 0
2325 2606 13 20 0
2355 2618 6 6 .
2368 2618 5 6 .
2394 2605 10 20 1
2432 2604 12 20 5
2471 2604 12 19 0

2034 2630 103 28 Pigeons,
2149 2631 79 28 (wild,)

2059 2665 40 20 per
2108 2658 49 27 pair
2243 2660 13 19 0
2284 2660 13 19 0
2325 2660 80 20 0..0
2432 2659 49 20 0-0

2009 2691 3 3 ■
2033 2684 84 26 Ducks,
2127 2684 36 22 do.
2174 2685 51 21 do..
2244 2687 13 19 0
2284 2687 13 19 5
2325 2687 13 19 0
2356 2699 17 6 ..
2393 2687 12 19 0
2432 2687 13 19 0
2470 2685 12 20 0

1899 2711 73 22 Eggs:
1989 2712 43 21 Per
2042 2712 72 21 dozen
2246 2715 12 19 0
2286 2714 14 20 2
2326 2714 14 20 0
2356 2727 18 5 ..
2394 2714 12 18 0
2433 2713 13 20 3
2472 2713 11 18 0

1899 2739 77 21 Cows:
1990 2738 72 22 Milch
2232 2741 25 19 12
2285 2741 13 19 0
2325 2741 13 20 0
2356 2741 50 19 ..30
2433 2741 13 19 0
2471 2740 11 18 0

1899 2765 95 22 Mares:
2011 2765 75 22 Brood
2230 2769 26 19 20
2284 2768 13 20 0
2324 2768 13 20 0
2354 2766 51 22 ..70
2432 2767 12 19 0
2470 2767 11 18 0

1899 2792 116 22 Working
2031 2793 121 21 Bullocks
2159 2800 6 14 :
2188 2793 43 22 Per

1924 2819 49 26 pair
2230 2821 27 21 30
2284 2822 14 19 0
2326 2823 13 18 0
2355 2821 52 20 ..40
2433 2821 13 19 0
2471 2819 11 20 0

1899 2845 63 22 Hire
1973 2854 26 13 of
2010 2854 67 14 ditto
2085 2854 4 13 :
2105 2847 44 21 Per
2157 2847 51 27 day,
2218 2855 12 13 a

1925 2876 58 18 team
1994 2873 46 21 and
2046 2873 75 22 driver
2244 2875 10 19 1
2285 2875 13 19 0
2325 2875 48 20 0..
2393 2875 13 20 0
2432 2875 14 19 0
2471 2874 11 19 0

1899 2899 86 21 Sheep:
2002 2899 60 22 Each
2242 2902 12 20 0
2270 2901 25 19 15
2323 2903 14 19 0
2353 2914 19 7 ..
2394 2901 7 21 1
2431 2901 13 20 5
2470 2901 11 19 0

1899 2925 62 22 Boat
1973 2925 71 22 Hire:
2060 2926 43 21 Per
2109 2927 51 26 day,
2166 2927 63 21 with-

2088 2957 40 17 out
2137 2953 73 21 hands
2220 2969 5 5 .
2241 2955 55 20 010
2323 2957 13 18 0
2353 2968 6 6 .
2366 2967 5 7 .
2393 2955 8 19 1
2432 2957 14 19 0
2471 2955 10 19 0

1899 2979 84 22 Wages
1990 2986 6 14 :
2024 2979 140 28 Mechanics,
2190 2988 40 20 per

2050 3006 63 22 week
2243 3008 12 20 2
2283 3009 14 19 0
2323 3009 50 20 0..
2392 3009 12 19 2
2420 3009 26 21 10
2470 3009 12 19 0

2033 3033 128 23 Labourers
2177 3049 46 6 ....
2242 3036 13 20 0
2270 3036 26 20 18
2323 3037 14 19 0
2354 3049 18 6 ..
2392 3036 11 20 1
2419 3037 26 19 10
2470 3035 11 20 0

2134 3061 121 22 DUTIES.

1899 3087 98 22 British
2009 3089 90 21 Spirits
2314 3091 33 19 4s.
2355 3096 40 21 per
2403 3088 77 27 gallon.

1899 3113 105 23 Foreign
2015 3114 55 22 ditto
2314 3117 32 21 ss.
2356 3123 39 20 per
2402 3115 77 28 gallon.

1899 3141 104 22 Tobacco
2013 3142 177 27 manufactured,
2318 3144 29 20 Is.
2355 3150 40 20 per
2403 3143 29 21 lb.

2012 3169 208 23 Unmanufactured
2314 3169 36 22 9d.
2361 3177 39 20 per
2408 3169 28 22 lb.

1900 3195 73 22 Snuff
2315 3199 30 20 2s.
2355 3204 39 20 per
2402 3196 29 22 lb.

1900 3221 85 23 Cigars
2316 3225 31 20 2s.
2357 3231 40 20 per
2404 3223 29 21 lb.

1899 3248 82 22 Wines
2307 3251 24 21 15
2345 3258 40 19 per
2394 3252 52 20 cent.

1899 3275 55 26 Tea,
1969 3277 83 26 Sugar,
2069 3277 88 26 Flour,

1917 3303 45 21 and
1971 3303 63 21 other
2045 3304 86 27 Grain,
2142 3305 14 20 5
2166 3310 40 21 per
2215 3308 57 18 cent.
2286 3299 5 27 I
2331 3318 12 13 A
2384 3318 6 8 -,

1899 3329 39 22 All
1947 3329 62 22 other
2018 3330 107 22 Foreign
2131 3331 143 26 productions
2285 3327 13 37 f
2317 3318 29 22 ad
2356 3318 93 23 valorem
2451 3333 4 5 -

1912 3355 45 23 and
1961 3357 167 21 manufactures
2136 3359 26 20 10
2168 3364 40 20 per
2215 3362 57 18 cent.
2279 3352 12 32 J

2100 3384 187 25 EXCHANGE.

1899 3423 67 22 Bank
1975 3423 50 23 bills
2035 3431 27 15 on
2073 3424 97 23 London
2203 3413 80 41 {30&
2295 3416 27 20 60
2335 3414 13 21 d
2346 3445 8 9 .
2350 3421 39 14 ays
2466 3413 11 20 2

2209 3448 11 18 I
2251 3447 41 21 per
2302 3445 58 18 cent,
2371 3446 106 22 premium.

1900 3463 35 22 On
1944 3464 88 28 Sydney
2320 3468 71 22 Ditto.

1900 3490 87 22 Private
1997 3491 49 21 bills
2131 3498 6 14 ;
2297 3494 110 23 Nominal.

1919 3544 40 16 The
1969 3544 49 16 New
2027 3543 99 18 Zealand
2138 3546 93 17 Gazette
2237 3548 37 16 and
2427 3547 52 15 Spec-

1899 3568 64 13 tator
1967 3564 16 16 is
1989 3564 98 21 published
2093 3570 56 17 every
2155 3567 114 22 Wednesday
2279 3569 36 16 and
2325 3568 91 19 Saturday.
2436 3566 41 17 Sub-

1899 3585 60 21 joined
1965 3589 30 12 aie
2003 3585 29 17 the
2039 3587 64 15 terras:
2105 3595 24 4 —

1919 3606 63 16 Price
1989 3610 24 12 o*
2020 3610 40 13 the
2067 3607 155 23 PAPERA-Forty
2226 3609 84 21 shillings
2316 3614 32 16 per
2357 3613 72 14 annum,
2439 3611 38 17 pay-

1899 3627 39 16 able
1944 3627 20 16 in
1970 3627 79 17 advance
2055 3633 4 14 ;
2070 3632 21 12 or
2097 3628 87 21 sixpence
2191 3630 29 17 for
2225 3630 59 21 single
2297 3631 90 16 numbers.

1919 3647 156 18 Advertisements
2081 3649 39 16 ■will
2126 3652 33 15 not
2165 3655 67 17 appear
2241 3651 19 16 in
2271 3651 32 16 the
2312 3655 78 16 ensuing
2399 3649 73 17 number

1899 3668 17 16 if
1923 3668 83 17 received
2011 3668 47 18 later
2063 3669 46 17 than
2121 3672 21 15 10
2147 3670 76 21 o'clock,
2230 3676 49 15 a.m.,
2285 3676 24 12 on
2316 3672 30 16 the
2352 3671 89 19 mornings
2448 3669 28 16 bs-

1899 3689 37 16 fore
1949 3689 118 20 publication.
2088 3691 160 18 Advertisements
2260 3692 38 17 will
2309 3693 21 16 be
2340 3691 95 17 continued
2442 3688 33 18 and

1899 3710 76 20 charged
1983 3710 52 17 until
2043 3713 169 20 counter-ordered;
2223 3714 46 15 such
2274 3713 52 16 order
2332 3714 50 15 must
2388 3712 20 16 be
2415 3712 38 16 sent
2460 3710 16 15 to

1899 3731 31 16 the
1939 3731 55 16 Office
2006 3733 35 15 two
2060 3732 43 21 dayi
2123 3733 61 17 before
2194 3732 118 22 publication,
2323 3733 36 17 and
2368 3734 49 16 must
2425 3732 21 16 be
2457 3730 18 16 in

1899 3752 77 20 writing.
2000 3750 157 21 Advertisements
2171 3754 81 17 received
2270 3754 52 22 after
2338 3755 21 16 10
2374 3752 66 18 o'clook
2453 3754 22 13 on

1899 3773 82 19 Tuesday
1994 3773 35 16 and
2041 3773 65 21 Friday
2117 3775 94 20 mornings
2223 3774 36 18 will
2269 3775 26 16 b»
2302 3774 76 21 charged
2390 3773 49 17 twice
2446 3771 29 16 the

1899 3793 53 16 usual
1957 3794 54 15 rates.

1919 3814 31 16 All
1956 3814 66 20 orders,
2032 3814 159 21 advertisements,
2203 3816 36 16 and
2250 3815 159 17 communications
2420 3815 18 15 to
2448 3812 28 16 the

1899 3835 69 16 Editor,
1974 3839 30 12 are
2009 3836 98 15 requested
2112 3838 20 13 to
2139 3837 23 14 be
2168 3837 96 14 addressed
2270 3838 22 13 to-
2297 3836 36 15 this
2339 3836 61 15 Office.

672 118 123 25 Country
809 118 124 20 Sections
953 117 41 21 for
1014 118 62 20 Sale
1098 123 35 15 on
1153 118 108 20 Liberal
1270 123 2 9 '

917 144 102 21 Terms.

673 166 165 52 SEVERAL
873 170 100 21 Sections
1000 170 28 21 of
1059 170 101 28 Country
1188 170 72 28 Land,

737 196 91 27 already
838 195 82 23 chosen
929 196 25 22 in
964 196 36 22 the
1014 196 94 22 Porirua
1123 197 93 26 district,
1227 197 35 21 for

672 222 58 27 Sale,
741 230 75 14 terms
826 230 106 15 liberal.
961 223 77 27 Apply
1046 226 25 19 to

768 250 24 21 F.
808 249 29 22 A.
851 250 171 26 Molebworth,
1039 250 188 28 Murphy-street,
1236 257 26 14 or

770 276 32 21 W.
818 276 28 21 V.
861 276 107 26 Brewer,
978 276 198 22 Manners-street.

845 322 65 20 Just
930 321 158 26 Published,

673 355 93 48 THE
790 354 212 23 WELLINGTON
1026 355 182 22 ALMANACK
1227 356 35 22 for

749 383 67 20 1843:

905 415 123 14 CONTENTS.

700 434 107 22 Weather
829 434 78 26 Table,
928 434 77 26 Cycles
1027 434 43 22 and
1096 436 165 22 Astronomical

672 460 120 28 Numbers,
807 460 115 27 Calendar,
940 460 137 23 Gardener's
1093 462 42 21 and
1152 462 109 23 Farmer's

672 488 116 26 Calendar,
800 488 181 26 Meteorological
995 488 70 21 Table
1076 488 34 22 for
1126 490 61 26 1840,
1198 490 62 26 1841,

670 514 46 23 avA
724 516 7 21 )
741 516 46 25 542,
800 514 98 28 Eclipses
908 515 25 20 of
941 514 36 22 the
987 515 48 21 Sun
1046 515 47 21 and
1108 516 79 26 Moon,
1204 516 57 22 New

671 540 100 22 Zealand
789 542 121 26 Company,
922 541 52 22 Post
989 542 72 21 Office
1073 542 145 26 Regulations
1228 544 34 21 for

672 568 62 21 \ew'
739 568 108 26 Zealand,
859 567 56 22 Civil
931 568 186 27 Establishment,
1130 569 57 22 Fees
1197 570 63 21 Land

672 594 91 22 Claims'
789 594 77 26 Office,
893 595 52 21 Post
968 594 71 22 Office
1040 606 28 4 —
1070 596 99 21 Colonial
1199 596 61 27 Law,

673 621 73 22 Police
773 621 71 22 Office
844 632 29 4 —
874 622 66 26 Petty
964 622 108 27 Sessions,
1104 622 111 28 Holidays
1239 627 23 18 at

679 646 73 23 Public
762 648 89 27 Offices,
863 648 110 22 Discount
981 648 72 27 Days.

881 681 73 23 Price
968 684 29 20 Is.
1014 683 38 21 6d.

821 727 138 21 Situation
980 728 129 20 Wanted.

671 754 98 48 TWO
784 761 76 19 young
873 761 58 19 men,
946 755 46 27 just
1009 754 89 21 arrived
1108 754 28 28 by
1148 754 39 22 the
1195 756 66 26 Mary

767 781 58 21 from
846 780 105 27 London,
970 788 37 15 are
1028 781 94 22 anxious
1142 784 24 19 to
1185 782 76 22 obtain

669 807 123 26 situations,
804 807 45 21 and
867 807 43 21 will
927 808 28 21 be
970 808 71 21 found
1059 808 84 26 willing
1159 812 23 18 to
1194 810 66 21 make

670 833 134 22 themselves
823 834 116 27 generally
958 834 81 22 useful.
1074 835 43 22 For
1135 836 125 27 reference,

672 860 67 28 apply
749 864 22 17 to
783 860 35 21 the
829 860 160 28 undersigned.

1014 889 95 21 Samuel
1123 889 105 22 Revans.

670 932 39 21 To
727 933 162 20 Gentlemen
905 934 146 26 intending
1066 935 28 19 to
1110 936 76 18 enter
1200 935 60 21 into

696 960 45 20 the
770 960 143 26 profitable
943 961 108 25 pursuit
1082 961 30 21 of
1138 961 123 28 Grazing

698 986 54 21 and
773 987 136 27 Breeding
928 987 92 25 Stock,
1044 987 42 21 for
1106 988 89 21 which
1216 989 44 21 the

698 1013 88 21 fertile
807 1014 109 20 Islands
938 1014 29 20 of
984 1014 71 21 New
1073 1015 122 21 Zealand
1215 1021 45 15 are

696 1046 32 14 so
743 1040 152 26 peculiarly
910 1042 126 25 adapted.

670 1074 93 48 THE
774 1074 152 27 undersigned
936 1076 42 26 beg
987 1079 23 18 to
1018 1076 84 22 inform
1112 1076 59 22 their
1176 1076 85 23 friends

741 1101 45 22 and
803 1101 37 22 the
854 1102 75 33 public
946 1103 123 27 generally,
1086 1103 48 22 that
1151 1103 53 27 they
1215 1104 46 22 will

668 1131 102 18 contract
795 1128 33 21 for
847 1130 38 19 the
910 1128 99 28 delivery
1035 1130 26 21 of
1084 1130 36 21 the
1145 1130 116 28 following

669 1154 136 28 description
818 1155 26 21 of
851 1155 73 27 Stock,
933 1156 24 21 in
964 1163 45 20 any
1020 1157 54 21 Port
1084 1157 25 21 of
1122 1156 38 22 the
1172 1157 89 23 Islands

669 1181 27 20 of
702 1181 57 22 New
769 1182 101 21 Zealand
878 1190 4 13 :
884 1193 29 5 —

696 1215 96 23 Horned
808 1217 67 21 cattle
893 1217 125 28 (improved
1032 1218 89 26 breeds)
1138 1218 26 22 of
1176 1218 30 22 all
1222 1219 39 21 de-

669 1243 126 27 scriptions,

697 1276 91 28 Horses,
810 1277 58 22 from
890 1278 37 21 the
951 1278 49 22 best
1021 1278 94 27 English
1134 1278 47 22 and
1197 1279 63 22 Arab

668 1304 71 26 studs,
757 1304 93 22 suitable
866 1305 35 20 for
920 1305 84 27 racing,
1021 1306 83 27 saddle,
1117 1313 24 14 or
1153 1306 106 27 harness;

668 1330 46 22 and
723 1330 108 28 breeding
840 1339 81 19 mares,

698 1363 56 22 Pure
765 1365 74 21 Saxon
851 1365 44 21 and
905 1366 85 22 merino
1002 1374 65 19 ewes,

696 1396 122 22 Half-bred
834 1397 112 22 Leicester
960 1398 46 22 and
1021 1399 87 21 merino
1127 1406 65 19 ewes,
1209 1407 51 20 par-

668 1423 105 27 ticularly
783 1424 95 27 adapted
891 1424 35 21 for
936 1425 42 21 this
988 1428 103 24 country.,
1103 1433 22 14 as
1134 1426 56 27 they
1195 1427 65 21 unite

669 1450 82 26 weight
761 1450 27 21 of
793 1458 86 15 carcass
891 1451 52 22 with
952 1452 97 21 fineness
1061 1452 26 21 of
1094 1453 62 23 wool,

696 1482 47 21 The
767 1482 151 27 undersigned
941 1490 41 14 can
1009 1484 170 22 accommodate
1207 1492 53 19 pur-

669 1508 89 22 chasers
774 1509 26 21 of
813 1508 58 22 their
881 1509 67 22 Stock
965 1509 53 22 with
1035 1511 115 21 extensive
1166 1512 94 27 grazing

669 1542 60 16 runs,
741 1535 77 22 within
829 1538 40 20 100
879 1536 64 22 miles
953 1537 25 21 of
983 1537 45 21 this
1039 1537 61 21 Port.

930 1570 34 21 W.
980 1570 27 22 B.
1023 1571 96 21 Rhodes
1133 1571 45 22 and
1192 1572 38 21 Co.

668 1621 301 21 HOLLOWAY'S
997 1622 259 21 OXNTMENT.

777 1654 231 25 HOLLOWAY'S
1032 1655 113 25 PILLS.

668 1710 314 22 EXTRAORDINARY
993 1711 94 21 CURS
1105 1711 28 21 of
1142 1718 16 14 a
1168 1713 88 20 CASE

844 1738 229 25 ABANDONED,

669 1770 33 22 By
714 1770 99 27 GUY'S,
823 1779 46 14 the
880 1769 255 29 METROPOLITAN,
1148 1772 108 22 KING'S

719 1797 151 27 COLLEGE,
886 1805 45 14 and
947 1798 149 22 CHARING
1111 1799 92 22 CROSS

873 1825 180 22 HOSPITALS.

668 1857 54 22 This
737 1857 55 22 Fact
809 1866 43 13 was
868 1858 109 22 SWORN
997 1859 41 21 TO
1055 1859 45 21 this
1117 1859 37 21 Bth
1176 1859 43 27 clay
1234 1860 26 20 of

696 1885 88 26 March,
792 1886 60 23 1842,
863 1885 77 21 before
951 1885 34 21 the
997 1885 71 28 Right
1078 1886 131 22 Honorable
1219 1887 37 20 the

697 1911 60 22 Lord
769 1912 86 26 Mayor,
868 1915 22 18 at
900 1911 36 22 the
952 1913 193 21 Mansion-house.

788 1946 140 24 Summary
951 1944 29 21 of
997 1945 139 20 Affidavit.

668 1976 103 48 WM.
788 1976 134 26 BROOKE,
940 1976 138 27 Messenger,
1100 1976 24 21 of
1134 1978 20 24 2,
1171 1977 85 21 Union-

766 2005 73 24 street,
847 2002 136 26 Southwark,
992 2003 103 25 London,
1106 2003 90 21 maketh
1203 2004 53 21 oath

669 2029 44 21 and
725 2029 65 27 saith,
808 2029 46 21 that
869 2030 29 20 he
909 2030 52 25 (this
971 2030 123 26 deponent)
1106 2037 44 14 was
1160 2030 96 22 afflicted

670 2056 51 21 with
727 2057 77 26 fifteen
814 2058 89 24 running
912 2057 67 20 ulcers
993 2064 29 14 on
1040 2057 35 21 his
1089 2056 41 22 left
1145 2064 54 19 arm,
1211 2057 45 22 and

669 2083 114 22 ulcerated
799 2091 58 13 sores
872 2083 45 22 and
934 2083 90 22 wounds
1044 2090 29 14 on
1091 2083 50 21 both
1156 2083 54 28 legs,
1222 2085 35 21 for

670 2110 72 21 which
764 2111 111 26 deponent
898 2118 43 14 was
965 2110 108 22 admitted
1098 2117 28 15 an
1150 2111 107 21 out-door

669 2137 86 26 patient
766 2141 23 17 at
798 2137 36 21 the
851 2137 157 28 Metropolitan
1027 2137 109 27 Hospital,
1148 2138 23 20 in
1183 2138 71 27 April,

670 2165 59 25 1841,
742 2163 72 23 which
825 2164 28 21 he
863 2164 115 22 continued
986 2165 35 20 for
1030 2165 77 26 nearly
1117 2164 49 22 four
1175 2165 80 21 weeks.

670 2190 88 22 Unable
776 2195 22 17 to
813 2191 87 22 receive
915 2198 13 14 a
944 2198 49 15 cure
1009 2191 70 26 there,
1093 2191 35 21 the
1145 2191 111 27 deponent

668 2217 82 27 sought
759 2217 66 22 relief
832 2222 22 17 at
864 2218 37 21 the
912 2218 61 22 three
983 2218 115 26 following
1107 2217 106 28 hospitals
1221 2226 6 14 :—:
1229 2230 27 4 —

670 2244 80 27 King's
761 2245 89 26 College
861 2245 103 26 Hospital
973 2245 24 21 in
1006 2245 62 26 May,
1079 2245 35 21 for
1115 2246 45 25 five
1171 2245 83 28 weeks;

670 2271 73 26 Guy's
753 2271 103 28 Hospital
872 2272 24 21 in
906 2272 61 27 July,
978 2273 35 20 for
1028 2273 35 19 six
1078 2272 84 27 weeks;
1179 2273 44 21 and
1234 2277 24 17 at

670 2297 99 28 Charing
779 2299 63 21 Cross
858 2298 102 28 Hospital
974 2302 24 18 at
1012 2299 38 21 the
1062 2299 44 21 end
1120 2299 27 21 of
1160 2299 95 28 August,

668 2324 35 22 for
720 2332 61 14 some
798 2325 72 22 weeks
886 2333 74 19 more;
981 2325 75 22 which
1076 2325 113 28 deponent
1207 2327 47 26 left,

668 2351 69 27 being
746 2351 23 22 in
779 2360 14 13 a
802 2352 33 21 far
844 2359 68 14 worse
920 2352 112 22 condition
1039 2353 54 21 than
1101 2353 63 21 when
1174 2353 28 21 he
1211 2353 45 22 had

669 2378 88 27 quitted
767 2379 77 27 Guy's,
856 2379 73 21 where
946 2379 34 21 Sir
994 2379 104 26 Bransby
1108 2379 91 27 Cooper,
1211 2380 45 22 and

669 2405 64 21 other
742 2405 96 21 medical
853 2405 86 22 officers
950 2406 24 21 of
983 2406 39 21 the
1033 2406 169 22 establishment
1211 2407 45 21 had

669 2431 48 22 told
727 2431 112 28 deponent
847 2432 49 22 that
906 2433 37 21 the
954 2432 51 27 only
1016 2433 86 21 chance
1114 2433 25 21 of
1143 2435 73 24 saving
1225 2435 33 19 his

669 2459 39 24 life
722 2466 42 13 was
779 2461 21 19 to
810 2460 40 20 lose
865 2460 32 20 his
906 2466 46 14 arm
959 2462 8 18 !
994 2459 50 22 The
1061 2459 112 28 deponent
1184 2461 73 22 there-

669 2493 60 20 upon
739 2486 72 22 called
820 2494 60 19 upon
891 2487 40 21 Dr.
942 2486 85 28 Bright,
1040 2486 62 22 chief
1107 2487 117 27 physician
1234 2489 27 21 of

670 2513 80 27 Guy's,
767 2513 55 26 who,
835 2521 28 13 on
880 2514 95 27 viewing
991 2513 129 27 deponent's
1134 2515 121 27 condition,

668 2539 81 28 kindly
758 2540 44 22 and
813 2540 101 27 liberally
924 2541 52 26 said,
1032 2547 34 13 am
1075 2542 79 25 utterly
1164 2543 24 19 at
1197 2548 13 14 a
1217 2544 41 19 loss

668 2568 59 19 what
736 2569 21 19 to
767 2568 26 19 do
799 2567 41 26 for
849 2574 41 19 you
896 2570 10 18 I
920 2569 37 19 but
966 2569 48 19 here
1026 2569 18 19 is
1056 2569 186 26 half-a-sovereign
1250 2579 7 11 :

668 2601 26 19 go
705 2597 21 18 to
736 2596 44 19 Mr.
790 2596 116 26 Holloway,
919 2596 41 20 and
967 2597 34 25 try
1011 2597 58 19 what
1085 2597 60 24 effect
1160 2598 32 19 his
1200 2598 58 20 Pills

669 2623 43 19 and
723 2623 104 20 Ointment
843 2624 44 19 will
897 2624 56 25 have,
965 2630 22 14 as
995 2625 17 19 I
1018 2624 52 20 have
1072 2625 124 25 frequently
1209 2626 48 19 wit~

669 2651 72 19 nessed
748 2651 37 19 the
792 2651 116 25 wonderful
917 2651 68 25 effects
999 2652 48 25 they
1057 2652 51 19 have
1117 2653 23 18 in
1149 2652 108 26 desperate

670 2683 62 14 cases.
763 2678 45 20 You
817 2684 38 14 can
866 2678 29 20 let
904 2685 32 13 me
945 2685 30 14 see
983 2685 42 20 you
1151 2679 54 22 This
1214 2687 43 14 un-

669 2704 131 27 prejudiced
808 2705 77 21 advice
893 2713 44 13 was
944 2705 104 22 followed
1056 2706 30 26 by
1094 2706 37 21 the
1138 2706 118 28 deponent,

670 2732 45 20 and
726 2738 13 14 a
747 2731 86 27 perfect
848 2739 53 14 cure
912 2732 90 21 effected
1018 2732 24 21 in
1059 2732 61 22 three
1131 2733 80 25 weeks,
1228 2734 29 26 by

670 2757 37 22 the
717 2765 39 14 use
764 2758 64 21 alone
839 2759 26 20 of
872 2758 136 28 Holloway's
1015 2758 55 23 Pills
1080 2760 44 21 and
1131 2759 125 28 Ointment,

670 2785 57 20 after
736 2785 50 21 four
803 2785 112 27 Hospitals
931 2786 42 21 had
989 2786 69 21 failed
1070 2786 5 22 !
1083 2786 5 22 !
1098 2786 5 21 !
1133 2786 73 22 When
1217 2787 39 22 Dr.

670 2811 80 27 Bright
760 2819 45 14 was
819 2812 75 21 shown
909 2812 30 27 by
950 2812 36 22 the
1004 2813 119 27 deponent,
1135 2814 39 21 the
1189 2814 70 21 result

670 2839 26 20 of
703 2839 34 21 his
747 2839 79 21 advice
840 2839 46 21 and
896 2839 91 27 charity,
999 2840 29 21 he
1043 2840 56 26 said,
1138 2842 56 19 lam
1209 2842 49 20 both

668 2866 116 21 astounded
798 2867 42 19 and
854 2866 105 26 delighted
964 2869 9 18 I
980 2868 43 24 for
1032 2868 16 19 I
1060 2869 88 25 thought
1159 2870 47 19 that
1215 2870 24 24 if
1246 2870 15 19 I

668 2899 47 14 ever
724 2900 43 14 saw
774 2900 42 19 you
825 2895 67 25 again,
901 2896 59 23 alive,
969 2896 18 19 it
995 2896 72 19 would
1076 2896 24 19 be
1108 2897 88 20 without
1203 2903 55 19 your

668 2927 54 14 arm.
741 2922 16 19 I
763 2928 39 13 can
812 2923 46 24 only
866 2929 94 19 compare
967 2923 42 20 this
1016 2929 51 14 cure
1076 2925 22 18 to
1107 2930 12 13 a
1129 2925 72 20 charm

696 2956 76 21 Sworn
783 2959 23 18 at
812 2955 36 22 the
858 2956 195 33 Mansion-house^

724 2983 26 21 of
756 2982 38 22 the
802 2983 44 26 city
854 2983 26 21 of
887 2984 100 26 London,
996 2983 44 22 this
1049 2978 9 27 I
1066 2985 52 21 Wm.
1129 2986 127 22 BROOKE.

724 3009 38 22 Bth
773 3009 43 28 day
825 3010 27 21 of
858 3010 47 22 Mai
911 3011 34 26 eh,
957 3012 59 20 1842.
1042 3006 11 36 J

724 3042 77 24 Before
807 3048 37 20 me,
903 3042 83 23 JOHN
1002 3044 96 28 PIRIE,
1115 3046 94 22 Mayor.

669 3075 36 22 IN
720 3075 63 22 ALL
797 3076 103 22 Diseases
910 3077 26 21 of
947 3077 36 21 the
999 3077 63 28 Skin,
1075 3079 47 21 Bad
1134 3080 65 27 Legs,
1213 3080 44 23 Old

668 3102 110 27 Wounds,
788 3103 43 21 and
840 3103 84 26 Ulcers,
933 3103 47 22 Bad
986 3104 98 28 Breasts,
1094 3106 53 21 Sore
1155 3106 101 29 Nipples,

669 3129 84 27 Stouey
760 3129 45 22 and
815 3129 119 22 Ulcerated
942 3131 102 26 Cancers,
1053 3132 118 28 Tumours,
1180 3134 76 23 Swell-

667 3155 58 28 ings,
745 3156 68 26 Gout,
826 3156 161 27 Rheumatism,
1004 3159 45 20 and
1065 3159 123 28 Lumbago,
1199 3160 57 23 like-

669 3183 51 21 wise
729 3182 24 22 in
764 3190 61 14 cases
836 3183 25 21 of
868 3183 59 22 Piles
933 3192 6 18 ;
950 3183 37 22 the
998 3184 62 27 Pills,
1068 3185 24 21 in
1103 3186 29 21 all
1141 3186 37 22 the
1185 3188 71 22 above

668 3216 69 19 cases,
748 3209 70 27 ought
832 3213 22 18 to
870 3210 28 21 be
908 3210 54 22 used
976 3211 54 21 with
1046 3212 38 21 the
1098 3213 123 28 Ointment,
1232 3223 25 14 as

668 3236 28 27 by
717 3236 43 22 this
780 3244 78 14 means
877 3244 64 14 cures
959 3237 44 22 will
1022 3238 29 22 be
1066 3239 94 22 effected
1176 3241 53 22 with
1243 3249 14 15 a

669 3263 67 22 much
751 3266 87 24 greater
853 3263 116 28 certainty,
985 3264 47 22 and
1046 3265 25 21 in
1087 3265 49 22 half
1149 3266 38 23 the
1201 3269 55 21 time

668 3289 49 22 that
732 3290 18 22 it
768 3290 72 22 would
857 3291 87 26 require
960 3291 27 27 by
1000 3291 68 27 using
1083 3293 37 21 the
1137 3294 119 23 Ointment

668 3317 72 21 alone.
769 3317 47 21 The
827 3317 117 22 Ointment
953 3317 18 22 is
980 3319 84 26 proved
1076 3322 22 18 to
1107 3319 28 22 be
1146 3327 14 14 a
1169 3322 87 22 certain

668 3343 92 28 remedy
770 3344 35 22 for
814 3343 37 23 the
861 3344 45 22 bite
917 3345 26 21 of
950 3344 155 23 moschettoes.

696 3377 79 27 Burns,
797 3378 83 26 Scalds,
898 3378 129 27 Chilblains,
1048 3378 106 29 Chapped
1174 3381 82 24 Hands

669 3403 45 22 and
725 3404 60 27 Lips,
797 3404 45 22 also
853 3404 100 22 Bunions
967 3405 46 22 and
1028 3406 47 21 Soft
1087 3406 75 27 Corns,
1173 3408 45 22 will
1228 3410 28 22 be

668 3430 153 28 immediately
831 3432 67 21 cured
908 3432 30 27 by
947 3432 36 21 the
993 3439 41 15 use
1045 3432 27 22 of
1082 3433 37 21 the
1130 3434 125 24 Ointment.

697 3465 70 20 THE
783 3465 97 22 PILLS
891 3474 36 13 are
938 3470 38 17 not
985 3466 55 27 only
1047 3467 37 21 the
1091 3467 66 22 finest
1164 3471 92 27 remedy

669 3491 83 21 known
760 3491 65 22 when
834 3493 55 21 used
900 3493 53 22 with
965 3493 37 22 the
1020 3494 124 28 Ointment,
1155 3496 40 21 but
1204 3505 25 14 as
1243 3505 14 14 a

671 3518 98 21 General
790 3518 113 22 Medicine
922 3520 60 22 there
999 3520 19 22 is
1037 3521 94 27 nothing
1150 3524 66 26 equal
1233 3528 21 18 to

670 3545 68 21 them.
769 3545 28 21 In
808 3552 93 15 nervous
908 3547 115 22 affections
1034 3548 53 26 they
1096 3548 41 22 will
1148 3549 28 22 be
1187 3551 70 22 found

670 3572 27 20 of
703 3571 38 22 the
750 3574 96 24 greatest
856 3573 90 22 service.
973 3574 74 22 These
1063 3574 54 25 Pills
1131 3583 45 20 are,
1193 3578 64 21 with-

667 3601 42 19 out
719 3598 124 27 exception,
855 3598 38 22 the
910 3600 64 22 finest
984 3601 95 22 Purifier
1094 3602 25 21 of
1130 3602 38 22 the
1185 3604 72 23 Blood

670 3632 53 14 ever
732 3625 137 25 discovered,
880 3627 44 20 and
941 3627 112 23 OUGHT
1067 3628 40 22 TO
1122 3629 39 22 BE
1176 3630 81 23 USED

670 3651 42 22 BY
727 3651 63 24 ALL
805 3651 153 24 FEMALES.

677 3684 84 22 Orders
777 3686 103 21 received
889 3689 23 18 at
923 3686 37 21 the
994 3688 111 23 Gazette
1143 3691 94 23 Office.

661 3740 2 17 I
861 3732 85 20 Fresh
961 3733 106 26 Butter,

671 3764 162 49 ALWAYS
850 3772 29 15 on
894 3766 51 21 Sale
960 3769 23 19 at
999 3767 39 22 the
1048 3768 64 23 Meat
1124 3770 136 28 Company's

751 3791 115 27 premises.

785 3847 8 5 v
972 3836 13 13 v
993 3821 105 29 Fi-roER,
1114 3823 117 29 Manager.

672 3863 72 49 ON
760 3863 85 26 SALE,
861 3870 23 16 at
894 3865 45 22 this
950 3866 71 27 office,
1032 3867 71 24 blank
1114 3869 57 22 Bill
1183 3870 77 24 Books

750 3895 14 5 *'
773 3890 94 23 Gazette
875 3891 12 9 *'
903 3892 69 28 office,
983 3893 59 22 Dec.
1050 3895 23 21 4.

699 3917 71 27 Sugar
779 3924 84 21 papers,

699 3943 74 23 Blank
783 3944 71 22 music
864 3944 77 29 booki,
1090 3954 3 3 -
1118 3943 9 5 ''

1470 119 110 21 Gazette
1597 119 90 21 Office.

1289 151 195 22 STATIONERY
1497 152 198 23 WHOLESALE
1710 154 20 21 &
1747 153 123 22 RETAIL.

1289 185 85 49 WE
1397 185 44 27 beg
1463 188 19 19 to
1505 192 115 16 announce
1639 187 39 21 the
1701 187 88 26 arrival,
1812 187 60 21 from

1381 212 108 27 England,
1501 213 26 21 of
1535 213 36 21 the
1587 213 48 21 first
1642 217 52 24 part
1703 213 25 22 of
1739 221 41 14 our
1794 217 78 18 exten-

1289 238 45 22 sive
1343 238 74 22 orders
1425 239 25 21 in
1460 239 40 22 this
1510 239 142 28 department
1661 241 27 21 of
1695 240 107 22 business.
1825 241 48 21 Our

1289 264 61 22 stock
1360 265 89 28 already
1460 266 88 22 consists
1563 267 25 21 of
1601 274 67 24 every
1677 267 78 21 article
1769 267 104 27 required

1289 291 34 21 for
1337 291 95 28 Schools,
1450 292 78 27 Banks,
1545 293 85 27 Courts,
1649 293 55 22 Law
1720 293 88 24 Offices,
1827 293 46 21 and

1289 317 87 28 Artists,
1387 319 40 21 &c.
1436 327 6 18 ;
1456 319 73 22 whilst
1537 319 36 22 the
1590 321 140 21 ornamental
1742 319 43 22 and
1801 320 73 21 draw-

1289 345 38 26 ing
1338 351 62 15 room
1415 346 120 27 stationery
1549 346 39 22 has
1602 350 41 18 not
1655 347 60 21 been
1731 346 140 22 overlooked.

1289 372 47 22 The
1346 371 124 23 difficulties
1479 373 113 26 attending
1601 373 38 21 the
1649 373 49 21 first
1706 373 168 22 establishment

1289 398 80 27 having
1378 399 57 21 been
1451 406 117 20 overcome,
1580 399 46 22 and
1637 407 68 20 every
1721 400 79 21 arrival
1816 400 56 22 from

1289 424 103 27 England
1410 425 79 28 adding
1505 427 59 21 fresh
1580 426 113 22 additions
1708 430 22 18 to
1747 433 38 15 our
1801 426 69 27 stock,

1289 448 48 26 will
1350 452 77 22 enable
1441 460 26 14 us
1475 456 21 18 to
1512 453 80 21 reduce
1610 460 41 15 our
1666 453 94 27 charges
1769 460 29 14 on
1814 457 59 17 most

1289 479 86 21 articles
1384 483 24 17 at
1416 479 56 22 least
1479 481 26 21 50
1513 487 41 20 per
1562 484 58 18 cent.

1317 511 151 28 Storekeepers
1484 512 43 21 and
1545 512 118 21 wholesale
1683 511 86 22 dealers
1788 518 41 14 can
1844 511 28 21 be

1289 537 99 28 supplied
1403 541 22 18 to
1441 546 41 19 any
1491 542 83 23 extent,
1592 539 45 21 and
1653 546 29 14 on
1700 542 68 17 terms
1784 538 88 27 equally

1290 564 161 27 advantageous
1460 568 21 19 to
1490 572 44 21 any
1542 565 105 22 obtained
1656 565 24 22 in
1691 565 98 28 Sydney,

1315 590 96 27 Writing
1420 599 70 20 paper,

1280 627 4 4 •
1318 617 111 28 Imperial,

1317 644 77 27 Royal,

1316 671 112 27 Foolscap,
1441 672 86 22 various
1537 673 110 26 qualities,

1317 697 70 28 Large
1397 698 61 22 thick
1467 702 52 24 post,
1531 706 60 15 wove
1602 699 44 22 and
1656 699 54 27 laid,

1316 725 57 21 Note
1383 732 85 20 papers,

1317 751 91 28 Playing
1417 752 68 27 cards,
1495 751 104 23 coloured
1609 753 44 21 and
1663 753 55 27 gold
1728 752 77 26 backs,

1317 779 59 26 Copy
1388 778 76 27 books,

1316 805 68 21 Black
1394 805 51 22 lead
1453 806 90 27 pencils,

1317 831 64 22 India
1390 832 86 27 rubber,
1486 833 69 21 bottle
1564 833 45 22 and
1620 836 86 25 patent,

1318 858 64 27 Ivory
1392 857 80 23 folders
1481 859 41 22 and
1536 859 87 28 knives,

1317 885 45 21 Pen
1372 885 83 27 knives,

1317 912 84 27 Rulers,
1413 919 54 20 copy
1475 912 75 27 books,

1317 939 71 21 Blank
1398 939 51 21 bills
1459 939 23 21 of
1488 939 120 28 exchange,

1316 964 74 23 Letter
1401 965 45 22 and
1455 966 37 21 bill
1500 966 56 27 flies,

1318 992 41 22 Ink
1369 993 44 21 and
1422 992 41 22 ink
1472 993 103 26 powders,

1317 1019 73 21 Bibles
1400 1019 45 21 and
1454 1022 132 25 testaments,

1317 1045 95 28 Spelling
1421 1046 72 27 books,
1504 1047 95 27 various,

1317 1073 100 26 Primers,

1317 1099 122 22 Children's
1449 1099 66 22 books
1524 1100 23 21 in
1556 1103 63 24 great
1628 1101 93 26 variety,

1316 1126 72 21 Blank
1402 1127 167 22 Custom-house
1586 1127 76 26 forms,
1674 1127 36 21 for
1724 1128 145 25 auctioneers,

1289 1153 45 22 and
1342 1153 29 21 all
1381 1153 37 22 the
1428 1153 60 22 other
1498 1154 171 22 Custom-house
1688 1158 68 17 torms
1766 1154 34 21 for
1812 1162 58 13 mer-

1289 1181 83 25 chants,

1316 1207 113 22 Seamen's
1439 1207 94 22 advance
1543 1210 70 23 notes,

1317 1234 111 21 Seamen's
1438 1234 84 21 articles
1533 1234 24 22 of
1564 1238 137 23 agreement,

1317 1261 133 26 Log-hooks,

1317 1287 71 22 Blank
1399 1288 64 25 writs,

1317 1314 131 22 Parchment
1455 1314 31 22 for
1494 1314 73 27 deeds,

1317 1341 77 27 Quills,

1315 1367 57 22 Thin
1381 1372 56 23 post,
1450 1368 59 27 ditto,

1316 1395 53 21 Fine
1379 1395 53 21 bath
1443 1399 52 23 post,
1506 1395 47 26 gilt,

1315 1421 86 22 Double
1417 1422 107 27 elephant,
1536 1422 146 28 antiquarian,
1700 1422 109 28 imperial,
1825 1422 45 22 and

1287 1448 61 27 royal
1359 1448 97 28 drawing
1467 1456 71 19 paper,

1315 1475 88 27 Oblong
1413 1475 86 27 clasped
1508 1476 171 22 memorandum
1689 1476 79 27 books,

1314 1502 86 21 French
1409 1503 84 26 tracing
1502 1509 73 21 paper,

1314 1528 86 22 Ladies'
1411 1528 44 22 and
1466 1530 141 26 gentlemen's
1620 1530 54 21 card
1684 1537 70 19 cases,

1315 1556 60 21 Ditto
1441 1556 33 21 do.
1533 1556 69 22 tinted
1615 1556 43 22 and
1668 1557 117 21 embossed
1797 1557 70 26 cards,

1315 1582 93 27 Sponge,
1420 1584 73 20 wafers
1505 1583 21 21 in
1537 1584 13 20 2
1560 1591 32 14 az.
1604 1584 77 26 boxes,

1314 1609 68 22 Black
1402 1610 54 26 edge
1475 1610 42 21 and
1536 1610 112 21 bordered
1668 1614 53 18 note
1739 1611 44 21 and
1804 1610 65 23 letter

1287 1643 73 19 paper,

1314 1663 88 21 Invoice
1413 1663 73 27 books,
1498 1663 52 22 with
1559 1664 100 26 indexes,
1673 1664 88 21 various
1771 1664 62 26 sizes,

1314 1690 55 21 Cash
1380 1690 76 27 books,
1467 1690 61 22 ruled
1539 1690 88 27 double,
1638 1692 90 21 various
1739 1692 55 21 sizes

1314 1716 130 28 Envelopes,

1315 1743 84 22 Pewter
1408 1744 120 26 inkstands,

1314 1770 77 27 Ebony
1400 1771 119 27 inkstands,
1531 1771 50 22 with
1592 1771 104 27 drawers,

1313 1797 70 22 Broad
1395 1798 44 21 and
1449 1805 80 14 narrow
1540 1805 67 20 green
1617 1799 42 21 silk
1672 1799 87 26 ribbon,

1312 1824 64 21 Brief
1382 1824 45 21 and
1438 1824 53 22 deed
1500 1832 73 20 paper,

1313 1851 70 21 Ruled
1394 1859 67 19 paper
1470 1852 31 21 for
1511 1852 39 21 bill
1560 1852 75 24 heads,

1313 1878 68 26 Royal
1399 1878 66 26 hand,
1477 1878 79 22 double
1573 1879 62 22 hand
1651 1880 85 26 brown,
1754 1880 43 21 and
1806 1880 62 26 royal

1285 1904 74 21 brown
1370 1906 110 26 wrapping
1488 1913 73 20 paper,

1312 1931 97 27 Ledgers
1419 1932 44 21 and
1472 1936 92 17 account
1573 1932 77 27 books,
1663 1933 89 21 various
1763 1933 61 25 sizes,

1312 1958 81 20 Pocket
1401 1958 84 26 ledgers
1495 1959 43 20 and
1548 1960 171 21 memorandum
1729 1960 75 24 books,

1312 1984 117 27 Engraved
1440 1991 51 21 copy
1499 1985 53 27 slips
1561 1985 45 21 and
1616 1985 78 27 books,
1876 1981 2 10 '

1313 2012 51 20 Best
1373 2011 78 22 Welch
1460 2014 64 19 slates
1541 2012 60 26 large
1609 2012 43 21 and
1663 2012 73 27 small,

1313 2038 106 22 Coloured
1428 2045 82 20 papers,

1531 2090 89 20 Seeds.

1287 2123 70 48 ON
1368 2123 84 27 SALE,
1464 2127 20 17 at
1492 2123 38 21 the
1541 2125 84 19 Gazette
1631 2124 79 26 Office,
1719 2125 22 21 in
1749 2124 119 27 quantities

1364 2151 71 20 tobuit
1445 2150 131 27 purchasers,
1590 2151 37 21 the
1638 2151 114 26 following
1761 2151 63 21 seeds
1834 2158 4 14 :—:
1842 2162 26 4 —

1312 2183 75 22 Sword
1396 2184 102 27 long-pod
1510 2184 63 27 bean,

1314 2215 117 28 Long-pod
1440 2217 61 26 bean,

1314 2249 107 28 Speckled
1432 2249 68 22 dwarf
1507 2249 82 29 kidney
1600 2250 65 27 bean,

1314 2281 72 22 Broad
1394 2282 66 26 bean,

1313 2313 72 22 Horse
1395 2313 66 26 bean,

1314 2344 81 23 Scarlet
1404 2352 88 19 runner,

1314 2377 65 27 Early
1388 2377 108 22 Warwick
1505 2385 49 20 pea,

1314 2409 65 27 Early
1390 2409 111 22 Mazarine
1512 2417 49 20 pea,

1314 2440 102 22 Prussian
1427 2441 49 21 blue
1486 2449 48 19 pea,

1313 2472 106 22 Nonsuch
1429 2480 47 19 pea,

1314 2504 54 22 Blue
1377 2504 99 28 imperial
1486 2512 49 20 pea,

1314 2536 91 28 Spanish
1414 2536 70 22 dwarf
1489 2544 50 20 pea,

1313 2569 69 26 Large
1392 2569 95 27 cabbage
1497 2569 90 28 lettuce,

1312 2600 129 23 Drumhead
1451 2602 95 27 cabbage
1555 2602 92 27 lettuce,

1313 2633 100 26 Cabbage
1425 2633 85 28 lettuce,

1313 2665 71 21 White
1396 2665 77 22 selesia
1481 2666 86 27 lettuce,

1313 2699 79 21 Brown
1399 2699 45 21 and
1453 2699 62 22 white
1526 2707 49 20 goss
1585 2700 92 27 lettuce,

1314 2725 112 22 Battersea
1437 2726 103 27 cabbage,

1314 2752 127 22 Drumhead
1451 2753 103 28 cabbage,

1313 2779 48 22 Red
1371 2779 75 22 Dutch
1456 2780 103 27 cabbage,

1314 2806 90 22 Puller's
1412 2807 60 27 early
1479 2807 104 28 cabbage,

1314 2833 71 21 Vanal
1395 2834 101 27 cabbage,

1313 2859 102 23 Prussian
1425 2860 63 22 white
1498 2861 80 28 turnip,

1312 2887 84 21 Yellow
1406 2887 74 22 Swede
1490 2889 79 26 turnip,

1313 2913 78 27 Purple
1399 2917 38 24 top
1448 2915 73 21 Swede
1531 2915 79 28 turnip,

1313 2941 72 21 White
1395 2944 62 18 stone
1468 2942 79 27 turnip,

1315 2966 70 23 White
1395 2967 56 22 horn
1460 2969 80 26 turnip,

1314 2994 67 22 Silver
1390 2994 78 22 leaved
1477 2995 57 28 beet,

1313 3021 48 22 Red
1370 3021 57 26 beet,

1312 3048 72 21 White
1394 3048 59 27 beet,

1312 3075 106 26 Mangold
1427 3075 95 26 wurtzel,

1312 3101 139 26 Altringham
1461 3105 75 24 carrot,

1312 3128 65 27 Early
1387 3129 55 21 horn
1453 3132 75 24 carrot,

1313 3156 61 25 Long
1383 3162 81 20 orange
1474 3159 77 24 carrot,

1313 3182 72 22 White
1395 3183 102 27 mustard,

1313 3208 79 23 Curled
1401 3216 64 20 cress,

1312 3237 62 25 Long
1383 3236 79 22 scarlet
1471 3237 78 26 radish,

1312 3263 71 21 White
1393 3263 73 28 turnip
1474 3263 80 27 radish,

1312 3289 47 22 Red
1368 3289 73 27 turnip
1451 3289 78 28 radish,

1312 3316 130 27 Strasburgh
1451 3317 72 27 onion,

1312 3343 76 22 Brown
1399 3343 94 27 Spanish
1502 3344 72 27 onion,

1312 3371 95 26 Parsnip,

1312 3396 78 22 Curled
1400 3396 91 28 parsley,
1497 3399 4 5 v

1313 3424 70 21 Green
1395 3423 75 22 curled
1482 3423 78 23 endive

1312 3451 105 21 Batavian
1427 3450 83 27 endive,

1313 3477 65 27 Leek,

1312 3505 132 27 Asparagus,
1537 3510 56 21 ,\i\\l
1737 3519 10 8 ,

1313 3531 41 22 Sea
1364 3531 50 26 kail,

1314 3558 69 22 Globe
1394 3564 83 21 savoys,

1315 3585 78 22 Curled
1402 3585 87 25 brocoli,

1313 3612 48 22 Red
1369 3611 56 22 solid
1435 3612 70 27 celery
1515 3613 46 22 and
1569 3613 68 23 white
1648 3614 83 29 oslery,

1314 3639 100 22 Summer
1423 3646 84 21 savory,

1314 3665 84 22 Winter
1407 3672 82 21 savory,

1314 3693 62 27 Sage,

1313 3719 92 28 Thyme,

1314 3746 99 22 Brussels
1423 3749 90 25 sprouts,

1314 3773 92 27 Borage,

1314 3800 116 27 Angelica,

1314 3827 90 28 Salsafy,

1314 3853 76 28 Sorell,

1316 3881 121 26 Lavender,

1287 3924 92 49 JUST
1393 3925 129 27 OPENED,
1529 3926 44 22 and
1583 3934 30 14 on
1623 3927 52 22 Sale
1685 3931 23 18 at
1718 3928 38 22 the
1767 3929 70 22 Office
1848 3930 26 22 of

1350 3951 43 21 this
1402 3951 76 29 Paper,
1487 3952 41 22 inK
1537 3952 76 23 steads
1622 3957 24 18 ot
1655 3961 91 17 vwnaui
1755 3957 63 20 H*es.

61 120 42 27 ing
120 120 103 23 knocked
241 120 108 22 senseless
350 130 27 5 —
378 126 24 15 as
419 122 18 20 it
450 127 51 19 was,
517 126 33 16 we
567 119 79 22 should

63 146 65 23 think
138 147 36 22 the
189 146 112 24 thickness
317 154 43 14 was
375 147 68 23 much
458 147 93 26 shaken,
563 147 40 20 but
618 146 26 21 he

63 180 45 16 was
178 173 64 28 again
257 173 45 23 and
415 174 77 22 before
507 173 60 22 third
581 172 64 22 horse

59 199 45 23 had
119 201 88 21 cleared
217 200 37 22 the
271 200 76 22 brook.
376 201 49 22 The
440 200 65 22 other
517 206 56 20 nags
588 202 58 19 went

60 233 54 15 over
130 227 16 21 it
155 227 24 21 in
195 227 70 27 really
278 227 58 27 good
350 228 62 27 style,
423 227 37 22 the
475 227 99 26 running
589 226 57 22 after

59 253 101 22 Mason's
169 254 67 26 being
245 253 67 23 taken
323 262 29 19 up
362 255 30 26 by
402 253 102 26 Buffoon,
513 254 51 21 who
573 253 71 21 main-

59 280 77 21 tained
144 280 20 22 it
172 281 53 21 with
235 288 54 19 very
298 281 57 21 little
365 280 115 22 alteration
491 280 39 22 the
541 279 71 22 whole
623 280 26 20 of

58 305 38 23 the
108 314 54 19 way,
172 306 39 22 the
219 311 47 17 rest
274 308 65 26 being
348 307 82 26 handy,
437 307 45 21 and
492 307 38 21 the
540 306 104 27 majority

59 332 78 27 taking
146 333 57 22 their
212 334 76 22 fences
303 334 24 21 in
345 341 13 13 a
369 333 156 22 workmanlike
542 339 100 15 manner.

58 359 101 28 Student,
170 360 110 26 however,
291 360 48 22 who
350 367 43 14 was
408 359 75 22 rather
498 359 144 26 hot-headed,

58 386 45 21 and
113 387 66 21 cared
189 387 56 21 little
256 394 24 14 or
296 386 91 27 nothing
396 387 34 21 for
439 387 35 21 his
489 386 80 22 rider's
579 393 65 19 argu-

59 417 80 22 ments,
162 413 38 21 fell
218 417 24 17 at
460 413 41 22 but
521 420 45 15 was
590 419 53 15 soon

59 439 88 26 righted
157 448 6 18 ;
182 439 100 22 Mason's
292 439 65 22 horse
372 440 46 21 also
428 447 61 14 came
500 447 29 14 on
539 439 35 22 his
583 443 62 23 caput

58 466 138 26 hereabouts,
212 466 40 22 but
263 473 28 14 no
305 466 106 22 mischief
416 474 42 14 was
470 466 65 22 done.
564 466 32 22 At
607 466 37 22 the

56 493 55 21 road
126 495 22 18 at
164 492 184 27 Golder's-green
364 493 38 22 the
419 493 85 21 second
520 493 65 26 place
600 500 44 14 was

56 519 68 21 taken
143 519 29 27 by
191 519 110 27 Ragman,
324 520 90 27 Syphax
432 519 63 27 lying
513 522 62 24 next,
591 519 52 23 with

56 546 137 21 Moonraker
202 546 44 21 and
261 546 38 22 the
310 546 73 22 others
392 547 24 21 in
427 546 38 22 the
480 546 59 22 back
549 546 93 27 ground.

56 572 28 21 In
103 572 43 21 this
162 580 48 19 way
229 573 52 25 they
298 573 124 26 proceeded
442 580 28 14 on
489 573 59 21 their
567 577 75 17 return

56 598 73 27 home,
144 599 79 27 passed
261 599 95 23 Fortune
359 599 79 23 s-lane
477 599 105 27 cleverly,
600 600 44 21 and

57 624 53 23 then
126 626 89 27 Spyhax
231 626 93 22 became
339 627 89 22 second.
456 627 36 27 Up
503 627 36 21 the
550 626 40 22 hill
606 627 37 21 the

56 652 76 21 Pacha
137 652 72 27 began
216 656 22 18 to
245 654 46 25 tail,
300 653 105 27 although
413 653 100 27 strongly
520 653 123 28 persuaded

56 678 30 27 by
96 679 55 27 May
157 679 27 21 he
192 679 46 22 had
322 680 35 22 his
442 679 46 23 and
495 680 84 27 shortly
587 680 57 22 after

56 704 38 22 hid
104 704 35 23 his
148 706 67 21 fallen
222 711 116 22 greatness
344 707 21 21 in
373 714 15 14 a
397 706 66 22 ditch.
495 707 35 21 On
537 707 107 27 reaching

56 731 36 22 the
103 732 47 26 hill,
162 733 93 21 Buffoon
275 740 45 14 was
330 741 52 13 seen
393 733 44 21 still
446 733 92 27 leading
543 740 53 15 over
606 734 37 22 the

56 758 67 27 brow,
132 759 103 22 followed
240 760 31 27 by
277 760 97 27 Spyhax,
385 760 138 27 Mooaraker,
532 760 44 21 and
583 761 60 26 Rag-

56 792 63 14 man:
132 785 51 28 they
193 793 62 14 came
265 786 63 22 down
339 786 37 22 the
386 787 40 21 hill
435 790 23 18 at
466 794 16 14 a
487 787 92 26 rattling
588 794 54 19 pace

56 815 22 17 to
87 811 37 22 the
133 812 69 21 brook
203 824 27 3 —
231 812 103 28 Buffoon,
343 813 96 28 Syphax,
451 813 45 22 and
507 813 137 23 Moonraker

56 841 21 18 to
103 838 36 22 the
157 842 99 19 extreme
281 839 67 27 right,
371 840 46 22 and
435 841 101 26 Ragman
563 843 23 18 to
605 840 37 22 the

56 868 98 19 extreme
168 866 47 26 left,
231 866 76 22 Dixon
321 866 84 27 having
421 874 12 14 a
447 871 65 22 great
525 867 80 21 dislike
620 870 22 18 to

56 895 73 18 water.
159 892 103 28 Ragman
277 896 22 18 at
313 893 44 21 this
372 893 79 28 period
467 900 46 15 was
527 893 88 27 nearly,
626 895 20 21 if

58 921 40 18 uot
113 919 67 27 quite,
191 920 22 20 in
231 927 23 13 as
263 919 58 28 good
331 927 14 14 a
357 921 94 26 position
465 928 24 14 as
498 920 38 22 the
552 921 90 27 leading

55 944 76 23 horses
140 953 27 14 on
177 946 37 22 the
225 946 57 28 right
290 954 5 20 ;
306 947 41 21 but
357 947 81 27 Dixon,
446 947 87 22 instead
543 947 26 21 of
574 947 68 28 keep-

54 971 38 26 ing
103 972 34 21 his
145 974 62 25 nag's
222 973 57 21 head
291 974 98 27 straight,
401 974 65 22 made
477 981 14 14 a
501 974 85 27 circuit,
598 974 44 22 and

56 997 128 23 floundered
199 1000 48 21 into
264 1000 37 21 the
317 1000 76 27 brook,
405 1001 98 23 and.was
512 1007 62 15 some
588 1001 54 22 time

55 1026 86 26 getting
150 1029 45 18 out.
225 1027 27 21 In
269 1027 36 21 the
317 1027 120 22 meantime
447 1027 37 22 the
501 1034 65 20 greys
578 1027 64 27 (Buf-

56 1052 51 21 foon
124 1052 43 21 and
182 1053 99 28 Syphax)
299 1054 95 27 charged
410 1055 17 21 it
440 1054 114 27 gallantly,
571 1058 33 18 let
620 1058 22 18 to

56 1079 68 27 work,
132 1080 44 21 and
185 1080 67 21 raced
259 1087 30 20 up
294 1080 38 21 the
343 1085 61 23 steep
411 1081 99 21 meadow
519 1084 23 18 to
552 1081 38 21 the
599 1081 43 22 last

55 1105 75 28 fence;
146 1106 41 22 but
202 1107 87 21 instead
303 1107 26 21 of
341 1108 68 27 going
425 1108 100 21 between
544 1108 37 21 the
599 1112 42 18 two

56 1131 62 27 flags,
127 1132 53 28 they
188 1134 78 26 passed
274 1134 84 22 outside
367 1135 37 21 the
412 1142 41 14 one
462 1142 29 14 on
499 1135 37 21 the
543 1138 97 19 extreme

55 1156 65 29 right,
129 1160 90 26 Syphax
228 1160 80 27 falling
313 1168 52 14 over
374 1161 47 21 into
428 1161 38 21 the
473 1161 100 27 winning
580 1162 60 25 field,

56 1185 45 22 and
115 1186 110 28 throwing
241 1187 35 21 his
292 1187 66 23 rider.
388 1188 137 23 Moonraker
539 1192 39 23 got
593 1189 48 22 well

56 1219 54 15 over
118 1213 37 21 the
164 1214 77 27 brook,
252 1214 40 22 but
303 1219 37 17 not
350 1215 68 26 being
426 1215 23 21 in
461 1215 37 21 the
509 1215 50 21 best
568 1216 74 22 condi-

56 1238 47 23 tion
113 1247 44 15 was
285 1242 45 21 and
344 1249 44 15 was
403 1241 77 28 pulled
496 1249 42 20 up;
554 1243 86 26 Mason,

56 1265 109 28 however,
176 1268 52 21 with
238 1268 35 22 his
287 1269 63 21 usual
359 1269 125 26 quickness,
496 1273 22 17 at
532 1277 56 14 once
598 1278 44 14 saw

57 1292 37 22 the
106 1293 92 23 mistake
209 1295 65 21 made
291 1295 29 28 by
331 1295 36 22 the
378 1295 69 23 riders
457 1296 25 21 of
490 1296 96 22 Buffoon
597 1297 45 21 and

57 1320 97 26 Syphax,
166 1321 44 21 and
225 1321 29 27 by
265 1329 13 14 a
287 1327 63 21 great
364 1323 69 26 effort,
445 1323 111 27 managed
572 1327 23 18 to
605 1327 37 24 get

56 1346 34 21 his
99 1346 65 23 horse
174 1355 54 14 over
237 1348 38 22 the
284 1349 43 21 last
337 1349 69 26 fence,
418 1350 45 21 and
476 1350 51 21 take
539 1350 46 22 him
594 1351 25 21 in
630 1358 12 14 a

54 1372 70 28 lucky
132 1374 90 27 winner,
233 1375 105 28 shouting
349 1381 22 17 at
385 1377 37 21 the
432 1384 60 14 same
509 1377 53 21 time
572 1380 23 18 at
604 1377 37 22 the

56 1402 37 25 top
105 1400 26 22 of
141 1401 33 21 dis
183 1402 63 21 voice
263 1403 70 21 "I've
344 1410 53 19 won,
411 1403 47 22 I've
474 1411 48 14 won
582 1405 60 26 Rag-

55 1434 53 15 man
123 1435 43 14 was
184 1429 91 22 second.
276 1441 28 4 —
305 1430 41 21 We
367 1438 56 14 were
442 1431 66 25 given
524 1435 22 17 to
562 1431 80 21 under-

56 1454 66 22 stand
138 1454 47 22 that
201 1456 44 22 Mr.
258 1457 125 26 Anderson,
395 1458 26 20 of
433 1457 130 28 Piccadilly,
575 1459 66 21 after-

56 1482 71 21 wards
136 1482 123 27 purchased
270 1483 101 28 Ragman
380 1484 35 21 for
424 1485 68 23 £300.

84 1508 50 22 Rat
148 1509 105 23 Killing
269 1511 207 21 Extraordinary.
478 1522 28 4 —
507 1511 48 21 The
574 1519 65 15 coun-

56 1535 41 21 ties
108 1536 26 21 of
139 1536 150 23 Cumberland
300 1537 45 21 and
355 1537 179 22 Westmoreland
552 1546 41 14 can
606 1539 35 21 vie

56 1562 53 22 with
119 1570 44 21 any
172 1563 64 22 other
246 1564 99 22 counties
354 1565 22 21 in
383 1564 105 27 England
499 1572 25 14 or
535 1565 106 22 Scotland

55 1587 35 24 for
97 1589 60 23 their
167 1590 112 22 excellent
288 1591 68 22 breed
366 1591 26 21 of
400 1591 77 22 terrier
488 1592 62 26 dogs,
562 1593 45 21 and
617 1593 23 21 in

56 1615 65 23 order
132 1620 20 18 to
163 1624 66 20 prove
242 1617 37 22 the
289 1618 114 27 assertion,
416 1626 31 14 we
458 1618 43 22 will
510 1619 48 27 just
571 1619 69 21 relate

56 1642 37 22 the
103 1642 55 24 feats
169 1644 26 21 of
207 1652 13 13 a
237 1644 42 22 few
296 1645 25 21 of
336 1645 68 26 them,
419 1645 23 21 in
458 1645 37 22 the
511 1650 35 17 rat
562 1645 80 28 killing

55 1669 53 23 line.
138 1671 22 21 A
176 1673 34 19 rat
228 1671 151 27 slaughtering
398 1672 74 22 match
491 1680 63 14 came
571 1673 33 21 off
619 1676 23 18 at

57 1696 107 28 Askham,
180 1697 24 22 in
220 1697 186 28 Westmoreland,
424 1702 23 18 at
461 1707 14 14 a
491 1700 64 26 place
569 1699 72 22 which

56 1730 44 14 was
110 1724 78 22 staked
198 1725 34 21 ofF
244 1725 22 21 in
277 1733 12 13 a
304 1725 58 27 field,
374 1725 46 22 and
435 1727 139 21 surrounded
589 1727 51 21 with

56 1757 99 20 canvass,
171 1751 24 21 in
212 1751 71 23 which
298 1753 38 21 the
351 1756 60 24 sport
425 1753 52 21 took
486 1753 73 27 place.
588 1753 53 22 Five

57 1777 54 26 dogs
121 1785 55 15 were
188 1779 97 26 entered,
299 1779 55 22 each
364 1780 26 20 of
396 1779 72 23 which
475 1779 44 22 had
529 1782 26 20 16
564 1784 45 18 rats
619 1784 22 18 to

56 1804 40 22 kill
106 1805 24 21 in
140 1805 36 21 the
193 1805 94 22 shortest
303 1807 59 21 time.
392 1806 47 22 The
451 1807 74 21 match
538 1814 43 14 was
592 1814 48 15 won

55 1831 30 26 by
95 1831 103 28 General,
209 1832 122 27 belonging
341 1836 21 18 to
371 1833 45 22 Mr.
428 1833 21 22 J.
461 1833 73 26 Benn,
546 1834 26 21 of
579 1834 62 21 Low-

56 1857 55 28 ther,
126 1858 72 22 which
218 1859 119 27 destroyed
355 1859 35 23 his
433 1861 95 21 varmint
565 1860 23 22 in
604 1861 36 21 the

56 1884 61 22 •hort
125 1885 77 27 period
213 1886 25 22 of
247 1887 11 20 1
270 1887 84 21 minute
366 1887 12 21 7
388 1887 106 27 seconds;
511 1887 45 22 Mr.
567 1887 74 22 Tenk-

56 1911 52 22 ler's
125 1913 57 25 Crib,
200 1914 10 20 1
231 1913 86 22 minute
334 1915 26 20 39
379 1914 107 27 seconds;
506 1915 44 21 Mr.
572 1914 70 22 Fair's

56 1938 83 25 Frank,
159 1941 10 19 1
190 1939 87 22 minute
294 1941 29 21 40
341 1941 93 21 seconds
442 1949 5 18 ;
472 1942 45 21 Mr.
536 1941 106 21 Barratt's

57 1963 54 27 Ben,
122 1966 14 20 2
146 1965 96 22 minutes
249 1974 5 18 ;
271 1967 45 20 and
332 1967 43 21 Mr.
387 1967 65 21 Jume
470 1967 94 27 Speaks
575 1967 64 27 Toi;o,

54 1992 14 20 2
78 1991 94 22 minutes
182 1994 27 20 20
218 1993 101 21 seconds.

190 2052 88 20 Town
294 2052 31 21 of
338 2052 167 22 Manewatu.

56 2085 90 50 THE
169 2083 214 25 PROPRIETORS
409 2087 25 21 of
458 2087 39 22 the
518 2087 61 22 three
595 2089 47 20 first

142 2113 89 21 choices
246 2115 24 19 at
279 2113 38 22 the
335 2113 43 22 last
392 2113 106 22 selection
510 2114 25 22 of
550 2119 92 23 country

51 2139 71 26 lands,
137 2139 82 28 having
239 2139 139 23 determined
392 2147 60 19 upon
469 2141 39 21 the
524 2141 41 21 site
581 2142 34 21 for
630 2150 12 13 a

68 2173 94 22 TOWN
177 2174 43 21 ON
235 2174 64 21 THE
316 2174 189 23 MANEWATU
519 2175 107 26 RIVER,

54 2200 56 22 after
115 2202 79 19 several
202 2202 60 19 visits
272 2205 20 17 to
301 2201 38 22 the
349 2202 187 27 neighbouroood,
548 2202 46 22 and
604 2203 38 21 the

53 2230 57 19 most
130 2228 85 21 careful
233 2227 45 22 and
296 2228 83 21 minute
399 2229 153 21 examination
567 2230 26 20 of
606 2230 36 21 the

55 2258 70 18 <mtire
140 2255 93 26 district,
249 2254 66 22 aided
331 2254 30 28 by
370 2255 37 22 the
424 2256 145 27 professional
584 2256 56 28 skill,

51 2280 139 28 knowledge,
211 2281 44 22 and
270 2282 130 28 experience
417 2283 24 20 of
452 2283 39 21 the
508 2287 59 17 most
582 2290 61 14 com-

52 2311 78 24 petent
137 2308 88 28 judges,
242 2316 93 20 propose
350 2312 22 18 to
390 2309 54 21 offer
454 2310 34 20 for
505 2310 104 27 disposal,
621 2314 22 18 at

202 2335 38 22 the
254 2338 89 24 present
353 2336 60 26 time,
425 2336 68 21 about

53 2366 220 23 TWENTY-FIVE
309 2367 105 26 ACRES,
454 2368 35 21 IN
527 2369 115 22 ALLOT-

54 2393 113 28 MENTS,
182 2393 87 23 EACH
291 2393 39 21 OF
355 2393 63 23 ONE
439 2395 150 23 QUARTER
603 2396 39 21 OF

271 2420 43 22 AN
331 2420 90 22 ACRE.

79 2454 54 24 The.
136 2457 48 25 spot
195 2454 50 22 thus
254 2454 98 22 selected
363 2462 111 20 possesses
483 2456 37 21 the
531 2459 59 19 most
605 2464 38 14 ex-

52 2482 86 21 tensive
151 2482 103 26 frontage
269 2484 22 18 to
309 2481 55 27 deep
376 2485 68 18 water
459 2482 26 22 of
498 2490 43 20 any
557 2491 29 13 on
606 2484 36 22 the

52 2508 66 23 river.
146 2508 23 22 It
186 2508 19 21 is
224 2508 96 21 situated
336 2508 47 26 just
395 2511 24 19 at
433 2509 49 22 that
503 2510 63 26 point
585 2511 57 21 from

115 2534 73 23 which
198 2542 14 14 a
220 2535 55 21 road
286 2534 72 23 would
367 2536 85 21 branch
463 2536 34 22 off
503 2541 22 17 to
536 2537 38 21 the

54 2569 94 15 WOODED
171 2569 47 14 AND
240 2569 98 14 FERTILE
358 2570 117 15 DISTRICTB
497 2571 77 14 ALONG
597 2572 45 14 THE

223 2596 56 14 BASE
294 2597 27 13 OF
336 2597 45 14 THE
396 2597 75 20 HILLS,

52 2621 44 22 and
109 2621 70 22 above
190 2621 73 21 which
273 2621 37 21 the
325 2621 129 27 navigatibn
468 2622 35 22 for
513 2623 82 21 vessels
604 2624 39 21 be-

52 2656 75 14 aomes
137 2649 86 24 tedious,
234 2649 24 24 if
263 2651 36 17 not
309 2649 86 26 difficult
433 2649 23 21 Tt
463 2649 18 21 is
487 2649 110 22 therefore
605 2650 37 21 the

251 2675 64 27 point
323 2676 73 21 whore
407 2675 37 22 the

55 2709 88 22 LAND
158 2709 68 22 AND
240 2708 115 22 WATER
369 2709 165 22 CARRIAGE
548 2710 87 22 MEET

54 2735 45 22 and
109 2735 72 22 where
191 2743 14 14 a
214 2735 70 22 Town
301 2744 59 13 must
376 2744 28 14 be
419 2744 92 14 formed
528 2737 65 21 when
605 2738 37 22 tho

55 2762 85 21 district
154 2762 19 21 is
183 2762 88 23 settled.
299 2763 23 21 It
331 2770 44 15 was
385 2763 97 22 selected
498 2764 31 27 by
539 2764 38 21 the
590 2765 43 21 Sur

54 2789 82 27 veying
144 2789 60 22 Staff
216 2796 23 15 as
249 2790 38 21 the
296 2790 137 22 rendezvous
442 2790 37 22 for
493 2791 59 21 their
565 2791 61 27 body
635 2800 5 19 ;

54 2816 43 21 and
108 2816 39 21 has
156 2816 58 21 been
224 2823 51 15 now
287 2817 77 27 found,
375 2818 58 21 after
443 2818 87 21 several
546 2819 96 21 months'

53 2842 104 27 location,
169 2846 22 18 to
205 2843 27 21 be
242 2843 37 22 the
289 2847 58 18 most
361 2844 166 27 advantageous
537 2845 103 28 position,

54 2870 56 21 from
128 2870 26 21 its
169 2869 98 27 peculiar
287 2871 85 27 facility
388 2872 28 20 of
426 2871 113 28 approach
549 2872 53 21 both
613 2873 29 26 by

54 2896 53 21 land
117 2896 45 22 and
170 2900 74 19 water.

82 2929 28 21 In
120 2929 153 22 confirmation
284 2930 26 21 of
316 2929 37 23 the
363 2930 132 27 superiority
506 2931 25 21 of
539 2931 44 21 this
593 2934 49 25 spot

52 2962 54 14 over
115 2962 44 21 any
169 2956 62 22 other
240 2960 38 25 yet
287 2957 89 26 known,
388 2957 38 21 the
437 2958 90 21 Messis.
537 2958 103 27 Kebbell,

52 2982 58 22 after
129 2982 36 22 the
184 2984 152 22 examination
353 2985 26 21 of
395 2984 37 21 the
451 2985 59 21 river
525 2985 60 21 from
603 2985 37 22 the

54 3009 88 22 Paneiri
152 3009 46 23 Pah
209 3014 23 18 to
242 3011 29 21 its
280 3011 85 26 mouth,
376 3010 141 24 determined
531 3019 29 14 on
572 3016 69 18 erect-

291 3037 40 27 ing
343 3038 59 21 their

54 3070 66 21 SAW
135 3070 80 22 MILL
235 3070 230 22 IMMEDIATELY
482 3071 158 23 OPPOSITE.

52 3101 48 22 The
118 3101 72 23 works
207 3101 26 22 of
247 3102 50 22 that
315 3103 169 21 establishment
502 3111 37 15 are
559 3108 24 18 at
598 3105 43 22 this

54 3131 99 19 moment
171 3129 23 21 in
209 3129 64 27 rapid
287 3136 107 21 progress,
412 3130 44 21 and
475 3130 38 22 the
531 3133 110 26 proposed

53 3155 69 21 Town
132 3155 44 21 will
185 3156 133 27 necessarily
324 3157 92 26 partake
423 3157 25 21 of
454 3157 44 21 this
508 3157 131 28 advantage.

80 3188 49 21 The
147 3188 93 21 nucleus
255 3188 25 21 of
296 3196 13 13 a
326 3189 69 22 Town
411 3190 26 26 is,
447 3190 24 21 in
485 3190 53 27 fact,
550 3191 90 28 already

54 3214 96 26 created,
159 3214 30 27 by
199 3214 37 22 the
247 3216 164 21 concentration
427 3216 26 22 of
466 3216 39 22 the
516 3218 125 28 Surveying

54 3241 59 22 StafF
119 3248 29 14 on
158 3241 47 21 that
216 3245 55 23 spot,
282 3249 23 14 as
315 3242 37 22 the
362 3246 75 19 centre
452 3243 27 22 of
490 3245 151 21 communica-

54 3268 45 21 tion
111 3270 23 19 to
144 3267 37 22 the
191 3268 148 27 surrounding
348 3268 97 29 district;
461 3270 39 22 the
511 3271 97 22 erection
619 3273 25 21 of

56 3294 88 22 Messrs.
157 3294 116 22 Kebbell's
287 3296 49 21 Saw
353 3296 63 21 Mills
432 3297 97 27 opposite
538 3305 5 19 ;
560 3298 30 28 by
603 3298 37 22 the

54 3324 164 24 arrangements
233 3322 34 21 for
281 3329 29 14 an
327 3324 113 21 extensive
451 3324 99 22 General
564 3326 61 21 Store
634 3334 5 18 ;

54 3348 45 22 and
108 3348 30 27 by
144 3348 38 21 the
193 3348 44 21 lute
246 3348 133 31 application
385 3350 34 21 for
428 3357 13 14 a
447 3351 111 22 Licensed
564 3352 76 22 House

53 3383 28 14 on
90 3375 39 22 the
137 3378 50 24 part
197 3375 25 21 of
234 3381 29 15 a.ll
273 3374 122 23 individual
409 3376 49 22 who
473 3377 47 28 has,
532 3378 61 22 since
604 3379 36 21 the

52 3402 118 21 formation
189 3400 25 23 of
228 3401 39 22 the
283 3401 91 28 Colony,
389 3404 97 25 pursued
503 3412 13 14 a
536 3405 105 23 lucrative

52 3429 65 22 trade
127 3428 52 23 with
189 3428 37 22 the
237 3431 94 24 natives,
342 3428 45 22 and
397 3429 73 22 whose
481 3430 131 29 knowledge
620 3433 24 21 of

53 3456 37 21 the
100 3455 137 27 advantages
247 3455 26 22 of
279 3455 38 22 the
327 3456 101 26 position,
435 3458 118 27 prompted
564 3459 45 21 him
620 3463 22 18 at

53 3490 56 15 once
120 3487 22 17 to
150 3484 75 26 prefer
234 3482 49 22 that
294 3482 143 27 application.

80 3515 48 21 The
138 3515 93 21 Natives
246 3514 31 28 by
285 3514 74 22 whom
374 3514 45 22 this
428 3515 54 22 land
493 3524 45 14 was
547 3517 95 23 claimed

52 3548 38 15 are
101 3541 61 28 quite
171 3541 109 28 prepared
289 3545 22 17 to
320 3541 51 27 give
378 3548 29 21 up
414 3543 132 27 possession,
554 3545 45 21 and
605 3552 37 15 are

52 3569 146 27 exceedingly
208 3569 94 21 anxious
315 3571 23 19 to
353 3568 57 22 have
421 3576 12 14 a
443 3569 120 28 European
572 3578 70 21 popu-

51 3595 69 22 lation
131 3602 81 19 among
223 3595 67 26 them,
303 3595 83 27 having
402 3595 56 22 been
467 3603 60 20 upon
539 3597 37 22 the
585 3603 58 17 most

52 3621 96 28 friendly
155 3622 87 27 footing
251 3622 54 22 with
314 3622 38 21 the
363 3623 126 26 Surveying
499 3623 59 22 Staff
563 3624 81 27 during

49 3648 40 24 the
98 3649 50 22 four
157 3656 27 14 or
191 3649 44 21 five
244 3649 90 21 months
343 3649 53 27 they
416 3649 57 22 have
489 3650 56 22 been
556 3651 87 23 located

48 3675 74 23 there.

79 3710 33 21 As
122 3708 37 23 the
167 3709 139 28 Proprietors
315 3717 94 20 purpose
418 3713 22 18 to
451 3710 88 28 dispose
550 3712 26 21 of
581 3712 62 22 but.a

50 3735 87 23 limited
151 3736 88 27 portion
257 3736 26 22 of
294 3736 38 22 the
346 3737 70 22 Town
432 3740 23 19 at
472 3741 98 24 present,
590 3739 52 31 they

49 3762 81 28 pledge
139 3762 134 23 themselves
280 3763 56 27 that,
348 3767 22 18 at
379 3771 30 14 no
428 3763 73 23 future
512 3764 64 28 sales,
587 3766 55 22 shall

51 3788 39 22 the
100 3789 128 22 allotments
237 3790 28 22 be
275 3794 38 23 put
320 3797 30 20 up
360 3794 23 18 at
393 3799 12 14 a
416 3788 45 25 less
471 3799 49 14 sum
530 3792 55 22 than
594 3800 48 16 now

52 3814 91 23 offered.

80 3848 22 21 A
121 3847 131 28 Prospectus
272 3848 45 22 and
336 3849 56 23 Plan
412 3851 26 21 of
452 3849 39 23 the
510 3850 69 22 Town
599 3852 45 22 will

52 3874 86 27 shortly
146 3874 28 22 be
183 3874 68 28 ready
261 3875 34 21 for
303 3875 125 28 inspection
443 3881 23 18 at
479 3877 38 22 the
528 3877 83 23 Offices
621 3879 25 22 of

53 3901 90 23 Meißrs.
156 3900 68 22 Waitt
233 3901 45 22 and
287 3901 76 28 Tyser,
374 3903 31 22 Te
416 3904 54 22 Aro.

80 3932 145 29 Wellington,
236 3933 65 28 April
311 3935 34 27 22,
355 3935 63 22 1842.
