4220 5890
2434 214 151 38 Mount
2628 214 159 46 Benger
2830 212 114 38 Mail.

2571 313 63 19 JUST
2653 313 54 19 AND
2727 313 68 19 FEAR

2505 390 118 25 FRIDAY,
2637 390 130 20 OCTOBER
2785 390 32 25 22,
2839 390 54 21 1897.

2444 486 33 20 Mr
2484 485 22 21 J.
2515 486 23 20 C.
2548 485 95 25 Coombs,
2657 485 84 25 dentist,
2755 485 16 20 is
2787 485 19 20 in
2821 485 112 26 Roxburgh
2944 487 19 18 to-

2418 519 39 27 day
2465 519 39 21 and
2514 526 46 17 may
2569 519 26 21 be
2604 518 106 22 consulted
2719 520 22 19 at
2752 519 87 20 Heron's
2850 519 70 22 Hotel.

2442 557 44 21 The
2500 557 75 21 annual
2582 557 89 26 meeting
2676 557 22 21 of
2707 557 33 20 the
2751 557 112 26 Roxburgh
2877 557 92 22 AthhMc

2418 593 73 26 Sports
2512 592 54 20 Club
2574 592 58 20 takes
2642 592 57 25 place
2712 593 119 19 to-morrow
2850 592 85 27 evening
2950 593 21 20 in

2418 628 36 22 the
2461 627 133 23 Athenaeum.

2445 668 48 20 You
2504 667 51 21 have
2566 667 71 21 rained
2645 674 51 19 your
2706 668 132 21 constitution
2850 670 123 26 sufficiently

2420 703 26 26 by
2460 703 96 26 drinking
2571 703 82 21 inferior
2668 705 40 20 tea.
2736 704 85 22 Recruit
2836 705 25 26 by
2879 706 95 27 drinking

2420 738 48 26 only
2479 738 64 22 Kozie
2553 739 40 21 tea.
2620 739 20 21 It
2651 739 16 21 is
2674 746 49 20 pure
2729 740 39 21 and
2776 741 90 21 reliable.
2875 741 84 23 -Advt

2446 781 19 20 A
2484 781 80 21 Chinese
2581 781 46 27 boy,
2639 782 23 22 17
2678 790 58 18 years
2756 783 22 21 of
2787 790 44 19 age,
2851 785 120 21 committed

2420 817 75 21 suicide
2512 824 26 14 on
2547 817 102 27 Saturday
2658 818 28 27 by
2702 820 95 26 jumping
2806 820 29 20 off
2846 820 35 21 the
2897 821 63 21 Mariu-

2421 853 78 20 heirika
2517 852 76 27 bridge,
2604 860 48 14 near
2661 854 122 22 Alexandra.
2813 856 37 20 His
2861 856 54 26 body
2933 857 36 20 has

2421 887 36 20 not
2467 886 51 21 been
2530 887 114 21 recovered.

2447 933 39 20 We
2504 940 33 13 are
2547 933 81 24 pleaded
2639 935 21 19 to
2674 934 24 21 be
2707 935 45 20 able
2762 936 21 20 to
2795 937 52 19 state
2858 936 46 21 that
2922 937 39 21 Con-

2421 966 65 20 stable
2500 966 88 26 Fouhy's
2607 967 60 24 child,
2680 968 46 20 who
2746 975 39 13 was
2803 969 66 20 under
2886 971 88 19 medical

2422 1008 44 15 care
2477 1001 20 22 in
2513 1000 103 28 Dunedin,
2627 1001 16 22 ia
2656 1009 44 15 now
2720 1003 60 22 much
2791 1004 68 22 better
2875 1004 40 23 and
2926 1013 24 15 on
2961 1014 12 14 a

2421 1039 40 20 fair
2468 1038 49 22 road
2526 1040 21 19 to
2557 1045 101 20 recovery.

2447 1081 39 22 We
2495 1089 33 14 are
2534 1084 108 26 requested
2652 1085 21 20 to
2679 1091 106 15 announce
2791 1092 11 14 a
2808 1085 88 27 practice
2905 1086 22 21 of
2934 1086 37 21 the

2423 1118 50 22 Glee
2489 1118 53 22 Club
2559 1120 22 20 to
2599 1119 24 21 be
2641 1119 48 22 held
2705 1122 21 19 at
2745 1120 35 21 the
2795 1121 124 22 AthenasurH
2947 1129 24 14 on

2421 1155 102 26 Saturday
2545 1155 134 26 (to-morrow)
2694 1157 93 27 evening,
2810 1160 22 18 at
2851 1158 12 21 8
2880 1166 49 18 p.m.
2957 1160 19 20 A

2421 1190 54 26 large
2485 1190 120 22 attendance
2611 1191 17 21 is
2637 1192 114 27 requested.

2447 1235 19 20 A
2480 1234 75 27 special
2570 1235 80 26 general
2666 1236 89 26 meeting
2774 1236 21 21 of
2810 1236 35 22 the
2862 1237 113 26 Roxburgh

2422 1270 84 26 Cycling
2524 1270 52 21 Club
2599 1271 17 20 is
2633 1271 65 21 called
2717 1272 33 20 for
2771 1272 106 26 Thursday
2888 1276 50 17 next
2957 1276 19 17 to

2421 1303 92 22 consider
2530 1304 36 22 the
2590 1305 93 27 question
2707 1306 20 20 of
2752 1306 92 27 seceding
2868 1307 53 21 from
2941 1308 35 21 the

2422 1338 90 21 Alliance
2521 1338 39 21 and
2566 1339 78 26 joining
2655 1339 36 21 the
2704 1340 87 26 League.

2447 1376 42 21 The
2508 1377 98 22 National
2627 1378 81 21 Liberal
2726 1378 53 21 Club
2790 1380 92 25 London,
2902 1382 21 18 at
2940 1380 35 21 the

2421 1410 92 21 instance
2529 1411 23 20 of
2561 1411 46 21 Earl
2626 1412 129 27 Carrington,
2773 1413 52 21 have
2839 1414 76 21 elected
2929 1415 35 20 Pre-

2421 1445 61 20 miers
2495 1446 52 20 Reid
2564 1446 60 25 (New
2641 1447 65 20 South
2726 1447 73 25 Wales)
2827 1449 40 20 and
2893 1449 82 21 Seddon

2423 1479 60 26 (New
2492 1480 96 26 Zealand)
2598 1481 100 26 honorary
2708 1482 35 20 life
2753 1482 106 22 members.

2446 1522 23 20 In
2479 1523 87 20 another
2574 1524 82 21 column
2665 1524 33 21 Mr
2710 1524 26 21 R.
2747 1525 22 21 J.
2783 1525 24 21 B.
2819 1526 62 26 Yule,
2889 1526 84 22 dentist,

2420 1562 116 14 announces
2553 1556 47 22 that
2620 1557 25 21 he
2654 1557 42 21 will
2714 1559 22 19 be
2754 1559 20 20 in
2792 1559 111 25 Roxbnrgh
2922 1560 53 21 from

2420 1590 96 27 Monday,
2531 1592 38 21 Ist.
2589 1592 125 26 November,
2726 1593 31 21 till
2778 1594 135 26 Wednesday,
2928 1595 44 21 3rd.

2419 1625 125 26 November,
2562 1627 41 21 and
2620 1633 47 20 may
2682 1627 25 21 be
2725 1628 107 21 consulted
2846 1631 22 18 at
2887 1629 87 21 Heron's

2421 1659 67 23 Hotal.

2442 1694 44 20 The
2500 1696 69 19 recent
2577 1695 39 21 bad
2624 1696 90 21 weather
2720 1696 89 27 brought
2818 1705 12 12 a
2839 1697 66 27 heavy
2918 1705 55 14 snow

2417 1732 63 20 storm
2487 1738 25 14 oa
2522 1731 35 22 the
2566 1732 40 22 Old
2616 1733 48 21 Man
2674 1733 76 26 Range,
2761 1735 39 20 and
2820 1742 26 13 on
2857 1736 35 25 top
2902 1735 22 20 of
2935 1735 35 20 the

2416 1767 118 21 mountains
2548 1774 27 15 on
2590 1768 36 21 the
2636 1768 53 22 level
2705 1769 17 21 it
2734 1769 17 21 is
2766 1776 44 14 now
2821 1769 52 27 fully
2889 1771 31 20 six
2931 1770 42 21 feet

2416 1801 58 26 deep.
2501 1802 43 21 The
2562 1803 75 21 miuers
2653 1804 44 20 who
2715 1811 34 14 are
2767 1805 20 20 in
2803 1805 52 20 from
2867 1812 48 13 over
2934 1805 37 20 the

2415 1842 60 19 range
2492 1836 40 20 will
2542 1836 25 21 be
2577 1837 74 21 unable
2658 1840 21 18 to
2689 1840 34 24 get
2734 1839 49 21 back
2794 1839 31 21 for
2835 1846 12 14 a
2857 1839 39 21 few
2915 1839 49 27 days

2416 1869 53 20 uutil
2475 1869 36 21 the
2520 1877 56 13 snow
2583 1870 94 23 hardens.

2440 1910 24 21 In
2480 1910 87 21 auother
2587 1911 83 22 column
2681 1913 41 20 will
2733 1913 24 20 be
2768 1921 46 13 seen
2831 1913 73 22 Messrs
2923 1914 36 21 Dal-

2414 1947 49 22 gety
2472 1945 40 19 and
2521 1945 53 21 Co.'s
2582 1946 50 20 wool
2639 1947 160 21 adveitisenitot
2807 1949 32 19 for
2846 1949 35 19 the
2892 1949 80 24 coming

2414 1987 78 14 season.
2519 1979 47 22 This
2579 1980 45 22 firm
2635 1980 52 23 have
2706 1989 44 14 now
2769 1982 94 22 facilities
2883 1983 32 21 for
2935 1983 36 21 the

2414 2015 79 25 display
2508 2015 20 20 of
2543 2016 50 25 clips
2614 2016 65 21 which
2693 2024 33 13 are
2745 2019 136 24 unsurpassed
2897 2018 20 21 in
2936 2020 35 19 the

2414 2047 79 26 colony,
2512 2048 40 21 and
2567 2056 12 13 a
2597 2050 80 24 perusal
2696 2050 21 20 of
2731 2050 54 22 their
2807 2051 165 22 advertisement

2416 2084 40 19 svill
2479 2084 69 25 amply
2571 2091 62 20 repay
2656 2086 28 20 all
2694 2086 46 21 who
2762 2094 34 13 are
2820 2087 19 20 in
2861 2095 40 18 any
2927 2095 44 19 way

2414 2119 110 21 connected
2534 2119 51 22 with
2593 2120 35 22 the
2638 2121 58 21 stock
2705 2121 41 21 and
2756 2123 75 20 station
2843 2123 101 22 business.

2440 2157 33 20 Mr
2489 2158 24 20 E.
2521 2158 72 26 Ward,
2613 2166 25 14 an
2648 2160 34 20 old
2698 2161 90 20 resident
2807 2162 21 20 of
2847 2163 122 26 Roxburgh,

2416 2192 44 21 who
2479 2193 31 20 for
2522 2201 59 18 many
2592 2202 57 18 years
2660 2197 45 24 past
2717 2196 36 20 has
2765 2196 49 21 been
2825 2204 9 12 a
2846 2199 84 24 partner
2950 2199 20 19 in

2416 2228 113 26 Haughton
2539 2230 41 20 and
2589 2231 77 26 party's
2676 2232 59 19 claim
2752 2234 21 18 at
2792 2232 48 21 E->st
2848 2233 121 25 Roxburgh,

2415 2261 38 20 left
2472 2262 36 19 the
2528 2263 83 20 district
2632 2265 109 25 yesterday
2759 2267 94 24 morning
2868 2267 32 19 for
2918 2268 54 19 Gore

2416 2294 67 21 where
2513 2295 27 21 he
2559 2297 91 24 recently
2674 2298 94 26 acquired
2796 2298 76 21 Rvan's
2900 2300 73 24 Hotel,

2416 2330 91 20 Gordon.
2535 2330 33 20 Mr
2574 2331 23 19 TV
2603 2331 53 20 ard's
2664 2332 65 20 eenial
2738 2340 84 13 manner
2832 2334 73 20 sliould
2912 2334 61 20 make

2416 2364 42 21 him
2477 2365 85 27 popular
2573 2366 20 21 in
2610 2366 55 21 Gore
2681 2367 39 21 and
2729 2375 48 19 veiy
2788 2369 110 21 successful
2912 2370 19 20 in
2941 2369 32 21 his

2416 2408 44 13 new
2467 2400 73 27 sphere
2550 2401 21 20 of
2579 2402 74 21 action.

2442 2442 18 21 A
2479 2441 68 22 brutal
2564 2443 77 21 assault
2653 2450 39 15 was
2703 2445 119 22 committed
2833 2453 25 14 on
2868 2453 13 14 a
2892 2446 63 22 China-

2417 2483 46 14 man
2482 2478 19 19 in
2517 2478 146 21 Christchurch
2673 2479 39 21 last
2722 2481 83 26 Sunday
2823 2484 93 23 opposite
2934 2483 35 20 the

2417 2511 123 20 Caversham
2552 2512 69 21 Hotel.
2649 2513 33 20 He
2692 2514 91 21 received
2799 2522 10 13 a
2821 2515 78 21 violent
2916 2516 55 21 blow

2417 2552 26 14 on
2453 2545 36 21 the
2499 2545 81 27 mouth,
2590 2547 40 21 and
2640 2547 59 22 when
2709 2548 64 22 found
2784 2549 26 27 by
2827 2549 34 22 the
2871 2550 63 27 police
2944 2551 25 21 he

2419 2587 39 12 was
2468 2581 55 25 lying
2532 2582 20 19 in
2567 2589 11 12 a
2585 2583 46 24 pool
2638 2583 21 20 of
2665 2584 67 20 blood.
2760 2585 63 24 Being
2831 2585 62 20 taken
2902 2589 20 16 to
2936 2587 35 19 the

2419 2614 93 25 hospital,
2533 2615 16 20 it
2559 2622 40 14 was
2616 2617 63 21 found
2689 2617 46 21 that
2745 2618 26 21 he
2789 2625 39 14 was
2846 2619 19 21 in
2886 2627 12 13 a
2919 2626 49 20 very

2418 2648 76 20 critical
2501 2648 110 23 condition.
2639 2651 82 25 Eugene
2731 2653 83 19 Charles
2822 2653 22 21 M
2850 2653 65 21 tekrill
2926 2662 40 12 was

2419 2682 86 27 charged
2515 2685 21 19 at
2552 2685 35 20 the
2595 2685 67 21 Police
2680 2686 64 21 Court
2754 2689 49 19 next
2814 2690 92 25 morning
2917 2690 49 21 with

2420 2719 36 21 the
2466 2719 83 27 assault,
2558 2720 37 21 but
2603 2720 35 22 the
2646 2721 111 22 Chinaman
2766 2723 17 21 is
2790 2723 19 21 in
2818 2725 49 20 such
2873 2732 11 13 a
2890 2726 78 20 serious

2420 2755 104 21 condition
2535 2755 46 21 that
2590 2756 36 20 the
2635 2763 44 14 case
2689 2764 39 14 was
2742 2759 115 21 remanded.

2449 2796 37 22 We
2502 2798 65 21 desire
2582 2799 22 20 to
2613 2798 55 22 draw
2678 2801 101 21 attention
2789 2802 21 20 to
2826 2808 25 14 an
2861 2802 99 22 advertise-

2424 2834 56 19 ment
2498 2833 110 27 appearing
2625 2834 116 27 elsewhere,
2769 2836 89 21 inserted
2882 2837 27 23 by
2930 2838 41 20 Mrs

2422 2867 74 26 Smith,
2508 2869 107 21 wholesale
2633 2870 39 21 and
2682 2871 58 21 retail
2758 2871 47 22 seed
2816 2872 112 28 merchant,
2952 2873 22 22 of

2426 2902 101 23 Dunedin.
2555 2902 44 22 Mrs
2623 2904 68 21 Smith
2715 2912 36 14 can
2774 2907 75 25 supply
2866 2908 35 20 the
2930 2908 44 21 best

2424 2935 68 21 flower
2500 2936 40 20 and
2550 2937 104 25 vegetable
2660 2938 63 26 seeds,
2731 2938 42 21 also
2781 2939 68 26 plants
2856 2940 40 21 and
2903 2948 70 19 young

2422 2970 53 19 trees
2484 2969 21 20 of
2514 2976 60 20 every
2580 2970 130 27 description,
2724 2976 21 16 at
2755 2972 71 21 lowest
2835 2976 61 19 rates.
2927 2975 46 21 Her

2422 3001 85 28 lengthy
2525 3003 118 27 experience
2653 3005 19 20 in
2691 3005 36 21 the
2740 3005 91 22 business
2840 3007 81 22 en-ible*
2932 3008 36 21 her

2422 3038 21 18 to
2461 3036 71 21 choose
2541 3038 48 25 only
2599 3038 34 21 the
2652 3038 45 21 best
2714 3041 66 24 stock,
2797 3041 40 21 and
2854 3045 80 17 custom
2941 3050 16 12 -r
2965 3050 8 12 s

2422 3069 84 26 sending
2521 3070 69 20 orders
2600 3070 26 26 by
2635 3072 47 25 post
2701 3078 47 19 may
2758 3072 43 26 rely
2817 3080 25 13 on
2858 3081 22 12 as
2896 3074 66 20 carefu
2969 3079 7 21 J

2423 3103 95 23 selection
2540 3111 20 15 as
2583 3104 17 22 if
2621 3105 52 27 they
2694 3113 51 15 were
2765 3110 82 25 present
2869 3110 22 20 to
2914 3109 60 23 make

2421 3140 114 26 purchases.

2446 3181 175 28 MessrsJCoghlan
2637 3183 66 28 Bros.,
2712 3184 45 21 who
2774 3191 33 15 are
2825 3192 22 14 so
2865 3186 45 20 well
2932 3186 41 22 and

2423 3217 121 25 favourably
2554 3219 74 21 known
2639 3220 20 20 in
2669 3220 114 21 Southland
2790 3221 120 27 aniOtago,
2921 3222 54 21 have

2425 3252 62 18 taken
2498 3257 47 13 over
2555 3252 35 18 the
2599 3252 111 20 Shamrock
2720 3253 70 25 Hotel,
2799 3254 105 20 Dunedin.
2931 3255 43 19 The

2423 3284 63 22 house
2505 3291 41 15 was
2565 3285 45 21 well
2623 3285 73 22 known
2708 3288 22 19 to
2748 3289 86 25 country
2849 3288 82 21 visitors
2950 3290 22 19 to

2424 3318 96 22 Dunedin
2540 3319 64 21 under
2618 3319 35 21 the
2669 3320 41 21 late
2729 3322 132 26 proprietory,
2884 3322 33 21 Mr
2934 3322 39 21 and

2425 3353 43 20 Mrs
2477 3353 99 25 Tillburn,
2595 3354 40 21 and
2653 3354 16 20 it
2679 3354 36 21 has
2724 3362 45 13 now
2784 3355 50 21 been
2844 3356 126 26 thoroughly

2423 3387 110 21 renovated
2552 3388 39 21 and
2606 3389 111 25 improved.
2745 3389 72 21 Under
2835 3390 35 21 the
2895 3391 76 21 Messrs

2426 3420 91 27 Coghlan
2537 3428 29 15 we
2582 3421 52 22 have
2653 3428 26 15 no
2688 3422 65 21 doubt
2767 3423 17 22 it
2802 3423 40 22 will
2853 3424 120 27 thoroughly

2424 3455 97 20 maintain
2541 3455 26 21 its
2577 3455 117 26 reputation
2717 3456 32 21 for
2766 3457 92 25 comfort,
2879 3458 38 20 and
2934 3459 40 20 will

2423 3490 24 21 be
2469 3497 21 14 as
2508 3490 105 22 favourite
2622 3499 11 13 a
2643 3493 65 20 resort
2717 3492 49 22 with
2778 3492 35 22 the
2823 3493 70 27 people
2903 3493 21 22 of
2933 3493 42 22 this

2422 3526 81 21 district
2513 3534 21 13 as
2542 3527 122 22 heretofore.

2448 3568 39 20 We
2504 3568 51 21 have
2565 3569 22 20 to
2600 3569 70 21 record
2686 3569 87 21 another
2781 3570 75 26 dredge
2873 3570 100 27 accident,

2422 3603 38 21 but
2479 3604 42 20 this
2531 3604 51 20 time
2599 3611 11 13 a
2628 3605 62 25 slight
2704 3612 45 14 one.
2776 3606 42 20 The
2835 3606 54 26 large
2898 3607 48 20 boat
2952 3607 21 20 of

2421 3638 37 21 the
2470 3638 66 21 Edina
2546 3638 75 27 dredge
2630 3639 63 21 broke
2707 3647 57 19 away
2780 3647 24 13 on
2814 3641 101 26 Saturday
2925 3641 44 25 last,

2423 3673 59 21 when
2494 3674 35 21 the
2540 3674 74 27 dredge
2625 3682 39 13 was
2674 3675 81 20 moored
2762 3676 21 20 in
2792 3676 35 20 the
2836 3683 60 19 gorge
2905 3676 64 20 below

2420 3709 36 20 the
2466 3709 118 25 suspension
2592 3709 77 26 bridge.
2696 3710 42 20 The
2745 3711 47 19 boat
2803 3718 39 12 was
2850 3711 73 20 chased
2931 3711 39 20 and

2421 3744 75 27 caught
2505 3752 48 13 near
2562 3745 37 21 the
2608 3745 61 21 lower
2676 3746 39 20 end
2725 3746 21 20 of
2759 3746 97 21 Hercules
2865 3746 53 26 Flat,
2933 3746 38 21 but

2421 3779 16 20 it
2447 3779 39 21 bad
2494 3781 21 18 to
2526 3779 23 21 be
2555 3779 29 21 let
2593 3779 58 21 down
2662 3779 35 21 the
2707 3781 52 19 river
2769 3780 31 20 for
2806 3787 55 13 some
2867 3780 90 20 consider-

2420 3813 45 20 able
2475 3814 91 20 distance
2575 3814 20 20 in
2605 3813 59 21 order
2673 3815 21 19 to
2701 3815 33 24 get
2745 3821 10 13 a
2771 3814 42 20 suit
2818 3814 40 20 tide
2874 3814 55 26 placo
2939 3821 25 13 on

2423 3847 64 19 which
2507 3849 22 18 to
2545 3848 38 24 put
2600 3847 35 20 the
2653 3847 48 19 boat
2729 3847 54 24 riqht,
2797 3847 42 20 side
2856 3854 28 17 up
2900 3848 65 24 again.

2421 3880 144 19 Considerable
2575 3880 71 20 labour
2660 3880 38 19 and
2708 3879 101 26 difficulty
2820 3887 49 12 wen*
2879 3880 89 20 ent:ii!ed

2421 3915 21 20 in
2463 3915 76 27 towing
2557 3914 35 22 the
2608 3916 41 19 two
2663 3914 57 21 boats
2738 3922 27 20 up
2783 3915 35 20 the
2836 3915 53 21 river
2899 3917 20 19 to
2935 3916 34 20 the

2418 3951 81 25 dredge.

2447 3990 33 21 Mr
2501 3991 23 21 P.
2541 3990 97 27 M'Cann,
2649 3991 22 21 of
2684 3991 98 27 Tapanui,
2797 3991 45 21 who
2872 3991 97 26 formerly

2419 4033 39 13 was
2487 4034 23 13 so
2533 4026 44 22 well
2600 4028 40 20 and
2658 4028 107 26 popularly
2789 4028 72 20 known
2879 4028 19 20 i*
2928 4027 41 21 this

2418 4062 91 26 district,
2524 4062 97 21 returned
2639 4063 52 20 from
2715 4063 30 20 his
2767 4063 47 20 visit
2834 4064 22 19 to
2874 4063 35 20 the
2924 4062 39 21 Old

2420 4096 95 24 Country
2534 4097 39 21 last
2587 4097 96 28 Monday,
2699 4098 74 26 having
2782 4098 52 20 done
2843 4099 34 19 he
2893 4100 46 19 tour
2948 4098 22 21 of

2422 4131 64 21 Great
2496 4132 77 21 Biitain
2584 4132 32 21 via
2625 4132 101 21 America.
2755 4133 77 24 During
2842 4132 30 21 his
2882 4132 47 21 visit
2945 4132 24 21 be

2418 4174 41 12 saw
2470 4174 10 13 a
2491 4168 56 25 great
2558 4167 45 21 deal
2614 4167 21 21 of
2645 4167 91 27 England
2747 4167 39 21 and
2804 4167 89 27 Ireland,
2915 4168 53 20 after

2416 4200 75 26 having
2519 4200 107 21 witnessed
2642 4200 36 21 the
2700 4201 81 21 Jubilee
2797 4200 132 21 celebrations
2948 4202 20 20 in

2416 4236 92 21 London.
2538 4236 32 21 Mr
2582 4236 89 21 M'Cann
2682 4243 40 14 was
2731 4236 78 26 greatly
2821 4236 110 26 impressed
2941 4237 27 24 by

2416 4269 54 20 what
2488 4269 26 21 he
2533 4276 40 14 saw
2592 4269 21 21 ef
2619 4269 101 26 America,
2736 4269 40 21 and
2786 4269 35 21 has
2828 4276 60 19 many
2894 4270 71 20 stories

2415 4306 21 18 to
2451 4304 37 21 tell
2506 4304 21 21 of
2543 4305 108 21 American
2667 4312 46 14 men
2733 4305 40 21 and
2801 4313 100 14 manners.
2931 4306 38 21 Hig

2414 4339 68 19 native
2511 4340 86 23 country
2623 4338 99 25 (Ireland)
2748 4339 26 20 h<j
2807 4339 63 20 found
2905 4341 59 19 much

2414 4372 116 27 imrproved
2557 4373 53 21 since
2644 4374 24 20 he
2700 4374 38 20 left
2764 4374 24 26 it,
2827 4374 77 26 though
2933 4374 35 21 the

2415 4407 104 20 unsettled
2539 4408 53 19 state
2601 4407 21 20 of
2632 4407 35 20 the
2676 4407 48 21 land
2734 4407 48 20 laws
2792 4408 39 20 and
2847 4409 107 20 unsatisfac-

2415 4439 46 26 tory
2475 4442 73 19 nature
2559 4440 21 21 of
2590 4439 35 22 the
2631 4440 54 21 fiscal
2695 4440 112 26 legislation
2818 4440 38 21 left
2867 4442 60 20 much
2941 4444 20 17 to

2415 4473 24 21 be
2465 4475 86 21 desired.
2579 4475 44 20 The
2646 4475 121 25 regrettable
2791 4476 42 20 fact
2858 4483 40 13 was
2922 4476 43 20 also

2415 4506 81 21 evident
2529 4507 47 20 that
2604 4507 78 26 though
2712 4508 36 21 the
2785 4508 80 26 general
2904 4515 58 19 crops

2416 4549 51 14 were
2501 4543 126 27 flourishing,
2656 4543 36 22 the
2712 4546 70 25 potato
2811 4552 57 19 crops
2888 4544 76 23 'which

2415 4576 16 20 is
2448 4577 49 21 such
2507 4584 25 14 an
2543 4577 110 26 important
2668 4585 39 14 one
2725 4581 22 18 to
2756 4579 52 21 Irish
2819 4579 84 21 farmers
2926 4581 39 20 and

2416 4610 115 25 peasantry)
2559 4617 39 13 was
2625 4610 62 26 likely
2718 4613 21 17 to
2755 4618 61 18 prove
2844 4619 25 12 an
2902 4614 65 19 entire

2415 4643 81 23 failure.
2524 4644 122 26 Altogether
2665 4645 33 21 Mr
2723 4645 102 22 M'Cann's
2852 4647 47 21 visit
2924 4654 41 15 was

2418 4679 123 26 thoroughly
2559 4680 94 26 enjoyed,
2668 4681 39 20 and
2724 4681 24 20 he
2759 4682 95 21 returned
2872 4689 92 20 younger

2416 4713 85 26 looking
2511 4713 39 21 and
2560 4714 88 21 heartier
2658 4715 49 21 than
2717 4722 54 15 ever.

2440 4753 42 20 The
2501 4753 118 21 Alexandra
2630 4753 77 23 Herald
2720 4757 78 24 reports
2816 4755 45 21 that
2882 4763 26 14 on
2932 4757 36 20 the

2418 4788 86 25 evening
2522 4788 21 19 of
2555 4788 35 21 the
2604 4788 48 21 10th
2670 4789 48 21 inst.
2738 4790 54 26 eight
2811 4790 98 27 children,
2921 4798 46 14 sons

2416 4822 38 20 and
2466 4822 110 25 daughters
2583 4823 21 19 ef
2611 4823 42 20 Mrs
2659 4823 63 21 Jones
2729 4824 26 25 (n)
2762 4824 39 21 and
2809 4826 32 19 Mr
2849 4826 46 25 Hay
2905 4826 36 26 (3),
2948 4826 21 20 of

2416 4856 128 26 Ophir.were
2551 4856 81 28 playing
2640 4857 18 21 in
2667 4857 34 21 the
2708 4858 65 26 Ophir
2780 4859 38 21 and
2827 4859 36 21 Ind
2871 4860 91 26 dredge's

2416 4889 48 21 boat
2473 4896 25 14 on
2508 4890 36 20 the
2554 4890 140 21 Manuheirika
2701 4891 61 20 River
2773 4893 66 20 where
2853 4893 34 21 the
2898 4897 62 18 witer

2419 4929 40 14 was
2468 4929 56 14 some
2536 4923 23 21 10
2568 4930 23 14 or
2601 4923 42 21 lift
2653 4924 57 26 deep,
2722 4924 57 20 when
2799 4925 25 25 by
2835 4933 54 13 some
2900 4934 69 13 moans

2415 4955 37 21 the
2473 4955 47 21 boat
2530 4957 35 24 got
2574 4956 109 26 swamped.
2710 4957 22 20 It
2743 4963 40 14 w*s
2802 4958 92 21 fastened
2917 4963 20 15 to
2955 4967 11 12 a

2416 4988 41 22 line
2469 4996 66 14 across
2541 4989 35 21 the
2587 4990 59 25 river,
2656 4989 41 22 and
2703 4989 35 21 the
2748 4990 54 21 force
2812 4991 21 20 of
2841 4991 34 21 the
2886 4995 82 17 current

2416 5028 64 14 seems
2498 5024 22 18 to
2530 5022 52 20 have
2591 5023 50 25 kept
2658 5023 18 19 it
2685 5023 76 25 towing
2770 5030 11 13 a
2801 5024 38 19 few
2849 5024 42 20 feet
2902 5024 63 20 below

2415 5058 35 21 the
2470 5057 87 21 surface.
2583 5057 49 21 Two
2649 5057 22 21 of
2686 5057 35 21 the
2729 5057 63 22 Jones
2802 5058 91 22 children
2915 5066 52 14 were

2416 5092 64 26 swept
2490 5098 64 20 away,
2569 5091 37 20 but
2615 5091 109 21 succeeded
2734 5092 20 19 in
2761 5092 94 25 reaching
2865 5093 35 20 the
2908 5092 58 21 shore

2414 5132 55 14 some
2488 5125 91 22 distance
2588 5125 61 21 down
2664 5125 36 21 the
2713 5127 82 20 stream.
2823 5125 44 21 On
2884 5126 22 20 of
2924 5126 35 21 thu

2414 5167 68 21 young
2499 5161 64 26 Hays,
2575 5167 11 14 a
2595 5160 39 26 boy
2644 5160 63 21 about
2724 5160 31 26 11,
2771 5162 35 24 got
2823 5160 49 21 hold
2889 5160 21 20 of
2928 5160 36 21 the

2412 5197 41 21 line
2468 5196 40 22 and
2519 5195 55 27 hung
2583 5201 26 16 on
2619 5195 32 21 for
2661 5195 42 27 life,
2714 5195 36 21 the
2759 5195 59 21 other
2826 5195 38 21 five
2874 5195 88 21 children

2414 5235 88 24 clinging
2518 5235 22 19 to
2558 5233 50 21 him.
2636 5231 44 22 The
2697 5232 91 21 accident
2808 5239 39 13 was

2412 5267 40 22 and
2471 5273 11 14 a
2501 5267 86 21 number
2596 5265 22 22 of
2635 5272 82 21 persons
2734 5271 47 14 soon
2801 5265 105 26 gathered,
2925 5265 38 22 but

2411 5300 78 22 several
2512 5301 99 26 attempts
2633 5301 23 19 to
2674 5299 57 21 reach
2759 5299 35 20 the
2824 5298 135 22 unfortunate

2410 5334 91 22 children
2516 5333 69 22 failed.
2611 5333 43 22 The
2667 5333 53 21 river
2730 5339 39 14 was
2778 5332 63 26 rising
2851 5333 78 25 rapidlv
2940 5335 21 18 at

2411 5367 36 21 the
2458 5368 56 26 time,
2526 5367 37 21 but
2573 5369 22 19 at
2604 5367 78 26 length,
2689 5366 54 20 after
2748 5372 11 14 a
2764 5365 127 21 determined
2900 5367 61 20 effort

2413 5401 31 21 Mr
2457 5401 72 27 Henry
2542 5400 101 22 Rainham
2650 5399 108 22 succeeded
2768 5400 20 19 in
2795 5398 94 27 reaching
2896 5399 65 24 them.

2409 5435 74 26 Young
2492 5433 78 23 Harold
2580 5434 47 27 Hay
2637 5433 45 21 who
2689 5433 40 21 had
2736 5432 47 21 hold
2789 5433 21 19 of
2817 5432 36 20 the
2860 5438 52 20 rope,
2921 5433 39 21 and

2411 5468 66 20 whose
2486 5468 55 20 little
2559 5467 53 24 body
2622 5473 41 14 was
2675 5466 96 26 breaking
2781 5466 35 19 the
2825 5467 83 18 current
2927 5464 32 22 for

2409 5501 36 21 the
2466 5500 77 27 ethers,
2555 5500 83 27 pluckly
2648 5499 50 27 said,
2732 5499 54 21 Take
2795 5498 35 21 the
2848 5497 55 22 little
2912 5505 48 14 ones

2409 5534 44 20 first
2495 5534 41 20 and
2543 5534 59 20 whem
2612 5533 41 21 this
2662 5533 41 20 had
2713 5532 49 21 been
2773 5532 59 25 done,
2841 5531 39 20 and
2890 5531 25 20 he
2921 5532 40 21 and

2410 5573 24 14 an
2447 5566 57 21 elder
2520 5566 61 21 sister
2591 5565 58 22 alone
2660 5564 110 27 remained,
2781 5564 25 21 he
2820 5563 43 22 still
2872 5562 88 26 refused,

2410 5602 78 27 though
2510 5602 74 21 almost
2611 5601 122 28 completely
2756 5599 112 22 exhausted
2883 5599 25 24 by
2929 5597 31 22 his

2410 5637 110 28 prolonged
2533 5637 79 26 efforts,
2623 5637 66 21 which
2699 5635 27 28 by
2734 5635 42 21 this
2786 5636 48 20 time
2844 5633 38 21 had
2894 5632 65 22 lasted

2409 5672 168 27 three-quarters
2595 5672 23 20 of
2627 5678 25 14 an
2662 5671 60 27 hour,
2740 5672 22 19 to
2769 5677 25 19 go
2814 5670 50 22 first,
2882 5666 77 26 though

2412 5706 63 26 urged
2496 5708 22 19 to
2527 5706 26 21 do
2563 5713 22 14 so
2594 5706 26 26 by
2632 5705 31 21 his
2670 5705 66 23 sister,
2747 5703 40 21 and
2804 5703 57 19 when
2871 5700 31 21 his
2912 5703 47 17 turn

2409 5745 56 15 came
2486 5739 31 21 his
2538 5739 94 27 cramped
2651 5738 71 27 fingers
2740 5736 40 22 had
2795 5738 22 19 to
2835 5735 24 21 be
2873 5733 86 27 forcibly

2409 5774 62 22 taken
2480 5776 52 21 from
2545 5775 35 21 the
2587 5781 55 19 rope.

3023 185 38 21 We
3085 185 125 21 understand
3229 185 45 22 that
3293 186 32 21 Mr
3342 186 27 22 N.
3392 185 108 27 Beightou,
3523 185 21 21 of

2999 220 119 26 Roxburgh',
3130 220 37 21 has
3179 221 48 20 beeo
3239 221 111 26 appointed
3367 221 74 21 second
3455 223 54 19 mate
3524 220 21 21 of

2998 255 37 20 the
3170 262 12 13 a
3189 255 49 21 wool
3248 255 46 26 ship
3302 255 82 26 loading
3392 258 22 18 at
3422 256 128 25 Wellington

2999 286 32 21 for
3041 286 91 22 London.
3160 287 32 20 Mr
3202 287 100 26 Beighton
3309 288 16 20 is
3335 289 21 19 to
3364 288 23 20 be
3394 287 155 27 congratulated

3000 326 25 14 on
3033 319 31 21 his
3071 320 76 27 speedy
3154 321 124 27 promotion.

3025 359 43 22 The
3095 359 95 23 Pleasant
3213 361 76 27 Valley
3314 361 54 21 Gold
3372 361 76 26 mining
3471 361 37 22 Co.
3528 368 26 14 on

3005 394 74 26 Friday
3085 394 93 21 declared
3188 401 11 14 a
3208 396 98 20 dividend
3315 396 21 20 of
3345 396 22 19 2
3375 402 35 18 per
3420 396 136 19 sharetotal

3002 428 93 23 declared
3103 431 22 20 to
3135 429 55 28 date,
3201 429 22 22 8s
3235 437 35 17 per
3279 431 65 23 sharp.
3373 431 26 22 At
3411 438 11 15 a
3440 430 88 28 meeting
3537 429 20 23 of

3001 465 98 21 directors
3118 465 21 21 of
3151 465 36 21 the
3199 474 99 18 company
3316 474 26 13 on
3361 467 87 25 Monday
3463 467 92 24 evening.

3004 500 31 21 Mr
3045 500 23 21 T.
3087 500 91 21 Brown's
3188 501 123 26 resignation
3321 509 22 13 as
3354 500 91 27 working
3460 508 96 18 manager

3002 536 21 21 of
3041 537 35 20 the
3086 536 59 22 claim
3156 544 40 14 was
3210 537 92 22 received
3321 537 50 22 with
3380 539 73 24 regret.
3482 538 21 21 It
3514 545 39 13 was

3002 571 84 21 d'ecided
3105 574 21 18 to
3135 573 85 25 appoint
3232 573 32 20 Mr
3272 573 70 20 James
3357 573 75 21 Martin
3450 580 102 16 manager,

3003 604 35 22 the
3056 605 62 21 latter
3144 605 115 27 gentleman
3278 606 75 26 having
3370 605 49 22 been
3439 606 20 21 in
3478 606 25 21 eh
3509 604 42 28 <rge

3003 639 52 22 since
3066 639 32 22 Mr
3108 640 72 21 Brown
3192 648 40 14 was
3246 639 147 28 incapacitated
3401 648 56 14 some
3468 641 81 21 months

3003 682 36 18 ago
3058 676 88 25 through
3165 676 88 21 sciaticv
3283 676 78 26 During
3381 676 32 21 his
3429 677 121 20 connection

3004 710 49 21 with
3060 711 35 20 the
3103 711 95 21 Pleasant
3204 711 75 26 Valley
3290 711 34 21 Co.
3342 711 31 20 Mr
3380 711 90 21 Brown's
3476 711 81 27 capable

3004 748 141 25 management
3163 754 38 14 was
3220 754 26 13 an
3264 747 113 26 important
3395 747 66 21 factor
3482 747 21 21 in
3523 747 34 21 the

3004 787 77 14 success
3090 780 22 20 of
3123 780 36 20 the
3169 779 67 22 claim.

3029 820 42 21 The
3118 820 93 21 Dunstan
3227 820 84 21 Times''
3326 821 20 21 in
3370 820 39 22 last
3434 821 53 22 issue
3506 826 51 21 gave

3004 861 98 18 curraney
3119 855 20 19 to
3149 861 11 13 a
3180 861 84 14 rumour
3274 855 32 20 for
3326 855 65 21 which
3411 855 35 21 the
3460 855 97 21 Dunedin

3108 895 38 13 was
3157 888 105 26 primarily
3274 888 130 26 responsible,
3416 892 22 17 to
3450 889 35 20 the
3496 890 61 19 effect

3005 921 45 22 that
3066 921 35 22 the
3115 921 52 23 Ron.
3180 922 31 21 Mr
3223 922 91 22 Larnach
3326 930 39 14 was
3382 923 63 22 about
3463 925 21 19 to
3495 923 61 22 retire

3005 958 50 19 from
3066 958 34 19 the
3112 957 97 26 Tuapeka
3217 958 141 26 constituency
3365 959 40 20 and
3413 959 47 20 take
3466 966 12 13 a
3485 962 43 17 seat
3535 959 21 21 in

3005 992 34 21 the
3060 992 68 27 Upper
3148 992 76 22 House.
3261 992 38 21 We
3319 992 53 22 have
3392 993 105 27 authority
3526 993 31 22 for

3005 1030 76 24 stating
3099 1029 46 20 that
3165 1029 34 21 the
3218 1036 85 14 rumour
3321 1030 16 20 is
3355 1030 57 26 quite
3430 1031 125 21 unfounded.

3005 1064 21 21 It
3045 1064 16 20 is
3071 1064 45 20 well
3127 1064 72 21 known
3211 1064 46 21 that
3266 1065 36 20 the
3313 1066 90 19 member
3418 1066 31 20 for
3459 1066 97 25 Tuapeka

3006 1100 35 19 has
3050 1107 24 12 on
3086 1106 60 20 many
3156 1100 101 20 occasions
3268 1100 50 20 been
3328 1100 78 21 offered
3415 1108 12 13 a
3436 1103 43 18 seat
3490 1102 19 20 in
3520 1101 35 20 the

3006 1133 71 26 Upper
3088 1132 77 27 House,
3177 1132 38 22 but
3221 1133 73 21 should
3301 1133 25 21 he
3333 1140 47 14 ever
3389 1133 52 22 elect
3450 1136 21 19 to
3481 1139 71 22 accept

3005 1167 35 20 the
3058 1167 87 26 honour,
3165 1174 30 13 we
3213 1175 34 12 are
3267 1168 77 19 certain
3363 1168 31 19 his
3412 1169 142 24 constituency

3006 1200 42 21 will
3062 1201 23 19 be
3095 1200 44 20 first
3156 1200 61 21 taken
3228 1201 44 20 into
3281 1201 32 20 his
3328 1201 121 26 confidence,
3466 1201 39 21 aud
3518 1201 38 21 will

3006 1236 51 22 have
3066 1237 67 27 ample
3143 1238 66 21 notice
3217 1237 21 21 of
3248 1237 49 22 such
3308 1238 106 21 intention.

3031 1277 16 20 A
3060 1276 96 25 telegram
3176 1276 52 20 from
3242 1276 107 21 Auckland
3368 1283 25 14 on
3403 1277 35 20 the
3449 1278 47 20 16t.1i
3507 1278 40 19 inst

3005 1318 44 20 says
3089 1311 114 27 Yesterday
3212 1318 11 14 a
3236 1311 73 21 fearful
3326 1312 92 21 accident
3427 1312 96 21 occurred
3534 1314 22 19 at

3005 1346 106 26 Owharoa,
3122 1346 70 20 James
3202 1345 95 27 M'Leny,
3307 1353 25 13 an
3340 1346 77 22 elderly
3429 1353 54 19 man,
3498 1346 59 27 being

3005 1380 34 21 the
3060 1381 68 20 victim
3143 1381 22 20 of
3181 1388 11 13 a
3221 1380 105 27 dynamite
3355 1381 112 26 explosion.
3498 1381 58 20 With

3005 1415 56 21 three
3081 1415 68 21 others
3162 1415 25 21 he
3198 1422 39 13 was
3247 1415 110 26 quarrying
3374 1415 49 21 road
3441 1415 70 22 metsJ.
3539 1417 16 19 A

3005 1453 45 21 hole
3069 1453 38 20 had
3119 1453 51 20 been
3180 1453 73 20 drilled
3264 1453 20 20 in
3299 1460 26 13 an
3337 1460 52 18 open
3400 1453 43 21 face
3463 1453 22 20 of
3500 1455 57 19 stone

3004 1488 39 20 and
3059 1487 86 26 charged
3161 1487 47 20 with
3225 1487 106 26 dynamite
3344 1487 38 20 and
3399 1488 35 19 the
3454 1488 45 19 fuse
3518 1495 39 12 was

3005 1523 57 22 fired.
3089 1523 103 25 Thinking
3212 1523 16 20 it
3253 1523 38 19 had
3303 1524 36 18 n''t
3358 1523 77 24 lighted
3455 1523 102 26 properly,

3005 1558 85 26 M'Leay
3101 1560 55 18 went
3166 1557 51 20 back
3227 1560 21 17 to
3255 1557 93 20 rekindle
3358 1557 23 25 it,
3395 1558 57 19 when
3465 1558 34 19 the
3511 1558 46 20 shot

3005 1595 53 19 went
3068 1594 29 20 off
3107 1593 37 20 full
3154 1593 21 20 in
3184 1592 32 20 his
3224 1592 50 21 face.
3302 1592 42 20 The
3354 1592 59 21 other
3429 1599 45 14 men
3485 1600 35 13 ran
3531 1600 26 17 up

3003 1626 40 21 and
3053 1626 65 21 found
3129 1625 53 20 their
3192 1624 94 21 comrade
3295 1624 21 21 in
3328 1631 12 13 a
3356 1625 47 25 pool
3415 1626 21 18 of
3446 1625 66 21 blood.
3540 1627 17 19 A

3005 1661 117 20 match-box
3133 1659 65 21 which
3216 1659 25 20 he
3252 1658 39 20 had
3302 1658 48 22 held
3359 1659 20 21 in
3399 1659 32 21 his
3445 1659 55 21 hand
3519 1667 38 14 was

3004 1694 71 21 driven
3106 1694 44 20 into
3174 1692 31 21 his
3229 1692 50 21 face.
3310 1692 36 21 His
3366 1692 39 21 left
3432 1694 53 20 hand
3515 1701 39 13 was

3006 1726 123 26 completely
3136 1725 152 26 shattered,the
3295 1725 43 20 face
3346 1725 96 26 fearfully
3452 1727 105 20 mutilated

3003 1761 38 21 the
3052 1761 61 20 lower
3131 1760 40 26 jaw
3186 1758 100 25 smashed,
3305 1758 39 22 and
3356 1759 35 20 the
3409 1760 55 26 sight
3478 1760 22 21 of
3509 1760 48 22 both

3004 1801 46 19 eyes
3061 1791 116 23 destroyed.

3027 1831 105 25 Certainly
3147 1830 34 20 the
3196 1831 54 19 most
3264 1831 94 20 effective
3376 1831 98 20 medicine
3489 1832 18 20 in
3520 1832 36 20 the

3003 1867 61 20 world
3083 1867 16 20 is
3117 1866 114 20 SANDER
3245 1865 38 21 and
3302 1865 76 21 SONS'
3395 1866 162 21 EUCALYPTI

3002 1899 136 23 EXTRACT.
3166 1899 49 21 Test
3222 1899 27 21 its
3256 1898 112 27 eminently
3376 1899 98 27 powerful
3484 1900 72 20 effects

3001 1936 20 19 in
3035 1935 82 24 coughs,
3128 1934 62 24 colds,
3201 1934 101 19 influenza
3311 1949 5 9 ,
3340 1934 35 19 the
3386 1934 58 20 relief
3453 1935 16 18 is
3479 1935 66 20 instan-

3001 1969 91 19 taneous.
3123 1967 24 19 In
3162 1967 76 19 serious
3249 1972 55 13 cases
3318 1966 40 20 and
3372 1967 103 20 accidents
3492 1967 21 20 of
3528 1967 28 21 all

3001 2001 66 24 kinds,
3078 2000 25 21 be
3112 2001 50 25 they
3174 2000 92 23 wounds,
3278 2000 68 21 burns.
3355 2000 77 21 sealdin
3438 2007 23 18 s,
3481 2001 76 21 bruises

3013 2036 73 26 prains,
3096 2036 16 19 it
3122 2036 16 19 is
3149 2036 35 20 the
3194 2036 63 20 safest
3268 2035 135 26 remedyno
3413 2035 144 24 swellingno

2999 2071 157 21 inflammation.
3189 2072 50 20 Like
3249 2071 111 27 surprising
3372 2071 72 21 effects
3454 2071 103 26 produced

3001 2106 21 21 in
3036 2114 69 20 croup,
3117 2107 109 27 diptheria,
3241 2107 117 25 bronchitis,
3372 2107 147 21 inflammation
3533 2113 23 21 of

3003 2143 35 20 the
3061 2142 67 26 lung's,
3143 2142 109 26 swellings,
3260 2144 39 19 etc.
3320 2142 109 25 diarrhuea,
3444 2142 109 25 dysentry,

3001 2176 88 20 diseases
3100 2175 20 21 of
3130 2175 35 21 the
3180 2175 85 27 kidnsys
3274 2174 40 21 and
3329 2175 81 26 urinary
3420 2181 79 19 organs.
3528 2175 25 20 In

3015 2211 83 21 seatall
3105 2212 98 24 hospitals
3210 2211 40 21 and
3259 2210 85 21 medical
3350 2210 75 25 clinics,
3439 2211 91 25 patrouis
3543 2210 13 21 d

3003 2247 26 26 by
3039 2247 37 21 His
3087 2247 87 26 Majesty
3184 2247 36 20 the
3232 2247 54 24 King
3296 2246 21 20 of
3327 2245 64 27 Italy,
3401 2245 92 21 crowned
3510 2245 46 21 .vith

3002 2282 66 20 medal
3079 2282 39 20 and
3127 2281 91 27 diploma
3227 2285 22 16 at
3263 2280 149 21 International
3426 2280 128 26 Exhibition,

3003 2315 137 22 Amsterdam.
3167 2315 63 21 Trist
3240 2321 20 14 in
3271 2315 41 20 this
3322 2314 103 26 approved
3434 2313 72 21 article
3514 2313 41 21 and

3003 2352 63 25 reject
3075 2351 27 21 all
3113 2353 74 19 others.

3161 2427 237 52 Cablegrams.

3133 2507 58 20 THE
3206 2507 113 20 BRITISH
3334 2506 92 20 ARMY.

3285 2540 100 28 London,
3399 2539 89 22 October
3502 2538 31 22 15.

3027 2577 22 19 It
3058 2577 17 19 is
3085 2576 94 23 reported
3189 2577 47 19 that
3245 2576 36 20 the
3287 2576 95 20 effective
3392 2574 94 24 strength
3493 2573 22 20 of
3522 2573 36 20 the

3007 2610 77 20 British
3102 2610 66 25 Army
3178 2610 40 19 will
3230 2610 24 19 be
3270 2608 102 21 increased
3384 2609 26 24 by
3427 2608 75 25 11,000
3512 2614 46 13 men

3003 2648 21 18 at
3035 2652 11 13 a
3058 2646 42 19 cost
3110 2645 21 20 of
3137 2652 11 12 a
3158 2645 77 20 million
3245 2643 40 21 and
3297 2643 64 21 a-half
3372 2643 90 26 sterling.

3156 2686 18 20 A
3188 2685 131 21 STEAAIER
3334 2685 72 20 LOST.

3293 2726 99 27 Madrid,
3403 2726 88 21 October
3502 2726 29 21 16.

3031 2762 62 20 News
3111 2761 35 21 has
3161 2761 51 21 been
3230 2761 91 21 received
3345 2761 46 21 that
3410 2761 35 21 the
3471 2761 87 26 Spanish

3006 2800 87 18 steauier
3111 2797 81 26 Triton,
3202 2796 68 21 bound
3285 2797 52 20 from
3356 2797 87 21 Havana
3463 2798 22 19 to
3497 2796 61 21 Baliia

3008 2832 82 27 Honda,
3107 2839 11 13 a
3128 2835 46 24 port
3184 2838 26 14 on
3219 2831 35 21 the
3269 2832 65 21 N.W.
3345 2834 56 18 coast
3417 2832 21 20 of
3448 2832 64 26 Cuba,
3523 2831 35 21 has

3004 2866 51 22 been
3075 2867 91 21 wrecked
3183 2867 29 21 off
3227 2866 35 22 the
3282 2867 97 21 northern
3396 2869 56 19 coast
3470 2867 22 20 of
3512 2867 46 21 that

3004 2903 78 21 Island.
3110 2903 43 21 The
3179 2910 71 19 purser
3271 2903 21 21 of
3311 2903 35 21 the
3373 2903 61 20 vessel
3460 2903 42 20 and
3519 2909 39 14 one

3006 2945 106 19 passenger
3128 2944 52 14 were
3198 2938 67 20 saved.
3293 2939 21 20 It
3332 2939 16 19 is
3368 2938 70 20 feared
3457 2938 45 20 that
3520 2938 38 20 200

3006 2980 118 20 passengers
3133 2972 39 21 and
3187 2972 85 26 Spanish
3283 2972 82 21 soldiers
3377 2979 50 14 were
3449 2972 103 22 drowned.

3116 3015 19 20 A
3149 3013 131 21 THEATRE
3295 3013 148 21 ACCIDENT.

3248 3047 56 21 New
3319 3047 70 25 York,
3399 3047 88 20 October
3500 3047 32 20 16.

3031 3081 19 19 A
3074 3080 96 26 shocking
3185 3080 91 21 accident
3290 3080 95 21 occurred
3394 3080 20 20 in
3430 3080 36 19 the
3483 3085 60 20 opera-

3005 3115 66 22 house
3088 3118 22 19 at
3127 3115 107 22 Cincinati.
3263 3115 78 26 During
3356 3122 11 14 a
3384 3114 138 28 performance
3537 3121 12 14 a

3006 3150 80 26 portion
3103 3149 20 21 of
3134 3149 35 21 the
3180 3149 72 26 ceiliug
3262 3149 43 21 fell.
3332 3149 54 21 Four
3404 3156 82 19 persons
3504 3156 52 13 were

3008 3183 64 22 killed
3083 3182 39 22 and
3131 3182 73 22 twelve
3218 3182 84 28 terribly
3317 3182 88 27 injured.

3125 3222 155 21 .CONVERTS
3293 3222 35 21 TO
3342 3222 86 20 ROME.

3320 3256 72 24 Rome,
3399 3255 88 20 October
3496 3254 31 21 16.

3030 3287 44 22 The
3093 3288 55 27 Pope
3157 3288 37 21 has
3203 3288 109 21 instituted
3325 3295 26 14 an
3361 3288 66 24 order,
3440 3287 65 21 under
3519 3286 36 22 the

3004 3324 46 22 title
3061 3324 21 22 of
3089 3325 32 21 St.
3132 3325 82 26 Sulpice
3225 3324 163 27 Confraternity,
3399 3323 73 26 having
3482 3323 32 21 for
3525 3323 27 21 its

3004 3360 69 26 object
3091 3361 36 20 the
3147 3361 117 20 conversion
3282 3361 21 20 of
3321 3360 93 27 England
3429 3361 22 19 to
3473 3359 80 21 Romaa

3005 3392 139 22 Catholicism.

3284 3426 100 27 London,
3401 3425 89 22 October
3502 3425 30 22 16.

3031 3461 130 26 Archbishop
3189 3461 102 26 Vaughan
3312 3464 63 18 states
3396 3461 48 20 that
3463 3462 93 19 converts

3004 3498 22 20 to
3039 3497 66 21 Rome
3119 3497 20 21 in
3148 3497 95 26 England
3253 3496 86 22 number
3348 3496 37 22 700
3395 3503 36 19 per
3439 3495 80 23 month.

3118 3537 57 19 THE
3189 3535 159 21 KLONDYKE
3361 3535 85 20 RUSH.

3299 3568 99 27 London,
3405 3567 87 22 October
3502 3567 30 21 17.

3027 3605 89 26 Reports
3123 3612 33 12 are
3166 3604 111 26 published
3286 3604 46 20 that
3341 3610 51 14 none
3399 3603 22 21 of
3434 3603 36 21 the
3481 3603 77 19 miners

3001 3639 87 23 starting
3112 3638 32 19 for
3162 3638 36 20 the
3215 3637 111 26 Klondyke
3341 3636 105 26 goldfields
3460 3636 32 19 via
3517 3635 36 20 the

3002 3673 75 21 Yukon
3087 3673 55 21 river
3158 3673 54 20 after
3225 3673 35 20 the
3271 3672 76 21 middle
3356 3671 21 21 of
3387 3671 50 26 July
3446 3671 40 20 will
3495 3670 61 21 reach

3001 3708 54 20 their
3072 3708 125 20 destination
3213 3707 68 20 before
3298 3707 72 20 winter
3388 3708 41 17 sets
3457 3705 26 21 in.
3512 3705 44 20 The

3002 3742 96 26 majority
3116 3742 22 20 of
3147 3742 58 20 them
3217 3741 39 21 will
3269 3741 71 21 winter
3352 3747 27 14 on
3389 3739 36 21 the
3434 3739 30 21 ice
3473 3746 26 14 on
3521 3739 37 21 the

3003 3781 71 21 Lower
3089 3781 83 22 Yukon.

3025 3822 44 21 The
3081 3824 61 19 worst
3152 3823 79 25 reports
3241 3821 63 21 about
3313 3820 117 25 impending
3437 3818 114 22 starvation

3007 3859 21 17 at
3039 3857 85 19 Dawson
3133 3857 41 24 city
3185 3856 51 19 Lave
3305 3855 117 20 confirmed.

3145 3894 103 21 ARCTIC
3262 3893 146 22 WHALERS.

3293 3930 99 23 London,
3405 3927 88 22 October
3500 3928 30 21 18.

3024 3967 43 21 The
3085 3969 64 19 steam
3161 3966 74 21 whaler
3252 3966 76 20 British
3337 3965 108 21 Columbia
3464 3963 85 21 rescued

2999 4003 93 21 fourteen
3112 4002 84 21 whalers
3215 4002 20 21 in
3246 4002 35 20 the
3300 4001 68 22 Arctic
3385 4001 77 20 Ocean.
3488 3999 31 20 Th
3536 4006 12 19 y

2999 4037 40 21 had
3049 4036 49 21 been
3109 4036 69 21 eleven
3189 4036 49 26 days
3247 4043 25 13 on
3280 4042 25 14 an
3314 4035 28 21 ice
3352 4035 58 20 block
3420 4035 77 24 twenty
3510 4033 43 21 feet

2998 4079 78 20 square.
3104 4072 56 25 They
3179 4078 51 14 were
3253 4071 60 25 bally
3337 4070 75 22 frozen,
3431 4068 40 21 aud
3488 4069 54 20 their

2999 4105 84 22 terrible
3092 4105 107 25 sufferings
3209 4104 39 21 had
3258 4104 70 21 driven
3340 4103 55 20 them
3406 4103 76 20 iusane.

3153 4145 19 20 A
3188 4143 137 22 FIENDISH
3340 4142 61 21 ACT.

3304 4178 81 23 Perth,
3398 4176 87 21 October
3495 4176 30 21 17.

3025 4213 94 22 Portions
3125 4212 20 21 of
3152 4219 11 14 a
3172 4212 76 21 human
3257 4211 52 27 body
3316 4211 74 26 having
3398 4210 49 21 been
3455 4209 63 22 found
3527 4210 20 20 in

2999 4247 35 21 the
3053 4246 96 23 nishtsoil
3165 4246 38 25 tip,
3220 4245 36 21 the
3265 4244 112 24 suspicions
3394 4244 22 20 of
3431 4244 35 20 the
3485 4243 63 27 police

2999 4290 52 14 were
3066 4281 90 22 directed
3174 4284 22 17 to
3203 4288 12 13 a
3225 4284 76 17 certain
3319 4280 70 26 house,
3409 4280 65 20 where
3493 4279 49 25 they

2998 4316 66 22 f'jund
3079 4316 35 20 the
3126 4315 107 21 mutilated
3252 4314 52 26 body
3321 4313 22 21 of
3363 4321 10 13 a
3394 4319 84 15 woman.
3506 4312 45 21 The

2998 4351 50 22 head
3056 4351 39 21 and
3104 4357 55 13 some
3168 4350 21 19 of
3199 4350 35 19 the
3246 4349 59 20 limbs
3317 4356 51 13 were
3382 4348 89 25 missing.
3500 4347 44 21 The

2997 4386 53 26 body
3059 4385 39 22 had
3107 4386 49 20 been
3166 4386 36 19 cut
3212 4391 28 20 up
3252 4383 31 21 for
3291 4391 46 20 easy
3349 4383 96 22 removal.

3393 4423 90 21 October
3493 4422 30 22 18.

3021 4461 44 20 The
3091 4459 108 21 murdered
3218 4465 76 14 woman
3311 4459 16 19 is
3348 4457 35 21 the
3401 4458 45 20 wife
3466 4458 23 20 of
3510 4465 38 13 one

2997 4496 94 24 O'Brien,
3102 4502 11 13 a
3123 4494 112 25 nightman,
3248 4494 44 19 who
3298 4492 36 21 has
3343 4492 51 20 been
3403 4492 91 21 arrested

3069 4565 262 48 Parliamentary
3370 4562 114 41 Notes.

3171 4645 206 39 [Exchanges.]

3034 4699 120 26 Farmers
3170 4697 51 26 and
3234 4697 89 26 others
3337 4706 42 15 are
3388 4695 161 35 petitioning

3000 4737 45 25 the
3091 4735 89 26 House
3225 4734 115 27 throuuh
3388 4733 43 25 Mr
3474 4731 71 26 John

3000 4772 139 28 M'Kenzie
3161 4772 42 26 for
3225 4781 94 24 money
3352 4771 41 26 for
3417 4780 14 16 a
3455 4768 93 35 bridge

2998 4821 64 15 over
3088 4810 45 25 the
3168 4808 188 26 Manuherikia
3391 4811 28 22 at
3453 4806 69 26 Beck
3537 4815 12 16 s

2999 4847 129 33 Crossing.

3034 4884 54 27 The
3114 4885 65 24 Hon.
3210 4881 43 27 Mr
3275 4881 115 26 Larnach
3422 4880 55 26 told
3503 4880 45 26 the

3002 4922 89 25 House
3104 4922 61 25 that
3178 4919 165 31 Queensland
3357 4919 103 25 sett'ers
3469 4918 76 24 could

2998 4958 90 27 obtain
3101 4968 14 16 a
3129 4966 94 26 square
3234 4956 61 25 mile
3314 4954 28 26 of
3361 4955 59 25 land
3430 4954 74 34 equal
3519 4954 27 25 in

2998 4995 103 34 quality
3121 4998 27 22 to
3173 4993 47 26 the
3234 4993 58 24 land
3317 4991 68 26 here,
3400 4992 29 25 tit
3442 4991 41 24 for
3501 4990 45 26 the

2999 5031 107 35 plough;
3122 5030 66 27 from
3207 5029 35 26 1
3263 5031 27 23 to
3303 5028 45 27 3.
3458 5035 88 18 course

2997 5068 46 26 the
3066 5069 107 26 climate
3194 5066 22 27 is
3235 5068 45 25 not
3400 5074 61 21 was,
3475 5062 53 28 how-

2999 5115 70 22 ever,
3082 5116 14 16 a
3110 5105 151 36 significant
3274 5103 156 27 addendum.

3034 5142 40 27 Mr
3103 5143 32 25 W
3165 5143 88 27 Guffie
3280 5141 51 27 and
3361 5150 80 25 many
3470 5139 74 27 other

2994 5181 105 26 settlers
3120 5181 25 26 in
3173 5179 147 28 Maniototo
3350 5178 53 25 and
3429 5176 116 27 Vincent

2994 5218 125 26 Counties
3145 5219 112 33 petition
3288 5216 105 33 against
3413 5214 130 26 Eweburn

2994 5255 78 34 being
3083 5255 76 26 made
3169 5255 45 25 the
3224 5253 129 26 terminus
3366 5252 27 25 of
3403 5252 44 24 the
3458 5251 86 32 Otago

2992 5292 106 26 Central
3113 5292 60 30 line,
3189 5301 24 17 as
3226 5290 64 35 they
3306 5289 163 27 understand
3488 5288 54 26 will
3558 5288 1 37 r

2991 5331 32 25 be
3033 5330 45 25 the
3088 5339 58 17 case
3157 5330 41 25 for
3207 5337 70 18 some
3287 5328 65 25 time
3396 5326 71 34 They
3477 5327 65 26 -wish

2991 5367 21 25 it
3023 5370 27 22 to
3064 5367 31 25 be
3107 5366 101 26 carried
3222 5368 27 23 to
3262 5364 187 26 Wedderburn.

3132 5435 126 48 Mining
3297 5433 112 42 Notes.

3027 5513 58 29 The
3100 5512 104 29 Golden
3215 5511 68 30 Gate
3296 5511 104 38 dredge
3411 5511 129 29 obtained
3549 5511 1 40 j

2997 5554 80 35 l9oz
3101 5553 52 28 last
3178 5551 76 29 week
3280 5551 54 28 and
3361 5553 47 26 the
3434 5550 104 29 Golden

2990 5594 132 29 Treasure
3142 5594 71 28 lloz.
3549 5594 1 43 j

3027 5634 59 29 The
3104 5633 107 30 Ettrick
3227 5632 103 38 dredge
3339 5631 51 28 will
3405 5631 145 42 probably}

2989 5675 69 29 have
3079 5675 49 28 her
3140 5683 59 20 new
3213 5673 73 28 shaft
3308 5673 27 28 in
3356 5673 54 27 and
3433 5682 116 18 lesume,

2990 5715 74 29 work
3079 5715 84 29 about
3177 5717 67 26 next
3259 5713 184 37 Wednesday.

3026 5755 58 29 The
3109 5754 106 30 Goldeu
3251 5753 60 30 Run
3338 5753 124 38 Sluicing
3489 5751 46 31 Co.

3584 189 108 28 washed
3707 199 36 27 up
3764 199 35 19 on
3813 188 122 42 Monday
3947 190 44 29 for
4012 192 67 28 530z
4094 191 41 27 for

3585 229 63 28 nine
3671 228 75 32 days.

3624 269 55 26 The
3703 269 86 36 Clyde
3807 268 104 38 dredge
3911 268 2 38 1
3925 270 128 28 obtained
4071 271 64 27 Ilea

3586 307 42 29 for
3641 319 16 17 a
3669 307 107 40 portion
3791 308 29 29 of
3843 309 51 28 last
3915 310 74 28 week
4003 313 8 32 j
4038 311 80 27 Enter-

3586 349 70 38 prise
3671 349 115 38 dredge,
3795 350 69 29 240z
3881 350 98 30 13dwt.

3622 389 58 28 The
3716 391 179 35 i'engerbum
3927 391 104 34 dredge
4061 400 55 19 com-

3587 428 113 32 menced
3720 429 118 41 opening
3838 428 2 42 l
3863 433 48 27 out
3932 441 35 19 on
3993 431 46 29 the
4062 441 55 21 com-

3586 471 96 38 pany's
3696 483 58 16 new
3768 472 79 27 cUirn
3871 472 100 33 during
3985 472 51 28 last
4050 472 84 28 week.

3632 511 48 29 the
3699 511 84 29 h)dina
3796 511 105 38 dredge
3921 511 22 28 is
3962 512 130 38 expected
4108 516 27 24 to

3588 552 78 28 reach
3680 552 125 28 Tubman
3818 552 54 28 and
3899 552 142 29 Borland's
4055 553 80 27 claim

3586 592 106 38 to-day,
3706 592 52 28 and
3773 596 28 24 to
3824 592 33 28 be
3879 592 109 28 moored
4012 593 82 38 ready
4108 596 28 24 to'

3587 636 68 27 start
3669 632 138 40 dredging
3820 643 34 19 on
3870 632 119 39 Monday
4003 637 75 26 ne^t.

3622 674 59 28 The
3707 674 101 28 Clatha
3846 673 81 29 Kiver
3959 685 55 18 was
4038 674 98 38 higher'

3586 714 146 39 yesterday
3753 714 128 37 morning
3914 715 65 27 than
4011 714 47 29 she
4085 714 48 29 has

3587 757 69 28 been
3683 756 41 28 for
3749 755 69 36 fully
3853 765 82 18 seven
3958 765 78 28 years
4062 758 70 35 past.

3587 797 55 29 She
3656 806 54 19 was
3723 806 37 29 up
3775 796 59 29 15ft
3852 795 87 30 above
3960 796 48 28 her
4031 795 104 29 normal

3586 837 106 39 height,
3706 837 104 38 having
3824 837 71 29 risen
3922 836 65 30 10ft.
4027 837 109 37 During

3586 879 46 28 the
3646 878 54 37 day
3713 878 47 28 she
3773 888 61 18 rose
3857 877 117 30 another
3997 878 68 34 foot,
4081 878 54 27 and

3586 930 54 18 was
3656 918 54 31 still
3725 918 95 37 rising.

3623 961 25 26 A
3687 959 84 28 Perth
3795 959 78 28 cable
3895 962 85 25 states
4005 959 61 28 that
4101 969 34 17 an

3585 999 108 31 alluvial
3708 999 65 30 rush
3783 1003 28 26 at
3833 998 142 31 Kanowna
3986 999 22 30 is
4019 997 116 41 causing

3585 1041 187 30 considerable
3835 1042 175 28 excitement.
4066 1039 51 30 Sen-

3586 1081 114 30 sational
3721 1081 72 29 finds
3822 1092 46 18 are
3902 1081 137 39 reported.
4093 1080 42 30 On

3586 1123 100 38 Friday
3729 1121 118 29 Whelan
3899 1121 142 30 bottomed
4081 1121 54 28 and

3584 1164 127 29 obtained
3728 1165 35 27 20
3786 1174 32 17 oz
3831 1163 30 28 of
3873 1163 66 38 gold
3953 1164 25 27 in
3994 1173 51 19 one
4064 1163 75 33 dish,-

3585 1206 53 27 and
3664 1208 54 25 two
3740 1203 91 30 dishes
3860 1205 28 28 of
3913 1204 69 29 stuff
4003 1203 70 30 from
4089 1203 46 28 the

3586 1257 73 18 same
3683 1245 78 29 claim
3787 1245 110 38 yielded
3934 1246 76 28 50oz.
4050 1244 87 30 Oilier

3586 1286 92 28 claims
3725 1295 45 19 are
3815 1285 110 39 equally
3973 1286 66 28 rich.
4080 1284 58 29 The

3588 1329 158 35 prospector
3753 1325 151 40 (Hellings)
3916 1325 113 30 secured
4041 1325 93 29 120oz.

3587 1368 94 27 About
3705 1366 53 29 600
3772 1377 60 19 men
3845 1378 45 16 are
3903 1370 29 24 at
3944 1367 47 27 the
4005 1377 59 17 new
4078 1365 57 29 find

3586 1407 113 37 sinking
3721 1407 27 27 in
3763 1411 108 25 cement
3888 1407 88 28 which
4006 1416 131 28 averages

3587 1448 59 27 20ft
3674 1452 28 22 to
3714 1447 60 27 50ft
3786 1447 28 27 in
3828 1447 92 37 depth.
3962 1448 57 26 The
4033 1447 60 27 lead
4113 1446 18 28 is-

3586 1487 102 31 proved
3702 1486 43 28 for
3758 1496 64 18 over
3835 1496 16 17 a
3864 1486 63 28 mile
3940 1485 75 38 long.

3622 1526 59 28 The
3705 1525 58 29 rich
3783 1527 80 27 chute
3885 1525 122 34 recently
4035 1525 104 29 struck'

3587 1566 26 27 in
3629 1566 45 28 the
3689 1565 196 36 Londonderry
3900 1565 72 28 mine
3994 1566 145 28 continued

3587 1609 28 24 to
3629 1605 71 37 yield
3711 1603 172 38 enormously
3898 1605 56 27 rich
3969 1606 164 35 specimens.

3626 1645 24 26 A
3662 1645 85 27 miner
3759 1643 148 28 unearthed
3922 1655 15 16 a
3948 1645 67 28 50oz
4027 1648 96 35 nugget-

3588 1688 27 24 at
3631 1684 149 31 Clermont,
3793 1683 181 36 Queensland.

3629 1760 183 52 Roxburgh
3840 1761 258 53 Amalgamated

3836 1807 58 41 Co.

3588 1890 158 33 change
3775 1890 45 31 of
3854 1892 277 30 management.

3626 1966 22 26 A
3662 1965 106 36 change
3792 1964 27 28 of
3832 1964 185 29 considerable
4034 1964 85 39 impor-

3586 2009 79 24 tance
3686 2006 23 27 is
3723 2006 84 28 about,
3820 2009 28 23 to
3866 2004 63 28 take
3942 2004 77 37 plase
4045 2005 26 27 in
4086 2006 46 27 the

3586 2044 67 30 local
3667 2047 191 37 management
3869 2044 28 28 of
3908 2044 46 29 the
3964 2044 86 30 above
4061 2044 57 30 well-

3586 2086 100 28 known
3714 2086 80 34 mine,
3808 2085 45 29 Mr
3869 2084 71 30 Wm,
3959 2088 98 31 Peters,
4072 2087 61 28 who

3586 2127 42 28 for
3638 2128 44 27 the
3692 2131 61 32 past
3763 2137 82 18 seven
3853 2137 78 26 years
3941 2126 47 28 has
3998 2126 133 37 managed

3586 2168 47 28 the
3655 2168 78 28 claim
3756 2167 66 28 with
3852 2166 66 28 such
3956 2167 178 38 conspicuous

3587 2218 107 20 success
3721 2208 103 32 havius:
3848 2207 131 29 tendered
3993 2207 41 29 his
4047 2208 71 37 resig-

3586 2248 102 29 nation.
3728 2248 45 28 Mr
3799 2247 104 29 Peters'
3917 2257 95 19 reason
4031 2247 42 29 for
4085 2248 47 28 the
4144 2259 5 5 -

3585 2288 86 29 above
3697 2291 59 34 step
3783 2287 30 29 is.
3836 2297 40 18 we
3898 2287 178 34 understand,
4096 2297 35 19 on

3586 2332 116 26 account
3732 2328 29 29 of
3798 2327 28 29 ill
3858 2327 102 35 health,
3998 2328 33 28 he
4067 2327 51 29 hav-

3586 2369 50 39 ing
3674 2368 121 38 recently
3830 2368 55 28 had
3924 2379 16 17 a
3971 2378 92 18 severe
4095 2372 55 24 at--

3586 2410 63 28 tack
3702 2410 28 28 of
3770 2409 143 34 influenza,
3963 2408 88 29 which
4094 2408 56 35 in--

3587 2450 87 29 duced
3698 2450 159 36 bronchitis,
3878 2449 54 29 and
3957 2449 41 29 his
4022 2448 112 30 medical

3587 2491 108 28 adviser
3719 2491 49 27 has
3779 2490 114 28 ordered
3920 2500 15 18 a
3946 2490 104 36 change
4065 2493 28 24 to
4119 2500 15 17 a

3588 2542 113 19 warmer
3733 2530 97 29 winter
3864 2529 116 30 climate.
4019 2528 43 30 He
4087 2528 48 30 has

3588 2573 121 37 recently
3754 2573 69 27 been
3860 2572 101 27 offered
3999 2571 53 28 and
4085 2571 49 28 lias

3587 2612 130 38 accepted
3755 2612 46 27 the
3822 2613 190 35 management
4036 2610 28 28 of
4100 2620 34 18 an

3587 2654 150 36 important
3756 2652 105 37 mining
3883 2655 129 34 property
4035 2650 27 28 in
4087 2651 47 28 the

3588 2693 101 29 Nelson
3715 2692 140 36 Province,
3878 2692 116 27 whither
4019 2691 21 28 it
4056 2691 22 28 is
4092 2691 41 28 his

3587 2734 135 29 intention
3733 2738 28 24 to
3768 2742 105 19 remove
3883 2743 34 18 on
3924 2732 84 36 being
4017 2732 117 28 relieved
4144 2732 3 36 -

3588 2775 71 28 from
3669 2775 41 28 his
3721 2777 109 35 present
3845 2772 98 29 duties.
3983 2772 44 28 Mr
4040 2772 92 28 Peters

3588 2816 47 27 has
3658 2815 53 28 had
3725 2826 15 17 a
3760 2813 114 39 lengthy
3897 2812 63 35 and,
3975 2812 21 28 it
4022 2822 60 26 may
4097 2812 25 28 be-

3587 2856 67 35 said,
3674 2853 152 37 invariably
3850 2852 147 29 successful
4023 2852 107 36 mining

3588 2897 159 37 experience
3774 2895 26 27 in
3815 2895 56 28 this
3892 2893 114 29 district.
4046 2892 85 38 Eight
4143 2892 4 42 k

3587 2946 78 19 vears
3689 2945 52 27 ago
3763 2935 33 26 he
3821 2933 64 28 took
3911 2933 101 34 charge
4034 2932 28 28 of
4084 2932 63 29 the\

3587 2975 132 29 Hercules
3743 2974 50 27 No.
3822 2974 9 27 1
3864 2972 88 35 claim,
3979 2971 52 29 and
4057 2981 90 25 somei,

3586 3016 92 30 fifteen
3690 3014 108 30 months
3811 3012 158 29 afterwards
3989 3012 33 29 he
4036 3011 92 39 joined

3586 3058 46 27 the
3666 3055 150 35 Roxburgh
3846 3053 206 36 Amalgamated
4080 3052 48 28 Co.

3586 3107 29 18 as
3660 3105 140 24 manager,
3845 3092 115 29 Neither
3989 3098 152 33 property,,,

3586 3138 78 28 when
3680 3137 43 27 Mr
3740 3135 93 29 Peters
3847 3134 64 28 took
3925 3134 108 37 charge,
4051 3132 90 29 could'

3585 3178 34 28 be
3655 3176 58 28 said
3751 3179 28 24 to
3805 3175 33 27 be
3860 3174 29 28 in
3918 3184 16 18 a
3970 3173 174 37 flourishing*

3585 3217 126 38 position,
3738 3216 50 27 but
3813 3215 42 28 his
3876 3214 159 38 experience
4074 3212 55 29 and

3586 3257 64 28 skill
3674 3266 29 17 as
3728 3254 102 28 amine
3855 3263 138 27 manager,
4014 3252 55 27 and
4088 3252 57 33 his,

3586 3294 139 40 energetic
3749 3292 54 30 and
3817 3293 107 28 zealous
3950 3292 93 29 efforts
4064 3301 82 19 were,

3586 3337 104 37 largely
3703 3333 192 31 instrumental
3908 3334 27 27 in
3947 3343 66 18 soon
4025 3332 123 42 placing,

3587 3377 67 28 both
3681 3377 93 27 claims
3800 3375 27 27 in
3848 3384 16 17 a
3890 3374 87 27 sound
4009 3372 127 29 financial

3587 3415 148 32 condition.
3776 3415 38 28 As
3827 3414 129 29 evidence
3971 3412 29 30 of
4012 3412 55 29 this
4080 3412 57 28 fact
4146 3412 4 36 ;

3588 3458 22 27 it
3635 3467 62 26 may
3734 3456 34 27 be
3800 3453 156 30 mentioned
3993 3454 61 27 that
4090 3453 60 32 the,

3590 3495 209 40 Amalgamated
3827 3495 48 28 Co.
3895 3494 49 28 has
3967 3492 100 39 during
4091 3493 59 32 the,

3590 3542 69 23 terra
3685 3535 29 29 of
3739 3535 46 28 Mr
3810 3533 104 29 Peters'
3946 3536 193 33 management

3590 3577 100 37 always
3714 3575 63 39 paid
3796 3585 66 27 very
3873 3574 76 38 large
3962 3572 114 29 interest
4102 3582 44 20 on,

3589 3617 47 28 the
3662 3616 103 36 outlay,
3790 3615 119 37 ranging
3934 3614 70 28 from
4034 3614 30 27 12
4090 3622 60 28 per.

3590 3659 63 26 cent
3676 3660 28 25 to
3719 3656 34 28 20
3768 3665 48 28 per
3829 3657 71 26 cent.
3940 3654 46 28 Mr
4003 3653 93 29 Peters
4115 3652 23 28 is
4145 3675 5 15 t

3590 3695 108 38 greatly
3718 3695 158 37 improving
3899 3694 40 28 his
3965 3693 117 38 position
4107 3692 29 28 in

3589 3736 48 29 the
3650 3746 59 18 new
3735 3735 192 38 appointment
3940 3737 27 25 to
3992 3733 87 27 which
4103 3732 46 35 he,

3589 3781 22 27 js
3626 3777 139 37 goinga
3779 3776 55 27 fact
3848 3775 42 28 his
3904 3784 81 27 many
3994 3773 104 29 friends
4109 3772 37 34 in,

3589 3818 54 29 this
3666 3817 107 29 district
3787 3816 52 28 will
3864 3816 33 27 be
3913 3814 63 36 glad
3999 3819 28 24 to
4053 3813 83 30 learn.

3590 3857 128 34 Socially,
3732 3857 67 26 both
3809 3856 107 27 himself
3926 3854 53 28 and
3991 3854 42 28 his
4042 3854 104 36 family,

3589 3897 55 28 will
3669 3897 33 28 be
3714 3895 82 30 much
3822 3894 109 35 missed,
3948 3894 41 28 his
4011 3904 46 18 son
4082 3893 62 30 and;

3589 3937 150 37 (laughters
3749 3946 73 19 more
3831 3934 145 40 especially
3987 3934 27 28 in
4025 3933 119 41 musical]

3588 3978 103 29 circles.
3731 3976 82 29 Thjir
3838 3976 86 28 talent
3949 3985 54 18 was
4036 3984 108 28 excep-.

3589 4019 84 29 tional
3683 4018 26 29 in
3721 4017 54 30 this
3782 4021 112 35 respect,
3904 4015 53 29 and
3970 4026 53 17 was
4034 4014 108 39 always,

3587 4064 28 23 at
3641 4059 117 38 disposal
3786 4058 43 28 for
3854 4058 46 27 the
3929 4056 93 39 public
4043 4059 99 31 enter-,

3587 4099 134 30 tainment
3754 4099 26 27 in
3803 4098 42 28 aid
3881 4097 29 29 of
3943 4107 53 27 any
4029 4096 106 36 worthy

3586 4150 90 24 cause,
3715 4139 57 28 The
3798 4138 89 29 duties
3912 4138 28 27 of
3959 4137 44 28 Mr
4029 4136 113 29 Peters'-

3587 4180 116 37 position
3744 4177 149 40 prevented
3920 4177 41 28 his
3983 4176 98 38 taking
4119 4187 21 27 a,

3586 4221 155 37 prominent
3756 4223 61 34 part
3830 4230 25 17 in
3868 4217 93 39 public
3970 4228 12 17 a
3987 4217 81 35 flairs,
4084 4217 52 28 but

3587 4261 40 28 his
3654 4260 146 38 sympathv
3826 4259 52 27 and
3893 4258 42 27 aid
3950 4258 27 27 in
3991 4257 35 28 all
4040 4257 101 37 public,

3587 4304 112 25 matters
3719 4300 80 29 could
3820 4299 100 37 always
3935 4298 33 29 be
3992 4297 83 30 relied
4097 4308 34 17 on
4135 4297 4 40 (

3584 4342 53 27 and
3653 4341 103 28 insofar
3782 4341 45 26 the
3842 4339 107 28 district
3963 4339 23 27 is
4012 4338 89 36 losing
4114 4348 16 17 a

3584 4381 107 38 worthy
3717 4381 106 29 citizen.
3864 4379 57 29 Our
3951 4379 53 30 loss
4028 4377 23 29 is
4076 4377 63 37 dis-,

3585 4421 98 30 tinctlv
3697 4420 128 29 Nelson's
3848 4420 73 38 gain,
3943 4419 53 31 and
4020 4428 39 18 we
4085 4428 45 18 are

3584 4472 61 17 sure
3659 4462 45 27 Mr
3718 4461 94 28 Peters
3824 4460 54 27 and
3902 4460 41 28 his
3957 4459 93 37 family
4076 4457 60 28 will,

3583 4501 68 28 have
3677 4501 46 28 the
3744 4499 71 39 good
3843 4499 96 30 wishes
3961 4498 31 29 of,
4003 4499 45 27 the
4073 4497 41 28 dis-

3582 4543 64 28 trict
3659 4542 43 29 for
3711 4541 71 30 their
3796 4539 90 30 future
3902 4538 162 39 prosperity.

3697 4622 175 42 Cromwell
3901 4622 110 40 Notes.

3714 4710 61 25 (Own
3788 4707 204 25 Correspondent,)

3615 4750 54 29 We
3683 4750 68 28 have
3764 4749 53 28 had
3842 4759 73 17 some
3929 4758 63 19 verv
4007 4747 102 37 change-

3578 4791 61 28 able
3653 4790 120 29 weather
3786 4789 73 28 since
3873 4789 52 28 last
3943 4790 9 26 I
3966 4794 93 28 wrote,
4072 4789 49 26 but

3577 4841 34 17 on
3627 4831 46 27 the
3688 4829 85 28 whole
3799 4838 80 22 more,
3895 4826 138 32 beneficial
4056 4828 66 26 than

3577 4870 43 28 for
3634 4869 110 28 months
3759 4872 68 33 past.
3868 4867 66 35 Kajn
3947 4867 47 28 has
4004 4866 81 29 fallen
4097 4866 33 39 in,

3577 4909 76 29 small
3678 4908 147 39 quantifies
3850 4907 44 28 for
3919 4908 47 27 the
3992 4906 51 29 last
4069 4910 61 34 two,

3575 4951 76 36 days,
3666 4949 53 28 and
3740 4958 83 24 snow,
3850 4947 88 31 which
3963 4946 97 30 should
4086 4947 41 33 be,

3575 4989 130 37 thinking
3724 4988 32 28 o
3778 4986 122 38 pelting,
3919 4996 70 25 nosv,
4004 4986 22 28 is
4045 4986 83 38 lying,

3575 5028 75 29 thick
3664 5038 34 19 on
3714 5028 45 28 the
3772 5036 93 28 range,
3880 5027 45 27 the
3940 5025 84 29 result
4032 5024 28 30 of
4075 5026 53 33 the,

3575 5075 92 28 recerjt
3681 5071 52 26 wet
3746 5067 126 31 weather.

3615 5109 53 30 The
3688 5109 121 29 Vincent
3829 5102 115 43 Cycling
3971 5106 70 30 Club
4055 5106 63 29 held

3665 5149 98 29 annual
3778 5149 120 35 meeting
3923 5158 33 19 on
3981 5147 137 38 Saturday

3572 5191 60 29 last.
3674 5188 55 30 The
3742 5191 91 35 report
3846 5188 53 28 and
3914 5187 204 30 balance-sheet

3575 5231 99 37 (which
3688 5228 108 30 showed
3824 5239 14 16 a
3860 5228 86 28 credit
3966 5228 112 27 balance
4090 5229 24 27 of-

3571 5272 38 29 9
3627 5271 37 35 Is)
3680 5279 69 19 were
3760 5268 127 38 adopted,
3908 5267 55 29 and
3985 5277 16 18 a
4023 5268 95 38 hearty

3572 5316 62 25 vote
3647 5310 30 29 of
3688 5308 101 30 thanks
3808 5308 131 31 accorded
3963 5308 46 28 the

3572 5356 68 32 tary,
3674 5349 45 29 Mr
3749 5348 148 29 Stumbles.
3920 5348 109 28 Four
4058 5359 65 18 new.

3572 5391 134 30 members
3719 5399 70 18 were
3802 5388 113 31 elected.
3918 5388 65 28 It
4003 5399 54 17 was
4071 5388 30 29 de-

3571 5431 77 30 cided
3663 5435 27 24 to
3714 5429 141 28 withdraw
3881 5429 69 32 fronj
3977 5429 46 28 the
4048 5428 52 29 N./
4101 5449 17 10 J#

3572 5470 126 38 Cyclists'
3715 5469 122 28 Alliance
3851 5469 53 27 and
3914 5469 58 37 join
3987 5469 47 28 the
4048 5469 68 30 N./j.

3571 5511 109 32 League
3693 5509 29 29 of
3742 5508 266 29 Wheelmen.The
4029 5519 74 19 secre-

3712 5541 4 13 i
4006 5548 5 6 0
4119 5541 4 13 '

3570 5556 59 33 tary
3644 5560 53 17 was
3710 5549 152 29 instructed
3873 5554 27 22 to
3914 5549 66 28 send
3990 5549 128 30 circulars

3571 5595 26 25 to
3611 5590 35 29 all
3669 5589 61 30 club
3751 5588 73 29 hotel
3839 5589 166 39 proprietors
4017 5589 108 41 asking,

3570 5632 74 28 thera
3658 5635 29 24 to
3700 5630 79 32 insist
3792 5640 33 17 on
3841 5631 110 37 cyclists
3965 5630 160 41 producing,

3571 5672 70 29 their
3653 5670 184 38 membership
3863 5671 100 28 tickets
3978 5672 79 28 when
4071 5682 32 28 ap-

3571 5713 96 38 plying
3689 5713 43 26 for
3756 5711 47 28 the
3818 5711 101 29 benefit
3932 5711 29 30 of
3975 5712 47 29 the
4034 5712 84 30 tariff*

3571 5752 95 30 The
3680 5751 121 39 opening
3825 5762 51 24 i;un
3902 5762 55 19 was
3982 5752 73 30 fixed
4078 5753 50 44 fo^

1732 95 201 44 MOUNT
2021 96 226 43 BENGER
2333 91 152 45 MAIL.

3471 90 165 51 Friday,
3660 91 167 40 October
3848 93 69 46 22,
3942 84 107 50 189?

287 203 38 38 [A
347 202 98 38 Card.]

88 350 52 53 ;Q
233 352 218 30 HUBE
483 350 82 29 NE
597 349 45 34 R,

145 396 156 39 'teacher
322 411 36 23 of
379 410 57 23 the
458 408 110 28 violin,

97 465 68 28 Will
178 466 64 28 visit
256 464 153 38 Roxburgh
423 462 104 37 weekly
552 463 92 36 (every

296 510 142 38 Monday.)

96 662 97 28 Terms
204 672 33 18 on
247 662 164 37 application
416 664 33 24 to
459 659 53 28 self
520 669 30 18 or
561 656 83 28 Office

271 709 28 30 of
312 709 56 28 this
381 708 97 38 Paper.

195 801 44 37 C.
279 800 36 37 J.
358 799 184 45 Coombs,

120 865 191 31 SURGICAL
331 863 22 29 &
372 856 253 35 MECHANICAL

289 906 162 33 DENTIST

305 956 38 25 (By
357 955 80 19 Exam.)

96 1016 87 54 iy|R
206 1013 150 31 COOMBS
372 1021 61 26 may
447 1010 33 28 be
495 1007 149 30 Consulted

250 1105 124 29 Heron's
396 1102 93 30 Hotel

112 1159 46 29 On
180 1158 156 35 FRIDAY,
351 1158 71 28 22nd
444 1153 182 30 OCTOBER.

134 1238 40 28 As
187 1238 14 28 I
214 1237 96 28 intend
322 1237 114 34 visiting
454 1233 56 30 this
530 1232 115 29 District

97 1276 185 42 periodically,
295 1276 21 29 it
324 1276 55 28 will
388 1284 63 21 save
464 1273 124 29 Patients
598 1273 48 28 the

89 1329 126 29 -expense
228 1318 28 29 of
269 1317 86 40 going
367 1322 30 24 to
410 1321 72 24 town
496 1327 7 23 ;
524 1313 53 30 and
591 1324 30 18 as
632 1312 12 29 I

97 1364 149 35 guarantee
266 1358 36 29 all
325 1358 86 35 work,
437 1356 123 28 Patients
583 1365 62 27 may

94 1401 58 38 rely
166 1411 35 19 on
214 1400 111 39 getting
339 1411 15 17 a
367 1397 143 31 first-class
521 1396 115 28 denture

94 1480 92 22 TEETH
214 1480 82 21 MADE
323 1479 37 22 BY
391 1477 93 22 OTHEK
512 1475 134 22 DENTISTS

115 1506 132 24 PROVING
257 1505 252 24 UNSATISFACTORY
520 1503 59 22 MAY
593 1503 33 21 BE

151 1535 195 22 REMODELLED
360 1534 36 22 AT
409 1532 94 23 SMALL
517 1531 75 22 COsT.

97 1604 124 29 Painless
251 1604 162 29 Extraction
441 1600 66 28 with
526 1599 121 29 .'Nitrous

133 1644 89 30 Oxide
242 1643 66 37 Gas,
331 1643 127 34 CocaiDe,
470 1640 96 35 Ether,
581 1649 30 19 or

280 1684 184 29 Chloroform.

93 1759 135 29 Stopping
249 1767 70 19 with
339 1759 84 33 Gold,
445 1755 148 33 Amalgam,
613 1762 34 19 ok

310 1799 122 29 Cement.

176 1876 41 31 <c.
266 1876 27 30 J.
346 1872 206 36 COOMBS,

233 1924 127 28 Surgeon
383 1922 118 27 Dentist

135 1970 145 40 (Opposite
294 1967 128 40 Cargill's
435 1966 173 36 Monument)

299 2014 142 22 dunedin.

211 2056 80 38 (Late
306 2055 75 29 Kidd
394 2054 55 29 and
463 2052 59 38 Co.)

94 2173 214 30 ROXBURGH
318 2170 159 31 BAKERY
489 2169 23 30 &
524 2168 118 31 STORE

91 2271 183 56 Robt.
301 2270 341 54 Kinaston.

111 2362 142 35 BAKER,
283 2357 293 34 CONFECTIONER
602 2355 23 30 &

228 2406 282 35 STOREKEEPER,

131 2467 147 23 SCOTLAND
303 2467 113 24 STREET,
439 2463 166 23 ROXBURGH.

130 2564 74 28 R.K.
216 2565 102 27 desires
333 2568 29 22 to
376 2561 86 29 thank
477 2561 46 27 the
536 2559 92 28 inhabi-

94 2607 75 25 tants
183 2603 28 29 of
226 2602 155 38 Roxburgh
393 2601 53 28 and
459 2598 182 37 surrounding

87 2645 129 29 -districts
240 2643 43 29 for
303 2643 47 27 the
373 2644 115 35 support
510 2638 132 30 accorded

94 2685 56 29 him
164 2685 26 28 in
205 2685 47 28 the
264 2687 72 35 past,
350 2682 53 28 and
417 2685 28 25 to
453 2679 101 30 inform
569 2679 74 28 them

96 2726 61 28 that
169 2725 116 36 nothing
299 2723 54 28 will
369 2723 33 27 be
416 2721 123 38 wanting
552 2730 35 19 on
601 2719 42 29 his

90 2770 67 34 -part
169 2766 28 28 in
208 2766 47 27 the
267 2766 91 26 future
369 2767 29 25 to
407 2761 80 29 merit
495 2771 16 18 a
519 2760 110 29 continu-

94 2816 68 18 ance
174 2807 28 27 of
215 2806 72 28 their
299 2807 122 36 support.

125 2895 141 22 WEDDING
284 2895 60 21 AND
362 2893 150 22 BIKTHDAY
530 2891 91 22 CAKES

245 2928 80 21 MADE
342 2928 34 20 TO
390 2926 104 22 ORDER.

96 2976 123 25 SOIREES,
244 2975 109 21 PICNICS
375 2974 16 20 k
411 2973 85 21 BALLS
513 2970 132 22 CATERED

141 3012 53 20 FOR
210 3011 36 21 ON
264 3011 56 21 THE
333 3008 144 23 SHORTEST
494 3006 113 23 NOTICE.

99 3054 125 37 Nothing
238 3054 51 28 but
303 3053 45 27 the
360 3053 63 27 best
432 3051 124 28 material
569 3050 75 27 used.

97 3149 76 20 GOOD
186 3147 185 21 ASSORTMENT
380 3147 36 19 OF
425 3145 164 25 GROCERIES,
599 3145 45 24 Ac.,

299 3180 39 21 ON
353 3179 94 22 HAND.

117 3272 63 35 Gif
184 3272 119 28 Liberal
322 3269 139 31 Discount
473 3277 48 21 fob
543 3267 83 31 Cash.

105 3388 37 29 T
360 3382 84 35 W.R
406 3380 34 37 O
456 3379 35 37 O
509 3380 29 36 N
556 3378 28 37 E
600 3378 42 43 Y,

126 3464 206 26 HAIRDRESSER,
346 3461 200 26 TOBACCONIST,
563 3461 46 22 ic..

97 3506 75 38 Begs
185 3509 28 24 to
227 3504 124 28 intimate
369 3507 30 24 to
417 3502 47 29 the
477 3502 94 38 public
584 3501 60 29 that

311 3543 35 29 110
371 3543 48 28 has

115 3585 151 30 OPENED
285 3584 26 29 A
331 3580 292 32 HAIRDRESSING

294 3624 150 29 SALOON

90 3667 30 29 in
142 3667 46 29 the
211 3666 45 30 old
278 3665 145 35 Premises,
444 3667 68 26 next
537 3662 103 40 Boyd's

322 3705 93 29 Hotel.

108 3778 272 40 Haircutting6d;
408 3777 139 37 Children,
574 3777 45 29 6d.

267 3821 132 36 Shaving,
414 3820 45 28 6d.

148 3898 106 30 Razors
276 3897 53 30 Set
553 3896 30 29 Is

82 3972 102 21 LARGE
194 3972 185 22 ASSORTMENT
387 3970 142 22 TOBACCOS
536 3970 17 21 k
560 3968 79 23 PIPES

127 4039 26 29 J.
178 4039 45 30 W.
243 4038 165 36 ROONEY,
423 4038 119 32 Painter,
560 4034 50 29 has
623 4044 16 18 a

89 4080 76 38 large
216 4083 164 26 assortment
430 4078 28 29 of
509 4075 130 37 Painting

92 4121 139 29 Materials
245 4131 34 18 on
294 4119 73 29 hand
379 4132 7 22 ;
411 4119 54 29 and
477 4118 28 28 in
518 4116 80 30 order
610 4119 29 25 to

89 4164 73 25 meet
174 4161 46 28 the
233 4161 80 28 times
326 4160 48 28 has

85 4212 216 22 CONSIDERABLY
325 4210 134 22 REDUCED
477 4209 57 21 THE
555 4206 82 23 PRICE

162 4246 37 20 OF
215 4245 142 21 PAINTING
369 4244 65 21 THIS
447 4241 114 23 SEASON.

207 4311 27 28 J.
275 4309 44 29 W.
360 4308 166 34 ROONEY,

108 4363 119 34 Painter,
254 4361 122 35 Grainer,
406 4360 69 37 Sign
497 4358 122 36 'Writer,

224 4401 202 39 Paperhanger,
447 4400 59 35 &c.,

134 4453 149 21 SCOTLAND
298 4453 109 24 STREET,
425 4452 167 21 ROXBURGH.

247 4527 22 29 T
285 4551 6 7 .
359 4525 123 31 BOW
502 4523 137 37 DEN,

165 4601 175 25 CARPENTER,
367 4600 113 24 JOINER,
508 4598 61 21 AND

264 4636 206 27 UNDERTAKER,

90 4693 99 27 Desires
214 4697 25 20 to
265 4689 76 27 thank
367 4688 41 26 the
440 4687 86 27 Public
551 4687 23 26 of
599 4686 41 27 the

91 4731 105 27 District
211 4729 36 26 for
265 4734 55 30 past
338 4732 111 29 support,
469 4724 48 27 and
536 4723 61 37 begs
615 4730 25 19 to

89 4768 90 28 inform
210 4767 65 26 them
311 4766 54 25 that
396 4763 29 26 he
456 4763 43 26 has
528 4761 112 27 resumed

90 4807 122 26 Business
224 4805 25 24 in
263 4801 149 35 Roxburgh.

89 4893 135 26 Estimates
235 4890 73 36 given
320 4888 47 28 and
378 4886 121 37 Building
508 4885 132 28 Contracts

190 4941 27 26 of
233 4939 31 27 all
284 4937 73 28 kinds
374 4935 161 28 undertaken.

123 5026 77 28 Plans
214 5024 47 28 and
280 5022 186 37 Specifications
479 5019 123 38 prepared.

86 5104 45 52 J>
256 5096 381 44 WINN,

81 5174 141 26 (PAINTER,
245 5170 131 25 GLAZIER,
398 5168 93 21 PAPER
510 5166 129 25 HANGER,

160 5207 69 23 SIGN
249 5205 116 21 WRITER
386 5203 61 21 AKD
470 5201 94 21 HOUSE

273 5235 177 24 DECORATOR,

177 5280 72 30 Ross
269 5277 100 35 Place,
388 5275 162 28 Lawrence.

126 5362 42 31 On
183 5360 64 31 Sale
259 5370 16 19 a
284 5358 78 39 large
372 5355 54 31 and
435 5354 93 30 varied
538 5356 87 26 assort-

89 5407 76 26 ment
177 5402 29 29 of
219 5401 69 35 Oils,
301 5398 105 35 Paints,
430 5395 98 35 Scrim,
550 5394 89 34 Glass,

88 5442 229 40 Paperhangings
337 5438 56 29 and
412 5436 127 29 Painters
568 5433 54 30 Sun-

88 5483 81 31 dries.

125 5523 69 28 New
203 5521 54 29 and
264 5518 171 31 fashionable
442 5515 74 29 Wall
527 5515 112 38 Papers,

90 5563 73 30 from
176 5562 36 29 5d
233 5570 50 30 per
303 5560 75 38 piece
400 5555 136 42 upwards.
578 5557 47 26 Pat-

90 5609 77 25 terns
179 5606 63 26 sent
254 5611 35 19 on
309 5599 175 39 application,
498 5601 62 34 post
573 5595 67 29 free.

127 5642 148 31 Estimates
287 5640 83 39 given
383 5639 43 29 for
449 5635 116 32 General
588 5635 35 29 Re-

89 5685 83 39 pairs,

129 5721 162 33 Celebrated
305 5721 130 29 Luatruss
454 5718 89 35 Paint,
557 5716 83 39 ready

78 5763 110 35 anixad,
201 5763 35 29 all
252 5762 120 30 Colours.

672 193 257 32 APPLICATION
957 192 75 30 FOR
1058 185 160 34 SPECIAL

880 232 132 32 CLAIM.

772 300 121 29 District:
912 299 82 35 Otago
1007 296 110 33 Mining.

804 340 80 26 Date:
906 337 59 28 13th
979 334 115 30 October,
1112 331 72 28 1897.

706 388 35 28 To
756 387 40 27 the
809 385 110 27 Warden
933 390 24 21 at
972 381 147 35 Roxburgh.

675 437 24 24 T
730 432 149 31 HEREBY
910 431 73 37 apply
1014 428 36 28 for
1081 437 13 18 a
1126 421 95 41 Special

674 459 24 30 A
736 472 77 27 Claim
846 473 36 22 ior
912 468 156 35 goldmiDin?
1105 471 118 28 purposes

673 510 77 28 under
765 508 40 27 the
818 506 137 36 provisions
977 504 27 26 of
1120 499 103 34 Mining

678 552 51 26 Act,
865 546 23 23 of
914 543 39 26 the
979 541 70 27 lands
1075 537 148 28 hereinafter

673 581 132 32 described,
818 581 78 25 which
907 579 60 27 have
980 579 58 24 been
1050 577 58 25 dnlv
1123 573 100 27 marked

673 623 23 25 in
712 620 147 27 accordance
878 617 59 28 with
959 617 41 27 the
1014 615 98 34 raining
1126 611 83 38 regula-

673 660 70 24 tions.

913 694 29 25 A.
965 691 27 26 R
1014 687 108 29 IMRIE

707 732 51 32 (Bv
773 731 36 26 his
829 731 123 31 Solicitor,
967 729 27 27 F.
1010 728 29 27 G.
1057 727 147 26 DaLZIELI.
1216 724 9 34 )

708 769 45 26 No.
766 769 46 25 arid
825 770 56 23 date
892 767 27 26 of
928 766 97 27 miner's
1035 762 120 37 rightl
1155 762 70 28 27973

672 806 165 36 l2/10/97.

708 872 80 26 Name
802 870 47 27 and
864 870 100 26 address
974 870 23 25 in
1011 868 43 26 full
1066 867 28 27 of
1101 866 124 36 applicant

675 909 107 28 Andrew
799 908 81 27 Burns
896 907 83 32 Imrie,
997 906 60 28 Port
1072 904 135 29 Chalmers.

708 948 68 33 Style
790 947 80 24 under
883 947 79 24 which
978 947 19 24 it
1018 947 20 23 is
1064 942 117 27 intended
1202 949 24 18 to

674 985 107 28 conduct
795 985 42 26 the
851 982 225 28 businessTrarie
1087 979 47 29 and
1146 985 77 31 party.

709 1023 112 35 Locality
836 1022 80 27 where
930 1023 41 25 the
994 1021 57 26 land
1074 1018 96 36 applied
1191 1019 35 25 for

674 1062 20 25 is
725 1060 244 27 situatedSection
997 1059 40 32 71,
1072 1056 77 28 Block
1182 1055 44 33 11.,

675 1100 100 33 B-nger
791 1098 110 30 District,
922 1106 26 18 as
968 1096 128 35 surveyed.

710 1137 94 27 Extent
814 1136 26 26 of
848 1135 57 27 land
918 1134 96 37 applied
1028 1134 64 28 for
1103 1134 28 27 51
1143 1141 67 19 acres

710 1178 111 23 Amount
833 1174 26 25 of
870 1174 89 34 capital
974 1173 120 35 proposed
1108 1178 25 21 to
1148 1171 28 26 be
1189 1172 24 25 in-

675 1213 115 28 vested
797 1212 107 31 4.000.

710 1252 123 34 Proposed
849 1251 71 26 mode
934 1251 27 26 of
971 1251 116 33 working
1110 1249 40 26 the
1169 1247 57 27 land

673 1289 168 35 Dredging

709 1329 73 25 Term
808 1327 37 27 for
870 1326 79 27 which
970 1326 90 26 license
1086 1335 26 16 or
1136 1324 89 37 special

664 1364 1 37 !
675 1366 70 28 claim
759 1371 73 28 grant
846 1366 20 25 is
880 1364 177 37 required2l
1080 1372 70 27 years

709 1404 105 28 General
830 1402 227 36 RemarksPegs
1071 1401 101 27 marked
1192 1401 33 26 V.

710 1479 80 27 Dated
806 1485 22 19 at
847 1478 134 35 Roxburgh
999 1477 47 28 this
1067 1477 60 26 13th
1141 1476 47 36 day
1204 1475 22 27 of

676 1517 116 28 October,
806 1516 73 27 1897.
1225 1516 1 29 *

710 1555 52 25 The
776 1554 75 26 nbove
866 1554 147 34 application

828 1592 26 24 lp
979 1597 25 20 at

677 1629 78 27 Office
767 1637 24 17 at
804 1628 148 35 Roxburgh,
963 1637 30 16 on

679 1668 71 28 1897,
766 1674 24 19 nt
806 1668 24 25 11
850 1676 53 17 am.

712 1709 14 20 A
736 1715 13 14 n
755 1715 12 14 v
783 1714 85 25 person
889 1703 109 31 desiring
1012 1709 24 17 to
1049 1700 80 33 object
1143 1705 24 19 to
1183 1702 42 22 the

675 1751 119 25 graritmg
809 1745 22 21 of
846 1752 11 14 a
872 1740 88 36 special
974 1740 71 26 claim
1069 1735 95 38 applied
1189 1738 36 23 for

675 1787 73 22 must,
772 1782 65 33 prior
864 1787 23 17 to
913 1778 40 26 the
978 1777 111 32 hearing,
1102 1781 71 20 enter
1186 1773 37 26 his

674 1817 137 36 objections
836 1823 23 20 at
886 1816 40 26 the
953 1814 127 27 Warden's
1105 1811 75 27 Office
1199 1816 24 21 at

675 1855 145 33 Roxburgh.

728 1902 210 29 FREDERICK
951 1898 169 32 JEFFERY,

1004 1938 47 25 Pro
1070 1935 118 28 Warden.

708 1985 120 27 Received
843 1991 25 20 at
883 1985 131 25 Warden's
1028 1982 75 27 Office
1114 1986 25 22 at
1152 1981 52 25 Rox-

673 2023 80 36 burgh
772 2032 31 18 on
826 2022 61 28 14th
906 2022 114 31 October,
1037 2020 73 32 1897,
1125 2025 23 19 at
1163 2018 58 26 9.30

691 2240 125 32 Florist,
835 2238 173 29 Wholesale
1028 2247 53 18 and
1105 2237 100 27 Rktml

811 2279 86 28 Seeds
919 2278 166 32 Merchant,

697 2331 137 29 MORAY
854 2330 132 34 PLACE,
1007 2328 190 34 DUNEDiN,

672 2384 114 26 (Successor
795 2384 21 20 to
822 2382 50 21 Geo.
880 2381 110 22 Matthews
993 2379 152 22 Established
1167 2379 55 31 850.'

800 2450 149 29 FLORAL
971 2448 125 30 WORK.

709 2492 65 28 This
802 2491 24 27 is
851 2491 46 27 the
923 2490 125 36 Leading
1075 2489 93 27 House
1195 2490 26 26 in

673 2533 125 30 Dunedin
814 2533 42 28 for
876 2531 91 29 Bridal
993 2531 133 34 Showers,
1150 2530 54 29 Bou-

672 2578 89 33 quets,
782 2573 138 33 Wreaths,
936 2572 111 36 Sprays,
1061 2571 54 27 and
1131 2571 91 28 Floral

673 2613 127 33 Designs.

710 2653 48 38 My
772 2651 137 30 continual
923 2652 51 27 and
991 2652 131 27 unvaried

672 2705 149 22 SUCCESSES
835 2704 37 21 AT
884 2704 57 21 THE
957 2704 78 21 DUNE
1039 2704 47 21 DIN
1103 2704 120 21 FLOWER

900 2732 98 20 SHOWS

673 2769 23 27 is
713 2768 134 28 sufficient
866 2768 79 37 proof
967 2766 28 29 of
1009 2777 47 27 my
1076 2766 147 39 capability

673 2810 27 27 in
715 2809 54 28 this
783 2809 103 27 branch
899 2808 30 28 of
942 2808 46 28 the
1002 2808 136 28 business.

712 2849 49 37 My
769 2849 160 37 experience
940 2848 111 29 enables
1065 2858 43 18 me
1122 2852 26 24 to

707 2901 76 20 PACK
796 2900 90 21 THESE
899 2899 139 22 DELICATE
1055 2899 133 21 ARTICLES

674 2935 43 29 for
736 2935 50 28 rail
806 2946 30 17 or
858 2940 116 23 steamer
987 2934 65 28 with
1077 2934 66 27 such
1163 2944 60 18 care

673 2976 54 28 and
750 2986 108 17 success
872 2986 29 17 as
915 2979 28 24 to
957 2986 97 17 ensure
1077 2974 71 28 their
1167 2974 57 27 safe

673 3017 54 28 and
738 3017 105 38 perfect
852 3017 131 36 delivery,
993 3026 67 18 even
1070 3016 71 27 after
1150 3026 74 18 some

664 3057 1 36 .
675 3057 66 36 days
755 3057 27 26 in
797 3057 108 27 transit.

711 3096 14 29 I
738 3096 70 29 have
822 3106 146 19 numerous

673 3146 192 21 UNSOLICITED
875 3146 209 20 TESTIMONIALS
1094 3145 79 21 FROM
1185 3146 16 18 M
1209 3145 16 20 Y

866 3173 164 22 CUSTOMERS

674 3210 53 28 and
741 3210 116 29 Patrons
871 3210 133 38 attesting
1026 3213 28 25 to
1068 3220 44 26 my
1126 3208 96 38 ability

674 3250 27 27 in
713 3250 55 28 this
782 3250 156 38 particular.

886 3321 128 29 SEEDS.

712 3362 15 27 I
752 3361 101 39 import
884 3361 66 37 only
981 3361 71 28 from
1084 3362 48 28 the
1164 3362 62 28 best

673 3401 146 39 European
832 3400 55 30 and
898 3400 177 31 Continental
1090 3401 135 37 Growers,

673 3452 30 19 so
717 3442 60 28 that
790 3442 163 38 purchasers
966 3452 49 18 can
1030 3442 59 38 rely
1111 3452 35 18 on
1163 3446 46 34 get-

673 3483 61 38 ting
747 3482 116 39 nothing
880 3482 51 29 but
946 3481 47 30 the
1007 3482 61 29 best
1081 3483 101 29 strains
1195 3482 30 30 of

673 3523 94 29 Seeds.

709 3563 39 30 To
762 3563 78 30 those
853 3563 61 30 who
927 3563 70 30 have
1015 3567 49 25 not
1077 3563 84 40 given
1177 3574 46 28 my

672 3603 72 30 Seed
767 3615 16 18 a
802 3604 72 36 trial,
889 3604 14 29 I
913 3604 91 29 would
1026 3604 56 29 like
1106 3605 75 28 them
1195 3608 29 25 at

670 3644 69 29 least
753 3647 28 27 to
795 3645 67 28 send
876 3655 44 18 me
932 3655 16 18 a
961 3644 79 29 small
1060 3645 62 28 trial
1143 3645 81 29 order

668 3685 56 28 and
738 3695 127 28 compare
879 3685 108 34 results,
1000 3685 54 28 and

687 3736 9 21 I
712 3737 42 21 AM
768 3736 128 22 WILLING
908 3735 36 21 TO
960 3737 86 20 ABTDE
1062 3737 38 20 BY
1113 3736 90 22 THEIR

875 3763 144 23 DECISION.

667 3848 222 54 JONES'S
979 3848 239 54 QOALPIT,

816 3934 98 30 COAL
938 3934 137 31 CREEK.

668 4029 122 29 T)EST
811 4027 158 31 LIGNITE
988 4029 27 28 in
1038 4029 46 28 the
1105 4029 115 28 District

757 4070 44 28 for
833 4069 143 39 Steaming
1002 4080 31 17 or
1059 4069 160 28 Household

666 4121 134 30 purposes
818 4109 138 30 delivered
970 4114 27 24 at

927 4162 81 29 Cash.
1075 4161 124 29 Booked.

666 4202 155 40 Roxburgh
890 4227 30 6 ...
946 4203 47 28 10s
1052 4202 47 28 lis
1113 4212 48 28 per
1171 4205 47 25 ton

665 4245 58 28 The
739 4244 44 28 Pit
893 4266 29 6 ...
964 4244 31 27 5s
1070 4243 31 28 6s

666 4284 153 38 Roxburgh
859 4283 67 30 East
947 4284 48 27 lis
1054 4283 47 29 12s

666 4325 56 28 The
736 4325 127 38 Dredges
892 4348 30 5 ...
946 4324 131 28 Contract
1098 4323 101 28 Prices.

703 4401 59 30 The
783 4402 158 38 Proprietor
953 4402 49 28 has
1016 4401 100 35 special
1132 4401 74 29 facili-

668 4443 50 27 ties
729 4443 43 28 for
785 4443 121 37 delivery
920 4442 26 28 in
962 4454 54 25 any
1039 4445 61 35 part
1124 4442 28 28 of
1172 4442 48 28 the

668 4482 124 36 District,
818 4483 55 28 and
901 4482 158 29 Customers
1086 4492 62 26 may
1160 4481 59 38 rely

668 4532 34 19 on
717 4522 83 40 being
811 4522 139 40 promptly
965 4522 135 40 supplied.

706 4571 99 30 Orders
818 4584 63 26 may
894 4573 35 28 be
943 4572 50 29 left
1006 4577 29 24 at
1056 4572 47 29 the
1118 4572 102 28 Mount

669 4610 114 30 Benger
796 4612 76 28 Mail
886 4611 92 29 Office.

735 4756 415 43 BERNSTONE,

716 4837 75 32 THE
1008 4838 146 31 TAILOR

812 4899 93 35 (From
932 4899 151 37 Dunedin),

747 4969 67 30 XK7
825 4969 63 29 ILL
903 4970 66 28 visit
982 4969 164 38 Roxburgh,

863 5009 104 29 Millers
996 5010 72 34 Flat,
1093 5009 53 28 and

741 5049 187 40 surrounding
962 5049 122 29 districts
1117 5053 28 24 at

741 5090 110 39 regular
861 5090 140 34 intervals,

877 5145 79 27 when
972 5144 34 27 he

753 5210 104 28 WILL
870 5209 104 29 TAKE
989 5208 149 30 ORDERS

743 5272 28 26 to
797 5269 55 29 suit
865 5269 47 29 the
925 5268 181 30 convenience
1120 5267 29 29 of

819 5316 47 29 the
882 5315 69 29 local
971 5315 102 38 public.

790 5409 129 30 Charges
941 5409 159 29 Moderate.

745 5502 77 30 Suits
832 5502 69 30 from
910 5503 38 29 3
959 5503 43 34 3s;
1017 5501 130 30 Trousers

851 5549 70 29 from
937 5550 48 28 16s
999 5548 45 29 6d.

745 5641 45 29 Fit
803 5640 172 32 Guaranteed
995 5653 31 19 or
1044 5640 104 39 Money

846 5696 46 24 not
906 5691 140 39 accepted.

1249 198 101 30 HOPE
1371 200 47 29 OF
1436 200 214 31 ROXBURGH
1665 202 137 38 LODGE,
1816 198 3 43 j

1477 249 49 22 1.0.
1526 249 50 22 G.T.

1817 274 2 35 j

1270 320 237 37 WEDNESDAY,
1522 326 68 27 27th
1613 325 173 35 OCTOBER,

1456 377 28 22 at
1502 375 15 25 8
1536 384 16 25 p
1564 385 32 15 hi.

1253 459 142 40 GRAND
1415 460 179 43 VARIETY
1614 462 205 47 CONCERT:

1383 522 32 27 In
1435 523 157 28 Athenreum
1613 524 73 28 Hall.

1438 611 188 25 PROGRAMME.

1475 650 69 27 Part
1569 652 19 26 I.

1381 697 54 28 The
1475 699 108 33 Village
1614 702 137 28 Cliorister
1818 694 1 42 |

1464 737 137 37 Company

1256 778 200 35 SpeechRev.
1472 781 23 26 J.
1513 782 33 25 H.
1565 783 108 36 Hooper

1256 824 70 34 Song
1340 826 170 35 (selected)
1513 828 65 27 Miss
1598 830 107 27 Manuel

1256 868 231 28 RecitationMr
1499 871 103 28 Turner

1388 913 81 28 Mona
1502 916 94 27 Miss
1610 917 87 27 Smith

1519 961 57 25 Red
1818 947 1 50 '

1455 997 157 31 Characters

1386 1043 43 25 All
1456 1053 96 25 among
1576 1046 46 25 the

1465 1080 136 38 Company

1282 1158 145 44 Internal
1447 1160 53 41 for
1521 1161 268 46 Refreshments-

1472 1250 70 27 Part
1561 1252 34 26 11,

1439 1299 138 29 Britannia

1259 1341 110 28 Lecture
1397 1343 39 34 (in
1465 1346 129 31 costume)
1660 1347 56 27 The
1741 1347 69 27 Irish

1586 1383 70 28 Wm.
1669 1385 54 26 Jeff
1724 1395 52 25 017.

1256 1425 206 28 DuetMessrs
1475 1427 126 29 Bennetts
1615 1431 52 25 and
1680 1431 114 25 Andrew

1256 1467 180 35 SpeechMr
1505 1471 70 26 Auld

1256 1511 71 35 Song
1340 1510 135 36 (selected)
1479 1513 77 25 Mr
1565 1514 26 25 J.
1604 1515 127 25 Bennetts

1456 1556 47 26 Ihe
1538 1557 129 26 Swindler
1691 1557 119 26 Three

1459 1592 155 26 Characters

1256 1634 60 26 Trio
1449 1635 151 33 Shepherds
1631 1636 45 24 tell
1709 1635 101 24 me"'

1326 1671 55 25 Mrs
1407 1672 121 29 Andrew,
1549 1670 66 27 Miss
1642 1672 87 26 Smith
1757 1673 51 30 and

1325 1708 43 24 Mr
1381 1708 117 24 Andrew

1255 1750 151 28 Recitation
1409 1749 75 26 Mr
1495 1749 76 27 Thos.
1583 1750 98 29 Michel
1686 1753 7 26 1

1253 1794 64 26 Glee
1383 1793 64 25 Hail
1462 1793 5 25 !
1514 1794 116 35 Smiling
1668 1796 75 26 Morn

1463 1829 137 37 Company

1254 1917 150 26 Admission
1407 1917 135 25 Adults
1554 1918 28 25 Is
1592 1919 176 29 6d,Children
1781 1920 27 25 Is

1818 1946 1 12 I

1401 1997 26 25 J.
1446 1996 257 34 SUTHERLAND,

1635 2041 66 28 Hon.
1718 2043 52 28 Sec.

1305 2113 158 28 MILLERS
1491 2113 89 28 FLAT
1606 2115 148 29 MINERS'
1818 2102 1 52 j

1407 2152 249 29 ASSOCIATION.

1274 2226 13 21 i
1319 2223 73 25 MEK
1402 2223 6 24 1
1421 2223 59 24 l.\n
1502 2223 23 24 of
1540 2223 40 25 the
1595 2224 75 26 ahove
1688 2226 101 25 Associa-

1341 2267 49 18 tim
1407 2260 46 25 will
1469 2261 26 24 be
1510 2260 55 25 held
1579 2261 25 25 in
1621 2262 42 25 Mr
1677 2262 128 25 Noonan's

1258 2298 70 25 ITo'el
1345 2305 24 17 lit.
1472 2307 14 24 p
1498 2307 31 16 in.
1544 2307 31 17 on
1598 2298 206 35 SATURDAY,

1255 2337 39 24 til*
1314 2336 71 25 'J'shd
1409 2334 84 26 INST.

1291 2373 35 36 By
1340 2374 70 25 order
1423 2374 23 25 ol
1462 2373 40 26 the
1514 2373 116 28 Minister
1641 2373 28 28 of
1679 2374 92 28 Mines.

1469 2423 27 26 P.
1517 2423 28 26 C.
1565 2423 137 34 GRANT,

1551 2461 67 27 Hon.
1634 2463 136 34 S^crptary.

1253 2523 211 31 ROXBURGH
1489 2523 140 31 WATER
1639 2543 11 5 -
1663 2524 141 31 WORKS

1411 2576 232 30 EXTENSION.

1254 2664 188 56 TENDERS
1468 2665 49 28 will
1545 2666 27 25 he
1597 2666 111 27 reci'ivHd
1742 2667 61 26 un'il

1336 2703 237 30 WEDNESDAY.
1587 2704 57 27 3rd
1667 2705 114 26 NOVEM-

1253 2741 80 33 BER,
1347 2741 73 30 1897,
1432 2741 36 27 for
1479 2744 41 23 the
1531 2741 270 28 CONSTRUCTION

1253 2779 23 25 <>f
1298 2788 14 17 a
1333 2778 113 27 STONE
1469 2779 76 26 DAM
1566 2780 37 25 for
1622 2781 41 24 the
1686 2780 26 26 B<
1724 2781 79 32 rough
1818 2771 1 42 I

1253 2816 113 29 Council,
1386 2816 48 27 and
1457 2824 66 18 must
1549 2817 28 25 b*
1603 2817 88 30 lodged
1719 2827 23 16 in
1766 2820 40 23 the
1818 2810 1 37 '

1818 2840 1 22 I

1253 2853 122 28 CouncTs
1392 2853 154 33 Letter-box,
1557 2855 149 27 Atheiueum
1720 2855 83 26 Build-
1818 2853 1 42 |

1253 2893 44 30 ing
1361 2893 76 25 Pluns
1475 2893 47 25 and
1556 2891 187 37 Specifications
1775 2903 29 16 on
1818 2891 1 41 j

1254 2929 148 35 application
1421 2935 25 19 to

1374 2978 136 28 HENRY
1533 2978 163 37 BAILLIE,

1677 3026 94 26 Mavor.
1818 3021 1 47 j

1258 3095 305 55 SHAMROCK
1595 3095 213 55 HOTEL,

1441 3169 192 32 DUNEDIN.

1258 3249 138 20 COGHLAN
1411 3250 78 20 BROS.

1651 3253 159 20 Proprietors.

1404 3314 135 31 favourite
1582 3316 94 36 Hotel,
1707 3317 104 39 having

1340 3356 122 36 recently
1485 3357 69 27 been
1578 3359 82 27 taken
1684 3368 67 18 over
1773 3359 37 37 by

1256 3394 104 29 Messrs
1388 3395 125 39 Coghlan
1553 3397 88 37 Bros.,
1667 3397 49 29 has
1742 3398 67 29 been

1254 3436 169 38 thoroughly
1437 3439 152 28 renovated
1609 3439 152 38 improved.

1292 3476 118 29 Visitors
1423 3476 70 29 from
1508 3477 46 30 the
1568 3484 115 33 country
1704 3479 65 35 will,
1780 3489 29 18 as

1253 3516 165 35 heretofore,
1449 3518 56 28 find
1542 3519 119 38 nothing
1686 3520 124 37 wanting

1254 3557 61 28 that
1326 3557 81 28 tends
1420 3560 29 27 to
1463 3558 72 29 their
1549 3560 117 29 comfort
1678 3559 55 29 and
1745 3570 48 19 con-

1253 3598 141 29 venience.

1265 3675 78 21 ONLY
1357 3676 68 21 BEST
1439 3677 115 21 BRANDS
1575 3679 36 19 OF
1628 3677 89 21 WINES
1732 3676 62 21 AND

1353 3703 107 21 SPIRITS
1474 3705 74 20 KEPT
1562 3706 31 20 IN
1609 3705 97 21 STOCK.

1297 3768 91 39 Night
1415 3769 97 29 Porter
1537 3771 27 28 in
1588 3771 174 29 attendance.

1375 3848 132 28 CITAHGKS
1534 3850 161 29 MODERATE.

1253 3948 61 55 R.
1336 3952 32 38 J.
1401 3952 43 37 B.
1478 3952 159 42 YULE,
1663 3953 143 43 L.D.S.,

1336 4036 192 44 Surgeon
1564 4035 164 44 Dentist,

1382 4105 301 30 INVERCARGILL.

1354 4256 47 28 Mr
1425 4257 77 27 Yule
1524 4255 55 28 will
1599 4256 64 29 visit

1258 4327 165 31 HERON'S
1439 4326 136 35 HOTEL,
1586 4325 213 30 ROXBURGH

1486 4398 81 29 From

1279 4470 178 34 MONDAY,
1486 4471 44 26 Ist
1550 4467 224 35 NOVEMBER,

1249 4624 258 35 WEDNESDAY,
1522 4624 52 28 3RD
1588 4621 218 31 NOVEMBER

1287 4761 44 29 Mr
1343 4761 72 28 Yule
1439 4770 63 28 may
1524 4760 58 28 also
1605 4758 34 29 be
1662 4756 142 30 consulted

1248 4817 29 24 at
1290 4813 46 27 the
1350 4813 182 37 Dispensary,
1549 4809 168 34 Alexandra,
1734 4809 70 28 from

1249 4863 110 37 Friday,
1374 4862 67 29 29th
1472 4861 127 35 October,
1623 4865 28 25 to
1674 4860 130 39 Monday,

1251 4916 44 28 Ist
1308 4914 166 29 November.

1249 4981 140 29 TEVIOT
1399 4979 163 29 WESLEY
1566 4980 50 27 AN
1632 4979 172 29 CHURCH.

1348 5060 114 38 Sunday
1477 5059 124 30 Services
1614 5059 55 29 will
1692 5059 34 29 be
1739 5069 64 19 con-

1338 5101 101 29 ducted
1453 5112 28 18 as
1495 5100 92 29 follow
1599 5113 45 16 :

1250 5151 111 23 Roxburgh
1372 5151 20 23 (7
1401 5149 84 27 p.m.)
1488 5149 51 20 Rev.
1549 5149 22 20 J.
1581 5149 27 20 H.
1618 5148 82 25 Hooper

1442 5177 42 20 The
1499 5176 61 20 Plant
1571 5175 22 21 of

1414 5203 119 26 Missionary
1542 5203 101 24 Srmon.)

1250 5233 48 21 Coal
1309 5231 64 21 Creek
1383 5231 20 24 (3
1413 5230 82 26 p.m.)
1498 5231 51 20 Re*.
1560 5230 21 20 J.
1598 5230 25 20 H.
1637 5230 82 26 Hooper

1251 5259 78 22 Ettrick
1337 5259 28 24 (11
1378 5259 81 25 a.m.)
1463 5257 51 21 Re*.
1524 5257 20 21 J.
1559 5257 26 21 fl.
1599 5257 80 26 Hooper

1338 5286 20 25 (7
1368 5285 118 28 p.m.)Mr
1497 5284 99 20 Bloxhnm

1406 5312 125 26 (Missionary
1547 5311 102 24 Sermon.)

1388 5370 280 32 WANTED.

1253 5450 196 31 AA/ANTED
1467 5457 13 16 a
1493 5454 77 21 smart
1584 5448 53 33 Boy
1652 5448 36 27 for
1700 5447 102 34 general

1270 5493 34 12 **
1360 5489 78 26 work.
1440 5484 126 38 Apply,

1342 5536 129 27 OFFICE
1486 5535 45 27 OP
1543 5535 84 27 THIS
1644 5534 123 28 PAPER.

1397 5600 230 31 WANTED
1648 5622 7 7 .

1253 5678 190 47 TyANTED
1467 5684 23 22 Rt
1514 5687 61 18 once
1597 5687 12 18 a
1629 5676 64 38 good
1710 5676 93 28 Lad.

1356 5716 92 37 Apply,

1344 5766 130 28 OFFICE
1487 5765 44 28 OF
1543 5764 84 29 THIS
1641 5764 126 29 PAPER.

1836 225 175 44 DUNEDIN
2026 222 140 46 PRICES
2178 222 31 42 &
2223 217 161 46 VALUES

1893 340 433 60 i^Ciipseu,

1834 440 76 32 NOT
1929 442 75 31 FOR
2025 443 75 30 ONE
2114 435 138 36 MONTH
2272 432 117 38 ONLY,

2090 529 48 20 BUT

1858 593 78 44 ALL
1968 594 78 43 THE
2081 592 105 44 YEAR
2218 588 148 52 ROUND,

2095 661 32 19 BY

1848 724 83 54 W.
1957 725 55 53 T.
2036 716 355 66 TALBOYS,

1975 811 284 36 ROXBURGH,

1841 867 71 30 Who
1933 868 23 30 is
1980 879 59 19 now
2062 866 124 37 Offering
2205 865 47 29 the
2274 863 118 29 Balance

2070 908 29 30 of
2119 907 42 29 his

1924 959 235 40 WINTER

2021 999 287 60 'drapery

1841 1089 28 26 at
1895 1087 90 29 Prices
2006 1086 87 29 which
2112 1084 107 30 MUST
2241 1082 152 32 Command

1927 1129 46 28 the
1987 1127 145 31 Attention
2150 1126 28 29 of
2191 1126 115 39 Buyers.

1929 1284 194 44 Come-and
2149 1282 66 44 See
2241 1281 67 43 Our

1844 1357 42 28 All
1910 1356 82 29 Wool
2018 1354 174 38 Wellington
2218 1354 125 36 Flannel,
2365 1356 28 26 at

1921 1401 25 25 Is
1963 1397 31 28 Id
2006 1408 47 27 per
2065 1396 68 38 yard

1844 1449 92 28 White
1973 1448 130 34 Ci&oes,
2128 1448 72 27 from
2228 1448 29 27 2s
2284 1446 36 29 6d
2345 1455 48 29 per

1915 1484 120 35 (i'JtfK-

1829 1538 1 44 |
2177 1540 70 28 from
2258 1540 29 27 2s
2298 1538 37 28 9d
2344 1547 48 29 per

1914 1579 144 37 dozen-v^

1843 1633 93 27 White
1971 1633 139 36 Shirtings
2142 1633 111 34 (double
2291 1632 99 36 width(

1912 1674 70 27 from
2003 1673 28 39 10
2039 1674 30 30 id
2083 1684 48 28 per
2144 1673 67 39 yard

1843 1724 94 30 White
1950 1725 119 29 Turkish
2081 1724 113 35 Towels,
2209 1725 70 29 from
2300 1725 31 28 4s
2353 1724 36 28 6d

1910 1776 50 27 pe*
1972 1766 85 30 dozen

1838 1810 88 29 Linen
1940 1811 219 40 Tablings,from
2174 1813 29 27 Is
2213 1811 35 28 3d
2262 1821 49 28 per
2320 1810 67 38 yard

1844 1856 65 29 Men
1913 1856 21 29 's
1949 1858 102 30 Lambs
2065 1858 80 28 Wool
2159 1858 95 35 Pants,
2277 1858 31 28 2s
2337 1858 49 28 lid

1912 1908 49 27 per
1975 1897 73 39 pair*

1841 1938 87 27 Men's
1944 1938 97 28 Cotton
2058 1938 93 34 Pants,
2164 1938 70 27 from
2246 1939 29 26 Is
2290 1938 33 27 3d
2338 1948 49 26 per

1910 1978 59 37 pair

1839 2018 136 28 Coloured
1996 2018 59 28 Silk
2070 2017 232 35 Handkerchiefs,
2316 2017 69 29 from

1908 2060 27 27 Is
1949 2059 66 29 each

1839 2098 90 31 Men's
1944 2100 63 29 Soft
2020 2099 60 30 Felt
2094 2100 80 35 Hats,
2185 2099 70 29 from
2281 2100 26 27 Is
2334 2099 51 29 lid

1908 2141 65 28 each

1841 2180 61 29 Heal
1915 2181 70 29 Bear
1999 2180 78 40 Long
2089 2181 55 29 Fur
2157 2180 80 36 Boas,
2252 2179 70 30 from
2338 2182 47 28 12s

1910 2222 33 28 Gd
1956 2222 66 29 each

1839 2301 120 29 DRESS
1994 2302 141 30 STUFFS
2168 2304 28 28 in
2231 2301 154 37 SERGES,

1882 2342 169 37 TWEEDS,
2070 2344 134 29 &c.All
2223 2343 126 30 reduced.

2044 2425 24 28 A
2089 2425 53 28 Lot
2155 2425 30 28 of

1838 2472 179 29 MANTLES
2047 2473 23 28 &
2092 2474 295 34 WATERPROOFS,

1856 2526 39 28 At
1909 2524 88 40 prices
2012 2524 85 31 which
2112 2528 74 27 must
2199 2526 73 30 clear
2284 2526 84 30 them.

1912 2607 20 26 A
1952 2606 131 38 Splendid
2098 2608 176 26 Assortment
2286 2607 30 27 of

1839 2658 114 28 MEN'S
1987 2658 23 28 &
2045 2658 107 29 BOYS'
2183 2657 205 36 CLOTHING,

1920 2698 180 37 HOSIERY,
2124 2698 182 37 SCARVES,

2003 2740 146 34 SHiRTS,
2171 2740 48 30 &c.

1839 2820 115 28 MEN'S
2000 2820 138 29 TWEED
2187 2822 110 28 SUITS
2343 2822 48 30 TO

1902 2860 193 36 MEASURE,
2119 2861 49 29 60s
2191 2862 137 40 (special).

1907 2942 25 26 A.
1959 2941 58 29 well
2045 2943 122 27 assorted
2197 2943 79 28 stock
2302 2944 29 29 of

1945 2982 131 35 BOOTS,
2090 2992 53 19 AND
2171 2983 120 30 SHOES

1996 3023 101 39 alfvays
2110 3034 35 19 on
2159 3024 83 31 hand.

2038 3081 5 11 \

1898 3117 214 32 ROXBURGH
2144 3118 191 31 ATHLETIC

1978 3157 140 30 SPORTS
2142 3159 110 29 CLUB.

1839 3237 44 40 Hp
1889 3237 47 25 FIB
1949 3238 72 26 ANN
2027 3227 44 39 Th
2079 3238 125 26 LGENE
2210 3238 40 24 RA
2258 3238 19 25 L
2283 3239 28 24 M
2317 3239 56 25 EET-

1921 3273 64 27 ING
1999 3276 27 24 of
2037 3278 39 24 the
2102 3273 76 27 above
2201 3273 64 27 Club
2291 3274 48 27 will
2363 3275 28 27 he

1839 3310 55 27 held
1918 3311 24 26 in
1963 3312 40 26 fhe
2029 3312 149 27 Athenaeum
2204 3321 30 17 on
2262 3311 107 29 SATUR-

1841 3349 82 30 DAY,
1945 3349 71 27 23rd
2041 3350 164 26 OCTOBER
2230 3350 140 34 (TO-MOR-

1840 3386 82 26 ROW
1936 3386 181 33 EVENING),
2130 3394 24 18 ar
2166 3387 14 26 8
2192 3396 56 25 p.m.
2289 3389 20 24 A
2323 3387 68 36 large

1839 3423 147 28 attendance
1999 3424 27 27 of
2036 3425 125 26 Members
2180 3424 49 28 and
2253 3424 138 38 Intending

1839 3461 125 27 Members
1977 3462 20 26 is
2011 3462 136 37 requested.

2093 3511 26 28 J.
2133 3513 31 26 A.
2180 3512 106 33 BOYD,

2221 3549 67 29 Hon.
2302 3549 52 28 Sec.

1855 3610 378 29 ROXBURGH-HERIOT
2265 3611 84 29 RAIL-

1975 3650 92 29 WAY
2086 3650 165 31 LEAGUE.

1853 3728 19 26 A
1901 3727 133 28 PUBLIC
2056 3727 174 30 MEETING,
2251 3728 79 27 under
2349 3728 41 28 the

1924 3767 110 31 auspices
2059 3765 27 27 of
2109 3766 40 27 the
2177 3766 78 27 above
2279 3767 110 36 League,

1836 3803 48 26 will
1913 3803 29 26 he
1973 3803 55 28 held
2054 3810 25 21 at
2107 3805 41 26 the
2180 3805 149 27 Athemenm
2358 3815 30 18 on

1836 3841 169 27 TUESDAY
2034 3841 162 28 EVENING
2230 3843 108 33 NEXT,
2364 3851 25 18 at

1836 3879 14 26 8
1870 3887 58 27 p.m.

1871 3924 135 28 Business
2008 3925 71 26 To
2092 3925 92 27 receive
2199 3926 40 25 the
2255 3926 95 33 Report
2364 3927 26 27 of

1940 3964 41 25 the
1997 3962 120 36 Delegate
2131 3965 48 25 and
2194 3963 106 28 General
2314 3965 72 26 Busi-

1871 4050 129 29 Evervone
2013 4050 119 36 cordially
2146 4050 100 27 invited.

2055 4099 25 28 P.
2101 4099 22 28 J.
2147 4098 136 30 DUNNE.

1907 4137 56 27 Hon
1985 4138 45 26 Sec
2056 4137 77 27 R.-H.
2152 4137 109 27 Rilwv
2279 4138 104 34 League.

1835 4199 213 30 ROXBURGH
2077 4198 168 32 CYCLING
2276 4200 108 31 CLUB.

1851 4278 18 26 A
1900 4276 152 28 SPECIAL
2077 4276 173 29 GENERAL
2274 4276 88 28 MEET-

1924 4315 63 27 ING
2003 4315 27 26 of
2046 4315 40 27 the
2100 4315 77 27 above
2189 4315 64 27 Club
2268 4316 20 26 is
2308 4316 76 26 called

1834 4351 36 27 for
1892 4351 208 34 THURSDAY,
2114 4352 72 27 28th
2212 4351 172 35 OCTOBER,

1834 4391 22 26 in
1872 4390 42 27 the
1928 4390 161 32 Athenaeum,
2103 4396 25 20 at
2141 4391 15 26 8
2171 4400 56 25 p.m.

1870 4440 210 28 BusinkssTo
2102 4440 113 27 consider
2228 4441 114 35 question
2363 4442 22 24 of

1939 4478 134 25 Affiliation
2103 4484 23 19 to
2152 4478 99 27 Lpv.<zuk
2274 4478 28 26 of
2323 4478 62 28 i\.Z.

1939 4513 173 31 Wheelmen./

2039 4553 22 26 B
2090 4552 30 28 V.
2142 4553 139 31 REILLY,

2215 4591 62 25 Hon.
2298 4591 52 26 Spo.

1967 4667 98 29 MAIL
2103 4667 152 30 NOTICE.

1860 4739 43 21 The
1914 4741 49 19 next
1976 4741 83 26 English
2067 4742 40 20 and
2119 4741 105 24 European
2236 4740 56 24 Mail,
2304 4741 31 19 via
2345 4741 39 19 Sao

1838 4767 78 21 Francif
1920 4774 30 15 co,
1968 4768 40 21 will
2018 4769 52 21 close
2083 4771 21 19 at
2116 4769 40 20 this
2164 4769 63 20 Office
2244 4775 25 13 on
2285 4768 99 25 Tued;iy,

1837 4795 35 20 the
1882 4795 32 26 261
1925 4795 10 26 h
1946 4795 86 26 October,
2041 4799 21 19 at
2068 4797 11 22 7
2089 4803 49 15 a.m.

2091 4840 23 19 T.
2130 4837 77 25 COOP,
2223 4838 134 19 Postmaster.

1858 4871 51 22 P.O.
1921 4871 117 23 Roxburgh.
2051 4873 30 21 Ist,
2091 4872 94 25 Ootoher,
2197 4871 56 21 1897.

1883 4935 125 30 COURT
2030 4934 307 31 APPOINTMENTS.

1855 5016 43 20 The
1920 5016 101 25 following
2041 5023 33 15 are
2093 5017 37 21 the
2143 5016 64 21 Court
2230 5015 154 25 appointments

1830 5050 108 25 (Wardens
1959 5051 40 21 and
2020 5052 137 26 Magistrates)
2171 5052 32 21 for
2222 5051 35 20 the
2271 5050 115 20 Dunstan-

1839 5085 108 27 Wakatipu
1957 5086 79 21 district
2044 5087 32 21 for
2084 5088 34 20 the
2131 5087 70 21 month
2212 5085 21 21 of
2243 5085 140 21 November

1857 5129 259 28 QueenstownMonday,
2130 5131 40 26 Ist,
2180 5131 22 20 at
2211 5129 19 21 11
2244 5135 47 15 a.m.

1855 5164 193 26 ArrowTuesday
2067 5166 40 21 and
2125 5164 139 26 Wednesday,
2284 5164 40 21 2nd
2343 5164 40 21 aDd

1929 5191 44 27 3rd,
1983 5194 21 18 at
2015 5193 21 20 11
2047 5199 48 17 a.m.

1855 5225 240 27 CromwellThursday
2106 5226 41 23 and
2159 5226 80 26 Friday,
2251 5226 36 21 4th
2297 5226 40 21 and
2346 5226 36 21 sth

1929 5255 21 18 at
1961 5252 22 21 11
1993 5259 49 14 a.m.

1854 5289 199 26 ClydeSaturday,
2065 5289 42 25 6th,
2119 5291 22 19 at
2152 5289 22 21 11
2184 5296 50 14 a.m.

1854 5323 240 27 AlexandraMonday,
2104 5325 45 25 Bth,
2159 5326 22 19 at
2191 5325 24 20 11
2224 5331 48 14 a.m.

1854 5358 245 25 RoxburghThursday
2116 5360 41 20 and
2176 5359 82 26 Friday,
2281 5359 46 21 Llth
2340 5359 40 20 and

1929 5385 55 26 12th,
1994 5388 22 17 at
2025 5385 24 20 10
2057 5393 48 14 a.m.

1854 5418 236 27 PembrokeMonday,
2102 5419 55 26 15th,
2164 5421 23 19 at
2197 5420 23 20 11
2229 5426 49 16 a.m.

1855 5455 135 25 Queenstown
1992 5454 121 26 Monday,
2123 5455 60 25 22nd,
2194 5457 21 18 at
2225 5455 20 20 11
2258 5461 49 14 a.m.

1854 5496 173 22 Note.Where
2036 5496 58 21 there
2103 5504 34 14 are
2146 5499 41 19 two
2196 5497 120 25 succeeding
2330 5496 50 26 daya

1830 5524 53 21 fixed
1901 5524 31 20 for
1941 5531 12 13 a
1969 5523 70 26 sitting
2055 5524 21 20 of
2094 5524 36 21 the
2149 5525 74 21 Courts
2242 5525 20 20 in
2281 5531 40 19 any
2340 5531 38 14 on*

1830 5551 79 25 month,
1932 5551 27 20 all
1980 5557 54 14 cases
2061 5550 41 21 and
2129 5552 133 26 applications
2281 5552 64 24 must,
2364 5550 17 21 if

1831 5578 93 27 possible,
1935 5578 24 21 be
1968 5580 31 19 set
2008 5577 59 22 down
2077 5577 32 22 for
2123 5579 36 21 the
2176 5579 44 21 first
2230 5578 21 22 of
2262 5578 48 22 such
2323 5578 57 26 days.

1831 5606 34 20 All
1875 5606 170 24 correspondence
2051 5606 32 20 for
2092 5606 35 22 the
2135 5607 116 26 Magistrate
2258 5614 23 14 or
2290 5606 90 21 Warden

1830 5633 72 21 should
1912 5633 23 19 be
1945 5633 70 26 posted
2026 5635 21 18 to
2056 5633 41 21 him
2116 5636 22 19 at
2156 5635 136 26 Queenstown
2310 5633 70 21 unless

1830 5668 22 13 so
1863 5661 70 26 posted
1943 5668 21 12 as
1980 5663 21 17 to
2011 5663 54 18 meet
2075 5661 42 21 him
2127 5665 21 18 at
2157 5669 39 19 any
2206 5662 71 25 sitting
2289 5659 55 23 fixed
2359 5661 21 20 in

1831 5688 35 21 the
1875 5687 63 21 altove
1947 5688 42 21 list.

1997 5715 162 23 FREDERICK
2171 5716 133 27 JEFFEItY,

2031 5743 39 21 Pro
2081 5743 87 23 Warden
2178 5745 40 21 and
2229 5745 117 26 Magistrate

1854 5776 71 25 Clyde,
1936 5776 48 23 14th
1994 5776 95 25 October,
2102 5776 55 23 1897.
2241 5771 3 30 '
