4220 5890
146 197 37 37 (2)
209 198 81 30 From
305 200 123 30 Victoria
448 211 31 19 or
494 200 164 30 Vancouver

104 241 30 26 to
160 238 48 30 the
242 240 70 29 head
338 241 29 29 of
392 242 47 28 the
465 241 80 39 Lynn
574 240 83 31 Canal

107 280 95 35 (1,000
215 280 101 37 miles),
336 282 99 29 thence
455 282 39 38 by
516 282 47 28 the
585 281 59 30 Chil-

105 320 67 28 koot
186 320 69 29 Pass
269 332 31 18 or
314 322 45 28 the
385 322 96 29 White
504 322 67 29 Pass
594 323 64 35 (two

103 360 81 39 days)
201 365 29 25 to
244 362 46 29 the
305 363 104 35 Lewes,
424 374 30 18 or
475 364 70 27 head
560 366 98 25 waters

103 402 30 28 of
146 402 47 28 the
207 402 103 30 Yukon
337 404 93 35 Puver,
457 404 55 29 and
538 403 120 36 through

103 443 49 27 the
205 444 55 27 bite
275 444 92 29 Horse
392 445 104 37 Rapids
519 444 78 27 down
611 444 47 27 the

103 482 114 36 Yukon,
251 484 89 28 which
373 485 22 26 is
439 484 147 34 navigable
620 483 36 37 by

103 532 133 19 steamers
262 532 29 19 to
313 525 46 26 tlie
383 524 158 38 Klondyke.
582 524 56 36 Bag-

105 575 72 25 gage
191 565 53 27 and
260 565 152 38 provisions
436 575 49 18 can
514 565 33 27 be
575 564 80 27 taken

105 605 38 35 by
159 605 80 28 horse
253 616 30 17 cr
303 605 98 28 Indian
427 605 113 29 carriers
566 613 90 19 across

105 645 48 28 the
163 656 102 27 passes,
280 645 53 29 and
347 655 96 19 canoes
458 655 30 18 or
501 645 79 27 boats
594 654 61 26 may

106 685 34 28 be
154 685 70 28 built
238 685 43 28 for
297 686 44 27 'lie
365 691 83 21 water
469 688 62 32 part
557 684 30 26 of
609 684 46 26 the

105 725 124 39 journey.
348 729 78 26 route
445 724 22 30 is
490 722 165 40 practicable

105 768 62 27 onlv
183 767 68 27 from
268 767 73 26 June
354 771 27 20 to
396 766 172 35 September.

143 806 57 28 The
214 806 73 27 word
327 804 149 36 Klondyke
521 804 21 26 is
556 813 15 17 a
584 802 67 28 local

105 846 156 36 corruption
302 845 29 27 of
361 844 47 28 the
446 842 97 28 Indian
578 842 72 26 word

340 884 85 28 which
436 892 92 19 means

105 926 29 27 of
261 925 69 27 from
357 924 47 27 the
423 923 57 29 fact
501 922 60 28 that
582 922 19 26 it
628 922 24 27 is

104 977 13 16 a
133 966 106 27 famous
253 964 101 28 salmon
370 967 108 24 stream.
519 961 132 39 Isubjoin

106 1018 32 15 an
154 1009 104 24 extract
272 1004 69 28 from
366 1004 46 27 the
437 1006 93 33 report
555 1002 28 28 of
608 1002 45 28 Mr

105 1046 118 36 Ogilvie,
237 1044 62 28 land
315 1054 138 28 surveyor,
481 1042 80 28 dated
585 1042 51 38 Sep-

104 1087 105 27 tember
235 1086 14 26 6
253 1088 9 13 +
265 1085 27 34 h,
309 1084 78 28 1806.
428 1084 30 27 In
479 1083 55 27 this
560 1086 93 34 report

105 1127 35 28 he
164 1129 84 26 states
274 1125 59 28 that
360 1125 46 28 the
432 1124 141 35 discovery
599 1134 54 17 was

106 1166 78 29 marie
213 1172 33 30 by
281 1164 33 28 G.
345 1164 44 29 W.
424 1163 143 32 Cormack,
593 1164 60 27 who

106 1206 110 29 worked
230 1205 64 28 with
310 1204 108 36 Ogilvie
444 1216 32 16 on
505 1204 47 28 the
577 1207 76 25 coast

105 1258 93 25 range.
239 1245 150 38 Klondyke
421 1244 87 29 Creek
537 1245 54 28 and
618 1244 35 28 its

106 1287 134 30 branches
253 1296 45 19 are
321 1286 135 28 reckoned
479 1289 28 24 to
532 1286 71 36 yield
625 1290 28 23 at

106 1330 69 28 least
184 1328 53 29 500
251 1327 115 39 payable
380 1326 102 29 claims.
525 1326 126 29 Between

109 1369 148 37 Klondyke
288 1367 53 28 and
369 1368 117 26 Stewart,
512 1367 95 27 creeks
639 1377 12 16 a

106 1409 72 28 third
207 1407 89 35 creek,
322 1406 86 29 called
430 1406 98 28 Indian
556 1406 98 34 Creek,

107 1451 75 28 flows
195 1450 58 27 into
264 1449 46 27 the
321 1447 112 35 Yukou,
444 1447 50 28 and
507 1447 56 29 rich
578 1458 60 21 pros-

108 1494 77 34 pects
198 1490 69 27 have
275 1489 68 26 been
359 1487 83 28 found
453 1498 34 17 on
498 1488 22 27 it
569 1487 68 26 Writ-

107 1531 50 38 ing
181 1541 34 19 on
247 1529 122 37 January
404 1527 74 37 11th,
506 1528 78 33 1897,
611 1527 44 28 Vv

107 1571 110 36 Ogilvie
243 1580 60 27 says
372 1569 58 28 The
454 1573 105 34 reports
583 1569 69 26 from

108 1611 151 38 Klondyke
272 1621 45 18 are
340 1609 54 30 still
417 1620 65 28 very
505 1620 132 24 encourag-

107 1654 57 35 ing.
205 1653 63 28 Men
290 1655 101 24 cannot
416 1651 34 27 be
476 1654 49 30 got,
538 1654 28 23 to
580 1650 72 26 work

108 1694 44 28 for
163 1693 61 28 h>ve
238 1703 30 17 or
282 1701 98 27 money
394 1703 5 16 :
413 1689 41 29 six
466 1690 126 34 shillings
601 1690 51 26 and

108 1733 127 39 upwards
249 1742 49 28 per
310 1732 69 28 hour
392 1731 22 28 is
428 1731 45 28 the
488 1741 90 27 wages
591 1730 62 38 paid

108 1779 28 23 to
149 1775 47 27 the
209 1775 51 26 few
275 1782 61 18 men
352 1772 61 27 who
438 1772 69 27 have
528 1775 29 24 to
579 1771 74 28 work

107 1815 43 29 for
163 1815 68 34 hire,
254 1813 53 28 and
333 1812 59 29 who
418 1812 75 29 work
519 1822 29 18 as
575 1821 79 28 many

107 1856 83 28 hours
204 1865 29 18 as
256 1854 65 36 they
343 1853 65 28 like.
449 1853 81 28 Some
556 1853 29 28 of
610 1852 45 28 the

108 1896 94 28 claims
215 1905 46 17 are
282 1904 30 18 so
335 1893 57 28 rich
407 1893 58 28 that
480 1903 79 27 every
574 1893 82 36 night

108 1948 12 17 a
136 1936 52 29 few
201 1946 69 28 pans
284 1935 29 27 of
326 1934 55 27 dirt
401 1934 93 27 suffice
507 1938 28 23 to
548 1944 52 27 pay
615 1934 41 27 for

108 1978 47 28 the
174 1976 77 29 hired
273 1975 74 37 help,
369 1975 54 27 and
449 1975 55 27 £4O
536 1976 45 26 10s
608 1975 47 27 has

108 2018 69 27 been
193 2016 126 38 reported
335 2025 29 16 as
386 2015 46 27 the
454 2015 120 37 produce
594 2015 28 25 of
641 2024 15 17 a

108 2057 89 37 single
211 2067 64 28 pan,
288 2055 52 30 but
353 2055 54 30 this
420 2055 22 29 is
456 2058 48 26 not
517 2053 139 39 generally

144 2142 24 25 A
181 2138 122 38 corporal
315 2138 26 27 in
354 2138 45 26 the
408 2136 132 28 Mounted
555 2136 101 34 Police,

107 2180 113 39 writing
244 2179 71 29 from
343 2178 110 35 Yukon,
480 2176 72 30 June

106 2232 63 26 says
357 2220 32 33 is,
422 2220 48 26 bar
494 2228 81 22 none,
609 2218 46 27 the

107 2261 102 28 richest
234 2260 64 37 gold
328 2269 78 27 camp
433 2258 25 27 in
486 2258 47 28 the
561 2256 94 29 world.

106 2302 65 29 Men
186 2301 74 28 wash
274 2305 47 23 out
335 2298 151 30 thousands
511 2298 28 28 of
553 2297 100 29 dollars

106 2354 16 17 a
145 2343 52 35 day
211 2354 5 17 :
249 2343 58 28 £4O
331 2340 52 29 and
416 2340 57 29 £6O
505 2350 13 17 a
554 2350 51 26 pan
633 2339 22 28 is

106 2383 128 37 nothing.
277 2382 101 37 Wages
390 2391 45 17 are
446 2380 68 28 from
524 2381 38 27 £3
576 2390 15 16 a
602 2379 53 37 day

108 2423 54 29 and
185 2434 45 28 up.
271 2423 43 28 All
341 2432 51 18 our
414 2431 61 19 men
501 2420 59 29 who
585 2430 71 18 were

106 2465 64 28 here
184 2465 69 26 have
267 2463 78 28 made
365 2463 122 27 fortunes
501 2460 52 29 and
569 2460 83 28 taken

105 2505 72 28 their
190 2503 155 34 discharge,
359 2502 52 28 and
427 2502 12 28 I
466 2502 70 38 hope
562 2505 28 24 to
616 2500 35 29 do

105 2545 49 27 the
167 2555 82 16 same.
289 2543 106 34 Things
418 2552 44 17 are
486 2552 15 16 a
526 2541 126 36 frightful

106 2585 75 36 price
202 2583 80 28 here:
317 2582 68 28 Hair
410 2585 46 25 cut.
482 2581 52 28 and
561 2580 92 35 shave,

109 2626 65 34 10s;
195 2625 78 34 flour,
287 2625 30 26 4s
331 2634 15 17 a
360 2623 37 28 lb.
437 2622 84 28 Fresh
541 2625 72 25 meat
632 2622 22 28 is

107 2666 156 27 unknown:
286 2674 39 17 we
350 2664 54 27 live
429 2674 33 16 on
489 2664 84 26 bacon
600 2662 52 27 and

106 2706 101 34 beans;
235 2705 51 28 but
307 2714 40 17 we
369 2714 49 17 can
444 2703 78 28 catch
548 2702 35 28 alt
607 2702 46 28 the

105 2747 105 28 aalmon
238 2756 39 17 we
303 2748 73 24 want
399 2745 25 26 in
448 2744 45 27 the
507 2744 79 32 river,
600 2744 53 26 and

105 2785 180 36 occasionally
318 2795 39 16 we
385 2788 45 29 get
461 2794 14 16 a
501 2792 89 18 moose
623 2793 30 17 or

103 2826 119 29 cariboo.
264 2825 12 28 I
291 2835 49 18 can
355 2824 34 28 lie
411 2824 26 27 in
453 2823 53 29 bed
521 2822 52 29 and
588 2823 62 28 read

104 2867 84 37 easily
202 2871 28 24 at
244 2865 148 38 midnight.
432 2865 27 27 It
485 2874 81 18 never
592 2871 61 29 gets

103 2907 69 29 dark
187 2908 26 27 in
228 2918 128 17 summer.
396 2905 53 29 We
463 2916 45 17 are
534 2904 63 38 only
618 2905 34 27 90

104 2948 77 29 miles
191 2948 69 28 from
274 2947 45 28 the
334 2946 91 29 Arctic
437 2945 96 28 Circle.
567 2945 13 26 'J
590 2945 65 26 here

103 2988 23 29 is
136 2998 35 18 no
185 2987 115 38 coinage
313 2987 74 28 here.
426 2985 53 29 We
489 2989 48 33 get
550 2984 63 38 paid
625 2984 27 27 in

100 3028 69 39 gold
185 3029 62 28 dust
263 3027 52 28 and
342 3030 132 34 nuggets,
500 3025 87 29 which
615 3036 39 16 we

103 3079 78 27 carry
195 3070 26 26 in
234 3069 71 27 little
316 3067 105 28 leather
434 3067 88 27 sacks.
564 3067 25 25 A\
602 3066 51 26 hen

103 3119 54 18 vou
173 3119 54 28 pay
240 3119 16 16 a
269 3107 47 28 bill
331 3118 54 26 you
406 3107 73 28 hand
503 3116 65 18 over
587 3116 69 28 your

103 3149 75 35 sack,
206 3149 65 36 they
299 3148 88 34 weigh
418 3151 49 24 out
491 3147 73 27 what
590 3146 65 36 they

103 3194 73 22 want
196 3189 53 27 and
270 3187 73 29 hand
365 3187 70 28 back
451 3187 46 27 the

203 3284 100 41 What
335 3283 122 49 People
490 3281 76 50 Say.

101 3343 49 29 Mr
186 3342 120 29 William
344 3342 107 38 Taylor,
484 3342 168 29 commercial

101 3384 138 35 traveller,
250 3384 80 37 Bong
339 3384 81 36 Bong
427 3383 98 35 Street,
532 3384 117 33 Bowral,

102 3422 112 30 N.S.W
225 3447 7 12 ,
240 3424 90 28 writes
337 3434 33 18 on
381 3423 73 29 June
461 3423 58 35 3rd,
532 3424 66 28 1896
610 3435 42 16 :

104 3463 84 29 Some
216 3464 66 28 time
296 3475 52 26 ago
360 3464 12 28 I
388 3473 54 18 was
455 3473 65 28 very
544 3463 28 28 ill
586 3463 66 29 with

104 3504 145 36 influenza,
263 3504 121 37 brought
397 3515 34 18 on
449 3504 37 38 by
511 3504 140 30 overwork

104 3546 52 28 and
172 3556 105 26 worry;
291 3546 26 27 iu
332 3546 56 28 fact
402 3547 11 26 1
430 3556 55 17 was
500 3556 73 18 more
584 3546 68 28 dead

104 3586 66 29 than
198 3586 77 28 alive.
316 3586 9 27 1
355 3586 78 28 could
456 3589 48 25 not
529 3589 52 32 eat,
608 3596 46 28 my

103 3627 77 34 sight
194 3637 55 17 was
274 3626 141 38 impaired,
432 3626 53 28 and
501 3626 12 27 I
531 3637 54 17 was
600 3627 55 27 also

103 3666 116 30 affected
235 3666 64 28 with
314 3666 171 33 drowsiness,
501 3666 154 38 giddiness,

103 3708 53 28 and
192 3707 113 28 costivei
317 3717 52 18 ess.
408 3706 156 37 Returning
586 3708 70 27 from

103 3748 128 28 business
245 3756 51 18 one
310 3746 128 38 evening,
454 3746 13 27 I
482 3746 119 28 chanced
628 3750 28 24 to

103 3792 73 24 meet
199 3798 15 17 a
228 3786 89 29 friend
344 3787 60 28 who
417 3786 84 28 asked
517 3797 43 17 me
583 3787 73 27 what

103 3838 55 18 was
172 3828 47 28 the
234 3831 109 30 matter,
361 3826 77 28 when
454 3826 66 35 told,
549 3827 34 27 he
609 3827 32 27 ad-

104 3868 75 29 vised
196 3878 42 18 me
249 3873 28 23 to
289 3871 43 33 try
348 3866 138 30 Clements
510 3868 94 34 Tonic,
628 3878 29 16 so

103 3909 14 28 I
144 3913 73 23 went
235 3908 54 27 and
314 3908 107 36 bought
443 3918 13 16 a
484 3908 95 33 bottle,
604 3908 52 26 and

103 3948 95 29 before
209 3952 45 24 tea
267 3947 13 29 I
295 3947 65 29 took
375 3947 46 29 the
436 3947 58 28 first
508 3946 74 35 dose,
602 3946 53 29 and

103 3989 116 28 another
263 3993 67 23 next
391 3987 128 38 morning
565 3987 93 28 before

103 4029 151 34 breakfast,
268 4029 54 27 and
334 4028 14 28 I
362 4038 93 19 assure
468 4039 53 26 you
534 4027 13 28 I
559 4027 50 28 felt
623 4038 33 17 an

96 4070 225 38 .improvement;
347 4068 146 35 therefore,
516 4068 13 28 I
557 4068 98 37 gained

103 4110 169 34 confidence,
296 4109 54 28 and
374 4108 148 29 continued
546 4108 70 28 until
644 4109 10 27 I

101 4150 54 29 had
167 4150 116 29 finished
298 4150 46 28 the
363 4149 88 28 bottle
466 4149 77 28 when
569 4148 14 29 I
606 4148 51 29 felt

103 4191 113 38 perfect,
228 4192 54 27 and
298 4191 75 27 since
388 4190 65 27 then
470 4190 12 27 I
497 4191 65 26 take
576 4190 64 27 noth-

101 4232 50 34 ing
164 4231 55 27 else
240 4231 80 26 when
332 4235 47 22 out
393 4229 30 28 of
436 4233 79 23 sorts.
556 4229 13 27 I
584 4229 68 27 have

102 4270 208 30 recommended
343 4270 22 27 it
398 4275 28 22 to
449 4280 82 28 many
563 4269 95 37 people

101 4312 83 34 since,
199 4311 67 27 with
277 4310 102 28 similar
390 4309 110 28 results.
540 4309 60 28 You
613 4320 44 17 are

99 4357 29 23 at
142 4352 101 38 liberty
257 4355 28 24 to
297 4350 112 37 publish
423 4350 54 28 this
491 4350 21 28 if
525 4360 53 28 you
589 4350 65 28 wish

97 4392 45 29 for
156 4392 46 27 the
216 4391 102 28 beuefit
339 4390 30 29 of
390 4390 262 29 others.—William

97 4431 109 39 Taylor,
238 4431 82 37 Bong
357 4430 141 38 Boug-st.,
538 4430 117 35 Bowral,

99 4471 121 29 N.S.W.

257 4564 240 42 Commercial.

136 4645 105 28 Messrs
255 4644 121 38 Dalgety
390 4643 53 28 and
458 4643 48 29 Co.
518 4648 94 34 report
623 4655 30 17 as

99 4685 108 30 follows
221 4696 45 16 :

139 4725 191 28 Rnbbitskins.
333 4726 53 26 —'1
393 4725 34 28 lie
497 4725 157 38 catalogues

101 4765 102 30 offered
224 4765 55 28 this
299 4765 76 28 week
399 4775 71 18 were
492 4765 87 35 small,
600 4765 53 28 and

101 4807 48 28 the
163 4805 105 39 quality
281 4805 28 28 of
324 4805 46 28 the
383 4805 77 28 skins
473 4815 70 19 were
557 4810 47 24 not
617 4816 37 27 up

93 4850 37 26 -to
140 4846 53 29 last
203 4845 100 30 week's
313 4845 139 30 standard.
492 4846 87 29 There
589 4857 62 25 was,

96 4888 138 31 however,
259 4897 16 16 a
289 4886 73 34 good
377 4886 127 33 demand,
532 4887 54 26 and
603 4887 50 26 full

97 4926 94 27 values
209 4935 67 18 were
287 4925 130 28 obtained
428 4925 43 28 for
483 4925 37 27 all
532 4925 105 39 descrip-

97 4966 73 29 tions
209 4965 66 30 Best
287 4965 110 30 winters
407 4965 110 37 (chiefly
527 4966 78 36 does)
621 4972 28 23 to

98 5007 83 34 14|d,
196 5007 66 26 Best
276 5006 110 27 winters
409 5007 115 35 (mixed)
624 5010 29 24 to

98 5046 49 36 14£
147 5046 33 36 d,
195 5045 100 29 second
323 5045 110 29 winters
456 5045 91 29 12dto

82 5085 3 39 •
92 5085 120 30 inferior
228 5085 42 39 10£
284 5085 14 39 d
312 5085 29 39 to
452 5085 112 39 springs
574 5085 36 28 9d
625 5090 27 23 to

97 5127 65 32 lid,
176 5136 133 19 summers
323 5126 36 29 5d
383 5132 29 23 to
428 5126 44 36 6d,
487 5125 96 30 blacks
600 5125 52 29 13d

82 5172 44 28 ..to
144 5166 62 28 16d.

135 5205 275 38 Sheepskins.—The
441 5205 119 29 demand
595 5205 55 29 this

97 5247 78 29 week
189 5256 54 18 was
267 5247 81 37 again
368 5247 77 29 brisk
459 5247 44 28 for
515 5246 36 28 all
577 5246 73 38 good

95 5286 145 30 crossbred
250 5287 54 28 and
318 5287 104 29 merino
435 5287 78 28 skins
532 5286 117 29 suitable

95 5328 44 28 for
162 5326 150 39 shipping;
336 5327 80 28 other
441 5332 81 29 sorts,
541 5326 106 39 though

95 5372 49 24 not
154 5377 30 18 so
193 5368 123 37 strongly
327 5367 127 38 inquired
464 5368 54 33 for,
532 5367 116 28 realized

94 5408 54 28 fair
184 5407 102 29 values.
329 5407 64 29 Best
420 5406 147 31 crossbred
594 5407 54 28 and

94 5447 127 29 halfbred
245 5447 36 28 5d
296 5458 48 26 per
356 5447 39 34 lb,
409 5448 121 27 medium
620 5451 28 24 to

95 5486 66 37 4Jd,
170 5485 83 29 fallen
266 5486 78 27 skins
357 5485 55 37 3£d
426 5489 29 26 to
469 5486 47 36 4d,
530 5485 119 29 merinos

94 5528 38 29 4d
147 5532 28 25 to
188 5526 65 38 4£d,
278 5526 121 30 medium
424 5531 30 26 to
466 5527 115 30 inferior

97 5576 28 21 to
141 5568 64 35 3£d,

131 5606 191 31 Hides.—We
344 5606 71 29 have
442 5618 34 17 an
506 5607 143 28 unlimited

92 5649 120 30 demand
225 5652 29 25 at
268 5647 168 39 quotations.
475 5648 68 29 Best
557 5649 87 36 heavy

90 5700 36 19 ox
155 5689 78 29 hides
247 5688 38 28 4d
297 5691 28 25 to
337 5687 55 36 4fd
406 5696 50 30 per
470 5687 40 36 lb,
531 5687 119 28 medium

90 5731 56 37 2£d
162 5736 28 25 to
214 5728 47 39 3d,
275 5728 74 41 light
359 5727 54 31 and
428 5728 113 31 inferior
556 5729 32 36 1f
591 5728 18 30 d
624 5732 26 26 to

3452 95 169 45 Friday,
3647 97 165 37 October
3835 93 162 43 22,189
4004 94 9 15 r
4014 105 6 26 i

1612 93 200 46 mount
1885 94 240 45 •sehg.er
2212 96 154 39 mail.

3565 5583 83 22 Printed
3662 5584 40 21 and
3718 5583 108 21 Published
3847 5587 25 22 by
3894 5583 103 21 WILLUM
4011 5585 105 21 Pa»»b,i

3618 5617 126 23 Matth*ws
3754 5617 31 20 for
3795 5616 35 22 the
3840 5616 131 28 proprietor,
3982 5618 81 21 Dwxne
4070 5624 47 16 AHi>

3618 5653 133 24 Matthews,
3773 5655 21 17 at
3816 5653 54 20 their
3888 5653 117 24 Registered
4024 5653 92 27 Priutirtfc

3619 5688 71 24 Office,
3710 5687 95 21 Scotland
3816 5689 69 25 eUtet,
3905 5687 118 27 Roxburgh,
4043 5689 65 26 Otagc

3542 5723 3 28 .
3614 5723 52 22 New
3684 5723 196 26 Zealand—-Friday,
3887 5723 88 21 October
3984 5724 73 27 22,180
4057 5725 23 26 J.

695 202 47 57 D
825 204 44 35 A.
944 198 295 44 BUCHANAN,

770 277 71 20 BOOT
870 276 59 21 AND
955 275 74 21 SHOE
1055 271 111 26 MaKER,

734 322 142 30 Scotland
887 339 10 5 -
910 330 104 27 street,
1034 319 162 29 Roxburgh.

799 419 91 33 Every
912 418 165 38 description
1102 416 29 29 of

688 471 87 28 Boots
790 480 54 19 and
859 470 89 28 Shoes
963 469 133 29 Supplied
1110 477 34 19 op.
1157 466 83 28 Made

866 518 31 20 to
918 509 143 29 Measure.

687 563 44 27 Fit
742 561 182 29 Guaranteed.
1002 562 44 27 Fit
1056 558 182 31 Guaranteed.

737 652 122 21 REPAIRS
884 651 115 22 NEATLY
1032 651 156 22 EXECUTED.

804 731 23 26 A
852 727 85 31 Trial
960 728 153 32 Solicited.

681 814 41 52 F
808 813 43 33 A.
934 814 106 43 Mil
1088 814 147 40 LER,

680 886 134 26 builder,
829 886 106 20 joiner
950 886 62 21 and
1032 886 205 25 undertaker,

774 936 72 28 Ross
868 936 97 36 Place,
986 937 165 29 Lawrence.

682 1035 124 30 PLANS
819 1035 81 29 AND
915 1034 322 31 SPECIFICATIONS

823 1090 26 27 A
870 1088 162 29 SPECIAL
1044 1088 50 29 IY.

681 1181 154 37 Quantities
851 1181 137 38 Prepared
1011 1181 55 28 and
1090 1181 147 28 Estimates

707 1222 88 29 Given
809 1222 44 29 for
865 1221 34 28 all
914 1221 100 28 classes
1028 1222 29 28 of
1072 1220 136 29 Builders'

914 1261 99 30 Work.

840 1348 33 37 J.
962 1348 33 35 B
1042 1348 34 35 L
1122 1347 28 36 0
1189 1347 46 40 Y,

707 1413 197 21 WHITEHAVEN'
919 1413 111 24 STREET,
1046 1413 168 21 LAWRENCE.

686 1501 120 28 [JOAir
837 1499 79 29 AND
947 1491 219 37 RESIDENCE
1187 1498 48 29 AT

727 1554 94 26 liK.\S
828 1553 49 27 ON
883 1556 17 23 A
908 1527 72 53 BIM
1001 1527 78 52 Cllt
1085 1552 43 26 KG
1134 1552 55 28 ES.

792 1642 93 28 Mials
906 1651 31 18 at
957 1649 48 19 all
1025 1641 106 28 Moirs.

671 1731 1 33 ,
700 1736 57 28 The
771 1736 61 27 bot
849 1733 241 29 Accommodation
1112 1733 43 28 for
1169 1731 46 29 the

819 1775 158 37 Travelling
991 1774 106 27 Public.

671 1822 1 70 !
683 1863 101 29 GOOD
800 1861 199 30 STABLING.
1039 1860 95 29 OATS
1152 1859 82 29 AND

793 1902 127 30 CHAFF
941 1901 51 29 ON
1017 1901 104 29 SALE.

671 1980 145 54 jJJEII
831 1978 97 28 BEII
942 1978 21 27 T
1012 1977 61 28 AN
1086 1976 25 28 D
1160 1976 21 28 C
1193 1975 42 34 0.,

874 2043 168 24 LAWRENCE.

840 2137 152 27 Importers
1012 2145 32 17 ok
1046 2152 34 4 —

671 2192 1 38 i
684 2192 198 38 Ironmongery

769 2237 189 39 Agricultural
983 2237 180 37 Implements

942 2283 189 38 Agricultural
1151 2291 9 18 r
1173 2283 63 29 enl.«

854 2342 215 29 GROCERIES

671 2388 1 42 !
699 2400 98 30 TEAS
910 2400 96 29 TEAS
1120 2401 13 22 '»
1149 2399 67 28 KAS

684 2448 128 38 (Ceylon)
902 2447 121 37 (Indian)
1113 2447 119 36 (China.)

671 2601 1 35 I
684 2603 283 31 WATCHMAKER
988 2603 23 29 &
1026 2601 209 31 JEWELLER

774 2657 70 27 Ross
865 2657 96 34 Place,
982 2656 162 27 Law-rence.

684 2737 140 36 Watches,
845 2737 99 29 Clocks
964 2737 54 27 and
1039 2736 147 36 Jewellery
1207 2737 28 27 of

727 2777 34 27 all
776 2778 181 37 descriptions
971 2777 66 37 kept
1051 2777 28 27 in
1094 2777 96 27 Stock.

699 2829 69 29 Nice
783 2828 136 30 Selection
933 2829 27 28 of
980 2829 78 35 Gem,
1072 2827 144 39 Wedding

812 2876 54 21 and
882 2869 108 38 Keeper
1004 2870 97 37 Rings.

671 2941 1 40 j
681 2951 18 20 A
713 2950 106 21 CHOICE
841 2950 181 20 ASSORTMENT
1044 2950 34 20 OF
1099 2949 137 21 ARTICLES

703 2983 139 21 SUITABLE
853 2983 55 21 FOR
919 2983 140 21 WEDDING
1070 2982 150 21 PRESENTS.

740 3051 155 39 Spectacles
909 3058 28 22 to
952 3052 61 28 Suit
1027 3052 34 27 all
1079 3051 104 38 Sights.

671 3090 1 10 1

705 3133 102 28 Watch
841 3142 54 17 and
929 3132 89 29 Clock
1056 3132 117 27 Repairs
1206 3141 15 17 a

887 3179 157 22 specialty.

671 3253 1 37 I
683 3253 114 37 Repairs
810 3263 30 17 or
854 3253 101 28 Orders
974 3253 70 27 from
1060 3253 46 27 the
1120 3256 117 34 country

732 3293 36 38 by
790 3295 63 36 post
875 3292 54 28 will
952 3293 106 28 receive
1080 3296 112 34 prompt

884 3333 146 28 attention.

698 3408 109 24 fancy
834 3408 111 24 goods
964 3408 69 23 and
1054 3408 166 25 drapery.

691 3514 102 52 FJ.
830 3514 73 25 WAT
911 3515 55 21 HkS
993 3515 89 24 desires
1109 3521 24 19 to
1159 3516 73 30 nojfy

769 3549 52 22 that
837 3549 42 22 bhe
893 3548 69 28 keeps
974 3549 22 21 in
1007 3551 64 21 ttock
1091 3549 83 23 Ladies
1187 3556 44 16 aud

684 3580 113 25 Children
809 3589 9 14 s
837 3579 196 33 TJndercluthing,
1051 3583 47 22 and
1110 3583 28 22 all
1160 3582 74 24 kinds

684 3615 22 23 ef
723 3615 20 23 D
749 3615 4 29 i
760 3622 77 22 apery.

716 3657 78 32 Fancy
809 3658 80 24 Goods
901 3667 14 15 a
930 3659 135 31 Specialty.

721 3703 133 22 Christinas
865 3704 46 22 and
925 3703 53 22 New
993 3702 61 24 Year
1066 3709 136 24 presents—

809 3754 12 15 a
839 3753 63 23 great
916 3747 86 28 variety
1014 3753 24 18 to
1051 3749 61 22 hand

809 3781 134 23 Infection
955 3781 92 22 Invited

713 3812 112 28 fain'iny
840 3813 42 22 and
896 3819 33 17 an
958 3812 4 28 •
973 3812 134 24 eedlewoik
1120 3815 85 25 taught

779 3850 111 19 bummer
905 3846 80 24 Goods
1003 3855 49 14 now
1067 3856 27 15 i>n
1114 3848 60 24 hand

1007 3903 4 3 _

672 3901 2 32 |
691 3901 264 24 Address—Ormond's
967 3902 113 30 Bui.ding
1093 3905 22 20 R<
1126 3906 94 27 xfonrgh

837 4020 57 21 THE
907 4020 184 23 CELEBRATED

687 4057 169 31 CORNISH
876 4061 203 29 AMERICAN
1098 4062 139 33 PIANOS

828 4109 81 28 AND
936 4109 161 29 ORGANS.

676 4186 1 52 I
725 4187 12 51 J
748 4186 117 29 ESSES
892 4187 168 30 CORNIhH
1084 4189 22 28 &
1122 4190 55 29 CO.
1192 4203 44 17 are

784 4227 47 28 the
844 4227 64 39 only
922 4229 59 27 firm
997 4229 29 27 of
1039 4229 88 27 actual
1143 4241 74 19 manu-

687 4266 132 29 facturers
833 4269 29 27 of
880 4269 69 38 high
972 4269 86 37 grade
1073 4269 96 30 Pianos
1182 4274 53 26 and

687 4307 107 39 Organs
819 4308 27 28 in
873 4309 47 28 the
956 4309 103 29 United
1087 4311 90 29 States
1209 4313 27 28 of

687 4349 110 28 Ameria
829 4349 99 37 selling
957 4350 167 38 exclusively
1150 4352 86 30 direct

685 4388 70 28 from
770 4389 46 29 the
830 4389 106 39 factory
947 4394 28 24 to
986 4391 45 27 the
1041 4391 111 36 general
1166 4394 51 36 pub-

685 4428 44 36 lic,
738 4433 29 24 at
776 4431 168 36 guaranteed
955 4430 143 29 wholesale
1108 4433 74 36 price
1193 4433 42 29 for

684 4480 15 16 a
713 4469 87 38 single
814 4470 176 29 instrument.
1029 4471 44 28 No
1088 4478 97 30 agents
1205 4484 30 17 or

684 4508 104 29 dealers
810 4520 46 19 are
876 4511 114 29 allowed
1016 4516 28 24 to
1066 4511 99 29 handle
1188 4514 47 28 the

685 4549 115 29 Cornish
811 4553 143 27 American
968 4551 100 29 Pianos
1077 4562 29 18 or
1115 4553 117 31 Organs.

684 4592 27 26 It
724 4600 22 19 is
758 4595 59 33 just
831 4602 28 18 as
873 4602 63 29 easy
950 4592 43 29 for
1008 4593 46 28 the
1077 4593 109 29 readers
1204 4594 29 28 of

684 4631 53 27 this
750 4641 85 27 paper
847 4636 28 24 to
888 4633 35 28 sit
937 4633 78 28 down
1042 4633 54 28 and
1118 4634 81 28 order
1218 4645 15 17 a

684 4669 84 29 Piano
783 4681 29 18 or
827 4671 91 39 Orgaii
932 4673 70 28 from
1018 4673 134 35 America,
1165 4685 29 17 as
1205 4679 28 24 to

684 4711 80 28 order
774 4721 50 18 one
837 4713 69 28 from
918 4714 71 27 their
1001 4714 84 28 music
1095 4718 81 31 store,
1186 4715 47 28 the

682 4751 64 37 only
761 4751 145 31 difference
921 4754 84 36 being
1019 4754 64 37 they
1097 4754 53 28 will
1169 4766 63 18 save

684 4791 68 28 from
768 4792 34 27 50
815 4796 28 25 to
861 4794 49 27 100
923 4803 49 29 per
985 4798 71 25 cent.

722 4831 52 30 We
788 4833 67 29 have
871 4833 107 40 Organs
992 4834 70 29 from
1075 4836 38 28 £G
1125 4839 28 25 to
1167 4836 67 35 £25,

685 4873 98 28 Pianos
796 4874 68 27 from
880 4876 56 26 £34
950 4879 28 23 to
991 4877 66 31 £6O,
1068 4876 54 27 and
1132 4887 39 17 we
1185 4878 47 26 sell

684 4911 42 28 for
740 4912 64 27 cash
818 4921 31 18 or
875 4923 70 28 upon
967 4914 159 28 instalment
1145 4916 87 37 plans,

683 4955 28 25 to
725 4952 55 29 suit
803 4953 46 28 the
873 4954 181 29 convenience
1068 4955 29 29 of
1109 4955 46 30 the
1169 4967 48 28 pur-

683 4993 103 27 chaser.
827 4994 56 27 Our
914 4995 76 37 large
1018 4996 54 26 and
1099 4998 133 36 complete

683 5031 142 37 catalogue
849 5033 52 28 will
927 5034 34 28 be
986 5035 153 29 forwarded
1159 5047 72 28 upon

682 5076 118 33 request.
840 5073 27 27 It
880 5073 23 28 is
917 5074 46 27 the
976 5074 81 28 finest
1066 5075 164 39 description

681 5112 29 28 of
723 5111 98 30 Pianos
835 5113 55 28 and
905 5113 107 39 Organs
1025 5115 90 29 issued
1130 5116 35 39 by
1176 5129 54 27 any

680 5151 60 28 firm
764 5153 27 26 in
814 5153 47 28 the
887 5159 125 32 country,
1025 5155 52 27 and
1092 5156 77 37 gives
1183 5158 46 28 the

678 5191 89 28 actual
781 5192 105 39 factory
899 5194 80 27 value
991 5194 29 27 of
1033 5204 81 29 every
1127 5196 87 29 instru-

680 5235 75 25 ment
767 5231 22 29 it
802 5233 146 29 describes.
971 5233 76 29 With
1061 5245 80 30 every
1155 5242 57 25 cata-

679 5272 80 37 logue
772 5273 23 28 is
808 5275 147 36 presented
968 5284 50 18 our
1030 5276 99 39 unique
1143 5278 70 30 refer-

677 5322 66 18 ence
758 5312 80 37 book,
881 5314 58 28 The
955 5315 85 27 Heart
1052 5316 28 28 of
1093 5317 46 29 the
1158 5318 51 30 Peo-

774 5352 87 31 Write
870 5355 44 28 for
924 5355 151 36 catalogue.
1095 5358 130 38 Address,

800 5404 171 31 CORNISH
991 5405 23 29 &
1039 5405 67 38 CO.,

691 5451 161 27 Washington,
866 5454 54 20 New
933 5454 92 24 Jersey,
1034 5454 60 24 U.S.,
1105 5456 109 21 America.

823 5522 135 31 WIFE'S
1009 5523 221 32 WELFARE—

764 5562 121 30 Treatise
906 5564 97 38 posted
1027 5565 66 28 free.
1133 5565 27 28 It
1177 5567 52 27 will

681 5602 78 29 teach
781 5614 54 24 you
863 5615 73 17 more
950 5605 65 26 than
1029 5605 35 27 all
1088 5605 47 28 the
1152 5615 78 28 years

680 5643 100 38 you've
794 5643 80 30 lived.
915 5645 89 35 Every
1016 5656 105 17 woman
1135 5646 96 29 should

681 5683 63 28 read
776 5683 30 28 it.
847 5683 89 29 Write
969 5684 75 29 Prof.
1079 5685 153 36 Hermann,

681 5723 107 31 French
804 5723 153 39 Specialist,
973 5727 34 26 40
1029 5725 203 39 Collins-place,

682 5765 172 27 Melbourne.

1297 785 486 84 AUTUMN

1798 1338 80 29 AND

1978 1481 12 20 1
2037 1491 10 10 V

1996 1580 6 21 {

1916 1834 479 83 WINTER

3366 197 248 52 mmm.-

3556 249 68 30 '■%
3882 249 258 30 C

3483 243 21 36 $
3530 254 20 9 -
3563 243 2 36 ■

3529 275 39 39 &

3255 257 102 23 SEE

3142 329 90 42 THAT
3252 331 93 41 YOUR
3366 329 110 43 BOOTS

3105 403 14 42 E
3142 402 152 42 BRANDED
3314 402 45 42 ON
3380 403 65 41 THE
3469 403 89 42 HEEL

3783 397 26 30 w
3810 394 3 52 -
3835 394 103 52 ,'M

3783 442 24 12 -
3826 445 23 9 ~

3361 695 54 45 M

2461 845 313 56 wmmm
2775 872 10 39 :
2834 845 82 52 fuh
2951 836 81 58 the
3065 836 268 60 following
3366 837 52 59 be

2758 905 13 22 i;
2775 934 6 4 .

2527 997 117 28 FIRST.
2853 999 160 29 SECOND.
3224 999 129 30 THIRD.
3554 1002 165 30 FOURTH.
3924 1004 120 28 FIFTH.

2424 1037 120 29 BOO»S
2580 1039 64 27 with
2684 1039 56 28 tliis
2780 1039 40 29 On
2836 1040 54 28 tliis
2914 1040 91 28 Br-.md
3028 1039 63 28 onlv
3132 1039 72 37 Only
3226 1040 46 28 the
3293 1051 67 27 very
3384 1042 60 28 best
3485 1042 133 36 Farmers,
3677 1044 112 34 Miners,
3829 1044 56 28 The
3917 1045 113 27 tMndard
4040 1045 61 27 Bro
4116 1044 16 28 d

2425 1078 90 29 Bnmd
2528 1089 32 17 on
2573 1079 46 28 the
2629 1079 59 29 heel
2695 1090 45 17 are
2780 1080 47 28 the
2858 1091 67 27 very
2963 1080 62 28 best
3065 1080 28 28 of
3131 1080 29 28 of
3173 1080 139 30 Materials
3323 1092 45 18 are
3378 1082 65 28 used
3483 1083 52 29 and
3550 1096 11 16 <i
3567 1084 15 28 11
3601 1084 59 27 who
3675 1089 71 23 want,
3761 1089 27 23 to
3832 1086 80 28 Moots
3926 1086 51 28 and
4088 1099 11 13 ;i
4113 1094 19 20 'e

2425 1120 167 37 guaranteed
2602 1124 27 21 to
2638 1121 102 27 Fitand
2783 1121 152 27 Workmen
2966 1133 44 15 are
3037 1132 56 17 era-
3131 1122 26 26 in
3196 1122 53 27 tV.is
3291 1122 91 28 Brand
3417 1124 27 28 of
3483 1124 69 37 keep
3573 1126 71 26 their
3658 1126 54 26 feet
3728 1126 59 34 d.rv,
3827 1126 98 27 known
3947 1127 68 27 from
4048 1131 10 22 v
4058 1131 21 22 'i
4101 1127 6 15 l
4107 1136 24 17 c-

2500 1159 83 28 Wear
2597 1161 70 28 well.
2759 1159 4 43 |
2883 1162 109 38 ployed.
3110 1159 5 41 J
3158 1162 85 28 Boots
3256 1162 54 28 and
3326 1162 95 30 Shoes.
3518 1168 43 34 try
3575 1165 53 28 this
3651 1166 88 28 Brand
3828 1166 60 28 land
3906 1174 27 20 to
3948 1167 45 28 the
4010 1167 47 27 Bin
4064 1167 20 27 ft*
4093 1166 7 21 •'
4113 1176 19 18 >r

3862 1207 115 27 s-erlino-
3989 1207 80 35 quali*
4077 1218 11 14 v

2464 1241 72 28 ALL
2698 1242 171 30 BEARING
3200 1242 51 30 ON
3280 1244 5 11 r
3290 1241 3 34 l
3305 1243 53 29 HE
3515 1246 72 28 ARK
3959 1248 34 27 T\
4019 1248 47 27 Til

2742 1283 252 29 CKLFBRATFD
3044 1283 209 29 STANDARD
3307 1285 130 28 BRAND
3460 1286 94 28 BOOT
3577 1286 174 29 FACIOKY
3777 1288 44 27 BY

2709 1350 29 35 «
2767 1355 16 39 \
2809 1348 269 63 RCOfD,
3125 1349 130 53 SON
3294 1349 46 52 &
3382 1349 245 64 EWE\

2477 1416 176 21 WH-LKMLE
2679 1416 87 21 only.
3130 1429 8 5 »
3384 1424 48 25 *__■

2665 1463 82 28 BUY

2428 1521 178 50 mills,
2627 1522 132 42 dick,
2787 1521 36 36 &.
2850 1519 129 37 co.-s
3013 1499 477 69 Matthews
3545 1518 47 43 &

2670 1581 68 28 1897

2444 1634 79 29 ALM
2540 1637 6 17 '
2560 1632 75 30 N'AO
2658 1642 52 20 AND
2733 1631 230 31 DIRECTOKY.
3211 1634 257 54 COACH
3538 1634 91 54 \]V

2613 1682 3 32 I
2634 1689 60 25 rice,
2713 1682 27 25 Is
2755 1682 44 25 od.

3679 1378 188 29 DUNEDIN.

2415 1761 1 43 j
2427 1761 88 28 Evt-rv
2547 1761 121 33 Farmer,
2696 1761 105 33 Minrb,

2676 1808 51 28 and
2758 1807 133 28 Business
2917 1805 66 27 Man

2638 1862 119 28 Procure
2780 1872 16 16 a
2823 1861 86 37 Copy.

2457 1941 55 27 Can
2543 1941 33 26 be
2604 1940 52 28 had
2684 1940 70 28 from
2783 1940 46 27 the
2857 1938 83 28 under-

2609 1981 195 27 mentioned—

2415 2018 1 16 i

2415 2037 1 39 !
2469 2041 113 28 Mackay
2599 2040 94 34 Bkos.,
2708 2037 154 39 Roxburgh

2415 2076 1 45 j
2465 2081 25 28 J.
2508 2081 78 28 Noon
2591 2090 44 25 an,
2650 2081 109 28 Ettrick

2465 2123 91 25 Johns
2573 2131 54 17 and
2642 2121 147 33 M'Comijk,
2806 2119 103 28 Millers
2923 2118 60 27 Flat

2464 2159 27 38 .!.
2512 2163 26 26 I'.
2557 2161 92 36 Kemp,
2665 2161 66 29 Bald
2754 2160 51 29 Mill
2822 2159 61 29 Flat

2466 2204 29 26 L.
2517 2200 3 36 1
2541 2212 60 21 van,
2616 2203 72 33 Jnr.,
2703 2201 160 29 Alexandra
2877 2200 89 27 South

2465 2243 23 27 B
2513 2241 123 36 Navlor,
2653 2242 86 37 Clyde

2430 2326 139 42 iy/j*ANY
2593 2326 97 28 Ladies
2713 2325 136 38 complain
2865 2325 59 27 that
2939 2324 46 28 the

2536 2365 3 36 1
2550 2380 28 16 ea
2596 2368 64 31 they
2674 2366 70 28 have
2755 2366 68 27 been
2840 2365 81 36 using
2935 2365 49 27 has

2428 2409 108 28 neither
2547 2408 127 38 strength
2686 2418 50 17 no**
2746 2407 113 27 flavour.
2882 2406 27 27 If
2919 2406 64 36 they

2428 2454 42 32 try
2488 2450 85 27 Kozie
2588 2449 55 27 Tea
2655 2449 67 36 they
2735 2447 55 28 will
2804 2448 33 27 be
2853 2446 129 28 satisfied.

2427 2490 92 29 Johns
2537 2490 23 28 &
2583 2488 146 35 M'Combe,
2746 2489 116 37 Agents,
2880 2486 103 28 Millers

2428 2531 70 27 Flat.

3211 1634 257 54 COACH
3538 1634 152 54 BUM
3732 1635 92 51 »>E

3248 1734 332 28 WHEELWRIGHTS.
3624 1735 31 27 B:
3683 1735 89 27 \''KS
3812 1736 94 28 !T;iS.

3553 1808 55 18 AND

3103 1862 303 29 AGRICULTURAL
3446 1862 228 28 IMPLEMENT
3718 1862 107 29 MANI'
3834 1862 19 29 1'
3869 1865 35 25 \C

3378 1936 72 30 Ross
3491 1937 98 36 PIAOE,
3629 1938 161 28 LaW'FM'K

3057 2029 73 29 ALL
3172 2029 121 30 KINDS
3335 2030 47 29 OF
3421 2029 145 31 MINING
3610 2030 148 29 VA(IIIN
3770 2032 10 26 I-
3794 2031 44 29 I.Y

3483 2083 141 29 REPAIR
3633 2084 53 27 KD.

3473 2177 111 28 Agents
3605 2187 80 18 for—

3018 2243 229 39 Massej-Harris
3269 2243 120 39 Reapers
3413 2243 53 29 and
3498 2243 4 39 I
3518 2244 101 35 inders,
3869 2243 38 39 rn!

3480 2284 90 30 Horse
3585 2286 98 35 Rake-,

3324 2338 119 28 i'eerless
3465 2338 52 33 Oil,
3540 2338 103 28 Binder
3664 2338 101 35 Twine,
3787 2339 47 28 &c.

4013 2246 34 29 PI.
4062 2247 70 32 ujrlie

2430 2697 138 30 QTOCK
2596 2697 33 29 all
2654 2697 46 28 the
2726 2695 112 38 leading
2869 2700 6 20 f

2503 2739 55 27 and
2572 2738 117 28 German
2705 2737 98 28 Makes
2817 2736 30 27 of
2862 2735 99 27 Pianos
2975 2745 5 16 :

3070 2418 46 29 All
3147 2418 87 30 Work
3267 2419 151 29 Entrusted
3441 2423 29 25 to
3496 2418 42 30 Us
3565 2420 52 27 will
3650 2421 111 27 Receive
3793 2420 107 37 Prompt
3933 2422 139 28 Attention

3341 2500 133 21 CHARGES
3500 2500 134 21 STRICTLY
3666 2501 150 20 MODERATE

3272 2587 75 30 FOR
3387 2587 118 30 SALE!
3653 2587 69 30 FOR
3765 2589 115 28 SALE!

3096 2668 216 29 STAUNCH
3347 2668 91 28 AND
3476 2669 252 28 HAND'OME
3768 2669 372 31 THOROUGHBRED

3312 2741 28 25 U
3365 2751 224 18 ATniITTT
3614 2751 12 18 A
3648 2751 145 18 TTT^AT

2503 2750 55 16 anrr
2572 2749 116 17 uerman
2707 2747 96 18 iuaKes
2818 2747 28 16 or
2865 2747 96 15 nanus
2975 2747 4 35 .
3365 2751 226 22 -lyrttjtt
3615 2751 10 13 a
3815 2752 28 20 *i*\

2479 2789 167 22 BKINSMEAD
2672 2788 139 21 COLLARD.
2832 2786 98 25 SAMKS,
3364 2767 152 36 llJl/Vl
3536 2767 106 36 JLI/V
3659 2767 24 34 V
3700 2767 87 36 JjiiM
3798 2794 12 15 «,

3474 2823 142 29 Produced
3643 2824 35 37 by

2427 2857 203 22 SCHWECHTEX,
2641 2856 70 20 LIPP.
2722 2855 73 20 OORS
2804 2855 16 19 k
2832 2853 148 24 KALI.MAN,
2995 2848 1 33 j
3661 2848 10 13 J

2553 2894 166 25 GERHARDT,
2736 2893 124 22 HANSEN.
2995 2873 2 49 |
3181 2876 161 29 YANKEE
3364 2876 241 29 ENTERPRISE
3624 2876 76 29 OUT
3722 2876 46 28 OF
3792 2875 184 30 AMERICA.

2995 2917 1 37 1
3281 2918 45 36 Up
3340 2921 28 24 to
3382 2927 52 27 any
3449 2918 111 35 weight,
3574 2917 53 27 and
3641 2918 99 26 carries
3754 2928 15 15 a,
3785 2917 85 35 Lady.

2466 2966 119 39 Chas.
2609 2965 110 47 Begg
2743 2963 82 38 and
2850 2962 97 38 Co.'s
2994 2962 3 50 j
3086 2967 172 30 guaranteed
3272 2968 168 38 thoroughly
3450 2968 86 28 sound
3550 2968 52 28 and
3613 2968 84 39 quiet.
3740 2967 61 29 Will
3813 2978 62 27 pass
3888 2968 111 28 traction
4012 2978 32 18 en
4048 2967 45 38 gin

2855 3035 4 7 .
2902 3035 50 7 .

2427 3037 232 30 EXHIBITION
2689 3036 133 29 MODEL
2853 3033 129 45 I'IANO,
2993 3032 4 47 j
3233 3060 33 18 on
3281 3050 117 29 another
3394 3032 8 13 '

3422 3049 161 27 Newiiaven
3605 3049 123 28 Bicycle.

2628 3088 56 28 £3B
2705 3096 76 19 NETT.
2993 3088 1 29 j

2992 3119 2 47 I
3086 3128 182 29 FARMERS
3284 3129 142 37 requiring
3440 3128 83 28 Grain
3535 3128 94 34 Drills,
3649 3119 4 47 I
3665 3128 79 37 urnip
3758 3129 52 27 and
3825 3130 112 27 Manure
3947 3128 92 35 Drills,
4053 3128 79 29 Com-

2425 3170 121 28 STORY
2573 3169 23 28 &
2625 3166 162 30 CLARK'S
2817 3165 162 34 ORGANS,
2992 3165 2 41 ;
3012 3169 81 29 bined
3109 3169 93 35 Drills,
3217 3168 65 29 Disc
3297 3171 139 32 Harrows,
3451 3168 131 37 Ploughs,
3598 3168 67 28 Seed
3684 3167 136 36 Cleaners,
3832 3180 30 16 or
3874 3180 51 24 any
3940 3169 80 28 other
4032 3168 101 38 Imple-

2522 3219 178 29 KIMBALL
2721 3217 151 30 ORGANS
3008 3213 90 25 ments
3112 3220 31 17 or
3157 3209 140 29 Machines
3311 3208 95 29 should
3419 3208 66 28 send
3500 3208 43 28 for
3556 3219 49 17 our
3618 3208 150 30 catalogue.

2875 3239 8 13 '
3034 3248 57 21 THE
3105 3248 145 21 COLONIAL
3264 3247 147 22 CoMBINED
3431 3247 99 20 DRILLS
3544 3248 61 19 AND
3619 3247 63 20 DISC
3696 3246 143 20 HARROWS
3855 3248 56 20 ARE
3925 3248 57 20 THE
3999 3247 63 21 BEST
4076 3245 32 22 IN

2425 3273 80 27 From
2516 3273 57 27 £2O
2583 3276 28 23 to
2621 3267 78 33 £50..
2709 3270 89 27 .From
2809 3269 56 28 £2O
2875 3271 28 25 to
2912 3267 66 28 £SO.
3457 3273 57 22 THE
3535 3274 16 19 m
3559 3274 100 21 arret.

3034 3248 57 21 THE
3105 3248 145 21 COLONIAL
3264 3248 147 21 COMBINED
3431 3247 99 20 DRILLS
3544 3248 61 19 AND
3619 3247 63 20 DISC
3696 3246 143 20 HARROWS
3855 3248 56 20 ARE
3925 3248 57 20 THE
3999 3247 63 21 BEST
4076 3245 32 22 IN

3457 3274 57 20 THE
3535 3274 124 21 MARKET.

2425 3352 146 30 besson
2601 3352 24 29 &
2656 3348 182 33 Boost-Y's
2858 3347 121 30 brass
3098 3346 305 58 Morrow,
3474 3346 259 48 Bassett
3805 3343 48 50 &
3916 3347 110 65 Co,

2561 3393 81 27 INST
2653 3391 80 29 BUM
2744 3393 33 25 Ei
3261 3420 179 30 DUNI'.DIN
3479 3429 54 19 and
3572 3419 311 34 CHKISTUHURCH,

2425 3475 98 31 Violin
2541 3475 65 29 Bow
2625 3474 153 28 Repairing
2792 3481 16 19 a
2823 3471 155 29 Specialty.
3324 3473 63 29 Sole
3402 3474 105 35 Agents
3521 3473 26 28 in
3564 3472 65 29 New
3643 3471 118 29 Zealand
3776 3472 43 29 for

2463 3527 103 34 Violin,
2582 3527 66 27 Bow
2661 3525 53 28 and
2733 3524 99 29 Case...
2876 3521 67 38 30/-
3140 3515 77 29 THE
3237 3514 117 29 M'COR
3359 3514 96 29 MICK
3476 3513 189 30 HARVEST,
3672 3514 52 27 NG
3745 3513 181 29 MACHINE
3948 3513 56 30 CO.

2460 3568 186 33 Accordeons,
2661 3566 70 28 from
2805 3589 29 4 ...
2899 3561 43 40 </ti

2493 3649 110 30 CHAS.
2625 3647 103 29 BEGG
2753 3645 78 29 AND
2853 3645 56 29 CO.
3058 3613 158 56 COS
3240 3612 94 54 SK
3353 3612 41 54 N
3411 3614 32 48 S
3512 3613 98 53 AN
3632 3611 48 55 D
3755 3613 34 49 B
3817 3612 38 53 L
3895 3614 91 51 \(J
4012 3608 67 66 K,

2423 3699 80 28 Have
2524 3699 47 27 the
2596 3698 104 36 kirgest
2723 3695 54 28 and
2799 3698 72 24 most
2884 3693 93 29 varied
3133 3699 233 36 ENGINEERS,
3387 3698 281 33 BLACKSMITHS,
3690 3698 276 28 MILLWRIGHTS
3988 3698 24 28 &

2422 3739 79 29 stock
2515 3739 29 27 of
2558 3737 90 29 Music
2659 3737 27 27 in
2698 3736 47 28 the
2756 3735 113 37 Colony.
2909 3734 68 27 New
3415 3737 310 35 IRONFOUNDEKS,

2521 3779 160 38 Shipments
2695 3775 188 39 Fortnightly.
3283 3790 358 25 CRAWFORD-STREET,
3683 3789 170 22 dunedin.

2458 3874 82 28 Morn
2574 3872 28 29 of
2642 3868 335 32 Sorrows—Snowflakes
2990 3848 2 60 j
3359 3857 343 31 MANUFACIURERS
3735 3857 44 29 OF

2422 3913 173 29 Fair—Gate
2608 3912 29 28 of
2656 3910 156 29 Life—For
2832 3909 46 27 the
2903 3897 89 45 Chil-!
3009 3904 140 38 Pumping
3163 3902 54 28 and
3239 3901 137 37 Winding
3396 3899 169 38 Machinery,
3590 3897 229 29 HYDRAULIC
3841 3898 144 29 MINING
4007 3899 125 28 PLANT

2421 3955 91 29 dren's
2528 3952 184 30 Sake—Wilt
2724 3951 77 28 Thou
2816 3950 34 28 be
2867 3949 110 28 Mine—
3078 3943 156 39 (including
3250 3941 151 40 Hydraulic
3417 3941 118 36 Giants),
3551 3939 89 28 Sluice
3655 3938 108 36 Valves,
3779 3938 127 29 Elevator
3925 3937 137 41 Castings,

2423 3995 138 29 Sunshine
2595 3991 194 31 Above—She
2822 3990 101 36 Stoops
2949 3993 28 22 to
3313 3982 64 27 Iron
3392 3981 54 27 and
3463 3980 74 28 Steel
3552 3979 98 28 Flun.it
3662 3989 29 28 g,
3705 3978 58 36 &c.,
3779 3978 48 29 &c.

2423 4035 129 39 Conquer
2553 4035 82 27 —No
2657 4034 43 27 for
2723 4043 34 17 an
2778 4032 119 27 Answer
2898 4029 79 28 —No
3118 4035 155 29 DREDGE
3300 4032 216 35 TUMBLERS,
3538 4031 183 35 BUCKETS,
3742 4030 127 34 LINKS,
3890 4029 59 36 &c.,
3970 4030 47 29 &c.

2422 4076 90 29 Man's
2528 4075 86 29 Land.
3013 4077 204 34 Waterwheels,
3229 4075 142 32 Turbines,
3388 4073 82 28 Brick
3484 4072 54 29 and
3552 4072 85 29 Drain
3653 4071 66 38 Pipe
3734 4071 117 37 Making
3862 4071 54 28 and
3927 4071 88 28 Wood
4029 4071 98 29 Work-

2554 4127 101 29 Violin
2674 4134 55 20 and
2749 4124 97 28 Piano.
3092 4120 47 36 ing
3155 4116 169 35 Machinery.
3365 4113 89 28 Horse
3469 4114 117 34 Powers,
3602 4111 191 35 Chaffcutters,
3808 4111 103 38 Turnip
3930 4111 123 38 Pulpers,

2459 4170 130 28 Andante
2611 4172 29 24 et
2663 4167 119 28 Scherzo
2805 4162 172 39 Capriccioso
2990 4152 2 49 !
3255 4155 53 29 and
3322 4155 36 27 all
3372 4153 81 29 kinds
3467 4154 28 28 of
3508 4153 159 37 Machinery
3681 4152 53 28 and
3749 4152 128 38 Gearing,

2425 4211 6 24 f
2439 4210 98 25 David)
2617 4206 101 29 Bach's
2760 4208 42 25 Ist
2842 4203 135 28 Concerto
3624 4207 17 7 ~

2426 4250 107 36 (Alai-d)
2539 4249 125 27 —Three
2700 4246 94 29 Pieces
2822 4242 155 39 Classiques
2990 4229 2 57 |
3123 4240 18 20 A
3168 4235 78 22 VERY
3274 4235 94 24 LARGE
3394 4232 87 22 STOCK
3508 4233 35 20 OF
3570 4231 142 22 PATTERNS
3738 4231 34 21 TO
3798 4231 102 22 SELECT
3926 4230 86 24 FROM.

2424 4282 550 44 (Rngghianti)—LesEchoos(Leonard)
2989 4282 4 54 j
3007 4307 42 29 irg
3053 4307 21 29 T
3081 4307 40 28 r\{
3131 4303 88 32 \TES
3241 4301 128 31 GIVEN.
3539 4298 302 32 CORKESPONDEN
3846 4298 49 31 CE
3915 4298 211 32 SOLICITED.

2420 4330 174 29 —Mazurka
2632 4329 35 27 de
2712 4327 118 29 Conceit
2877 4323 100 35 (Oride
3495 4358 146 5 _____

2422 4370 102 36 Mubin)
2566 4370 139 27 Romance
2740 4364 125 38 (Jansen)
2907 4364 54 27 Sou
3022 4389 24 28 j{
3048 4400 15 17 e
3064 4398 18 21 p
3083 4398 15 18 a
3101 4387 6 28 i
3111 4397 26 19 rs
3150 4397 16 17 a
3168 4384 35 30 nd
3219 4393 80 26 every
3313 4382 165 37 description
3495 4382 29 28 of
3538 4381 189 38 Engineering
3739 4381 54 28 and
3811 4379 194 31 Blacksmith's
4019 4381 87 28 Work

2422 4412 77 28 venir
2512 4411 34 28 de
2560 4410 103 38 Haydn
2679 4409 21 36 (.
2715 4407 126 36 eonard).
3407 4423 141 30 Promptly
3570 4421 148 29 Executed.

3123 4240 18 20 A
3168 4235 78 22 VERY
3274 4235 94 24 LARGE
3394 4232 87 22 STOCK
3508 4233 35 20 OF
3570 4231 142 22 PATTERNS
3738 4231 34 21 TO
3798 4231 102 22 SELECT
3926 4230 86 24 FROM.

2462 4494 121 39 Chas.
2608 4493 109 45 Begg
2744 4488 82 39 and
2851 4487 75 40 Co.,
2986 4487 3 51 j

2436 4555 30 27 21
2511 4554 118 27 Princes
2665 4550 113 33 Street,
2814 4546 138 32 Dunedin,

2420 4606 111 37 Having
2557 4616 16 16 a
2599 4604 75 28 Most
2700 4600 128 30 Efficient
2852 4597 71 29 Staff
2942 4596 29 27 of
2984 4596 3 47 J

2419 4645 160 34 Workmen,
2589 4654 50 18 can
2652 4642 99 37 Repair
2761 4640 54 28 and
2836 4644 6 21 1
2853 4648 52 17 une
2916 4646 53 27 any
2983 4640 2 40 j

2538 4683 117 31 Musical
2676 4682 170 28 Instrument

2471 4736 50 28 AT
2548 4732 209 31 MODERATE
2780 4727 132 31 RATES.

2467 4799 31 20 To
2516 4804 26 15 be
2557 4798 128 21 Published
2700 4799 24 16 in
2735 4795 112 22 January,
2864 4790 53 21 1898.

2420 4849 29 26 Q
2456 4845 134 31 TONES'
2622 4842 125 31 OTAGO
2777 4840 24 28 &
2828 4838 118 30 SOUTH-

2661 4881 105 28 LAND

2467 4939 153 22 Commercial,
2636 4935 134 23 Municipal,
2783 4931 16 21 k
2813 4931 107 20 General

2575 4978 239 41 DIRECTORY,

2667 5035 54 19 AND

2453 5080 90 32 NEW
2561 5075 181 34 ZEALAND
2758 5071 172 35 ANNUAL,

2641 5129 110 36 1898.

2436 5218 166 33 Fourteenth
2622 5216 74 29 Year
2716 5212 29 30 of
2763 5207 181 33 Publication.

3406 4423 141 38 Promptly
3570 4422 148 28 Executed.

3199 4516 103 36 GROWN
3331 4517 37 34 ON
3400 4516 62 35 THE
3493 4516 87 35 HILLS
3609 4517 35 34 OF
3673 4516 104 35 SUNNY
3804 4499 134 54 CEYTOT

3562 4897 160 40 LENDED

2667 5044 33 10 ah
2706 5044 15 9 u
3022 5044 6 14 |
3085 5044 3 14 1
4039 5044 101 14 11

2452 5079 91 33 NEW
2560 5075 182 33 ZEALAND
2758 5070 172 36 ANNUAL,
3022 5044 50 58 IK
3086 5044 2 68 !
3109 5058 62 35 THE
3187 5058 88 35 MOST
3286 5058 159 35 DELICIOUS
3460 5058 21 35 &
3497 5058 195 35 ECONOMICAL
3705 5056 61 36 TEA
3782 5058 29 34 IN
3825 5058 62 35 THE
3902 5056 111 37 WORLD.
4028 5044 5 47 I
4046 5060 33 43 K

2891 5206 7 6 .
2996 5135 105 65 W
3104 5178 20 23 e
3171 5130 366 71 icoilar
3581 5129 66 68 &
3926 5153 188 29 dunedin.

2436 5218 166 33 Fourteenth
2622 5216 74 29 Year
2716 5212 29 30 of
2763 5207 181 33 Publication.
3428 5221 90 30 Local
3539 5221 144 28 Agents—

2415 5300 89 36 Demy
2531 5298 52 27 Bvo
2608 5295 64 34 size,
2698 5289 161 36 containing
2880 5286 85 29 about
3030 5280 33 30 D.
3081 5277 195 36 CORMACK,
3296 5275 172 39 Roxburgh;
3488 5274 124 29 JOHNS
3631 5274 24 29 &
3676 5275 181 36 M'COMBE,
3878 5276 104 29 Millers
4003 5275 71 30 Flat.

2432 5339 53 30 900
2492 5334 225 41 pages,together
2725 5331 64 29 with
2799 5336 145 21 numerous
3546 5350 64 25 Ixr
3618 5357 87 18 nvn?
3719 5358 46 17 tu
3775 5358 12 17 a
3848 5359 12 16 a
3964 5358 46 17 i+•
4107 5360 8 15 i

2469 5379 81 35 Maps
2573 5372 141 32 corrected
2734 5376 29 23 to
2776 5370 72 33 date,
2861 5366 47 29 the
2993 5372 41 39 Tj>
3131 5372 33 39 J_
3243 5353 306 59 WILLIAMS,'
3719 5357 84 31 TEA.
3841 5358 26 28 A
3879 5357 174 41 stimulating
4062 5360 55 29 and

2495 5416 88 30 whole
2596 5411 179 36 handsomely
2789 5405 92 34 bound
2994 5398 29 28 r
3037 5416 12 10 •
3618 5416 7 6 -
3653 5400 155 37 sustaining
3820 5408 57 29 cup,
3885 5408 29 20 in
3925 5399 200 34 inrnmer,and.

2523 5457 27 25 in
2565 5454 84 34 cloth,
2660 5448 192 42 gilt-lettered.
3018 5442 200 21 hairdresser
3237 5441 61 20 and
3317 5439 201 24 TOBACCONIST,
3563 5442 105 24 winter.
3707 5439 35 27 D.
3758 5439 141 33 Cormack,
3914 5440 105 35 Agept,
4041 5439 75 27 Rox-

2719 5508 26 6 —
3190 5491 162 30 Lawrence.
3564 5477 100 43 burgh.

2469 5379 80 35 Maps
2573 5374 141 30 corrected
2735 5376 28 24 to
2775 5374 73 28 date,
2862 5374 46 21 tne

2496 5416 86 29 whole
2596 5411 179 38 handsomely
2788 5406 94 33 bound

2523 5457 27 25 in
2565 5454 84 34 cloth,
2660 5448 192 42 gilt-lettered.

2418 5539 76 28 Prke
2507 5542 29 24 to
2550 5536 188 32 Subscribers,
2754 5532 48 28 12s
2816 5529 52 35 6d;
2888 5526 73 29 Non-

2564 5574 186 33 Subscribers,
2761 5572 57 28 15s.

2464 5654 132 35 STOAiE,
2629 5652 82 35 SON,
2743 5649 82 31 AND
2855 5646 66 36 CO,,

2606 5699 179 34 PUBLIBHKEB,

2477 5746 141 30 Crawford
2644 5746 102 33 Street,
2768 5740 137 33 Dunedin.

3032 5582 150 30 LADIES'
3213 5579 296 32 HAIRCOMBINGS

3077 5635 110 29 MADE
3207 5632 92 29 INTO
3319 5631 144 29 PLAITS.

2997 5721 101 30 Orders
3108 5720 37 37 by
3153 5721 62 37 post
3224 5717 138 39 promptly
3368 5715 130 30 attended
3508 5719 24 26 tc
