3257 4344
620 943 122 18 VISITORS'
757 944 62 18 LIST.

641 990 72 17 G-itidfD
723 990 76 19 Hotel.

684 1022 65 20 Bruce,
755 1020 97 25 Adelaide;
861 1022 76 23 Wright

504 1044 38 17 and
551 1042 56 21 maid,
617 1042 88 26 England
713 1042 4 26 ;
732 1045 101 20 Lumsdon,
843 1045 93 21 Mitchell,

504 1067 101 19 Scotland;
628 1066 79 23 Russell,
726 1068 109 21 Auckland;
861 1068 76 22 Sydney

502 1089 93 22 Johnson,
605 1088 61 26 II.B.;
682 1088 181 26 Logan-Canvpbell,
884 1089 39 19 Mas-

502 1119 38 16 scy,
551 1113 65 24 family
625 1115 38 16 and
671 1120 62 14 nurse,
748 1114 104 18 Auckland.
869 1115 68 17 Misses

502 1136 106 18 Johnstone
615 1136 4 24 ;
634 1137 86 23 Phillips,
737 1137 96 18 Adelaide.
867 1138 70 18 Messrs

502 1160 82 22 Wright,
595 1160 77 22 Martin,
680 1160 26 23 (2)
716 1160 89 24 England
815 1160 4 24 ;
841 1161 96 18 Lumsden

502 1182 33 23 (3),
553 1183 93 22 Mitchell,
663 1184 99 21 Scotland;
782 1184 54 21 Pant,
852 1184 70 18 Whaka-

503 1207 49 20 tane,
563 1207 78 19 Russell,
652 1207 111 19 Auckland;
778 1208 46 19 Fox,
835 1207 100 22 Adelaide;

502 1229 58 21 Mills,
568 1229 124 24 Wellington;
703 1230 76 23 Sydney
781 1230 92 22 Johnson,
878 1231 44 18 Lam-

502 1252 47 21 bert,
575 1253 24 17 H.
599 1251 37 27 8.;
659 1254 40 16 Mrs
727 1254 52 17 Mills
808 1251 126 27 Wellington;

502 1275 32 17 Mr
542 1276 37 16 and
589 1277 47 16 Miss
655 1277 109 23 Tringham,
779 1277 70 17 Messrs
866 1277 59 19 Roths-

502 1298 65 22 childs,
577 1299 80 20 Russell,
668 1301 73 19 Clarke,
755 1301 105 18 Thofbum,
876 1301 59 19 Scott.

502 1322 75 23 Bolger,
588 1322 78 23 Rogers,
678 1324 65 19 Mann,
762 1324 73 20 Wavto,
851 1324 32 18 Mr
899 1325 37 17 and

501 1345 41 17 Mrs
550 1345 91 22 Pinnock,
657 1346 47 18 Miss
718 1346 66 21 Webb,
800 1347 33 17 Mr
845 1348 38 17 and
897 1348 39 17 Mrs

501 1368 62 23 Hope,
574 1368 66 19 Misses
649 1369 110 24 Higginson
768 1370 31 23 (-1),
810 1370 40 18 Mrs
867 1370 68 24 Ealpy,

501 1391 32 18 Mr
542 1391 46 22 Bell,
599 1393 114 22 Thompson.
727 1394 41 17 Mrs
777 1395 45 19 Fox,
840 1394 96 18 Adelaide.

631 1438 82 19 Geyser
729 1439 77 19 Hotel

525 1467 106 19 Mesdamcs
639 1468 82 19 Ireland.
731 1469 75 20 Dibble,
817 1469 69 18 Cronin
899 1471 37 16 and

502 1491 89 21 children,
616 1492 109 21 Auckland;
756 1492 70 21 Lemol,
852 1492 82 23 Perkins,

502 1514 105 22 Haywood.
626 1514 99 22 Waikato;
756 1515 63 21 Jones,
851 1517 84 18 Cashier.

502 1537 77 20 Reeves,
589 1538 61 18 Clark.
666 1537 87 24 Sydney;
775 1539 80 18 Jenkins
871 1539 38 18 and
926 1541 10 17 3

502 1560 89 21 children,
614 1560 127 26 Wellington;
764 1562 50 22 Kyd,
834 1560 100 26 England;

502 1583 66 18 Misses
578 1583 81 23 Nuttnll,
669 1585 106 21 Auckland;
785 1585 88 24 Reid(2),
882 1587 44 17 Scot-

501 1606 45 18 land
555 1606 3 26 ;
577 1607 87 20 Wallace,
681 1608 94 22 Stoddart,
791 1609 80 23 Napier;
890 1610 35 17 Per-

501 1630 42 17 kins
563 1630 32 23 (2),
613 1631 96 18 Brisbane.
743 1632 50 17 Hon.
812 1633 21 17 P.
851 1633 84 23 Perkins,

502 1653 91 18 Brisbane
600 1653 4 25 ;
619 1654 69 18 Messrs
699 1655 123 21 Richardson,
837 1653 97 25 Swansea;

502 1677 59 18 Nash,
572 1677 110 19 Robertson,
693 1678 81 21 Walker,
782 1679 58 20 West,
847 1679 88 23 Bennett,

502 1699 65 21 Wood,
578 1699 74 23 Austin,
662 1701 100 23 Mounsey,
770 1702 65 21 Jones,
852 1702 83 23 Costlier,

501 1723 76 18 Rooves,
588 1724 61 19 Clark,
662 1724 87 22 Sydney;
768 1725 100 19 McLaren.
885 1727 50 21 Kyd,

502 1746 89 23 England
598 1746 3 25 :
613 1746 105 23 Haywood,
725 1748 96 22 Waikato;
831 1749 104 22 Dolrinson,

502 1769 106 21 Nankevill,
630 1771 123 20 Melbourne;
776 1772 72 21 Gower,
866 1769 69 25 Patea;

502 1793 109 20 Wiuulram,
629 1794 88 18 Wallace.
739 1795 95 22 Stoddart,
855 1796 80 23 Napier;

502 1816 18 16 J.
531 1816 20 17 C.
561 1816 64 19 Davis,
635 1818 100 17 Auckland
743 1816 3 26 ;
761 1816 70 24 Abbot,
847 1816 89 26 Opotiki;

502 1839 46 17 Rev.
558 1839 116 22 Hamfnond,
684 1840 64 19 Patea.

568 1886 87 19 Brent's
668 1887 112 19 BAthgate
792 1889 77 18 HoffsE.

534 1918 105 18 Mesdanios
668 1917 114 22 Hammond,
809 1920 112 19 Melbourne
932 1917 4 26 ;

502 1941 72 18 Wilson
581 1942 38 17 and
626 1943 56 21 party
697 1941 19 24 (4
725 1943 74 23 ladies),
817 1943 119 24 Wanganui;

503 1964 71 22 Symes,
582 1965 97 19 Gisborne;
694 1966 62 20 Krull,
763 1967 112 23 Wanganui;
891 1965 35 21 Rid-

502 1985 47 22 delt,
560 1988 100 22 Brisbane;
675 1988 121 24 Clapperton,
803 1990 63 22 Jon'es,
874 1991 50 23 Simp-

502 2016 39 16 son,
558 2009 89 29 England
654 2009 3 29 ;
678 2012 50 21 Sarff,
743 2013 100 18 Hamilton
850 2009 4 29 ;
863 2009 3 29 '
875 2015 50 17 Prud-

502 2033 41 21 hoo,
551 2034 145 22 Christchurch;
709 2037 95 22 Norbury,
815 2037 72 22 Moore,
896 2038 28 17 En-

502 2054 66 25 trican,
591 2056 110 23 Auckland;
723 2055 94 26 Hyma'ns,
836 2060 100 23 Dunediri;

502 2080 88 21 Jackson,
598 2082 47 16 Miss
651 2082 89 19 Jackson.
748 2084 125 21 (Queensland;
882 2084 54 22 Kerr,

504 2104 80 22 Sydney.
615 2105 67 17 Misses
697 2106 69 23 Taylor
781 2106 32 23 (2),
828 2107 96 23 Warmhig-

502 2128 39 18 ton,
553 2127 222 28 Cameron,-Wanganui;
786 2129 110 19 Hammond
902 2130 34 25 (2),

503 2150 121 22 Melbourne;
644 2150 91 22 McLean,
756 2153 32 23 (2),
807 2153 129 23 Wellington;

503 2174 66 21 Bayly,
579 2174 99 18 Taranaki.
704 2176 45 17 Rev.
756 2177 31 16 Mr
793 2174 52 23 Boss,
853 2177 72 19 Queens-

503 2197 57 20 town,
571 2197 34 17 Ota
609 2204 24 16 go
641 2197 4 26 ;'
659 2198 28 17 Dr
695 2199 86 20 Stewart,
797 2200 62 23 Otago
867 2197 4 26 ;
890 2200 46 18 Rev.

503 2219 70 18 Father
581 2221 63 21 Dewo,
661 2219 99 25 England;
779 2222 70 18 Messrs
857 2223 79 21 Wilson,

504 2242 116 28 Wanganui;
643 2246 91 22 Defaney,
753 2242 122 28 Dcvonport;
896 2248 27 17 Ab-

502 2266 48 20 bott,
565 2265 78 23 Arnold,
660 2266 64 25 Webb,
739 2269 85 24 Sydney;
845 2271 91 20 McLean,

502 2289 88 21 Jackson,
613 2291 64 22 Webb,
701 2292 128 22 Queensland;
857 2294 79 19 Abbott,

504 2313 85 23 Sydney;
612 2314 64 20 Gibbs,
702 2313 121 25 Melbourne;
851 2317 85 21 Riddett,

504 2336 89 17 Brisbane
600 2336 4 27 ;
618 2338 143 24 MeEldowney,
772 2336 87 27 Marton;
875 2341 49 22 Simp-

503 2366 39 14 son,
552 2360 64 21 Jones,
633 2359 99 26 England;
751 2363 94 22 Prudhoo,
864 2363 62 19 Christ-

504 2383 80 20 ehureh;
599 2384 97 20 Paterson.
706 2385 94 22 Oamaru;
817 2385 61 21 Coul'l.
894 2388 32 22 liy-

504 2413 58 12 mans,
572 2407 48 21 Joel,
631 2409 88 18 Dunedin
726 2406 4 26 ;
740 2408 97 23 E'ntrican,
844 2406 92 26 Hiekso'n,

503 2430 105 17 Auckland.

636 2479 44 17 The
692 2479 111 20 JjASOtiXit.

525 2505 106 19 Mesdamcs
652 2507 73 22 Harris,
750 2505 86 28 Sydney;
859 2508 77 25 Wadey,

502 2528 121 22 Melbourne;
638 2531 79 19 Gilbert,
736 2528 115 27 Gippsland;
874 2529 62 24 Dod'd,

503 2551 105 19 Hamilton.
645 2554 66 18 Misses
729 2550 77 24 Kinder,
832 2553 104 25 Remucra;

504 2574 88 23 Spooner,
601 2576 25 18 To
633 2577 53 17 Puke
693 2574 4 28 ;
712 2579 62 23 Craig,
782 2579 84 22 Holmes,
874 2580 50 17 Auck-

502 2598 56 21 land;
580 2599 109 20 Buchanan,
712 2602 85 20 Parnell;
820 2603 22 17 E.
864 2604 72 22 Davey,

503 2621 95 23 England.
612 2623 70 17 Messrs
688 2623 105 24 Bradbury,
801 2627 67 19 Inch's,
875 2627 50 17 Auck-

503 2644 44 17 land
555 2644 3 28 ;
572 2645 73 22 Harris,
657 2646 75 24 Sydney
739 2644 3 28 ;
756 2649 72 23 Wadey
837 2649 33 23 (2),
888 2649 37 18 Mel-

502 2668 82 21 bourne;
599 2670 69 21 Miller,
679 2671 51 18 Olive
737 2668 4 27 :
751 2668 101 26 Smith'(2l
861 2674 75 21 Napier;

504 2691 70 23 Davey,
600 2693 100 22 England;
729 2694 88 22 Flowers,
840 2696 96 23 Stranger.

504 2715 108 23 Tauranga;
628 2716 81 23 Bobson,
720 2719 99 17 Taranaki.

636 2764 86 18 MoKota
733 2766 63 16 View.

527 2791 106 19 Mesdames
646 2793 96 23 Bowman,
752 2794 81 23 Napier;
847 2795 89 22 Hewson,

504 2814 99 18 Auckland
612 2814 4 23 ;
644 2816 85 20 Jenkins,
756 2818 76 17 Parnell
872 2818 66 19 Misses

504 2837 49 22 Kay.
569 2839 26 15 To
609 2837 113 28 Awamutu;
740 2841 95 20 Bowman,
861 2839 76 26 Napier.

504 2860 69 18 Messrs
599 2859 116 26 Hammond,
737 2864 88 21 Hewson,
855 2865 82 21 Forrest,

505 2884 98 18 Auckland
612 2884 4 26 ;
631 2885 97 22 Bowman,
745 2888 26 22 (2)
786 2886 82 21 Napier;
883 2889 54 20 Parr,

505 2907 128 24 Canterbury;
648 2907 68 22 North,
728 2908 63 23 Jones,
810 2910 127 24 Wellington;

504 2928 91 25 Elsmore',
617 2931 47 18 New
687 2931 114 25 Plymouth;
824 2933 113 24 McCrystnl,

504 2954 85 18 Thames'.

672 3021 95 18 DEATH.

529 3066 102 18 Fox.At
638 3067 91 21 Rotorua,
744 3075 22 10 on
777 3068 66 18 March
862 3070 77 18 lOth.of

509 3090 124 19 convulsions,
651 3091 83 18 William
750 3092 90 22 Mnrcott,
859 3093 49 20 aged
928 3095 11 15 0

508 3114 82 21 months,
601 3114 32 17 the
643 3114 43 22 only
695 3121 34 11 son
738 3115 20 17 of
770 3115 26 17 11.
806 3115 18 17 J.
834 3115 37 18 and
880 3117 27 16 M.
915 3117 22 17 E.

504 3136 47 17 Fox.

506 3206 57 20 THE
584 3207 55 22 HOT
656 3208 99 22 LAKES
772 3209 165 24 CHRONICLE

504 3248 435 12 AND

504 3279 218 21 Tourists'
746 3279 193 21 Journal.

535 3337 172 20 WEDNESDAY,
714 3336 92 20 MARCH
819 3340 28 19 18,
862 3336 77 23 1896.

506 3393 130 20 Elsewhere
643 3401 28 12 wo
678 3395 145 25 giveinsertion
833 3398 106 17 totw-orm--

505 3420 90 18 solicited
610 3420 178 20 communications
798 3422 78 18 wrirt'll
889 3423 49 18 from

506 3446 71 23 totally
589 3444 94 21 different
693 3448 133 23 .standpoints,
835 3448 37 19 but
890 3448 47 20 enol

506 3472 47 17 with
563 3472 35 17 the
608 3473 111 18 conviction
730 3471 45 21 that
789 3474 34 18 the
841 3475 88 20 capabili-

506 3498 38 18 ties
553 3498 22 18 of
584 3497 41 20 this
641 3498 56 25 place
713 3499 84 19 demand
814 3500 57 19 much
885 3507 54 12 moro

506 3524 97 19 attention
615 3524 50 18 than
676 3525 49 23 they
734 3532 34 12 nro
778 3528 21 16 at
815 3529 81 21 present
906 3533 33 12 ro~

506 3549 80 26 ceiving
595 3552 20 16 at
631 3547 35 22 the
682 3550 65 20 hands
763 3551 21 18 of
799 3551 34 20 the
849 3551 90 21 Govern*

506 3577 61 17 ment.
595 3576 43 18 The
648 3576 42 18 first
701 3577 69 19 article
776 3577 17 19 is
804 3577 28 25 by
842 3577 33 20 Mr
883 3578 24 19 F.
913 3579 25 19 A.

506 3601 106 20 Franklin,
624 3601 104 24 M.T.C.E.,
748 3603 115 26 consulting
881 3605 47 23 engi-

506 3634 48 12 neer
568 3629 21 15 to
604 3627 36 19 the
654 3629 81 18 various
753 3628 136 21 Government
905 3630 23 19 de-

506 3656 112 20 partments
629 3654 19 18 of
661 3653 51 20 New
725 3655 64 18 South
801 3655 76 22 Wales,
894 3656 45 19 who

506 3679 36 19 bus
553 3679 52 19 been
615 3680 91 24 residing
715 3681 19 18 in
853 3681 32 19 for
904 3682 34 19 the

506 3709 45 21 past
564 3707 36 17 few
613 3703 69 27 weeks,
692 3707 38 18 mid
742 3706 45 19 who
797 3707 37 19 has
844 3708 50 18 been
905 3714 33 13 na>

506 3731 76 24 tnrally
595 3731 109 26 impressed
722 3733 47 17 with
788 3733 33 17 the
838 3740 103 12 resources

507 3757 21 18 of
538 3757 34 18 the
584 3757 76 20 district
671 3758 38 19 and
720 3759 33 18 the
763 3758 117 20 ineffectual
886 3761 55 23 stops

508 3783 60 18 taken
575 3783 27 25 by
610 3783 34 19 the
653 3783 136 21 Government,
795 3784 20 19 in
820 3785 119 20 embellish*

507 3809 35 25 ing
553 3809 34 18 the
605 3810 153 24 surroundings.
793 3810 32 19 Mr
841 3811 99 19 Franklin

507 3841 34 12 can
556 3836 61 23 speck
630 3836 48 18 with
688 3842 27 13 no
724 3836 104 20 uncertain
846 3837 61 23 voice,
919 3844 22 13 ns

507 3861 25 18 ho
544 3861 37 18 has
589 3861 42 18 bad
641 3869 12 11 a
663 3862 52 19 wide
725 3862 38 19 and
774 3862 71 20 variol
861 3864 69 24 experi-

508 3893 47 12 ence
565 3887 21 18 of
596 3888 55 18 what
669 3888 16 18 is
704 3894 105 18 necessary
825 3891 20 16 to
853 3889 34 19 the
905 3889 24 19 ad-

508 3919 56 12 vnnc<
572 3914 54 18 mont
633 3914 21 17 of
659 3914 46 18 such
715 3914 66 24 places
789 3920 47 13 sons
845 3915 97 19 torender

508 3938 54 19 them
569 3945 55 14 moro
637 3940 105 19 attractive
746 3940 50 19 both
800 3941 21 18 to
829 3941 113 19 thetonrist

508 3964 37 19 and
562 3964 33 18 tie.
607 3964 156 21 health-seeker.
802 3966 28 18 As
852 3966 32 19 the
895 3973 35 18 pro-

507 3990 64 24 jector
582 3991 37 18 and
633 3991 93 24 designer
734 3992 21 17 of
772 3992 34 18 the
822 3992 120 19 Centennial

508 4016 60 23 Park,
582 4017 87 24 Sydney,
682 4018 34 18 the
723 4017 73 19 Public
804 4018 59 22 Park,
873 4018 55 19 Bush-

508 4043 65 18 cutter
579 4043 50 23 Bay,
639 4043 86 19 Stewart
736 4043 57 23 Park,

508 4068 38 18 and
556 4075 60 17 ninny
626 4069 21 18 of
663 4069 35 19 tho
715 4070 93 23 pleasure
824 4072 76 17 resoils
917 4077 24 12 on

508 4093 34 19 the
560 4093 51 20 Blue
631 4093 106 21 Mountain
755 4095 72 19 tourist
848 4095 45 24 line,
911 4096 31 18 bis

509 4120 90 18 remarks
610 4127 21 11 as
642 4122 19 16 to
678 4127 37 11 our
729 4121 51 18 local
795 4121 147 25 requirements

509 4151 33 12 are
554 4146 77 24 worthy
642 4146 22 18 of
673 4152 61 19 every
743 4146 155 20 consideration.
922 4147 20 19 It

962 130 54 16 must
1025 128 26 18 be
1061 128 62 18 borne
1134 127 21 19 in
1164 127 57 19 rttind
1232 128 45 18 that
1283 127 35 19 tho
1325 127 65 19 writei

962 153 47 25 011)3'
1026 153 74 25 speaks
1114 153 22 19 of
1151 153 34 19 the
1200 153 66 19 Baths
1283 153 40 19 and
1339 153 54 18 their

961 179 147 26 surroundings
1118 184 22 13 us
1149 179 48 24 they
1211 186 41 12 are.
1280 179 32 19 He
1321 179 18 19 is
1347 185 36 18 pos-

962 205 57 19 ossed
1032 206 21 18 of
1069 212 27 12 no
1113 205 120 25 knowledge
1250 204 21 20 of
1286 205 55 19 what
1356 205 38 18 has

962 231 50 18 been
1022 231 102 24 promised
1134 231 27 24 by
1171 231 34 18 the
1221 231 170 25 representatives

961 257 21 18 of
998 257 35 18 the
1054 257 136 19 Government
1210 257 45 19 who
1272 259 51 17 hiive
1341 257 51 18 from

961 283 48 19 time
1019 285 21 16 to
1052 283 47 18 time
1117 282 72 19 visited
1198 283 35 18 the
1244 283 61 25 place,
1322 283 41 18 and
1372 283 21 18 in

960 309 93 24 specious
1062 309 102 24 language
1174 309 84 23 pointed
1266 312 35 15 oat
1313 309 54 18 \rhat
1376 309 17 18 is

1118 336 21 17 to
1157 334 26 19 be
1201 334 58 19 done.
1288 335 19 18 A
1317 334 75 19 certain

960 360 63 25 place,
1035 367 29 12 we
1075 367 33 12 are
1117 360 48 21 told,
1177 360 17 18 is
1204 360 66 24 paved
1280 361 49 18 with
1341 360 52 24 good

960 386 116 19 intentions.
1113 386 22 19 If
1150 386 34 18 the
1203 387 112 18 intentions
1324 388 21 17 of
1360 386 33 19 the

961 412 138 19 Government
1108 419 50 12 were
1167 412 137 19 materialised
1320 412 21 19 in
1351 412 41 19 this

960 444 90 17 manner,
1062 438 91 18 Kotorua
1162 438 66 18 would
1242 438 24 19 be
1280 438 99 19 macadam-

960 464 44 19 ised
1014 463 40 19 and
1064 464 106 24 asphalted
1180 464 52 19 from
1247 464 35 19 the
1297 464 96 19 Utuhina

961 490 76 24 Bridge
1047 492 20 16 to
1076 490 199 19 AVhakarewarew'a.

988 515 41 19 Our
1046 515 72 19 second
1130 516 161 25 correspondent,
1313 516 34 19 Mr
1365 515 21 19 H

960 541 23 20 L.
1000 541 125 24 McFadyen,
1149 542 16 18 is
1176 548 12 12 a
1206 542 117 18 tradesman
1344 538 49 22 with

960 567 124 26 thoroughly
1094 568 94 25 practical
1203 568 68 22 views,
1289 568 41 18 and
1345 574 36 19 pos-

960 593 57 19 essed
1028 594 21 18 of
1059 593 52 19 keen
1123 594 112 25 perceptive
1244 593 100 20 faculties.
1367 594 26 18 In

960 619 54 19 brief
1024 619 37 19 but
1071 622 52 17 terse
1136 619 103 26 language
1245 619 26 19 ho
1282 622 63 17 states
1359 620 34 18 the

960 647 92 17 outcome
1063 647 20 17 of
1092 646 31 18 his
1140 645 96 26 personal
1253 645 140 19 observations

960 671 21 19 in
991 671 35 19 the
1036 671 117 19 Australian
1163 671 94 23 colonies,
1274 671 41 19 and
1325 672 68 24 points

961 699 35 17 out
1015 698 54 19 what
1087 698 21 18 in
1123 697 32 19 his
1174 697 82 25 opinion
1275 697 73 19 should
1367 697 25 19 be

960 723 52 19 done
1031 724 22 18 in
1071 723 35 19 the
1124 724 93 18 interests
1236 723 21 19 of
1275 723 35 19 the
1329 723 62 25 place.

962 749 39 19 His
1010 749 47 20 idea
1066 750 21 19 of
1096 749 100 25 diverting
1203 749 35 19 the
1247 755 70 13 course
1326 750 21 18 of
1357 749 34 19 the

961 775 252 26 PuarengaCreek,abovo
1219 775 35 18 the

961 802 39 18 and
1010 808 22 12 so
1042 804 81 17 convert
1133 802 16 17 it
1162 802 41 17 into
1219 807 26 12 an
1263 802 64 18 active
1344 808 37 18 gey-

961 833 36 17 ser,
1009 828 17 19 is
1036 834 12 12 a
1058 828 73 24 daring
1141 833 42 17 one,
1195 827 38 18 but
1245 833 23 12 as
1283 827 32 18 far
1323 834 23 12 as
1364 834 29 12 we

960 859 36 13 can
1007 854 57 18 learn
1076 854 56 17 there
1143 859 33 12 are
1183 859 27 12 no
1221 852 99 20 obstacles
1328 854 21 18 in
1359 854 34 18 the

961 886 43 18 way
1015 880 21 18 of
1045 880 25 18 its
1080 879 183 24 accomplishment.

960 932 103 23 LOCAL
1077 932 96 23 NEWS
1195 932 71 23 AND
1280 931 104 24 NOTES.

982 984 84 18 Tourists
1087 985 101 22 travelling
1204 985 85 17 between
1308 985 85 18 Rotorua

960 1009 37 16 and
1006 1008 100 18 Auckland
1115 1014 34 12 can
1162 1005 40 25 rely
1215 1014 52 16 upon
1280 1009 77 22 getting
1369 1015 24 10 an

960 1031 93 18 excellent
1061 1031 35 18 hot
1106 1031 94 18 luncheon
1213 1033 21 16 at
1249 1031 33 18 the
1296 1031 97 18 Frankton

960 1054 65 21 Hotel,
1047 1054 97 17 Frankton
1156 1054 98 21 Junction,
1276 1055 63 17 where
1360 1055 34 17 the

960 1078 50 16 train
1018 1079 51 21 stops
1079 1079 21 15 20
1109 1078 98 17 minutes.*

984 1109 33 17 Mr
1038 1110 23 17 A.
1078 1110 27 16 M.
1120 1110 61 16 Grant
1196 1110 35 16 has
1251 1110 109 17 contracted
1373 1111 20 16 to

960 1138 54 17 carry
1023 1139 10 11 a
1042 1132 45 18 mail
1095 1138 45 12 once
1155 1139 11 11 a
1174 1132 53 18 week
1235 1132 86 18 between
1333 1133 48 18 Roto-

960 1161 34 12 rua
1002 1156 38 16 and
1049 1156 87 17 Rotoma.
1160 1156 39 16 The
1219 1155 45 18 mail
1273 1155 57 18 closes
1350 1156 43 18 here

959 1185 23 10 on
993 1179 85 23 Monday
1089 1179 94 22 evenings.

982 1209 40 18 The
1030 1210 52 18 Hon.
1089 1210 62 18 James
1172 1210 78 20 Carroll,
1265 1210 20 17 in
1294 1210 69 23 regard
1372 1212 19 16 to

959 1233 29 17 his
1003 1235 44 15 tour
1062 1233 84 23 through
1161 1233 32 17 the
1208 1233 89 17 Urcwera
1306 1236 85 20 country,

959 1257 67 22 speaks
1039 1257 104 23 glowingly
1151 1257 20 16 of
1184 1257 33 16 the
1230 1262 76 16 scenery
1320 1257 73 23 opened

959 1282 32 21 up',
1001 1280 62 17 which
1072 1280 24 17 he
1104 1286 48 16 says,
1168 1282 51 15 must
1235 1286 59 16 prove
1311 1287 11 10 a
1339 1282 54 21 great

959 1303 102 17 attraction
1069 1304 20 16 to
1101 1303 83 17 tourists.

982 1334 39 17 The
1030 1334 55 17 usual
1093 1334 55 17 Band
1156 1334 20 17 of
1183 1334 57 23 Hope
1251 1335 88 22 monthly
1348 1341 33 12 con-

959 1360 39 14 cert
1012 1358 54 16 takes
1080 1358 52 22 place
1148 1358 19 16 in
1184 1358 33 17 the
1233 1358 122 18 Schoolroom
1369 1365 23 11 on

958 1381 71 22 Friday
1037 1381 56 22 night
1102 1381 53 17 when
1165 1387 10 10 a
1189 1387 52 11 more
1254 1382 47 16 than
1318 1382 75 22 usually

958 1404 101 17 attractive
1068 1410 119 16 programme
1196 1404 39 17 will
1244 1404 24 18 be
1282 1402 109 21 submitted.

958 1427 39 17 The
1006 1428 46 16 Rev.
1061 1428 24 16 D.
1092 1424 47 20 Ross
1148 1428 38 16 will
1195 1427 78 24 preside.

982 1459 32 16 Mr
1022 1458 119 22 Wairihouse,
1160 1459 146 21 stationmaster,
1317 1460 36 17 left
1369 1466 24 11 on

958 1482 85 22 Monday
1053 1482 30 17 for
1088 1489 11 9 a
1106 1482 52 17 short
1166 1482 77 22 holiday
1252 1482 61 18 which
1323 1484 23 16 he
1362 1484 20 16 in-

958 1505 55 17 tends
1022 1507 20 15 to
1050 1505 59 22 spend
1116 1506 19 16 in
1141 1505 116 23 Wellington
1267 1506 37 17 and
1313 1505 77 19 Nelson.

958 1529 32 16 Mr
995 1529 79 17 Jenkins
1083 1529 47 17 from
1140 1529 32 16 the
1181 1529 48 17 head
1238 1529 53 17 office
1299 1530 16 16 is
1327 1530 64 22 acting

958 1552 20 17 in
987 1552 29 17 his
1028 1552 58 22 place.

982 1583 39 17 The
1030 1584 45 16 Rev.
1088 1583 23 17 D.
1122 1584 52 20 Boss,
1183 1583 39 17 late
1231 1584 19 16 of
1260 1584 132 21 Queenstown,

959 1606 69 24 Otago,
1033 1605 102 19 conducted
1145 1607 32 16 the
1186 1607 134 23 Presbyterian
1325 1608 69 18 service

958 1630 19 17 in
986 1630 34 17 the
1026 1630 122 17 sehoolhouso
1154 1629 39 18 last
1210 1630 78 22 Sunday
1304 1631 89 22 morning

958 1653 38 17 and
1005 1653 85 22 evening.
1116 1654 30 16 He
1160 1654 38 16 will
1207 1654 81 16 officiate
1296 1654 56 23 again
1369 1661 24 11 on

959 1677 77 21 Sunday
1047 1678 52 16 next.

982 1708 39 16 The
1028 1708 75 23 present
1119 1708 63 17 rather
1196 1708 107 22 precarious
1316 1708 79 24 looking

958 1731 68 22 bridge
1048 1731 42 17 that
1099 1738 56 15 spans
1162 1732 31 16 the
1203 1731 100 24 Puarenga
1313 1732 52 17 creek
1375 1736 20 13 at

960 1755 172 16 Whakarewarowa
1147 1755 39 17 will
1192 1755 72 22 shortly
1270 1754 23 18 bo
1308 1755 86 23 replaced

959 1778 26 22 by
1010 1784 9 10 a
1047 1784 40 10 new
1109 1784 34 11 one
1163 1778 21 17 of
1204 1784 52 11 more
1281 1779 113 16 substantial

960 1802 99 17 structure.
1084 1802 15 16 A
1107 1807 40 11 sum
1156 1801 20 17 of
1185 1800 50 19 250
1249 1802 66 22 placed
1325 1808 24 11 on
1362 1802 33 17 the

960 1825 95 16 estimates
1064 1824 37 18 last
1116 1830 44 16 year
1168 1825 40 17 will
1217 1825 22 16 bo
1256 1825 73 17 availed
1344 1826 25 16 of.

984 1856 80 22 Captain
1079 1856 55 20 Mail',
1149 1856 49 17 after
1214 1856 76 22 leaving
1306 1857 33 16 the
1356 1858 25 16 Go-

960 1880 82 16 vernor's
1051 1881 55 20 party
1115 1880 20 16 at
1144 1879 118 18 Whakatane
1270 1880 90 17 returned
1375 1882 19 16 to

960 1903 89 20 Rotorua,
1060 1903 30 16 via
1096 1903 78 20 Matata,
1186 1902 79 18 Maketu
1271 1903 38 17 and
1315 1904 80 16 TcPnke

960 1927 19 16 It
988 1932 38 11 was
1032 1926 28 17 his
1069 1925 40 18 h'rst
1116 1926 43 17 visit
1167 1927 21 16 to
1200 1926 33 17 the
1249 1926 64 17 native
1330 1927 54 17 settle-

960 1950 61 17 ments
1030 1955 45 11 near
1083 1950 51 16 these
1143 1949 62 22 places
1222 1950 30 16 for
1264 1955 52 12 some
1332 1955 59 17 years.

960 1973 30 16 He
1004 1979 36 10 was
1047 1972 83 18 received
1139 1972 46 18 with
1191 1973 32 17 the
1228 1974 71 16 utmost
1309 1973 75 17 enthusi-

960 2002 38 11 asm
1009 1996 36 16 and.
1055 1996 31 16 tlie
1095 1996 48 22 hope
1149 2002 37 11 was
1196 1996 99 22 expressed
1301 1996 26 22 by
1337 2002 58 16 many

960 2019 19 17 of
988 2019 29 17 Lis
1026 2019 30 17 old
1064 2018 94 19 comrades
1176 2019 20 17 in
1216 2025 50 12 arms
1287 2019 43 17 that
1350 2020 45 22 they

961 2042 67 17 should
1038 2048 30 11 see
1083 2042 40 17 him
1140 2048 51 11 more
1209 2043 108 22 frequently
1333 2044 20 15 in
1362 2044 32 16 the

960 2066 69 17 future.

983 2099 17 16 A
1010 2098 62 17 choice
1080 2098 89 17 selection
1182 2098 20 17 of
1216 2098 25 17 oil
1256 2098 97 23 paintings
1369 2098 26 23 by

960 2122 31 17 Mr
1001 2122 20 17 C.
1031 2121 99 18 Blomfield
1139 2127 42 16 may
1190 2127 43 11 now
1242 2122 23 16 be
1275 2127 43 11 seen
1327 2123 19 15 at
1364 2122 31 17 the

960 2145 116 17 Cllltoxicl.E
1086 2145 62 17 Office.
1174 2145 52 21 They
1235 2145 92 21 comprise
1338 2145 57 17 views

960 2168 19 17 in
989 2168 40 18 this
1036 2167 149 24 neighborhood,
1196 2167 99 21 Wairakei,
1311 2168 69 17 Whaka-

960 2195 106 18 retvarowa,
1075 2189 39 20 Ac
1128 2192 37 16 and
1182 2192 49 16 from
1245 2191 50 17 their
1307 2191 77 20 faithful-

959 2220 43 13 ness
1022 2214 38 19 and
1076 2213 94 19 attention
1188 2216 19 16 to
1229 2212 58 21 detail
1308 2219 31 13 are
1352 2214 41 18 well

960 2239 61 17 worth
1034 2240 33 16 the
1075 2238 94 19 attention
1178 2240 20 16 of
1207 2239 60 17 lovers
1282 2239 19 17 of
1310 2240 35 16 art.
1372 2237 22 18 In

960 2262 84 18 addition
1054 2264 19 16 to
1082 2263 52 17 these
1143 2263 53 17 there
1209 2266 31 14 are
1257 2269 11 11 a
1282 2264 80 16 number
1376 2262 19 16 of

960 2287 59 16 water
1026 2284 50 19 color
1085 2286 84 17 sketches
1178 2284 80 19 suitable
1268 2287 29 17 for
1305 2287 89 22 birthday

960 2315 21 11 or
989 2309 67 18 Easter
1063 2308 74 19 Cards.*

984 2343 38 16 The
1032 2343 97 17 excursion
1140 2343 19 17 of
1167 2344 33 16 the
1209 2344 63 17 school
1282 2345 83 17 children
1376 2345 19 17 of

959 2366 106 19 Hamilton.
1078 2366 119 24 Cambridge,
1211 2367 110 21 Tamahero,
1339 2368 41 17 Hau-

960 2390 47 21 tapu
1016 2390 35 17 and
1063 2388 100 19 Pukbrimu
1174 2392 19 15 to
1202 2388 85 20 Rotorua
1294 2397 24 11 on
1325 2391 70 22 Friday

960 2413 37 17 last
1006 2418 38 12 was
1053 2410 103 25 extremely
1169 2413 101 19 successful
1284 2414 33 17 the
1330 2420 65 18 young

960 2437 66 21 people
1038 2436 58 24 being
1106 2433 64 26 highly
1180 2433 96 25 delighted
1286 2438 46 16 with
1346 2438 49 18 their

960 2460 73 22 outing.
1059 2460 38 17 The
1110 2461 55 20 party
1174 2460 104 18 numbered
1287 2463 59 15 ahont
1361 2461 34 18 .500

960 2481 26 19 all
996 2483 46 19 told,
1059 2480 36 20 and
1110 2483 32 17 the
1155 2483 36 17 live
1205 2484 58 17 hours
1280 2486 56 20 spent
1351 2485 44 16 here

960 2512 48 11 were
1017 2506 79 17 devoted
1106 2507 19 15 to
1134 2506 78 23 visiting
1225 2507 32 17 the
1275 2508 119 17 Sanatorium

960 2529 36 17 and
1005 2530 31 17 the
1045 2530 62 21 places
1115 2529 19 18 of
1142 2530 79 17 interest
1228 2536 47 11 near
1289 2531 33 17 the
1336 2532 59 16 town.-

960 2553 30 17 No
999 2552 84 19 accident
1092 2553 71 16 nun-red
1173 2553 32 17 the
1219 2553 52 23 day's
1285 2555 110 22 enjoyment

960 2576 36 17 and
1005 2576 75 22 general
1090 2574 114 20 satisfaction
1212 2583 38 11 was
1259 2578 99 21 expressed
1376 2580 19 15 at

961 2599 32 17 the
1002 2600 141 21 arrangements
1151 2600 55 17 made
1216 2601 19 16 at
1251 2600 32 18 the
1296 2601 56 17 baths
1366 2601 30 17 for

961 2623 49 16 their
1019 2623 100 22 reception.

984 2654 38 18 The
1036 2655 92 17 members
1148 2655 21 17 of
1186 2656 33 16 the
1240 2656 84 17 Rotorua
1337 2656 57 17 Town

961 2678 61 16 Board
1034 2684 30 10 are
1075 2677 85 23 gazetted
1170 2684 21 12 as
1198 2685 10 10 a
1224 2676 49 20 local
1290 2679 63 17 Board
1374 2680 20 16 of

962 2701 32 16 the
1003 2698 78 20 Health.
1106 2701 38 17 The
1154 2701 74 18 district
1236 2700 85 19 includes
1334 2703 48 17 Roto-

960 2730 40 11 rua.
1012 2724 105 21 Hbrohoro,
1133 2725 37 17 and
1187 2724 103 19 Tarawera.
1306 2726 87 17 bounded

962 2747 83 17 towards
1054 2748 31 16 Hie
1094 2748 108 18 north-east
1210 2748 26 22 by
1245 2748 52 18 Lake
1303 2750 90 19 Rotorua;

960 2770 83 17 towards
1052 2771 32 16 the
1092 2772 40 16 east
1137 2772 98 22 generally
1243 2771 26 23 by
1277 2773 33 16 the
1318 2773 77 17 summit

961 2794 20 17 of
1003 2794 32 16 Hie
1054 2795 71 16 eastern
1137 2795 106 17 watershed
1252 2795 21 17 of
1293 2795 102 20 Pnnronsra

961 2818 75 18 stream;
1056 2817 81 18 towards
1161 2818 33 17 the
1216 2819 55 16 south
1281 2819 36 16 and
1327 2820 56 17 south-

961 2841 46 17 west
1012 2840 35 21 by!
1053 2841 22 15 !ie
1082 2841 75 17 summit
1167 2842 20 16 of
1192 2841 126 18 thesorifhcrn
1324 2843 58 17 water-

961 2863 46 17 shed
1016 2863 20 17 of
1044 2863 99 23 Puarenga
1152 2865 69 16 stream
1229 2865 37 17 and
1278 2866 20 16 of
1306 2865 87 17 Utuhina

962 2888 73 16 stream:
1066 2887 37 16 and
1125 2888 82 17 towards
1227 2886 33 19 the
1276 2888 58 17 north
1350 2890 46 16 west

960 2909 97 23 generally
1073 2910 27 22 by
1115 2909 31 18 the
1162 2911 77 17 summit
1256 2912 20 16 of
1283 2912 34 16 the
1325 2912 57 17 north-

960 2934 47 16 west
1017 2933 103 18 watershed
1129 2934 19 16 of
1157 2934 33 17 the
1198 2931 87 21 Utuhina
1294 2936 75 16 stream.

985 2964 38 17 The
1045 2964 47 17 flock
1113 2965 19 17 of
1159 2966 57 22 sheep
1241 2964 61 19 which
1329 2967 67 20 passed

961 2987 83 22 through
1056 2985 30 20 the
1096 2988 49 18 town
1160 2988 37 18 last
1214 2989 51 17 week
1274 2990 30 16 for
1316 2988 79 24 OLaupo

962 3016 58 12 seems
1029 3011 20 17 to
1057 3011 47 17 have
1113 3011 37 17 bad
1159 3012 37 16 bad
1205 3012 44 17 luck
1258 3013 101 22 attending
1370 3018 24 13 on

960 3034 16 17 it
985 3034 25 17 all
1019 3034 32 17 the
1059 3040 48 16 way.
1125 3035 57 20 First,
1190 3035 32 17 the
1232 3035 62 18 driver
1302 3036 15 17 is
1323 3037 62 16 threat-

962 3058 46 16 ened
1017 3057 45 17 with
1072 3058 50 21 legal
1133 3058 124 22 proceedings
1273 3065 25 11 on
1316 3061 81 16 account

962 3081 19 15 of
998 3081 32 16 the
1049 3081 114 17 destruction
1186 3082 19 16 of
1228 3088 66 16 young
1309 3083 49 17 trees
1376 3082 19 18 in

961 3103 74 18 Fenton
1042 3104 66 20 Street;
1121 3105 46 17 next
1183 3110 29 12 wo
1219 3105 46 17 bear
1273 3105 44 17 that
1325 3111 35 11 one
1376 3106 21 16 of

961 3127 32 16 the
1002 3132 66 17 young
1072 3130 41 15 inen
1122 3128 19 16 in
1150 3128 69 21 charge
1226 3129 34 16 lias
1268 3126 48 19 been
1327 3129 57 17 admit-

961 3150 32 17 ted
1007 3152 19 15 to
1046 3150 32 17 the
1102 3148 98 20 Hamilton
1215 3150 89 23 Hospital
1325 3152 72 21 having

960 3173 39 17 had
1004 3180 11 10 a
1023 3173 66 17 ti-treo
1097 3174 52 16 stake
1158 3180 35 11 run
1204 3175 83 20 through
1297 3175 30 17 his
1343 3175 54 23 right

961 3196 56 19 band,
1049 3197 31 16 the
1106 3197 105 22 attempted
1238 3198 113 17 extrication
1376 3199 21 16 of

961 3219 60 18 which
1040 3220 74 17 severed
1130 3224 24 13 an
1171 3222 69 21 artery;
1259 3222 37 16 and
1312 3227 43 11 nwv
1368 3227 29 12 we

961 3242 51 18 learn
1021 3243 42 17 that
1073 3249 9 11 a
1091 3243 42 22 boy.
1144 3250 11 10 a.
1165 3244 83 17 member
1257 3245 19 17 of
1285 3245 32 17 the
1330 3246 62 21 parly,

961 3265 34 18 has
1001 3266 46 17 been
1056 3266 60 17 Listen
1127 3267 31 16 (lie
1167 3267 47 17 bush
1231 3267 85 19 between
1321 3268 63 18 Mania-

962 3288 24 18 lui
995 3289 37 17 and
1039 3289 88 18 Arahiwi.
1145 3288 74 19 Thel'ad
1226 3289 35 18 Las
1270 3289 49 19 since
1329 3291 68 18 turned

961 3317 26 17 up
996 3312 25 17 all
1030 3312 59 23 light.

984 3344 39 17 The
1031 3343 51 21 body
1093 3345 20 16 of
1127 3344 96 22 Wynvard
1241 3345 78 21 Rogers,
1336 3343 61 21 oldest

962 3373 32 10 son
1005 3367 19 16 of
1032 3367 32 16 Mr
1072 3368 80 17 William
1167 3368 78 21 Rogers,
1261 3375 38 10 was
1312 3369 83 21 brought

962 3390 48 16 fi-oin
1019 3388 104 20 Auckland,
1138 3391 62 18 where
1217 3392 32 16 the
1263 3392 30 17 lad
1310 3392 48 18 died,
1370 3392 27 22 by

961 3413 117 19 Wednesday
1087 3413 71 23 night's
1167 3415 56 16 train.
1250 3415 14 17 A
1274 3415 53 17 larire
1340 3422 46 10 7111m-

961 3436 34 17 ber
1003 3436 19 17 of
1030 3437 72 16 natives
1107 3437 36 16 had
1151 3438 103 17 assembled
1262 3440 20 15 at
1289 3439 31 16 (lie
1327 3439 70 17 station

962 3460 19 16 to
995 3464 70 13 receive
1079 3459 32 17 ihc
1128 3463 64 20 Corpse
1208 3458 59 21 which
1285 3468 38 11 was
1339 3462 58 17 taken

962 3480 45 20 with
1016 3483 55 17 muck
1082 3487 99 14 eerenionv
1194 3484 20 17 to
1229 3484 58 17 Tama
1302 3486 18 15 to
1327 3485 69 17 Kupna

962 3505 61 18 where
1040 3506 31 17 the
1088 3506 60 17 whole
1165 3507 48 16 tribe
1230 3507 37 17 Lad
1285 3508 110 17 assembled.

962 3529 38 16 TLc
1008 3529 53 20 large
1069 3529 93 17 structure
1170 3536 39 10 was
1223 3531 97 18 fastofullv
1329 3524 54 25 decor-

962 3552 44 17 ated
1018 3552 47 17 with
1080 3552 62 17 native
1156 3554 54 20 mats,
1229 3553 39 22 &c,
1287 3554 36 17 and
1340 3560 57 16 nmny

962 3575 62 17 native
1033 3580 87 17 weapons
1128 3576 75 17 handed
1212 3576 54 18 down
1276 3577 49 17 from
1334 3577 63 18 father

962 3599 20 16 to
996 3604 33 11 son
1046 3598 29 17 for
1089 3603 57 17 many
1163 3600 120 22 generations
1296 3606 48 10 were
1358 3601 30 17 dis-

962 3620 74 24 played:
1061 3622 75 21 Among
1145 3622 32 17 the
1190 3622 58 17 latter
1261 3629 38 10 was
1315 3623 50 18 what
1381 3623 15 17 is

962 3644 97 22 generally
1079 3644 107 18 considered
1203 3646 32 16 the
1257 3646 55 17 finest
1329 3653 57 15 green-

963 3669 53 15 stone
1025 3668 43 16 club
1076 3667 58 23 (mere
1142 3669 105 22 pounamn)
1264 3670 20 16 to
1299 3669 23 17 be
1338 3670 60 17 found

962 3690 19 17 in
991 3690 47 17 New
1047 3691 86 17 Zealand.
1160 3691 19 17 It
1186 3692 16 16 is
1210 3692 71 17 known
1288 3698 20 11 as
1317 3693 24 17 To
1351 3693 30 17 Wa-

962 3713 58 17 haroa
1029 3714 37 16 and
1074 3714 15 16 is
1097 3720 25 11 an
1130 3714 91 18 heirloom
1231 3715 18 16 in
1258 3716 33 16 the
1300 3716 66 21 family
1378 3716 20 17 of

963 3736 32 16 the
1003 3736 93 18 deceased.
1122 3737 19 17 It
1146 3743 38 11 was
1192 3738 32 17 the
1230 3738 81 17 favorite
1320 3744 77 14 weapon

963 3759 19 17 of
991 3759 28 18 his
1029 3759 171 22 grandunclethe
1209 3761 74 17 famous
1292 3761 25 18 To
1325 3762 59 16 Wnlia-

963 3787 38 12 roa.
1027 3783 29 16 On
1063 3783 68 17 arrival
1139 3783 21 18 of
1169 3783 31 18 the
1209 3785 76 19 cortege
1294 3785 31 16 the
1333 3785 60 19 coffin,

963 3805 59 17 which
1034 3811 36 12 was
1080 3806 76 17 covered
1165 3807 47 16 with
1221 3808 82 16 wreaths
1312 3808 20 17 of
1346 3808 51 17 ferns

963 3829 37 16 and
1021 3828 69 18 flowers
1107 3829 65 22 placed
1190 3830 53 17 there
1259 3830 26 23 by
1301 3830 33 18 the
1350 3830 48 18 lad's

963 3851 84 18 teachers
1063 3852 37 17 and
1116 3853 71 16 friends
1207 3853 18 17 in
1243 3853 106 19 Auckland,
1359 3860 39 10 was

963 3874 66 23 placed
1038 3880 24 11 on
1071 3875 32 16 the
1111 3876 76 22 ground
1201 3876 38 17 and
1252 3876 32 17 the
1299 3877 50 16 most
1362 3877 24 16 im-

964 3898 88 21 pressive,
1058 3899 31 15 tan
1092 3898 18 19 pi
1128 3904 43 12 ever
1186 3899 44 17 held
1246 3900 18 16 in
1282 3898 116 19 Ohinoniutu

963 3921 46 16 took
1017 3921 58 21 place.
1089 3921 37 17 The
1134 3928 98 16 ceremony
1241 3923 60 17 lasted
1308 3923 25 17 all
1340 3923 57 21 night

964 3942 38 19 and
1010 3949 25 12 on
1042 3944 34 17 the
1083 3944 100 24 following
1196 3945 36 22 day
1247 3945 38 18 the
1292 3945 51 23 body
1361 3952 37 11 was

964 3967 95 21 conveyed
1066 3968 20 16 to
1095 3965 93 25 Mokoia..
1203 3968 17 17 A
1228 3968 54 22 large
1290 3968 80 17 number
1378 3968 20 18 of

963 3989 72 19 natives
1044 3990 48 17 from
1102 3991 32 15 (he
1143 3991 128 20 surrounding
1281 3992 116 16 settlements

964 4013 37 17 had
1011 4013 72 17 arrived
1092 4013 52 18 there
1160 4014 36 17 and
1210 4015 80 16 another
1303 4015 95 21 imposing

965 4035 51 24 tangi
1027 4042 37 11 was
1073 4036 49 17 held.
1148 4037 39 16 The
1199 4037 72 17 funeral
1287 4037 44 17 took
1346 4037 52 22 place

965 4058 51 22 early
1025 4065 24 11 on
1057 4059 69 22 Friday
1134 4059 89 23 morning
1232 4060 32 16 the
1277 4060 51 21 body
1341 4060 57 21 being

964 4081 81 17 interred
1055 4083 20 16 at
1082 4083 32 17 the
1122 4083 78 22 highest
1216 4083 54 21 point
1287 4083 20 17 of
1314 4083 83 19 Mokoia,

965 4104 42 18 that
1019 4105 58 21 being
1090 4105 33 17 the
1136 4105 38 18 last
1188 4106 136 22 resting-place
1337 4106 20 17 of
1367 4106 31 17 the

965 4127 261 24 Ngati-tc-roro-o-to-rangi
1236 4130 20 15 of
1272 4128 60 19 which
1350 4129 48 16 tribe

965 4151 31 16 the
1006 4151 88 17 deceased
1102 4156 38 12 was
1149 4156 11 12 a
1169 4151 55 17 scion.

1439 127 75 17 Hcrren
1527 127 113 18 Wichmann
1655 128 39 17 and
1709 128 86 18 Schissen
1815 130 37 16 and

1417 149 28 18 Dr
1457 151 115 22 Vogelsang,
1589 151 82 17 German
1685 152 75 21 mining
1771 153 79 21 cxpferts,

1416 169 130 27 representing
1554 174 33 17 the
1596 175 80 17 London
1685 175 38 17 and
1736 175 52 17 West
1802 175 37 17 Aus-

1416 196 69 17 tralian
1497 197 119 17 Investment
1632 203 99 17 company,
1746 198 73 17 arrived
1832 199 20 16 at

1416 218 52 18 Lake
1476 219 65 18 House
1549 220 50 17 from
1608 220 25 18 Te
1642 218 66 20 Arolia
1717 222 26 16 oh
1759 221 93 22 Saturday

1416 242 19 16 in
1444 247 93 17 company
1546 243 47 17 with
1600 243 33 17 Mr
1641 244 26 17 H.
1676 244 24 16 A.
1710 244 83 20 Gordon,
1805 244 45 17 G.E.

1416 265 52 21 They
1475 265 68 18 visited
1551 272 11 11 a
1570 267 37 16 few
1616 267 20 17 of
1643 267 33 17 the
1692 267 60 22 sights
1767 267 37 17 and
1817 267 35 17 left

1416 288 57 23 again
1481 289 100 22 yesterday
1591 290 95 22 morning.

1439 319 20 17 It
1467 319 34 18 has
1509 320 47 17 boon
1564 319 62 19 stated
1633 321 42 17 that
1683 321 33 17 the
1725 321 126 17 Government

1416 343 61 16 refuse
1483 344 20 16 to
1513 343 42 22 giro
1563 344 50 17 their
1621 346 79 15 consent
1714 345 21 16 to
1748 345 32 16 the
1789 345 51 16 trans-

1416 366 28 17 fer
1468 366 21 17 of
1509 366 33 18 the
1564 367 85 17 Rotorua
1670 368 60 17 Hotel
1745 368 20 16 to
1779 368 72 16 Pacroa

1416 388 93 23 although
1526 390 32 16 the
1575 390 82 17 decision
1671 391 20 16 of
1706 391 33 16 the
1750 391 102 22 Licensing

1416 411 112 19 Committee
1536 413 19 17 at
1569 413 101 23 Tanranga
1682 413 38 18 last
1733 413 117 23 Wednesday

1416 435 52 16 week
1497 441 38 11 was
1562 437 122 16 tantamount
1703 438 20 15 to
1740 436 108 23 permission

1416 458 58 22 being
1494 458 57 23 given
1567 459 61 17 under
1648 459 72 17 certain
1738 460 110 17 conditions.

1416 481 38 17 The
1463 478 99 20 Auckland
1568 482 89 17 Herald's
1664 483 72 17 Pacroa
1742 487 98 18 correspon-

1416 504 46 17 dent
1476 511 43 10 now
1527 505 96 22 publishes
1633 512 10 10 a
1652 505 91 23 telegram
1752 507 48 16 from
1817 506 33 17 the

1416 528 84 16 Premier
1515 528 19 16 in
1543 533 87 18 response
1637 530 20 15 to
1666 534 36 11 one
1708 528 84 18 received
1800 529 49 17 from

1416 551 31 16 Mr
1454 551 18 17 J.
1482 551 120 21 McAndrew,
1612 552 21 16 of
1640 552 73 17 Paeroa
1720 558 20 11 as
1746 552 105 17 follows:

1440 573 125 18 Government
1575 575 48 16 have
1631 575 77 17 decided
1725 577 36 15 not
1769 577 20 15 to
1805 581 33 17 per-

1416 597 34 16 mit
1456 597 83 17 removal
1544 598 21 16 of
1571 598 68 17 license
1646 598 50 17 from
1703 598 58 17 house
1769 598 81 17 situated

1416 626 24 11 on
1449 625 71 12 reserve
1529 621 21 16 at
1694 620 39 18 The
1746 621 104 22 adjourned

1416 643 137 17 consideration
1562 644 21 16 of
1589 644 34 16 the
1631 645 70 16 matter
1709 645 16 17 is
1737 645 114 22 proceeding

1416 667 20 16 at
1445 666 100 23 Tauranga
1553 666 70 23 to-day
1624 666 4 23 t

1439 698 17 16 A
1478 697 45 22 lady
1543 698 147 22 correspondent
1711 699 103 22 complains
1831 700 20 16 of

1416 721 31 17 the
1462 721 37 17 low
1508 722 127 21 temperature
1650 721 39 18 and
1707 722 21 17 of
1743 723 33 16 the
1797 723 54 17 small

1416 744 89 22 quantity
1513 744 21 17 of
1549 746 60 15 water
1625 744 20 17 in
1662 745 32 17 the
1711 745 72 17 Priests
1800 746 50 17 Bath

1417 766 73 24 (ladies)
1500 768 20 16 at
1533 767 32 17 the
1583 768 76 21 present
1673 768 52 18 time.
1758 768 62 23 Being
1829 774 11 12 a-

1416 796 48 11 ware
1473 791 43 16 that
1525 796 11 10 a
1543 796 46 16 very
1598 791 47 22 high
1659 791 68 22 degree
1740 792 20 16 of
1768 793 71 20 temper-

1416 815 53 15 ature
1486 813 80 23 prevails
1584 819 24 12 on
1623 814 31 17 the
1671 815 59 16 men's
1748 815 43 20 side,
1807 820 32 12 ren-

1416 836 67 23 dering
1497 842 35 11 one
1549 836 47 17 hath
1613 837 76 20 useless,
1713 838 32 17 she
1762 839 87 21 suggests

1416 860 44 16 that
1468 860 160 23 communicating
1640 860 54 22 pipes
1700 861 68 17 should
1776 861 23 17 be
1812 861 38 17 laid

1417 883 87 22 whereby
1512 883 34 17 the
1555 884 136 21 temperatures
1704 884 19 17 of
1732 884 47 17 both
1795 883 55 19 could

1416 906 23 17 bo
1448 906 101 22 equalised.
1583 906 76 22 Failing
1676 907 38 17 this
1730 907 57 23 being
1795 914 44 16 prac-

1416 929 69 17 ticable
1504 935 34 11 our
1555 930 146 22 correspondent
1718 930 72 17 advises
1808 930 42 18 that

1416 959 11 10 a
1436 953 42 21 pipe
1488 953 30 17 fed
1525 953 26 22 by
1560 954 31 16 the
1608 953 71 17 Rachel
1696 954 66 22 spring
1783 954 67 17 should

1416 976 22 16 be
1447 974 105 19 conducted
1565 977 85 20 through
1667 977 32 16 the
1716 977 63 17 ladies'
1797 977 52 17 bath.

1416 999 45 17 This
1469 999 64 17 would
1549 999 57 23 bring
1623 1000 32 17 the
1678 1001 58 16 water
1747 1006 26 16 up
1789 1002 20 15 to
1826 1006 24 11 an

1416 1022 97 23 agreeable
1523 1024 126 21 temperature
1665 1024 82 17 without
1763 1024 74 17 weaken-

1415 1046 35 21 ing
1458 1045 25 17 its
1492 1046 89 17 chemical
1591 1046 109 23 properties.

1440 1077 38 17 The
1496 1077 127 18 Government
1636 1078 73 22 having
1713 1084 44 12 now
1762 1078 88 23 acquired

1416 1100 43 17 that
1483 1100 76 23 portion
1582 1102 20 16 of
1623 1102 31 16 the
1676 1102 174 17 AV'hakarowarewa

1416 1123 55 17 block
1482 1123 59 18 which
1552 1125 85 17 contains
1647 1127 49 15 most
1706 1126 20 16 of
1734 1125 32 17 the
1774 1125 75 17 natural

1416 1147 87 17 wonders
1511 1147 16 17 it
1535 1147 34 17 has
1577 1147 47 18 been
1633 1147 78 18 deemed
1729 1149 87 16 essential
1830 1150 19 16 to

1415 1170 79 22 appoint
1503 1177 10 9 a.
1522 1170 97 17 caretaker
1627 1177 20 11 so
1652 1172 44 16 that
1704 1172 32 16 the
1745 1172 52 22 place
1807 1178 42 16 may

1415 1195 34 15 not
1457 1193 24 17 be
1496 1194 71 17 carried
1583 1200 54 16 away
1648 1194 102 23 piecemeal
1765 1195 26 22 by
1805 1195 45 17 relic

1416 1217 83 22 hunting
1506 1217 84 17 tourists.
1624 1217 32 23 Up
1664 1220 21 15 to
1694 1219 32 16 the
1734 1220 74 20 present
1817 1219 32 16 the

1414 1240 73 17 natives
1496 1240 111 17 themselves
1620 1241 48 17 have
1685 1241 92 18 exorcised
1793 1248 10 11 a
1820 1248 20 11 re-

1415 1263 93 23 straining
1517 1262 91 19 influence
1617 1264 19 17 in
1654 1265 37 16 this
1708 1265 97 20 direction,
1815 1265 35 17 but

1415 1292 20 11 as
1444 1287 32 16 the
1485 1287 45 16 land
1547 1287 34 17 has
1592 1293 43 11 now
1652 1294 49 16 gone
1715 1290 34 15 out
1765 1289 19 16 of
1801 1288 50 18 their

1415 1310 104 21 possession
1527 1311 49 16 their
1589 1311 77 22 anxiety
1674 1313 19 15 to
1703 1311 47 23 keep
1757 1311 32 17 the
1797 1312 52 22 place

1414 1333 62 16 intact
1484 1334 39 16 will
1531 1334 93 21 probably
1633 1335 83 17 weaken.
1727 1335 30 16 Mr
1766 1334 83 24 Malfroy

1415 1356 34 17 has
1457 1356 47 18 dcen
1512 1353 104 21 instructed
1624 1359 20 16 to
1650 1358 87 17 intimate
1744 1359 19 16 to
1773 1358 74 22 Sophia,

1415 1379 32 17 the
1456 1379 64 22 guide,
1537 1381 44 16 that
1590 1381 32 16 she
1631 1381 35 17 has
1672 1381 46 17 been
1729 1381 120 22 accordingly

1415 1403 103 22 appointed
1524 1403 97 18 caretaker
1630 1405 19 16 of
1658 1405 32 16 the
1708 1405 90 21 grounds.
1832 1405 16 17 A

1415 1426 54 17 small
1480 1426 61 22 salary
1551 1427 38 17 will
1596 1427 23 17 be
1628 1427 90 18 attached
1726 1429 20 16 to
1751 1427 32 18 the
1791 1428 58 17 office.

1438 1458 39 17 The
1486 1464 46 16 open
1542 1459 28 16 air
1585 1459 74 17 concert
1667 1459 20 17 in
1692 1459 33 17 the
1730 1459 120 19 Sanatorium

1416 1481 88 17 Grounds
1513 1481 36 18 last
1555 1481 69 22 Friday
1635 1483 30 16 for
1674 1483 32 17 the
1711 1483 69 17 benefit
1790 1483 20 17 of
1818 1483 32 17 the

1415 1504 56 17 Brass
1485 1504 54 17 Band
1558 1511 38 11 was
1614 1505 68 23 highly
1695 1506 119 21 satisfactory
1831 1507 19 16 in

1416 1528 47 21 spite
1473 1528 20 17 of
1501 1528 31 17 the
1542 1528 40 17 fact
1596 1528 44 18 that
1657 1535 11 11 a
1683 1529 60 22 slight
1751 1529 67 17 drizzle
1831 1530 21 17 of

1415 1551 41 16 rain
1465 1557 38 11 was
1513 1551 68 23 falling
1596 1552 21 17 at
1636 1553 34 16 the
1684 1554 165 16 commencement.

1416 1574 40 17 Our
1472 1574 41 17 best
1529 1575 68 17 known
1606 1575 48 18 local
1671 1577 94 16 amateurs
1782 1577 68 17 turned

1416 1599 33 15 out
1456 1598 19 16 in
1484 1599 67 21 strong
1560 1598 50 17 force
1624 1599 39 16 and
1677 1600 50 16 went
1743 1599 83 23 through
1840 1606 11 11 a

1415 1621 68 22 highly
1496 1621 113 24 interesting
1622 1628 121 17 programme
1751 1624 50 16 most
1809 1622 32 18 effi-

1417 1644 75 22 ciently.
1518 1644 75 18 Several
1612 1645 45 22 lady
1682 1645 38 17 and
1744 1647 106 21 gentlemen

1416 1667 74 17 visitors
1499 1668 39 16 also
1552 1668 120 17 contributed
1690 1669 49 17 their
1757 1670 57 21 quota
1831 1671 20 16 to

1416 1690 33 18 the
1469 1691 89 22 evenings
1575 1694 117 15 amusement
1710 1692 36 17 and
1756 1693 31 16 the
1800 1692 52 18 band

1417 1714 68 21 played
1491 1714 68 17 almost
1565 1721 20 11 as
1593 1715 42 17 well
1643 1721 20 11 as
1670 1715 33 17 the
1708 1716 38 16 Mai
1751 1716 40 22 froy
1800 1716 38 21 Gey-

1417 1743 43 11 sers.
1494 1738 38 17 The
1541 1737 97 18 collection
1646 1739 78 17 realised
1734 1738 26 18 5
1769 1739 37 17 and
1819 1739 33 18 the

1417 1762 133 20 management
1558 1767 37 11 was
1602 1762 80 17 efficient
1689 1763 19 16 in
1718 1768 55 14 every
1779 1761 61 24 partic-

1417 1783 47 21 ular,
1474 1784 73 23 though
1562 1790 26 11 we
1604 1785 86 22 question
1700 1786 32 16 the
1748 1786 92 22 judicious-

1417 1813 40 11 ness
1467 1807 20 17 of
1495 1807 121 22 introducing
1623 1808 59 18 hakas
1690 1810 21 16 at
1717 1809 63 17 future
1789 1810 52 16 enter-

1417 1831 106 16 tainments.

1442 1862 26 17 At
1476 1862 32 17 the
1517 1862 38 17 last
1569 1862 85 24 meeting
1671 1864 19 16 of
1704 1864 32 17 the
1753 1864 99 18 Auckland

1418 1885 161 17 Acclimatisation
1603 1886 75 23 Society
1700 1887 15 17 it
1732 1894 37 10 was
1790 1888 61 16 stated

1417 1908 44 18 that
1465 1914 102 13 numerous
1574 1909 113 23 complaints
1704 1910 37 17 had
1758 1911 47 17 been
1821 1916 20 12 re-

1417 1932 63 16 ceived
1496 1932 25 22 by
1530 1933 32 16 the
1572 1933 77 17 Council
1659 1932 106 24 respecting
1779 1934 32 17 (he
1827 1934 16 17 il-

1417 1955 40 17 licit
1475 1955 88 23 catching
1581 1956 35 16 ami
1640 1956 68 22 selling
1723 1958 20 16 of
1758 1958 52 17 trout
1831 1958 21 17 at

1417 1978 91 21 Rotorua,
1530 1979 32 17 the
1587 1979 93 19 offenders
1704 1980 57 22 being
1785 1981 67 22 chiefly

1417 2000 77 19 M'ioris.
1520 2002 26 17 At
1556 2002 31 17 the
1594 2003 47 16 wish
1658 2003 20 17 of
1694 2003 31 17 the
1734 2003 117 18 inhabitants

1417 2025 32 17 the
1459 2024 127 18 Government,
1603 2026 38 17 had
1659 2027 69 22 agreed
1742 2028 20 15 to
1777 2028 74 17 include

1418 2048 31 16 the
1459 2048 84 21 Country
1549 2049 20 17 of
1574 2049 85 17 Rotorua
1666 2050 64 17 within
1739 2050 31 17 the
1777 2050 61 18 bound-

1417 2071 47 18 aries
1486 2072 20 17 of
1524 2072 31 18 the
1579 2073 40 17 Auo
1631 2073 46 17 land
1691 2073 159 19 Acclimatisation

1417 2094 90 22 Society's
1530 2095 79 20 district,
1624 2096 38 17 and
1681 2096 60 18 active
1758 2103 93 12 measures

1417 2123 32 12 are
1457 2124 44 11 now
1514 2118 59 23 being
1586 2119 58 17 taken
1661 2121 20 16 to
1694 2122 35 19 put
1744 2126 11 11 a
1772 2122 42 21 stop
1831 2122 20 16 to

1417 2141 52 17 these
1483 2143 138 20 reprehensible
1634 2143 97 21 practices.
1757 2144 16 16 A
1790 2144 61 17 notice

1417 2163 18 17 in
1445 2164 68 22 regard
1523 2166 19 15 to
1551 2170 77 16 persons
1637 2166 76 22 netting
1722 2172 20 11 or
1763 2164 89 25 spearing

1417 2188 53 16 trout
1487 2191 22 14 or
1522 2188 108 17 unlicensed
1645 2195 77 15 persons
1736 2188 70 24 fishing
1822 2191 30 16 for

1417 2214 51 13 safrie
1478 2216 21 12 or
1506 2216 73 17 anyone
1588 2209 80 25 buying,
1678 2213 73 20 selling,
1760 2210 92 27 exposing

1417 2239 21 11 or
1447 2234 80 22 offering
1535 2236 52 16 trout
1593 2235 30 17 for
1631 2236 44 20 sale,
1683 2233 39 20 will
1730 2236 23 17 be
1762 2236 59 18 found
1831 2235 20 19 in

1419 2258 80 17 an'otber
1508 2257 81 18 column.

1481 2287 168 21 UNWELCOME
1658 2291 126 19 HOLLOWS

1625 2323 14 12 *

1416 2343 39 18 Fill
1463 2345 62 17 out-us
1534 2344 34 18 this
1575 2344 45 18 food
1634 2345 16 17 is
1667 2352 51 11 morn
1735 2346 116 23 thoroughly

1417 2365 115 20 assimilated
1547 2368 82 17 lTnouli
1646 2369 77 27 thebaic!
1741 2370 20 17 of
1773 2365 78 23 Wolfed

1419 2390 103 23 Schnapps.
1549 2391 43 23 Bay'
1600 2391 70 19 bottles
1679 2393 64 18 intact.

1418 2449 68 22 SOME
1504 2450 176 22 SUGGESTIONS
1698 2455 50 17 FOR
1768 2456 84 18 LOCAL

1527 2474 213 22 IMPROVEMENTS.

1464 2524 31 17 Hy
1510 2524 19 18 F.
1545 2524 22 17 A.
1580 2524 116 22 FKA2CKITX,
1710 2522 93 22 M.I.C.E.

1441 2553 83 20 Eotorua
1533 2555 73 24 rightly
1620 2556 65 18 claims
1699 2562 11 11 n.
1780 2555 59 25 promi-

1416 2580 47 16 nent
1471 2579 81 22 position
1568 2585 20 11 as
1601 2585 11 11 a
1626 2580 55 21 place
1697 2580 20 17 of
1733 2578 118 26 pfctuvesqtfo

1416 2602 71 23 beauty
1502 2602 38 17 and
1554 2602 90 23 startling
1658 2603 91 17 wonders.
1779 2604 20 17 It
1811 2602 16 20 is
1840 2611 11 11 a

1417 2631 45 11 very
1471 2625 98 24 agrefcable
1577 2623 60 20 resort
1648 2627 30 16 for
1691 2632 51 12 more
1756 2624 84 25 pleasure-

1417 2649 78 21 seekers,
1505 2648 37 18 and
1551 2649 54 18 those
1614 2649 19 17 in
1642 2651 54 21 quest
1705 2650 21 17 of
1733 2650 64 17 health
1812 2649 39 20 will

1416 2670 40 19 find
1470 2672 43 17 that
1526 2672 35 17 the
1572 2673 86 17 curative
1676 2670 103 21 excellence
1794 2674 20 16 of
1827 2675 24 16 ils

1418 2697 66 15 waters
1493 2696 15 16 is
1516 2695 75 23 beyond
1599 2695 66 19 doubt.
1691 2696 76 24 During
1775 2703 11 11 a
1799 2698 54 18 short

1417 2720 42 21 stay
1468 2719 20 17 of
1496 2719 28 17 six
1534 2719 60 17 weeks
1603 2719 53 17 there
1669 2719 47 18 have
1724 2720 48 17 been
1780 2721 70 17 several

1417 2742 88 21 practical
1523 2742 97 18 evidences
1637 2742 83 19 afforded
1738 2749 29 11 ino
1784 2744 20 17 of
1819 2742 32 20 tho

1417 2763 97 20 beneficial
1522 2765 52 18 effect
1595 2766 75 17 derived
1680 2766 46 17 from
1737 2773 11 10 a
1759 2773 64 11 course
1832 2768 21 17 of

1416 2788 82 23 bathing
1505 2786 26 25 by
1540 2789 32 17 tho
1605 2789 90 23 suffering
1702 2790 47 16 from
1763 2790 76 18 rheuma-

1418 2811 43 19 tism
1478 2811 37 18 and
1533 2812 54 18 other
1614 2813 61 17 iniilar
1691 2810 89 21 troubles.
1813 2815 39 16 The

1417 2836 75 16 natural
1500 2836 111 16 attractions
1621 2836 20 17 of
1655 2836 33 17 the
1701 2836 53 23 place
1767 2843 31 10 are
1811 2837 30 17 suf-

1417 2858 64 18 ficient
1500 2860 20 15 to
1537 2860 76 21 present
1629 2860 58 16 ennui
1703 2860 30 16 for
1752 2865 11 12 a
1779 2860 73 17 limited

1418 2882 51 20 time,
1479 2879 39 24 but,
1529 2888 20 10 as
1559 2888 57 16 many
1623 2883 75 17 visitors
1707 2883 40 17 find
1759 2884 16 16 it
1788 2890 53 11 neces-

1418 2911 43 16 sary
1469 2906 20 16 to
1497 2905 55 17 make
1561 2911 10 11 a
1580 2905 104 18 somewhat
1689 2906 107 22 protracted
1803 2909 48 18 star,

1418 2928 15 17 it
1442 2934 64 15 seems,
1515 2930 21 16 to
1545 2928 32 18 the
1587 2929 63 16 casual
1658 2929 92 21 observer,
1764 2926 42 21 that
1820 2926 33 21 the

1418 2949 128 21 Government
1555 2952 44 17 does
1607 2954 35 15 not,
1650 2952 44 18 take
1702 2952 33 18 the
1749 2954 70 16 matter
1832 2954 21 17 of

1418 2973 89 25 assisting
1515 2976 73 18 nature,
1596 2980 20 12 in
1625 2975 132 23 embellishing
1766 2977 31 17 tho
1810 2982 32 12 sur-

1419 2997 110 23 roundings,
1540 2998 113 22 sufficiently
1662 2999 95 21 seriously.

1442 3020 23 18 Tn
1474 3020 110 23 estimating
1592 3022 33 16 tho
1634 3022 55 17 value
1698 3022 20 17 of
1726 3022 32 17 the
1767 3023 52 20 place
1829 3027 22 14 on

1418 3050 11 11 a
1445 3044 117 18 commercial
1575 3044 50 18 basis
1639 3045 16 17 it
1669 3046 14 16 is
1698 3044 131 25 undoubtedly
1843 3053 10 10 a

1418 3068 61 22 grand
1488 3068 83 22 opening
1580 3069 29 16 for
1617 3069 74 21 private
1699 3069 107 23 enterprise,
1815 3070 38 16 and

1418 3091 56 17 much
1483 3091 81 22 surprise
1575 3090 15 19 is
1604 3089 135 26 consequently
1754 3092 99 23 expressed

1418 3115 43 16 that
1469 3114 45 17 such
1524 3120 11 11 a
1543 3114 61 23 grand
1616 3112 91 20 National
1720 3116 104 21 possession
1837 3116 16 17 is

1418 3139 34 16 not
1460 3142 52 13 more'
1519 3135 87 24 liberally
1615 3138 104 18 subsidised
1728 3138 25 23 by
1767 3139 32 17 tho
1814 3139 26 17 Go-

1418 3163 98 15 vernment
1525 3166 20 12 so
1554 3167 20 11 as
1583 3163 19 15 to
1619 3161 54 22 place
1686 3161 16 17 it
1714 3162 21 16 at
1748 3168 45 10 once
1804 3168 25 11 on
1843 3168 10 11 a

1418 3182 56 24 plari'C
1482 3182 46 19 with
1536 3184 32 18 the
1577 3184 74 17 famous
1659 3185 166 22 watering-places
1833 3185 20 18 of

1418 3208 32 16 the
1460 3207 31 17 old
1499 3207 65 17 world.
1589 3208 54 16 Even
1652 3208 18 17 in
1680 3208 25 17 its
1713 3210 74 18 present
1797 3208 56 17 crude

1419 3230 94 18 condition
1523 3231 15 16 it
1548 3231 79 17 attracts
1636 3232 19 16 to
1665 3231 31 17 the
1706 3231 62 17 shores
1778 3232 19 16 of
1806 3231 47 18 New

1420 3253 82 18 Zealand
1523 3259 57 16 many
1602 3254 105 17 thousands
1722 3255 20 16 of
1758 3255 95 21 strangers

1418 3277 64 17 whoso
1502 3276 124 23 expenditure
1647 3279 49 16 must
1717 3281 105 19 aggregate
1843 3283 10 12 a

1418 3300 53 23 large
1480 3300 35 17 and
1526 3300 78 19 steadily
1614 3300 107 22 increasing
1725 3305 41 12 sum
1773 3300 68 17 annual-

1418 3323 26 22 ly.
1470 3323 125 22 Fortunately
1604 3323 53 17 there
1666 3324 15 16 is
1696 3323 54 18 much
1766 3323 87 17 evidence

1419 3347 21 16 of
1448 3346 92 18 excellent
1549 3346 150 18 administration
1714 3347 88 18 hitherto,
1818 3347 35 17 but

1419 3370 38 17 this
1474 3370 87 16 evidence
1575 3367 88 20 discloses
1680 3369 32 18 the
1728 3370 40 17 fact
1783 3367 44 20 that
1843 3376 10 11 a

1420 3393 41 17 deal
1476 3393 34 17 has
1526 3392 47 18 been
1590 3392 49 17 done
1655 3392 47 18 with
1718 3399 46 16 very
1780 3393 72 17 limited

1419 3422 70 13 means,
1505 3415 38 17 and
1558 3421 58 15 mn.ny
1634 3416 66 16 details
1716 3416 137 22 accomplished

1420 3439 44 17 wilh
1484 3445 45 15 very
1550 3439 95 22 primitive
1662 3439 112 22 appliances,
1793 3439 58 18 which

1419 3462 51 17 show
1479 3462 54 23 great
1542 3462 105 22 ingenuity,
1662 3462 73 23 though
1751 3462 31 17 the
1794 3462 60 17 result

1419 3486 15 16 is
1451 3485 35 17 but
1502 3485 62 17 crude.
1598 3485 26 17 As
1642 3485 75 22 regards
1733 3485 33 17 the
1782 3486 69 16 several

1419 3508 81 21 bathing
1521 3505 158 24 establishments,
1702 3508 52 17 there
1775 3512 79 19 appears'

1419 3537 52 13 room
1480 3531 30 18 for
1518 3531 54 17 much
1582 3531 144 22 improvement.
1751 3531 52 17 With
1821 3531 32 17 the

1419 3554 19 17 in
1441 3554 85 23 creasing
1529 3552 81 19 number
1615 3553 21 18 of
1640 3554 83 18 tourists,
1729 3554 39 17 arid
1773 3552 79 20 colonial

1420 3577 37 18 and
1465 3577 49 18 local
1521 3576 81 22 visitors,
1611 3574 60 25 likely
1686 3578 20 16 to
1721 3577 22 17 he
1760 3578 93 17 attracted

1419 3601 26 21 by
1454 3601 32 16 the
1494 3599 97 24 improved
1600 3600 37 17 and
1646 3600 94 17 increased
1748 3606 91 12 accommo-

1420 3624 63 17 dation
1493 3629 43 11 now
1545 3622 74 21 offered,
1628 3623 37 17 this
1674 3625 69 15 matter
1752 3624 66 17 should
1830 3624 23 17 be

1420 3646 101 23 impressed
1530 3652 23 12 on
1570 3646 32 17 the
1616 3646 110 18 authorities
1740 3647 45 17 with
1801 3653 42 11 ever-

1420 3669 105 23 increasing
1533 3669 56 18 force.
1615 3669 22 17 In
1647 3676 11 10 a,
1666 3675 45 15 very
1724 3670 52 17 short
1789 3671 65 21 period

1420 3693 20 17 of
1455 3693 51 19 time,
1522 3692 32 17 the
1568 3693 74 21 present
1656 3692 82 22 bathing
1749 3698 91 13 accommo-

1420 3716 65 17 dation
1490 3713 40 20 will
1537 3715 24 18 be
1574 3715 59 17 found
1647 3716 79 21 entirely
1740 3716 113 23 inadequate

1420 3739 30 17 for
1454 3739 34 17 the
1495 3738 80 18 number
1592 3738 19 17 of
1626 3739 74 17 visitors
1713 3736 43 20 that
1770 3745 44 16 may
1830 3740 23 17 be

1415 3761 108 18 'ealculatod
1534 3767 30 11 on.
1594 3761 66 18 Under
1674 3761 31 18 the
1720 3763 75 21 present
1808 3768 34 12 con-

1420 3785 58 17 dition
1489 3785 20 16 of
1516 3784 76 22 subsidy
1598 3782 25 24 by
1630 3785 70 16 annual
1707 3785 76 21 grant.it
1789 3785 64 18 would

1420 3809 33 15 not
1462 3808 22 16 he
1493 3808 36 16 fair
1538 3808 19 16 to
1567 3807 79 18 criticise
1655 3808 66 17 details
1730 3808 20 17 of
1756 3810 87 16 construc-

1420 3831 45 21 tion,
1475 3836 20 12 as
1505 3831 31 17 tho
1545 3831 61 17 whole
1615 3832 69 21 system
1693 3836 78 17 appeal's
1780 3832 20 16 to
1806 3832 47 17 have

1420 3859 64 19 grown
1502 3860 26 16 up
1547 3853 102 23 piecemeal
1665 3855 47 16 from
1730 3855 33 16 tho
1779 3855 74 17 earliest

1420 3876 100 23 inception,
1539 3877 32 16 the
1585 3877 94 17 additions
1697 3877 55 22 being
1766 3878 54 17 made
1834 3885 19 11 as

1420 3900 31 16 the
1461 3899 104 24 exigencies
1574 3900 20 16 of
1602 3900 33 17 the
1644 3906 40 12 case
1696 3900 110 22 demanded,
1823 3907 20 12 re-

1420 3923 72 21 sulting
1500 3923 19 16 in
1528 3929 10 10 a
1547 3923 111 23 patchwork
1667 3923 61 18 charai
1736 3924 27 17 tcr
1771 3924 20 16 of
1808 3930 34 11 con-

1420 3946 97 20 struction,
1535 3951 45 17 very
1596 3946 80 18 difficult
1692 3947 19 16 to
1728 3947 91 17 maintain
1834 3947 18 17 in

1420 3969 71 22 perfect
1499 3968 60 21 order,
1569 3969 39 17 and
1616 3969 116 24 unprovided
1742 3970 44 16 with
1796 3975 58 18 many

1420 3997 95 17 necessary
1533 3991 66 19 details
1613 3993 30 16 for
1659 3993 32 17 tho
1708 3993 85 20 comfort,
1808 3999 34 11 con-

1420 4015 87 16 venience
1524 4015 37 16 and
1576 4015 61 23 safety
1653 4016 19 17 of
1687 4016 74 17 visitors
1775 4016 43 17 such
1834 4022 20 11 as

1420 4038 66 16 should
1495 4038 24 15 lie
1527 4038 66 17 looked
1604 4039 30 16 for
1644 4039 20 16 in
1677 4044 20 11 so
1711 4039 104 22 important
1830 4045 23 11 an

1421 4060 147 19 establishment.
1594 4062 40 16 Tho
1641 4062 76 21 remedy
1726 4062 30 17 for
1768 4062 38 16 this
1817 4062 24 17 im-

1420 4084 72 21 perfect
1501 4085 49 16 state
1559 4085 19 16 of
1587 4084 66 22 things
1662 4085 37 17 will
1708 4085 23 17 bo
1748 4085 19 18 to
1781 4085 73 18 enclose

1421 4107 32 16 the
1469 4107 75 21 present
1560 4104 110 26 straggling
1686 4109 132 19 arrangement
1834 4108 20 17 of

1420 4129 97 23 buildings
1524 4127 61 21 which
1595 4131 92 22 comprise
1694 4130 31 19 the
1743 4131 61 17 Priest
1817 4131 37 16 and

1422 4151 67 19 Rachel
1500 4151 56 20 baths
1568 4154 61 16 under
1643 4160 35 11 one
1691 4154 47 19 roof,
1756 4154 38 17 and
1809 4154 45 18 thus

1874 133 61 18 admit
1943 135 21 17 of
1971 135 33 17 the
2008 134 156 22 rearrangement
2167 133 38 18 and
2210 135 98 18 gxten'sion

1874 157 20 17 of
1903 157 45 17 each
1965 159 70 20 system
2050 157 20 17 of
2082 156 57 17 Laths
2152 163 20 10 ns
2184 163 45 16 may
2241 158 24 17 lie
2278 164 20 12 re-

1874 180 71 22 quired.
1971 181 26 17 As
2005 181 53 17 these
2066 180 56 16 baths
2131 185 31 11 are
2171 180 55 17 taken
2235 181 30 17 for
2276 182 32 17 the

1874 204 50 16 most
1932 204 45 21 part
1984 204 61 16 under
2053 203 53 17 strict
2115 203 76 17 medical
2210 203 96 22 direction,

1873 226 33 17 the
1915 227 45 16 time
1975 227 58 19 boinij
2047 226 64 17 varied
2125 225 101 23 according
2238 228 21 16 to
2276 229 32 16 the

1874 249 123 18 constitution
2007 250 21 17 of
2035 250 33 17 the
2076 249 77 18 invalid,
2162 250 16 16 it
2187 249 15 16 is
2210 251 49 16 most
2273 251 24 17 im-

1873 273 78 21 portant
1960 272 43 18 that
2011 273 26 17 all
2045 272 91 18 intervals
2146 273 19 15 of
2173 272 51 19 time,
2234 274 46 17 such
2289 280 19 11 as

1873 297 86 20 quarters
1969 297 19 16 of
1997 302 24 10 an
2030 296 54 18 hour,
2100 295 67 17 should
2180 295 24 16 he
2219 297 90 17 recorded

1873 318 20 17 in
1902 324 11 11 a
1922 324 79 12 manner
2009 318 76 18 audible
2098 318 119 23 throughout
2229 319 33 17 the
2276 326 22 11 en-

1874 341 36 17 tire
1918 341 95 23 building.
2039 342 45 16 This
2091 342 16 16 is
2116 347 11 11 a
2136 347 49 11 mere
2201 342 64 19 detail,
2275 343 34 17 hut

1873 365 15 15 it
1896 364 15 17 is
1921 370 35 11 one
1965 365 42 17 that
2017 364 68 18 should
2094 364 47 18 have
2150 371 19 11 sis
2178 365 55 17 much
2247 366 51 18 atten-

1872 387 39 18 tion
1922 393 21 11 as
1952 388 32 17 the
1992 388 131 17 maintenance
2132 387 21 18 of
2160 388 79 22 spotless
2247 388 51 18 clean-

1872 410 57 18 liness
1939 411 120 22 throughout
2067 411 32 16 the
2111 410 103 22 buildings.

1896 433 39 17 The
1948 439 41 11 new
2003 434 96 21 township
2112 434 20 16 of
2145 434 84 17 Rotorua
2242 434 16 17 is
2271 435 38 18 laid

1873 457 34 16 out
1915 462 24 12 on
1949 462 12 12 a
1965 456 164 18 well-considered
2134 457 103 22 planthe
2244 458 65 17 streets

1873 485 31 12 are
1913 479 86 23 spacious
2013 479 38 18 and
2064 479 32 18 the
2111 481 76 21 present
2202 483 71 20 system
2291 483 18 15 of

1871 504 40 15 tree
1920 512 9 4 -
1937 503 91 22 pla.tinj:
2044 503 38 17 will
2098 504 44 21 {rife
2157 502 50 19 them
2225 511 10 10 a
2261 505 48 17 most

1872 525 97 23 imposing
1976 531 118 18 appearance
2101 526 21 18 in
2129 527 33 17 the
2178 532 45 12 near
2238 528 69 17 future.

1873 549 38 17 The
1928 549 98 23 buildings
2039 549 77 23 already
2131 550 70 17 erected
2218 556 31 12 are
2263 551 20 17 of
2299 558 10 10 a

1873 572 114 17 substantial
1997 572 37 17 and
2043 572 19 17 in
2071 578 51 11 some
2136 578 50 12 cases
2200 574 20 17 of
2234 580 25 11 an
2273 574 24 17 im-

1873 596 70 21 posing
1951 595 103 20 character,
2064 594 35 18 but
2108 601 50 12 more
2167 596 15 17 is
2194 597 87 22 required
2290 598 19 16 to

1873 618 24 17 be
1905 618 49 17 done
1962 619 21 16 to
1997 619 53 16 ma'e
2063 619 33 17 the
2112 620 51 16 town
2180 619 32 17 the
2229 620 80 18 favorite

1873 638 65 21 health
1948 641 38 18 and
1995 641 85 22 pleasure
2094 644 60 15 resort
2167 643 20 16 of
2201 643 32 16 the
2247 643 62 17 North

1873 664 72 17 Island.
1971 664 20 17 It
1999 669 44 17 may
2052 665 93 17 therefore
2153 665 23 17 be
2188 665 98 22 pardoned
2294 664 15 19 if

1873 693 10 11 a
1892 687 37 17 few
1938 688 121 20 suggestions
2067 694 32 11 are
2107 688 55 17 made
2170 688 30 17 for
2209 688 73 23 adding
2289 691 20 16 to

1873 710 31 17 the
1922 711 83 19 existing
2021 707 111 22 attractions
2148 711 36 17 and
2202 712 45 17 thus
2265 712 44 18 offer

1873 733 120 18 inducement
2003 734 30 17 for
2041 739 51 13 more
2100 732 104 24 prolonged
2214 735 59 17 visits.

1897 757 24 16 In
1929 758 33 16 the
1971 754 42 20 first
2021 757 54 22 place
2089 758 32 17 the
2134 758 103 17 handsome
2249 759 48 17 Sana-

1873 780 70 17 torium
1952 777 88 25 building
2054 780 16 17 is
2084 781 88 22 worthily
2188 782 29 16 set
2230 782 20 16 in
2267 782 42 19 well

1873 803 38 17 laid
1920 804 34 16 out
1968 803 84 21 grounds
2066 805 20 15 of
2099 804 95 17 moderate
2207 810 50 15 area,
2274 805 35 18 but

1873 832 24 11 an
1906 827 98 16 extension
2014 827 20 16 of
2042 827 38 16 this
2094 832 44 13 area
2151 827 53 17 offers
2219 834 12 11 a
2247 828 62 21 grand

1873 850 124 21 opportunity
2005 851 21 16 to
2044 850 32 16 the
2092 848 101 24 landscape
2209 851 99 23 gardener.

1873 872 40 17 One
1922 873 73 17 feature
2004 873 20 17 of
2033 874 54 19 great
2092 874 65 21 utility
2159 874 25 17 .in
2192 874 32 16 the
2230 874 79 18 absence

1872 894 22 19 of
1900 896 77 17 natural
1984 893 128 23 undulations,
2120 895 61 19 would
2189 897 23 17 be
2219 897 34 17 the
2258 903 40 12 erec-

1873 919 40 16 tion
1923 919 20 17 of
1951 925 12 10 a
1971 919 71 17 motind
2051 921 20 15 at
2079 920 32 16 the
2120 919 53 23 point
2185 920 49 18 from
2247 920 61 19 which

1872 942 32 17 the
1920 947 71 12 avenue
2006 942 54 17 roads
2075 942 77 19 radiate,
2165 943 37 17 and
2219 944 20 17 to
2256 944 53 22 place

1872 965 79 17 thereon
1960 972 11 10 a
1980 965 58 17 shade
2050 966 82 21 pavilion
2146 967 20 16 to
2182 967 98 17 command
2298 973 11 11 a

1873 988 47 17 view
1929 989 21 17 of
1962 989 33 17 the
2010 989 42 16 lake
2066 989 26 23 by
2108 989 33 17 the
2158 989 57 17 vistas
2232 989 77 24 already

1872 1012 98 21 provided.
1997 1012 53 17 Scats
2058 1012 68 17 should
2135 1012 23 17 he
2166 1013 65 21 placed
2245 1014 21 16 at
2278 1013 20 18 in-

1873 1033 70 19 tervals
1951 1041 25 11 on
1992 1035 32 17 the
2040 1035 70 17 several
2125 1036 56 21 paths
2195 1036 77 21 leading
2288 1038 20 16 to

1873 1057 84 24 Sulphur
1966 1057 67 24 Point;
2048 1064 9 11 a
2068 1059 54 16 Band
2136 1059 54 17 stand
2204 1059 68 17 should
2285 1060 23 17 bo

1872 1081 74 18 erected
1961 1082 30 17 for
2005 1087 47 17 open
2068 1081 28 18 air
2112 1081 78 19 musical
2204 1083 94 17 entertain-

1871 1104 68 19 ments,
1951 1104 33 17 the
1993 1104 108 24 popularity
2111 1105 20 17 of
2139 1106 60 16 which
2212 1106 35 17 has
2261 1106 46 17 been

1871 1127 78 22 already
1970 1127 141 18 demonstrated
2132 1128 37 17 this
2193 1135 66 11 season
2284 1136 24 10 on

1872 1156 52 12 more
1934 1151 46 17 than
1990 1156 34 12 one
2036 1151 91 18 occasion.
2158 1152 38 16 The
2212 1152 96 22 imposing

1871 1174 103 17 attraction
1985 1175 20 16 of
2019 1175 52 16 Lake
2087 1175 84 16 Rotorua
2186 1175 15 17 is
2218 1175 19 17 of
2254 1177 54 20 great

1871 1198 56 16 value
1936 1198 37 17 and
1986 1198 67 16 should
2068 1198 24 16 he
2104 1198 55 18 rttade
2172 1198 32 17 the
2218 1201 50 15 most
2281 1200 25 17 of.

1871 1217 46 21 This
1938 1226 34 12 can
1993 1220 23 18 be
2037 1220 77 19 effected
2134 1221 26 22 by
2179 1222 84 22 farming
2284 1229 23 10 an

1871 1244 102 18 esplanade
1983 1244 47 17 from
2041 1245 31 16 the
2082 1243 31 18 old
2122 1245 56 18 town,
2188 1242 82 25 skirting
2276 1246 32 16 the

1871 1267 48 19 lake,
1937 1269 20 15 to
1970 1267 33 17 the
2020 1267 116 18 Postmaster
2150 1268 48 17 Bath
2214 1269 38 16 and
2262 1275 34 11 con-

1871 1291 78 22 necting
1969 1290 33 17 the
2023 1291 68 16 several
2110 1291 59 16 drives
2189 1291 77 22 already
2288 1293 20 16 in

1871 1320 65 12 course
1951 1314 21 17 of
1986 1314 101 17 formarion
2103 1320 24 11 on
2144 1314 83 23 Sulphur
2244 1315 62 17 Point.

1871 1338 23 16 In
1904 1336 110 19 connection
2024 1337 45 17 with
2079 1337 38 17 this
2125 1344 11 10 a
2142 1338 116 17 Promenade
2265 1339 43 17 Pier

1871 1361 16 16 is
1896 1361 56 16 much
1962 1360 75 18 wanted
2045 1362 21 15 at
2074 1367 11 10 a.
2094 1361 70 17 central
2174 1361 54 21 point
2242 1362 54 17 reach-

1871 1381 35 23 ins?
1914 1390 11 11 a
1934 1384 92 16 sufficient
2037 1384 57 21 depth
2108 1384 19 17 of
2141 1385 59 16 water
2214 1386 19 15 to
2249 1385 59 18 admit

1871 1408 21 16 of
1901 1408 60 20 safely
1971 1407 64 17 embar
2047 1407 34 21 ing
2089 1407 19 17 in
2126 1413 20 11 or
2163 1407 79 22 landing
2259 1409 47 17 from

1871 1431 33 16 the
1913 1430 78 22 deepest
2000 1430 84 21 draught
2092 1430 89 18 launches
2189 1431 58 22 likely
2256 1433 19 15 to
2284 1432 24 17 be

1871 1453 46 18 used
1926 1454 20 16 in
1955 1454 32 16 the
1997 1454 69 16 future.
2092 1454 95 17 Provision
2194 1454 68 17 should
2269 1455 38 18 also

1871 1477 23 17 be
1904 1476 54 18 made
1967 1477 31 17 for
2008 1477 32 17 the
2047 1477 160 18 accommodation
2223 1478 19 16 of
2254 1478 43 22 plea-

1872 1506 42 11 sure
1924 1500 60 20 boats,
1994 1499 38 18 and
2040 1506 36 11 one
2076 1497 2 27 1
2082 1503 25 15 'of
2118 1501 37 17 two
2169 1497 82 27 bafhiftg
2258 1497 3 27 .
2266 1508 28 11 ma-

1873 1523 63 18 chines
1945 1529 24 11 on
1979 1523 32 17 the
2019 1523 59 18 beach
2089 1523 61 18 Would
2155 1530 67 11 ensure
2228 1525 79 21 patron-

1895 1570 27 17 As
1940 1575 12 12 a
1967 1570 71 17 matter
2053 1570 20 17 of
2089 1570 72 22 private
2178 1570 102 23 enterprise
2297 1577 11 11 a

1873 1593 67 17 Public
1949 1592 46 18 ILill
2005 1599 24 11 on
2041 1596 51 14 souk';
2107 1593 33 18 site
2154 1592 59 19 about
2226 1594 81 23 midway

1872 1615 86 19 between
1975 1615 32 19 the
2025 1618 37 15 two
2080 1617 103 22 townships
2199 1617 69 18 should
2285 1618 23 16 bo

1872 1639 144 21 remunerative,
2027 1637 37 20 and
2073 1637 62 20 would
2143 1636 69 26 supply
2228 1646 12 11 a
2256 1641 53 17 want

1873 1662 61 19 which
1944 1663 14 16 is
1968 1663 56 16 much
2033 1662 34 18 felt
2076 1665 45 16 eVen
2135 1669 44 11 now
2192 1663 27 22 by
2233 1664 75 17 Visitors

1874 1686 42 17 who
1925 1692 43 16 may
1977 1685 60 19 desire
2045 1686 20 18 to
2074 1688 33 19 fret
2123 1692 26 17 up
2165 1686 57 18 social
2239 1688 70 21 parties

1873 1715 24 11 on
1906 1716 12 10 a
1926 1709 63 24 larger
2001 1714 20 12 or
2031 1709 74 18 smaller
2121 1709 54 18 scale.
2209 1710 20 16 It
2246 1710 63 17 would

1873 1733 39 16 also
1922 1734 70 15 attract
2001 1738 11 12 a
2020 1732 62 18 better
2090 1733 47 17 class
2152 1733 20 17 of
2184 1733 124 21 professional

1874 1756 109 22 companies
1989 1756 47 17 than
2045 1761 32 12 are
2084 1759 44 15 flow
2142 1756 19 17 in
2175 1756 34 17 the
2220 1756 54 18 habit
2290 1757 19 16 of

1874 1779 40 17 visit
1961 1779 32 17 the
2001 1779 59 22 place.
2086 1779 54 17 Prior
2152 1780 20 17 to
2187 1785 33 16 my
2233 1779 76 24 leaving

1874 1803 9 16 I
1893 1808 38 11 was
1940 1802 84 18 afforded
2032 1808 25 12 an
2065 1803 124 22 opportunity
2202 1803 20 17 of
2235 1803 64 22 inspec-

1874 1825 44 23 ting
1926 1825 60 18 under
1999 1831 68 17 proper
2081 1825 92 23 guidance
2185 1825 34 18 the
2236 1826 71 18 Kuirau

1874 1851 70 20 system
1954 1849 20 17 of
1987 1849 81 22 springs.
2094 1849 16 22 I,
2125 1850 18 16 in
2161 1855 86 12 common
2262 1850 47 17 with

1874 1869 26 21 all
1905 1876 35 19 nfy
1947 1873 63 22 party,
2020 1876 39 14 was
2065 1878 89 12 unaware
2170 1872 19 18 of
2203 1872 33 18 the
2250 1873 50 17 exist-

1874 1901 45 11 ence
1928 1897 19 15 of
1958 1895 37 18 this
2005 1895 53 22 large
2071 1895 38 17 and
2125 1895 113 24 interesting
2254 1896 56 18 series

1875 1919 20 16 of
1903 1919 34 16 hot
1947 1919 80 23 springs,
2042 1919 46 16 mud
2102 1924 79 17 geysers',
2201 1919 107 21 fumaroles,

1874 1942 37 17 and
1921 1948 19 10 so
1950 1942 51 17 forth
2015 1941 18 18 in
2050 1942 46 17 such
2111 1942 48 17 close
2172 1942 104 23 proximity
2291 1945 18 15 to

1873 1965 32 17 the
1921 1965 31 17 old
1970 1965 100 22 township.
2096 1965 60 17 These'
2167 1966 76 16 natural
2257 1972 39 11 won-

1874 1988 42 17 ders
1922 1995 31 11 are
1960 1989 69 17 hidden
2037 1988 49 17 from
2093 1989 32 17 the
2133 1994 77 17 cursory
2216 1986 92 25 observer,

1874 2017 45 12 even
1934 2012 48 17 from
1996 2012 33 17 the
2042 2013 34 21 top
2090 2012 19 17 of
2125 2012 92 21 Ptfkoroa,
2235 2012 27 23 by
2277 2013 34 17 the

1874 2034 56 18 dense
1939 2041 50 12 mass
1998 2035 20 17 of
2027 2035 65 18 ti*trcc
2101 2035 46 18 with
2155 2036 62 17 which
2226 2036 46 22 they
2279 2042 31 11 are

1874 2056 123 24 surrounded,
2008 2058 37 17 and
2054 2058 16 18 if
2078 2062 34 14 one
2121 2060 87 16 ventures
2222 2060 21 16 to
2252 2065 46 16 pene-

1874 2082 50 16 trate
1933 2082 33 17 the
1975 2081 55 19 scrub
2038 2087 12 12 a
2063 2081 49 18 little
2126 2088 43 16 way
2185 2082 32 17 the
2235 2083 75 21 ground

1873 2110 79 17 appears
1962 2111 20 12 so
1991 2105 106 21 dangerous
2106 2105 43 18 that
2163 2105 22 17 he
2199 2111 16 12 is
2229 2105 80 18 induced

1873 2129 20 16 to
1902 2128 45 17 beat
1955 2134 11 12 a
1975 2129 75 17 retreat.
2064 2128 52 17 With
2125 2135 11 10 a
2144 2132 68 19 proper
2219 2129 88 19 cicerone,

1872 2151 93 21 however;
1983 2158 11 10 a
2011 2152 59 16 closer
2085 2150 104 23 inspection
2205 2152 15 16 is
2238 2152 36 17 fijll
2290 2152 20 17 of

1873 2175 79 17 interest
1961 2175 37 16 and
2015 2175 64 22 amply
2096 2180 66 17 repays
2179 2180 35 12 one
2231 2175 30 18 for
2276 2175 33 17 the

1873 2198 75 18 trouble
1958 2198 55 17 taken
2022 2198 19 17 in
2050 2198 82 21 viewing
2140 2198 51 17 what
2199 2199 16 16 is
2224 2199 21 16 to
2260 2199 49 17 most

1874 2220 74 19 visitors
1958 2223 50 15 terra
2016 2221 102 21 incognita.
2137 2222 20 16 It
2165 2227 59 12 seems
2233 2224 76 19 strange

1874 2245 42 17 that
1925 2245 38 17 this
1971 2245 113 21 interesting
2089 2250 44 12 area
2140 2245 16 17 is
2165 2246 33 16 not
2205 2246 71 21 opened
2284 2252 25 15 up

1872 2267 26 23 by
1908 2267 128 18 well-defined
2046 2268 61 22 paths.
2133 2268 16 17 A
2159 2268 53 23 largo
2226 2269 51 22 body
2290 2269 20 17 of

1873 2293 60 15 water
1957 2291 116 23 designated,
2100 2297 23 11 on
2144 2293 81 16 account,
2245 2293 20 16 of
2285 2292 24 17 its

1873 2314 83 18 emerald
1964 2314 42 19 hue,
2018 2314 32 18 the
2059 2314 60 18 Green
2134 2314 57 21 Lake,
2199 2316 16 16 is
2232 2312 77 26 capable

1873 2338 20 16 of
1902 2338 57 21 being
1968 2338 54 17 made
2030 2337 68 22 highly
2109 2339 123 17 ornamental.
2246 2339 51 17 Pukc-

1873 2366 39 16 roa,
1923 2361 61 18 which
1993 2361 39 18 also
2043 2361 61 16 shows
2114 2361 51 23 signs
2180 2362 20 17 of
2212 2362 97 22 projected

1873 2384 148 22 improvements
2063 2385 69 21 nipped
2155 2382 18 19 in
2183 2382 2 24 -
2197 2386 33 16 the

1874 2407 96 19 overlooks
1980 2405 52 20 these
2041 2407 75 23 springs
2125 2408 36 17 and
2169 2408 32 18 the
2206 2409 47 17 view
2261 2409 48 18 from

1874 2431 33 17 the
1928 2432 77 16 summit
2022 2431 63 17 would
2101 2431 30 17 be.
2140 2431 56 18 much
2213 2432 96 18 enhanced

1873 2460 49 11 were
1931 2455 38 16 this
1978 2460 43 11 area
2031 2454 69 17 turned
2113 2455 20 17 to
2147 2455 63 17 bettor
2224 2456 84 17 account.

1873 2477 39 17 The
1923 2478 81 17 Lobster
2013 2478 37 17 and
2130 2478 61 20 baths,
2202 2479 32 16 the
2239 2479 70 17 virtues

1874 2500 19 17 of
1910 2500 62 18 which
1989 2501 10 17 I
2016 2501 37 17 had
2069 2500 109 24 repeatedly
2194 2501 58 18 heard
2267 2502 32 17 des-

1875 2524 67 17 canted
1952 2530 30 15 on,
1993 2530 31 11 are
2032 2524 20 17 in
2061 2524 37 16 this
2107 2524 39 18 belt
2155 2525 20 17 of
2183 2525 55 17 scrub
2245 2526 36 16 and
2295 2526 14 16 it

1873 2547 15 16 is
1898 2547 121 23 satisfactory
2027 2549 20 15 to
2060 2547 56 18 know
2129 2548 43 17 that
2185 2554 13 11 a
2213 2548 96 24 thorough

1874 2572 113 21 re-analysis
1996 2572 21 16 of
2024 2571 52 16 these
2086 2571 36 17 and
2132 2572 31 16 the
2172 2572 55 17 other
2235 2572 75 22 springs

1873 2594 15 16 is
1893 2594 59 21 being
1961 2594 54 18 made
2019 2594 44 17 with
2069 2594 49 18 afew
2125 2596 19 16 to
2151 2594 101 18 determine
2261 2596 50 16 their

1873 2617 72 23 therapi
1953 2623 41 11 unc
2000 2617 95 24 qualities.!

1897 2640 39 18 The
1942 2641 37 17 last,
1985 2640 73 24 though
2065 2641 120 18 nottheleast
2192 2642 118 22 exceptional

1874 2664 108 22 advantage
1999 2664 80 21 granted
2100 2664 25 22 by
2145 2664 75 17 Nature
2239 2666 16 16 is
2278 2665 32 18 the

1874 2689 59 15 water
1941 2693 64 17 power
2013 2693 45 12 near
2067 2688 20 17 at
2100 2687 56 18 hand.
2190 2688 30 21 By
2236 2693 11 13 a
2264 2692 45 18 Very

1874 2711 66 22 simple
1951 2711 36 16 and
1996 2711 120 21 inexpensive
2123 2716 74 17 process
2205 2711 38 17 this
2255 2711 55 17 could

1874 2734 23 17 be
1906 2734 55 17 made
1975 2730 91 22 available
2080 2734 29 17 for
2123 2734 113 22 electrically
2249 2734 50 22 light-

1874 2758 33 21 ing
1936 2757 32 18 the
1996 2759 71 16 streets,
2098 2754 60 23 baths,
2191 2758 118 17 Sanatorium

1875 2780 90 21 grounds,
1975 2780 66 20 hotels,
2053 2780 31 18 &c.
2118 2781 22 17 In
2154 2780 38 18 this
2206 2780 105 24 particular

1874 2802 108 20 Eotoruais
1996 2805 96 16 fortunate
2098 2804 20 16 in
2130 2804 107 22 possessing
2245 2810 11 11 a
2262 2810 35 17 ger
2302 2815 8 2 -

1876 2827 69 17 tleman
1954 2827 59 18 omits
2025 2827 59 18 Town
2098 2827 63 18 Board
2174 2827 43 17 who
2228 2827 17 17 is
2261 2827 50 23 fully

1875 2850 49 17 alive
1933 2853 20 14 to
1962 2850 32 17 the
2009 2850 106 21 advantage
2130 2850 19 17 of
2165 2856 20 11 so
2197 2850 59 23 doing
2272 2852 38 16 and

1875 2873 48 21 able,
1942 2873 54 18 when
2011 2873 123 22 opportunity
2148 2873 60 19 offers,
2224 2874 19 16 to
2256 2880 46 17 carry-

1874 2897 16 16 it
1899 2894 120 24 successfully
2029 2897 39 16 into
2078 2896 58 17 effect.
2161 2896 35 23 My
2205 2902 67 12 excuse
2281 2897 30 18 for

1875 2920 80 22 offering
1964 2920 32 17 the
2006 2918 98 24 foregoing
2117 2920 82 17 remarks
2215 2920 15 17 is
2244 2920 42 18 that
2300 2921 10 17 I

1875 2942 48 18 have
1939 2943 38 17 had
1994 2949 51 11 some
2070 2942 108 23 experience
2198 2943 21 17 in
2240 2944 71 17 similar'

1875 2963 67 23 works,
1952 2966 38 17 and
2001 2967 8 16 I
2017 2966 55 22 hope,
2081 2972 23 10 on
2122 2972 11 10 a
2149 2967 65 16 future
2230 2967 50 17 visit,
2290 2968 21 17 to

1875 2989 54 18 share
1938 2989 32 17 the
1978 2989 87 22 pleasure
2072 2989 20 17 of
2102 2989 136 23 participating-
2250 2991 19 16 in
2286 2994 25 13 art

1874 3012 97 22 improved
1981 3012 36 17 and
2027 3013 116 21 progressive
2152 3014 48 15 state
2210 3014 19 17 of
2238 3014 71 20 things.

1875 3035 54 19 Were
1938 3036 45 17 such
1992 3041 12 11 a
2012 3035 113 18 marvellous
2135 3036 79 21 district,
2227 3037 84 21 teeming

1875 3059 46 17 with
1930 3059 118 22 phenomena
2057 3059 61 17 which
2127 3059 67 17 strikes
2212 3066 34 11 one
2264 3061 45 17 with

1875 3088 39 11 awe
1925 3082 38 17 and
1971 3082 81 19 wonder,
2063 3082 81 17 situated
2152 3083 20 16 in
2189 3083 47 17 New
2250 3083 60 18 South

1874 3103 63 20 Wales
1958 3106 32 16 the
2012 3105 128 17 Government
2166 3106 64 17 would
2250 3107 60 17 lavish

1875 3134 69 17 money
1951 3128 19 17 in
1979 3128 113 23 developing
2100 3129 24 17 its
2135 3130 112 17 attractions
2264 3130 46 17 with

1874 3157 25 11 no
1908 3151 83 23 niggard
1999 3152 56 16 hand.

1968 3200 32 16 By
2011 3199 27 17 11.
2052 3200 21 17 L.
2090 3200 127 18 McPadyex,

1898 3226 84 24 Enlarge
2007 3228 32 17 the
2067 3228 120 18 Sanatorium
2216 3229 93 19 Grounds.

1875 3251 53 22 They
1937 3257 49 11 seem
1994 3257 46 14 very
2049 3252 97 22 trumpery
2154 3254 21 15 to
2184 3252 75 18 visitors
2274 3254 37 16 and

1875 3275 63 16 others
1947 3275 43 17 who
1999 3275 49 17 have
2055 3280 42 12 seen
2106 3275 32 17 the
2152 3276 65 21 public
2230 3276 81 23 gardens

1874 3297 20 17 in
1904 3298 54 17 other
1966 3299 61 16 towns
2036 3299 20 16 of
2069 3299 47 16 New
2128 3299 85 17 Zealand
2227 3305 21 11 or
2260 3300 38 17 Aus-

1875 3321 83 16 tralasia.
1984 3321 53 18 Erect
2049 3328 8 9 a
2071 3321 77 23 fernery.
2181 3321 39 18 The
2232 3323 79 17 interest

1875 3344 89 17 attached
1973 3345 20 16 to
2003 3344 37 17 (Lis
2049 3344 118 23 department
2177 3346 19 15 of
2210 3346 73 22 botany
2295 3347 16 16 is

1876 3368 49 16 most
1933 3368 73 16 intense
2015 3367 37 17 and
2058 3374 20 10 as
2084 3368 44 16 New
2137 3368 82 18 Zealand
2228 3369 14 16 is
2248 3375 52 11 essen-

1875 3390 55 22 tially
1939 3396 11 11 a,
1958 3391 45 16 land
2012 3391 20 16 of
2041 3391 50 16 ferns
2099 3391 33 17 the
2144 3391 107 22 advantago
2266 3393 20 15 of
2300 3400 11 9 a

1875 3414 78 22 general
1970 3414 98 17 collection
2085 3414 19 17 of
2120 3414 45 17 such
2183 3415 63 17 would
2262 3415 24 17 be
2300 3422 11 11 a

1876 3438 54 21 great
1938 3437 103 18 attraction
2050 3437 37 17 and
2096 3437 51 17 draw
2156 3444 52 11 more
2217 3438 94 19 attention

1875 3461 20 15 to
1904 3460 33 16 the
1945 3461 59 21 place.
2034 3460 31 17 All
2080 3466 20 11 or
2114 3462 49 16 most
2177 3462 21 16 of
2210 3462 31 16 the
2258 3462 53 21 large

1874 3485 50 15 trees
1932 3483 20 17 in
1965 3483 33 18 the
2012 3483 119 17 Sanatorium
2144 3484 85 21 grounds
2243 3485 68 17 should

1874 3506 24 17 be
1908 3506 32 17 cut
1948 3506 60 17 down.
2035 3507 69 22 Owing
2112 3508 21 15 to
2145 3506 33 18 the
2191 3513 70 16 porous
2276 3513 23 12 na-

1875 3530 43 16 ture
1927 3529 20 17 of
1955 3530 32 17 the
2000 3530 34 16 soil
2048 3530 44 21 they
2107 3529 51 17 draw
2172 3530 33 17 the
2221 3531 90 17 moisture

1875 3552 38 17 and
1922 3553 62 16 starve
1992 3553 32 17 the
2033 3558 52 11 more
2092 3553 113 22 interesting
2213 3553 38 18 and
2255 3554 44 18 valu-

1875 3575 43 18 able
1939 3576 47 17 class
2003 3577 20 15 of
2038 3575 73 18 flowers
2133 3575 37 18 and
2192 3577 118 17 ornamental

1876 3598 73 22 shrubs,
1960 3600 34 16 etc.
2020 3600 26 15 As
2055 3605 24 10 an
2088 3598 78 23 adjunct
2175 3600 19 15 to
2204 3600 32 17 the
2248 3600 63 17 tennis

1875 3622 51 17 lawn
1935 3628 10 10 a
1954 3622 84 20 bowling
2045 3626 56 17 green
2108 3621 67 18 should
2182 3622 24 17 be
2212 3623 96 23 prepared.

1876 3645 57 17 Make
1946 3652 11 10 a
1973 3645 94 17 deviation
2080 3645 18 16 in
2114 3645 32 17 the
2159 3651 66 11 course
2242 3647 20 15 of
2278 3647 32 16 the

1875 3668 50 17 river
1933 3669 21 16 at
1964 3668 33 18 the
2147 3674 72 16 geyser,
2235 3669 37 16 and
2290 3676 20 10 so

1876 3692 78 16 convert
1961 3691 16 17 it
1985 3691 40 17 into
2033 3691 81 22 perhaps
2130 3697 35 11 one
2180 3692 21 16 of
2210 3691 34 18 the
2260 3694 49 16 must

1876 3715 60 16 active
1945 3714 37 17 and
1991 3714 112 21 interesting
2111 3718 75 18 geysora
2196 3715 17 16 in
2225 3715 31 17 (lie
2271 3715 29 17 dis-

1876 3737 50 18 trict.
1952 3738 26 16 As
1988 3737 17 16 in
2019 3737 32 16 the
2067 3734 71 20 faribus
2155 3737 93 18 botanical
2265 3744 33 17 gar-

1876 3760 46 18 dens
1931 3760 20 17 of
1958 3760 96 18 Australia
2069 3760 101 17 constitute
2183 3767 12 10 a
2212 3762 97 16 collection

1876 3783 20 18 of
1905 3781 84 21 colonial
1993 3784 48 16 trees
2056 3783 37 16 and
2106 3782 63 23 plants
2186 3784 26 16 nil
2229 3783 79 19 labolled

1878 3807 44 16 with
1937 3807 50 16 their
1999 3810 69 18 proper
2080 3810 64 13 names
2157 3807 38 16 and
2212 3806 96 19 localities.

1876 3830 16 17 A
1902 3830 47 17 class
1958 3829 19 17 of
1986 3830 49 17 trees
2043 3829 34 16 has
2085 3829 45 16 been
2139 3829 92 18 introduci
2240 3831 9 16 ]
2267 3830 42 18 hero

1876 3853 43 16 that
1928 3857 60 12 comes
1997 3852 96 17 undertho
2243 3853 66 18 Weeds

1876 3875 38 18 and
1922 3875 67 18 Plants
2067 3875 18 22 (1
2098 3875 49 17 refer
2161 3876 19 17 to
2200 3877 30 15 '.lie
2247 3876 62 18 aencia

1876 3898 61 23 trees);
1945 3897 127 24 thqsojshould
2079 3898 106 18 neverhavc
2198 3898 43 18 been
2250 3899 50 17 intro-

1876 3920 65 23 duced,
1952 3922 35 17 but
2000 3927 20 11 as
2035 3922 15 15 it
2064 3922 49 16 must
2122 3927 43 10 now
2179 3922 22 16 be
2210 3923 97 22 apparent,

1876 3951 44 11 even
1930 3946 21 16 to
1958 3944 33 18 tho
1999 3944 57 18 Town
2066 3944 67 20 Board,
2145 3944 42 18 that
2204 3951 12 11 a
2229 3946 80 17 mist'alco

1876 3969 33 15 has
1918 3968 47 17 been
1974 3967 53 17 made:
2037 3967 44 23 thoy
2091 3968 67 16 should
2169 3967 21 18 bo
2199 3968 65 18 rooted
2276 3973 30 13 out

1876 3997 20 10 as
1905 3991 45 18 each
1959 3996 63 11 season
2034 3990 45 22 only
2086 3990 46 18 adds
2138 3991 20 16 to
2169 3991 31 17 the
2213 3992 95 18 nuisance.

1877 4014 41 21 Any
1928 4019 66 16 person
2004 4014 42 17 who
2060 4020 43 15 may
2117 4014 48 16 have
2178 4014 47 17 been
2241 4016 19 15 in
2277 4016 32 17 the

1876 4037 81 22 gardens
1966 4037 20 17 of
1994 4037 110 17 Melbourne
2113 4037 38 17 and
2159 4037 77 23 Sydney
2244 4038 65 18 knows

1876 4060 32 16 the
1918 4059 102 18 additional
2030 4060 77 17 interest
2116 4065 34 12 one
2159 4060 46 17 feels
2219 4061 19 17 in
2252 4062 45 16 view-

1876 4083 34 20 ing
1918 4083 33 17 the
1958 4083 53 21 great
2019 4083 73 21 variety
2101 4083 20 16 of
2133 4085 48 15 trees
2196 4084 36 17 and
2246 4085 63 21 plants

1877 4106 89 16 collected
1976 4108 46 14 iron:
2032 4111 20 12 so
2061 4111 57 14 many
2126 4109 51 19 parts
2188 4107 23 17 all
2221 4108 88 21 properly

1876 4129 86 17 labelled.
1987 4129 39 17 The
2039 4129 117 17 educational
2171 4130 54 17 value
2239 4132 20 16 of
2272 4126 37 22 tin's

1876 4153 69 16 cannot
1954 4152 23 17 be
1985 4152 158 17 over-estimated.

2354 131 54 17 THE
2420 130 62 18 POST
2500 131 93 18 OFFICE
2611 130 121 19 ROBBERY.

2401 177 81 18 Arkest
2495 183 24 12 op
2531 179 45 16 Two
2590 178 104 18 SusrEcrs.

2354 209 27 17 As
2389 209 30 17 far
2427 215 20 11 as
2457 214 34 12 can
2502 209 24 17 bo
2540 209 118 18 ascertained
2670 209 33 17 the
2717 208 48 18 total

2331 233 79 16 amount
2427 232 20 17 of
2459 237 69 17 money
2545 233 108 17 abstracted
2667 233 49 16 from
2734 232 31 16 the

2331 255 47 16 Post.
2397 254 69 23 Office;
2472 257 87 16 amounts
2575 257 21 16 to
2613 256 50 17 220
2685 256 30 16 10s
2735 254 30 17 2d.

2331 277 101 18 Constable
2442 275 80 20 Wlielan
2532 279 38 17 and
2584 280 31 16 Mr
2629 280 76 20 Dansey
2723 284 42 15 may

2331 301 23 16 bo
2363 301 145 22 complimented
2517 308 24 10 on
2554 303 33 16 the
2600 301 71 19 careful
2688 306 77 12 manner

2330 324 20 15 in
2359 324 62 17 which
2430 324 46 22 they
2488 324 54 18 made
2556 325 50 18 their
2622 324 143 23 investigations

2331 347 37 16 and
2385 348 32 16 the
2433 348 131 22 promptitude
2577 348 47 17 -with
2641 348 62 17 which
2720 347 45 22 they

2331 369 87 19 followed
2427 376 26 16 up
2462 376 55 17 every
2526 371 40 17 clue
2571 371 21 17 of
2599 374 11 14 d
2615 371 65 17 rather
2689 371 76 21 (angled

2332 392 26 17 ski
2364 393 25 17 in.
2415 393 86 23 Enquiry
2518 394 74 17 elicited
2608 395 44 16 that
2667 395 38 16 two
2723 399 42 12 men

2332 416 48 20 who,
2389 416 17 17 it
2413 416 16 17 is
2437 416 79 23 alleged,
2526 418 39 16 had
2572 418 48 17 been
2628 423 43 11 seen
2679 417 86 22 hanging

2403 440 32 16 the
2450 440 46 17 Post.
2511 440 57 18 Office
2585 440 30 18 for
2631 440 31 17 the
2679 440 86 22 previous

2332 461 36 17 few
2377 461 46 23 days
2432 463 38 17 had
2478 463 36 17 left
2522 469 23 11 on
2555 463 32 17 the
2596 464 89 22 morning
2700 463 21 16 of
2733 463 32 17 the

2331 484 91 23 burglary
2430 486 26 22 by
2465 487 57 16 coach
2537 487 29 17 for
2581 484 97 20 Okorofre.
2707 486 58 17 These

2333 513 42 11 men
2384 508 42 18 who
2434 509 38 17 had
2480 510 57 21 given
2544 510 34 16 the
2585 512 65 15 naines

2332 530 37 16 and
2378 531 55 17 Stoen
2441 532 38 17 had
2488 532 47 18 been
2546 533 77 22 staying
2636 534 21 16 at
2670 532 95 22 Balhgato

2333 553 70 21 House,
2413 555 103 23 ostensibly
2527 562 20 10 as
2561 556 83 19 tourists,
2660 555 74 23 though
2751 555 14 17 it

2333 581 38 12 was
2378 578 98 17 remarked
2484 579 43 16 that
2536 579 46 21 they
2597 578 57 17 made
2669 585 24 10 no
2711 578 54 17 effort

2332 600 20 16 to
2361 600 43 17 visit
2412 607 37 16 any
2458 602 19 16 of
2485 602 32 16 tlio
2526 602 67 22 sights.
2619 602 20 17 It.
2645 607 38 11 was
2693 602 72 16 further

2333 621 106 19 discovered
2447 624 43 17 tliat
2502 625 75 21 though
2594 625 56 22 they'.,
2656 625 38 17 liiid
2711 625 54 17 made

2332 646 92 21 enquiries
2440 647 49 18 from
2505 648 32 17 Mr
2552 648 91 20 Melville,
2660 648 20 17 of
2697 647 68 18 Messrs

2332 668 23 18 E.
2365 669 104 18 Robertson
2479 671 38 16 and
2531 672 39 19 Co.,
2589 677 20 11 as
2622 672 21 15 to
2659 671 33 16 the
2709 671 56 17 coach

2332 692 69 17 service
2409 693 84 17 between
2501 694 44 17 here
2559 694 38 17 and
2610 694 91 18 Okoroirc
2716 694 49 16 their

2333 713 99 23 departure
2441 717 72 17 seemed
2522 717 70 23 always
2601 718 21 16 to
2631 717 73 22 depend
2715 722 50 17 upon

2332 743 50 12 some
2392 739 129 23 contingency.
2546 740 32 17 Mr
2587 741 105 22 Callaghan
2702 740 19 17 of
2734 740 31 17 the

2332 760 90 18 Okoroirc
2438 762 65 21 Hotel,
2520 764 38 16 and
2574 764 116 22 postmaster
2705 763 59 18 there,

2331 789 40 12 was
2378 784 92 18 informed
2479 787 20 16 of
2506 786 32 17 the
2546 786 92 23 burglary
2646 786 26 23 by
2678 786 44 17 wire
2729 786 36 16 and

2331 813 39 11 was
2378 807 104 18 instructed
2491 811 20 15 to
2519 809 47 23 keep
2576 808 32 18 the
2620 815 44 11 men
2678 815 24 11 on
2717 809 48 17 their

2332 830 68 17 arrival
2406 831 60 17 under
2474 833 127 17 surveillance.
2627 833 40 17 The
2677 829 88 20 nilmbers

2331 854 21 16 of
2360 859 51 11 some
2424 854 20 17 of
2460 854 31 18 the
2508 856 78 22 missing
2602 857 53 16 notes
2672 855 39 18 liad
2726 855 39 17 also

2331 876 47 18 been
2384 878 123 21 ascertained;
2515 879 37 17 and
2561 885 23 11 on
2591 879 34 17 the
2631 880 66 16 return
2705 879 21 16 of
2735 879 30 16 the

2331 899 63 18 driver
2402 900 20 17 of
2429 900 33 17 the
2476 902 57 17 coach
2549 902 20 17 in
2585 903 33 16 the
2634 902 100 17 afternoon
2751 902 14 16 it

2331 928 39 12 was
2378 922 106 19 discovered
2493 924 43 17 that
2544 931 12 10 a
2570 924 23 18 1
2610 927 45 15 note
2671 925 56 22 given
2740 925 25 22 by

2331 950 35 13 one
2375 947 21 16 of
2403 947 33 16 the
2444 953 42 11 men
2502 948 19 16 in
2535 950 91 20 payment
2643 948 19 18 of
2677 948 32 17 the
2726 948 39 17 fare

2331 969 45 18 bore
2385 975 34 12 one
2426 970 20 17 of
2454 970 32 17 the
2495 971 88 17 niimbcrS
2593 971 82 18 wanted;
2700 971 64 17 Const.

2331 992 80 17 Wlielan
2418 993 128 23 immediately
2554 995 92 21 procured
2658 1000 12 11 a
2683 995 82 16 warrant

2331 1015 39 17 and
2377 1016 132 22 accompanied
2517 1018 26 21 by
2552 1018 31 17 the
2591 1018 64 17 native
2660 1017 105 23 policeman

2331 1039 103 21 proceeded
2443 1040 19 16 to
2472 1040 95 18 Okoroire.
2593 1041 30 17 On
2632 1040 70 18 arrival
2712 1040 53 18 there

2331 1061 24 18 lie
2371 1068 39 11 was
2426 1064 39 15 met
2477 1063 27 22 by
2519 1064 101 17 Constable
2640 1065 90 16 Brennan
2745 1064 20 16 of

2332 1085 114 23 Cambridge
2454 1086 37 17 and
2500 1087 49 16 after
2559 1094 12 11 a
2585 1087 50 17 little
2648 1087 68 17 finesse
2733 1087 32 16 the

2331 1114 43 11 men
2381 1114 48 12 were
2436 1110 82 17 arrested
2528 1110 35 17 and
2580 1110 85 23 brought
2680 1110 48 17 back
2745 1112 20 14 to

2331 1131 85 17 Rotorua
2424 1134 21 14 at
2453 1138 24 11 an
2493 1133 52 22 early
2554 1131 56 24 ,hour
2626 1140 24 11 on
2666 1133 99 22 Thursday

2331 1154 94 24 morning.
2462 1155 52 23 They
2535 1162 47 16 gave
2603 1157 33 17 the
2660 1162 64 12 names
2745 1157 20 16 of

2331 1178 80 17 Thomas
2420 1178 72 18 ITardie
2501 1180 20 16 of
2528 1180 122 22 Wellington,
2658 1180 37 17 and
2701 1180 64 17 James

2331 1201 56 17 Steon
2396 1202 20 16 of
2424 1202 46 16 New
2479 1202 60 18 South
2549 1203 66 21 Wales,
2625 1203 38 17 and
2669 1202 96 23 protested

2331 1224 66 22 loudly
2417 1225 76 23 against
2509 1226 48 17 their
2578 1228 65 16 arrest.
2676 1227 24 16 In
2716 1226 49 17 their

2331 1248 105 22 possession
2444 1254 12 11 a
2464 1254 41 12 sum
2515 1249 19 17 of
2544 1255 43 12 over
2596 1249 38 18 .36
2650 1256 38 11 was
2706 1249 59 17 found

2331 1270 38 18 l4
2378 1271 21 17 of
2407 1271 67 21 which,
2490 1272 19 16 in
2523 1272 59 22 single
2597 1274 59 19 notes,
2671 1273 34 17 has
2718 1272 47 17 been

2330 1294 103 21 identified,
2441 1294 16 17 it
2465 1294 15 17 is
2489 1295 79 22 alleged,
2578 1301 21 12 as
2607 1296 34 18 the
2648 1297 91 21 property
2746 1296 19 17 of

2330 1317 34 17 the
2371 1317 213 23 Postmaster-General,
2592 1319 57 22 being
2660 1321 45 20 part
2719 1319 19 17 of
2754 1325 11 11 a

2330 1341 110 16 remittance
2449 1341 54 17 made
2512 1342 26 22 by
2552 1342 32 17 Mr
2596 1342 23 17 It.
2637 1343 65 16 Wake.
2735 1343 30 16 No

2330 1364 46 22 gold
2385 1369 37 12 was
2432 1364 59 17 found
2499 1364 20 17 in
2527 1365 49 17 their
2580 1366 104 22 possession
2690 1366 74 22 though

2331 1392 44 12 over
2384 1387 22 17 30
2411 1387 107 24 sovereigns
2526 1394 49 12 wore
2582 1390 20 16 in
2615 1389 33 17 the
2662 1390 40 16 safe
2714 1390 51 21 prior

2331 1412 19 15 to
2360 1410 32 17 the
2401 1410 97 24 burglary.
2524 1411 60 18 Oilier
2591 1413 53 17 trails
2655 1413 49 17 have
2718 1413 47 17 been

2331 1433 87 18 followed
2427 1439 26 17 up
2462 1434 35 17 but
2513 1441 20 11 so
2547 1435 29 17 far
2588 1435 82 18 without
2686 1441 78 12 success.

2331 1456 102 18 Constable
2453 1457 78 23 Murray
2551 1458 62 17 whose
2633 1459 78 22 holiday
2728 1465 37 10 was

2331 1480 102 22 ruthlessly
2441 1480 71 18 broken
2521 1481 40 17 into
2570 1482 88 17 returned
2664 1488 24 11 on
2695 1482 59 17 Thurs-

2331 1503 36 23 day
2387 1503 58 23 night
2467 1505 132 22 accompanied
2619 1505 25 23 by
2667 1505 98 17 Detective

2331 1527 80 21 Crystal.

2356 1566 28 17 On
2402 1567 98 22 Thursday
2516 1568 64 17 before
2596 1569 70 17 Messrs
2681 1568 84 22 Malfroy

2332 1590 37 17 and
2378 1590 74 22 Taylor,
2466 1590 58 21 J.P.s,
2542 1591 82 18 Thomas
2639 1592 73 17 ITardie
2728 1592 37 17 and

2331 1613 64 18 James
2404 1614 58 16 Steen
2470 1619 47 12 were
2526 1614 88 23 formally
2624 1615 82 22 charged
2719 1615 46 17 with

2331 1635 93 24 breaking
2432 1637 37 16 and
2482 1638 91 22 entering.
2604 1638 65 18 Const.
2686 1638 79 17 Wlielan

2331 1660 58 17 asked
2397 1660 30 17 for
2436 1666 10 11 a
2455 1660 77 17 remand
2541 1661 29 17 for
2582 1662 52 21 eight
2649 1661 53 23 days.
2727 1661 38 17 The

2332 1683 84 20 accused,
2427 1683 77 21 Ilardie,
2521 1684 92 22 objected.
2638 1684 31 18 He
2684 1684 32 18 did
2732 1686 33 16 not

2331 1707 56 17 know
2396 1707 52 17 what
2456 1707 23 17 he
2493 1707 37 17 and
2544 1707 29 17 his
2590 1707 61 18 friend
2667 1708 38 16 had
2719 1708 46 17 been

2332 1729 83 18 arrested
2424 1730 29 17 for
2461 1736 22 11 or
2490 1731 33 16 tlio
2531 1732 66 17 nature
2615 1732 19 17 of
2648 1731 33 17 the
2697 1731 68 22 charge

2332 1753 76 23 against
2427 1753 58 17 them.
2522 1754 20 17 It
2558 1759 38 12 was
2609 1760 99 16 necessary
2724 1754 41 17 that

2333 1776 45 22 they
2392 1776 68 18 should
2476 1776 62 21 know,
2554 1783 19 11 so
2583 1778 43 17 that
2642 1778 46 21 they
2704 1777 61 23 might

2333 1799 75 23 employ
2417 1800 74 16 counsel
2500 1801 49 16 from
2559 1801 103 17 Auc-land.

2356 1823 101 17 Constable
2466 1823 78 18 Whelan
2554 1823 63 18 stated
2624 1824 43 17 that
2681 1824 33 17 the
2723 1830 42 11 men

2333 1846 38 17 had
2378 1846 47 17 been
2434 1846 83 17 arrested
2526 1853 23 11 on
2563 1848 94 21 suspicion
2673 1848 21 16 of
2709 1847 56 22 being

2333 1869 103 17 concerned
2452 1870 18 16 in
2489 1870 32 17 the
2535 1870 81 22 robbery
2635 1872 20 15 at
2672 1870 32 18 the
2721 1870 44 18 Post

2333 1889 63 21 Office.
2422 1889 59 21 Notes
2489 1893 38 17 had
2542 1893 48 17 been
2606 1893 60 17 found
2682 1895 19 15 in
2718 1893 47 17 their

2333 1916 104 22 possession
2454 1916 46 17 with
2516 1916 89 18 numbers
2620 1917 145 22 corresponding

2333 1940 19 16 to
2361 1939 54 18 those
2424 1946 23 11 on
2462 1940 31 17 the
2510 1941 54 16 notes
2580 1940 66 17 stolen.
2679 1940 39 17 The
2735 1946 20 11 ac-

2333 1963 56 17 cused
2397 1964 71 22 having
2482 1963 86 24 signified
2582 1963 43 17 that
2638 1963 46 22 they
2697 1964 57 16 under-

2333 1987 54 17 stood
2396 1987 33 17 the
2438 1987 69 23 charge
2515 1986 32 17 the
2553 1987 78 17 remand
2636 1992 38 12 was
2679 1986 86 24 granted.

2334 2010 121 22 Application
2463 2016 39 12 was
2515 2010 55 17 mads
2587 2010 30 17 for
2632 2010 38 17 bail
2687 2010 35 17 but
2735 2010 30 17 the

2332 2034 60 21 police
2401 2034 87 22 objected
2500 2033 37 18 and
2551 2033 32 17 the
2599 2033 65 17 Bench
2680 2033 85 22 signified

2333 2056 42 18 that
2384 2056 38 18 bail
2432 2057 55 17 could
2503 2057 34 17 not
2553 2056 23 17 be
2592 2056 80 18 allowed
2689 2058 20 16 at
2725 2056 40 17 that

2333 2081 61 21 stage.'

2356 2103 39 17 The
2404 2103 79 18 accused
2491 2109 47 12 were
2548 2102 25 18 ta'
2575 2101 2 24 :
2582 2109 22 11 on
2610 2103 19 17 to
2636 2101 99 20 Auckland
2741 2102 24 23 by

2332 2126 100 22 Monday's
2442 2127 49 17 train
2500 2127 59 17 under
2568 2128 32 16 the
2609 2130 60 15 escort
2683 2128 19 16 of
2716 2128 37 17 Con-

2333 2149 59 17 stable
2399 2150 96 17 Beri-iman
2503 2150 37 17 and
2547 2150 38 17 will
2591 2150 25 18 be
2620 2151 56 22 again
2683 2150 82 23 brought

2331 2172 66 18 before
2404 2173 33 17 the
2445 2173 64 17 Bench
2518 2179 24 11 on
2549 2170 77 26 Friday.-

2356 2221 43 16 Two
2408 2225 43 13 men
2459 2222 69 17 named
2537 2222 66 22 Henry
2617 2222 67 17 Albert
2698 2220 67 19 Austin

2332 2244 38 17 and
2378 2244 67 22 Henry
2457 2244 94 23 Moiinscy
2565 2245 43 17 who
2622 2245 38 18 had
2676 2246 89 17 travelled

2333 2268 49 17 from
2399 2267 85 17 Rotorua
2502 2274 23 11 oil
2537 2268 101 23 Monday's
2653 2269 49 17 train
2719 2274 46 12 were

2333 2290 83 17 arrested
2425 2291 20 17 at
2451 2291 122 18 Newmarket
2578 2291 26 23 by
2613 2291 101 18 Constable
2728 2292 37 22 Fry

2333 2314 82 21 charged
2432 2314 45 17 with
2494 2315 58 23 beiug
2569 2315 102 18 concerned
2694 2316 19 16 in
2734 2316 31 17 the

2332 2337 98 22 burglary.-

2414 2390 79 17 BRASS
2503 2388 70 20 BAND
2584 2390 100 19 SPORTS.

2355 2434 59 19 Those
2422 2437 62 22 sports
2497 2437 42 18 to'o'v
2557 2438 56 22 place'
2627 2441 26 14 oft
2669 2438 34 17 tho
2714 2442 41 13 race-

2333 2465 64 13 course
2406 2460 99 23 yesterday
2515 2461 100 17 aftOrnoon
2624 2461 37 17 and
2667 2467 49 11 ivcre
2724 2462 41 17 well

2332 2483 95 17 attended.
2452 2484 88 21 Nothing
2549 2484 38 17 hfid
2595 2484 48 18 been
2651 2484 36 18 loft
2692 2484 73 18 undone

2331 2507 26 21 by
2366 2507 32 17 the
2407 2507 113 21 committee,
2527 2507 70 17 Messrs
2603 2505 85 21 Webber,
2697 2507 68 22 Boord,

2332 2530 22 17 A.
2364 2530 75 20 Muni'o,
2450 2530 85 21 Holmes,
2549 2531 88 17 Poururu
2646 2531 37 17 and
2688 2528 65 20 Whare-

2333 2553 65 18 tutalii,
2409 2554 20 16 to
2434 2559 64 12 secure
2504 2559 73 12 success
2584 2554 36 17 and
2626 2554 46 22 they
2679 2554 86 17 achieved

2332 2577 21 16 it.
2378 2576 32 17 Mr
2418 2578 64 16 James
2491 2577 70 18 Munro
2570 2577 54 18 .acted
2633 2584 20 10 as
2661 2577 60 23 judge
2730 2578 35 16 and

2331 2600 32 17 Mr
2378 2599 93 19 William's
2487 2606 20 12 as
2524 2602 75 16 starter.
2632 2601 32 17 Mr
2682 2601 83 17 Holmes'

2332 2623 142 23 handicapping
2482 2629 39 12 was
2529 2624 98 22 generally
2636 2624 94 22 approved
2741 2624 24 17 ol'.

2332 2646 38 17 The
2379 2648 53 21 gates
2441 2647 79 17 realised
2529 2646 27 18 0
2564 2648 20 17 2s
2594 2648 29 16 Gd.
2649 2648 40 17 The
2695 2645 60 20 follow-

2332 2670 34 21 ing
2374 2674 33 12 are'
2413 2670 33 17 the
2454 2671 68 16 results
2530 2676 29 12 :

2356 2693 83 17 Eotorua
2450 2693 51 23 Cup:
2515 2694 50 17 First
2575 2694 167 22 heatXgaroata
2751 2695 14 18 1,

2333 2716 22 17 C.-
2363 2716 19 17 T.
2392 2716 92 22 Monkley
2493 2718 16 19 2,
2519 2717 61 17 Aslier
2606 2716 3 22 ;
2623 2718 68 17 second
2699 2718 45 17 heat

2332 2739 92 22 Monkley
2434 2741 14 19 1,
2464 2740 97 22 Xga.roato
2578 2742 16 18 2,
2613 2740 111 23 Eiripotalia
2744 2740 21 19 15;

2332 2762 182 23 finalEiripotalia
2524 2765 14 17 1,
2549 2764 98 22 Xgaroata
2655 2766 17 18 2,
2683 2764 59 17 Aslier
2749 2765 16 15 3.

2356 2785 139 19 MaidenEace:
2504 2787 54 17 Koho
2565 2785 111 22 I,Ecevos2,
2684 2787 60 17 Aslier
2749 2794 16 10 o.

2356 2809 56 22 Boys'
2421 2810 61 18 Eace:
2498 2810 96 22 CJrqnhart
2606 2812 12 15 1.
2631 2810 62 17 Curtis
2702 2811 16 16 2.

2356 2832 74 18 Hurdle
2439 2832 60 23 Eacc:
2514 2834 21 17 P.
2544 2834 21 17 T.
2575 2834 42 16 Bull
2629 2834 14 18 I,
2655 2833 110 22 Ein'potaka

2333 2857 16 17 2,
2359 2856 25 16 11.
2394 2856 30 17 W.
2433 2857 92 22 Monkley
2535 2858 16 16 .'i.

2356 2879 82 21 Putting
2446 2880 33 17 the
2486 2881 58 16 Stone
2551 2879 3 23 :
2569 2879 20 18 T.
2599 2880 96 22 Monkley.

2356 2902 56 23 Long
2420 2903 59 22 Jump
2487 2902 4 23 :
2504 2902 84 23 Tommy.

2356 2926 103 17 Half-mile
2467 2926 100 22 Handicap
2574 2924 3 24 :
2587 2926 98 22 Xgaroata
2693 2924 15 23 1,
2716 2926 40 17 Eiri-

2332 2949 71 22 potaka
2412 2951 16 19 2,
2439 2950 21 16 P.
2469 2950 21 16 T.
2500 2950 43 16 Bull
2553 2951 16 15 .'J.

2356 2972 139 23 Three-lcfrged
2504 2973 60 17 Eace:
2578 2972 49 17 Eulii
2637 2972 36 17 and
2681 2973 61 16 Tieho.

2356 2995 73 18 Ladies'
2439 2996 85 17 Bracelet
2533 2995 3 23 :
2550 2996 25 17 11.
2586 2996 27 17 V.'.
2622 2996 96 22 Monkley.

2355 3019 140 22 Tug-o'-Wfir:
2524 3019 55 17 Band
2603 3026 17 10 v.
2646 3019 119 17 All-comers.

2332 3043 48 16 Won
2389 3043 25 21 by
2422 3044 33 16 tiie
2463 3042 60 17 Band.

2356 3066 46 17 Mile
2411 3066 59 17 Eace:
2484 3066 51 17 Eulii
2544 3065 74 23 (00yds)
2629 3066 14 20 1,
2655 3066 110 21 Eiripotaka

2333 3088 89 24 (scratch)
2431 3090 16 16 2.
2458 3095 42 11 won
2509 3088 26 23 by
2543 3095 11 11 a
2562 3089 46 17 foot.

2356 3112 121 18 Consolation
2492 3113 60 17 Eace:
2571 3113 70 16 Beeves
2661 3110 14 23 I,
2693 3112 25 16 11.
2737 3112 28 16 W.

2331 3133 92 25 Monkley
2432 3137 16 15 2.

2414 3182 102 20 JOCKEY
2529 3184 67 18 CLUB
2610 3184 74 17 BALL.

2356 3230 40 17 The
2403 3229 73 23 Jockey
2485 3229 48 18 C'lnb
2541 3229 39 18 ball
2589 3229 61 18 which
2660 3229 44 18 took
2713 3229 52 23 place

2334 3254 18 15 in
2361 3253 33 17 tlic
2407 3254 33 16 Pn'
2448 3259 43 10 oroii
2500 3253 46 16 ITall
2554 3253 38 17 last
2598 3254 57 19 liiglit
2664 3259 37 10 was
2710 3259 11 10 a
2731 3252 22 17 de-

2333 3276 53 18 cided
2396 3282 71 11 success
2476 3276 19 16 in
2511 3282 57 15 every
2579 3276 104 18 7)artieular
2694 3276 46 17 both
2748 3276 17 17 in

2333 3299 54 23 point
2403 3299 19 17 of
2429 3299 115 17 attendance
2551 3300 38 16 and
2597 3300 33 16 the
2638 3299 99 22 brilliancy
2748 3298 17 18 o!

2333 3323 33 16 tlie
2375 3323 92 17 costumes
2481 3327 57 13 worn.
2563 3323 47 17 Miss
2620 3322 98 17 Hutclieus
2730 3322 35 18 had

2334 3346 32 16 tlio
2373 3346 61 16 lionor
2451 3346 19 16 of
2487 3345 58 23 being-
2559 3345 88 18 awarded
2663 3346 32 16 tlio
2709 3351 45 16 guer-

2334 3368 72 17 dona
2423 3368 119 18 fanwhich
2550 3368 27 22 by
2592 3368 33 18 tlio
2638 3369 43 17 vote
2698 3368 20 18 of
2735 3369 30 17 tlio

2334 3392 76 17 dancers
2418 3397 39 12 was
2462 3391 99 23 {(resented
2570 3393 19 16 to
2599 3392 32 17 the
2644 3391 42 18 best
2692 3391 73 18 dressed

2333 3415 50 22 lady,
2408 3415 64 17 About
2486 3415 23 16 GO
2528 3415 75 21 couples
2617 3415 38 16 and
2673 3421 20 10 as
2709 3421 56 15 niany

2334 3438 103 22 spectators
2446 3441 47 13 wei*e
2509 3440 77 20 present
2598 3438 38 17 and
2652 3438 32 17 the
2701 3438 64 19 music,

2334 3461 60 17 wliidi
2404 3466 37 12 was
2454 3461 98 19 excellent,
2562 3466 38 12 was
2608 3461 20 16 in
2637 3461 32 17 the
2678 3461 60 17 hands
2747 3462 18 16 of

2333 3484 32 17 Mr
2373 3485 20 16 T.
2403 3484 61 22 Ryan.
2490 3484 39 17 The
2545 3484 40 17 hall
2599 3490 38 11 was
2653 3484 112 22 beautifully

2334 3507 98 17 decorated
2439 3507 67 22 chiefly
2523 3508 83 22 through
2624 3508 33 16 the
2670 3508 95 17 extortions

2333 3530 20 17 of
2362 3531 30 16 Mr
2399 3528 25 19 If.
2434 3530 92 17 Fortune.-

2356 3553 39 17 The
2404 3553 99 23 following
2511 3553 15 17 is
2535 3560 10 10 a
2551 3553 32 17 list
2592 3554 19 16 of
2621 3553 56 17 tlie'la
2679 3553 37 17 dies
2723 3559 32 16 pre-

2335 3578 40 15 sent
2389 3577 42 16 who
2451 3576 93 22 appeared
2564 3576 19 17 in
2604 3577 56 21 fancy
2681 3576 84 22 drees:-

2333 3599 105 17 Mesdames
2448 3600 101 21 Campney,
2559 3599 68 22 Nancy
2635 3599 48 21 Lee;

2333 3622 57 23 leigli,
2414 3622 72 23 Nurse;
2513 3622 67 20 Smith,
2611 3622 60 23 Gipsy
2695 3623 70 18 Queen.

2333 3646 66 17 Misses
2408 3646 91 21 Downey,
2509 3645 72 22 Romp;
2599 3645 79 21 Martin,
2692 3646 73 20 Night;

2333 3669 101 18 Hutcliins,
2445 3669 74 16 Flower
2527 3669 20 16 of
2558 3668 109 22 Killarney;
2681 3669 84 21 Clarkin,

2333 3690 65 25 Folly;
2429 3692 109 23 Beliersing,
2561 3690 114 25 Sunflower;
2705 3692 60 21 Price,

2333 3714 105 18 Hancock's
2458 3715 58 20 Beer;
2542 3715 106 20 Tattersall,
2674 3715 90 21 Carmen;

2333 3738 87 21 Mackay,
2430 3737 81 23 Spanish
2526 3738 68 22 Gipsy;
2616 3738 75 22 Young,
2705 3738 48 17 Mari-

2332 3762 55 17 tauft;
2402 3762 77 18 Rowan,
2490 3761 64 18 Queen
2568 3762 20 15 of
2603 3761 81 20 Hearts;
2704 3762 49 16 Cook-

2333 3790 38 13 son,
2383 3785 68 20 Gipsy;
2472 3784 88 21 McCord,
2575 3784 127 18 Fisherman's
2715 3785 49 17 wife.

2332 3807 38 17 The
2378 3807 169 17 undermentioned
2556 3807 94 23 appeared
2657 3808 19 16 in
2685 3808 80 20 evening

2332 3830 51 17 dress
2389 3835 9 12 :
2399 3830 125 17 Mesdames
2530 3830 69 22 Brady,
2719 3831 46 17 Hall

2332 3853 102 20 Henshaw,
2444 3853 68 20 JTuott,
2526 3854 71 21 Lynds,
2613 3854 92 19 Mitchell,
2723 3854 42 17 Mc-

2333 3877 96 20 Ciunnion,
2446 3876 76 21 Munro,
2540 3874 105 25 tJrqnharfc.
2668 3876 97 22 Williams,

2332 3899 102 21 Warbrick,
2464 3899 87 18 Webber.
2578 3900 116 22 Riripotaka,
2723 3900 41 17 Pia.

2331 3923 40 17 Mrs
2380 3923 23 17 R.
2415 3923 22 17 B.
2455 3922 89 18 Graham.
2577 3923 67 18 Missos
2660 3923 104 22 Campbell,

2331 3946 119 22 Hordogcen,
2475 3946 74 21 Harris,
2579 3946 102 21 Hutchins,
2710 3946 42 17 Mur-

2332 3975 39 16 ray,
2401 3970 72 20 Power,
2495 3969 125 21 Woodlioiisc,
2642 3969 37 17 and
2701 3970 63 16 Wi-aa.

2331 3992 39 17 The
2387 3992 99 22 following
2507 3993 106 22 gentleinen
2639 3998 49 11 wore
2709 3993 56 21 fancy

2332 4017 93 16 cestuiues
2437 4016 4 22 :
2443 4016 98 17 Messrs
2563 4016 70 22 Lynds,
2660 4016 52 17 Conn
2733 4016 32 17 the

2332 4038 127 23 Shaughraun
2471 4038 3 23 ;
2603 4038 144 23 Tennis-player
2760 4038 3 23 ;

2332 4061 102 23 Campnny,
2456 4062 75 20 Mnnro,
2562 4061 81 23 Sailors;
2662 4062 101 22 Kenealey,

2332 4085 95 18 Cricketer
2437 4085 3 22 ;
2471 4085 72 22 Mayes,
2573 4085 49 17 Dick
2653 4085 110 22 Dead-eye;

2331 4108 83 17 Francis,
2424 4108 87 17 Cavalier
2518 4108 20 17 of
2551 4108 67 22 Henry
2634 4108 60 20 VIII;
2717 4108 35 17 For-

2332 4132 43 18 rest,
2394 4130 40 23 Clip
2451 4131 20 17 of
2485 4131 46 19 Tea;
2558 4130 66 18 Grant,
2647 4130 115 22 Oddfellow;

2332 4153 81 21 Siincox,
2424 4153 85 21 Tourist;
2524 4154 70 20 Carter,
2608 4154 123 18 Yachtsman.

2789 130 67 22 THE
2872 130 138 23 CHARGE
3028 131 145 24 AGAINST
3182 130 18 25 G.

2933 164 33 23 M.
2979 165 99 22 PARK.

2882 231 16 17 A
2907 231 103 18 RUINED
3019 231 107 19 CAREER.

2858 279 65 18 State
2940 284 25 14 oj?
2978 281 67 18 TAtJr-o
3064 281 87 18 LocKtfr.,

2815 311 26 19 At
2851 311 35 19 the
2895 312 94 18 criminal
2999 313 83 23 sittings
3091 313 21 19 of
3128 314 33 18 the
3179 315 29 21 Su.
3229 307 12 27 I

2788 343 68 19 prenie
2867 337 61 19 Court,
2937 339 20 17 at
2965 338 106 19 Auckland
3085 346 24 12 on
3121 339 89 23 Wednes>
3228 332 14 30 1

2788 363 39 24 day
2838 363 38 20 last
2894 363 70 19 before
2984 364 32 19 Mr
3034 365 78 19 Justice
3128 365 80 28 Conolly,
3227 367 14 25 |

2789 389 64 18 Gavin
2865 389 105 25 Mclntyre
2975 389 56 20 Park
3040 391 170 25 waschargedthat
3227 384 13 28 I

2788 422 24 11 on
2821 415 36 20 the
2867 416 34 18 9th
2916 417 102 23 February
3028 419 20 16 at
3056 417 69 19 Tauro
3137 417 22 19 he
3168 421 42 19 btoJe
3227 409 15 31 I

2789 446 54 19 442
2854 447 63 23 Ps-ld,
2929 446 34 18 the
2974 445 93 23 property
3078 439 29 23 of'
3115 443 44 18 Her
3173 445 37 20 Ma-
3227 443 15 33 |

2787 468 60 29 jpjjly,
2866 475 29 17 th<
2903 479 13 13 n
2935 474 20 17 in
2973 471 32 19 his
3021 470 113 23 possession
3152 477 21 13 as
3189 480 20 14 an
3227 464 14 28 I

2788 499 66 19 officer
2862 501 21 17 of
2892 500 35 19 the
2938 499 142 20 Government,
3090 492 33 22 lie
3132 499 77 23 pl&tulud
3227 491 14 39 |

2815 551 31 19 Mr
2857 552 114 18 MeGveo-nr
2991 548 101 28 appeared
3101 549 31 18 for
3141 549 34 19 the
3184 557 25 13 ac-
3227 559 15 10 m

2787 578 67 20 cus?d.
2881 579 38 18 and
2942 577 108 20 addressed
3069 579 35 16 the
3122 578 56 15 court
3194 578 14 19 In
3227 584 13 21 g

2788 603 114 20 mififrnfion
2914 605 21 18 of
2944 607 98 16 sentence.
3071 600 34 21 Ho
3114 601 44 18 said
3174 602 36 19 that
3227 601 16 22 fe

2787 630 35 18 the
2832 631 91 23 prisoner
2935 637 41 12 was
2994 630 35 19 the
3044 629 45 24 post
3107 627 40 19 and
3169 628 41 19 tele-
3227 622 16 25 H

2788 656 64 25 graph
2864 656 73 19 officer,
2958 656 39 19 and
3016 656 39 18 had
3075 654 51 18 been
3145 653 21 18 in
3183 654 27 21 the
3227 649 16 25 5

2788 680 137 21 Government
2935 683 76 18 service
3020 682 54 18 since
3086 680 96 21 18Go,and
3194 687 15 14 at
3227 677 15 24 B

2788 715 37 12 one
2838 708 69 24 period
2918 706 73 21 iniftfi
3007 708 25 19 lie
3041 706 98 20 rendered
3151 706 58 24 signal
3227 701 15 26 B

2787 734 75 18 service
2892 737 20 16 to
2932 734 35 19 the
2987 736 83 21 country
3090 732 75 25 during
3182 733 27 20 the
3227 728 15 28 fcf

2789 760 64 18 Maori
2872 767 48 12 war.
2949 760 28 23 by
3001 758 94 25 carrying
3107 758 34 18 the
3169 758 32 20 tele-

2788 786 65 25 graph
2864 789 19 16 to
2895 787 34 18 the
2939 787 56 18 front
3005 786 40 18 and
3053 784 144 25 sendingimper-

2787 814 45 17 tant
2842 819 109 18 messages,
2961 812 40 19 and
3011 813 32 18 for
3052 811 41 19 this
3103 810 33 18 the
3147 809 63 21 House

2787 838 22 19 of
2828 838 178 25 Representatives
3033 835 93 21 awarded
3144 835 41 19 him
3202 845 8 11 a
3227 834 16 32 p

2788 862 90 27 gratuity
2889 866 21 18 of
2919 865 65 19 2OO.
3012 864 49 18 This
3071 868 40 13 was
3121 862 35 18 the
3175 863 35 19 first
3227 856 14 26 I

2788 891 48 19 time
2846 891 75 22 during
2932 891 31 18 bis
2973 891 48 24 long
3031 889 74 19 service
3114 887 45 19 that
3170 894 30 19 any-

2787 916 60 24 thing
2857 917 41 18 had
2908 924 47 11 ever
2974 917 51 18 been
3034 915 65 19 found
3109 920 68 18 wrong
3194 915 16 19 in
3226 909 16 23 H

2788 943 32 18 his
2831 943 135 24 department.
2976 943 43 18 The
3029 941 113 19 difficulties
3152 940 58 20 which
3226 934 17 37 ||

2787 968 32 20 led
2830 969 21 19 to
2860 968 32 20 liis
2900 969 129 24 committing
3036 967 36 20 the
3089 966 77 18 offence
3184 973 26 11 oe-
3227 961 15 23 I

2787 995 70 19 curred
2869 995 63 18 about
2942 998 37 16 two
2989 1001 59 18 years
3061 999 44 19 ago,
3117 991 58 20 when
3193 993 17 19 in
3226 988 16 23 M

2787 1027 137 18 consequence
2935 1021 21 18 of
2969 1020 95 20 domestic
3083 1018 90 19 troubles
3191 1018 19 20 ko
3227 1016 16 19 I

2788 1047 81 19 became
2879 1046 63 20 liable
2952 1048 32 17 for
2994 1054 12 11 a
3013 1052 42 13 sum
3067 1045 21 18 of
3099 1045 62 22 2OO,
3176 1046 34 18 and
3227 1040 14 23 I

2787 1079 22 12 as
2820 1073 30 18 his
2860 1073 96 19 creditors
2964 1072 86 26 pressed,
3060 1071 24 19 he
3092 1071 118 19 commenced
3227 1065 15 25 I

2787 1102 20 15 to
2827 1099 78 18 finance
2920 1099 41 18 and
2980 1098 104 19 borrowed
3105 1103 72 18 money
3194 1101 16 15 at
3227 1095 16 33 pi

2787 1130 12 14 a
2809 1125 49 25 high
2868 1129 43 14 rate
2921 1125 22 18 of
2953 1125 84 18 interest
3055 1124 35 18 tho
3099 1122 64 19 result;
3180 1123 30 19 be-
3227 1127 16 11 '

2787 1151 36 25 ing
2832 1151 45 18 tlistt
2894 1151 28 18 he
2932 1153 36 23 got
2979 1151 73 24 deeper
3062 1150 42 18 into
3115 1149 34 18 the
3160 1150 49 19 mire.
3227 1149 3 27 ;
3239 1149 2 27 [

2787 1177 42 18 The
2841 1177 96 18 creditors
2947 1176 129 26 represented
3090 1175 34 19 tho
3143 1177 67 18 matter

2788 1207 20 14 to
2818 1204 34 17 tho
2863 1203 52 19 head
2925 1203 22 18 of
2959 1204 35 17 the
3003 1203 133 24 department,
3147 1201 63 20 andho

2787 1229 91 19 received
2903 1235 12 12 a
2942 1232 129 21 peremptory
3091 1227 86 19 demand
3194 1232 15 15 to
3227 1232 14 19 r;1

2787 1255 99 25 liquidate
2897 1255 31 18 his
2937 1255 110 18 liabilities.
3076 1254 26 18 At
3117 1260 37 12 ono
3167 1253 41 20 time

2788 1282 25 17 ho
2832 1287 40 12 was
2895 1281 49 18 land
2967 1280 98 26 purchase
3087 1280 71 23 officer,
3178 1280 32 19 and
3227 1286 16 17 ft

2787 1308 57 21 largo
2854 1313 55 13 sums
2919 1308 21 18 of
2951 1313 72 18 money
3037 1306 72 25 passed
3128 1305 81 26 through

2787 1334 32 18 his
2829 1333 72 20 hatids.
2940 1333 31 25 By
2980 1333 35 19 the
3025 1335 61 16 terms
3095 1332 21 18 of
3125 1331 36 19 the
3171 1331 39 21 civil

2787 1360 76 18 service
2881 1360 35 19 tho
2938 1359 90 22 accused,
3052 1359 52 17 after
3126 1358 83 23 SOyenrs'

2787 1386 80 21 service,
2879 1386 67 19 would
2957 1385 25 19 bo
2998 1384 84 20 entitled
3099 1386 19 16 to
3137 1390 13 12 a
3168 1390 42 19 pan-
3227 1384 2 27 ;
3237 1384 2 27 :

2788 1412 15 18 si
2807 1419 24 11 on
2851 1412 21 18 of
2883 1419 47 12 over
2942 1412 56 18 IOO
3008 1418 11 12 a
3039 1415 54 20 year,
3113 1416 22 12 or
3154 1416 11 12 a
3184 1417 16 13 re-

2788 1439 62 23 tiring
2861 1437 109 20 allowance
2981 1438 20 18 of
3011 1444 37 11 one
3067 1435 87 19 month's
3173 1443 34 18 pay

2787 1464 31 18 for
2829 1464 49 18 each
2888 1470 48 18 year
2946 1464 21 18 of
2977 1463 80 23 service,
3069 1462 65 18 which
3151 1462 20 18 in
3185 1463 25 19 his
3227 1458 14 24 I

2787 1496 45 12 case
2844 1484 65 25 woitld
2930 1492 82 17 amount
3033 1492 20 16 to
3072 1488 62 18 about
3153 1489 56 19 540,
3227 1493 13 15 H

2788 1516 32 19 He
2832 1516 39 18 had
2882 1516 82 25 applied
2973 1516 32 18 for
3015 1515 40 18 this
3065 1515 40 17 and
3114 1514 52 24 fully
3185 1515 17 19 in-

2787 1542 73 19 tended
2871 1545 29 19 to.
2911 1541 74 20 refund
3003 1541 35 19 the
3056 1542 83 17 amount
3156 1540 54 20 taken

2788 1568 58 19 when
2862 1568 26 18 lie
2906 1568 92 18 received
3017 1567 41 19 this
3076 1567 79 24 nt'oiiey.
3183 1567 27 20 He

2789 1594 66 19 would
2864 1594 80 19 remind
2955 1594 39 18 His
3005 1593 70 18 Honor
3086 1593 44 18 that
3139 1592 69 26 prison,

2788 1627 21 12 or
2818 1620 134 24 hadnlready
2961 1619 87 20 suffered
3062 1626 12 11 a
3092 1623 59 21 great
3165 1619 45 20 deal.

2791 1647 64 18 When
2866 1647 44 18 first
2921 1646 89 19 arrested
3020 1646 20 17 in
3050 1646 70 24 Taupo
3131 1645 25 19 ho
3176 1653 34 11 was

2788 1673 124 24 imprisoned
2930 1673 21 18 in
2965 1679 12 12 a
2995 1671 95 25 building
3100 1671 64 19 which
3177 1672 33 20 had

2789 1699 49 18 been
2850 1699 48 18 used
2919 1705 22 12 as
2959 1705 13 12 a
2991 1697 122 25 pigst.yc.the
3130 1701 80 21 greatest

2788 1725 133 25 degradation
2933 1724 64 19 which
3009 1731 11 10 a
3031 1730 47 12 man
3098 1724 58 18 could
3173 1725 27 18 suf-

2788 1757 37 14 ror,
2837 1752 39 17 and
2887 1751 55 18 since
2957 1751 48 18 then
3024 1750 25 18 he
3068 1750 39 18 had
3128 1750 50 19 been
3195 1751 15 20 in

2788 1777 53 25 gaol.
2871 1777 33 18 He
2918 1777 41 18 also
2970 1776 104 19 reminded
3088 1775 39 19 His
3147 1776 63 21 Honor

2789 1804 45 17 that,
2843 1804 35 18 the
2888 1804 92 24 prisoner
2990 1802 38 19 had
3040 1809 12 11 a
3062 1802 46 19 wife
3118 1802 39 19 and
3166 1803 34 19 fam-

2788 1830 28 24 ily
2827 1830 116 24 dependent
2954 1835 24 12 on
2989 1828 40 19 him
3040 1828 39 18 and
3101 1828 64 19 under
3183 1830 27 18 the

2788 1856 156 19 circumstances
2954 1855 24 18 he
2990 1854 61 19 asked
3065 1854 40 18 His
3115 1854 70 19 Honor
3196 1858 16 15 to

2789 1882 64 19 admit
2862 1882 35 18 the
2907 1882 92 24 prisoner
3009 1883 20 16 to
3039 1880 107 25 probation
3155 1882 55 18 under
3221 1880 3 26 >

2789 1908 34 19 the
2823 1908 57 19 First
2891 1907 106 19 Offenders
3007 1906 112 20 Probation
3122 1908 44 18 Act.

2816 1934 39 18 His
2865 1934 73 19 Honor
2949 1933 63 19 called
3022 1933 32 18 Mr
3073 1931 135 28 Cunningham

2789 1960 34 19 tho
2842 1964 46 21 post
2915 1960 56 18 office
2989 1959 106 25 inspector,
3116 1959 43 19 who
3179 1959 32 19 had

2790 1986 58 20 mnde
2858 1987 34 17 the
2902 1985 89 26 surprise
3003 1985 109 24 inspection
3123 1988 21 16 at
3154 1986 56 18 which

2789 2013 35 18 the
2843 2012 109 24 deficiency
2975 2018 40 12 was
3034 2011 122 19 discovered.
3184 2011 26 21 Ho

2789 2036 43 21 saiid
2860 2038 35 20 the
2923 2038 83 23 regular
3028 2037 121 24 inspections
3168 2045 42 11 wen:

2790 2065 58 18 made
2860 2065 58 18 twice
2929 2071 9 11 a
2951 2070 48 18 year
3013 2067 33 15 not
3065 2064 46 17 four
3131 2064 57 19 times
3203 2072 8 11 a

2788 2096 55 19 year,
2854 2096 22 12 as
2888 2090 65 19 stated
2966 2089 25 25 by
3002 2089 31 19 Mr
3046 2089 120 24 McGregor.

2815 2117 40 18 His
2869 2121 76 15 lioiior;
2958 2115 60 20 What
3029 2115 40 18 will
3081 2115 23 19 be
3114 2116 34 18 tho
3158 2117 54 18 result

2788 2143 21 18 of
2817 2143 40 18 this
2868 2141 130 20 conviction?
3008 2141 51 19 Will
3069 2141 25 18 he
3104 2142 68 19 forfeit
3186 2143 27 18 his

2789 2169 84 25 pension
2885 2174 21 13 or
2916 2168 87 24 retiring
3013 2167 124 18 allowance?

2817 2195 33 19 Mr
2860 2194 151 24 Cunningham:
3023 2193 47 22 Yes,
3081 2199 51 19 your
3149 2193 62 20 Honor

2789 2221 26 19 lie
2826 2221 41 18 will
2876 2221 71 18 forfeit
2958 2220 61 18 these.
3048 2219 33 18 Ho
3093 2220 66 19 would
3169 2220 42 19 have

2791 2248 51 18 been
2856 2246 86 20 entitled
2952 2249 20 16 to
2983 2246 56 19 5-12
3050 2246 85 25 retiring
3151 2246 50 19 allow-

2791 2280 48 12 ance
2850 2279 22 13 as
2882 2272 150 25 compensation
3042 2272 32 17 for
3083 2272 42 18 loss-
3135 2272 20 19 of
3159 2272 51 21 office.

2818 2300 38 18 His
2868 2299 78 18 Honor:
2959 2298 57 19 Then
3029 2298 34 18 thy
3085 2297 125 21 Government

2789 2326 41 19 will
2841 2326 40 18 lose
2893 2325 41 18 this
2944 2324 55 20 440

2817 2352 31 18 Mr
2853 2351 150 24 Cunningham:
3010 2350 30 19 Oh
3045 2357 31 16 no,
3081 2350 58 19 Your
3146 2351 64 19 IToi:or.

2789 2379 43 18 The
2851 2378 137 19 Government
3011 2376 40 18 will
3074 2376 59 20 make
3159 2378 51 18 about

2791 2405 54 19 ;j()0
2881 2404 43 18 The
2936 2403 135 18 Government
3081 2409 33 12 are
3133 2409 66 19 guaran-

2791 2430 45 19 teed
2848 2430 27 25 by
2895 2430 35 18 tho
2949 2429 47 19 civil
3017 2429 74 19 service
3110 2432 100 23 guaranteo

2791 2457 55 22 fund,
2857 2456 41 19 and
2905 2456 35 19 the
2947 2455 82 19 accused
3043 2462 40 12 was
3093 2456 116 25 guaranteed

2791 2484 30 18 for
2832 2483 61 19 i'Boo.
2924 2481 56 25 They
2999 2481 40 19 will
3059 2481 41 19 also
3119 2489 46 12 save
3184 2482 25 20 tho

2790 2509 86 23 retiring
2886 2508 109 19 allowance
3007 2514 21 12 or
3039 2508 88 24 pension.

2815 2536 25 18 In
2857 2535 58 24 reply
2932 2538 20 14 to
2969 2534 79 18 further
3059 2535 107 23 questions,
3186 2534 24 19 Mr

2790 2561 143 24 Cunningham
2958 2559 43 19 said
3020 2559 45 19 that
3084 2561 33 17 the
3137 2560 73 20 accused

2789 2588 40 18 had
2839 2587 51 19 been
2902 2594 11 11 a
2923 2586 69 19 rather
3002 2586 135 19 troublesome
3155 2587 55 19 officer

2790 2614 36 19 but
2846 2613 42 19 this
2911 2620 41 11 was
2971 2612 34 18 the
3023 2612 43 18 first
3085 2613 90 19 occasion
3191 2620 19 12 on

2790 2640 65 18 which
2885 2640 57 18 there
2972 2638 40 18 had
3041 2638 51 18 been
3119 2640 91 24 anything

2789 2667 64 17 found
2864 2672 70 17 wrong
2945 2665 47 18 with
3002 2664 32 18 his
3045 2668 98 15 accounts.

2816 2692 33 18 Mr
2859 2691 54 24 Tole,
2927 2691 71 19 Crown
3017 2690 93 24 solicitor,
3131 2691 79 20 referred

2789 2721 21 16 to
2829 2719 34 17 the
2884 2720 119 16 statements
3022 2717 64 18 which
3107 2717 41 19 had
3165 2718 42 18 been

2789 2745 59 18 made
2858 2743 112 26 regal-ding
2980 2743 34 18 the
3024 2742 59 26 filthy
3092 2745 52 17 state
3155 2745 20 18 of
3184 2744 25 19 tho

2789 2771 71 25 Taupo
2865 2770 89 25 lock-up,
2964 2769 44 19 said
3017 2772 21 15 to
3048 2769 51 19 have
3109 2770 50 19 been
3170 2770 39 19 used

2789 2804 22 11 as
2828 2802 11 13 a
2849 2800 76 22 pigsty,
2937 2796 38 19 and
2987 2795 60 19 asked
3058 2795 44 20 that
3112 2796 98 19 Constable

2789 2823 113 24 Berfyman
2912 2822 73 19 should
2998 2822 24 17 be
3032 2821 72 23 called,
3122 2825 20 16 to
3161 2823 49 18 make

2789 2856 12 12 a
2811 2851 110 17 statement
2931 2855 21 12 as
2963 2851 19 15 to
2992 2848 40 18 this
3042 2851 79 16 matter.

2817 2872 39 21 His
2869 2874 69 19 Honor
2949 2874 58 19 could
3016 2877 36 15 not
3062 2880 31 13 see
3110 2874 53 19 what
3177 2875 31 18 tin's

2789 2901 42 19 had
2839 2905 24 15 to-
2871 2902 26 18 do
2908 2901 47 18 with
2966 2900 35 19 the
3002 2900 1 23 1
3010 2907 50 16 case,
3072 2900 37 19 but
3121 2900 31 19 Mr
3170 2900 38 19 Toio

2788 2928 84 23 pointed
2883 2932 35 13 out.
2937 2928 34 17 the
2991 2926 122 24 importance
3133 2927 21 18 of
3172 2934 28 11 con-

2789 2954 111 24 tradicting
2909 2954 35 17 tho
2954 2959 57 19 gross
3020 2955 119 16 statements
3155 2953 53 18 which

2789 2979 102 20 had-been
2900 2977 114 24 circulated!,
3036 2978 39 19 and
3094 2978 65 19 added
3175 2980 35 17 that

2789 3006 40 17 His
2839 3005 73 19 Honor
2927 3005 58 18 could
3005 3004 41 19 also
3064 3004 37 19 ask
3122 3005 33 18 tho
3173 3011 27 12 con-

2789 3032 66 18 stable
2864 3038 21 12 as
2895 3034 21 16 to
2927 3032 35 18 the
2972 3031 67 18 habits
3060 3030 39 20 and
3118 3031 92 19 character

2789 3058 21 18 of
2819 3057 35 19 tho
2868 3057 91 20 accused.
2987 3056 40 20 His
3036 3056 73 20 Honor
3117 3056 49 21 then
3175 3063 34 13 con'

2789 3084 71 18 sented
2871 3088 19 14 to
2903 3084 48 21 hear,
2961 3083 34 19 the
3006 3083 109 19 constable.

2816 3107 40 21 His
2872 3110 72 19 Honor
2960 3109 107 24 explained
3083 3111 20 17 to
3123 3109 33 19 the
3175 3109 27 19 wit-

2788 3142 46 12 ness
2849 3136 44 19 that
2909 3136 24 19 he
2950 3143 40 11 was
3008 3135 64 19 called
3089 3135 21 19 i-O!
3119 3137 91 17 reference

2789 3163 20 17 to
2820 3161 35 19 the
2864 3164 120 16 statements
2995 3162 57 18 made
3062 3161 111 26 regarding
3183 3161 26 19 the

2788 3187 58 24 filthy
2857 3191 52 16 state
2929 3188 20 18 of
2959 3188 34 18 the
3022 3187 71 25 lockup
3112 3188 21 18 in
3152 3187 56 19 which

2789 3214 35 18 the
2834 3214 92 24 prisoner
2937 3220 40 12 was
2987 3213 96 19 confined.

2816 3239 110 19 Constable
2937 3239 117 25 Berryman,
3064 3240 109 18 somewhat
3185 3246 17 12 ex-

2789 3265 85 26 citedly,-
2885 3266 50 18 said:
2994 3266 16 18 is
3021 3272 11 12 a
3043 3265 31 23 lie,
3087 3272 52 18 your
3149 3265 61 20 Honor

2789 3298 12 12 a
2811 3291 26 19 lie
2848 3293 21 17 of
2879 3293 35 18 the
2925 3293 81 23 deepest
3016 3292 44 24 dye.
3081 3292 40 18 and
3140 3293 49 17 after
3203 3291 7 18 1

2789 3317 61 20 make
2872 3324 25 13 an
2909 3318 130 25 explanation
3068 3317 58 19 Your
3151 3318 59 18 Honor

2791 3344 38 18 will
2851 3344 126 19 understand
3066 3344 43 18 The
3140 3345 70 18 witness

2789 3370 47 19 then
2849 3371 110 21 proceeded
2972 3374 19 13 to
3001 3370 81 24 explain
3100 3370 44 19 that
3165 3370 45 19 when

2789 3396 35 19 the
2834 3396 75 19 Armed
2917 3396 148 24 Constabulary
3069 3396 75 19 werein
3151 3396 59 24 Taupo

2789 3428 12 12 a
2815 3422 41 19 lino
2871 3422 21 19 of
2907 3422 57 25 lock'
2964 3422 35 25 Ups
3019 3429 40 10 was
3079 3422 85 23 erected,
3185 3422 25 18 but

2789 3448 59 18 when
2859 3448 34 19 the
2910 3448 74 19 Armed
3001 3447 147 26 Constabulary
3170 3454 40 11 were

2788 3475 96 18 removed
2895 3474 47 19 onlv
2951 3481 42 11 one.
3006 3474 34 17 the
3050 3477 67 14 centre
3127 3481 41 15 one,
3179 3479 30 12 was

2790 3500 91 23 finished,
2897 3501 40 17 and
2948 3500 33 19 tho
2996 3500 67 19 others
3079 3506 51 12 were
3147 3500 34 19 left
3196 3500 13 18 in

2789 3531 26 13 an
2830 3526 116 19 unfinished
2963 3529 58 15 state.
3048 3525 42 20 The
3110 3524 98 27 completed

2789 3558 43 17 one,
2846 3552 65 19 whioh
2923 3559 40 12 was
2974 3552 33 18 tho
3016 3552 46 23 only
3073 3558 38 12 one
3123 3559 43 11 p-i<;
3177 3558 17 12 as
3201 3557 8 11 n

2789 3577 90 25 luck-up,
2892 3585 40 11 was
2944 3585 20 11 as
2977 3578 55 18 clean
3049 3585 22 11 as
3087 3578 15 18 it
3116 3578 56 19 could
3186 3578 22 17 be.

2789 3603 39 19 and
2839 3604 16 18 it
2866 3610 41 12 was
2923 3605 55 24 quite
2997 3607 73 15 untrue
3086 3603 46 19 that
3148 3605 15 17 it
3179 3609 30 13 was

2789 3629 35 18 inf-.
2833 3630 44 18 sted
2890 3631 48 17 with
2945 3631 83 17 vermin.
3056 3630 42 18 The
3106 3628 102 20 unfinished

2788 3655 106 26 buildings
2916 3662 57 13 were,
2994 3656 21 18 of
3034 3662 75 16 course,
3130 3662 49 19 open
3194 3657 14 16 to

2787 3681 47 24 pigs
2845 3688 22 12 or
2875 3682 60 18 cattle
2952 3685 20 15 to
2987 3685 61 19 enter,
3067 3689 22 11 as
3106 3682 46 24 they
3168 3686 40 14 woi'o
3219 3678 22 31 ||

2789 3708 137 24 unprotected.
2954 3708 43 18 Tho
3007 3711 108 15 statement
3126 3709 55 17 made
3190 3707 18 23 by
3219 3703 33 30 ggfej

2788 3733 34 18 the
2841 3734 92 25 prisoner
2951 3741 46 15 was,
3015 3734 24 18 he
3063 3734 27 18 sni
3100 3735 12 20 1,
3134 3740 10 12 a
3163 3738 44 21 gross
3219 3729 33 28 Bjj

2788 3759 128 24 fabrication,
2927 3759 59 20 made
2995 3760 32 18 for
3045 3758 34 20 ilio
3096 3766 84 19 purpose
3194 3758 14 19 of
3219 3755 33 22 UK

2788 3785 93 25 injuring
2892 3785 47 20 him.
3251 3785 1 25 f

2815 3811 24 18 In
2850 3812 57 24 reply
2918 3815 20 16 to
2948 3812 102 25 questions
3063 3812 107 25 suggested
3188 3810 20 24 by
3218 3807 34 22 Hi

2788 3837 34 18 tho
2838 3837 72 20 Crown
2926 3838 124 22 Prosecutor,
3068 3838 34 19 the
3117 3836 90 21 constablo
3218 3838 34 18 BBS!

2787 3863 43 18 said
2848 3863 45 18 that
2913 3864 25 18 ho
2955 3864 40 18 had
3011 3864 50 18 been
3077 3864 98 19 stationed
3193 3866 15 15 at
3217 3858 35 23 HE

2787 3889 70 25 Taupo
2866 3889 96 25 JA'jyoars,
2974 3890 39 18 and
3024 3890 73 23 during
3111 3890 43 19 that
3171 3889 35 19 time
3218 3884 34 31 [Bj

2787 3915 26 18 he
2823 3915 39 19 had
2875 3916 74 18 known
2958 3916 35 19 the
3003 3916 90 24 prisoner
3108 3914 99 22 intimately
3217 3911 35 22 HH

2788 3940 40 19 and
2839 3941 25 19 he
2875 3942 41 18 had
2926 3942 50 18 been
2990 3942 96 24 drinking
3097 3942 78 25 heavily
3217 3936 35 34 |B

2787 3966 34 18 tho
2832 3969 54 17 tune.

2813 3992 33 19 Mr
2858 3993 122 24 McGregor:
2996 3993 39 19 Rid
3046 3997 34 15 not
3088 3994 34 19 tho
3129 3994 77 25 prisoner
3217 3991 35 27 figl

2787 4024 55 13 some
2851 4019 49 19 time
2918 4019 68 20 before
3002 4026 51 17 your
3068 4026 64 13 arrest
3150 4020 55 24 report
3217 4015 35 21 H&

2787 4050 39 19 yen
2836 4045 32 19 ic-:
2885 4045 123 20 misconduct
3025 4048 20 16 to
3061 4051 51 20 your

2787 4070 66 19 officer
2860 4071 9 18 ?

2813 4096 104 20 Witness:
2932 4097 41 19 Not
2984 4101 18 15 to
3013 4105 33 17 my
3054 4098 122 23 knowledge.
3198 4094 7 19 I
3217 4090 19 27 B

2787 4127 32 13 am
2829 4125 36 16 not
2872 4129 66 13 aware
2955 4124 20 18 of
2991 4128 22 17 it,
3032 4125 37 17 and
3088 4125 39 18 bad
3146 4125 22 18 he
3184 4126 23 15 re-'
3215 4118 37 23 HB

2786 4149 71 20 ported
2870 4156 31 12 inn
2920 4152 20 16 to
2956 4156 33 12 mv
3007 4151 91 18 superior
3114 4151 62 18 officer
3191 4153 15 12 '"
3246 4155 6 13 O

1194 57 60 27 ffiS
1282 58 58 26 ficiT
1367 58 93 26 lalces
1489 60 172 29 chronicle,
1690 59 190 31 weMEsday,
1910 62 103 25 liAitcii
2043 65 29 25 is,
2091 65 49 21 issre

57 235 96 39 UNION
165 233 137 18 STEAMSHIP
319 232 116 18 COMPAQ
454 230 29 17 OF

135 256 56 17 NEW
203 255 115 17 ZEALAND
327 254 81 17 Limited.

115 291 121 17 fKOPOiED
248 291 83 15 DEPAK
337 292 6 13 I
349 291 10 15 L
360 289 3 19 7
365 289 51 16 KES.

187 323 45 16 hOll
245 321 99 17 SYDNEY.

49 651 161 23 TTtTDDART,
235 651 112 19 PARKER,
368 649 55 18 AND
444 647 26 18 CO-

211 673 107 25 (limited),

72 721 95 24 Splendid,
177 719 162 24 Well-'appdinted
345 716 93 22 Stcairiors
443 717 40 17 will

48 747 23 15 lie
80 744 113 24 despatched
201 746 49 16 from
259 746 119 16 Auckeaxu,
388 747 20 12 as
423 740 60 18 under

48 769 90 24 (weather
153 767 38 19 and
210 768 53 17 other
280 767 143 17 circumstances
439 769 33 17 per-

50 792 84 21 mitting)
141 797 8 12 :

47 814 183 20 EouGISBORNE,
237 812 104 21 NAPIER,
349 810 117 18 WELLING-

69 839 57 20 TON,
138 836 156 19 LY'iTELTON,
328 834 130 19 DUNEDIN,

48 863 106 17 Tasmania
201 861 102 18 Tuesday,
312 858 48 18 Mar.
368 859 28 18 24,
406 858 20 16 1:2
432 862 51 12 noon

49 886 99 19 ANGLIAN,
160 885 101 18 Tuesday,
274 882 54 23 April
342 883 16 18 7,
370 882 21 16 12
401 886 58 12 noon,

174 930 51 18 POP
240 928 111 20 SYDNEY,

94 954 114 24 (Returning
220 955 19 15 to
248 952 100 18 Auckland
356 949 79 24 Direct.)

48 978 93 23 Carrying
161 978 112 21 Passengers
294 978 30 14 tor
346 974 134 20 Melbourne,

59 1001 54 18 other
118 1001 130 17 AUSTKAHAN
255 999 72 19 Pouts,
334 997 38 17 and
377 997 91 19 Hobakt,

49 1030 102 17 Anglian.
160 1028 104 19 .Monday,
274 1027 49 16 Mar.
330 1027 28 16 2:;.
370 1025 9 17 7
388 1030 46 16 p.m.

48 1054 106 16 Tasmania
202 1051 102 18 Tuesday,
317 1048 54 23 April
384 1049 16 19 7,
410 1049 11 15 4
435 1053 45 16 p.m.

71 1080 31 16 All
111 1077 73 19 Tickets
191 1084 31 11 art;
231 1077 92 18 available
331 1077 40 16 also
386 1076 29 16 for
424 1075 45 22 Stop-

48 1108 44 12 over
101 1108 20 12 or
129 1102 72 18 Return
214 1101 26 22 by
252 1100 54 17 ANY
323 1099 85 18 UNION
422 1098 59 17 CO.'S

48 1124 139 22 STEAMERS,
198 1125 38 17 and
241 1123 77 18 holders
325 1121 96 19 ofU.S.S.
439 1121 42 17 Co's

49 1149 74 17 Tickets
142 1154 44 12 may
203 1147 59 17 travel
278 1146 26 23 by
325 1145 119 18 ANGLIAN
461 1150 21 11 or

48 1172 138 18 TASMANIA.

145 1201 23 17 L-
181 1201 24 16 D.
214 1199 108 17 NATHAN
335 1199 15 16 &
364 1197 45 18 CO..

377 1222 79 21 Agents.

67 1268 148 18 vTOiraiEUN
243 1267 146 17 STEAMSHIP
417 1265 48 17 COM-

50 1283 34 29 i>
156 1291 77 20 PANY,
250 1290 118 17 LIMITED.

181 1337 47 17 TIM
231 1334 23 20 E-
259 1336 73 18 TABLE-

50 1369 78 18 SVeother
136 1366 33 19 and
177 1369 49 16 other
231 1368 132 15 circumstances
368 1366 100 21 permitting-

60 1540 400 33 VJUXJiiirl^cTt^W^/MiW^?

161 1640 207 35 jnTTnt?.

50 1738 194 33 FRANKTQN
269 1734 208 35 JUNCTION

212 1771 113 32 HOTEL.

309 1829 53 19 train
379 1830 20 18 to
414 1827 58 21 Audi

50 1905 156 28 TRAINS
215 1906 70 31 stop
291 1905 43 26 20
341 1904 143 26 minutes

60 1944 22 15 at
89 1940 34 19 the
130 1939 104 19 Erankton
242 1938 98 19 Junction
349 1938 32 19 for
389 1937 77 20 dinner.

73 1966 43 19 Tin;
139 1964 135 25 undersigned
303 1964 37 19 has
372 1964 110 19 first-class

47 1992 66 19 Meals
125 1991 62 25 read}'
196 1990 40 20 and
246 1990 71 20 served
327 1997 26 12 on
368 1990 74 20 arrival
461 1990 21 19 of

47 2019 26 18 all
86 2018 69 19 trains.

104 2101 318 23 PROPRIETOR.

49 2153 147 24 Hancock's
205 2152 97 23 XXXX
308 2152 64 23 Ales
381 2152 100 28 always

178 2186 32 16 on
222 2178 126 29 Draught.

171 2582 185 23 CELEBRATED

226 2634 87 35 XXXX

158 2695 211 51 ALES,

178 2762 57 12 made
244 2762 54 12 ei'.om
309 2761 41 14 the

52 2796 115 32 FINEST
193 2796 88 31 MALT
302 2795 64 31 AND
384 2794 96 37 HOPS,

88 2888 51 13 FREE
219 2886 39 14 ALL
271 2886 129 14 ANTISEPTICS
414 2886 25 13 Oil

153 2914 139 12 DELETERIOUS
312 2911 65 15 AClTrs.

52 2976 137 32 CAPTAIN
212 2976 82 31 COOK
313 2975 167 37 BREWERY,

153 3020 194 20 NEWMARKET.

75 3090 87 21 (Under
170 3089 129 23 Vice-regal
313 3089 146 22 Patronage.)

51 3121 36 16 m
101 3122 16 17 O
142 3122 14 17 T
174 3121 15 17 O
207 3121 17 17 IT
241 3121 18 17 It
276 3121 9 17 I
306 3121 12 17 S
335 3121 15 16 T
370 3120 17 20 S,
413 3120 15 18 E
441 3125 11 12 t
465 3120 3 20 <

64 3138 9 25 1
106 3149 113 14 BEAUTIFUT,
228 3148 100 14 PEESENTS
341 3148 36 13 FOH
388 3147 62 14 HOME.

73 3168 50 23 Very
139 3167 109 19 Handsome
263 3167 62 17 Inlaid
345 3167 72 20 Tables;
433 3166 35 18 Cat

49 3192 55 19 inets,
118 3191 59 17 Jewel
189 3191 62 20 Cases,
266 3191 42 17 etc..
325 3191 25 17 fill
363 3190 54 18 made
435 3191 33 16 froi

52 3212 3 21 I
60 3215 23 17 he
92 3214 54 18 finest
152 3214 19 17 of
176 3214 46 17 New
230 3213 98 18 Zealand's
335 3213 67 20 E.orost
408 3212 58 19 Wood

52 3238 110 17 Patronised
170 3236 24 23 by
203 3237 37 17 His
248 3237 114 21 Excellency
372 3236 32 18 the
412 3236 55 18 Earl<

51 3260 93 23 Glasgow,
156 3260 20 20 K.
176 3260 32 20 0.,
224 3260 82 20 8.M.G.,
325 3260 38 16 and
377 3259 63 22 nearly
457 3266 11 10 u

52 3284 31 17 the
91 3283 86 23 nobility,
187 3283 71 17 British
268 3283 36 17 and
310 3283 81 18 Foreign
400 3282 66 18 Officer

52 3307 36 18 and
97 3309 68 20 gentry
174 3307 42 16 who
230 3306 48 18 have
292 3306 68 17 visited
374 3306 47 17 New
436 3306 33 16 Zen

51 3330 49 17 land.

81 3353 28 17 W.
123 3352 104 22 NORRIE,
237 3353 41 22 Top
286 3353 20 17 of
315 3351 138 19 Sbortland-st.

55 3418 228 47 Blocker's
334 3417 148 54 Dutch

187 3483 160 46 Coeoa.

54 3583 135 32 Highest
198 3583 126 25 awards
338 3583 32 24 at
384 3588 101 26 every

173 3623 195 27 Exhibition.

87 3673 64 26 The
163 3674 98 25 latest
272 3673 29 26 is
313 3673 54 26 the
388 3673 96 26 Cross

56 3706 33 25 of
95 3707 108 24 Honor
218 3708 33 24 at
266 3706 54 26 the
341 3706 124 26 Amster-

55 3739 73 26 dam
137 3738 186 27 Exhibition
330 3739 92 30 1895,
431 3739 53 24 the

52 3772 128 31 highest
187 3772 138 32 possible
335 3772 116 24 award.

191 3834 19 19 N
221 3834 15 19 0
248 3834 36 23 T.I
295 3834 48 20 OE.

76 3888 10 13 A
108 3885 34 21 LL
155 3884 123 21 PERSONS
289 3887 80 23 netting:
381 3892 21 13 or
418 3892 55 19 spear-

135 3912 33 25 ing
189 3915 61 19 trout,
267 3911 39 19 in.d
325 3911 27 19 all
369 3911 114 20 unlicensed

56 3946 64 19 ]!(!>(.:
131 3946 8 10 -'
149 3937 74 25 fishing
233 3937 33 19 for
275 3940 53 15 trout
341 3938 48 18 with
400 3937 33 19 rod
446 3938 37 18 and

55 3966 43 19 line*
107 3971 35 13 aro
151 3963 69 26 guilty
227 3963 21 19 of
265 3969 11 12 a
292 3962 73 20 breach
384 3964 21 18 of

55 3991 102 20 Fisheries
179 3988 145 21 Conservation
347 3989 44 23 Act,

57 4018 39 18 and
106 4017 35 19 the
151 4015 126 26 regulations
291 4014 58 19 made
358 4014 126 19 thereunder.

56 4043 36 20 All
100 4049 82 19 persons
193 4041 45 20 who
248 4047 46 17 may
305 4040 48 24 buy,
363 4040 42 21 -ell,
415 4047 68 17 expose

58 4076 22 13 or
89 4069 51 19 offer
149 4068 31 19 for
197 4067 42 20 sale
259 4071 39 19 any
320 4067 54 17 trcut
394 4071 32 12 nro
445 4066 38 19 alsc

59 4096 65 24 guilty
134 4094 20 20 of
171 4101 12 12 a
199 4091 75 22 breach
291 4091 21 20 of
327 4091 35 19 the
380 4090 42 20 said
443 4091 40 19 Act.

59 4120 104 21 Offenders
172 4126 34 13 nre
219 4117 62 21 liable
298 4120 20 16 to
339 4123 12 13 a
372 4116 80 26 penalty
468 4118 15 18 oi

57 4147 42 21 SO
112 4146 54 25 (fifty
174 4144 99 27 pounds).

747 186 22 11 or
784 181 38 16 two
838 176 63 24 pupils
910 177 27 17 foi

544 207 8 16 f
594 203 204 21 pianoforteTerms
807 203 30 17 etc
844 207 24 11 on
877 200 48 22 appH-

546 233 24 11 on
579 228 20 16 to
609 227 34 16 Mk
655 227 67 18 Citoss,
734 227 20 16 at
763 227 33 16 tlio
804 225 46 18 Post
859 222 33 18 0"'

508 344 153 26 IMPORTER
675 344 61 24 AND
750 341 186 27 COMMISSION

664 370 110 35 AGENT?

522 421 12 16 .4
562 420 86 17 LAEGE
657 419 37 18 and
704 417 136 19 well-assorted
849 417 54 18 stock
920 417 19 17 of

506 474 122 23 Crockery,
655 474 135 21 Glassware,

563 497 173 23 Ironmongery,
747 496 105 22 Drapery
860 492 21 21 &<

661 518 135 20 Household
805 518 132 19 Furniture.

533 546 2 24 '
540 549 76 21 Always
625 554 24 11 on
657 548 53 17 hand
718 548 20 16 at
746 547 75 17 Lowest
834 546 68 17 Prices.

504 580 58 18 Also
583 579 83 18 Totara
694 579 69 17 Posts
788 577 46 19 and
858 577 80 18 House

516 602 86 19 Blocks
610 602 26 19 at
643 602 101 18 reduced
751 602 64 17 rates
824 601 25 17 to
858 600 68 19 clean

610 650 78 20 BAND
703 650 34 19 OF
748 650 84 19 HOPE.

507 697 187 46 ACOX'C-ERT
710 700 21 18 in
749 699 118 19 connection
888 697 50 20 with

577 727 34 19 tlie
623 726 64 19 above
698 725 40 19 will
749 725 48 19 talce
807 725 56 24 place
874 725 22 18 in
904 725 35 18 the

506 753 127 18 Schoolroom
645 759 23 11 on
677 752 74 24 Friday
769 754 54 20 next,
837 751 34 19 the
890 750 48 19 20th

506 779 45 23 inst,
563 781 21 16 at
595 780 43 18 7.30
653 785 48 18 p.m.

508 831 239 23 T*TANTED.Good,
756 833 65 21 sound,
831 833 50 23 light
887 832 50 19 Tim-

521 859 28 16 TV
582 857 32 17 her
624 857 200 23 'Waggon,--Address
830 858 21 16 at
856 857 70 18 Cintox-

506 885 43 12 iclk
558 879 63 18 Office.

959 4240 99 38 Ask
1087 4241 72 38 for
1187 4241 268 39 Hancock's
1484 4242 279 39 Celebrated
1789 4241 194 37 XXXX
2008 4240 112 40 Ales
2147 4245 94 36 and
2269 4243 148 39 Stout.
