2450 3820
1271 2193 136 36 Oxford
1430 2193 68 36 and
1521 2193 91 36 Cust
1635 2193 205 36 Obserber.

1352 2274 73 24 PUBLISHEE
1425 2274 288 24 WEEKLY

1298 2366 165 24 SATURDAY.
1489 2369 127 24 December
1632 2371 57 24 12th,
1698 2373 61 19 1891.

1271 2502 47 23 TO
1323 2499 210 31 BORROWER
1533 2500 21 30 S
1554 2500 44 30 OF
1620 2502 69 28 THE

1271 2566 3 2 FO
1286 2535 44 32 RD
1330 2535 45 32 AN
1387 2540 23 25 D
1410 2540 47 25 CU
1469 2538 43 29 ST
1512 2538 43 29 OB
1561 2557 3 5 SE

1302 2620 77 29 Come,
1393 2629 58 20 now,
1463 2622 21 24 is
1494 2622 21 24 it
1525 2625 44 22 not
1581 2631 15 17 a
1608 2623 34 25 bit
1663 2632 73 17 mean
1744 2641 4 4 •
1759 2634 33 17 on

1267 2667 61 22 your
1338 2661 55 29 part
1404 2662 25 22 to
1446 2661 58 24 read
1528 2662 49 24 this
1598 2670 74 24 paper
1694 2672 32 17 on
1748 2665 44 24 the

1268 2696 165 31 cbeap-m-the
1445 2705 101 17 manner
1551 2699 125 25 -in-which
1687 2702 103 29 you-do?

1267 2733 64 24 The-
1340 2733 180 36 OXFQBDT,jUpr
1530 2735 218 28 CuST..rOBSEEVEB
1768 2747 22 17 18
1796 2733 3 28 !

1267 2773 56 30 only
1335 2780 15 16 a
1361 2772 70 25 small
1442 2774 130 30 paper-but
1583 2775 20 24 it
1614 2777 65 24 costs
1691 2784 14 17 a
1727 2778 71 30 good:

1254 2834 2 2 .
1266 2808 54 24 deal
1332 2805 152 34 fa'prod'uceV
1513 2810 39 32 By
1562 2812 41 25 the
1618 2809 125 30 time-that
1753 2807 44 35 we!

1266 2846 99 30 proyide
1376 2846 36 25 for
1514 2873 7 13 ;
1520 2851 30 21 nt
1564 2844 40 29 ..of
1617 2841 91 40 wages,'
1726 2853 70 28 rent,:

1267 2891 81 23 paper,
1371 2881 45 37 m^
1416 2901 18 18 r
1438 2876 62 38 iue,i,
1654 2895 65 17 wear
1741 2889 52 25 and:

1268 2924 52 22 tear
1331 2923 27 29 of
1367 2924 54 30 type
1432 2924 46 25 and
1490 2924 156 39 machinery,-
1662 2919 132 34 insurance!

1268 2954 97 36 freight,
1399 2961 147 38 telegj-ams^
1580 2965 199 29 correspondents
1783 2961 10 26 'i

1510 3025 3 5 :
1516 2996 204 39 for;/^e'''editdr
1727 2991 13 18 ;1
1741 3004 51 28 g,nd

1266 3036 37 22 his
1313 3036 91 31 famiiy,
1412 3056 3 8 (
1417 3036 42 25 the
1471 3039 89 24 annual
1566 3040 66 23 .total
1649 3040 21 23 is
1689 3048 15 17 a
1727 3043 64 29 good

1267 3075 75 23 round
1355 3083 64 15 sum;
1453 3076 57 25 You
1520 3084 40 16 are
1572 3079 43 23 not
1625 3086 85 23 atpoor
1720 3088 68 21 man,

1266 3111 48 24 and
1325 3112 19 23 it
1355 3111 21 24 is
1385 3112 58 30 only
1454 3120 15 17 a
1480 3113 34 25 bit
1524 3113 28 24 of
1559 3115 187 30 penurlousness
1757 3126 32 16 on

1266 3156 59 21 your
1335 3151 54 29 part
1397 3145 186 42 'th'aVprevenJs;
1590 3159 46 22 you
1647 3153 63 28 from
1716 3157 3 6 '
1732 3153 56 29 £üb-i

1256 3203 2 11 :
1266 3186 119 42 scribiiig.^
1394 3189 39 34 tp__
1437 3190 65 29 .youjp
1506 3217 4 4 .
1515 3187 71 38 Jpo^l
1595 3213 10 6 ,.
1609 3211 4 2 -
1618 3184 82 43 pap^.'
1704 3213 2 5 ,
1722 3194 4 3 '
1732 3185 56 33 Per-i

1264 3224 63 30 haps
1338 3232 47 23 you
1397 3233 40 16 are
1449 3226 84 27 one,of
1535 3227 77 28 .those
1618 3244 5 7 r
1627 3229 86 31 people
1719 3230 70 26 -who

1266 3261 133 41 say^Oh!
1417 3262 119 31 itra-only
1550 3270 24 21 .a
1595 3267 70 30 rag.';
1699 3266 89 32 People

1300 3307 60 22 your
1380 3292 193 40 sori,,;g'enei>ljy
1648 3297 142 38 say'somei

1266 3336 70 31 thing
1346 3336 25 24 of
1382 3336 41 25 the
1436 3337 66 24 kind.
1536 3338 51 25 But
1599 3339 20 24 if
1628 3340 20 24 it
1658 3340 22 24 is
1729 3344 58 29 only

1264 3382 13 14 a
1294 3380 45 23 rag
1381 3373 63 24 what
1456 3381 40 20 on.
1499 3375 68 26 earth.
1578 3373 208 37 do..you._borro4

1265 3410 18 24 it
1291 3410 61 26 for?-
1371 3426 7 15 r
1378 3410 60 32 ,Yo^u
1449 3418 51 19 are-,
1508 3411 86 32 taMng
1603 3422 31 14 -a-
1651 3422 72 17 mean
1746 3418 41 23 ad-

1264 3448 101 28 vantage
1377 3446 26 24 of
1410 3454 44 17 our
1464 3448 82 30 outlay
1566 3448 163 29 andHabbur.
1764 3453 25 25 If

1265 3483 131 29 somebody
1405 3483 68 24 tried
1479 3485 26 23 to
1510 3484 101 27 jborrbw
1634 3488 32 25 all
1687 3489 41 26 the
1750 3498 36 17 re-
1835 3488 14 18 '■

1264 3520 49 24 suit
1317 3519 33 24 -of
1358 3527 61 23 your
1429 3520 83 25 labour
1523 3523 57 25 and^
1590 3526 130 30 enterprise
1738 3534 48 24 you

1264 3559 77 24 would
1361 3566 59 16 soon
1442 3556 56 28 kidk:
1510 3570 5 19 ;
1748 3574 40 17 see

1263 3596 55 23 that
1329 3596 55 24 that
1395 3596 20 23 is
1426 3596 49 30 just
1484 3596 64 26 what
1559 3606 46 23 you
1617 3608 40 17 are
1668 3601 75 26 doin^
1762 3605 25 22 to

1264 3640 28 15 us
1302 3633 11 23 ?
1331 3632 20 24 if
1359 3640 48 23 you
1418 3632 120 27 borrowed
1546 3643 60 22 your
1628 3636 71 26 bread
1723 3639 63 26 from

1264 3678 60 22 your
1335 3669 79 29 baker,
1427 3678 27 15 or
1476 3679 61 22 your
1556 3674 65 23 meat
1642 3673 62 25 from
1726 3684 62 23 your

1263 3707 110 29 butcher,
1396 3708 41 25 the
1464 3710 163 28 probabilities
1659 3720 40 17 are
1732 3714 56 26 that

1262 3744 58 32 they
1340 3744 77 26 would
1429 3744 63 27 kick.
1525 3746 110 32 Possibly
1645 3756 47 22 you
1714 3751 73 26 tbink

1882 182 49 22 you
1941 183 40 16 are
1992 185 13 14 a
2017 179 183 32 religious^man
2212 180 49 24 and
2283 181 53 24 that
2358 188 48 24 you

1883 211 31 24 do
1926 213 59 24 unto
1996 213 83 26 others
2089 222 28 17 as
2127 223 48 23 you
2193 216 31 24 do
2246 221 60 20 unto
2324 226 38 20 us,
2385 218 22 23 it

1881 253 76 21 won't
1969 251 27 24 be
2007 260 61 22 your
2078 255 138 31 generosity
2227 256 54 23 that
2305 264 96 16 secures

1882 297 46 21 you
1939 298 13 14 a.
1965 290 58 30 harp
2032 292 48 23 and
2092 292 87 30 golden
2202 301 87 17 crown.

1915 326 65 25 Turn
1992 336 54 16 over
2056 336 15 17 a
2082 336 53 18 new
2146 329 56 29 leaf,
2216 332 26 23 be
2253 341 13 14 a
2278 333 47 22 fair
2335 341 67 20 man,

1882 364 66 23 show
1960 373 14 15 a
1997 366 69 29 spark
2089 367 26 23 of
2133 367 64 25 local
2218 369 135 30 patriotism
2376 371 29 23 be

1881 401 170 30 independent,
2074 403 53 29 give
2149 411 33 23 up
2204 404 135 33 borrowing
2361 406 44 24 the

1882 437 15 15 ''
1908 447 43 23 rag
2047 449 46 23 pay
2103 449 62 23 your
2176 450 52 17 own
2240 444 164 31 subscription

1882 475 36 24 for
1928 484 60 23 your
1999 485 52 16 own
2073 486 59 23 copy
2154 481 26 22 of
2202 480 42 23 the
2266 481 139 24 Obsebver.

1883 512 55 24 "i'ou
1950 514 50 24 will
2008 514 46 24 rise
2065 515 27 24 m
2103 523 61 23 your
2181 524 54 16 own
2258 518 138 23 estimation
2399 531 8 14 ,•

1881 549 49 24 and
1938 551 51 23 also
2001 551 55 24 that
2066 552 28 24 of
2113 559 61 24 your
2195 554 144 31 neighbour.
2373 555 34 23 At

1882 590 97 26 present
1990 587 32 24 he
2033 588 85 24 thinks
2129 597 47 22 you
2189 598 41 17 are
2251 598 46 17 one
2320 592 26 23 of
2363 592 43 24 the

1881 628 111 20 meanest
2004 624 92 25 fellows
2107 625 32 24 he
2150 626 22 24 is
2184 628 141 30 acquainted
2345 628 62 25 with

1881 673 33 4 —
1915 664 30 19 he
1957 660 94 25 doset't
2063 661 47 25 like
2123 665 26 21 to
2160 663 43 25 tell
2214 672 47 23 you
2272 673 35 20 so,
2320 665 43 24 but
2374 665 34 24 he

1882 696 43 25 has
1938 698 52 24 told
2001 706 28 16 us
2041 707 75 24 many
2125 708 14 16 a
2162 701 67 25 time.
2263 702 83 26 When
2369 711 37 17 we

1882 743 42 17 c«»n
1937 743 102 24 manage
2051 742 25 20 to
2098 738 90 25 reform
2211 748 15 16 a
2247 740 109 27 hundred
2381 751 27 15 or

1882 774 48 22 two
1940 773 26 24 of
1975 782 60 22 your
2046 778 50 21 sort
2113 783 35 17 we
2171 776 62 25 shall
2256 778 60 24 have
2339 788 68 16 some

1884 816 202 26 encouragement
2097 816 25 21 to
2134 822 30 22 go
2178 815 78 24 ahead
2265 818 48 23 and
2334 818 75 24 make

1882 848 41 24 the
1935 848 128 26 Obsebver
2074 858 14 16 a
2099 851 42 31 big
2151 860 75 22 paper
2236 854 48 23 and
2294 862 15 16 a
2327 855 80 24 better

1881 892 80 23 paper.
1995 886 25 23 If
2028 895 46 22 you
2093 888 46 24 feel
2161 889 110 25 offended
2289 895 25 21 at
2336 892 70 25 these

1881 922 62 24 lines
1954 923 69 24 don't
2033 932 32 22 go
2085 925 93 30 tearing
2199 928 93 24 around
2313 930 91 23 cussin'

1883 959 53 23 that
1974 961 120 24 wretched
2107 970 42 22 rag
2205 971 48 22 you
2275 966 50 24 will
2347 968 62 29 only

1882 999 99 23 succeed
1993 999 25 24 m
2030 1001 100 31 making
2141 1009 33 16 an
2185 1009 40 18 ass
2237 1003 25 24 of
2283 1005 109 30 yourself
2400 1013 7 21 ;

1883 1034 48 24 and
1942 1036 83 30 people
2035 1037 49 24 will
2099 1046 67 17 come
2184 1040 49 24 and
2254 1041 44 24 tell
2320 1049 30 17 us
2373 1042 35 25 all

1882 1071 75 25 about
1978 1081 61 22 your
2059 1075 152 32 tomfoolery.
2246 1077 52 25 The
2319 1078 51 25 fact
2386 1081 23 22 is

1883 1116 36 17 we
1930 1117 42 16 are
1983 1118 32 16 on
2034 1112 43 23 the
2098 1114 109 30 warpath
2230 1116 95 30 against
2346 1125 61 22 your

1885 1148 57 25 sort,
1954 1147 123 25 wherever
2087 1149 58 32 they
2167 1159 57 23 may
2246 1152 37 29 be,
2305 1154 48 23 and
2373 1162 36 16 we

1884 1182 61 26 have
1956 1183 44 25 but
2019 1185 62 24 little
2101 1192 93 26 respect
2211 1189 40 24 for
2269 1197 60 23 your
2349 1190 59 25 feel-

1882 1219 56 31 ings
1948 1228 28 16 so
1987 1221 58 30 long
2055 1230 27 16 as
2092 1231 49 22 you
2152 1225 50 23 loaf
2224 1233 32 17 on
2278 1234 43 16 our
2343 1236 66 16 ener-

1885 1257 60 29 gies.
1946 1270 32 5 —
1979 1258 89 30 Copied
2087 1260 63 24 from
2170 1262 41 23 the
2247 1263 80 23 Taieri
2359 1267 48 22 Ad-

1885 1298 86 24 vocate,
1988 1296 49 23 and
2058 1296 124 26 dedicated
2210 1300 26 23 to
2268 1308 44 16 our
2344 1302 67 24 Cusx

1887 1330 117 26 Fbtends.

1887 1454 68 25 THE
1964 1455 174 28 ANGLICAN
2145 1459 140 26 CHURCH
2294 1461 110 26 CHOIR.

1920 1539 115 29 Through
2046 1539 43 23 the
2100 1539 116 26 kindness
2227 1543 47 23 and
2291 1542 120 33 liberality

1887 1574 27 23 of
1922 1573 43 24 the
1976 1575 59 23 Rev.
2048 1576 149 25 Garbettthe
2208 1580 120 23 members
2335 1581 26 22 of
2365 1581 44 24 the

1887 1611 84 25 united
1983 1612 78 26 choirs
2073 1622 59 17 were
2143 1616 98 25 enabled
2265 1618 26 24 to
2308 1618 70 32 enjoy
2395 1628 16 16 a

1886 1648 98 33 holiday
1999 1650 27 24 of
2045 1658 15 17 a
2077 1654 64 23 most
2160 1653 124 31 enjoyable
2306 1656 48 24 and
2371 1657 37 24 in-

1887 1687 113 23 structive
2037 1688 66 24 kind.
2138 1689 51 26 The
2222 1691 46 31 day
2300 1693 37 24 for
2367 1694 42 24 the

1886 1724 110 24 occasion
2019 1733 49 16 was
2098 1726 82 31 wisely
2213 1729 87 24 chosen
2326 1731 9 31 (
2344 1731 36 24 viz
2390 1732 19 31 ).

1887 1759 49 24 The
1948 1761 160 34 Anniversary
2127 1763 27 25 of
2174 1764 42 26 the
2235 1766 174 27 Christchurch

1889 1797 118 25 Diocesan
2015 1799 154 26 Association
2181 1803 47 22 and
2248 1804 25 23 to
2290 1804 54 30 give
2366 1806 43 24 the

1887 1835 117 25 members
2016 1836 27 24 of
2049 1836 42 24 the
2102 1837 68 24 choir
2192 1839 43 24 the
2254 1842 155 31 opportunity

1886 1871 25 24 of
1921 1873 139 31 witnessing
2071 1874 48 24 this
2127 1875 76 30 grand
2212 1876 45 24 and
2268 1877 142 31 impressive

1886 1910 102 24 musical
1999 1908 92 28 festival
2107 1921 50 17 was
2174 1921 47 17 one
2239 1915 27 24 of
2282 1916 41 24 the
2341 1917 68 25 main

1887 1947 90 31 objects
1988 1948 29 25 of
2023 1949 63 24 their
2097 1950 55 26 visit
2161 1953 25 22 to
2197 1952 42 24 the
2251 1952 55 33 City
2317 1955 48 23 and
2375 1962 33 17 no

1886 1984 75 26 doubt
1971 1985 47 25 has
2028 1987 120 30 produced
2159 1997 14 15 a
2184 1990 91 31 lasting
2296 1991 113 31 impress-

1886 2022 41 24 ion
1938 2022 38 24 for
1986 2024 61 30 good
2059 2032 32 17 on
2102 2025 42 24 the
2151 2026 81 25 minds
2243 2027 27 24 of
2275 2028 42 25 the
2326 2028 83 32 junior

1886 2060 114 24 members
2011 2061 27 24 of
2046 2062 43 24 the
2100 2063 75 25 choir.
2195 2063 93 32 Special
2295 2073 112 25 arrange-

1886 2099 78 23 ments
1976 2106 61 17 were
2048 2100 71 24 made
2129 2100 39 25 for.
2176 2101 63 26 their
2250 2103 107 29 comfort,
2377 2106 31 30 by

1886 2134 100 32 affixing
1997 2144 15 16 a
2021 2135 56 26 first
2087 2138 63 24 class
2161 2140 106 31 carriage
2288 2140 38 25 for
2343 2142 65 24 their

1886 2173 205 25 accommodation
2101 2175 49 24 arid
2161 2176 66 31 quite
2238 2185 15 16 a
2260 2174 63 28 little
2331 2180 78 23 crowd

1885 2210 115 29 gathered
2012 2212 26 23 at
2049 2211 39 25 the
2100 2212 102 25 stations
2213 2213 26 24 of
2253 2213 30 26 E.
2296 2215 39 25 W.
2358 2216 50 24 Ox-

1885 2248 52 24 ford
1954 2251 26 22 to
2002 2250 58 24 wish
2079 2251 65 24 them
2166 2253 43 23 bon
2230 2262 92 22 voyage.
2357 2256 56 23 The.

1885 2288 105 24 weather
1999 2289 102 32 proving
2110 2290 48 24 fine
2178 2291 106 33 nothing
2305 2295 102 24 occured

1885 2325 25 24 to
1921 2333 52 17 mar
1983 2326 43 24 the
2031 2326 55 31 joys
2097 2328 27 24 of
2134 2328 42 24 the
2187 2329 53 32 day.
2274 2331 52 24 The
2331 2334 4 2 '
2347 2333 60 30 pub-

1883 2363 32 23 lic
1926 2363 101 30 gardens
2039 2364 48 24 and
2106 2372 111 18 museam
2239 2375 62 17 were
2319 2369 89 25 visited

1884 2399 49 23 and
1944 2398 30 31 by
1987 2399 40 24 the
2038 2400 83 25 efforts
2132 2402 27 24 of
2167 2403 41 24 the
2219 2404 65 24 choir
2294 2408 113 22 master's

1872 2443 2 5 '
1883 2436 43 26 the
1937 2437 56 25 visit
2000 2446 49 17 was
2060 2441 71 24 made
2149 2443 45 24 not
2212 2443 58 32 only
2291 2445 115 34 amusing

1882 2474 46 25 but
1938 2476 84 33 highly
2032 2477 149 28 instructive.
2215 2480 111 27 Creature
2337 2490 69 19 com-

1882 2514 60 26 forts
1956 2524 59 17 were
2026 2520 44 22 not
2080 2517 120 32 forgotten
2211 2520 49 24 and
2271 2521 42 24 the
2333 2529 71 25 party

1882 2560 59 17 were
1948 2554 93 31 regaled
2053 2556 59 24 with
2121 2564 31 16 an
2159 2557 116 26 excellent
2283 2559 123 26 luncheon

1880 2596 27 24 at
1917 2595 93 27 Arenas
2021 2597 68 30 Cafe,
2106 2597 93 28 besides
2209 2599 63 26 buns
2284 2602 33 23 &c
2328 2604 33 22 ad
2371 2604 31 23 lib

1881 2640 65 23 upon
1953 2634 41 24 the
2001 2634 102 34 journey
2112 2637 48 24 and
2168 2637 41 25 the
2216 2641 71 29 party
2296 2640 109 26 returned

1880 2669 74 26 home
1977 2671 60 25 with
2058 2673 76 24 elated
2155 2673 83 27 hearts
2260 2676 48 24 and
2329 2679 74 24 much

1880 2708 122 30 gratitude
2013 2710 26 24 to
2049 2709 43 26 the
2102 2710 115 27 founders
2235 2712 27 25 of
2281 2713 43 26 the
2331 2714 71 26 feast,

2124 2774 35 20 ■»

1913 2829 157 27 LECTURE
2080 2832 45 25 ON
2132 2832 117 28 FUNNY
2257 2835 110 27 FOLKS,

1913 2910 52 25 The
1975 2910 54 25 Bey
2039 2911 24 26 J.
2072 2911 114 33 Hosking
2196 2914 28 24 of
2228 2914 171 28 Christchurch

1879 2949 61 22 gave
1950 2950 15 17 a
1983 2943 93 25 leoture
2094 2952 33 18 on
2148 2945 110 33 Tuesday
2277 2948 82 30 night,:
2376 2958 13 14 a
2390 2951 10 24 t

1880 2975 41 24 the
1943 2975 101 26 U.M.F.
2072 2977 104 29 Church,
2210 2978 61 26 East
2304 2980 96 31 Oxford,

1883 3006 107 33 Subject,
2032 3008 89 31 Funny
2129 3010 75 24 Folks
2215 3011 14 24 I
2248 3012 59 25 have

1881 3038 24 24 If
1915 3039 41 24 the
1967 3039 58 25 Rev.
2037 3042 160 29 gentleman's
2208 3043 79 31 object
2297 3052 58 17 were
2373 3046 27 23 to

1881 3071 66 24 show
1958 3072 41 25 the
2015 3072 56 32 folly
2083 3073 26 25 of
2117 3075 141 31 permitting
2278 3075 120 32 ignorant,

1879 3103 148 25 fooliskand
2047 3106 123 25 conceited
2190 3115 55 18 men
2245 3110 55 25 lJq,
2309 3109 90 31 .preach

1881 3136 40 23 the
1932 3137 84 31 gospel
2034 3137 30 24 lie
2086 3139 117 31 certainly
2225 3140 127 25 succeeded
2371 3141 28 26 m

1881 3169 110 30 showing
2001 3169 40 25 his
2049 3190 5 13 ;
2062 3171 116 25 audienoe
2199 3172 53 24 how
2274 3173 55 31 silly
2350 3174 49 24 and

1881 3201 106 25 childish
2001 3208 60 19 were
2072 3203 42 24 the
2125 3203 100 26 boasted
2246 3206 153 26 conversions

1879 3232 26 25 of
1912 3233 63 24 their
1984 3234 117 28 itinerant
2111 3236 49 24 and
2171 3238 84 28 vulgar
2264 3238 133 29 preachers,

1879 3265 50 23 and
2001 3266 43 25 the
2059 3266 111 31 leoturer,
2192 3269 119 30 provoked
2332 3277 67 16 more

1878 3297 115 30 laughter
2009 3298 25 24 at
2045 3299 81 30 things
2145 3300 43 25 the
2209 3307 59 23 poor
2288 3301 49 25 and
2357 3302 42 25 the

1879 3329 112 30 ignorant
2003 3330 60 25 have
2074 3330 61 26 been
2146 3333 84 30 taught
2239 3334 25 24 to
2284 3337 115 22 venerate

1879 3361 48 24 and
1937 3364 93 28 respect
2041 3370 28 17 as
2079 3364 89 28 sacred,
2190 3364 62 25 than
2273 3373 48 24 any
2338 3366 61 24 free-

1879 3392 108 32 thought
2007 3394 104 25 leoturer
2132 3396 79 25 would
2232 3397 63 26 have
2327 3398 70 26 done.

1878 3424 47 25 His
1943 3425 56 32 silly
2020 3427 97 25 remark
2166 3428 54 25 that
2249 3429 68 25 there
2349 3438 51 17 waa

1877 3458 106 31 nothing
1992 3459 57 24 like-
2060 3468 14 15 a
2096 3460 69 31 lump
2187 3461 27 25 of
2232 3462 51 24 coal
2304 3469 30 18 on
2357 3463 42 24 the

1877 3489 69 24 head;
1956 3492 26 22 to
2003 3493 100 23 convert
2124 3500 15 17 a
2160 3493 147 26 freethinker
2344 3506 4 7 *
2350 3504 50 17 was

1877 3521 74 25 about
1962 3523 72 31 equal
2043 3524 27 24 m
2082 3524 157 27 childishness
2249 3528 26 23 to
2286 3535 71 24 many
2376 3528 24 26 of

1878 3553 40 24 his
1930 3556 133 24 anecdotes.
2098 3551 96 31 We'see
2204 3562 61 22 from
2277 3568 16 16 a
2304 3559 95 27 Christ-

1877 3586 88 24 church
1978 3590 183 30 contemporary
2182 3591 54 25 that
2257 3593 40 24 Mr
2319 3593 80 25 Hosk-

1876 3618 43 31 ing
1930 3619 44 25 has
1984 3620 144 32 challenged
2139 3623 39 23 Mr
2196 3623 94 26 Collins
2311 3626 26 24 to
2358 3625 40 25 de-

1877 3651 64 28 bate,
1959 3652 63 24 after
2040 3653 104 32 hearing
2169 3655 40 25 his
2241 3656 92 25 lecture
2365 3666 32 18 on

1877 3682 108 32 Tuesday
2003 3685 71 30 night
2093 3693 36 18 we
2151 3687 89 26 should
2261 3688 77 31 object
2371 3692 26 22 to

1875 3715 92 24 receive
1978 3716 51 24 him
2040 3725 27 15 as
2078 3725 15 16 a
2103 3720 184 29 representative
2308 3722 27 23 of
2353 3722 44 25 in-

1875 3747 124 25 tellectual
2016 3749 152 31 Christianity
2189 3752 49 26 and
2260 3753 96 27 should,
2377 3754 22 26 if

438 39 167 30 OXFORD
649 40 86 31 AND
778 42 103 31 CUST
925 43 225 30 OBSERVER
1194 42 230 37 SATURDAY,
1446 43 226 33 DECEMBER
1695 49 46 32 12,
1767 50 75 29 1891

1413 332 125 32 Season
1563 336 84 37 I^9l.

1271 393 191 30 SHUFFLE
1494 393 84 31 THE
1611 396 181 37 BROGUE,

1285 451 47 24 will
1345 451 71 24 stand
1428 452 26 23 at
1466 459 41 23 my
1518 452 62 25 farm
1593 454 68 24 West
1675 455 99 25 Oxford.

1303 532 157 25 SHUFFLE
1484 534 69 24 THE
1576 534 139 26 BROGUE
1727 536 22 25 is
1760 536 31 31 by

1269 574 135 25 Middlbtoii
1416 576 57 24 dam
1482 576 157 26 Bumblefoot
1647 579 29 29 by
1687 579 105 25 Leotard

1250 637 1 4 ,
1269 618 9 31 (
1285 618 51 30 imp
1346 618 8 31 )
1366 618 130 29 .—Queen
1504 619 24 23 of
1537 619 105 28 Trumps
1649 620 31 31 by
1696 621 96 31 Sleight

1250 666 1 18 ;
1268 659 28 25 of
1300 659 75 25 Hand
1384 659 68 25 Junr.
1461 661 84 31 (imp).
1550 675 32 4 —
1583 661 80 26 Jessie
1668 663 26 24 of
1698 663 92 25 Komeo

1270 702 82 32 (imp).

1300 765 136 25 Middleton
1449 766 193 32 (Metropolitian
1649 769 104 31 winner)
1760 769 30 30 by

1268 808 121 24 Tradiieer
1401 809 69 32 (imp)
1477 809 115 31 .—Lady
1616 811 120 24 Florence
1760 811 32 31 by

1270 850 107 25 Towtori.
1385 851 68 31 (imp.
1466 852 49 23 bro.
1531 853 24 22 to
1567 852 41 24 the
1625 852 167 25 Peer.—^Miss

1269 892 159 31 Nightingale
1440 893 31 31 by
1484 893 47 26 Sir.
1536 894 118 25 Hercules
1665 894 126 25 —Jessica

1270 934 29 30 by
1334 934 111 25 Satellite
1491 936 84 31 (Arab)
1576 950 33 3 —
1609 936 127 31 Daughter
1769 938 26 23 of

1270 976 224 25 Northumberland
1508 977 80 32 (imp).

1296 1037 129 21 SHUFFLE
1436 1039 57 19 THE
1503 1039 114 20 BROGUE
1626 1040 19 19 is
1654 1046 14 13 a
1677 1046 48 19 very
1734 1047 61 13 com-

1271 1075 49 24 pact
1331 1073 40 21 and
1381 1075 143 25 symmetrical
1533 1075 52 20 dark
1589 1075 70 20 brown
1664 1076 62 20 horse
1736 1079 57 18 stan-

1271 1110 49 24 ding
1331 1111 24 20 15
1362 1110 68 21 hands
1440 1112 10 19 1
1462 1111 56 23 inch,
1536 1111 50 20 with
1599 1112 46 20 best
1663 1112 22 20 of
1703 1113 92 26 tempers

1271 1147 42 19 and
1324 1147 155 24 constitutions,
1495 1147 18 19 is
1521 1154 15 13 a
1551 1153 49 15 sure
1618 1148 114 26 foalgetter,
1752 1150 42 21 and

1271 1182 34 20 his
1322 1183 60 19 seock
1400 1189 34 14 are
1451 1184 130 20 remarkable
1599 1185 32 19 for
1649 1186 80 25 quality
1752 1186 43 20 and

1271 1218 120 24 Bubstanoe,
1402 1220 41 19 and
1454 1225 35 15 are
1498 1220 108 25 becoming
1622 1221 67 21 better
1699 1223 94 24 appreci-

1272 1255 49 20 ated
1331 1261 59 19 every
1400 1261 49 19 jear
1459 1261 23 14 as
1487 1257 61 24 -good
1558 1255 67 22 Useful
1634 1258 98 20 animals.

1314 1301 140 30 TEEMS
1468 1303 44 28 £1
1528 1305 130 36 payable
1673 1307 32 26 at
1727 1305 69 29 first

1273 1352 124 28 service.
1439 1352 172 31 Guarantee
1640 1364 32 19 as
1681 1364 55 29 per
1762 1365 33 19 a-

1273 1405 162 34 greement.
1453 1401 226 41 NoGroornage
1698 1405 55 29 fee.

1409 1460 250 33 E.LEONARD.

1529 1511 85 30 West
1629 1513 126 30 Oxford.

1274 1621 204 60 PRINCE
1491 1623 306 60 ofWINDSOR

1453 1706 39 4 —
1492 1702 10 13 ►
1511 1705 11 10 •
1532 1704 8 12 »
1551 1706 10 9 «
1573 1705 7 13 <
1580 1709 39 5 —

1273 1741 64 33 The
1350 1743 149 32 favourite
1522 1745 176 40 Clydesdale
1719 1747 77 31 Stal-

1274 1783 130 33 liomyill
1410 1786 100 30 travel
1513 1785 92 32 ..View:
1618 1785 84 38 Hill,.
1710 1788 85 37 Gust,

1277 1822 150 38 Carlejton,
1438 1855 2 3 ,
1465 1825 46 30 W.
1552 1827 148 38 Byretpn,
1719 1855 3 2 .
1736 1829 59 31 and
1813 1832 3 23 !

1277 1862 115 33 Oxford
1409 1865 134 30 districts
1558 1867 60 28 this
1637 1877 115 20 season.

1316 1903 60 32 JFpr
1376 1931 5 7 r
1388 1931 3 3 .
1397 1904 119 31 further
1539 1907 184 37 particulars
1746 1917 49 20 see

1276 1941 93 32 Cards
1383 1953 35 20 or
1432 1945 136 42 apply^td
1582 1946 52 30 the
1648 1957 102 20 owner
1764 1948 31 29 m
1813 1949 3 26 I

1273 1982 118 40 charge.

1322 2020 109 35 j;OHN
1451 2025 189 30 PARLANE
1664 2027 88 30 Junr.

1356 2075 159 29 ■'.-;■.)
1579 2082 14 21 j.
1611 2066 182 39 Jjw/Hill.
1813 2102 1 4 ,

660 151 229 60 TOWN
943 151 234 72 H/cLL,

760 240 108 30 EAST
903 240 177 30 OXFORD.

661 312 47 37 TO
729 294 399 57 NIOHtT^IIIGHT
1144 310 10 37 !
1171 310 10 37 !

694 362 51 24 The
758 361 105 26 talented
875 362 138 25 Australian
1027 362 113 23 Artistes.

683 404 82 30 THE
810 407 194 39 f|l¥iri?
1028 403 157 30 FAMILY

682 444 85 30 ™E
812 449 20 33 I
848 433 158 49 AIUII
1029 443 157 31 FAMTT.Y

681 493 227 31 VOCALISTS
961 523 5 4 .
993 492 173 31 FLUTIST

663 543 265 31 VIOLMUSTES
971 543 215 30 PIANISTS

898 601 68 23 AND

629 644 78 54 yB
725 643 350 31 ELLRINGE
1091 642 87 35 R.S.

846 725 51 24 One
915 724 83 25 Grand

665 767 266 25 DRAWING-ROOM

884 808 302 26 ENTERTAINMENT.

680 872 93 31 Family
783 872 82 25 Prices
867 888 31 3 —
899 874 27 23 2s
938 874 47 22 and
999 874 27 22 la
1056 871 113 25 Children

858 905 145 31 Half-price.

870 948 68 23 Fred
956 947 112 28 Dawson,
1086 947 85 29 Agent.

668 1136 197 78 WANTED
880 1140 32 25 to
924 1136 144 38 purchase
1082 1145 18 19 a
1129 1145 60 20 sec-

768 1177 60 28 ond
842 1176 83 28 hand
948 1176 122 39 Buggy.

667 1216 101 39 Apply
779 1219 44 32 to,
839 1215 92 29 Office
943 1216 31 28 of
990 1216 59 28 this
1079 1215 108 38 Paper.

800 1317 258 44 NOTICE.

731 1429 115 26 NORTH
870 1429 125 24 ISLAND
1021 1428 103 24 LAND.

735 1473 161 23 Settlement
960 1472 164 23 Association.

701 1515 32 23 At
745 1523 14 15 a
771 1515 108 30 meeting
902 1514 25 24 of
946 1515 40 22 the
1009 1513 73 23 above
1102 1512 87 24 associ-

659 1547 74 47 ation
747 1557 55 24 held
814 1565 30 16 on
856 1557 42 23 the
910 1556 43 24 Bth
965 1556 58 27 inst,
1035 1556 28 26 it.
1079 1563 50 16 was
1152 1556 38 22 de-

642 1589 94 34 /cided
748 1601 25 22 to
785 1599 48 24 call
845 1606 15 16 a
882 1599 89 29 special
993 1599 107 27 meeting
1113 1597 26 23 of
1145 1612 3 8 ;
1159 1598 33 22 all

670 1641 66 23 those
747 1639 130 24 interested
888 1648 27 15 or
931 1638 102 31 wishing
1044 1640 26 23 to
1081 1639 56 23 take
1160 1645 32 17 an

668 1683 101 23 interest
780 1682 26 23 m
819 1681 42 24 the
884 1681 73 24 above
980 1681 152 27 association,
1155 1680 38 24 for

670 1724 115 30 Monday,
797 1723 50 24 Dee
861 1723 67 27 lith,
942 1724 25 22 at
979 1724 14 23 7
1013 1730 69 22 p.m.,
1106 1724 25 23 at
1154 1723 40 23 Mr

670 1766 24 24 J.
704 1766 35 24 M.
752 1766 101 28 Booths,
868 1765 67 24 West
948 1764 99 25 Oxford.

863 1808 37 31 By
917 1807 82 25 Order.

655 1937 38 61 yp
734 1921 402 85 FOR_SALB

629 2025 33 47 y[
672 2025 140 40 /STEEL
824 2029 105 32 Dearing
946 2031 95 30 Reaper
1063 2032 48 23 and
1133 2032 58 23 Bin-

629 2064 10 31 /
667 2065 50 34 'der,
741 2073 81 29 nearly
845 2081 58 20 new,
920 2073 26 23 m
967 2072 124 26 first-class
1113 2074 78 25 order.

668 2114 49 24 For
727 2114 153 31 particulars,
893 2116 71 30 apply
977 2118 33 26 to,

830 2158 28 24 F.
888 2158 140 27 M'NABB,

978 2201 69 24 West
1059 2201 98 24 Oxford.

715 2287 218 38 TELEGRAPHIC
957 2290 177 38 MESSAGES-

708 2388 200 39 Telegraphic
945 2390 152 41 Messages
1134 2403 56 19 can

667 2443 69 20 now
757 2436 38 28 be
823 2440 68 25 sent
910 2438 60 28 and
991 2439 137 30 received
1157 2443 33 26 at
1210 2462 3 7 ,

666 2479 77 31 East
753 2479 116 31 Oxford
884 2481 129 31 Station.

666 2584 245 43 PUBLIC
929 2586 257 48 NOTICE.

665 2694 303 77 TEBSPASSERS
1035 2708 40 20 on
1135 2699 53 30 the

746 2734 93 30 Farm
853 2736 111 30 known
980 2747 32 19 as
1025 2738 116 37 Snell's,
1155 2742 33 26 at
1201 2760 3 24 ,

665 2773 84 30 West
774 2775 135 37 Oxford,-
929 2777 63 29 will
1019 2779 38 29 be
1084 2789 102 28 prose-
1200 2790 3 18 !

664 2814 99 28 cuted.
1199 2821 3 8 '

766 2864 111 30 JOHN
911 2865 190 40 INGRAM,.

887 2907 104 37 Agent
1005 2907 49 29 fcr
1067 2908 119 34 O\yner.
1196 2924 3 18 ;

726 3022 52 30 TO
806 3022 195 31 FARMERS
1040 3026 87 29 AND

840 3062 173 32 OTHERS.

665 3152 227 30 GRIFFIIHS
898 3153 219 31 BROTHERS
1127 3157 61 29 will

665 3203 116 28 convey
794 3192 88 30 Wool
895 3194 32 28 m
943 3194 86 28 small
1042 3205 35 19 or
1103 3196 88 38 large;
1216 3215 7 6 ■■

664 3233 174 39 quantities,
850 3237 31 25 to
900 3233 290 38 Rangiora,,.Kaia-:

663 3274 59 37 poi,
738 3283 35 19 or
802 3273 225 35 Christchurch,
1053 3278 31 24 at
1112 3285 75 29 very
1212 3299 2 3 .

661 3313 59 30 low
734 3316 89 25 rates.

811 3420 225 46 DRINK

682 3481 203 41 HYSLOP'S
900 3481 118 39 PURE
1042 3481 122 41 TEAS.
1182 3495 3 29 ;

662 3532 63 30 The
740 3533 90 29 finest
843 3532 52 30 the
910 3532 103 30 World
1029 3534 155 37 produces;

664 3578 72 31 Sold
747 3579 45 36 by
819 3577 49 29 Mr
883 3577 34 29 F.
933 3577 38 30 A.
1000 3574 185 40 Waterman^

702 3617 79 30 East
794 3617 124 33 Oxford.

662 3657 51 30 Mr
732 3657 37 35 R,
785 3657 116 34 Fisher,
919 3656 86 31 West
1018 3657 127 30 Oxford.

663 3697 48 30 Mr
727 3698 35 29 E.
779 3697 47 32 W.
857 3697 125 39 Cooper,
1012 3697 84 39 Oust,
1126 3699 61 30 and

703 3747 92 28 many
814 3737 108 30 others.

134 149 353 58 WANTED.

57 254 20 26 ft
120 251 80 29 LAD
230 253 36 27 15
305 260 85 23 years
432 249 31 29 of
505 258 64 27 age,

49 283 35 47 H
129 298 97 24 wants
255 302 17 18 a
296 291 140 28 situation
475 299 37 18 on
555 298 17 19 a

47 333 101 29 Farm.
193 336 26 25 A
249 332 74 37 good
356 330 116 32 milker,
512 329 59 28 and

49 374 116 38 willing
176 378 31 25 to
225 373 85 29 make
324 371 121 29 himself
460 369 109 30 useful.

49 415 99 36 Apply
170 418 40 30 to,

132 455 61 28 MR
221 453 27 28 J.
278 449 211 37 MOUNSEY,

353 491 84 29 View
457 489 73 29 Hill.

183 614 256 47 NOTICE.
540 647 3 4 .
621 643 2 6 .

51 722 207 79 TENDSRS
287 731 51 19 are
369 719 115 29 invited
526 718 48 30 for

134 766 53 27 the
220 763 109 38 supply
369 761 31 27 of
440 759 132 28 refresh-

52 811 98 23 ments
178 805 48 27 for
254 804 52 27 the
346 798 227 39 Amalgamated

52 844 193 30 Oddfellows'
263 841 77 36 Ball,
358 849 39 19 on
426 839 146 36 Tuesday,

52 885 70 28 Jan.
139 884 63 33 sth,
219 883 88 27 189:?.
323 885 30 24 at
369 879 51 28 the
449 877 123 30 Oddfel-

52 924 82 29 lows'
189 922 79 34 Hall,
316 920 86 28 West
450 917 122 30 Oxford.

53 964 132 28 Tenders
202 966 31 25 at
245 972 53 27 per
308 959 87 34 head,
407 962 32 25 to
453 959 38 28 be
507 961 67 25 sent

52 1004 42 33 m,
107 1002 161 30 addressed
278 1005 32 25 to
327 999 31 28 P.
374 998 107 32 Smith,
506 997 68 28 Sec-

52 1047 112 34 retary,
180 1053 37 18 on
230 1052 34 18 or
278 1039 99 30 before
397 1039 65 28 Dec.
490 1037 35 28 17
531 1036 41 29 th.

54 1084 64 28 The
134 1083 103 28 lowest
254 1091 34 18 or
304 1089 58 28 any
378 1077 116 29 Tender
524 1079 52 26 not

54 1122 181 39 necessarily
264 1119 150 38 accepted.

148 1234 47 48 J.
221 1230 263 46 FOSTER.

193 1297 80 29 BAY
318 1295 118 36 ROAD,

178 1346 101 30 East
279 1346 178 30 Oxford.

57 1396 221 33 Grooseberrips,
304 1392 221 33 Strawberries,
553 1390 25 30 &

56 1437 61 28 Ras
122 1436 117 33 berries,
256 1435 52 35 &c,
326 1433 53 34 &o,
400 1433 31 27 m
447 1433 82 36 large
544 1441 34 19 or

56 1476 87 29 small
158 1475 175 38 quantities.

186 1589 259 45 NOTICE.
597 1595 22 58 \_

56 1687 88 57 ALL
172 1687 167 29 Tresspassers
364 1692 30 16 on
428 1692 41 23 my
502 1684 69 23 Land

131 1719 48 25 ■will
195 1722 25 20 be
240 1717 147 32 prospcuted.

188 1760 115 25 SARAH
317 1758 133 27 WHYTB,

367 1797 66 25 West
449 1797 97 25 Oxford.

147 1904 324 53 TENDERS.

56 1999 167 25 mENDERS
241 2007 39 17 are
291 1999 91 24 invited
392 2001 29 29 by
433 1999 40 25 the
489 1999 90 25 Oxford
609 2001 12 26 >

60 2024 22 31 X
131 2032 125 30 Cornetary
289 2032 78 24 Board
401 2032 36 24 for
480 2032 99 31 digging
609 2029 3 38 j

57 2067 101 28 Graves,
171 2069 24 22 at
205 2076 42 22 per
259 2069 86 27 Grave,
358 2069 47 22 and
413 2071 51 21 rate
472 2076 43 22 per
523 2069 53 31 day,

56 2104 38 24 for
105 2106 64 23 work
180 2105 111 30 required
309 2107 23 23 to
353 2105 27 23 be
403 2106 61 24 done
485 2107 28 23 m
535 2106 43 24 the
615 2107 6 12 '

48 2149 3 2 ■
57 2142 127 31 Cemetary
196 2143 61 23 from
269 2142 59 24 time
339 2144 24 22 to
383 2144 64 22 time.

90 2179 56 24 Also
155 2183 110 27 separate
277 2180 102 24 Tenders
398 2180 39 24 for
459 2180 119 31 grubbing

55 2216 149 27 Plantation,
217 2217 25 22 at
254 2217 62 24 least
327 2217 68 23 three
406 2217 85 24 inches
504 2218 74 25 below

56 2253 42 24 the
108 2253 99 24 surface.

88 2292 106 23 Tenders
207 2293 24 23 to
244 2292 29 23 be
283 2295 53 21 sent
348 2294 24 22 to
385 2293 40 23 the
446 2293 132 24 Chairman

54 2336 33 17 on
94 2337 27 15 or
129 2328 78 24 before
214 2336 66 16 noon
286 2337 29 15 on
322 2329 113 31 Monday,
442 2330 59 24 Dec.
509 2330 67 24 14th.

216 2366 29 25 B.
269 2366 32 25 H.
319 2366 97 28 Parish,

404 2404 140 25 Chairman.

150 2512 330 58 IMPORTANT.

85 2619 68 24 THE
166 2619 112 24 Farmers
301 2620 26 24 of
348 2620 42 24 the
411 2620 92 25 Oxford
525 2623 49 23 and

52 2658 61 24 Cust
138 2659 114 24 Districts
274 2667 41 16 are
336 2660 100 23 notified
458 2661 54 24 that
534 2662 42 24 the

52 2697 160 30 undersigned
225 2697 90 31 having
327 2699 133 29 completed
468 2699 42 24 the
519 2708 55 22 pur-

51 2737 71 23 chase
133 2735 26 25 of
169 2744 14 15 a
194 2736 77 30 heavy
283 2738 48 23 line
343 2737 26 23 of
378 2737 90 24 Binder
480 2738 92 28 Twine,

52 2774 49 23 and
121 2775 20 23 is
153 2775 127 30 preparing
291 2777 24 22 to
324 2775 85 31 supply
421 2777 40 23 the
473 2784 67 17 same
552 2779 25 22 at

49 2813 140 25 reasonable
231 2815 85 29 prices.
361 2815 50 23 The
454 2815 122 31 following

51 2849 87 25 brands
150 2850 49 24 will
211 2850 29 24 be
252 2851 55 30 kept
318 2852 27 22 m
369 2852 68 23 stock
446 2866 33 3 —

110 2887 99 24 Lurline
276 2889 89 29 Hemp,
413 2888 64 25 Hale
527 2890 48 23 and

49 2927 132 29 Donaghys
204 2927 104 24 Manilla
330 2928 89 27 mixed,
442 2928 45 23 and
512 2928 61 24 Flax

49 2963 89 28 Twine,
161 2963 130 24 Auckland.
311 2964 73 23 Fibre
407 2963 42 25 Co.
472 2965 102 25 Manilla

49 3003 87 26 mixed,
150 3003 48 23 and
211 3003 69 24 .fr'lax.

82 3041 85 24 Castor
188 3041 80 29 Colza,
292 3042 134 29 Valvoline,
450 3044 45 23 and
529 3043 45 25 Sea

47 3078 134 31 Elephant,
213 3080 114 23 Machine
358 3079 49 25 Oils
439 3088 32 15 on
500 3081 73 23 hand.

48 3116 88 25 Orders
149 3116 30 32 by
190 3119 55 29 post
252 3116 122 31 promptly
386 3118 115 24 attended
525 3120 32 22 to.

177 3167 28 22 A.
231 3166 31 23 D.
281 3166 166 28 HASSALL,

49 3212 118 32 Saddlery
179 3214 48 24 and
239 3214 135 24 Hardware
392 3214 87 33 Depot,
504 3215 68 26 Cust.

44 3349 100 39 LOST
154 3350 158 41 STOLE!
322 3361 36 28 or
368 3351 204 39 STRAYED

43 3422 98 25 FROM
153 3423 41 24 the
207 3424 63 23 Ram
280 3423 113 24 Paddock
402 3423 68 24 West
480 3423 91 26 Oxford

44 3466 47 24 100
101 3466 94 23 Merino
205 3466 71 24 Ewes
286 3465 57 24 with
352 3465 133 25 cross-bred
494 3466 77 24 lambs

47 3503 24 19 at
88 3498 50 24 foot
160 3499 28 23 .A
200 3498 42 24 few
254 3506 75 15 cro?s-
333 3497 57 23 bred
405 3498 107 30 Boggets
524 3499 49 24 and

45 3531 54 24 Cno
111 3530 91 25 Border
214 3530 120 24 Leicester
346 3530 71 23 Ram.
451 3530 37 23 Ali
501 3531 69 24 bran-

47 3564 21 23 di
77 3563 16 25 d
102 3563 53 25 J.P.
166 3563 71 31 (red).
256 3563 71 23 Ewes
336 3561 94 25 various
438 3570 42 16 ear
491 3563 80 23 marks

45 3596 110 31 Hoggets
167 3596 49 24 and
234 3596 59 23 Ram
306 3595 60 23 hind
383 3595 97 29 quarter
491 3595 27 24 of
527 3595 44 24 left

45 3636 41 18 car
98 3634 41 19 cul
151 3629 40 24 off.
233 3628 53 31 Any
299 3635 44 16 one
355 3626 83 31 giving
448 3625 123 25 informat-

43 3662 42 25 ion
97 3662 37 24 for
145 3661 140 31 recovering
295 3659 27 24 of
337 3665 67 18 same
419 3657 48 25 will
487 3657 28 25 be
534 3666 36 19 re'

44 3694 105 27 warded.

341 3734 25 25 J.
379 3732 25 26 J,
421 3732 118 35 Pendray.
