2450 3820
48 142 36 16 we
96 143 61 23 may,
170 138 79 25 advise
261 140 38 23 Mr
312 141 88 24 Collins
414 144 24 22 to
455 144 57 24 look
534 145 37 23 for

49 175 13 14 a
73 166 39 25 foe
123 175 65 17 more
200 172 91 29 worthy
301 173 25 22 of
333 173 36 23 his
392 175 82 24 metal.

46 283 70 26 MR
138 286 38 25 W.
193 288 35 24 W.
242 290 144 26 COLLINS
408 292 43 24 AT
473 293 87 25 EAST

240 328 146 26 OXFORD.

81 399 22 27 A
114 403 65 31 large
202 407 49 24 and
273 410 162 28 appreciative
458 411 116 25 audience

49 446 135 24 assembled
197 448 24 23 m
232 449 41 23 tbe
286 450 71 24 Town
369 452 67 27 Hall,
452 461 30 15 on
502 453 72 24 Wed-

50 486 88 30 nesday
161 490 102 29 evening
284 491 56 27 last,
365 493 72 23 when
461 495 40 22 W.
537 495 36 26 W,

24 527 128 34 pCollins,
164 530 43 24 the
218 532 150 25 well-knovn
383 534 125 25 Scientific
527 537 48 22 and

51 569 168 33 Frtethought
230 573 125 30 Lecturer,
376 584 59 22 gave
457 577 39 24 his
516 579 58 22 cele-

50 610 83 26 brated
146 613 92 27 lecture
261 624 31 16 on
343 619 63 23 How
429 620 41 23 the
493 620 81 24 World

50 661 49 17 was
241 658 39 23 Mr
292 659 94 24 Collins
399 661 57 24 held
468 662 35 23 his
517 663 57 22 aud-

50 697 65 23 ience
127 698 91 25 revited
229 700 37 25 for
275 709 30 16 an
327 702 62 24 hour
411 704 47 23 and
481 713 14 15 a
519 705 53 24 half

49 739 57 24 witfc
122 746 14 16 a
148 742 52 23 vast
222 750 69 22 array
314 744 25 24 of
359 746 59 23 facts
439 746 137 31 despicting

175 784 112 24 methods
307 786 26 24 of
360 788 74 24 world
467 789 107 31 making,

49 822 47 25 and
107 824 100 30 pointed
220 829 42 22 out
274 827 54 25 how
350 831 92 29 utterly
465 838 25 16 at
513 832 61 23 vari-

49 873 59 16 ance
121 867 59 23 such
192 869 110 25 methods
315 879 59 16 were
388 873 57 22 with
468 873 42 24 the
533 873 41 24 de-

48 906 57 24 tails
114 907 24 23 of
150 908 40 24 the
210 911 107 24 creation
339 914 65 29 story
427 921 26 16 as
476 915 48 22 told
548 916 26 22 m

48 949 39 23 tbe
110 949 52 25 first
181 951 101 31 chapter
304 954 26 23 of
360 954 111 25 Genesis.
507 956 66 24 Both

49 991 148 33 Astronomy
209 996 48 22 and
276 996 105 31 Geology
404 998 134 24 demanded
560 1007 14 16 a

47 1033 38 24 far
98 1037 88 27 greater
198 1037 119 31 antiquity
328 1038 36 24 for
376 1040 42 24 the
430 1040 73 24 world
513 1041 61 24 than

47 1076 56 24 that
114 1078 111 29 permifcte
235 1080 6 22 I
254 1080 30 29 by
308 1081 94 24 biblical
426 1083 147 31 chronology

47 1118 49 23 and
115 1118 50 25 this
188 1123 92 28 greater
303 1124 122 31 antiquity
447 1133 50 16 was
519 1134 54 15 now

46 1161 122 32 generally
179 1163 118 24 admitted
310 1165 30 30 by
352 1166 41 23 the
406 1175 64 16 more
481 1168 89 24 intelli-

45 1207 60 26 gent
116 1212 91 24 among
228 1205 162 32 Theologians
413 1209 158 26 themselves.

49 1245 96 25 Science
158 1247 68 24 knew
243 1248 106 32 nothing
371 1250 26 24 of
418 1259 14 16 a
455 1252 37 23 six
514 1253 59 30 days

47 1288 115 29 creation,
175 1290 49 23 and
245 1290 20 25 it
287 1298 50 17 was
357 1292 139 31 impossible
520 1295 54 24 that

47 1330 89 28 Moses,
141 1339 27 16 or
174 1332 123 24 who-ever
301 1337 73 21 wrote
379 1335 42 24 the
428 1339 70 28 story,
505 1337 69 23 could

46 1373 61 24 have
119 1373 60 25 been
200 1375 147 32 acquainted
369 1377 60 24 with
452 1379 122 31 anything

45 1416 49 24 like
106 1417 41 23 the
159 1419 50 23 real
220 1418 61 24 facts
292 1421 170 31 appertaining
484 1424 25 23 to
532 1422 42 25 the

46 1459 73 23 world
130 1467 29 16 or
170 1461 25 22 to
207 1461 42 24 the
261 1463 91 28 system
366 1464 25 22 to
405 1463 75 24 which
493 1464 19 24 it
533 1464 40 24 be-

45 1501 77 31 longs.
157 1499 51 28 The
220 1503 106 24 creation
338 1505 26 24 of
374 1505 42 24 the
434 1506 75 24 world
529 1511 42 20 out

47 1544 25 23 of
83 1544 104 30 nothing
209 1553 47 16 was
279 1552 32 17 an
333 1548 163 24 unthinkable
518 1556 53 23 pro-

47 1586 114 29 position.
196 1587 44 23 We
257 1588 72 23 could
351 1590 44 22 not
417 1591 111 23 conceive
550 1591 26 23 of

46 1628 108 31 nothing
165 1628 125 31 becoming
313 1631 146 31 something,
484 1640 42 16 nor
549 1633 25 23 of

47 1677 47 22 any
105 1678 78 23 power
193 1672 99 30 capable
305 1672 27 24 of
341 1673 101 31 making
455 1675 19 22 it
486 1674 30 25 do
536 1683 34 16 so.

49 1712 45 24 We
105 1713 70 24 could
186 1718 43 21 net
252 1715 112 24 conceive
386 1724 15 16 a
423 1716 59 25 time
502 1716 70 25 when

47 1757 91 22 matter
148 1756 39 24 did
201 1760 42 21 not
254 1757 62 24 exist
328 1758 48 23 and
398 1761 175 30 consequently

47 1798 34 24 all
93 1799 50 24 talk
155 1799 73 24 about
239 1800 31 23 its
282 1801 106 23 creation
399 1809 48 16 was
460 1809 26 16 so
498 1803 75 23 much

48 1841 89 24 wasted
159 1843 94 24 mental
275 1850 94 24 energy.
405 1843 98 25 Science
531 1845 40 24 de-

48 1884 151 23 monstrated
220 1885 43 23 the
284 1885 212 30 indistructability
525 1889 46 21 and

47 1925 117 25 therefore
173 1926 43 24 the
227 1927 182 33 uncreatability
429 1929 27 24 of
475 1930 96 24 matter.

49 1968 33 25 So
95 1970 36 21 far
141 1977 27 16 as
180 1970 20 22 it
212 1970 21 23 is
244 1970 104 30 possible
360 1970 37 24 for
407 1979 28 16 us
454 1974 25 21 to
502 1972 71 25 know

48 2012 91 23 matter
151 2012 56 23 with
218 2012 33 24 its
262 2012 76 24 forces
358 2013 42 24 has
423 2015 85 30 always
531 2022 41 16 ex-

48 2053 63 24 isted
133 2054 49 24 and
212 2054 89 30 always
334 2055 51 25 will
416 2057 69 23 exist.
520 2057 53 25 The

47 2096 158 31 compliment
216 2097 27 24 of
251 2100 87 21 nature
357 2106 47 16 can
425 2099 97 25 neither
543 2099 29 25 be

48 2139 79 25 added
139 2141 25 23 to
175 2148 46 17 nor
229 2140 73 25 taken
320 2141 72 24 from.
427 2142 83 25 While
533 2144 40 23 the

47 2182 70 25 Bible
126 2183 47 23 had
184 2183 70 31 given
266 2186 25 21 to
303 2183 42 24 the
353 2184 73 24 world
440 2193 14 16 a
466 2186 106 30 position

47 2224 25 24 of
84 2225 104 30 primary
200 2225 150 31 importance
370 2227 48 23 and
441 2228 71 24 made
531 2230 41 23 the

50 2266 51 26 Sun
113 2268 48 23 and
174 2267 70 25 Stars
255 2275 88 24 appear
353 2270 25 22 to
390 2269 29 24 be
432 2270 27 23 of
467 2278 57 23 very
536 2271 37 24 in-

49 2308 71 25 ferior
152 2317 172 24 consequence,
359 2311 97 25 Science
490 2313 84 30 taught

48 2351 54 24 how
113 2353 144 30 completely
266 2352 67 24 these
344 2353 65 24 ideas
422 2355 78 23 would
512 2355 62 24 have

48 2394 27 24 to
91 2393 27 24 be
139 2395 119 23 reversed.
292 2394 25 24 It
338 2402 50 17 was
407 2403 56 17 now
482 2398 91 23 certain

47 2435 54 24 that
112 2435 41 24 the
162 2436 80 23 writer
263 2435 27 24 of
308 2436 42 23 the
369 2436 70 25 Bible
460 2439 66 30 story
548 2438 26 25 of

49 2478 111 25 creation
172 2477 70 26 knew
253 2478 106 32 nothing
369 2479 120 26 whatever
500 2489 27 17 as
548 2483 26 23 to

47 2520 44 26 the
102 2520 98 26 relative
212 2520 62 25 sizes
285 2521 47 24 and
343 2522 120 25 distances
484 2524 26 24 of
532 2524 42 24 the

51 2562 59 29 Sun,
123 2563 41 24 the
175 2562 88 28 Earth,
276 2563 47 23 and
335 2563 42 24 the
389 2564 83 29 Moon,
484 2566 26 24 to
531 2573 43 24 say

47 2605 106 32 nothing
163 2605 26 24 of
198 2606 41 24 the
251 2605 76 28 Stars,
341 2606 85 29 which,
451 2609 117 30 although

48 2648 29 25 m
94 2656 74 22 many
179 2655 67 17 cases
268 2648 80 30 larger
371 2648 61 25 than
454 2657 45 18 our
520 2658 55 17 own

51 2689 54 26 Sun
116 2698 39 15 are
167 2689 88 32 simply
266 2690 72 30 given
348 2698 16 17 a
383 2692 101 29 passing
505 2699 69 17 men-

50 2732 55 27 tion
115 2732 50 24 and
175 2732 96 25 thrown
282 2731 27 24 m
320 2739 26 16 as
366 2740 14 16 a
402 2732 173 33 make-weight

50 2776 25 24 to
98 2782 15 17 a
129 2774 59 31 days
217 2773 72 26 work.
325 2774 53 25 The
410 2775 108 25 creation
551 2776 25 24 of

50 2817 83 33 plants
144 2816 80 24 before
237 2816 40 24 the
290 2816 60 29 Sun,
364 2817 47 24 and
423 2818 26 23 of
470 2819 105 24 animals

49 2859 62 25 after
122 2867 50 17 was
183 2859 52 24 also
243 2859 67 24 dealt
329 2859 68 29 with,
421 2861 48 25 and
492 2863 82 22 shown

48 2903 26 24 to
86 2902 29 24 be
127 2901 103 31 entirely
241 2903 41 22 out
294 2901 25 25 of
332 2902 98 24 accords
449 2903 61 24 with
533 2903 42 26 the

49 2945 63 24 tacts
123 2944 26 23 of
158 2945 108 29 geology.

49 2986 50 26 But
108 2985 67 25 there
186 2993 54 16 was-
246 2985 100 25 another
369 2988 65 30 story
456 2987 28 25 of
503 2988 71 25 world

49 3028 102 31 making
183 3035 15 17 a
209 3030 64 28 story
286 3028 95 25 written
400 3032 42 21 not
465 3029 31 31 by
518 3039 56 15 man

50 3071 55 25 who
116 3079 56 22 may
193 3078 37 17 err
249 3070 78 26 either
341 3072 136 31 purposely,
498 3073 77 30 ignor-

50 3114 77 31 antly,
140 3121 27 17 or
183 3113 186 30 inadvertently,
383 3112 42 25 but
437 3113 30 32 by
489 3117 86 21 nature

51 3156 47 24 and
108 3155 120 25 inscribed
239 3155 27 23 m
273 3155 114 24 indelible
397 3156 137 26 characters
543 3166 31 15 on

51 3199 41 26 the
103 3198 83 26 earths
197 3197 74 30 rocky
289 3206 82 24 pages.
406 3199 25 24 It
453 3207 50 17 was
526 3200 50 25 this

49 3244 64 28 story
124 3240 81 25 which
216 3248 50 17 was
277 3240 110 32 accepted
398 3243 25 22 to
433 3242 45 30 day
489 3244 31 28 by
532 3243 42 24 the

48 3283 88 25 worlds
152 3282 114 24 fv-icTiMfic
289 3283 119 24 thinkers.
442 3284 25 23 It
487 3285 87 30 taught

47 3333 30 16 us
89 3326 55 24 that
155 3326 43 23 tiie
210 3328 67 21 earth
293 3325 41 23 has
358 3326 86 29 passed
467 3326 107 31 through

47 3368 105 29 changes
165 3375 27 16 as
204 3367 95 24 various
312 3374 26 16 as
350 3367 58 30 they
419 3375 61 16 were
502 3376 71 17 num-

47 3416 79 21 erous,
142 3409 52 24 that
212 3408 78 31 living
312 3408 81 31 things
418 3409 55 24 bo<;h
493 3410 81 30 plants

47 3452 47 25 and
125 3451 101 24 animals
259 3451 61 24 have
351 3451 60 24 been
433 3452 142 32 developing

45 3494 151 30 throughout
215 3493 122 24 countless
360 3501 73 17 aeons
456 3494 27 25 of
505 3495 68 25 time.

46 3536 62 24 That
127 3535 58 24 land
209 3535 49 24 and
280 3538 74 23 water
376 3537 125 23 mountain
524 3538 49 24 and

44 3579 108 24 ocean'in
162 3579 62 30 spite
232 3578 27 24 of
266 3578 64 24 their
337 3581 118 28 apparent
464 3580 109 31 stability

45 3628 63 18 were
119 3620 139 31 constantly
278 3621 131 30 changing*
444 3621 64 26 That
531 3623 41 24 fie

44 3662 47 27 had
103 3663 62 24 done
177 3663 31 24 its
225 3662 65 24 work
301 3663 28 23 m
338 3670 68 17 some
420 3663 81 30 places
523 3664 49 25 and

42 3707 75 24 water
127 3706 25 23 m
161 3705 90 28 others,
264 3705 71 24 while
343 3705 26 23 m
378 3713 67 16 some
462 3706 109 24 instancs

43 3748 71 26 rocks
133 3748 25 25 of
181 3755 72 23 many
273 3747 133 26 thousands
428 3748 26 25 of
475 3748 48 26 feet
544 3749 28 26 m

663 158 124 24 thickness
809 160 49 24 had
886 161 60 25 been
966 163 94 24 formed
1089 164 31 31 by
1147 164 42 24 the

662 201 189 24 accumulations
862 203 27 23 of
903 205 76 24 shells
991 213 27 17 so
1039 207 73 23 small
1134 206 51 25 that

663 243 106 24 millions
781 244 25 23 of
814 245 68 24 them
893 248 81 30 might
985 249 28 23 be
1023 248 75 24 found
1110 251 25 22 m
1145 250 40 24 the

663 292 69 22 space
744 286 27 23 of
780 294 14 15 a
806 287 76 30 single
891 289 68 24 cubic
972 291 65 23 inch.
1070 292 51 23 The
1133 293 54 23 coal
1213 301 1 4 -

663 327 57 24 beds
731 337 61 15 were
804 330 102 24 referred
918 335 25 21 to
955 341 26 16 as
994 334 139 31 evidencing
1145 335 41 24 the

662 370 112 24 different
802 372 75 24 forest
911 375 94 29 growth
1039 377 26 22 of
1086 385 14 15 a
1130 380 55 28 past

662 413 131 30 geological
813 415 90 30 period,
936 418 48 23 and
1007 418 41 24 the
1071 419 114 25 lecturers

663 455 139 29 description
819 457 27 22 of
866 459 53 22 how
942 467 31 15 we
992 467 54 16 now
1063 462 123 23 extracted

663 496 40 23 the
717 497 71 23 Sun's
799 499 64 29 light
874 501 47 22 and
934 500 59 24 heat
1004 502 61 23 from
1080 504 40 22 the
1133 504 51 23 coal

623 546 2 13 i
662 537 36 23 for
710 538 117 25 domestic
839 547 115 24 purposes
967 543 95 24 elicited
1074 546 57 22 loud
1144 553 40 23 ap-

661 579 93 30 plause.
789 581 31 24 In
853 584 144 28 conclusion,
1033 586 39 24 Mr
1095 587 90 25 Collins

662 622 72 29 urged
747 622 38 24 his
796 623 97 25 hearers
905 627 24 23 to
942 628 85 29 regard
1039 629 19 22 tl
1067 630 118 23 emselves

661 671 27 15 as
700 664 107 24 children
819 666 27 24 of
855 675 43 15 one
910 669 121 24 universal
1043 671 104 29 mother,
1160 676 25 21 to

661 706 56 22 look
740 714 65 23 upon
827 708 41 24 the
891 710 70 24 earth
983 720 28 16 as
1034 713 64 24 their
1130 722 55 17 own

661 747 73 25 home
747 749 48 24 and
807 753 25 20 to
844 751 136 26 endeavour
992 755 24 23 to
1039 754 71 26 make
1129 757 19 23 it
1170 766 13 14 a

660 789 114 32 dwelling
785 793 68 28 place
864 793 29 24 fit
904 794 37 24 for
964 796 146 26 themselves
1134 800 49 22 and

661 831 37 24 for
717 832 80 25 future
816 837 159 27 generations.
1009 838 22 23 A
1053 838 70 25 home
1146 841 37 24 be-

660 874 65 29 yond
748 875 42 24 the
812 876 84 25 clouds
917 887 49 15 was
988 881 91 30 merely
1101 890 84 22 specu-

659 914 73 25 lative
744 917 49 23 and
802 918 145 32 imaginary.
983 921 53 24 The
1048 923 74 24 world
1134 932 48 16 was

658 964 33 17 no
703 959 84 30 longer
797 959 51 26 flat,
862 961 57 24 with
931 963 91 24 heaven
1034 964 75 25 above
1132 967 49 23 and

659 999 49 24 hell
723 1002 101 24 oeneath
836 1003 27 28 it,
876 1004 42 24 but
930 1005 41 24 the
979 1007 74 23 world
1065 1015 47 16 was
1124 1009 57 28 real,

659 1041 32 24 its
700 1042 54 31 joys
767 1045 46 22 and
826 1045 32 24 its
871 1054 101 17 sorrows
983 1055 62 17 were
1056 1050 60 28 real,
1135 1051 48 23 and

658 1083 22 24 if
697 1085 58 29 they
777 1087 78 24 would
875 1088 105 25 increase
1002 1090 42 24 the
1064 1092 43 30 joy
1136 1094 47 22 and

659 1125 79 25 lessen
750 1128 40 23 the
802 1136 97 21 sorrow,
912 1131 58 30 they
981 1134 65 22 must
1068 1141 67 17 cease
1157 1137 26 22 to

660 1168 27 23 be
700 1168 95 25 divided
806 1170 29 31 by
855 1172 137 25 unfounded
1013 1174 99 31 dogmas
1135 1177 48 23 and

659 1210 126 30 doctrines,
821 1214 48 23 and
902 1215 95 25 confine
1037 1217 144 26 themselves

660 1252 74 31 solely
745 1255 26 23 to
783 1254 69 26 these
864 1257 81 24 truths
957 1258 31 30 by
1009 1259 79 24 which
1111 1262 70 23 alone

660 1302 57 17 man
726 1297 71 24 could
806 1297 28 24 be
846 1298 106 26 elevated
962 1301 49 24 and
1019 1301 41 25 the
1072 1303 69 24 earth
1153 1303 29 25 be

659 1338 161 25 transformed
830 1340 54 25 into
895 1349 13 16 a
921 1343 132 25 terrestrial
1064 1346 117 29 paradise.

691 1379 33 25 At
735 1380 42 25 the
795 1383 139 25 conclusion
954 1384 27 25 of
1001 1386 41 24 the
1060 1387 89 25 lecture
1168 1397 14 15 a

658 1424 102 23 number
771 1424 27 23 of
806 1426 125 29 questions
943 1435 60 17 were
1014 1429 74 24 asked
1099 1429 32 32 by
1141 1431 40 24 the

659 1464 65 24 Eevs
735 1465 24 24 J.
772 1466 121 36 Benning,
907 1469 49 23 and
965 1469 24 24 J.
1013 1470 24 24 J.
1060 1471 120 32 Pendray,

658 1508 47 22 and
714 1507 93 26 Messrs
815 1509 163 31 Lewthwaite,
988 1512 101 32 Wright,
1099 1514 81 30 Bunn,

659 1549 47 22 and
718 1549 30 23 G.
761 1549 29 24 A.
804 1551 87 24 White.
926 1553 78 24 These
1026 1562 63 18 were
1112 1558 68 23 satis-

657 1589 112 32 factorily
780 1595 124 22 answered
916 1595 31 29 by
958 1596 41 23 tbe
1011 1596 108 30 lecturer,
1131 1600 50 22 and

656 1640 14 14 a
682 1631 84 32 hearty
778 1636 55 22 vote
844 1635 28 24 of
881 1636 93 25 thanks
986 1639 85 23 moved
1091 1640 30 30 by
1141 1640 39 24 Mr

658 1673 94 30 Parish,
771 1677 48 22 and
839 1678 120 25 seconded
982 1679 31 32 by
1035 1680 41 25 Mr
1098 1681 83 27 White

658 1715 102 33 brought
773 1718 40 25 the
824 1721 159 32 proceedings
992 1723 24 24 to
1027 1732 14 14 a
1059 1724 72 25 close.

763 1831 299 31 ODDFELLOWSHIP.

690 1918 51 25 The
764 1921 71 25 usual
856 1922 147 33 fortnightly
1024 1927 109 32 meeting
1155 1929 26 24 of

656 1957 43 25 the
717 1958 77 32 Loyal
816 1961 40 24 Nil
878 1962 187 31 Desperandum
1088 1966 90 33 Lodge,

657 1995 34 23 M.
700 1995 31 24 U.
745 1997 62 25 East
820 1998 97 29 Oxford,
930 2008 50 16 was
993 2001 56 25 held
1072 2010 31 18 on
1126 2004 53 25 Sat-

656 2034 76 31 urday
742 2035 55 27 last,
810 2038 25 23 at
848 2038 79 25 which
939 2040 67 24 there
1028 2049 49 17 was
1099 2050 15 17 a
1135 2043 46 25 fair

656 2073 150 24 attendance.
841 2075 49 24 The
912 2077 109 32 meeting
1044 2087 48 17 was
1126 2089 54 22 pre-

656 2109 65 25 sided
733 2117 56 18 over
811 2119 27 17 as
861 2115 70 23 usual
955 2115 32 31 by
1009 2115 58 26 Bro.
1091 2117 31 26 N.
1147 2119 31 25 G.
1215 2137 2 7 ,

656 2146 77 30 Horn,
746 2148 70 26 Bros.
828 2150 30 25 V.
871 2151 30 24 G.
916 2152 90 25 Baxter
1016 2155 48 24 and
1089 2156 32 24 G.
1144 2157 34 24 M.

658 2186 80 24 Smith
745 2190 130 30 occupying
884 2191 64 24 their
955 2194 131 29 respective
1091 2196 86 28 chairs,

656 2226 49 23 and
716 2226 42 25 the
770 2227 70 32 lodge
851 2237 49 17 was
912 2231 93 30 opened
1016 2232 26 24 m
1055 2233 40 24 the
1107 2236 72 24 usual
1188 2256 2 3 .

656 2263 69 24 form.
760 2264 52 25 The
832 2267 104 24 minutes
959 2268 26 24 of
1006 2270 40 24 the
1068 2272 110 26 previous

656 2301 106 31 meeting
784 2310 60 17 were
866 2304 58 24 read
955 2306 49 24 and
1037 2308 151 26 confirmed..

656 2337 56 25 Bro.
726 2338 24 25 J.
774 2339 74 25 Mann
872 2343 73 22 wrote
968 2343 152 33 apologising
1142 2346 36 26 for

655 2375 38 23 his
706 2375 110 30 absence,
828 2385 30 16 on
881 2378 41 24 the
945 2381 94 29 ground
1061 2383 26 22 of
1108 2383 72 32 being

656 2412 98 25 unwell.
788 2413 100 25 Medical
900 2416 141 26 certificates
1061 2426 60 17 were
1143 2428 36 17 re-

656 2449 82 24 ceived
748 2450 27 23 m
783 2449 84 26 favour
878 2452 27 23 of
914 2452 69 25 Bros.
994 2446 24 32 j.
1030 2454 97 32 Lough,
1151 2458 25 24 J.

656 2485 119 30 Knowles,
788 2488 47 24 and
853 2489 28 24 T.
905 2489 78 29 Cross,
1008 2493 92 31 stating
1122 2494 59 33 they

656 2524 110 30 required
788 2525 41 23 the
852 2525 100 26 benefits
981 2529 24 22 of
1034 2530 38 23 the
1101 2531 79 31 lodge.

658 2560 56 25 Bi*o.
728 2561 141 25 Zweibruck
880 2565 110 29 reported
1004 2565 98 32 visiting
1121 2567 59 26 Bro.

657 2597 95 32 Lough,
765 2599 48 25 and
824 2598 107 27 believed
952 2602 51 24 him
1025 2604 25 24 to
1072 2603 30 26 be
1124 2613 58 24 very

658 2635 27 24 ill
696 2635 94 25 indeed.

689 2673 57 23 Bro.
761 2673 22 23 G
785 2699 7 6 m
808 2674 33 23 M.
855 2675 81 23 Smith
948 2683 32 16 on
992 2675 84 26 behalf
1092 2678 28 24 of
1140 2680 41 24 the

658 2709 163 32 Anniversary
834 2710 145 26 Committee
991 2715 61 22 state
1056 2714 12 23 I
1091 2715 54 24 that
1167 2724 14 16 a

658 2747 108 31 meeting
776 2747 48 24 had
836 2747 60 24 been
903 2748 57 24 held
971 2750 25 23 at
1006 2750 80 24 which
1097 2752 20 24 it
1129 2760 50 18 was

658 2783 97 25 decided
764 2786 25 22 to
799 2785 60 23 have
870 2792 15 17 a
896 2785 78 31 picnic
998 2787 49 24 arid
1070 2788 54 29 ball,
1148 2798 32 16 on

658 2821 49 24 Jan
719 2823 50 26 sthj
783 2822 71 27 1892,
867 2822 47 24 and
926 2822 54 25 that
992 2823 78 32 owing
1080 2826 25 23 to
1122 2826 58 25 Bro.

658 2858 88 31 Lough
757 2858 72 31 being
840 2859 35 25 ill,
889 2859 57 24 Bro.
971 2860 138 27 Waterman
1133 2863 48 24 had

658 2895 61 24 been
731 2895 146 26 substituted
888 2898 26 22 to
933 2898 40 23 act
994 2898 27 26 m
1044 2898 38 25 his
1105 2901 76 24 stead.

658 2934 24 25 It
694 2943 45 16 was
752 2934 59 24 then
823 2936 141 23 announced
983 2936 55 24 that
1061 2938 41 24 the
1124 2941 58 24 next

658 2974 108 30 meeting
776 2981 31 16 on
820 2974 59 23 l*9th
891 2974 57 28 inst,
961 2975 49 23 will
1019 2975 29 24 be
1060 2976 42 24 the
1114 2978 68 24 usual

658 3013 144 31 half-yearly
823 3014 143 23 summoned
987 3022 53 20 one,
1062 3016 47 23 and
1140 3017 43 24 the

658 3051 125 29 following
794 3050 120 24 members
926 3058 61 16 were
998 3052 142 25 nominated
1155 3061 27 17 as

659 3087 90 25 officers
760 3087 37 24 for
809 3087 40 25 the
861 3088 104 30 ensuing
974 3089 71 27 term,
1057 3089 50 24 Bro
1119 3091 62 24 P.G.

660 3124 90 25 Baxter
760 3124 38 24 for
809 3124 75 28 N.G.,
907 3124 49 25 Bro
983 3125 141 25 Waterman
1146 3127 37 25 for

659 3164 62 24 V.G.
756 3164 64 24 That
831 3172 26 15 as
867 3164 40 23 the
919 3164 101 24 District
1033 3164 148 26 Grandmas-

658 3204 38 23 ter
706 3203 21 23 is
740 3202 114 30 expected
866 3204 25 22 to
903 3211 26 15 oe
940 3203 24 23 m
977 3203 143 25 attendance
1129 3205 20 24 it
1160 3206 22 24 is

634 3263 5 4 .
658 3240 78 31 hoped
748 3240 68 24 there
827 3239 50 24 will
889 3240 27 23 be
925 3248 15 15 a
951 3243 83 27 strong
1045 3243 93 22 muster
1149 3250 30 17 on

658 3278 42 23 the
717 3278 110 23 occasion
849 3277 26 23 of
894 3277 40 23 his
955 3277 66 24 visit.
1056 3277 58 25 Sick
1135 3286 46 23 pay

657 3315 144 31 amounting
813 3317 25 21 to
849 3316 33 23 5
901 3317 28 22 3s
947 3315 31 25 4d
989 3324 48 16 was
1048 3317 85 30 passed
1144 3318 38 23 for

656 3358 123 25 payment,
792 3354 49 24 and
851 3354 43 24 the
905 3355 108 28 meeting
1025 3355 139 28 adjourned.

657 3474 150 24 OPENING
821 3474 42 24 OF
886 3474 69 24 THE
980 3474 91 25 VIEW
1094 3475 82 25 HILL

802 3513 122 23 WATER
933 3513 101 23 RACE.

688 3594 114 31 Monday,
826 3594 58 25 Dec.
907 3595 53 28 7th,
983 3602 57 23 may
1063 3594 27 24 be
1123 3602 56 17 con-

656 3632 93 25 sidered
760 3640 15 16 a
787 3635 61 20 most
858 3632 133 31 important
1003 3631 77 32 epoch
1088 3632 25 23 m
1136 3632 42 24 the

654 3671 94 32 history
760 3671 27 24 of
793 3671 41 24 the
844 3672 111 30 pleasant
974 3671 63 24 little
1056 3670 122 33 township

653 3710 24 23 of
689 3710 65 23 View
767 3710 61 26 Hill,
841 3709 128 25 inasmuch
981 3717 27 16 as
1028 3709 42 24 the
1092 3708 84 25 inhab-

652 3747 75 24 itants
740 3754 38 17 aie
790 3746 67 25 alive,
865 3748 25 22 to
901 3745 43 26 the
955 3745 49 26 fact
1016 3745 54 26 that
1089 3753 47 18 one
1155 3745 28 26 of

1271 165 42 22 the
1326 168 76 22 surest
1413 168 49 23 and
1474 173 62 22 most
1546 176 140 27 permanent
1698 183 94 16 sources

1274 201 27 23 of
1308 203 103 24 comfort
1423 205 47 24 and
1482 208 86 24 wealth
1580 210 19 23 is
1611 219 15 15 a
1637 212 63 29 good
1723 213 71 23 water

1272 240 92 31 supply.
1399 240 52 26 The
1463 243 93 34 history
1564 248 25 23 of
1599 248 50 25 this
1660 257 55 17 race
1734 250 22 24 is
1778 258 15 16 a

1269 276 133 31 cheqiiered
1411 287 53 21 one,
1478 283 48 23 and
1537 292 15 15 a
1562 286 69 29 proof
1642 286 27 24 of
1689 287 40 24 the
1752 288 40 24 old

1269 313 74 33 adage
1356 315 53 25 that
1420 325 33 17 no
1465 321 88 24 matter
1564 321 51 25 how
1623 323 168 31 importunate

1267 359 48 21 you
1328 360 55 23 may
1395 354 35 28 be,
1442 363 46 23 you
1498 357 62 25 have
1570 360 41 23 but
1620 361 72 24 small
1701 362 91 24 chance

1267 388 26 24 of
1303 396 94 18 success
1409 392 80 25 unless
1500 402 48 22 you
1559 395 61 25 have
1632 405 14 16 a
1666 398 77 24 friend
1766 406 26 18 at

1268 426 82 27 Court,
1364 428 46 24 and
1422 429 49 25 this
1489 432 156 33 contingency
1667 443 48 16 was
1736 439 56 27 pro^

1267 463 66 23 vided
1347 465 36 23 for
1394 465 31 30 by
1448 468 104 31 electing
1575 471 40 22 Mr
1637 471 30 25 A.
1693 473 98 30 Wright

1266 507 62 21 upon
1341 500 42 24 the
1394 501 82 25 Board
1497 505 53 23 who
1569 506 76 24 threw
1667 516 28 16 so
1717 510 73 23 much

1267 535 111 26 business
1390 540 50 23 tact
1452 540 48 24 and
1517 543 113 29 practical
1654 544 137 33 knowledge

1267 572 52 24 into
1330 573 39 25 his
1381 575 64 24 work
1457 584 26 16 as
1498 581 24 21 to
1533 580 113 30 surprise,
1670 590 60 16 even
1752 583 38 23 his

1268 612 51 23 best
1331 612 91 26 friends
1432 616 49 23 and
1491 618 103 30 perhaps
1611 628 59 15 even
1693 620 101 26 himself

1267 648 48 24 and
1327 650 69 31 being
1407 651 90 25 backed
1509 662 33 23 up
1565 655 31 30 by
1620 657 52 24 that
1693 662 97 21 veteran

1267 687 72 23 water
1349 693 55 18 race
1423 690 136 25 enthusiast
1582 693 40 23 Mr
1644 693 24 25 J.
1691 695 99 25 Dobson

1265 722 42 24 the
1319 725 146 29 completion
1479 728 24 23 of
1515 729 39 23 the
1568 738 50 16 race
1630 739 49 17 was
1698 740 32 16 an
1752 742 37 16 as-

1265 760 71 24 sured
1347 760 48 25 fact
1407 763 47 23 and
1466 766 100 23 another
1588 767 93 26 feature
1703 770 25 23 m
1751 771 32 24 its

1266 805 95 18 success
1373 801 19 22 is
1406 801 41 24 the
1459 803 58 30 high
1531 805 117 25 scientific
1659 808 86 32 ability
1764 810 28 24 of

1263 836 43 23 the
1326 845 113 24 surveyor
1462 841 24 22 to
1510 841 41 24 the
1571 843 87 28 Board,
1676 846 47 23 and
1747 846 42 25 the

1264 873 72 31 ready
1348 881 119 20 resources
1489 879 27 23 of
1536 879 37 24 his
1596 881 69 24 mind
1688 882 24 24 m
1736 892 52 15 sur-

1265 913 117 23 mounted
1421 915 143 26 difficulties.
1599 919 13 22 I
1650 927 50 17 was
1735 929 54 24 very

1265 948 98 29 pleased
1375 949 69 25 when
1465 952 13 23 I
1505 956 42 27 got
1569 961 15 17 a
1604 961 126 20 courteous
1751 958 37 24 in-

1266 986 103 26 vitation
1381 992 25 21 to
1418 991 84 24 attend
1513 992 42 25 the
1564 994 113 32 opening,
1690 997 99 25 because

1267 1026 69 28 apart
1352 1026 63 24 from
1427 1027 40 25 the
1489 1029 108 30 pleasure
1620 1032 26 24 of
1665 1034 124 32 reporting

1266 1069 117 25 progress,
1397 1066 66 24 there
1474 1067 95 26 loomed
1578 1078 32 22 up
1620 1071 40 24 the
1669 1074 120 30 certainty

1267 1099 27 23 of
1302 1108 15 15 a
1328 1109 119 21 generous
1458 1105 110 25 welcome
1580 1109 25 22 to
1627 1116 13 15 a
1662 1110 127 32 charming

1267 1137 85 29 spread
1364 1139 26 23 of
1399 1139 117 26 delicious
1528 1150 92 22 scones,
1632 1146 89 29 golden
1733 1148 52 24 but-

1265 1175 45 26 ter,
1323 1175 52 23 rich
1396 1177 92 29 cheese,
1511 1182 188 29 unsurpassable
1721 1184 66 30 ham,

1267 1211 52 24 cool
1331 1212 75 27 salad,
1420 1215 47 26 tea,
1479 1216 82 29 coffee,
1582 1219 47 23 and
1649 1220 65 28 cake,
1738 1222 49 24 and

1265 1247 47 24 last
1323 1251 44 22 not
1388 1250 61 25 least
1472 1252 41 24 the
1535 1254 109 33 rippling
1661 1259 82 24 smiles
1763 1260 27 23 of

1263 1292 44 16 our
1329 1288 73 22 sweet
1435 1288 60 25 New
1526 1290 108 26 Zealand
1666 1295 119 25 maidens.

1264 1323 53 26 The
1328 1327 103 30 trysting
1442 1329 66 29 place
1520 1330 27 23 of
1556 1331 40 24 the
1607 1340 86 24 merry,
1705 1335 49 23 and
1773 1336 14 23 I

1262 1368 39 16 am
1312 1363 56 30 glad
1380 1365 26 23 to
1416 1372 42 23 say
1470 1366 97 32 hungry
1576 1371 78 29 party,
1673 1378 50 17 was
1745 1372 40 25 the

1263 1397 63 26 View
1336 1399 54 25 Hill
1402 1401 176 32 Sphool-room,
1588 1406 48 24 and
1646 1407 43 25 the
1708 1408 77 26 tables

1263 1443 63 17 were
1337 1438 112 29 provided
1470 1440 38 24 for
1525 1441 73 25 about
1620 1443 52 32 fifty
1693 1448 92 28 guests,

1262 1478 50 21 and
1322 1483 61 18 were
1399 1478 51 24 laid
1472 1481 42 23 out
1536 1480 59 24 with
1617 1483 74 24 much
1714 1486 71 27 taste,

1262 1520 132 19 numerous
1426 1524 69 18 vases
1533 1519 27 24 of
1589 1520 94 26 flowers
1716 1523 71 33 being

1263 1551 84 29 placed
1358 1555 24 20 at
1393 1553 116 24 intervals
1521 1563 113 23 amongst
1651 1560 41 22 the
1714 1563 73 23 sweet

1262 1588 94 27 viands,
1369 1589 54 29 lady
1435 1590 96 25 visitors
1547 1593 61 23 from
1632 1595 89 24 Oxford
1743 1597 42 24 ad-

1263 1624 59 30 ding
1332 1624 63 25 their
1405 1628 72 28 gusto
1494 1629 25 23 to
1536 1628 41 24 the
1589 1630 150 27 decorations
1761 1633 27 25 of

1264 1660 82 25 choice
1357 1669 75 22 roses,
1453 1665 38 23 &c.

1295 1698 52 24 Tbe
1364 1707 75 23 merry
1463 1704 69 28 party
1552 1704 122 25 consisted
1696 1707 25 23 of
1743 1707 42 25 the

1260 1736 118 25 members
1397 1737 27 25 of
1443 1739 42 24 the
1508 1739 77 26 Board
1609 1743 46 23 and
1690 1746 91 23 several

1260 1774 136 29 prominent
1409 1775 111 26 business
1531 1785 65 23 men,
1606 1779 49 24 and
1663 1780 41 25 the
1728 1782 52 25 best

1263 1810 91 25 feature
1376 1811 74 25 about
1472 1813 20 25 it
1509 1814 22 24 is
1550 1815 56 24 that
1627 1824 45 17 our
1703 1820 81 29 public

1263 1849 141 31 gatherings
1427 1859 38 16 are
1493 1856 136 29 constantly
1662 1856 124 34 becoming

1264 1894 64 16 more
1350 1887 90 24 refined
1462 1890 48 22 and
1742 1895 42 21 tEe

1263 1930 114 23 presence
1389 1924 27 24 of
1425 1923 42 26 the
1477 1925 83 25 ladies.
1594 1926 40 25 Mr
1644 1927 101 26 Dobson
1761 1929 27 24 of

1264 1968 83 17 course
1357 1962 114 31 occupied
1480 1962 40 25 the
1532 1965 53 23 seat
1596 1964 26 24 of
1630 1965 93 25 honour
1738 1967 49 24 and

1264 1997 142 32 discharged
1418 1999 42 24 the
1471 2000 79 24 duties
1572 2002 128 31 devolving
1723 2011 64 23 upon

1263 2034 53 25 him
1328 2036 26 23 m
1366 2035 39 25 his
1427 2037 71 24 usual
1521 2038 70 31 style.
1625 2039 53 25 The
1700 2042 87 24 viands

1263 2074 91 32 having
1365 2076 58 24 been
1435 2076 112 31 disposed
1558 2078 28 24 of
1594 2078 39 25 Mr
1644 2078 97 26 Dobson
1761 2081 25 24 m

1265 2122 15 16 a
1298 2122 57 24 racy
1378 2115 63 25 little
1463 2117 95 30 speech,
1582 2117 141 26 introduced
1744 2120 43 25 the

1265 2151 109 26 business
1391 2153 27 24 of
1438 2153 41 24 the
1501 2155 55 30 day,
1578 2155 57 24 thus
1653 2157 135 32 provoking

1263 2197 65 17 some
1339 2191 58 23 neat
1406 2191 63 24 little
1480 2192 112 30 speeches
1610 2193 61 24 from
1695 2195 92 24 Messrs
1798 2190 5 17 ;

1264 2228 105 32 Wright,
1382 2230 81 28 Bunn,
1485 2231 111 29 Hawker,
1619 2233 94 29 Parish,
1736 2235 49 24 and

1263 2268 90 28 others,
1376 2269 79 24 which
1478 2271 25 23 to
1523 2271 93 30 publish
1639 2272 26 24 m
1688 2277 98 21 extense

1262 2307 81 24 would
1354 2315 91 24 occupy
1456 2311 40 22 too
1509 2310 73 24 much
1600 2318 79 23 space,
1700 2313 49 23 and
1770 2321 15 16 a

1263 2344 90 25 cordial
1365 2354 8 12 -*
1380 2347 39 22 ote
1430 2346 25 23 of
1476 2346 90 25 thanks
1589 2356 47 16 was
1656 2350 86 29 passed
1761 2352 26 23 to

1262 2382 40 23 the
1313 2382 76 24 ladies
1401 2383 36 24 for
1444 2384 61 22 their
1512 2391 117 23 generous
1636 2386 149 32 hospitality.

1264 2418 81 25 When
1367 2419 42 24 the
1427 2421 71 30 party
1530 2421 132 31 adjourned
1691 2427 26 20 to
1747 2426 40 23 tbe

1263 2456 150 28 headworks,
1425 2457 49 23 and
1482 2456 39 25 Mr
1532 2458 102 24 Dobson
1655 2459 70 25 lifted
1746 2461 42 24 the

1263 2492 139 32 flood-gate,
1414 2494 48 24 and
1473 2494 110 26 declared
1595 2496 41 25 the
1653 2505 54 17 race
1730 2498 57 31 duly
1797 2503 2 11 '

1265 2531 99 30 opened.

1264 2568 68 24 After
1342 2569 123 31 watching
1475 2569 41 24 the
1526 2571 74 23 water
1618 2578 31 24 go
1669 2572 120 33 tumbling

1264 2605 71 25 down
1346 2605 43 25 the
1397 2614 54 16 race
1463 2606 129 32 indulging
1599 2608 25 24 m
1635 2618 14 14 a
1660 2609 42 24 few
1710 2610 77 31 pleas-

1263 2644 92 24 antries
1373 2643 43 25 the
1438 2647 71 28 party
1531 2644 72 26 drove
1625 2646 61 25 back
1700 2651 25 21 to
1747 2649 41 24 the
1825 2646 2 33 |

1264 2680 149 25 schoolroom
1426 2681 77 24 where
1516 2689 14 16 a
1546 2681 121 27 bountiful
1679 2685 38 23 tea
1738 2685 50 25 had

1263 2719 61 24 been
1345 2719 123 31 provided,
1502 2723 26 22 to
1553 2721 81 24 which
1655 2731 50 16 was
1726 2724 63 24 done

1264 2759 81 31 ample
1353 2758 88 32 justice
1463 2759 63 24 after
1547 2760 79 24 which
1649 2761 40 24 the
1708 2770 80 24 merry

1263 2797 70 29 party
1345 2795 73 25 broke
1429 2804 41 23 up,
1482 2797 101 29 grateful
1594 2799 25 23 to
1630 2797 65 26 their
1705 2807 82 23 gener-

1262 2843 45 16 ous
1318 2835 159 24 entertainers
1488 2835 49 25 and
1556 2836 86 32 highly
1663 2838 124 32 delighted

1262 2873 58 23 with
1343 2873 40 23 the
1416 2873 60 30 days
1498 2874 92 30 outing.
1625 2875 45 24 We
1691 2877 95 24 noticed

1263 2908 59 25 with
1332 2910 80 30 regret
1423 2909 41 25 the
1476 2909 101 26 absence
1589 2911 26 24 of
1623 2919 46 17 one
1692 2915 94 29 gentle-

1263 2953 56 18 man
1331 2946 51 32 (Mr
1394 2946 22 25 G
1429 2946 118 33 Plaskett)
1559 2948 55 24 who
1625 2950 57 24 took
1693 2957 15 17 a
1728 2951 59 31 deep

1263 2983 101 24 interest
1374 2983 25 23 m
1409 2984 40 23 the
1460 2984 170 30 inauguration
1637 2986 27 23 cf
1673 2987 42 24 the
1723 2995 63 21 race,

1265 3019 49 24 who
1324 3020 49 24 will
1383 3019 30 25 be
1423 3020 99 31 pleased
1540 3024 27 22 to
1589 3022 57 25 hear
1668 3023 56 26 that
1745 3025 44 24 the

1246 3076 3 4 .
1265 3058 170 30 praiseworthy
1465 3058 81 24 efforts
1577 3059 26 23 of
1623 3059 100 27 himself
1740 3063 49 24 and

1265 3094 71 25 other
1346 3095 62 24 have
1420 3094 49 25 had
1484 3103 23 17 to
1519 3098 132 25 successful
1661 3106 15 16 a
1688 3100 100 24 termin-

1266 3133 74 25 ation.

1295 3242 474 60 CORRESPONDENCE.

1265 3373 66 19 While
1340 3378 37 14 our
1385 3374 89 20 columns
1482 3380 36 13 are
1523 3380 51 19 open
1592 3376 21 19 to
1622 3377 31 18 all
1675 3383 28 14 we
1723 3378 24 19 do
1766 3382 24 15 no

1289 3404 89 25 identify
1383 3406 200 26 aur&eloeswithany
1587 3407 94 25 opinions
1686 3409 104 25 expressed

1291 3435 79 11 tharain

1263 3490 158 26 COOPER'S
1434 3492 115 25 CREEK
1562 3493 122 26 WATER
1693 3496 95 26 RACE.

1299 3580 32 23 To
1354 3580 37 24 the
1403 3580 86 24 Editor
1496 3582 31 29 of
1533 3582 36 24 the

1296 3622 51 29 Sir,
1382 3623 13 25 I
1406 3624 45 30 beg
1462 3625 26 24 to
1498 3625 115 31 question
1621 3626 42 25 the
1671 3629 119 25 assertion

1262 3659 27 25 of
1316 3660 83 24 Water
1409 3661 67 25 Race
1484 3662 5 10 '
1502 3662 55 26 that
1568 3664 41 24 the
1629 3665 116 26 madness
1766 3667 28 25 of
1811 3666 4 4 '

1261 3707 61 23 your
1340 3701 188 31 correspondent
1549 3703 47 25 has
1616 3705 73 24 taken
1706 3714 15 17 a
1740 3707 50 24 dir-

1262 3737 79 25 ection
1363 3738 27 24 m
1413 3738 43 26 the
1477 3739 115 28 interests
1611 3742 88 28 offthe
1721 3747 69 24 rate-

1883 178 94 23 payers.
2012 174 13 24 I
2037 175 70 24 think
2120 178 46 28 Sir,
2190 180 54 25 that
2270 182 20 24 it
2309 183 21 23 is
2352 191 59 23 very

1884 209 109 26 doubtful
2013 214 104 25 whether
2137 225 14 15 a
2173 226 57 17 man
2249 220 20 24 is
2288 221 72 31 likely
2383 225 26 21 to

1880 247 65 31 push
1957 249 40 24 the
2008 250 116 27 interests
2135 254 27 24 of
2168 255 42 25 the
2218 257 94 26 district
2321 260 85 28 much,

1878 284 56 26 who
1945 290 91 22 cannot
2046 289 88 25 refrain
2148 292 62 24 from
2222 294 73 31 using
2307 296 98 26 abusive

1877 322 49 24 and
1936 323 120 34 insulting
2064 326 120 34 language
2194 332 104 25 towards
2315 336 92 28 gentle-

1877 365 63 23 men,
1953 362 88 32 simply
2050 363 102 27 because
2162 367 56 31 they
2226 369 70 24 chose
2304 372 25 23 to
2339 373 69 23 think

1875 395 137 35 differently
2023 400 65 26 from
2100 402 103 26 himself.
2237 405 27 25 Is
2274 415 63 23 your
2355 416 52 17 cor-

1873 436 148 29 respondent
2033 445 15 16 a
2060 439 64 25 little
2138 441 55 30 god,
2207 442 56 25 that
2274 444 39 23 his
2336 446 69 30 opin-

1874 471 54 24 ions
1940 480 29 16 on
1982 476 76 22 water
2079 484 75 21 races,
2181 480 49 23 and
2255 481 71 24 other
2349 483 57 23 sub-

1870 507 71 29 jects,
1954 511 85 23 should
2053 512 27 23 be
2091 513 47 23 law
2148 515 12 22 ?
2195 516 30 27 If,
2253 526 25 15 fts
2322 519 84 24 Water

1873 543 65 26 Race
1948 547 6 8 '
1967 554 64 23 says,
2044 548 13 23 I
2069 549 62 25 have
2144 550 62 26 bean
2228 553 104 33 playing
2353 556 54 25 into

1872 581 42 23 the
1936 583 77 24 hands
2037 585 28 24 of
2084 586 43 25 the
2150 595 136 23 promoters
2310 593 28 23 of
2362 595 46 23 the

1872 621 75 24 water
1959 629 54 17 race
2027 623 31 32 by
2070 625 104 33 abusing
2182 637 60 22 your
2265 639 139 24 correspon-

1872 656 66 29 dent,
1951 659 67 28 then,
2035 663 81 30 surely
2138 673 59 21 your
2218 670 186 30 correspondent

1873 693 44 25 has
1929 694 37 25 for
1976 704 65 18 some
2054 700 68 29 time,
2143 701 56 25 been
2223 705 100 33 playing
2345 707 55 26 into

1873 734 41 23 the
1926 734 77 25 hands
2015 737 26 23 of
2050 738 41 24 the
2103 745 137 26 opponents
2253 745 26 23 of
2288 746 43 24 the
2343 755 53 16 race

1873 769 30 31 by
1915 771 103 33 abusing
2030 775 72 28 them,
2115 778 49 23 and
2176 780 18 22 if
2205 788 15 16 a
2228 789 70 17 cause
2307 783 92 25 thrives

1871 809 27 23 m
1917 809 130 34 adversity,
2072 816 63 23 tneir
2156 825 72 17 cause
2241 807 7 9 *
2262 821 76 30 ought
2373 825 26 22 to

1872 845 85 25 thrive.
1993 849 66 25 lam
2081 853 66 29 quite
2169 855 91 32 willing
2282 860 26 22 to
2329 861 70 23 enter

1872 882 42 25 the
1926 884 55 25 lists
1992 887 97 29 against
2099 897 62 22 your
2172 898 186 25 correspondent
2369 898 27 23 m

1871 927 48 24 any
1930 922 62 25 form
2005 924 27 24 of
2041 927 86 28 speech
2139 933 84 27 except
2244 932 83 29 abuse,
2350 934 46 26 but

1872 957 66 24 when
1950 959 21 24 it
1983 967 81 18 comes
2076 964 26 23 to
2114 964 82 30 abuse,
2209 967 14 23 I
2243 971 66 23 must
2331 971 67 25 leave

1872 994 42 24 the
1925 995 63 30 field,
2012 998 49 24 and
2083 1000 74 26 admit
2179 1011 60 23 your
2261 1013 135 26 correspon-

1871 1031 79 25 dent's
1969 1036 151 32 superiority.

1929 1070 84 25 Water
2023 1073 65 24 Race
2124 1077 59 23 need
2195 1080 41 22 not
2248 1079 61 25 have
2320 1082 74 25 taken

1870 1107 42 24 the
1924 1110 94 24 trouble
2030 1112 25 23 to
2065 1112 85 25 inform
2161 1123 39 16 me
2213 1117 52 24 that
2279 1119 31 23 he
2322 1122 74 23 wrote

1870 1143 40 24 the
1921 1145 73 24 letter
2004 1148 103 25 without
2119 1151 87 25 malice
2223 1155 105 25 towards
2345 1164 40 17 me
2389 1176 7 10 r

1870 1188 26 16 as
1904 1181 20 23 it
1933 1182 21 24 is
1965 1183 65 30 quite
2048 1185 143 28 immaterial
2202 1191 26 22 to
2238 1199 35 16 me
2291 1193 107 25 whether

1869 1218 32 24 he
1919 1219 79 25 writes
2023 1221 56 25 with
2113 1232 28 16 or
2175 1227 102 24 without
2309 1230 87 25 malice

1868 1258 105 24 towards
1983 1267 49 17 me.
2066 1261 52 25 The
2155 1272 60 22 poor
2220 1274 11 23 j
2237 1274 66 24 oung
2310 1276 59 17 man

1867 1293 22 24 is
1900 1294 66 30 quite
1978 1296 54 25 able
2047 1298 26 24 to
2093 1300 55 24 take
2161 1309 55 17 care
2239 1303 26 24 of
2284 1304 111 27 himself.

1868 1332 118 33 Possibly,
1998 1336 69 24 when
2079 1345 59 23 your
2152 1343 187 29 correspondent
2350 1345 47 24 has

1868 1369 44 25 left
1924 1371 47 24 this
1983 1373 94 32 earthly
2088 1376 86 28 sphere
2185 1377 38 24 for
2234 1379 41 23 the
2293 1382 101 24 seventh

1868 1406 87 24 heaven
1980 1408 26 24 of
2023 1409 139 32 happiness,
2189 1411 37 26 for
2244 1414 172 28 whicti~hijr

1868 1446 106 29 position
1997 1455 28 15 as
2048 1455 15 17 a
2082 1449 80 30 public
2185 1450 139 27 benefactor
2345 1453 51 25 will

1868 1481 125 26 doubtless
2004 1484 28 24 fit
2051 1484 61 28 him,
2135 1486 39 24 hia
2196 1489 79 23 statue
2295 1489 48 25 will
2366 1489 30 25 be

1867 1521 93 24 erected
1971 1522 26 24 m
2009 1522 42 25 the
2062 1523 71 30 Park,
2145 1524 62 26 from
2217 1526 42 25 the
2279 1529 66 30 steps
2367 1529 28 25 of

1868 1557 79 23 which
1958 1559 43 23 the
2017 1562 93 21 orators
2128 1561 27 24 of
2171 1562 43 23 the
2233 1566 163 30 unemployed

1867 1594 50 22 will
1926 1594 29 23 be
1967 1595 54 24 able
2032 1597 26 22 to
2069 1597 65 24 howl
2150 1597 64 25 forth
2237 1599 64 25 their
2318 1602 78 29 griev-

1868 1638 80 18 ances.
1981 1632 25 25 It
2016 1634 78 24 would
2108 1635 30 25 be
2149 1644 14 15 a
2175 1644 55 24 very
2251 1639 62 29 good
2340 1639 56 25 idea

1868 1669 48 27 too,
1929 1672 24 20 to
1964 1669 62 26 have
2043 1678 15 17 a
2080 1672 112 25 fountain
2214 1674 100 33 playing
2334 1677 60 24 from

1868 1705 40 24 his
1917 1707 92 28 mouth;
2022 1708 73 25 while
2107 1710 12 23 I
2127 1710 49 25 will
2194 1712 88 31 always
2304 1715 92 24 remain

1867 1743 26 23 m
1906 1743 129 32 obscurity,
2048 1747 103 24 crushed
2162 1749 49 24 and
2222 1751 173 25 o'erwhelmed

1868 1779 31 31 by
1921 1789 60 22 your
2000 1785 208 30 correspondent's
2230 1787 166 32 indignation..

1869 1819 57 24 Still
1943 1820 23 24 if
1981 1821 50 29 ink,
2053 1829 59 24 pens
2135 1825 48 23 and
2204 1832 75 24 paper
2298 1827 31 24 do
2352 1830 46 23 not

1867 1855 98 26 become
1976 1859 40 24 too
2037 1861 133 29 expensive,
2182 1863 49 23 and
2237 1871 48 21 you
2298 1863 40 26 Sir
2349 1866 50 24 will

1849 1893 300 21 ~nav-6ire-hmuuess-io
2166 1894 98 27 puWish
2283 1900 43 24 my
2336 1901 63 23 poor
2413 1895 6 3 ~

1870 1923 111 29 efusions,
1995 1924 13 24 I
2019 1925 86 25 intend
2116 1928 138 31 oocasionly
2265 1931 26 22 to
2300 1936 99 25 express

1870 1970 42 23 my
1933 1964 110 30 opinions
2065 1965 26 24 m
2114 1966 41 24 the
2174 1966 112 26 columns
2307 1968 26 25 of
2355 1969 43 25 the

2058 2010 61 17 even
2141 2003 21 24 it
2182 2004 54 31 they
2259 2005 140 25 3ometimea

1869 2037 69 25 differ
1949 2037 63 26 from
2026 2038 69 25 those
2102 2039 24 24 of
2133 2048 59 23 your
2199 2042 197 31 correspondent.

1870 2075 77 26 There
1967 2077 21 25 is
2010 2086 46 16 one
2078 2079 72 31 thing
2166 2080 81 25 which

1962 2114 47 24 and
2020 2115 14 24 I
2046 2115 61 25 have
2116 2116 26 24 m
2150 2124 122 18 common.
2305 2118 92 25 Oxford

1870 2155 21 22 is
1901 2161 46 17 one
1959 2154 25 24 of
1995 2154 40 24 the
2050 2157 65 23 most
2127 2156 114 25 beautiful
2253 2157 105 25 districts
2369 2159 27 24 m

1870 2192 59 25 New
1945 2193 110 25 Zealand
2077 2195 49 23 and
2148 2195 14 24 I
2182 2196 113 31 certainly
2316 2197 81 25 would

1869 2231 48 25 like
1926 2234 24 23 to
1962 2240 39 17 see
2010 2233 20 24 it
2036 2241 45 16 one
2090 2234 27 23 of
2123 2234 39 24 the
2171 2236 64 23 most
2242 2243 153 23 prosperous.

1870 2269 50 24 But
1926 2269 107 25 whether
2043 2270 123 31 irrigation
2174 2272 79 23 would
2263 2280 54 17 ever
2324 2273 73 25 make

1869 2307 21 24 it
1906 2314 34 20 ao,
1952 2307 22 24 is
1985 2314 33 17 an
2030 2314 60 23 open
2102 2309 121 29 question.

2065 2345 80 24 Yours
2156 2347 44 26 &o,

2162 2383 28 24 T.
2202 2383 96 28 Harle,
2307 2392 55 17 jun.

2082 2442 3 11 :

1902 2491 52 26 Sib.
1987 2492 14 24 I
2011 2493 61 24 have
2093 2493 106 26 received
2221 2494 42 25 the
2282 2495 114 26 enclosed

1868 2529 73 25 letter
1952 2530 58 24 from
2029 2531 43 24 the
2088 2531 158 31 Department
2267 2533 28 24 of
2312 2533 85 24 Lands

1868 2567 49 23 and
1930 2566 112 33 Surveys,
2055 2568 156 31 Wellington.
2245 2570 34 24 As
2289 2577 27 17 so
2324 2578 72 23 many

1870 2611 99 24 persons
1980 2604 27 25 m
2020 2604 41 26 the
2074 2605 90 25 Oxford
2175 2606 104 26 District
2296 2615 40 17 are
2357 2608 39 24 in-

1870 2642 103 23 terested
1985 2642 25 23 m
2022 2642 41 24 the
2074 2644 97 26 matter,
2180 2644 82 24 would
2270 2651 47 23 you
2329 2644 70 25 kind-

1870 2673 25 30 ly
1906 2673 51 24 find
1969 2681 70 22 space
2050 2674 26 24 m
2087 2675 41 23 the
2136 2675 136 25 'Observer'
2285 2676 37 24 for
2335 2677 65 30 pub-

1870 2698 110 31 lication?
1987 2706 26 24 m
2025 2714 122 21 common,
2162 2707 60 24 with
2233 2707 42 25 the
2287 2708 113 25 Minister

1870 2737 28 24 of
1908 2737 82 24 Lands
2005 2738 14 23 I
2037 2742 79 26 regret
2136 2738 57 26 that
2216 2742 25 22 at
2251 2742 95 29 present
2357 2741 42 24 the

1872 2769 57 23 land
1940 2769 27 24 m
1988 2770 110 31 question
2122 2773 91 23 cannot
2235 2771 30 25 be
2287 2773 112 31 acquired

1873 2801 30 28 by
1926 2801 42 25 the
1990 2802 167 25 Government
2179 2803 37 25 for
2249 2804 148 26 settlement.

1870 2833 58 25 Had
1936 2833 43 25 the
2016 2834 70 24 Land
2096 2835 38 24 for
2145 2835 159 26 Settlements
2321 2837 48 25 Bill

1873 2869 44 22 not
1929 2867 59 24 been
1999 2867 96 24 thrown
2107 2870 43 22 out
2163 2870 29 29 by
2203 2869 43 24 the
2257 2869 143 31 Legislative

1874 2898 109 29 Council,
2007 2900 65 24 there
2095 2901 78 23 would
2197 2900 63 26 have
2286 2902 59 24 been
2367 2907 33 19 no

1874 2931 116 31 difficulty
2001 2932 25 24 iv
2039 2932 43 24 the
2093 2940 52 23 way
2155 2933 26 24 of
2192 2933 148 26 Govorment
2361 2943 39 16 ac-

1874 2963 96 31 quiring
1981 2964 42 24 the
2035 2964 57 25 land
2103 2966 26 23 at
2140 2964 67 25 View
2227 2966 54 25 Hill
2303 2967 13 24 I
2339 2967 61 24 have

1874 3003 33 16 no
1917 2996 75 23 doubt
2004 2996 50 24 this
2065 2996 50 24 Bill
2126 2997 49 24 will
2184 2997 94 25 become
2286 2999 47 23 law
2340 3001 59 23 next

1875 3028 93 23 session
1987 3028 28 23 m
2025 3028 43 25 the
2088 3030 140 28 meantime,
2251 3030 14 25 I
2286 3031 57 28 fear,
2355 3039 45 17 no-

1874 3060 73 31 thing
1957 3068 47 18 can
2015 3060 29 25 be
2051 3061 71 24 done.

2071 3094 81 24 Yours
2164 3095 40 27 &c,

2117 3126 30 24 R.
2175 3126 194 26 MEREDITH.

1907 3208 156 25 MIDLAND
2075 3210 159 24 RAILWAY
2244 3210 125 26 LANDS.

1907 3293 39 23 Mr
1957 3294 101 27 Wilson,
2072 3295 104 24 General
2190 3295 115 33 Manager
2314 3296 27 24 of
2359 3297 43 24 the

1875 3325 126 31 Company
2013 3326 47 24 had
2073 3327 90 24 several
2183 3327 138 25 interviews,
2340 3328 60 25 with

1876 3358 41 24 the
1930 3358 109 25 Minister
2049 3360 25 24 of
2089 3360 80 26 Lands
2181 3367 27 17 as
2220 3363 25 21 to
2257 3361 42 24 the
2320 3362 82 24 settle-

1876 3392 68 22 ment
1956 3391 27 23 of
2001 3391 64 24 their
2083 3391 70 24 lands
2177 3392 32 30 by.
2229 3393 43 24 the
2295 3393 106 24 Govern-

1877 3424 66 23 ment
1954 3424 26 23 m
1993 3423 41 25 the
2046 3424 112 30 ordinary
2176 3432 71 23 ways,
2271 3426 49 23 and
2340 3434 26 15 as
2388 3434 13 14 a

1876 3455 77 26 result
1964 3455 43 26 the
2018 3455 72 27 Laws
2103 3457 101 25 Officers
2218 3466 59 15 were
2289 3457 75 25 asksd
2375 3460 25 22 to

1877 3488 89 28 advise,
1985 3489 23 24 iv
2029 3490 76 27 effect,
2128 3490 20 23 if
2171 3490 40 24 the
2235 3490 166 25 Government

1877 3520 49 24 and
1936 3521 43 23 the
1991 3521 124 32 Company
2122 3522 71 24 could
2202 3523 119 30 mutually
2329 3530 69 24 agree

1876 3555 26 22 to
1913 3560 59 24 vary
1983 3553 43 25 the
2037 3556 110 23 contract
2169 3563 26 16 so
2218 3563 27 16 as
2269 3556 25 23 to
2316 3555 84 25 enable

1877 3584 42 26 the
1936 3594 80 18 crown
2028 3588 25 23 to
2063 3586 189 36 giyeperqetual
2264 3587 74 25 leaser
2349 3588 49 24 and

1875 3619 68 30 place
1955 3622 68 23 rents
2035 3623 25 22 to
2069 3619 94 31 deposit
2175 3619 64 25 until
2262 3620 40 25 the
2325 3620 71 25 Com-

1876 3659 67 24 pany-
1964 3652 104 26 aelddted
2088 3652 41 24 the
2151 3652 71 24 lands
2255 3652 71 24 when
2356 3652 42 24 the

1833 3705 8 5 ..
1876 3683 78 26 leases
1974 3685 79 24 would
2074 3684 98 25 become
2193 3686 97 24 tenants
2311 3685 25 24 of
2358 3684 41 25 the

1877 3716 130 32 Company.
2255 3736 6 9 ;

1909 3749 53 27 The
1974 3757 92 19 answer
2076 3749 29 29 is,
2128 3749 54 27 that
2199 3756 34 18 no
2255 3749 59 26 such
2333 3748 68 26 devi-

534 38 167 29 OXFORD
742 39 91 30 AND
875 42 103 31 OUST
1025 46 223 32 OBSERVER
1273 49 235 39 SATURDAY,
1531 54 231 32 DECEMBER
1785 59 48 33 12,
1866 61 77 29 1892
