2450 3820
47 166 64 23 ation
125 166 63 24 from
200 166 42 24 the
254 168 108 22 contract
374 168 68 24 could
454 168 28 24 be
494 169 71 23 made
606 171 2 23 I

46 198 103 24 without
161 199 42 24 the
223 199 108 25 sanction
356 201 26 23 of
402 201 40 23 the
465 201 103 23 General

48 231 133 30 Assembly,
205 232 96 23 because
336 232 41 23 the
408 236 107 20 contract
546 234 22 23 is

46 263 73 23 made
130 263 77 24 under
217 264 42 24 the
271 265 120 30 authority
403 265 25 22 of
437 273 31 15 an
480 265 46 23 Act
529 274 5 5 1

81 295 54 24 You
148 296 48 23 will
214 297 59 24 thus
295 305 39 16 see
356 297 54 24 thtt
432 297 42 24 the
497 298 70 23 Com-

47 336 73 23 pany,
134 329 47 23 and
195 332 39 21 not
246 330 41 23 the
308 330 170 28 Government,
499 330 70 24 could

49 361 95 30 dispose
156 363 26 22 of
193 362 41 23 the
256 363 58 22 land
334 364 25 21 at
379 363 98 28 Oxford,
501 363 66 23 View

48 394 63 27 Hiil,
123 394 49 23 and
187 394 121 23 Hurunui.

82 425 52 25 The
146 426 112 24 Minister
277 426 25 23 of
322 425 69 24 Land
413 429 95 28 request
531 434 38 16 me

49 460 26 23 to
85 467 96 22 express
194 458 34 23 his
240 461 87 28 regret,
338 458 47 23 and
395 462 25 20 to
432 459 76 24 desire
522 467 47 22 you

50 494 26 20 to
88 491 178 23 communicate
278 490 42 24 the
332 493 63 21 state
407 492 24 22 of
454 491 40 23 the.
516 499 54 15 case

51 524 25 23 to
89 523 41 24 the
141 523 84 31 people
237 523 137 24 interested.

341 566 28 22 A.
391 564 82 25 Baird.

135 694 117 24 SOCIAL
281 693 207 25 GATHERING.

85 778 38 23 On
135 768 124 39 Thursday
271 777 51 24 Dec
339 777 57 24 10th
408 777 43 24 the
472 777 101 24 farmers

52 810 49 24 and
116 811 137 23 tradesmen
275 810 26 24 of
311 809 88 24 Oxford
411 809 48 23 had
471 818 14 14 a
501 809 71 24 social

52 842 128 30 gathering
191 844 24 21 at
227 844 39 21 the
276 841 29 23 E.
318 841 89 23 Oxford
419 841 71 23 Town
515 841 59 24 Hall

52 874 59 23 with
122 874 41 25 the
174 873 77 32 object
263 873 27 25 of
299 874 139 30 expressing
450 873 63 24 their
531 881 42 22 ap-

53 907 131 30 preciation
196 907 26 23 of
235 906 41 24 the
299 905 110 24 valuable
432 906 72 22 social
526 905 46 23 and

53 939 152 23 commercial
222 939 101 22 services
345 937 116 24 rendered
485 939 24 22 to
532 937 40 23 the

54 970 102 28 district,
172 970 28 31 hy
212 970 42 25 the
266 970 106 31 untiring
385 969 48 23 and
455 969 119 32 energetic

54 1003 79 24 efforts
145 1003 26 24 of
181 1003 38 24 Mr
233 1003 105 30 Ingram.
374 1003 52 23 The
438 1002 75 24 Chair
527 1010 46 16 was

54 1035 113 30 occupied
180 1036 29 30 by
232 1036 40 23 the
292 1034 73 24 oldest
387 1034 97 30 pioneer
495 1034 25 23 m
534 1034 39 23 the

54 1067 93 24 district
170 1067 39 23 Mr
228 1067 15 23 J
269 1067 99 23 Pearson
393 1066 80 24 whose
495 1066 79 23 duties
584 1069 4 4 '

54 1107 59 16 were
125 1099 175 30 compnritively
312 1099 61 29 light
385 1106 30 15 on
426 1102 102 20 account
551 1098 25 23 of

54 1132 40 23 the
106 1131 84 30 hearty
202 1131 132 30 unanimity
357 1130 27 24 of
402 1131 41 23 the
464 1130 110 23 hundred

55 1163 134 31 gentlemen
220 1171 56 16 over
301 1163 79 24 whom
412 1162 32 25 Le
466 1162 110 31 presided

55 1196 23 23 m
92 1196 74 30 doing
177 1196 74 23 honor
270 1198 23 21 to
313 1195 61 24 their
395 1199 77 26 guest.
507 1194 68 24 After

55 1228 40 23 the
106 1228 94 22 various
213 1227 114 23 Patriotic
349 1228 76 22 toasts
447 1226 47 24 had
517 1227 57 23 been

55 1259 110 29 disposed
177 1259 30 22 of.
242 1259 50 22 The
304 1258 132 23 Chairman
452 1258 58 23 bade
534 1258 41 22 the

56 1298 113 23 company
188 1292 25 22 to
235 1290 34 23 fill
292 1289 63 24 their
375 1290 90 29 glasses
486 1293 25 20 to
534 1289 42 23 the

55 1322 82 24 health
149 1321 27 25 of
186 1323 61 23 their
259 1323 70 30 guest
352 1321 26 24 of
400 1321 40 25 the
463 1321 110 30 evening,

55 1355 107 29 shewing
172 1354 65 23 what
246 1353 80 31 might
339 1353 28 24 be
379 1353 59 24 done
460 1353 30 31 by
513 1354 61 23 such

55 1391 55 16 nun
122 1391 27 16 as
169 1385 38 22 Mr
226 1385 106 29 Ingram,
356 1386 54 22 who
433 1386 89 22 carried
543 1392 32 16 on

54 1415 62 24 their
137 1415 110 25 business
268 1415 57 25 with
348 1424 95 23 energy,
467 1417 106 30 honesty,

54 1447 47 22 and
112 1448 121 30 integrity*
254 1448 47 23 and
324 1448 32 23 he
379 1448 66 23 know
466 1449 54 22 that
543 1450 31 21 all

52 1486 59 16 were
125 1480 142 22 unanimous
280 1480 23 22 m
317 1480 85 29 sajdng
414 1480 54 23 that
480 1480 30 23 he
522 1480 49 23 had

52 1509 71 25 made
135 1518 74 23 many
220 1511 88 23 friends
320 1511 48 24 and
379 1519 32 16 no
424 1513 109 23 enemies,
543 1512 31 24 he

52 1542 49 25 had
114 1546 70 27 spent
197 1543 58 24 both
267 1544 57 23 time
336 1544 48 23 and
396 1552 87 23 money
494 1545 26 22 m
532 1545 42 23 the

52 1575 176 23 advancement
250 1575 26 23 of
287 1575 89 24 Oxford
399 1576 57 24 botli
476 1577 99 30 socially

52 1607 47 22 and
112 1607 183 29 commercially,
303 1607 31 24 he
346 1615 55 16 now
412 1608 104 23 claimed
535 1609 41 23 the

50 1638 54 24 heai
111 1640 25 29 ty
148 1639 62 30 good
221 1640 83 23 wishes
316 1640 26 22 of
351 1641 41 22 the
410 1648 117 23 company
549 1641 25 23 m

52 1670 116 31 drinking
189 1671 42 24 the
255 1671 82 24 health
360 1672 27 23 of
404 1672 65 23 their
498 1678 76 24 guest,

58 1702 39 23 Mr
108 1702 95 31 Ingram
216 1711 48 16 wa.s
275 1703 160 31 wonderfully
457 1705 119 30 surprised

52 1735 70 23 when
133 1735 32 24 he
175 1735 74 25 found
269 1736 52 24 that
333 1744 14 16 a
356 1736 86 24 dinner
454 1744 46 17 was
511 1739 25 22 to
549 1739 27 22 be

53 1768 72 30 given
135 1768 25 23 m
172 1768 37 24 his
220 1771 102 24 honour,
334 1770 44 23 not
396 1769 93 31 having
515 1771 59 22 been

53 1808 77 16 aware
142 1800 54 24 that
207 1800 30 24 he
248 1801 46 23 had
306 1801 61 23 done
396 1801 119 31 anything
537 1810 38 15 ex-

54 1832 157 30 traordinary.
246 1833 39 24 He
308 1833 79 30 might
405 1841 40 23 say
468 1834 109 24 however

56 1864 69 14 slum
124 1864 53 15 ij~
179 1864 125 23 bliww^Ufc
304 1866 28 15 Uo
356 1865 65 17 L.a.<3.
423 1866 119 20 jKscld-.acL.
551 1867 25 17 m

54 1894 67 16 some
130 1895 108 16 measure
248 1892 27 21 to
295 1889 104 25 advance
410 1890 42 25 the
475 1892 101 24 interest

53 1919 25 22 of
90 1919 40 23 the
142 1919 93 25 district
259 1921 117 30 although
389 1922 48 24 this
449 1923 76 31 might
547 1924 30 25 be

52 1951 87 23 caused
151 1951 31 31 by
190 1952 39 24 his
240 1953 91 31 having
341 1957 94 30 greater
445 1958 129 28 opportun-

52 1983 55 24 ities
130 1983 61 24 than
226 1993 66 16 some
315 1986 26 22 of
365 1986 39 24 his
429 1988 147 30 neighbours

52 2015 76 23 whom
135 2015 30 23 he
176 2015 74 25 found
269 2017 53 30 just
345 2026 25 16 as
393 2019 92 31 willing
504 2021 70 24 when

54 2048 174 28 opportunities
240 2050 106 26 occured,
360 2050 31 24 he
402 2051 111 25 however
531 2053 43 24 felt

53 2087 56 22 very
122 2080 102 29 grateful
242 2085 25 20 to
278 2082 52 23 find
343 2082 38 24 his
393 2090 58 23 poor
473 2085 101 24 services

54 2118 26 16 so
91 2114 140 29 generously
239 2114 145 30 recognised.
419 2116 40 23 He
470 2116 46 23 had
524 2120 48 21 act-

53 2142 28 24 ed
93 2151 29 16 on
135 2151 14 16 a
160 2144 116 32 principle
287 2153 64 24 upon
359 2147 79 24 which
448 2148 31 24 he
496 2149 78 31 hoped

51 2177 26 22 to
89 2176 113 24 continue
210 2179 23 22 to
245 2180 39 22 act
297 2179 59 31 (viz)
367 2181 25 22 to
404 2180 86 25 diffuse
512 2182 60 30 hap-

50 2207 80 31 piness
147 2210 114 30 amongst
273 2211 42 24 tho
323 2218 25 17 se
370 2212 56 23 with
438 2213 80 24 whom
541 2214 32 24 he

50 2248 67 16 came
129 2241 23 23 m
165 2247 103 24 contact,
281 2245 26 22 m
319 2243 40 24 his
370 2246 73 23 social
457 2246 47 23 and
511 2246 62 25 bus-

50 2273 66 24 iness
128 2275 126 28 relations,
277 2284 27 15 as
318 2276 31 24 he
360 2276 76 25 found
455 2278 55 24 that
532 2280 40 24 the

51 2308 79 21 surest
152 2314 51 22 way
215 2307 35 32 gto
273 2308 81 24 obtain
374 2309 129 30 happiness
525 2311 48 24 and

52 2345 96 16 success
159 2338 26 24 m
195 2339 41 23 life
249 2348 48 15 wus
309 2342 23 21 to
344 2342 82 23 confer
438 2349 29 16 on
491 2344 81 23 others

52 2370 70 23 when
134 2372 175 28 opportunities
320 2374 101 23 occured
444 2375 64 23 what
525 2384 47 22 you

48 2406 66 20 most
125 2402 91 24 wished
224 2403 38 24 for
283 2405 112 30 yourself.
431 2406 71 25 Since
515 2410 57 21 sett-

46 2433 53 31 ling
110 2433 71 24 here-
193 2435 28 23 he
243 2436 47 23 had
312 2438 116 23 travelled
454 2442 26 20 to
502 2440 70 23 other

47 2467 121 23 countries
189 2467 48 23 and
249 2476 56 16 seen
318 2468 68 25 other
398 2471 78 27 lands,
489 2472 41 23 but
542 2471 32 25 he

47 2497 88 32 always
147 2501 110 22 returned
280 2502 24 23 to
316 2501 148 33 Canterbury
476 2504 48 23 and
546 2506 25 23 to

48 2530 89 24 Oxford
156 2532 26 23 m
210 2533 129 29 particular
359 2534 56 23 with
424 2543 15 15 a
466 2536 104 29 grateful

47 2562 76 24 heart.
158 2563 77 24 There
271 2572 49 17 was
356 2574 67 16 some
454 2568 118 25 excellent

47 2602 73 24 songs
129 2595 48 24 and
189 2597 136 24 recitations
343 2598 86 32 during
439 2600 43 24 the
505 2609 69 15 even-

45 2627 42 30 ing
153 2628 75 24 which
283 2631 66 23 made
392 2631 41 24 the
476 2633 94 29 gather-

43 2659 45 30 ing
99 2668 12 14 a
122 2661 153 28 particularly
294 2662 137 30 enjoyable,
452 2664 49 23 and
521 2664 50 25 also

47 2698 65 17 some
130 2699 54 23 very
200 2695 56 22 neat
273 2693 64 25 little
365 2696 118 29 speeches,
520 2697 52 25 that

45 2724 56 23 well
114 2724 96 24 deserve
219 2727 148 30 recognition
377 2727 79 24 which
465 2737 35 15 we
510 2730 60 29 hope

44 2757 26 22 to
82 2757 128 29 reproduce
233 2758 24 23 m
282 2766 43 16 our
350 2761 57 22 uext
427 2767 27 17 as
466 2760 50 24 well
544 2769 27 17 as

54 2788 71 24 fulbr
179 2789 85 25 details
313 2791 77 24 which
429 2800 35 17 we
501 2793 69 26 know

42 2828 44 16 our
97 2821 92 24 readers
207 2823 50 23 will
267 2823 29 24 be
315 2824 101 24 anxious
427 2828 24 20 to
463 2833 91 22 peruse.

66 2926 106 38 NURSE
200 2929 154 37 FULTON'S
384 2931 165 46 ROMANCE,

285 2981 45 23 OR,

43 3012 64 25 UPS
115 3014 69 23 AND
189 3015 125 25 DOWNS
323 3016 43 24 OF
372 3017 20 22 A
401 3017 168 25 COLONIAL

190 3052 110 26 GIRL'S
329 3054 91 25 LIFE.

188 3138 47 30 (By
253 3139 71 24 Aunt
348 3139 72 32 Peg.)

202 3261 70 24 THE
287 3262 115 26 STORY.

185 3341 54 24 The
249 3351 50 16 two
309 3342 108 25 Nurses.

39 3382 84 24 ''Fair
136 3383 59 31 hope
206 3384 22 24 is
240 3384 70 30 dead,
320 3385 49 23 and
387 3385 64 31 light

69 3421 26 25 Js
106 3422 125 30 quenched
242 3423 26 24 m
289 3423 79 31 night.

41 3459 73 24 What
127 3459 77 24 sound
214 3468 46 15 can
272 3460 74 25 break
369 3461 40 24 the
432 3461 90 26 silence
540 3462 27 25 of

101 3495 113 32 despair?

249 3535 38 25 Oh
310 3535 119 32 doubting
446 3537 69 25 heart
524 3540 5 23 !

38 3589 54 30 Thy
105 3589 43 31 sky
160 3589 20 23 is
204 3590 129 26 over-cast,

70 3626 47 24 Yet
129 3628 64 22 stars
206 3626 64 24 shall
284 3628 47 23 rise
342 3626 26 23 at
392 3626 57 28 last,

38 3666 115 29 Brighter
165 3666 31 23 foi
212 3665 117 24 darkness
350 3666 54 29 past

71 3703 58 25 And
141 3704 85 30 angels
234 3703 72 24 silver
315 3702 77 24 voices
400 3701 45 25 stir
453 3702 41 24 the

68 3742 25 25 It
104 3749 49 17 was
172 3742 100 29 Sunday
294 3741 133 28 afternoon,
451 3739 49 25 ar.d
521 3740 43 27 the

613 171 2 21 I
656 160 135 26 Christmas
814 163 51 24 Eve
889 164 26 24 of
936 166 70 24 18.
1042 168 75 24 Gusts
1151 164 25 28 of

656 199 61 23 wind
728 208 59 16 were
799 201 27 23 of
834 209 85 21 course,
934 203 110 32 blowing,
1058 205 118 31 although

656 237 126 26 otherwise
805 241 54 23 fine.
894 241 12 23 I
931 249 41 23 s.iy
1073 252 83 16 course

657 274 34 24 for
702 276 20 23 it
744 284 45 16 was
812 277 41 24 the
875 277 101 32 Empire
998 280 54 31 City
1075 281 26 24 of
1122 282 58 23 New

659 312 106 25 Zealand
776 314 75 24 which
865 324 115 23 everyone
992 318 82 26 knows
1085 319 23 24 is
1128 327 51 23 pro-

660 351 85 23 verbial
765 352 36 23 for
823 353 31 23 its
890 355 82 23 winds.
1009 356 57 24 Two
1099 364 82 22 young

659 386 75 25 Indies
747 389 45 22 had
801 389 53 29 just
865 399 69 15 come
946 391 106 32 through
1066 393 42 24 the
1127 396 56 28 gate

661 425 26 23 of
698 425 41 24 the
751 426 121 31 Hospital.
908 429 68 30 They
989 431 70 23 stood
1071 438 14 16 a
1108 439 74 16 mom-

661 464 47 26 ent,
719 464 56 22 then
789 464 42 24 the
844 466 92 23 shorter
960 467 47 23 and
1030 476 108 22 younger
1161 469 24 22 of

661 501 52 25 two,
728 501 51 23 said
792 505 24 19 to
828 502 43 23 her
883 504 143 30 companion
1039 505 23 23 m
1083 512 14 16 a
1120 505 65 23 biiok

661 537 111 30 pleasant
791 540 72 26 voice,

721 585 88 24 Which
823 594 50 23 way
885 587 62 24 shall
960 595 35 16 we
1005 596 39 22 go,
1069 589 78 23 Nurse

781 623 75 30 really
868 624 12 22 1
892 624 63 24 have
967 632 33 17 no
1012 625 90 28 choice,
1115 625 13 24 I
1147 625 41 25 did

663 660 71 24 think
746 662 12 23 I
771 662 78 24 would
861 663 49 24 like
922 665 25 22 to
958 672 30 22 go
1002 672 30 23 up
1045 666 25 23 to
1080 666 40 23 the
1129 665 58 30 flag-

664 698 63 27 staff,
741 698 42 25 but
795 700 20 23 it
827 700 19 23 is
853 700 62 24 such
927 709 15 15 a
954 701 74 24 climb
1040 702 47 23 and
1110 702 12 23 I
1146 711 42 14 am

664 742 26 16 so
712 736 102 23 weai'ied
983 738 91 30 replied
1108 738 80 25 Nurse

666 772 89 24 Pulton
767 774 26 22 m
805 773 60 24 such
877 782 15 16 a
901 782 78 22 weary
987 775 125 30 dispirited
1124 780 65 23 tone,

663 819 26 14 as
697 812 91 29 though
802 812 42 24 she
864 813 48 23 had
934 821 33 17 no
989 814 41 24 life
1054 822 25 16 or
1101 822 89 23 energy

664 847 43 24 left
718 847 25 24 m
763 848 49 24 her.

786 896 42 23 the
842 904 54 22 very
908 897 75 30 place,
1007 898 20 23 it
1049 897 50 25 will
1122 897 62 24 blow

662 939 67 24 away
743 932 33 24 all
790 932 41 24 the
841 933 110 25 cobwebs
963 934 61 24 from
1038 942 45 16 our
1101 934 89 29 brains,

664 971 21 23 if
696 979 34 17 we
742 972 60 24 have
824 980 47 23 any
897 972 89 29 brains,
1010 973 13 24 I
1045 980 80 21 mean,
1148 975 43 23 not

666 1008 117 29 cobwebs,
796 1010 49 23 and
857 1010 69 24 make
938 1019 28 15 us
988 1011 46 24 feel
1056 1012 68 22 fresh
1144 1012 49 23 and

782 1046 53 23 said
859 1047 77 24 Nurse
961 1048 95 24 Easton
1089 1048 27 24 m
1148 1048 45 24 her

670 1082 62 24 brisk
744 1083 98 24 decided
854 1092 61 22 way.

725 1119 138 29 Somehow,
885 1129 44 23 you
954 1121 90 32 always
1066 1124 30 22 do
1126 1130 64 17 seem

664 1157 66 24 fresh
742 1159 45 23 and
801 1158 81 31 lively,
896 1159 78 24 Nurse
994 1159 95 25 Ea^ton
1100 1168 6 21 ;
1125 1161 14 23 I
1163 1161 29 23 do

664 1196 44 21 not
722 1194 71 25 know
806 1195 53 24 how
871 1205 48 21 you
931 1205 105 22 manage

723 1231 68 24 Shall
804 1232 12 23 I
828 1232 43 24 tell
882 1240 45 22 yon
942 1234 42 23 the
1004 1235 86 26 secret,
1114 1234 58 23 dear
1182 1236 11 21 ?

665 1269 96 30 Always
770 1271 39 29 try
821 1272 24 22 to
857 1278 40 16 see
920 1271 42 24 the
984 1272 84 30 bright
1091 1273 50 23 side
1167 1273 26 23 of

664 1306 141 31 everything
817 1306 109 26 however
945 1308 59 24 dark
1025 1310 20 23 it
1068 1318 57 22 may
1148 1318 40 22 ap-

663 1351 66 22 pear,
741 1344 38 23 for
789 1345 142 31 everything
942 1347 42 22 has
996 1354 14 16 a
1031 1347 82 30 bright
1124 1368 3 2 .
1137 1347 51 25 side

664 1380 21 24 if
696 1388 33 17 we
737 1380 50 25 will
800 1382 56 31 only
868 1383 56 23 look
936 1383 37 24 for

698 1417 77 25 When
797 1419 42 24 the
861 1420 60 29 girls
943 1421 49 23 had
1026 1421 87 31 gained
1148 1423 40 22 the

665 1455 102 22 summit
779 1455 25 23 of
815 1455 40 23 the
868 1456 51 28 hill,
931 1457 76 24 Nurse
1020 1458 91 24 Fulton
1131 1459 61 23 sank

664 1492 72 23 down
748 1500 29 14 on
790 1493 42 23 the
844 1500 67 22 grass
925 1493 83 25 buried
1021 1495 42 23 her
1085 1495 53 25 face
1163 1496 27 24 m

664 1528 44 25 her
717 1529 88 28 hands,
819 1530 47 24 and
880 1532 66 23 burst
958 1532 51 24 into
1021 1535 73 22 tesrs.

724 1568 72 30 Why,
810 1568 78 25 Nurse
901 1570 91 23 Fulton
1005 1571 57 23 dear
1071 1573 6 21 !
1113 1572 76 23 What

664 1605 22 23 is
697 1605 42 22 the
758 1607 87 22 matter
853 1607 11 23 ?
883 1606 35 23 Oh
943 1615 75 20 come,
1042 1615 76 21 come,
1141 1609 50 24 this

665 1643 48 24 will
737 1652 70 15 nevei
833 1645 38 24 do.
906 1646 83 23 Think
1019 1647 26 23 of
1075 1648 116 30 to-night,

666 1688 47 22 you
735 1688 40 17 are
798 1682 118 31 unfilting
938 1684 111 29 yourself
1068 1685 37 23 for
1132 1693 61 23 your

769 1718 53 24 said
839 1720 45 23 her
908 1721 148 31 companion
1077 1722 27 24 m
1127 1725 66 28 great

666 1756 108 24 distress.

669 1815 2 4 ,
748 1793 73 24 think
832 1794 64 24 lam
907 1795 43 24 the
973 1799 64 21 most
1060 1796 131 25 miserable

666 1833 110 22 creature
787 1832 27 23 m
832 1832 132 24 existence.
998 1833 77 24 What
1096 1834 62 24 have
1180 1834 14 24 I

666 1869 24 18 to
720 1868 47 20 live
799 1868 36 21 for
844 1869 12 19 9
889 1869 116 30 Nothing.
1043 1870 150 31 Everything

666 1908 58 22 goes
736 1902 95 30 against
844 1909 47 18 me.
927 1904 14 23 I
952 1904 61 24 have
1024 1912 33 17 no
1080 1906 63 31 hope
1166 1907 25 24 m

664 1937 51 24 life.
749 1938 13 23 I
775 1938 58 25 wish
844 1939 14 24 I
880 1948 61 16 were
964 1941 60 25 dead
1076 1943 44 25 she
1143 1944 47 24 fin-

647 2000 2 2 .
664 1975 70 23 ished
746 1984 30 22 up
790 1976 58 24 with
864 1980 69 28 great
955 1979 153 26 vehemence.

724 2012 73 25 What
824 2021 15 16 a
868 2015 111 32 naughty
1007 2017 89 25 wicked
1125 2018 48 30 girl
1183 2021 5 22 1

665 2050 74 25 What
751 2059 40 16 am
803 2052 13 23 I
828 2054 25 22 to
871 2061 43 22 say
936 2057 26 21 to
983 2063 57 22 you,
1063 2064 47 23 you
1134 2058 55 24 who

663 2088 61 24 have
736 2089 60 24 such
807 2088 49 26 lots
867 2090 26 24 of
913 2091 59 25 kind
1136 2095 51 24 said

663 2127 86 28 Nurse.
765 2127 103 29 Easton,
892 2129 13 24 I
928 2131 105 32 thought
1060 2141 36 17 we
1129 2141 61 17 were

663 2165 73 30 going
748 2170 24 20 to
785 2166 70 31 enjoy
868 2167 49 24 this
929 2168 125 26 afternoon
1066 2179 26 16 so
1114 2172 76 24 much

662 2202 20 24 it
694 2202 20 24 is
727 2203 59 23 such
798 2212 14 14 a
824 2205 92 24 chance
929 2206 37 24 for
988 2215 26 16 us
1037 2210 25 22 to
1084 2214 40 25 get
1146 2217 44 17 our

663 2242 46 30 day
721 2242 35 24 off
925 2246 42 24 she
990 2247 77 24 added
1090 2256 15 16 a
1127 2248 62 25 little

663 2281 129 30 pensively.

696 2316 103 25 'lama
810 2320 97 26 wretch,
920 2320 79 24 Nurse
1006 2322 100 28 Easton,
1118 2323 46 25 and
1176 2324 13 24 I

663 2355 94 23 wonder
768 2363 48 23 you
827 2356 57 23 take
901 2364 47 23 any
960 2358 101 25 interest
1073 2360 23 23 m
1105 2360 59 24 such
1176 2370 12 14 a

662 2391 128 25 miserable
812 2392 129 33 -lespering
962 2398 117 26 creature,
1106 2398 12 23 I
1140 2398 48 27 do,'

661 2430 92 30 replied
764 2431 78 24 Nurse
854 2431 100 29 Fulton,
966 2435 82 30 trying
1059 2436 26 23 to
1101 2435 54 25 look
1174 2444 14 17 a

662 2466 63 24 little
737 2468 46 23 less
795 2468 149 32 wo-begone.

696 2510 5 10 '
710 2506 84 24 That's
807 2508 71 30 righi,
893 2508 65 29 dear,
982 2510 72 24 cteer
1076 2520 39 23 up,
1139 2513 49 23 and

661 2544 33 23 let
706 2551 28 16 us
746 2544 70 30 enjoy
829 2553 44 15 our
882 2546 130 24 afternoon.
1024 2548 25 24 It
1057 2548 21 24 is
1088 2556 26 16 so
1121 2550 65 31 plea-

663 2584 54 21 sant
729 2581 46 24 and
788 2582 63 24 fresh
864 2591 33 23 up
910 2584 64 28 here,
986 2586 50 23 and
1048 2593 39 17 see
1098 2587 66 24 what
1173 2596 15 16 a

661 2619 77 30 lovely
752 2619 74 30 yacht
837 2620 22 23 is
871 2621 97 30 coming
979 2630 32 22 up
1019 2623 42 23 the
1073 2624 113 30 harbour;

662 2655 53 23 how
727 2658 78 28 pretty
817 2656 47 24 and
877 2657 56 25 trim
953 2659 19 23 it
983 2658 75 25 looks.
1092 2661 13 22 I
1125 2662 61 23 have

661 2702 40 23 my
711 2695 72 30 glass.
819 2696 21 23 'I
853 2697 94 24 wonder
958 2698 19 24 if
988 2706 33 17 we
1028 2700 72 24 could
1118 2701 68 24 make

660 2736 42 21 out
714 2734 43 24 the
769 2737 90 21 name.'

692 2772 64 25 Both
768 2774 59 30 girls
840 2774 95 30 looked,
948 2777 49 23 and
1009 2777 62 25 after
1079 2787 13 15 a
1116 2779 70 25 while

660 2810 70 24 made
738 2811 41 24 the
788 2812 72 29 yacht
868 2816 42 19 out
920 2814 24 23 to
954 2813 29 24 be
991 2814 41 24 the
1040 2815 145 31 'Ariadyne.'

693 2847 32 24 'It
736 2847 21 24 is
769 2856 12 14 a
795 2852 116 26 stranger;
924 2851 20 22 it
956 2851 57 24 does
1033 2854 44 22 not
1099 2852 86 32 belong

659 2885 25 23 to
700 2883 156 32 Wellington;
866 2886 36 24 for
913 2894 46 17 one
971 2887 72 32 thing
1050 2889 18 23 it
1080 2890 20 23 is
1109 2890 77 30 larger

659 2916 61 24 than
743 2925 46 23 any
812 2918 73 27 here,'
904 2919 53 24 said
979 2920 78 25 Nurse
1080 2922 104 24 Easton.

691 2953 25 24 If
725 2954 84 30 thing?
828 2955 48 23 had
898 2958 44 21 not
960 2957 111 31 changed
1091 2967 26 16 so
1136 2959 49 25 dis-

658 2991 76 30 mally
746 2992 60 23 with
819 3000 37 16 me
870 2992 12 23 I
906 2993 87 25 should
1015 2995 61 24 have
1096 2997 88 24 known

658 3023 33 24 all
703 3024 74 23 about
788 3024 29 28 it;
831 3024 86 24 visited
939 3025 20 24 it
982 3034 74 24 many
1078 3028 80 28 times,
1171 3030 13 22 I

657 3062 108 31 daresay,
790 3063 20 24 if
818 3063 20 24 it
849 3064 22 23 is
893 3064 73 31 going
989 3066 25 23 to
1037 3068 54 30 stay
1113 3068 70 24 hem'

691 3099 74 25 Well
785 3101 52 23 who
860 3101 90 28 knows,
962 3102 42 24 old
1023 3103 95 30 dismal,
1139 3105 44 25 but

656 3147 55 24 that
720 3155 47 23 you
775 3155 56 23 may
838 3148 57 24 visit
901 3148 20 24 it
930 3157 58 15 even
995 3157 59 21 now,
1063 3151 118 32 although

656 3194 48 23 you
715 3193 39 17 are
764 3187 56 29 only
829 3186 34 32 (m
876 3195 60 22 your
948 3195 52 17 own
1023 3189 54 25 idea
1088 3191 67 32 only)
1168 3200 14 16 a

656 3225 110 31 despised
778 3225 107 31 hospital

689 3263 54 28 'No,
756 3263 79 24 Nurse
846 3263 101 29 Easton,
970 3265 20 23 it
1009 3265 22 24 is
1056 3270 44 20 not
1122 3275 59 17 even

654 3300 106 31 possible
772 3300 54 24 that
838 3301 13 23 I
868 3301 88 24 should
981 3301 59 25 have
1063 3305 120 31 anything

655 3341 25 23 to
692 3339 30 25 do
734 3339 58 25 with
806 3340 76 31 grand
894 3343 75 22 steam
983 3343 84 28 yachts
1078 3351 27 16 or
1117 3344 64 24 their

654 3385 101 16 owners.
791 3377 32 23 So
837 3385 34 15 we
891 3377 50 23 had
964 3379 74 23 better
1057 3381 56 22 turn
1136 3388 45 17 our

654 3413 73 24 backs
739 3421 31 16 on
781 3414 21 24 it
813 3414 48 23 and
874 3414 72 24 think
957 3423 31 15 no
1001 3423 65 16 more
1084 3416 27 24 of
1120 3418 59 24 such

652 3459 130 16 nonsense.
817 3451 24 24 It
852 3452 22 23 is
893 3452 83 30 nearly
995 3460 81 20 seven,
1097 3454 48 24 and
1166 3455 14 24 I

613 3510 2 2 .
653 3496 30 24 go
696 3497 29 15 on
737 3488 60 31 duty
809 3491 25 22 at
846 3489 75 31 eight.
958 3489 31 24 So
997 3492 84 22 come.'-

685 3536 49 24 Not
741 3537 37 25 +ill
792 3537 13 23 I
818 3538 57 23 have
888 3537 51 24 said
951 3537 62 31 good
1024 3536 45 33 bye
1080 3539 26 24 to
1124 3539 55 25 that

652 3578 80 29 pretty
750 3576 70 24 craft.
855 3577 85 28 Adieu,
964 3577 57 23 dear
1040 3579 80 29 yaoht,
1142 3579 37 25 till

652 3623 34 16 we
706 3618 63 22 meet
781 3616 78 30 again,
872 3616 49 24 and
932 3624 58 24 may
1012 3617 19 23 it
1052 3616 28 24 be
1102 3619 76 28 soon,'

651 3654 65 24 cried
727 3654 79 25 Nurse
817 3656 95 23 Easton
924 3656 26 23 m
962 3664 15 16 a
997 3656 69 31 spirit
1077 3656 27 24 of
1120 3658 57 24 mis

651 3706 12 16 c
664 3691 51 24 heif
730 3693 46 23 and
790 3693 94 31 kisiing
896 3694 41 23 her
949 3693 67 24 hand
1036 3694 101 25 towards
1157 3696 20 24 it

651 3743 11 14 fc
663 3724 31 24 he
706 3726 88 24 turned
805 3731 47 19 and
866 3733 44 18 ran
923 3727 99 30 merrily
1039 3727 71 25 down
1132 3727 42 26 the

1268 177 53 24 hill.

1301 214 68 30 They
1380 222 62 17 were
1453 218 26 21 to
1488 217 71 24 make
1568 218 41 24 the
1618 221 173 30 acquaintance

1267 251 27 23 of
1303 251 42 23 the
1357 253 71 29 yacht
1440 254 46 22 and
1500 254 71 25 those
1583 264 32 16 on
1627 257 72 24 board
1708 266 84 16 soouer

1269 288 62 24 than
1343 289 58 32 they
1413 291 113 24 dreamed
1537 292 31 24 of.

1396 335 8 31 (
1412 335 35 23 To
1459 344 31 14 BE
1500 345 143 18 CONTINUED.
1653 340 8 31 )

1568 413 9 13 <

1287 473 96 25 WEST
1397 474 135 26 OXFORD
1552 476 131 26 SCHOOL
1697 478 80 24 COM-
1787 495 4 4 .

1472 512 137 26 MITTEE.

1308 589 59 24 This
1380 590 144 25 Committee
1536 592 55 24 held
1604 593 62 23 their
1689 593 111 30 ordinary

1275 627 108 30 meeting
1393 635 32 16 on
1438 629 44 24 7th
1493 629 50 23 inst
1555 629 33 24 all
1611 629 70 31 boing
1703 633 97 27 present

1275 669 84 25 except
1380 665 38 23 Mr
1430 665 112 25 Knowles
1564 667 55 23 who
1642 675 50 15 was
1716 667 85 23 absent

1275 702 106 30 through
1390 704 87 24 illness.
1512 705 107 23 Minutes
1632 706 25 22 of
1663 707 49 22 last
1722 710 77 19 meet-

1275 738 43 31 ing
1325 747 61 16 were
1398 740 55 23 read
1466 741 46 23 and
1524 741 136 24 confirmed.
1697 742 102 24 Mtfters

1276 781 79 25 report
1367 784 47 16 was
1426 778 57 23 read
1496 778 108 30 shewing
1615 787 99 22 average
1723 782 78 20 atten-

1275 812 76 24 dance
1361 815 24 21 to
1397 813 29 24 be
1440 816 53 22 107.
1513 816 14 22 3
1540 815 49 23 and
1611 816 38 23 No
1673 824 32 15 on
1726 815 74 24 books

1277 850 80 24 157
1359 850 97 31 Falling
1487 852 35 23 off
1553 852 46 24 due
1623 859 23 17 to
1669 853 135 30 prevailing

1278 887 126 29 epidemic.

1311 924 117 24 Resolved
1437 925 52 23 that
1498 925 41 23 the
1550 925 87 25 School
1646 926 74 23 break
1728 934 31 23 up
1771 934 33 17 on

1278 968 32 24 up
1321 969 33 17 on
1364 961 59 25 18th
1435 961 51 25 inst
1497 963 48 23 and
1557 963 54 24 that
1622 963 43 24 the
1676 965 77 29 prizes
1775 964 30 24 be

1278 998 144 24 distributed
1434 1007 32 15 on
1478 1000 52 23 that
1542 1000 55 30 day.

1277 1039 113 22 Account
1412 1040 26 22 to
1466 1040 103 22 amount
1591 1039 27 23 of
1635 1039 36 23 2
1682 1041 14 23 9
1707 1041 13 22 0
1741 1047 62 17 were

1277 1076 87 30 passed
1374 1076 36 23 for
1420 1083 115 24 payment
1547 1078 49 24 and
1607 1079 40 23 the
1658 1079 145 25 Committee

1278 1113 140 30 adjourned.

1502 1187 87 11 >-<

1280 1240 156 63 LOCAL
1436 1240 63 63 an
1524 1241 37 58 d
1561 1241 227 58 GENERAL

1312 1401 53 24 The
1384 1402 85 24 Payne
1497 1403 102 29 Family,
1635 1403 50 25 Our
1708 1404 95 24 readers

1278 1434 50 23 will
1338 1436 26 21 be
1372 1435 98 29 pleased
1485 1436 25 23 to
1532 1436 70 24 know
1619 1436 55 23 that
1697 1437 108 29 to-night

1280 1465 42 23 the
1350 1466 77 23 talent
1429 1466 29 23 jd
1512 1466 81 31 Payne
1625 1467 96 32 Family
1741 1471 5 8 '
1780 1469 26 24 of

1281 1496 127 30 Vocalists,
1418 1498 148 29 Violinistes,
1584 1499 129 26 Pianistes.
1736 1500 67 25 Flut-

1280 1530 51 27 ists,
1345 1530 48 24 and
1404 1530 155 32 Bellringers,
1571 1532 47 24 will
1639 1534 54 28 give
1712 1540 46 17 one
1778 1534 26 24 of

1280 1563 63 22 their
1357 1562 55 24 first
1429 1563 63 24 class
1512 1563 109 31 drawing
1635 1572 68 16 room
1726 1568 78 21 enter-

1280 1594 143 27 tainments,
1445 1594 28 24 m
1497 1596 41 23 the
1561 1596 73 24 Town
1655 1596 69 28 Hall,
1742 1598 62 24 East

1281 1626 98 24 Oxford.
1415 1627 52 23 The
1479 1629 147 29 reputations
1638 1629 27 23 of
1670 1629 40 24 the
1722 1629 83 31 Payne

1281 1657 94 30 Family
1395 1666 26 15 as
1440 1660 139 27 musicians,
1609 1661 120 27 vocalists,
1755 1662 47 23 and

1278 1688 152 32 Bellringers,
1454 1692 29 28 is,
1507 1699 27 17 so
1557 1692 146 32 thoroughly
1722 1694 79 24 estab-

1278 1721 80 25 lished
1376 1723 49 24 and
1444 1723 84 31 widely
1546 1725 96 28 known,
1661 1726 56 24 that
1738 1726 21 24 it
1781 1727 20 23 is

1278 1754 112 25 needless
1402 1756 25 23 to
1435 1764 49 22 say,
1495 1756 54 25 that
1561 1765 15 16 a
1593 1758 53 23 first
1668 1758 62 24 class
1750 1767 51 22 pro-

1278 1794 110 23 gramme
1407 1788 21 23 is
1447 1789 122 29 provided.
1603 1790 53 23 The
1674 1791 72 23 Press
1768 1793 33 22 all

1278 1826 56 16 over
1346 1820 42 23 the
1400 1820 86 30 colony
1511 1828 41 17 aye
1575 1822 142 25 unanimous
1740 1823 62 24 alike

1278 1849 26 24 m
1313 1851 85 29 praise,
1412 1860 27 15 as
1451 1854 24 21 to
1495 1854 41 22 the
1554 1853 114 30 Family's
1691 1854 109 24 abilities.

1279 1882 66 29 They
1365 1891 39 16 are
1426 1884 84 24 unlike
1527 1893 14 15 a
1562 1889 66 26 great
1644 1886 102 24 number
1776 1887 27 24 of

1278 1915 127 31 travelling
1413 1923 27 16 co
1447 1918 112 28 mpany's
1571 1917 71 24 when
1650 1918 57 30 they
1719 1918 86 24 visited

1277 1953 15 17 a
1301 1948 101 29 country
1425 1949 62 23 town
1506 1949 51 23 who
1580 1949 71 24 think
1667 1950 55 25 that
1745 1958 57 24 any-

1277 1978 72 31 thing
1365 1980 49 23 will
1437 1980 50 23 suit
1506 1989 14 14 a
1540 1984 102 28 country
1675 1982 124 27 audience.

1277 2010 52 25 The
1363 2012 187 24 entertainment
1586 2014 71 29 given
1693 2015 29 30 by
1757 2015 42 23 the

1303 2042 82 30 Payne
1403 2043 105 31 (Family
1556 2053 40 16 are
1617 2047 118 30 precisely
1760 2047 42 24 the

1277 2082 64 15 same
1359 2082 27 16 as
1402 2076 72 29 given
1491 2076 26 24 m
1534 2076 42 25 the
1602 2078 56 30 city.
1694 2078 65 24 Such
1786 2087 14 16 a

1277 2106 83 31 highly
1384 2109 159 23 commended
1567 2116 119 25 company
1711 2111 89 23 should

1276 2137 63 25 draw
1357 2147 14 15 a
1387 2139 55 25 first
1467 2141 61 24 class
1554 2142 82 24 house.

1308 2171 108 28 Thanks,
1452 2172 35 24 To
1516 2173 33 24 all
1582 2175 43 23 the
1649 2174 76 25 ladies
1752 2175 48 25 and

1276 2204 140 30 gentlemen
1428 2205 52 24 who
1489 2213 27 16 so
1527 2206 114 32 willingly
1648 2207 48 24 and
1715 2208 84 32 kindly

1277 2236 137 25 subscribed
1430 2238 102 24 towards
1554 2239 42 24 the
1624 2247 117 23 expenses
1764 2241 36 23 in-

1276 2269 83 23 curred
1369 2269 30 30 by
1409 2270 40 24 the
1458 2270 48 24 late
1515 2275 53 26 trap
1576 2272 115 28 accident,
1710 2274 47 22 and
1775 2276 25 21 to

1277 2300 77 24 MrF.
1371 2301 113 26 Knowles
1501 2302 37 25 for
1555 2303 134 32 collecting.
1724 2304 13 23 I
1754 2304 48 25 Job

1276 2332 121 31 Beuning,
1411 2334 83 24 tender
1508 2342 41 23 my
1559 2336 114 24 heartiest
1686 2337 96 24 thanks.

1310 2370 52 24 The
1374 2370 52 25 Eev
1434 2371 39 23 Mr
1480 2371 144 32 Armstrong
1631 2373 27 24 of
1664 2374 135 31 Wadding-

1275 2403 51 26 ton,
1343 2402 46 24 will
1402 2403 104 24 conduct
1524 2403 78 24 divine
1622 2406 101 23 services
1740 2409 59 20 next

1275 2433 100 32 Sunday
1392 2436 114 29 morning
1525 2435 46 24 and
1594 2437 102 31 evening
1715 2438 26 23 m
1757 2438 42 24 the

1277 2466 68 24 West
1362 2466 92 24 Oxford
1470 2467 99 25 U.M.F.
1586 2469 105 28 Church,
1710 2470 49 24 and
1771 2472 29 23 &t
1811 2481 11 16 .

1276 2497 60 25 East
1356 2499 90 24 Oxford
1468 2500 27 23 m
1510 2501 41 22 the
1566 2501 133 29 afternoon,
1719 2503 38 22 Mr
1769 2503 28 24 T.
1803 2501 3 9 ;

1273 2530 98 24 Hunter
1383 2537 24 17 at
1418 2532 62 23 6.30.
1495 2540 59 22 p.m.

1306 2573 32 24 St
1372 2573 131 25 Andrew's
1539 2575 111 29 Church,
1686 2576 44 25 We
1758 2585 39 17 are

1275 2605 73 24 asked
1357 2608 24 22 to
1392 2607 78 30 notify
1481 2607 55 24 that
1554 2608 33 23 all
1610 2609 54 24 who
1686 2609 66 24 drive
1773 2618 27 16 or

1273 2638 52 23 ride
1338 2640 24 21 to
1375 2638 50 23 this
1436 2638 101 29 church,
1555 2640 48 24 will
1623 2640 51 24 find
1696 2650 14 14 a
1733 2649 66 17 com-

1273 2669 100 24 fortable
1383 2671 71 23 stand
1465 2671 37 24 for
1514 2671 64 25 their
1589 2673 84 23 horses
1680 2673 48 24 and
1737 2673 59 31 bug-

1274 2701 50 30 gies
1343 2702 27 23 m
1393 2702 42 23 the
1457 2703 124 24 enclosure
1601 2705 126 31 adjoining
1757 2706 42 24 the

1273 2733 92 24 church
1377 2734 124 24 enclosure
1523 2736 77 24 where
1609 2737 41 23 the
1668 2742 5 9 '
1684 2737 46 24 Old
1748 2738 50 24 Me-

1273 2766 104 24 chanic's
1388 2766 117 25 Institute
1515 2770 5 9 '
1537 2769 46 24 has
1596 2769 59 24 been
1672 2770 92 31 placed.

1320 2908 196 25 GLEANINGS
1529 2910 43 24 OF
1592 2911 155 26 HUMOUR.

1302 2991 53 24 The
1367 2993 106 29 voracity
1482 2993 26 24 of
1527 2994 42 23 the
1591 2995 86 25 Larvse
1699 2996 28 24 of
1755 2998 42 24 In-

1268 3032 77 22 sects:
1381 3031 52 24 The
1441 3040 93 22 powers
1552 3033 26 24 of
1599 3036 83 30 eating
1704 3036 27 24 of
1751 3037 43 24 the

1267 3067 74 28 larva,
1354 3076 27 16 as
1393 3069 42 24 the
1446 3069 55 25 first
1524 3073 136 22 worm-like
1672 3074 50 23 and
1734 3074 63 31 baby

1269 3105 123 25 condition
1404 3106 25 24 of
1439 3107 76 25 insect
1524 3109 21 23 is
1557 3109 85 29 called,
1667 3118 41 16 are
1731 3111 66 31 truly

1267 3143 161 24 tremendous.
1463 3144 135 33 According
1617 3149 26 23 to
1666 3148 128 29 Linnceus,

1267 3180 41 23 the
1317 3187 105 25 progeny
1433 3181 26 24 of
1475 3184 68 22 three
1566 3184 135 29 flesh-flies,
1726 3187 69 29 (each

1267 3217 65 31 gives
1357 3217 64 25 birth
1439 3221 26 22 to
1485 3220 89 28 20,000
1597 3230 91 24 young,
1709 3224 50 23 and
1781 3233 14 15 a

1266 3254 66 24 third
1343 3257 139 29 generation
1494 3257 21 24 is
1524 3259 120 29 produced
1663 3261 28 24 m
1713 3269 16 16 a
1750 3262 43 25 few

1266 3292 79 31 days,)
1359 3294 78 22 would
1447 3294 89 25 devour
1551 3298 43 22 the
1616 3305 97 17 carcase
1736 3299 26 23 of
1781 3308 14 15 a

1266 3329 72 25 horse
1349 3330 57 24 with
1418 3334 96 27 greater
1526 3334 72 28 speed
1621 3335 59 23 than
1705 3344 15 15 a
1742 3336 52 24 lion

1265 3367 80 24 could.
1383 3367 76 24 When
1471 3368 55 24 first
1536 3370 114 28 hatched,
1673 3380 55 22 says
1751 3381 42 16 an-

1264 3406 69 23 other
1343 3405 132 32 authority,
1489 3408 40 23 the
1540 3408 69 25 larva
1632 3410 26 23 of
1680 3411 41 24 the
1745 3412 48 24 silk

1263 3450 71 16 worm
1346 3443 70 23 moth
1428 3444 92 29 weighs
1534 3447 102 22 l-100th
1649 3447 28 24 of
1686 3455 14 16 a
1712 3450 79 29 grain,

1265 3480 41 22 but
1325 3479 78 24 before
1414 3480 20 23 it
1446 3488 92 23 passes,
1548 3482 27 24 m
1598 3483 42 25 the
1663 3492 83 17 course
1769 3487 27 23 of

1264 3516 42 25 the
1322 3518 188 30 comparatively
1533 3520 69 24 short
1625 3528 93 23 season,
1741 3523 52 26 into

1263 3554 42 24 the
1316 3562 64 22 pupa
1391 3562 25 16 01
1430 3556 87 24 second
1529 3559 70 29 stage
1618 3559 28 23 of
1665 3560 85 29 insect,
1772 3562 20 24 it

1262 3592 91 23 attains
1376 3591 31 30 by
1429 3593 91 31 eating,
1544 3602 15 16 a
1580 3596 90 30 weight
1701 3598 26 23 of
1761 3600 30 22 95

1261 3628 90 30 grains,
1363 3628 81 25 which
1456 3629 20 25 is
1494 3638 32 16 an
1546 3631 107 26 increase
1673 3633 28 25 of
1719 3636 73 27 9,500

1261 3675 57 17 over
1328 3668 34 22 its
1375 3668 102 31 original
1497 3669 98 32 weight.

1292 3747 44 25 Old
1372 3748 101 26 Farmer
1512 3751 110 31 (tending
1663 3753 126 30 threshing

1883 186 108 23 machine
2014 192 25 18 to
2072 188 123 30 applicant
2225 188 38 25 for
2284 197 15 16 a
2318 190 55 31 job)

1984 223 60 24 done
2062 232 47 23 any
2323 227 84 31 Appli-

1879 264 55 18 cant
2121 265 15 12 *'
2155 263 70 24 lam
2243 272 15 17 a
2280 264 79 25 father,
2381 265 26 24 of

1877 305 129 17 seventeen
2017 298 117 32 children,

1936 388 66 24 With
2014 389 30 24 all
2057 390 44 23 her
2112 389 75 25 faults
2194 390 14 24 I
2214 390 53 25 love
2276 391 44 24 her

1877 425 51 24 said
1950 434 14 15 a
1992 427 77 29 youth
2091 427 82 24 whose
2192 428 143 25 sweetheart
2355 436 51 17 was

1878 463 91 23 heiress
1981 465 25 22 to
2018 471 15 16 a
2045 463 115 32 brewery.

1877 555 14 11 '
1900 552 40 24 I'll
1953 553 53 23 wait
2019 554 61 24 until
2102 562 48 22 you
2170 563 40 16 are
2232 557 26 23 at
2281 557 95 26 leisure,

1877 589 51 23 said
1952 597 14 16 a
1988 591 74 23 caller
2084 593 26 22 to
2133 591 40 24 tile
2206 592 85 24 editor.
2355 594 49 24 I'm

1876 627 77 24 afraid
1965 627 41 24 I'll
2018 628 28 24 be
2055 629 24 24 of
2101 636 33 17 no
2156 637 43 17 use
2219 632 25 23 to
2267 638 46 23 you
2335 632 72 24 when

1877 664 47 23 I'm
2042 667 89 30 replied
2143 667 42 24 the
2206 667 83 26 editor.

1911 738 48 24 For
1971 746 72 17 seven
2055 747 70 24 years
2137 749 15 15 a
2164 742 128 24 mechanic
2302 743 68 24 made
2389 751 16 16 a

1879 777 86 24 circuit
1985 778 25 23 of
2028 778 145 25 hulf-a-mile
2196 780 66 24 twice
2282 789 42 22 per
2357 782 47 31 day

1879 816 82 24 rather
1969 817 61 24 than
2041 825 56 23 pass
2115 825 15 16 a
2152 820 96 29 powder
2269 821 133 30 magazine.

1879 856 50 24 Tiie
1941 856 71 24 other
2023 856 44 32 day
2079 857 31 24 he
2122 859 96 23 learned
2235 859 54 25 that
2310 860 20 24 it
2352 860 50 24 had

1880 895 59 23 been
1952 898 82 28 empty
2047 898 38 22 for
2096 896 66 31 eight
2181 905 77 23 years.

1911 980 72 26 Bride
1996 982 59 31 (just
2063 982 62 24 after
2132 983 42 24 the
2184 983 115 33 wedding)
2359 985 45 24 Al-

1878 1018 59 26 fred,
1950 1026 47 22 you
2009 1020 120 29 promised
2140 1020 87 31 togivo
2238 1029 37 15 me
2287 1029 14 17 a
2324 1022 78 31 grand

1880 1056 105 30 surprise
1997 1056 61 24 after
2070 1065 35 16 we
2114 1065 61 16 were
2195 1059 114 24 married.
2344 1060 58 31 Say,

1880 1093 63 23 what
1954 1093 22 23 is
1994 1093 19 24 it
2087 1094 168 32 Bride-groom
2279 1096 23 32 (a
2312 1097 91 24 widow-

1976 1130 51 25 I've
2039 1134 40 28 got
2089 1132 37 24 six
2137 1132 116 29 children,
2266 1141 41 24 my
2326 1136 41 29 pet
2378 1135 25 24 I*

2140 1214 59 23 How
2220 1215 27 23 m
2266 1215 43 24 the
2328 1216 74 25 world

1879 1249 69 23 could
1959 1257 47 22 you
2017 1250 43 24 tell
2072 1250 54 24 that
2138 1258 35 16 we
2184 1251 62 24 have
2258 1251 57 32 only
2325 1252 77 32 lately

1880 1286 58 24 been
1950 1286 103 24 married
2060 1287 10 24 ?
2103 1286 14 24 I
2135 1295 40 17 am
2187 1295 53 17 sure
2253 1297 35 16 we
2298 1289 40 24 did
2357 1293 45 21 not

1876 1325 97 31 indulge
1985 1326 27 24 m
2028 1333 47 24 any
2086 1327 55 31 silly
2161 1328 194 25 manifestations
2375 1329 26 25 of

2048 1364 167 25 Bald-headed
2226 1365 87 29 fellow,
2337 1366 64 25 Tra-

1875 1401 75 24 veller
2006 1401 38 24 No
2053 1412 7 18 ;
2078 1403 41 23 but
2130 1402 13 24 I
2154 1403 95 24 noticed
2265 1403 55 24 that
2342 1404 60 24 each

1876 1439 26 23 of
1912 1447 49 23 you
1968 1439 57 31 paid
2037 1440 68 25 strict
2117 1441 117 24 attention
2246 1443 26 23 to
2286 1442 66 25 what
2359 1443 43 24 the

1877 1477 67 23 other
1956 1476 47 24 had
2013 1479 26 23 to
2051 1478 65 31 say.*'

1908 1552 87 23 Gracie
2028 1552 49 24 and
2117 1552 70 25 Elsie
2219 1554 90 23 rushed
2349 1553 55 24 into

1901 1591 132 22 mamma's
2044 1597 68 17 room
2147 1590 26 24 m
2184 1590 135 25 breathless
2330 1591 71 24 haste

1876 1634 45 16 one
1943 1627 120 30 morning.
2124 1627 45 27 Oh,
2348 1628 55 24 said

1877 1663 93 28 Gracie,
2008 1671 46 22 you
2066 1665 70 23 know
2147 1672 36 16 we
2194 1664 72 24 could
2281 1665 45 23 not
2347 1664 55 24 find

1875 1700 77 31 Daisy
1962 1700 33 24 all
2008 1701 46 31 day
2065 1701 134 32 yesterday,
2211 1702 47 24 and
2274 1702 52 31 just
2345 1709 56 17 now

1875 1746 35 16 we
1922 1738 75 24 found
2008 1738 43 24 her
2066 1741 43 22 out
2131 1740 26 23 m
2176 1739 41 24 the
2239 1739 164 24 coach-house-

1877 1775 57 24 with
1950 1775 47 25 five
2014 1776 63 24 little
2100 1784 45 16 wee
2344 1777 58 26 Yes

2027 1813 51 25 said
2088 1813 63 25 little
2169 1813 76 28 Elsie,
2265 1814 27 23 m
2312 1822 30 16 an
2364 1814 38 24 in-

1875 1850 69 31 jured
1955 1852 66 26 tone,
2056 1851 49 23 and
2116 1851 13 23 I
2148 1851 79 24 did'nt
2249 1858 58 17 eren
2328 1851 75 25 know

1877 1887 53 23 that
1941 1887 64 31 Daiy
2016 1895 49 16 was

1934 1962 78 24 These
2023 1962 56 29 fish,
2090 1970 42 23 my
2143 1964 56 23 dear
2210 1963 51 24 Mrs
2270 1964 131 28 Henricks,

2056 2000 43 24 the
2126 2000 119 27 minister,
2277 2001 54 24 who
2352 2009 52 16 was.

1875 2037 138 32 discussing
2023 2046 15 16 a
2051 2038 99 31 Sunday
2167 2039 87 25 dinner
2275 2039 58 25 with
2356 2040 46 25 the:

1875 2074 92 31 family,
2006 2083 40 16 are
2058 2076 140 31 deliciously
2217 2076 72 24 fresh.
2323 2077 13 23 I
2359 2085 42 17 am

1875 2112 114 31 enjoying
2011 2113 66 24 them
2100 2121 57 24 very
2190 2113 82 25 much.

1875 2151 77 31 ought
1962 2152 66 25 to.be
2141 2152 154 25 volunteered
2303 2153 87 32 Bobby
2392 2171 9 11 >

1875 2190 51 25 also
1946 2190 114 32 enjoying
2078 2191 73 29 them;
2246 2192 89 31 caught
2355 2196 45 21 'eoi

1876 2229 57 31 only
1944 2228 51 25 this

1908 2302 120 24 Husband
2096 2302 66 31 Why
2185 2303 65 23 don't
2271 2311 48 23 you
2340 2313 64 16 wear

1874 2347 59 23 your
1944 2347 50 16 new
2006 2340 68 24 dress
2084 2340 36 23 ?'*
2154 2339 65 25 Wife
2279 2340 24 25 It
2314 2341 20 24 is
2354 2349 47 16 un-

1874 2376 133 31 becoming,
2019 2384 28 17 or
2058 2378 48 23 else
2117 2377 21 24 it
2148 2377 23 24 is
2182 2379 43 22 out
2235 2378 28 23 of
2280 2378 68 31 style,
2371 2387 28 16 or

1874 2415 106 30 possibly
1991 2416 20 24 it
2022 2416 22 24 is
2056 2423 14 17 a
2093 2415 104 25 horrible
2215 2416 76 24 misfit
2335 2417 13 24 I
2358 2425 41 17 am

1873 2455 43 22 not
1934 2460 56 17 sure
2012 2453 87 29 which;
2123 2452 44 26 but
2189 2453 13 24 I
2225 2455 64 23 must
2310 2454 56 25 look
2385 2464 15 15 a

1873 2490 75 31 fright
1969 2498 28 16 or
2018 2498 15 16 a
2053 2490 131 32 simpleton
2206 2491 27 24 m
2333 2492 68 24 Hus-

2002 2529 63 31 Why
2174 2530 95 25 Wife
2357 2539 43 24 my

1874 2566 92 25 friends
1976 2567 79 31 praise
2068 2567 29 24 it.

458 43 166 30 OXFORD
666 44 88 30 AND
798 48 104 29 GUST
946 50 221 31 OBSERVER
1212 51 232 39 SATURDAY,
1486 56 229 34 DECEMBER
1758 63 46 34 12,
1830 65 73 28 IR9I

1875 3622 101 24 Printed
1999 3623 49 24 and
2086 3623 135 26 Published
2232 3626 30 31 Ly
2288 3625 111 25 Bichabd

1907 3664 106 26 Holman
2034 3666 98 30 Parish,
2157 3669 26 23 at
2200 3668 40 24 his
2259 3667 140 32 itegistefed

1908 3704 113 37 Printing
2032 3709 83 30 Office,
2138 3711 66 31 High
2229 3712 88 26 Street.
2340 3711 59 25 East

1907 3749 98 27 Oxford,
2016 3751 157 25 Cioterburv,

1939 2710 50 39 R.
2016 2710 56 37 H.
2106 2709 231 48 PARISH,

2010 2751 88 31 East
2124 2752 140 31 Oxford.

1909 2800 94 30 Special
2013 2801 63 24 lines
2086 2803 26 22 to
2123 2803 29 23 be
2163 2802 51 24 sold
2234 2803 47 24 this
2302 2803 95 27 month,

1876 2843 26 23 at
1912 2841 50 25 less
1970 2841 60 26 than
2044 2843 137 25 Wholesale
2192 2846 58 26 cost,
2270 2844 49 25 and
2340 2851 57 18 con-

1875 2884 122 32 siderably
2008 2884 75 25 below
2095 2886 78 30 prices
2184 2886 103 31 charged
2297 2886 36 24 for
2354 2886 43 26 the

1876 2935 66 16 same
1953 2928 93 31 quality
2057 2936 17 19 o
2074 2929 9 18 f
2089 2928 96 26 articles
2192 2930 26 24 at
2227 2928 168 32 Go-operative

1877 2970 90 24 Stores.

1875 3021 253 34 FLANNELET^S.
2147 3028 33 6 -
2293 3037 3 2 .
2401 3015 12 31 I

1938 3058 66 26 ART
2044 3058 162 28 MUSLINS.

1985 3097 123 26 BROWN
2126 3098 172 25 HOLLAND.

2212 3134 184 26 DELAINES.

1875 3262 257 39 WANTED
2172 3265 222 39 KNOWN.

1876 3354 118 77 GOOD
2022 3354 79 31 Root
2128 3355 158 30 Firewood
2326 3366 70 29 sup-

1950 3394 91 38 plied;
2066 3398 51 27 cut
2146 3394 99 32 small.
2286 3395 110 41 Apply,

1975 3443 162 33 REEVES
2178 3445 119 32 BROS.

2170 3496 86 28 West
2271 3497 125 27 Oxford;
