3440 4620
43 190 82 22 same
146 180 74 30 time
245 178 53 32 she
331 179 85 28 must
449 175 79 41 keep
558 187 19 19 a

43 222 81 40 tight
151 220 86 31 hand
264 218 121 41 against
413 217 43 31 all
478 218 98 30 lavish

44 262 211 41 expenditure,
270 261 113 38 always
400 258 130 42 bearing
544 260 40 31 m.

43 305 85 31 mind
143 305 69 29 that
226 301 54 32 she
301 301 57 30 has
372 303 33 27 to
419 299 73 31 find,
506 310 69 20 one-

44 347 69 30 fiflh
125 347 32 30 of
166 346 52 29 the
230 344 130 29 interest
368 351 40 20 on
419 342 41 29 all
469 341 107 30 Public

44 389 112 29 Loans.

226 438 12 17 7
259 439 37 21 v,.i.;j
309 446 4 11 ,
336 444 14 2 -
366 443 2 1 -

125 514 86 30 OUR
232 504 268 38 GOLDFIELDS

77 614 37 24 To
132 621 43 17 our
185 612 99 25 readers
296 611 55 25 who
364 619 41 17 are
423 610 115 32 disposed
550 611 25 23 to

43 657 53 26 find
108 657 64 25 fault
181 657 63 24 with
254 657 40 24 the
306 655 171 26 Government
483 655 38 24 for
532 655 44 24 the

44 704 71 29 grant
124 703 26 23 to
162 700 57 33 gold
230 700 84 30 fields,
339 707 37 18 we
387 698 81 27 would
480 706 94 17 earnes-

42 746 37 30 tly
91 744 46 32 beg
159 744 70 25 them
252 745 26 23 to
300 751 87 24 per»se
410 742 42 24 the

45 790 140 24 Statement
203 787 53 31 just
268 786 138 32 published.
444 785 68 30 They
525 784 51 25 will

44 833 52 24 find
106 833 21 24 it
150 840 15 17 a
187 840 58 24 very
273 830 145 32 interesting
444 829 132 24 document

44 877 50 23 this
106 884 64 23 year,
190 876 101 24 because
303 875 20 23 it
341 874 66 24 deals
419 872 61 25 with
491 879 31 16 an
534 872 42 24 inf

45 920 86 30 dusfcry
143 919 80 24 which
246 919 20 23 is
289 919 45 23 not
362 916 57 31 only
431 915 143 30 advancing,

44 963 45 24 but
108 964 44 23 has
179 962 66 32 large
272 959 178 34 potentialities
476 958 37 26 for
533 958 43 24 tho

44 1007 90 24 future.
169 1006 25 25 It
207 1006 88 24 should
317 1006 29 23 be
364 1003 75 25 borne
458 1003 27 23 m
505 1001 71 25 mind

44 1050 57 25 that
112 1050 20 24 it
144 1058 49 16 was
217 1050 43 24 the
283 1048 95 31 mining
397 1046 111 32 industry
520 1045 56 25 that

44 1094 73 23 made
128 1093 56 24 New
209 1092 115 28 Zealand,
344 1090 49 25 and
407 1089 120 30 although
539 1089 37 23 for

45 1144 68 17 some
125 1144 71 24 years
212 1137 20 23 ifc
253 1134 97 26 seemed
362 1136 25 22 to
399 1133 28 25 be
448 1132 127 32 gradually

46 1180 98 32 sinking
155 1182 44 23 out
221 1179 26 26 of
269 1179 129 26 existence,
418 1177 21 24 it
463 1177 45 24 has
520 1183 60 18 now.

46 1232 63 23 gone
120 1231 34 23 up
178 1224 81 29 again,
282 1220 67 25 with'
361 1221 43 24 the
415 1220 119 30 certainty
552 1219 27 23 of

45 1266 168 32 permanently
237 1264 103 31 holding
363 1271 15 17 a
395 1262 99 31 leading
505 1262 70 29 place

46 1318 91 22 among
148 1309 133 24 industries
291 1307 24 25 of
327 1307 43 24 the
382 1307 93 30 colony.
494 1305 82 25 When

46 1362 34 16 we
89 1353 69 25 write
170 1353 26 24 of
206 1353 41 24 the
269 1351 98 31 mining
392 1350 122 31 industry,
540 1357 36 16 we

47 1397 81 24 allude
137 1396 116 31 specially
266 1398 25 21 to
303 1395 66 31 gold,
390 1393 121 31 although
523 1400 27 17 as
562 1400 15 16 a

46 1444 90 20 matter
148 1440 26 24 of
184 1440 49 23 fact
245 1439 42 24 the
305 1438 67 31 yield
385 1438 26 23 of
433 1438 68 23 obher
512 1436 64 24 min-

47 1485 64 23 erals
122 1483 45 25 has
179 1483 62 24 been
253 1481 161 32 satisfactory,
450 1480 51 24 The
520 1479 56 32 gold

49 1528 71 31 yield,
133 1528 118 28 however,
260 1527 22 24 is
298 1526 42 25 the
351 1526 69 31 great
431 1524 82 32 thing,
539 1523 39 25 for

45 1573 21 23 it
75 1572 20 24 is
108 1572 42 24 the
162 1579 45 17 one
219 1570 147 31 commodity
385 1568 37 25 for
433 1568 82 25 which
529 1568 45 24 the

46 1614 108 24 markets
163 1614 27 24 cf
196 1614 41 23 the
248 1613 76 24 world
335 1620 40 16 are
386 1613 89 28 always
492 1611 83 30 ready,

45 1665 33 16 no
106 1659 96 26 matter,
247 1654 162 34 (practically)
438 1654 67 25 what
532 1654 44 24 the

44 1704 103 21 amount
158 1699 121 33 produced
291 1707 55 23 may
360 1699 39 24 be.
435 1695 52 28 The
495 1706 77 23 quan-

45 1747 46 27 tity
103 1744 27 24 of
148 1743 56 32 gold
227 1743 87 31 during
338 1742 43 25 the
403 1749 57 24 year
485 1742 91 30 ending

45 1787 87 25 March
145 1787 72 28 1896,
230 1794 47 17 was
289 1786 146 28 302,6900z.
444 1784 27 25 of
480 1791 15 17 a
501 1784 74 25 value

45 1831 26 23 of
93 1831 164 28 £1,196,081,
280 1829 169 31 representing
477 1836 31 17 an
529 1827 29 25 in-

45 1881 83 18 crease
147 1874 26 25 of
195 1873 75 26 about
293 1874 128 27 80,000oz.
451 1879 58 18 over
532 1871 43 25 the

44 1918 114 30 previous
170 1924 63 24 year.
284 1916 59 24 This
365 1916 22 23 is
406 1914 43 25 the
473 1914 101 32 highest

44 1960 64 31 yield
120 1960 66 24 since
200 1960 71 24 1860.
306 1958 51 24 But
376 1958 43 24 the
431 1958 79 31 really
522 1959 50 23 sat-

44 2003 118 32 isfactory
171 2005 53 30 part
234 2001 26 25 of
277 2001 43 25 the
331 2002 90 24 matter
432 2001 26 30 is,
468 2001 56 25 that
534 2000 40 25 the

41 2047 93 24 revival
153 2048 21 23 is
186 2049 44 22 not
242 2045 47 25 due
312 2047 26 22 to
361 2053 48 24 any
430 2043 144 33 haphazard

44 2091 123 25 discovery
180 2098 27 17 or
219 2090 93 24 sudden
338 2089 66 24 rush.
439 2089 26 24 It
482 2090 22 23 is
524 2090 48 23 due

43 2136 27 22 to
98 2134 43 24 the
185 2132 170 32 development
379 2132 26 24 of
431 2132 41 24 the
500 2131 74 25 lower

43 2174 75 30 grade
128 2173 68 24 lodes
208 2173 27 25 of
244 2172 43 26 the
299 2172 92 31 colony,
412 2172 42 24 the
465 2171 109 32 working

44 2216 26 25 of
79 2217 93 32 ground
181 2216 55 25 that
248 2223 48 17 was
307 2215 161 32 unprofitable
480 2215 91 28 before,

40 2268 28 15 of
77 2259 80 24 which
163 2259 23 23 if
188 2261 47 21 not
245 2252 145 36 unpayable,
404 2264 47 17 can
467 2266 58 16 now
537 2258 28 24 be

40 2301 73 25 made
125 2303 24 22 to
161 2301 65 32 yield
242 2309 15 16 a
268 2302 68 30 great
348 2300 54 25 deal
418 2308 74 17 more.
517 2301 56 24 The

44 2346 100 32 cyanids
163 2353 98 23 process
281 2343 50 26 and
350 2344 41 25 the
403 2344 120 25 overflow
543 2344 24 24 of

40 2389 42 24 old
94 2388 73 24 world
177 2387 88 32 capiial
279 2388 20 24 is
312 2386 92 32 largely
415 2388 154 31 responsible

40 2433 38 24 for
91 2432 49 25 this
152 2430 103 26 renewal
267 2431 58 25 with
345 2431 41 24 the
407 2430 40 25 aid
467 2430 27 26 of
505 2430 65 26 Gold

40 2476 58 24 field
110 2478 84 30 grants
204 2477 40 23 &c.

73 2519 24 24 It
108 2519 23 23 is
150 2519 78 24 worth
240 2518 88 31 noting
339 2518 54 24 that
411 2518 27 24 m
457 2518 44 25 the
512 2518 59 25 dist-

39 2563 60 24 ricts
110 2562 52 24 into
173 2562 81 24 which
266 2563 66 23 most
343 2562 90 31 capital
445 2561 47 25 has
500 2569 71 24 pour-

41 2607 37 28 ed,
92 2607 41 24 the
144 2605 105 25 number
268 2606 27 25 of
312 2606 164 31 unemployed
487 2607 21 23 is
528 2610 44 20 not

40 2650 58 30 only
121 2649 73 24 much
216 2651 102 29 greater,
342 2649 44 24 but
404 2649 43 24 the
468 2647 104 33 avera%e

40 2693 102 30 earning
168 2699 43 24 per
238 2699 58 18 man
318 2691 23 26 is
369 2691 76 26 much
473 2692 98 31 higher.

39 2736 67 24 Thus
132 2744 35 16 we
179 2735 52 25 find
256 2735 55 25 that
323 2739 44 21 out
390 2736 27 24 of
426 2743 15 17 a
453 2736 63 25 total
532 2736 39 24 in-

38 2786 82 17 crease
143 2779 26 25 of
188 2780 75 29 2,800
290 2779 26 24 m
343 2779 44 25 the
415 2779 104 25 number
548 2779 26 26 of

38 2823 91 24 miners
141 2823 128 31 employed
284 2823 26 24 m
322 2823 42 24 the
374 2822 95 33 Colony
480 2823 92 32 during

38 2866 44 24 the
92 2870 55 27 past
169 2875 64 23 year,
251 2875 33 17 no
306 2866 72 26 fewer
399 2867 62 25 than
487 2867 84 30 1,700-

38 2918 42 16 --are
91 2910 25 24 m
138 2910 43 26 the
205 2910 128 25 Auckland
360 2911 96 25 district
479 2911 80 28 alone,

37 2953 51 25 and
101 2955 40 24 the
153 2962 102 24 average
267 2955 102 31 earning
390 2956 21 23 is
421 2956 77 23 £122.
518 2957 53 23 15s.

38 3005 27 17 as
83 2998 96 32 against
274 2999 43 24 10s
329 2998 26 25 m
368 2998 87 32 Otago.

39 3150 118 18 DOMESTIC
175 3151 119 17 FERVANTS
313 3152 189 18 HALF-HOLIDAY
517 3153 55 16 BILL

62 3229 121 32 Specially
195 3230 96 25 written
306 3230 36 25 for
364 3231 42 26 the
425 3231 130 26 Observer.

73 3310 91 25 Which
174 3319 51 17 was
244 3312 94 24 thrown
350 3314 44 23 out
416 3314 27 23 m
454 3314 44 24 the
517 3314 51 31 Up-

40 3357 42 24 per
94 3350 93 29 House,
207 3352 49 24 and
266 3351 72 26 voted
356 3354 27 23 to
401 3352 30 25 be
443 3354 55 24 read
518 3354 56 24 that

40 3391 45 31 day
100 3391 37 25 six
146 3392 110 29 months,
269 3400 51 18 was
332 3401 14 16 a
358 3399 113 19 measure
492 3393 82 25 whose

40 3430 77 30 object
130 3439 46 16 «ras
189 3434 25 21 to
226 3431 54 31 give
292 3439 15 16 a
318 3432 66 30 legal
405 3432 169 31 half-holiday

41 3476 58 16 once
109 3476 14 16 a
136 3469 68 24 week
216 3471 25 22 to
252 3469 119 25 domestic
383 3472 120 22 servants.
522 3470 54 24 The

40 3508 74 24 hours
136 3509 118 31 proposed
277 3511 26 23 to
330 3511 29 23 be
384 3510 74 32 given
476 3511 28 23 m
524 3511 50 24 this

39 3545 51 25 Bill
102 3554 60 17 were
174 3547 108 26 between
294 3547 70 26 three
383 3548 49 25 »nd
452 3548 120 33 half-past

43 3585 56 25 nine
110 3593 60 24 p.m.
190 3594 33 16 on
243 3594 47 17 one
313 3586 47 32 day
382 3586 26 25 m
431 3588 42 23 the
500 3587 72 26 week.

41 3622 74 26 There
135 3632 49 16 was
204 3624 54 25 also
280 3633 15 16 a
313 3626 124 30 provision
458 3625 71 25 made
543 3627 29 30 by

43 3660 81 26 which
143 3662 21 24 if
202 3662 94 26 desired
319 3663 50 25 and
388 3664 122 31 arranged
533 3664 40 25 be-

42 3705 78 21 tween
132 3702 42 26 the
196 3703 92 31 parties
289 3718 31 4 —
323 3704 41 25 the
385 3704 98 32 holiday
503 3705 71 25 could

42 3738 29 27 be
84 3740 73 26 takes
167 3742 27 24 m
207 3750 15 16 a
233 3745 114 23 concrete
358 3743 72 25 form.
468 3744 77 25 When
558 3752 15 17 a

40 3784 97 21 servant
152 3789 51 16 was
215 3782 74 31 being
311 3784 110 30 engaged
433 3784 46 24 she
491 3784 82 25 would

41 3818 149 26 understand
203 3820 56 25 that
271 3820 42 25 she
324 3829 52 17 was
387 3825 25 21 to
431 3821 65 25 have
507 3822 65 25 four-

44 3857 53 23 teen
120 3856 61 32 dsijs
200 3857 100 33 holiday
319 3858 27 25 m
357 3858 54 28 .the
433 3863 141 28 aggregate.-

40 3895 26 25 It
77 3897 81 31 might
167 3898 28 23 be
216 3905 47 18 one
274 3898 48 32 day
333 3907 46 16 ODe
390 3899 66 25 week
467 3908 28 17 or
506 3900 68 25 thrre

40 3934 59 32 days
111 3943 26 16 or
153 3935 121 33 probably
296 3944 34 17 no
354 3937 102 32 holiday
473 3938 37 25 for
531 3938 43 26 the

40 3975 59 23 next
111 3973 130 33 fortnight,
264 3975 20 25 it
307 3975 74 25 could
397 3977 30 24 be
438 3975 44 27 left
493 3979 27 23 to
531 3977 43 26 the

44 4009 98 29 mutuai
153 4013 129 26 discretion
295 4015 27 25 of
331 4015 41 25 the
384 4015 122 32 employer
526 4017 48 24 and

44 4053 98 22 servant
152 4051 110 25 whether
273 4052 42 25 the
333 4052 100 33 holiday
443 4062 49 17 was
500 4055 73 31 given

43 4088 27 24 m
82 4088 50 26 lots
143 4096 43 25 per
196 4091 100 31 quarter
307 4098 28 18 or
343 4099 65 24 year.
443 4092 53 26 The
505 4087 67 32 Honl

44 4129 41 25 Mr
100 4129 58 27 Bolt
169 4130 28 25 m
206 4132 102 31 moving
319 4133 41 25 tne
372 4133 89 26 second
473 4135 101 31 reading

45 4168 29 25 of
82 4169 49 25 tbis
141 4169 50 26 Bill
208 4170 53 25 laid
282 4172 21 24 it
325 4173 122 32 appeared
458 4177 25 22 to
494 4174 53 25 him
558 4184 15 16 a

43 4215 58 25 very
119 4210 107 30 peculiar
248 4211 79 32 thing,
339 4213 54 25 that
415 4214 58 32 they
485 4215 88 25 should

47 4247 63 26 have
138 4248 140 33 legislation
299 4250 39 27 for
360 4252 84 33 giving
467 4262 15 17 a
510 4254 62 25 half-

42 4284 97 35 holiday
151 4290 25 23 to
195 4288 85 33 nearly
298 4297 74 25 every
381 4299 5 17 ;
392 4292 72 26 other
480 4293 92 26 section

42 4326 24 24 of
77 4326 43 25 the
137 4329 93 31 people,
253 4328 37 26 for
307 4328 121 33 instance,
448 4333 32 27 all
501 4334 70 26 those

43 4364 27 25 m
86 4365 68 27 trade
172 4367 27 26 m
222 4368 114 26 factories
361 4370 49 26 a*d
522 4381 50 18 em-

45 4406 87 32 ployed
151 4408 28 25 m
207 4415 89 26 snopg-
310 4400 263 46 ind^almost^ivery

42 4443 70 27 other
128 4445 152 36 aepartra|n>
286 4442 5 13 '
300 4441 36 37 V
346 4441 116 42 IRpn&s
470 4450 51 31 .had
536 4453 36 24 all

38 4488 42 31 got
99 4487 136 33 legislative
257 4489 127 36 authority
406 4491 38 26 for
471 4498 26 20 v
508 4493 63 27 half-

604 183 173 33 holiday-with
789 185 43 26 the
844 185 129 32 exception
983 184 27 25 of
1018 184 120 26 domestic

891 224 68 36 Hon,
990 224 42 26 Sir
1054 224 31 26 G.
1110 223 26 27 S.

604 261 143 30 Whitmore.
764 264 52 26 said
836 262 51 26 this
913 270 51 23 wjas
987 263 104 25 another
1113 263 28 25 of

603 300 73 28 those
699 303 63 26 Bills
782 303 27 26 of
840 302 83 28 which,
944 302 60 33 they
1023 302 51 25 had
1096 304 42 24 too

604 348 76 24 many
701 341 105 32 brought
827 340 28 26 m
878 341 100 32 already
995 342 45 31 by.,
1051 342 88 31 people

597 381 59 30 .who
675 382 83 25 knew,
769 381 104 32 nothing
896 381 76 27 about
980 393 5 3 -
994 382 43 24 the
1049 381 87 27 .condi-

605 419 63 25 tions
681 420 27 24 of
712 420 42 24 life
766 421 85 29 except
859 421 27 22 m
897 418 66 32 large
975 422 86 27 towns,
1074 428 63 16 were

604 457 59 33 they
674 462 25 21 to
718 458 70 24 drum
800 457 65 24 their
886 462 113 20 servants
1011 462 51 24 out,
1084 466 52 24 per-

604 496 62 32 haps
675 504 33 17 on
719 504 15 17 a
745 497 47 24 wet
803 497 55 31 day,
887 503 28 17 or
926 497 26 23 to
978 502 69 25 carry
1066 496 70 26 them

605 536 25 23 to
641 535 43 24 the
705 536 99 23 nearest;
826 532 98 32 village.
976 534 32 24 In
1030 537 106 29 country

603 573 82 30 places
703 572 50 24 this
776 572 54 24 Bill
850 571 80 24 would
947 572 62 24 have
1020 576 34 20 no
1066 573 71 23 effect

604 610 122 25 whatever
751 611 81 30 except
855 611 25 23 to
903 609 54 32 give
969 611 70 30 great
1050 610 84 24 incon-

603 649 115 36 venience
739 649 24 23 to
1068 648 67 24 Hon.

604 686 108 26 iMKBoIt
724 688 53 24 said
796 688 32 24 he
851 688 104 31 would,.
955 688 56 29 like,
1031 690 25 23 to
1064 696 47 22 .say
1122 696 21 18 a-,

602 729 48 23 few
661 729 79 23 words
752 728 26 23 m
790 729 76 30 reply,
901 723 32 29 m
945 729 43 23 the
1000 728 56 24 first
1066 730 70 29 place

602 768 32 24 he
654 768 81 24 would'
744 768 98 23 remark
854 767 55 25 that
921 768 32 23 he
966 768 106 31 thought
1093 768 43 24 the

602 806 72 25 usual
685 805 105 25 formula
812 805 56 24 that
891 805 43 25 the
956 806 51 24 Bill
1032 807 28 23 be
1071 806 58 25 read

691 845 48 32 day
762 846 37 23 six
822 845 117 31 months,'
1036 847 98 32 getting

601 885 85 25 rather
701 885 148 28 wearisome,
874 886 49 23 and
932 886 41 23 for
984 884 156 27 the-salveof-
1141 886 2 5 r

603 924 95 30 variety,
708 923 56 31 they
776 923 89 26 should
877 932 59 22 vary
955 925 65 24 their
1032 925 100 24 method

602 961 177 31 occasionally,-
810 961 21 25 it
861 961 98 26 showed
981 964 102 30 poverty
1110 962 28 25 of

602 1009 112 18 resource
726 1003 25 22 to
771 1001 55 32 sing
843 1002 50 24 this
917 1010 61 24 song
992 1010 37 21 ,so,
1031 1019 4 17 ;
1040 1002 94 25 contin-

603 1041 68 31 ually
682 1040 28 24 m
722 1040 42 24 the
783 1040 113 29 Council,
915 1042 75 30 along
1010 1041 58 24 with
1080 1041 55 24 that

602 1079 33 24 he
655 1078 79 24 would
755 1086 50 23 say,
823 1078 41 24 his
882 1079 151 24 honourable
1056 1079 80 24 friend

605 1117 38 24 Sir
655 1116 95 31 George
768 1116 139 24 Whitmore
919 1130 4 4 -
929 1116 97 24 seemed
1050 1118 45 23 not
1107 1119 26 21 to

603 1154 62 25 have
687 1153 59 26 read
768 1154 41 25 the
832 1152 59 30 Bill,
920 1154 49 25 and
992 1155 26 24 to
1040 1154 63 26 have
1120 1163 15 16 a

604 1193 121 30 complete
745 1192 228 32 misapprehension
985 1192 25 25 of
1028 1191 41 26 the
1080 1201 54 23 pro-

604 1231 90 24 visions
720 1231 129 24 contained
877 1231 25 23 m
930 1231 51 23 this
1010 1238 123 16 measure.

604 1271 79 24 Theie
694 1278 50 16 was
766 1278 33 17 no
822 1269 135 32 provisions
980 1269 55 26 that
1053 1269 81 26 would

604 1309 95 31 compel
709 1316 15 17 a
746 1308 47 31 girl
811 1311 25 22 to
856 1309 68 24 leave
945 1308 44 25 her
1000 1316 72 17 room
1083 1308 49 25 and

603 1350 65 24 force
678 1349 44 23 her
743 1349 26 23 m
793 1349 42 24 the
854 1351 95 26 streets,
980 1349 110 24 whether
1112 1349 21 24 it

604 1396 48 16 was
678 1389 47 22 wet
745 1394 26 16 or
791 1387 45 30 dry
856 1387 116 28 weather,
1002 1387 71 24 could
1086 1396 47 22 any

603 1424 150 26 honourable
762 1426 139 30 gentleman
922 1425 68 25 show
1007 1424 52 25 him
1077 1425 57 25 that

603 1466 27 24 m
639 1466 42 24 the
694 1464 58 25 Bill.
797 1464 25 24 It
842 1464 119 31 appeared
972 1466 26 23 to
1010 1465 52 23 him
1074 1465 57 25 that

604 1503 122 25 members
738 1511 60 16 wore
809 1511 67 17 more
887 1503 134 25 interested
1032 1504 28 23 m
1077 1504 57 24 hos-

604 1544 42 26 tile
656 1552 69 23 press
743 1544 130 24 criticisms
896 1544 26 24 of
938 1546 43 22 the
999 1544 51 24 Bill
1072 1544 61 24 than

604 1583 102 30 making
726 1582 148 25 themselves
906 1582 153 32 acquainted'
1074 1582 59 25 with

604 1623 42 24 the
659 1626 75 19 terms
743 1622 26 23 of
781 1622 42 24 tht
835 1629 113 17 measure
958 1622 75 25 itself:
1046 1622 87 26 'There

603 1669 49 16 was
671 1668 30 16 no
712 1660 56 25 such
776 1662 121 30 provision
908 1662 26 22 m
945 1660 36 24 the
1106 1659 25 25 It

603 1702 21 24 is
642 1709 15 17 a
680 1700 54 25 well
752 1700 88 25 known
858 1700 49 25 fact
932 1700 56 25 that
1011 1700 120 25 domestic

604 1742 111 23 servants
727 1747 41 17 are
788 1741 41 23 the
849 1741 58 31 only
919 1741 62 23 class
1002 1740 27 23 of
1043 1739 89 25 labour

602 1780 55 23 that
665 1786 41 16 are
719 1778 133 30 compelled
868 1782 26 19 to
912 1777 66 25 work
990 1784 73 17 seven
1072 1777 59 31 days

603 1825 15 16 a
637 1816 65 25 week
713 1824 28 17 as
752 1815 57 32 they
828 1817 89 23 cannot
936 1815 107 32 lawfully
1057 1815 74 25 claim

602 1864 45 17 one
656 1856 63 24 hour
731 1855 26 25 of
766 1856 41 23 the
827 1854 78 26 whole
916 1855 76 27 week,
1016 1854 115 32 Sundays

601 1896 114 24 included
726 1896 38 24 for
774 1895 63 25 their
846 1903 53 17 own
910 1895 118 31 pleasure.
1051 1894 80 26 While

602 1935 83 31 trying
700 1935 26 23 to
746 1934 122 24 condemn
879 1934 51 23 this
942 1933 50 24 Bill
1005 1933 126 25 malicious

601 1979 102 24 persons
713 1971 127 24 insinuate
851 1971 56 25 that
919 1973 111 23 servants
1040 1967 49 29 will
1101 1971 29 24 be

600 2010 134 31 compelled
757 2011 25 22 to
815 2008 69 26 leave
892 2009 87 25 -their,
993 2009 137 32 employers

602 2052 85 24 House
698 2059 33 16 on
741 2050 43 25 the
795 2050 165 31 half-holiday
983 2050 42 25 oat
1042 2050 25 25 m
1087 2050 43 25 the

601 2092 48 23 wet
672 2089 54 24 into
738 2088 43 25 the
804 2090 97 23 streets.
954 2089 64 24 How
1030 2097 100 23 persons

601 2128 60 24 •with
684 2134 47 22 any
762 2127 74 23 claim
868 2128 26 23 to
917 2134 115 17 common
1060 2134 70 17 sense

601 2165 73 25 could
684 2165 63 24 have
762 2167 42 29 gob
817 2165 61 23 such
890 2173 31 16 an
939 2165 55 24 idea
1005 2165 52 24 into
1066 2165 65 24 their

602 2205 59 25 head
672 2212 51 17 was
741 2203 96 32 beyond
859 2205 211 30 comprehension.
1105 2205 26 24 It

600 2248 20 23 is
647 2245 87 32 simply
759 2247 26 23 to
808 2245 55 31 give
886 2248 111 21 servants
1020 2245 111 25 fourteen

601 2285 109 32 working
729 2285 70 31 day's
821 2284 51 25 and
891 2285 71 24 could
973 2284 31 25 be
1014 2285 76 24 taken
1104 2285 34 24 in-

599 2324 124 25 whatever
733 2323 64 25 form
821 2323 55 24 that
898 2323 125 32 mutually
1050 2323 80 24 suited

600 2363 126 31 employer
748 2362 49 23 and
817 2363 108 26 servant,
943 2362 27 23 m
992 2361 50 25 fact
1058 2362 73 24 when

600 2405 58 21 next
669 2402 128 31 presented
808 2402 26 24 to
846 2401 153 25 Parliament
1009 2402 21 23 it
1042 2402 94 24 should,

600 2443 28 23 be
641 2440 129 32 suggested
792 2439 21 25 if
826 2439 73 25 taken
922 2440 26 24 m
970 2439 161 32 half-holiday

599 2482 64 24 form
687 2481 56 23 that
753 2481 44 23 the
815 2480 76 25 hours
907 2480 83 24 would
1008 2480 31 24 be
1061 2488 70 16 more

599 2519 117 32 practical
732 2522 26 20 to
781 2526 141 17 commence
945 2518 64 25 from
1036 2526 48 17 one
1108 2520 23 23 o'

599 2559 68 25 clock
694 2558 27 25 m
746 2558 43 24 the
811 2558 137 28 afternoon,
973 2558 48 25 and
1040 2557 88 25 labour

599 2599 113 25 resumed
722 2607 32 16 on
766 2598 42 25 the
819 2598 127 32 following
965 2598 55 31 day.
1055 2598 41 25 Mr
1105 2598 25 25 J.

600 2638 35 25 M.
665 2637 71 31 Kelly
763 2636 101 25 intends
891 2636 22 25 if
928 2636 118 25 returned
1072 2638 60 23 next

599 2678 101 25 election
712 2678 26 23 to
763 2676 155 25 reintroduce
943 2677 47 24 this
1010 2684 119 20 measure,

599 2727 26 16 so
636 2718 21 24 it
668 2717 49 24 will
735 2717 31 24 be
783 2717 38 24 for
841 2717 44 24 the
907 2717 102 24 interest
1020 2717 27 24 of
1057 2717 73 24 those

599 2757 82 24 whom
693 2756 50 24 this
764 2755 50 24 Bill
833 2763 125 22 concerns,
983 2760 24 19 to
1030 2757 103 29 support

599 2794 125 25 members
735 2793 57 26 that
811 2793 115 33 legislate
946 2796 25 22 to
976 2820 2 1 .
990 2794 54 32 give
1054 2803 3 4 -
1063 2794 70 24 them

599 2834 90 25 leisure
700 2833 38 24 for
750 2833 143 24 recreation.
927 2833 47 24 We
985 2832 81 25 notice
1077 2832 56 25 that

599 2874 61 25 bobh
672 2882 46 16 our
729 2873 64 25 local
815 2872 123 26 members
959 2873 40 24 Mr
1010 2872 123 25 Meredith

600 2913 48 24 and
659 2913 42 23 Mr
723 2912 87 25 Buddo
822 2911 133 32 supported
966 2911 43 25 the
1022 2911 111 25 servants

600 2952 167 31 half-holiday
785 2952 59 25 Bill.

724 3081 296 31 MAGISTERIAL.

783 3155 148 29 OXFORD,

682 3198 89 25 Before
788 3198 41 25 Mr
845 3199 103 31 Bishop,
969 3199 26 24 S.
1015 3199 36 24 M.
1093 3217 3 3 .
1142 3190 2 46 j

710 3265 93 25 Parish
821 3274 23 16 v.
863 3265 158 25 Woodward.

640 3305 86 25 Claim
739 3305 37 25 £l
799 3308 36 23 7s.
859 3306 40 25 6d.
919 3305 38 25 for
967 3305 110 32 Drapery
1087 3305 47 25 and

603 3345 199 25 advertisement.
846 3345 144 24 Defendant
1009 3347 45 30 pat
1075 3345 28 24 m
1121 3352 15 17 a

603 3385 100 23 counter
721 3383 70 25 claim
815 3383 38 26 for
868 3383 41 25 his
936 3383 75 25 wife's
1033 3384 103 25 services

604 3424 36 21 for
652 3421 87 31 taking
750 3430 15 16 a
781 3425 56 28 part
856 3422 26 24 m
906 3430 15 16 a
943 3422 129 24 Dramatic
1084 3422 54 24 En-!

603 3458 161 26 tertainment
789 3467 71 17 some
880 3467 75 17 seven
981 3467 70 24 years
1080 3459 58 32 ago,'

603 3496 81 25 which
706 3496 40 24 his
770 3496 113 31 Worship
906 3497 180 25 characterised
1108 3505 28 17 as

603 3535 98 29 absurd,
714 3535 48 26 and
784 3536 55 25 also
861 3537 186 24 animadverted
1069 3545 65 23 upon

603 3575 42 25 the
673 3575 183 31 extraordinary
889 3575 128 25 character
1047 3576 27 25 of
1095 3576 42 25 the
1134 3573 3 14 1

603 3615 164 26 Defendant's
786 3615 124 28 evidence,
941 3615 43 26 the
1007 3615 129 35 absurdity;

603 3655 24 24 of
637 3654 78 25 which
729 3662 47 17 was
784 3654 90 32 proved
886 3654 31 32 by
928 3662 15 16 a
953 3655 73 24 letter
1038 3655 98 24 written
1133 3650 3 14 1

603 3693 29 32 by
653 3693 44 25 the
722 3693 141 25 Defendant
887 3693 51 26 and
959 3693 124 32 produced
1105 3693 31 32 bf

603 3732 42 25 the
663 3731 120 26 Plaintiff.
827 3732 99 25 Verdict
948 3731 81 26 would
1049 3731 30 27 be
1099 3731 38 26 for

603 3770 41 24 the
656 3770 115 24 Plaintiff
779 3770 59 25 with
851 3775 74 20 costs.

637 3808 46 23 His
726 3808 115 31 Worship
881 3809 153 24 commented
1079 3816 57 23 very

603 3845 110 32 strongly
724 3854 66 24 upon
802 3846 44 25 the
858 3847 108 24 conduct
986 3846 27 25 of
1020 3846 43 25 the
1074 3846 63 25 local

603 3883 114 28 Justices,
741 3884 148 32 adjourning
919 3884 41 24 the
986 3884 75 25 above
1082 3892 54 17 case

603 3922 62 25 from
677 3921 50 26 last
739 3922 76 27 Court
823 3922 56 32 day.
913 3922 154 32 Remarking
1078 3923 56 25 that

603 3961 18 24 it
632 3959 51 26 had
694 3961 91 25 caused
795 3961 54 26 him
869 3963 27 24 to
916 3969 69 17 come
1004 3961 130 32 purposely

603 4001 23 23 to
639 3999 92 25 Oxford
741 4002 27 23 to
786 4001 59 24 hear
863 4000 43 25 the
926 4008 62 22 case,
1011 3999 49 25 and
1076 4000 58 25 thus

603 4039 124 31 retarding
754 4039 136 32 important
918 4040 114 25 business
1052 4039 84 25 which

603 4076 111 33 required
726 4078 38 24 his
776 4078 122 24 attention
915 4077 87 25 below.

1228 192 438 38 CORRESPONDENCE.

1169 246 64 20 while
1242 251 37 15 our
1287 246 89 20 columns
1388 250 36 15 are
1430 250 60 20 -open
1500 246 21 19 to
1530 244 38 25 all,
1581 251 30 15 v$
1622 246 26 20 Ao
1660 248 36 17 not

1192 281 89 28 identify
1300 283 99 20 ourselves
1416 283 52 19 with
1486 283 94 24 opinions
1595 283 103 26 expressed

1192 321 85 21 therein.

1165 347 8 54 J
1200 359 82 28 Tqthe
1300 355 86 29 Editor
1406 358 32 32 of
1454 357 37 25 the
1505 358 157 35 "Qbsefm/'

1181 434 152 26 LIBERAL
1348 443 23 16 v.
1401 420 245 46 COSERVATIVE,

1168 499 41 26 Sir
1445 497 3 4 '
1483 489 3 2 '

1198 539 14 25 I
1239 540 136 32 frequently
1409 539 125 26 hearv,the
1559 541 136 30 expression

1157 591 2 4 •
1272 579 21 23 is
1301 586 34 16 no
1344 576 130 26 difference
1486 577 27 24 m
1524 577 43 24 the
1578 579 118 29 meaning

1165 615 27 24 of
1209 615 100 26 Liberal
1329 615 48 25 and
1390 614 171 26 Conservative
1573 622 27 17 as
1611 615 21 25 it
1652 623 41 24 ap-

1165 654 61 30 plies
1246 656 26 24 to
1284 655 41 24 the
1344 648 97 37 poiiti6a
1450 653 36 25 'of
1495 654 62 25 New
1575 648 119 31 Ziesfland.

1165 693 82 27 Home
1263 694 144 33 .pqliticiiips
1431 695 78 32 a^sjert
1523 692 3 3 '
1537 693 56 25 that
1614 694 35 28 m.
1652 694 43 25 the

1164 734 48 23 old.
1222 738 103 27 country
1336 734 67 36 theje
1410 753 3 3 .
1419 734 23 23 is
1454 733 89 31 a'iwide
1562 732 54 31 gulf
1625 734 67 31 fixe,d

1165 772 110 26 between
1303 774 43 24 the
1384 765 70 36 Wo,-
1467 769 68 36 ;,&&!
1556 772 72 32 point
1642 774 45 24 .to

1163 811 44 25 the
1240 811 117 26 abolition
1396 811 25 25 of
1457 803 96 40 slavery
1586 811 27 25 m
1649 810 44 26 the

1164 850 92 25 British
1266 849 212 29 dommions^and
1487 849 44 26 the
1549 849 51 26 loss
1615 849 27 26 of
1651 849 43 25 the

1153 884 139 30 American
1322 889 122 26 Colonies.
1580 889 111 25 Liberals

1164 930 115 32 bringing
1289 929 75 25 about
1375 929 49 26 the.
1430 925 115 28 God-like
1560 929 92 24 Teforni
1663 930 26 23 m

1160 968 46 25 ithe
1217 968 54 25 first
1281 968 120 28 instance,
1420 967 49 25 and
1492 967 42 24 the
1557 967 134 26 Conserva-

1160 1009 65 24 tives
1236 1008 32 32 by
1287 1008 64 24 their
1369 1007 169 32 high-handad
1549 1007 142 26 selfishness

1164 1049 139 31 separating
1313 1048 150 25 themselves
1487 1047 64 25 from
1573 1056 15 16 a

1159 1080 83 31 'which
1252 1087 23 24 is
1287 1087 110 24 destined
1406 1087 26 23 to
1442 1085 100 25 become
1552 1093 46 17 one
1601 1085 35 25 -.of
1646 1087 43 24 the

1163 1126 106 29 greatest
1280 1125 105 28 nations,
1399 1123 80 25 which
1490 1123 43 25 the
1543 1123 77 25 world
1639 1124 46 24 has

1164 1162 76 25 either
1251 1162 75 25 heard
1336 1170 28 17 or
1379 1161 60 26 read
1466 1160 83 26 abouti
1583 1161 57 25 And
1653 1162 39 25 Sir

1164 1202 55 24 that
1230 1201 78 24 would
1319 1200 63 25 have
1393 1200 60 24 been
1467 1200 94 31 exactly
1571 1200 45 24 the
1626 1196 68 35 pdsi-'

1157 1242 57 22 !tion
1226 1239 111 25 between
1349 1240 43 24 the
1402 1238 111 26 Colonial
1524 1238 109 25 Liberals
1644 1239 48 24 and

1164 1280 191 29 Conservatives,
1367 1278 51 26 had
1429 1278 20 25 it
1455 1280 44 23 not
1510 1278 63 25 been
1585 1278 106 25 checked

1156 1320 38 32 •by
1206 1321 147 25 wholesome
1364 1318 159 33 Legislation,
1542 1318 62 26 born
1616 1319 26 25 of
1649 1327 42 16 ex-

1162 1360 109 31 perience
1282 1359 24 24 m
1319 1361 56 29 past
1388 1361 92 22 events.

1197 1399 66 24 Take
1274 1399 108 25 Victoria
1392 1398 38 25 for
1438 1405 4 4 '
1449 1398 113 25 instance
1578 1399 27 23 m
1618 1400 71 28 1851,

1163 1437 26 25 of
1212 1437 80 24 which
1304 1436 44 25 the
1369 1436 83 25 writer
1462 1436 46 24 has
1534 1444 15 16 a
1573 1437 118 30 complete

1161 1476 112 31 personal
1284 1474 148 32 knowledge.
1468 1473 76 26 Whit
1567 1482 68 17 <were
1649 1474 42 25 the

1162 1513 154 26 inhabitants
1328 1513 101 30 thereof,
1448 1513 144 25 Melbourne
1615 1521 50 16 was
1677 1521 14 16 a

1163 1554 76 25 Town
1250 1554 27 24 of
1285 1553 141 26 merchants
1436 1553 50 25 and
1494 1553 110 25 Bankers
1613 1554 77 25 work-

1161 1595 44 30 ing
1216 1594 68 24 hand
1298 1594 27 24 m
1333 1594 66 24 hand
1409 1593 61 26 with
1481 1593 109 32 English
1600 1594 93 31 syndi-'

1162 1636 74 26 cates,
1253 1633 50 25 and
1314 1637 41 21 the
1366 1633 107 31 pastoral
1494 1633 72 24 lands
1578 1641 61 17 were
1651 1641 38 17 oc-

1161 1672 86 32 cupied
1258 1673 33 31 by
1311 1671 128 33 Squatters
1458 1675 56 22 who
1536 1679 63 18 were
1624 1672 67 25 their

1161 1714 125 29 catspaws,
1308 1711 49 24 and
1379 1710 34 25 all
1435 1718 62 18 were
1508 1711 181 25 conservatives

1160 1755 26 18 to
1204 1757 14 16 a
1230 1757 66 15 man.
1336 1748 78 25 Years
1436 1749 89 30 passed
1547 1757 69 22 away
1637 1749 52 24 and

1160 1789 112 29 Banker,
1287 1788 160 31 Storekeeper
1456 1788 49 24 and
1519 1789 116 30 Squatter
1642 1788 49 24 had

1160 1827 59 24 been
1232 1826 75 32 going
1318 1834 33 17 on
1374 1826 43 24 thfi
1428 1833 63 18 even
1501 1827 72 24 tenor
1585 1826 26 25 of
1629 1826 62 25 their

1159 1874 61 24 way,
1239 1865 130 32 exporting
1393 1861 61 30 wooi
1479 1865 49 24 aud
1551 1865 140 31 increasing

1158 1905 63 24 their
1239 1904 85 28 flocks,
1350 1904 45 25 but
1417 1903 108 32 growing
1543 1911 33 17 no
1598 1903 89 28 richer,

1161 1943 102 23 because
1274 1950 15 16 a
1300 1942 73 30 sheep
1385 1941 71 27 could
1478 1941 31 24 be
1530 1942 93 30 bought
1649 1943 40 22 for

1159 1980 119 31 sixpence,
1297 1980 44 24 and
1364 1988 15 16 a
1401 1980 36 24 fat
1456 1981 68 23 beast
1546 1979 39 25 for
1612 1979 78 32 thirty

1159 2018 121 31 shillings,
1299 2018 70 24 when
1392 2026 15 16 a
1426 2018 95 31 change
1543 2026 68 17 came
1634 2026 57 16 over

1159 2060 41 24 the
1212 2059 68 32 spirit
1292 2058 27 26 of
1329 2059 42 25 the
1381 2059 90 24 dream.
1507 2059 64 25 Gold
1583 2067 49 17 was
1641 2059 48 25 dis-

1159 2099 99 25 covered
1286 2099 50 24 and
1363 2100 62 24 Port
1460 2099 92 32 Phillip
1575 2099 115 25 Harbour

1159 2147 66 24 upon
1244 2139 83 25 whose
1349 2140 87 24 waters
1454 2139 120 32 appeared
1585 2139 59 32 only
1656 2147 31 17 an

1159 2176 135 26 occasional
1317 2176 70 31 craft,
1422 2185 50 16 was
1501 2185 55 17 now
1579 2178 111 24 crowded

1159 2216 57 23 with
1226 2215 68 32 ships
1303 2214 64 26 from
1379 2214 34 25 all
1425 2217 68 29 parts
1502 2215 27 25 of
1538 2215 43 25 the
1602 2216 84 29 world,

1158 2254 67 24 filled
1238 2253 59 24 with
1310 2253 94 32 willing
1414 2253 127 26 labourers
1564 2259 25 20 to
1609 2254 80 26 devel-

1159 2301 44 24 ope
1222 2293 42 26 the
1275 2293 54 25 rich
1346 2293 135 26 auriferous
1494 2294 127 32 argentine
1640 2294 47 25 and

1159 2340 118 24 cupreous
1299 2331 115 33 products
1433 2331 28 26 of
1480 2331 56 26 that
1558 2332 131 26 wonderful

1159 2371 68 24 land.
1570 2388 3 4 .

1195 2409 54 24 And
1261 2409 48 30 Sir,
1327 2409 57 24 how
1395 2416 63 17 were
1470 2410 68 24 these
1550 2411 64 24 met?
1635 2411 54 24 who

1160 2449 31 31 by
1202 2447 64 27 their
1277 2455 113 25 presence
1402 2448 81 25 raised
1495 2449 43 24 the
1550 2449 64 31 price
1631 2449 28 26 of
1675 2457 14 17 a

1161 2487 36 23 fat
1207 2487 108 24 weather
1340 2487 65 23 from
1421 2489 35 22 Is.
1481 2488 41 27 3d,
1541 2490 26 22 to
1591 2489 97 30 guinea,

1160 2525 49 23 and
1219 2533 15 15 a
1256 2524 98 25 bullock
1377 2524 65 24 from
1471 2526 32 22 30
1524 2524 117 33 shillings
1664 2530 26 22 to

1160 2564 67 30 eight
1246 2562 95 32 pounds
1359 2562 33 32 by
1420 2562 71 25 these
1517 2563 174 27 Conservative

1162 2602 136 32 Squatters,
1324 2601 113 25 Bankers
1465 2601 50 26 and
1546 2602 144 33 Storekeep-

1160 2649 47 18 ers.

1193 2679 72 25 Were
1277 2679 59 31 they
1360 2678 133 25 welcomed
1513 2679 51 25 and
1590 2688 101 17 encour-

1160 2718 83 32 aged?
1265 2719 45 23 not
1324 2717 68 31 they.
1426 2717 51 24 But
1496 2718 57 31 they
1566 2726 33 17 we
1608 2726 25 17 re
1644 2719 45 24 im-

1161 2757 127 31 mediately
1307 2756 73 24 taxed
1403 2757 57 27 305.,
1491 2763 44 24 per
1564 2756 64 25 head
1651 2764 42 24 per

1161 2794 97 29 month,
1289 2794 136 31 nominally
1446 2794 38 25 for
1508 2794 44 25 the
1577 2794 67 33 right
1666 2797 26 23 to

1161 2833 74 28 mine,
1253 2832 50 25 and
1326 2832 86 32 failing
1429 2834 25 23 to
1477 2835 42 29 get
1541 2832 66 26 what
1633 2834 58 32 they

1161 2872 74 26 asked
1246 2872 45 29 for,
1305 2880 63 17 were
1386 2872 111 25 arrested
1516 2872 50 25 and
1586 2873 105 25 chained

1162 2919 33 24 up
1206 2919 28 17 as
1245 2910 87 30 felons,
1351 2911 50 25 and
1411 2910 43 26 the
1472 2911 78 25 result
1562 2912 26 24 'is
1602 2912 90 26 known

1162 2955 25 21 to
1197 2959 72 24 every
1280 2951 42 25 old
1343 2951 104 32 identity
1469 2952 50 24 and
1536 2947 58 30 'also
1619 2960 73 25 every

1162 2998 47 17 one
1229 2990 56 25 who
1303 2990 47 25 has
1361 2993 45 22 not
1416 2989 128 32 neglected
1569 2992 26 24 to
1620 2990 73 26 make

1162 3030 100 26 himself
1280 3030 146 32 acquainted
1446 3030 60 26 with
1518 3030 106 29 colonial
1643 3032 48 25 his-

1162 3071 63 30 tory.
1268 3068 14 25 I
1307 3068 79 25 admit
1414 3068 47 30 Sir,
1493 3069 55 25 that
1567 3070 42 24 the
1631 3070 60 25 New

1163 3107 110 25 Zealand
1286 3107 114 31 Squatter
1407 3107 22 24 is
1440 3106 28 26 of
1474 3114 16 19 a
1495 3107 107 32 'slightly
1614 3107 79 26 better

1162 3148 53 23 cast
1232 3146 64 25 than
1306 3145 41 26 his
1367 3145 125 26 Victorian
1515 3145 114 32 confrers,
1647 3146 46 25 but

1162 3192 33 17 on
1207 3184 43 25 the
1274 3184 81 25 whole
1373 3182 40 26 he'
1424 3184 22 25 is
1470 3186 52 23 cast
1533 3185 27 24 m
1572 3186 41 23 the
1625 3193 68 18 same

1162 3222 87 26 mould
1268 3231 27 17 as
1315 3223 37 25 far
1364 3230 27 18 as
1409 3222 38 26 his
1467 3223 98 32 politics
1582 3231 41 17 are
1635 3232 57 17 con-

1163 3263 96 25 cerned.

1186 3303 79 26 .Well
1289 3303 49 29 Sir,
1362 3310 45 18 can
1424 3311 49 24 you
1493 3304 111 29 wonder,,
1621 3305 72 25 when

1163 3349 44 22 we,
1226 3341 40 25 old
1289 3342 132 24 identities
1442 3342 110 24 consider
1569 3342 45 25 the
1637 3345 58 29 past

1164 3380 104 33 History
1277 3379 28 25 of
1319 3379 48 25 the.
1378 3380 113 24 colonies
1510 3380 38 25 for
1566 3380 70 26 these
1647 3381 48 25 last

1164 3422 32 23 45
1207 3428 78 24 years,
1303 3428 36 18 we
1363 3419 90 27 should
1473 3420 43 32 pin
1535 3429 49 24 pur
1595 3421 64 26 faith
1669 3423 27 24 to

1164 3468 56 16 men
1247 3459 126 30 Ballance,
1409 3460 106 30 Seddon,
1550 3460 144 31 McKerizie,

1165 3498 108 25 Stafford
1290 3498 49 23 and
1360 3497 65 25 their
1435 3497 130 31 followers,
1606 3498 36 25 To
1654 3499 42 25 the

1166 3535 117 33 Squatter
1294 3535 80 32 clique
1385 3535 95 25 headed
1503 3536 32 32 by
1555 3536 61 25 such
1641 3545 53 16 meu

1164 3584 26 17 as
1207 3575 44 26 the
1259 3576 98 32 present
1367 3574 83 25 leader
1461 3575 27 24 of
1493 3575 42 26 the
1546 3576 147 32 opposition,

1164 3622 36 17 we
1211 3614 84 25 attach
1305 3613 144 32 everything
1460 3613 104 26 illiberal
1574 3615 49 24 and
1637 3623 57 17 con-

1166 3654 121 25 servative
1298 3653 27 25 of
1334 3653 41 25 the
1389 3661 58 24 very
1466 3655 74 24 worst
1556 3656 64 30 typt,
1638 3655 58 25 such

1167 3701 28 17 as
1217 3691 61 26 land
1299 3691 140 33 monopoly,
1472 3692 50 25 and
1545 3693 152 31 prospective

1169 3731 117 29 serfdom,
1304 3732 40 24 the
1362 3731 146 32 plutocratic
1530 3731 50 25 and
1599 3735 97 29 squato-

1168 3770 78 25 cratic
1258 3777 154 24 supremacy,
1425 3769 48 25 and
1485 3769 34 25 all
1530 3769 43 26 the
1584 3770 114 33 crushing

1164 3810 60 24 evils
1235 3810 86 24 under
1333 3809 81 25 which
1426 3809 44 25 the
1481 3817 95 17 masses
1586 3810 27 24 of
1618 3810 79 25 Euro-

1165 3857 65 24 pean
1239 3849 102 25 nations
1353 3850 105 24 suffered
1469 3850 39 24 for
1519 3858 27 17 so
1554 3858 75 23 many
1640 3858 58 23 gen-

1167 3888 116 25 erations,
1301 3886 50 26 and
1363 3887 79 25 under
1453 3887 81 25 which
1550 3888 43 25 the
1604 3895 94 17 masses

1165 3926 28 25 of
1218 3926 92 26 Russia
1333 3925 50 25 and
1411 3926 61 24 such
1494 3926 206 26 semi-collivated

1166 3965 123 26 countries
1301 3972 42 18 are
1353 3971 56 19 now
1418 3964 126 33 suffering.

1200 4006 47 28 Sir,
1266 4005 14 24 I
1298 4004 132 26 witnessed
1451 4005 44 26 the
1523 4006 111 32 struggle
1661 4006 40 25 for

1165 4043 90 31 liberty
1274 4043 27 24 m
1313 4043 112 24 Victoria
1448 4043 62 24 from
1523 4044 42 24 the
1585 4044 116 31 Squatter

1166 4081 140 33 opposition
1315 4081 28 24 m
1356 4082 72 29 1854,
1446 4081 89 33 during
1546 4083 42 24 the
1601 4083 65 33 reign
1677 4084 26 25 of

1168 4119 44 26 the
1225 4119 143 27 Autocratic
1388 4119 135 33 Governor,
1541 4121 40 26 Sir
1600 4121 101 28 Charles

1171 4159 123 26 Hotham.
1329 4158 15 25 I
1353 4158 132 26 witnessed
1494 4160 122 25 atrocities
1621 4161 82 26 which

1170 4204 65 19 were
1246 4205 16 17 a
1282 4196 111 33 disgrace
1404 4198 26 24 to
1448 4204 50 25 any
1517 4198 110 26 civilised
1636 4207 67 19 com-

1168 4237 103 32 munity
1276 4254 7 12 ,
1296 4236 49 24 and
1357 4243 56 17 ever
1432 4236 65 25 since
1513 4238 52 25 and
1582 4238 16 24 I
1611 4239 92 32 always

1169 4274 60 26 hfcve
1244 4274 50 26 and
1307 4281 57 21 ever
1375 4272 52 26 will
1442 4282 44 17 use
1496 4283 44 25 my
1557 4276 75 30 voice,
1654 4278 50 25 asd

1169 4306 45 38 jttiy
1309 4311 46 39 fpr^
1366 4310 125 30 universal
1513 4314 119 34 suffrageV
1655 4316 49 26 and

1173 4352 140 26 individual
1322 4352 4 6 :
1333 4352 99 35 liberty;,
1435 4341 5 19 5
1449 4349 50 42 an|d
1505 4362 8 15 ;
1520 4355 28 25 m
1567 4356 47 25 'tha
1635 4351 69 32 Colo-

1168 4391 57 25 nies
1235 4394 27 22 at
1273 4391 64 26 least
1351 4391 17 25 I
1386 4389 91 28 cannot
1487 4391 163 29 disassociate
1659 4394 43 27 the

1166 4436 86 19 names
1269 4430 27 25 of
1319 4430 120 32 Squatter,
1457 4430 49 25 and
1527 4431 177 33 Conservative,

1167 4467 50 29 and
1232 4474 51 26 any
1293 4474 60 18 man
1364 4468 52 24 who
1426 4466 47 27 has
1485 4469 44 25 the
1546 4469 65 27 least
1620 4471 84 31 proba-

1168 4503 79 32 bility
1272 4507 27 23 to
1333 4506 111 29 squatter
1476 4505 118 28 instincts
1621 4509 28 24 m
1668 4508 36 26 his

1724 183 169 35 co'mpoiition,
1911 182 64 26 shall
2013 190 73 18 never
2124 182 63 26 have
2206 190 44 25 my

1724 225 63 25 vote.

1756 262 32 24 In
1825 261 70 25 short
1905 260 63 24 time
1989 264 38 22 we
2041 259 72 25 'shall
2135 260 31 25 be
2177 260 76 32 again

1723 302 78 25 calltd
1813 309 31 18 oa
1867 302 26 24 to
1913 298 84 31 record
2015 307 45 17 our
2079 305 76 25 votes,
2178 300 51 26 and
2239 300 20 24 I'

1717 347 73 18 .warn
1813 347 43 24 my
1877 337 81 27 fellow
1983 337 116 26 colonists
2126 338 57 26 that
2209 338 44 25 the

1724 377 113 26 National
1853 376 101 25 Animal
1962 376 22 25 is
1996 375 26 25 m
2032 376 92 25 careful
2135 377 116 31 training:

1727 415 61 26 Oats
1807 415 105 31 perheps
1931 415 51 30 wjll
1999 415 48 29 nolj.
2062 413 30 26 be
2102 421 29 18 so
2133 414 2 8 :
2141 414 112 32 plentiful

1724 460 29 17 as
1764 461 33 17 on
1816 453 93 24 former
1928 451 134 30 occasions,
2080 459 28 18 as
2124 460 14 16 a
2147 453 106 32 /certain

1714 490 158 26 -Institution
1884 490 20 25 is
1927 491 44 24 not
1984 511 4 7 ,
1996 497 53 17 now
2071 490 28 24 m
2123 490 43 26 the
2185 497 68 19 same

1723 532 108 31 position
1842 533 27 22 to
1881 530 87 32 supply
1979 530 77 28 them,
2073 530 46 25 but
2127 531 126 25 neverthe-

1726 571 48 25 less
1785 571 42 27 the
1836 570 103 30 Donkey
1946 568 51 27 will
2008 570 37 29 do;
2051 568 40 26 his
2101 570 60 26 best'
2166 570 33 26 to''
2203 568 56 28 mbr

1721 610 43 26 the
1784 618 56 17 i-ace
1852 617 61 18 even
1919 609 26 30 .if
1954 610 37 24 he,
1998 611 54 30 gets
2063 608 63 27 little
2138 610 50 26 else
2209 610 45 25 but

1721 649 107 30 thistles,
1872 650 2 3 '
1891 669 11 5 „
1958 669 4 5 ,
1996 670 1 2 .
2035 669 9 16 f

1714 721 10 14 *■
1747 712 5 19 :
1916 707 13 25 I
1945 716 42 17 am
2004 709 41 30 &c,

1745 756 2 18 !
1882 754 20 13 ''"
1999 767 49 25 Old
2064 767 117 32 Identity,
2222 782 37 16 .......

1799 895 162 26 BRAVERY
1974 896 42 25 OF
2035 896 139 26 WOMEN.

1877 944 38 31 By
1933 944 69 31 Lady
2020 944 76 24 Cook.
2169 948 6 3 *
2225 944 5 8 '

1759 998 25 22 It
1795 1002 51 19 was
1857 998 53 22 said
1921 998 32 28 by
1965 1003 32 16 an
2020 998 120 23 excellent
2151 998 98 28 Divine,

1814 1038 94 33 though
1931 1047 77 23 many
2028 1038 145 26 discoveries
2185 1039 63 26 have

1720 1081 63 25 been
1794 1082 71 24 made
1875 1083 37 32 jn
1931 1082 43 24 the
1994 1082 76 25 world
2087 1082 27 25 of
2130 1083 118 30 self-love,

1719 1124 69 25 there
1799 1124 22 26 is
1832 1126 41 30 yet
1885 1125 153 25 .abundance
2061 1125 27 25 of
2114 1127 73 23 'terra
2209 1127 39 24 in-

1719 1168 113 32 cognitis'
1844 1168 43 26 left
1899 1168 100 25 behind.
2044 1169 24 24 It
2092 1169 46 26 has
2148 1169 101 33 pleased

1710 1210 66 26 •'men
1788 1214 26 23 to
1826 1214 112 29 arrogate
1944 1212 152 26 .themselves
2107 1214 86 31 nearly
2205 1216 43 22 the

1719 1254 78 24 whole
1809 1255 26 23 of
1843 1254 95 24 human
1950 1258 105 29 couraige
2063 1256 49 24 and
2123 1258 26 22 to
2160 1256 88 32 regard

1718 1304 96 18 women
1838 1305 28 17 as
1886 1305 57 24 very
1962 1298 70 24 timid
2053 1299 49 23 and
2130 1300 119 31 cowardly

1719 1342 120 23 creatures
1865 1341 69 24 when
1954 1342 130 31 compared
2097 1342 58 25 with
2168 1343 76 24 them-

1719 1383 85 26 selves.
1849 1384 61 25 Now
1926 1393 34 16 we
1985 1384 31 26 do
2040 1387 44 23 not
2105 1386 64 31 deny
2191 1386 56 25 that

1719 1434 67 17 some
1798 1435 93 17 women
1912 1428 162 31 occasionally
2096 1428 63 26 have
2183 1430 64 24 little

1718 1469 127 26 afiections
1856 1470 82 25 which
1954 1471 55 31 give
2027 1478 15 17 a
2060 1471 82 25 colour
2154 1473 26 23 to
2200 1472 49 25 this

1719 1513 104 31 opinion.
1858 1513 80 25 These
1950 1522 41 17 are
2002 1515 87 24 scared
2098 1517 26 22 at
2140 1515 109 33 meeting

1717 1556 120 26 harmless
1865 1565 61 18 cows
1947 1566 28 17 or
2001 1566 69 22 oxen,
2102 1567 27 17 as
2151 1559 97 32 though

1782 1608 63 19 were
1856 1601 118 25 ferocious
1986 1602 74 26 bulls.
2095 1602 69 31 They
2171 1604 9 29 j
2185 1611 59 23 ump

1717 1643 26 23 m
1754 1646 76 21 terror
1849 1651 33 17 on
1901 1652 14 15 a,
1927 1644 68 24 chair
2006 1646 26 23 at
2054 1645 42 24 the
2112 1645 67 32 sight
2190 1646 26 24 of
2234 1654 15 16 a

1718 1694 15 17 a
1755 1694 91 18 mouse.
1889 1687 40 25 All
1952 1689 77 29 these,
2059 1689 115 31 however,
2204 1698 42 17 are

1717 1738 78 17 errors
1806 1731 26 24 of
1842 1731 137 29 education,
1995 1732 54 31 just
2072 1740 28 17 as
2121 1732 60 32 boys
2204 1741 39 17 are

1719 1773 84 31 taught
1814 1774 65 24 from
1890 1774 41 24 the
1940 1774 81 25 cradle
2035 1776 24 23 to
2079 1776 94 31 despise
2185 1776 61 31 girls

1717 1815 37 25 for
1779 1816 65 26 their
1854 1818 119 31 supposed
1995 1819 68 24 want
2082 1818 26 26 of
2129 1818 111 33 bravery,

1717 1860 49 24 and
1776 1868 66 24 grow
1853 1862 26 23 to
1901 1861 126 26 manhood
2049 1862 101 25 without
2162 1862 84 32 seeing

1717 1904 64 24 their
1793 1904 112 25 mistake.
1941 1905 47 24 Yet
2001 1903 147 27 Maudeville
2170 1906 27 24 m
2206 1906 40 25 his

1848 1947 52 25 into
1922 1947 43 25 the
1983 1950 87 22 nature
2082 1948 26 25 of

1710 2007 2 3 ■
1717 1997 68 17 avers
1795 1989 56 25 that
1976 1998 28 17 as
2015 1991 32 25 he
2068 1992 23 24 is
2115 2000 14 16 a
2152 1992 89 24 fearful

1717 2033 100 30 animal,
1835 2034 126 32 naturally
1972 2037 44 22 not
2027 2036 134 31 rapacious,
2178 2035 66 25 loves

1719 2078 78 26 Peace
1807 2078 50 24 and
1875 2078 80 30 Quiet,
1980 2079 47 24 and
2038 2079 32 25 he
2082 2079 81 25 would
2175 2087 72 18 never

1716 2121 72 31 fighti
1801 2121 21 24 if
1837 2121 96 31 nobody
1945 2122 111 24 offended
2067 2123 62 28 him,
2148 2124 49 22 and
2208 2124 33 23 he

1717 2164 72 25 could
1800 2164 61 25 have
1868 2171 2 4 '
1880 2164 67 25 what
1958 2164 32 25 he
2001 2166 75 30 fights
2088 2166 37 24 for
2136 2166 105 25 without

1795 2207 59 25 This
1865 2215 58 24 may
1940 2209 29 23 be
1980 2209 54 24 true
2046 2209 27 24 of
2094 2216 58 17 man
2175 2217 27 17 as
2227 2217 15 16 a

1717 2258 96 24 savage.
1837 2251 51 24 But
1898 2251 148 27 civilization
2057 2252 67 32 gives
2137 2260 27 17 so
2174 2252 74 25 much

1717 2294 57 26 skill
1792 2294 50 25 and
1867 2294 127 32 dissipates
2021 2303 27 17 so
2070 2304 74 24 many
2166 2305 79 16 errors

1716 2338 50 25 and
1776 2340 97 27 terrors,
1884 2339 55 25 that
1950 2347 56 17 men
2031 2339 61 26 have
2112 2343 82 23 learnt
2217 2343 26 23 to

1717 2382 30 24 be
1755 2383 171 30 quarrelsome,
1947 2390 149 24 courageous
2115 2384 49 24 and
2184 2384 60 25 self-

1718 2425 96 25 reliant,
1849 2420 25 30 tt
1884 2425 80 25 would
1985 2425 31 26 be
2034 2427 99 24 natural
2155 2428 26 24 to
2192 2435 55 24 sup-

1717 2477 57 24 pose
1788 2469 44 25 the
1843 2470 107 25 mothers
1974 2470 48 25 and
2040 2470 83 27 sisters
2135 2470 27 26 of
2171 2472 72 24 brave

1717 2520 58 17 men
1794 2512 81 25 would
1893 2512 30 25 be
1945 2513 72 25 brave
2037 2513 57 25 alse.
2129 2513 45 25 We
2191 2513 57 26 look

1717 2555 38 25 for
1774 2557 101 30 cognate
1887 2555 114 32 qualities
2020 2556 27 24 m
2069 2556 61 25 both
2143 2564 68 17 sexes
2222 2557 26 24 of

1718 2599 71 25 other
1811 2599 112 31 animals,
1953 2599 49 25 and
2032 2607 40 18 are
2096 2602 44 23 not
2163 2600 79 30 disap-

1717 2643 110 31 pointed.
1863 2643 64 32 Why
1939 2644 88 24 should
2038 2644 120 24 mankind
2169 2644 30 24 be
2209 2652 32 16 an

1719 2684 127 32 exception
1854 2686 12 22 ?
1878 2685 64 33 Why
1952 2685 89 25 should
2051 2685 21 25 it
2083 2686 30 24 be
2124 2686 125 31 imagined

1719 2728 55 25 that
1783 2736 59 18 men
1863 2728 64 26 have
1950 2728 34 25 all
2011 2729 44 25 the
2077 2737 103 24 courage
2199 2729 50 25 and

1719 2780 95 17 women
1826 2781 15 16 a
1851 2773 129 31 monopoly
1992 2773 27 24 of
2028 2773 109 31 timidity
2146 2774 11 23 ?
2180 2773 64 26 Sim-

1719 2816 41 32 ply
1778 2816 104 26 because
1893 2816 27 26 of
1929 2818 80 23 men's
2031 2817 151 32 stupendous
2193 2818 56 24 self-

1709 2853 2 43 [
1719 2861 103 25 conceit.
1874 2861 52 25 The
1946 2860 116 33 majority
2090 2861 64 25 have
2176 2869 73 17 never

1719 2904 72 32 given
1806 2905 41 24 thfe
1860 2904 94 32 subject
1976 2912 15 17 a
2010 2904 108 26 rational
2131 2905 114 32 thought.

1719 2948 68 32 They
1795 2948 65 25 have
1871 2948 119 25 excluded
2000 2956 96 17 women
2112 2948 63 25 from
2187 2948 63 26 their

1720 2999 54 18 own
1785 2991 119 26 favourite
1926 2991 70 25 fields
2014 2991 37 25 for
2062 2992 43 25 the
2116 2992 97 32 display
2224 2992 27 25 of

1719 3034 110 33 bravery,
1858 3035 50 25 and
1929 3035 62 26 then
2016 3035 67 32 pride
2106 3035 144 28 themselves

1719 3086 67 23 upon
1807 3079 66 24 their
1901 3081 54 23 vast
1983 3079 153 31 superiority.
2190 3080 58 30 But,

1719 3121 131 27 whenever
1860 3130 92 18 women
1975 3122 62 25 have
2055 3121 52 26 had
2126 3123 73 31 equal
2209 3130 41 24 op-

1720 3166 152 31 portunities,
1896 3166 59 31 they
1976 3166 63 24 have
2055 3166 92 31 proved
2168 3166 79 25 them-

1720 3209 78 26 selves
1809 3218 32 17 no
1858 3205 137 36 despicable
2014 3209 158 32 competitors
2190 3209 61 25 with

1720 3260 57 18 men
1788 3253 27 25 m
1824 3253 109 33 physical
1941 3260 109 24 courage,
2061 3252 50 25 and
2124 3253 37 25 far
2169 3253 81 25 ahead

1720 3295 27 26 of
1765 3296 69 25 them
1845 3296 26 25 m
1882 3296 79 25 moral
1971 3295 169 26 fearlessness.

1755 3339 33 25 At
1799 3347 17 17 a
1839 3339 61 25 time
1919 3339 50 24 like
1997 3339 43 25 the
2051 3342 109 29 present,
2180 3340 74 24 when

1721 3382 83 31 public
1815 3382 119 26 attention
1958 3382 21 24 is
1990 3382 92 32 largely
2106 3382 85 26 drawn
2202 3385 26 23 to
2241 3392 15 16 a

1722 3427 165 31 comparative
1908 3427 60 25 view
1990 3427 26 25 of
2027 3427 43 25 the
2089 3427 115 31 qualities
2228 3428 27 25 of

1722 3469 60 25 both
1794 3477 78 21 sexes,
1894 3470 21 25 it
1937 3477 57 25 may
2016 3470 31 25 be
2068 3470 132 32 profitable
2223 3472 27 24 to

1722 3512 68 25 draw
1814 3514 123 24 attention
1973 3515 26 23 to
2027 3513 43 25 the
2098 3513 104 33 bravery
2232 3516 26 24 of

1723 3563 104 17 women.
1863 3556 46 25 We
1920 3556 32 26 do
1962 3559 46 23 not
2019 3556 77 26 desire
2119 3563 27 19 to
2166 3558 92 25 under-

1723 3599 71 24 value
1806 3599 43 26 the
1866 3601 158 31 conspicuous
2047 3601 84 25 valour
2154 3602 25 25 of
2190 3610 66 24 men,

1724 3643 39 24 On
1774 3643 43 25 the
1829 3646 123 29 contrary,
1971 3652 36 17 we
2018 3652 41 17 are
2070 3645 78 31 proud
2172 3650 26 20 to
2218 3655 37 17 re-

1723 3686 98 31 cognise
1833 3690 25 20 to
1879 3686 42 24 the
1933 3686 54 25 full.
2023 3687 45 25 We
2085 3688 58 32 only
2157 3689 61 24 wish
2232 3692 27 23 to

1723 3730 71 32 point
1806 3732 43 24 out
1867 3730 54 26 that
1944 3738 97 18 women
2053 3740 41 17 are
2117 3733 101 31 capable
2229 3742 15 17 o
2246 3735 9 19 f

1724 3773 43 26 the
1780 3781 67 18 same
1858 3775 69 30 great
1938 3773 96 33 quality
2054 3777 26 23 to
2092 3785 15 15 a
2126 3777 132 31 profitable

1724 3817 95 31 degree,
1837 3817 51 24 and
1898 3817 64 29 that,
1981 3818 129 28 therefore,
2135 3820 21 23 it
2167 3820 90 24 should

1725 3859 30 25 be
1766 3859 152 32 encouraged
1929 3860 27 23 m
1968 3859 68 25 them
2061 3868 28 17 as
2108 3862 53 24 well
2182 3870 29 17 as
2230 3864 28 24 m

1722 3910 68 18 men.
1835 3902 25 25 If
1870 3903 41 25 the
1922 3910 59 17 men
1992 3902 89 31 refuse,
2103 3904 37 26 let
2166 3913 93 18 women

1726 3946 88 25 exhort
1835 3946 61 25 each
1908 3946 80 25 other.
2018 3956 13 22 \

1760 3990 39 25 No
1810 3997 46 18 one
1868 3997 47 18 can
1927 3989 77 27 doubt
2024 3990 57 26 that
2103 3992 80 26 moral
2194 4002 65 18 cour-

1727 4041 46 24 age
1785 4033 21 24 is
1825 4033 110 31 superior
1946 4035 27 23 to
1990 4034 120 31 physical.
2145 4036 60 26 Men
2216 4045 43 17 ex-

1727 4076 60 24 ceed
1814 4076 28 24 m
1864 4075 43 25 the
1929 4076 82 29 latter,
2041 4084 94 18 women
2162 4078 28 25 m
2219 4080 40 25 the

1728 4119 100 30 former,
1846 4118 49 26 and
1919 4118 19 27 it
1958 4119 22 25 is
2000 4121 44 24 not
2065 4120 120 29 desirable
2208 4123 51 29 that

1730 4164 51 24 this
1792 4163 90 25 should
1903 4162 32 26 be
1961 4163 95 25 altered
2083 4173 62 17 even
2169 4175 64 17 were
2244 4170 15 24 it

1729 4199 116 39 possible!
1896 4206 49 26 Yet
1964 4206 21 25 it
2008 4207 81 25 would
2112 4208 49 26 add
2180 4212 26 24 to
2218 4211 41 26 the

1730 4250 95 32 dignity
1836 4249 28 25 of
1873 4250 61 25 both
1953 4250 21 24 if
1994 4258 57 17 men
2074 4258 62 19 were
2147 4254 112 32 stronger

1731 4292 107 33 morally
1849 4293 51 25 and
1910 4300 99 19 women
2020 4293 145 34 physically.
2201 4316 3 5 ,
2228 4318 1 1 .
2257 4319 2 6 ,

1766 4337 26 24 A
1815 4335 105 26 modern
1934 4337 123 25 historian
2084 4345 57 25 says

1734 4380 50 26 and
1805 4378 108 27 rational
1934 4379 112 27 faculties
2068 4389 58 25 may
2154 4382 64 27 alike
2239 4385 20 25 b«

1735 4424 126 28 dormant,
1880 4424 49 24 and
1941 4424 60 32 they
2021 4424 51 26 will
2093 4427 122 28 certainly
2241 4429 18 25 be

1736 4474 28 18 so
1771 4466 22 24 if
1800 4474 56 18 men
1868 4474 43 18 are
1921 4467 93 32 wholly
2032 4467 134 26 immersed
2186 4470 28 25 m
2228 4472 31 25 the

1737 4509 170 33 gratification
1918 4511 27 24 ot
1963 4510 65 25 their
2039 4518 92 19 senses.
2178 4512 62 27 Man
2251 4514 8 25 ii

2281 177 54 26 like'
2342 186 13 16 a
2367 179 78 31 plant,
2463 179 80 27 which
2566 180 107 32 requires
2684 189 15 17 a
2710 181 101 26 favour-

2282 215 55 27 able
2356 218 46 25 soil
2414 219 36 24 for
2471 219 43 26 the
2533 220 47 25 full
2591 221 134 31 expansion
2736 222 28 25 of
2771 222 33 25 its

2282 261 98 26 natural
2402 269 28 18 or
2449 263 82 25 innate
2712 265 26 24 If
2754 273 59 18 men

2281 299 50 26 had
2342 299 62 28 been
2415 300 59 28 shut
2493 307 50 25 out,
2567 311 27 17 as
2616 312 98 18 women
2730 305 76 31 liave,

2281 342 64 26 from
2361 343 43 26 the
2427 346 105 26 exercise
2555 347 27 25 of
2608 347 65 26 their
2702 348 118 33 physical,

2275 382 126 35 'faculties,
2429 388 22 25 is
2472 389 21 24 it
2517 390 92 25 certain
2637 391 58 32 they
2723 392 95 25 would-

2281 429 63 26 have
2352 430 131 33 developed
2495 441 80 18 excess
2583 434 148 32 of^physical
2742 443 64 24 pow-
2819 448 2 13 i

2282 474 61 24 ers?
2418 499 7 7 r
2461 480 23 4 -
2488 478 47 16 --..?:■

2314 517 231 35 Notwithstanding
2564 521 45 25 her
2628 521 74 27 social
2730 522 88 29 disad-..

2281 561 243 31 vantagertin^thw^
2533 567 102 28 respect,
2659 573 95 17 woman
2764 566 45 25 has

2281 603 71 26 made
2361 603 44 26 her
2423 604 72 27 mark
2506 605 26 25 m
2554 607 41 24 the
2618 608 87 25 annals
2717 608 25 25 of
2754 608 54 25 bra-

2281 655 66 25 very.
2414 648 103 33 History
2534 665 4 4 •
2554 650 90 26 affords
2670 659 138 19 numeroua

2282 691 122 32 examples
2416 692 26 24 of
2451 694 67 29 great
2540 693 122 31 heroines,
2691 702 74 25 many
2785 695 30 25 of

2281 733 69 25 them
2360 735 49 33 tpo,
2422 737 30 22 af
2460 743 14 16 a
2494 735 60 25 time
2574 737 70 25 when
2656 737 44 25 her
2711 739 98 30 general

2281 777 106 31 position
2397 786 51 16 was
2469 776 55 27 that
2535 779 26 23 of
2583 788 16 15 a
2624 780 73 29 slave,
2710 780 44 25 but
2773 789 35 16 we

2281 828 46 17 can
2338 821 57 32 only
2406 823 58 24 note
2476 830 15 16 a
2503 822 9 24 f
2514 830 42 22 ew»
2585 822 97 26 Leaena
2695 824 26 25 of
2728 824 81 25 Attica

2279 864 58 25 bore
2349 864 43 25 the
2415 866 106 24 severest
2547 867 96 24 torture
2666 867 106 25 withous
2789 876 14 16 a

2281 908 71 25 word.
2362 908 166 30 -..Tellesille,
2546 909 43 25 the
2610 913 108 28 poetess,,
2738 911 70 24 made

2281 951 42 25 the
2335 951 102 32 Angolic
2449 960 98 17 women
2557 953 101 25 fearless
2679 954 27 24 of
2726 954 82 28 death,

2280 995 49 24 and
2346 995 153 24 discomfited
2517 995 44 25 the
2574 995 126 32 Spartans,
2730 997 77 24 Theo-

2279 1038 58 24 dora
2349 1037 80 27 saved,
2434 1038 42 25 the
2486 1038 109 26 Eastern
2607 1040 110 31 Empire.
2747 1042 56 23 Art-

2279 1082 86 24 emisia
2376 1082 77 24 drank
2461 1082 44 26 the
2515 1082 74 26 ashes
2606 1084 28 24 cf
2642 1083 45 25 her
2698 1086 107 23 consort.

2279 1124 115 29 Camilla,
2413 1125 88 30 Queen
2510 1125 37 25 -of
2566 1126 42 25 the
2619 1126 121 31 Volcians,
2757 1136 50 16 was

2279 1167 64 26 slain
2361 1167 127 33 fightning
2515 1170 27 24 at
2564 1169 44 26 the
2627 1169 64 26 head
2714 1170 28 25 of
2763 1170 44 26 her

2278 1213 89 29 troops.
2429 1212 120 26 Boadicea
2575 1214 162 24 encountered
2761 1215 43 24 the

2277 1256 113 24 veterans
2399 1255 26 24 of
2433 1256 90 24 Borne.
2569 1256 53 25 The
2640 1257 67 24 maid
2718 1257 27 25 of
2763 1258 43 24 Or-

2277 1297 69 25 leans
2357 1298 73 24 drove
2442 1299 43 24 the
2496 1299 109 31 English
2627 1300 64 25 from
2703 1301 102 24 France.

2277 1340 70 26 Arria
2359 1342 101 25 stabbed
2472 1343 90 25 herself
2579 1345 26 24 to
2616 1350 135 26 encourage
2763 1345 45 24 her

2276 1385 111 25 husband
2408 1388 26 22 to
2456 1386 58 25 die..
2644 1388 20 24 it
2681 1388 58 24 does
2757 1390 45 23 not

2275 1424 60 25 hurt
2346 1425 58 24 dear
2570 1428 43 22 she
2639 1427 61 24 said.
2745 1428 52 24 The

2277 1468 60 24 tales
2349 1468 27 24 of
2380 1468 150 31 martyrdom
2538 1476 41 17 are
2590 1469 82 25 fertile
2681 1470 27 24 of
2721 1470 82 25 heroic

2275 1519 105 17 women.
2442 1511 93 32 Young
2555 1512 112 25 maidens
2693 1515 49 22 met
2764 1513 43 25 the

2275 1557 67 23 most
2354 1555 102 26 horrible
2468 1556 85 25 deaths
2569 1556 62 25 with
2649 1557 86 31 placid'
2750 1566 56 17 con-

2276 1600 86 30 tempt,
2380 1598 22 25 if
2420 1601 45 22 not
2488 1599 59 25 with
2570 1600 80 24 heroic
2670 1600 51 31 joy.
2766 1601 40 25 No

2275 1642 105 24 fiendish
2404 1643 105 23 tortures
2538 1642 57 24 that
2622 1642 77 25 devils
2727 1644 72 23 could

2275 1682 82 25 devise
2367 1690 63 17 were
2442 1682 51 24 able
2505 1684 26 23 to
2543 1682 77 25 shake
2632 1683 42 25 the
2685 1683 119 26 fortitude

2275 1725 28 25 of
2310 1725 152 25 numberless
2473 1727 70 23 brave
2554 1734 102 17 women.
2686 1727 121 24 Whether

2275 1769 79 24 under
2364 1769 65 24 Nero
2441 1778 28 16 or
2479 1769 43 24 the
2535 1768 116 32 Bishop's,
2664 1770 79 24 under
2762 1771 44 24 the

2275 1812 148 31 Inquisition
2435 1820 28 17 or
2475 1813 42 24 the
2528 1812 99 25 French
2646 1812 160 26 Eevolution-

2275 1855 72 30 aries,
2359 1856 21 24 it
2390 1863 50 17 was
2459 1856 75 24 noted
2554 1856 61 24 with
2639 1857 108 32 surprise
2759 1857 49 25 and

2275 1899 148 26 admiration
2438 1899 55 25 that
2513 1900 42 25 the
2566 1908 96 17 women
2671 1900 57 25 died
2739 1909 69 18 more

2275 1943 100 31 bravely
2385 1943 61 24 than
2456 1944 42 23 the
2521 1950 79 17 men...
2637 1943 79 25 With.
2731 1944 89 27 what...

2275 1993 71 23 grace
2356 1986 49 24 and
2415 1987 130 27 calmness,
2564 1986 49 24 and
2635 1986 96 25 infinite
2750 1989 53 22 ten-

2275 2029 99 26 derness
2395 2029 37 25 for
2451 2029 90 30 others,
2560 2030 41 24 did
2620 2030 71 24 Anne
2709 2030 99 32 Boleyn

2275 2074 49 24 and
2347 2073 69 32 Mary
2428 2073 27 26 of
2465 2073 117 26 Scotland
2604 2074 40 31 lay
2667 2073 66 26 their
2758 2074 49 25 fair

2275 2116 74 25 necks
2357 2124 66 23 upon
2438 2117 42 24 the
2491 2116 80 25 block.
2605 2116 71 25 Even
2689 2119 41 22 the
2741 2117 62 24 fear-

2274 2158 48 25 less
2334 2158 104 32 Raleigh
2446 2159 87 24 suffers
2544 2158 30 32 by
2587 2159 163 31 comparison,
2763 2159 38 26 for

2275 2201 65 25 their
2350 2202 104 32 queenly
2461 2202 96 31 dignity
2568 2202 107 24 excelled
2685 2202 42 24 his
2735 2202 66 25 half-

2272 2245 97 32 jocular
2387 2245 156 25 carlessness.

2307 2289 82 25 When
2400 2297 37 16 we
2458 2296 70 17 come
2552 2291 28 22 to
2606 2289 113 32 physical
2742 2289 55 24 Bel?-
2813 2312 3 3 .

2275 2333 115 28 sacrifice*
2409 2334 25 23 to
2459 2332 85 32 giving
2566 2335 68 22 one's
2658 2332 41 25 life
2712 2334 26 23 to
2750 2340 58 17 save

2275 2376 44 25 the
2335 2378 66 27 most
2418 2376 56 24 dear
2496 2380 26 20 to
2547 2384 38 22 us,
2615 2384 94 16 women
2730 2376 76 24 stand

2275 2420 89 24 almost
2382 2420 80 24 alone.
2514 2418 120 26 Whether
2656 2421 26 23 to
2705 2419 60 25 suck
2789 2426 14 17 a

2273 2463 117 33 poisoned
2411 2463 97 31 wound,
2526 2470 28 18 or
2572 2465 27 23 to
2618 2464 128 25 intervene
2758 2463 50 26 and

2274 2507 90 25 receive
2383 2507 52 24 the-
2447 2507 130 24 assassin's
2605 2507 99 31 dagger,
2731 2514 27 17 or
2775 2510 26 21 to

2274 2557 75 17 nurse
2371 2550 44 24 the
2433 2549 119 25 wounded
2575 2550 28 23 m
2629 2550 41 24 the
2689 2550 76 24 midst
2777 2550 27 24 of

2274 2593 84 30 battle,
2375 2602 28 16 or
2425 2595 25 23 to
2475 2593 81 25 watch
2578 2593 33 31 by
2633 2593 44 24 the
2688 2593 76 25 couch
2777 2592 27 24 of

2274 2637 130 31 pestilence
2422 2637 50 24 and
2494 2637 83 29 death,
2601 2644 29 16 or
2657 2639 26 22 to
2703 2635 102 26 commit

2277 2679 90 26 suicide
2378 2681 26 23 to
2423 2687 58 17 save
2501 2679 63 24 their
2589 2686 55 17 own
2667 2679 57 24 and.
2742 2678 66 25 their

2275 2722 133 26 husbands'
2432 2722 103 30 honour,
2556 2722 67 32 'they
2647 2722 63 25 have
2733 2721 73 26 acted

2275 2766 105 26 without
2392 2774 14 16 a
2424 2765 100 32 parallel
2535 2773 33 17 on
2580 2765 41 28 the
2635 2767 56 30 part
2702 2765 26 25 of
2739 2773 66 17 men.

2279 2810 127 25 Woman's
2432 2811 56 24 love
2498 2809 23 25 is
2544 2811 112 30 stronger
2674 2809 62 25 than
2760 2809 46 24 her

2277 2854 72 30 fears,
2367 2853 51 25 and
2435 2853 72 25 there
2517 2854 22 23 is
2557 2861 34 16 no
2603 2853 109 25 sacrifice
2723 2852 81 26 which

2277 2897 44 25 she
2329 2896 49 26 will
2390 2898 42 24 not
2444 2896 137 33 cheerfully
2601 2896 75 25 make
2696 2896 37 25 for
2757 2896 53 25 him

2278 2941 53 25 who
2339 2948 79 25 sways
2429 2941 46 25 her
2485 2940 79 26 heart.
2610 2940 75 26 What
2695 2940 47 25 she.
2749 2940 67 25 does-

2276 2983 34 33 by
2318 2984 107 32 impulse
2435 2992 58 17 man
2516 2983 79 33 feebly
2612 2984 60 25 tries
2692 2988 25 21 to
2730 2983 31 26 do
2773 2983 33 32 by

2277 3027 157 26 calculation.

2311 3071 51 26 But
2385 3071 20 25 it
2427 3072 22 24 is
2474 3071 27 25 m
2528 3071 75 25 moral
2624 3078 103 25 courage
2749 3070 60 25 that

2278 3122 98 18 woman
2387 3114 90 29 shines,
2526 3114 60 25 Just
2608 3122 28 16 as
2658 3114 44 24 the
2712 3114 97 31 greater

2279 3159 114 31 strength
2404 3158 48 24 and
2474 3157 110 33 training
2608 3157 26 25 of
2643 3164 60 18 man
2726 3156 84 26 makes

2279 3202 134 33 physically
2441 3201 116 31 superior,
2594 3208 28 17 so
2647 3200 53 32 J»he
2728 3201 78 24 moral

2281 3246 114 31 strength
2407 3246 49 24 and
2467 3244 110 32 training
2588 3244 26 25 of
2620 3252 97 17 woman
2728 3245 84 24 makes

2280 3290 54 25 him
2344 3288 107 33 morally
2461 3288 46 26 her
2525 3288 107 26 inferior.
2667 3287 29 26 In
2708 3287 103 34 loyalty,

2282 3333 174 28 truthfulness,
2474 3332 115 32 chastity,
2618 3331 104 32 fidelity,
2745 3331 62 32 pity,

2283 3376 114 32 sobriety,
2415 3376 110 31 hono-ty,
2555 3375 50 25 and
2634 3375 99 32 general
2760 3382 53 23 per-

2284 3429 129 19 severance
2435 3420 27 26 m
2486 3419 152 34 well-doing,
2657 3421 45 25 she
2718 3419 23 27 is
2763 3419 46 26 im-

2284 3464 154 32 measurably
2449 3464 77 25 above
2537 3463 62 26 him.
2629 3463 59 25 This
2700 3464 46 25 has
2757 3465 59 23 been

2285 3509 97 26 noticed
2410 3508 31 32 by
2469 3509 69 31 great
2557 3507 95 25 writers
2680 3508 28 23 m
2740 3515 73 24 every

2286 3561 53 24 age,
2357 3551 51 25 and
2418 3551 20 25 it
2456 3550 81 26 wo^ld
2557 3552 43 24 not
2620 3550 29 25 be
2672 3550 106 25 difficult
2790 3552 26 23 to

2286 3596 109 26 discover
2406 3596 56 31 why
2486 3595 43 25 she
2551 3596 22 24 is
2594 3603 27 17 so
2640 3595 71 24 much
2734 3594 78 25 man's

2286 3639 80 26 moral
2387 3639 118 32 superior.
2550 3638 151 25 Mandeville
2723 3638 94 32 though

2286 3683 21 26 it
2332 3691 48 18 was
2406 3683 103 26 because
2534 3681 46 26 her
2604 3681 72 26 braiu
2688 3690 50 17 was
2750 3690 68 17 more

2287 3728 138 33 accurately
2437 3728 126 26 balanced.
2597 3727 46 26 We
2662 3727 79 31 think,
2750 3728 67 25 how-

2288 3780 51 23 eve,
2368 3772 56 25 that
2445 3772 22 24 it
2488 3772 22 25 is
2535 3771 95 33 largely
2652 3773 78 31 owing
2749 3775 29 22 to
2801 3780 15 16 a

2287 3815 89 32 higher
2387 3814 118 25 standard
2515 3814 27 25 of
2550 3815 80 24 moral
2640 3815 105 25 conduct
2756 3815 60 24 hav-

2288 3858 44 32 ing
2350 3858 64 25 been
2436 3858 150 32 constantly-
2601 3857 136 26 demanded
2759 3858 61 25 from

2289 3901 47 29 her.,
2347 3902 61 24 from
2420 3902 119 24 remotest
2549 3901 81 26 times.

2310 3942 70 25 ■Itis
2390 3949 33 18 no
2445 3940 97 27 wonder
2565 3941 55 27 that
2642 3942 44 26 the
2709 3942 111 26 coward
2819 3940 1 28 3

2291 3985 50 26 and
2352 3985 210 26 narrow-hearted
2585 3993 90 25 among
2696 3985 43 26 the
2763 3994 57 18 men

2291 4036 42 21 aye
2345 4028 113 33 'bitterly
2495 4029 106 31 opposed
2627 4031 26 24 to
2675 4029 44 26 the
2748 4030 72 25 '-New

2441 4082 3 8 >
2463 4071 69 31 They
2543 4079 41 17 see
2676 4072 45 25 rod
2732 4072 27 25 of
2768 4080 52 17 em-

2293 4114 81 33 pire"*'
2389 4112 114 34 shipping
2513 4113 62 25 from
2586 4114 66 26 their
2662 4122 81 25 grasp,
2771 4116 49 25 and

2293 4158 49 26 feel
2362 4156 65 27 their
2452 4156 72 26 brute
2554 4157 66 26 force
2644 4159 50 24 and
2716 4159 104 33 cunning

2294 4201 93 26 cannot
2402 4208 57 17 save
2483 4199 79 27 them.
2612 4201 118 27 Women*
2738 4210 42 19 are
2791 4204 29 25 al-

2295 4243 75 31 ready
2387 4244 77 23 men's
2476 4243 78 25 moral
2574 4245 129 31 superiors,
2722 4246 50 25 and
2783 4254 37 17 are

2296 4288 51 24 fast
2355 4285 131 33 becoming
2496 4285 66 26 their
2570 4286 151 29 intellectual
2734 4291 86 32 equals,

2296 4329 74 27 Their
2393 4329 120 33 physique
2521 4331 42 25 Jis
2588 4331 147 35 improving,
2763 4340 57 20 more

2296 4372 94 34 rapidly
2411 4373 61 25 than
2492 4373 43 25 the
2561 4376 89 26 men's.
2684 4376 53 27 The
2759 4377 61 27 brav<

2298 4425 95 18 women
2413 4417 27 25 of
2460 4416 44 26 the
2525 4420 57 30 past
2593 4420 48 25 and
2658 4425 102 28 present
2763 4432 8 18 <
2781 4422 39 26 wil

2371 4454 31 25 be
2413 4453 141 33 revetedias.
2561 4456 45 32 $b$
2616 4457 89 34 darkig
2715 4458 105 30 nibneen

2303 4492 28 24 m
2342 4493 41 23 the
2395 4491 127 35 discovery
2533 4495 26 24 of
2570 4502 16 19 a
2597 4495 61 27 New
2663 4485 108 38 heaven
2783 4487 37 36 ani

2266 4522 7 18 B
2302 4538 17 16 ft
2336 4528 61 26 New
2415 4528 90 26 Earth.
2524 4551 3 3 ,

2827 180 203 86 LOCAL
3052 195 33 56 an
3104 194 38 60 d
3142 194 227 60 GENERAL

2839 280 132 26 •Water
2988 282 95 25 Supply
3091 283 128 26 Boabd.—
3220 283 52 25 The
3286 283 85 26 Water

2843 318 93 32 Supply
2946 318 82 26 Board
3047 323 58 22 met
3117 330 33 16 on
3157 320 4 6 '
3171 321 137 32 Thursday,
3335 321 35 27 all

2841 358 43 24 the
2900 358 121 26 members
3037 360 74 31 being
3128 363 106 29 present.
3273 361 43 27 We
3326 370 42 24 ap-

2841 398 67 31 plied
2919 400 27 24 to
2962 398 44 26 the
3016 399 84 26 Board
3110 400 37 26 for
3164 409 15 17 a
3189 403 83 30 report
3291 402 27 25 of
3327 402 42 26 the

2840 439 166 34 proceedings,
3024 439 44 26 but
3068 455 13 18 L
3091 448 61 17 were
3162 459 2 7 ,
3171 441 90 25 unable
3283 444 29 23 to
3328 444 41 30 get

2840 483 55 18 one.

2848 549 5 14 4
2874 532 82 26 Sheep
2969 533 145 25 Worrying.
3116 549 31 4 —
3147 534 48 26 We
3207 543 41 17 are
3261 544 69 24 sorry
3341 538 32 23 to'

2840 580 41 23 say
2905 572 55 25 that
2971 573 74 31 sheep
3064 574 121 31 worrying
3197 593 2 5 ,
3206 577 47 22 has
3274 577 92 23 started

2839 615 71 32 again
2919 615 55 26 .this
2995 624 87 18 season
3102 619 27 23 at
3153 615 72 27 View'
3233 617 59 25 Hill.
3328 618 40 24 On

2839 659 131 32 Thursday
2981 660 42 24 the
3047 660 83 28 10th...
3138 668 68 17 some
3230 669 58 23 very
3313 662 58 25 nic&

2839 703 128 25 two-tooth
2980 711 62 18 ewes
3063 703 47 25 and
3132 704 48 25 five
3202 704 79 25 lambs
3306 713 65 17 wer&

2839 746 75 24 killed
2924 755 32 16 on
2967 747 43 24 the
3021 747 102 31 Wyuna
3135 748 84 24 Farm.
3237 749 25 23 It
3277 749 21 23 is
3310 757 58 23 very

2839 789 63 25 clear
2914 789 53 25 that
2979 798 67 16 some
3058 790 25 24 of
3095 790 42 24 the
3148 791 118 24 residents
3277 792 27 23 m
3323 791 43 26 the

2839 832 94 25 district
2945 841 40 16 are
2996 841 58 23 very
3065 834 104 24 careless
3180 834 28 24 m
3227 836 44 22 not
3282 835 85 31 seeing

2839 875 54 25 that
2904 876 63 24 their
2985 876 61 31 dogs
3068 885 40 16 are
3129 876 109 32 securely
3263 877 104 25 chained

2839 925 32 24 up
2895 920 26 23 at
2943 919 78 31 night,
3056 920 134 32 especially
3196 920 102 32 jJuring
3322 921 43 25 the

2838 960 91 33 laming
2940 970 95 21 season,
3059 962 72 25 when
3151 971 58 16 even
3220 964 42 24 the
3273 965 53 23 best
3338 965 28 23 of

2839 1005 58 31 dogs
2908 1007 50 23 will
2969 1014 31 23 go
3011 1009 82 28 astray
3103 1007 21 24 if
3133 1007 45 24 left
3190 1007 35 24 off
3231 1007 40 24 the
3282 1008 82 25 chain.

2839 1047 52 26 The
2901 1050 107 30 greatest
3027 1057 52 17 care
3092 1049 89 25 should
3192 1050 29 24 be
3234 1050 132 28 exercised,

2838 1092 83 31 seeing
2941 1092 43 25 the
3006 1093 50 25 risk
3079 1094 41 24 the
3149 1101 93 17 owners
3265 1094 26 24 of
3306 1094 60 31 dogs

2838 1143 48 16 run
2894 1135 33 32 by
2936 1136 99 32 leaving
3045 1137 70 24 them
3133 1136 48 25 free
3193 1139 26 22 to
3243 1144 71 17 roam
3337 1138 27 23 at

2838 1179 76 31 night.
3121 1180 74 27 '■■.'"•
3253 1184 3 4 '
3276 1190 5 19 ;
3354 1198 5 9 ,

2870 1236 70 24 Band
2951 1245 29 16 op
3000 1237 80 24 Hope.
3082 1251 32 5 —
3115 1238 50 23 The
3188 1238 63 24 East
3275 1237 93 26 Oxford

2839 1280 69 24 Band
2920 1281 27 25 of
2957 1281 71 31 Hope
3039 1289 49 17 was
3098 1281 57 25 heid
3167 1289 32 17 on
3220 1282 92 31 Friday
3323 1282 43 24 the

2839 1324 69 24 11th.
2919 1324 59 25 inst.
3013 1324 52 25 The
3077 1324 148 26 attendance
3236 1332 47 18 was
3295 1325 71 32 good.

2839 1368 65 25 Miss*
2912 1368 115 32 Aldridge
3044 1368 113 32 presided
3177 1370 25 23 at
3225 1369 42 24 the
3279 1377 87 23 organ.
3379 1374 3 5 '

2839 1411 51 24 The
2902 1412 60 24 Eev.
2976 1412 40 24 Mr
3028 1412 126 30 Wagsfcaff
3173 1420 61 24 gave
3260 1421 14 16 a
3296 1413 71 24 short

2840 1454 96 30 speech,
2961 1454 49 24 and
3021 1454 42 24 the
3074 1454 126 31 following
3211 1454 155 25 contributed

2839 1497 73 25 items
2921 1505 6 22 ;
2945 1498 54 24 Mrs
3021 1497 88 31 Dalley
3132 1506 15 16 a
3168 1497 109 32 reading,
3305 1498 63 24 Miss

2828 1541 42 25 -K.
2896 1541 123 32 Chapman
3045 1550 15 16 a
3087 1542 59 29 solo,
3170 1541 49 25 and
3246 1541 60 25 Miss
3329 1541 36 24 M.

2838 1584 88 26 Dench
2948 1594 13 15 a
2983 1585 139 25 recitation.
3169 1583 99 27 Several
3290 1584 76 26 items

2838 1636 62 16 were
2912 1629 71 29 given
3007 1628 33 31 by
3058 1628 44 24 the
3124 1628 119 24 children.
3279 1628 40 23 An
3329 1628 37 23 in-

2838 1670 119 33 teresting
2967 1670 112 33 dialogue
3091 1670 79 26 which
3183 1678 50 18 was
3245 1671 41 25 the
3297 1670 69 26 lead-

2838 1715 44 31 ing
2893 1715 92 24 feature
3006 1715 26 24 of
3041 1715 42 25 the
3100 1715 111 32 evening,
3234 1722 51 17 was
3296 1715 72 31 given

2838 1758 33 31 by
2891 1758 41 25 the
2959 1758 131 32 following,
3124 1758 87 25 Misses
3239 1758 129 31 Aldridge,

2839 1801 87 29 Mann,
2955 1801 93 25 Baxter
3070 1801 48 24 and
3141 1801 144 28 Cederman,
3296 1821 2 3 .
3315 1802 53 24 also

2839 1846 47 24 two
2900 1844 90 26 Messrs
3126 1844 50 24 and
3194 1844 94 28 White,
3306 1844 62 24 Miss

2839 1888 92 25 Baxter
2942 1889 27 24 m
2977 1889 45 24 her
3032 1890 56 30 part
3108 1888 98 32 singing
3217 1896 15 16 a
3248 1887 50 25 solo
3312 1896 56 22 very

2839 1932 105 32 sweetly,
2961 1932 41 24 the
3014 1932 112 31 dialogue
3147 1932 90 30 ending
3248 1932 62 24 with
3321 1932 45 24 the

2839 1975 78 25 whole
2926 1983 120 24 company
3057 1976 104 29 singing,
3173 1975 120 31 together,
3306 1974 65 25 after

2839 2018 79 25 which
2946 2026 15 16 a
2989 2026 55 24 very
3068 2017 126 33 profitable
3216 2026 28 16 as
3256 2033 7 11 ,;
3265 2018 57 24 well
3341 2025 28 17 as

2839 2063 111 31 pleasant
2973 2062 102 32 evening
3102 2069 51 18 was
3171 2062 108 32 brought
3307 2064 24 23 to
3354 2070 15 17 a

2838 2105 74 26 close.

2873 2158 95 27 Social.
2969 2172 33 5 —
3004 2158 53 25 The
3080 2158 98 24 Church-
3204 2157 27 25 of
3253 2157 118 33 England

2839 2201 79 25 Social
2929 2201 51 25 will
2991 2201 30 25 be
3028 2200 58 26 held
3095 2208 33 17 on
3136 2200 153 32 Wednesday
3297 2208 73 18 even-

2837 2245 43 32 ing
2896 2247 66 23 next.

2870 2300 71 24 Band
2952 2308 29 16 of
3000 2299 115 24 Hope.—
3115 2296 54 27 The
3192 2298 64 25 East
3279 2298 92 26 Oxford

2832 2339 79 26 .Band
2919 2339 28 25 of
2964 2339 72 32 Hope
3047 2339 51 25 will
3117 2340 28 24 be
3157 2339 58 25 heM
3225 2347 33 17 on
3279 2339 91 32 Friday

2838 2381 69 23 next.

2873 2434 74 26 Some
2957 2433 144 32 interesting
3108 2433 102 32 reading
3218 2435 90 23 matter
3319 2433 52 26 will

2838 2478 31 25 be
2877 2478 80 25 found
2967 2486 32 16 on
3010 2477 67 32 Page
3089 2478 25 24 4.

2870 2530 147 24 Influenza.
3019 2543 29 5 —
3053 2529 61 24 Now
3131 2529 54 25 this
3210 2530 118 30 epidemic
3347 2530 10 23 i

2838 2573 129 31 becoming
2976 2571 128 32 prevalent
3112 2580 37 16 we
3160 2572 111 31 strongly
3279 2580 92 16 recom-

2837 2616 73 26 mend
2922 2615 42 25 the
2976 2616 49 24 free
3037 2623 44 17 use
3092 2615 27 25 of
3129 2615 122 32 Platypus
3258 2615 87 25 Brand
3357 2623 16 17 o

2837 2660 153 31 Eucalyptus
3005 2658 123 26 Globulus
3155 2659 112 27 Extract,
3295 2659 78 24 taken.

2840 2710 66 24 upon
2928 2710 74 23 sugar
3029 2709 29 17 or
3075 2702 28 23 m
3126 2701 70 24 milk.
3204 2727 5 6 t
3231 2697 53 28 The
3306 2703 66 23 niost

2839 2746 113 31 pleasant
2962 2754 54 22 way
3027 2747 26 22 to
3061 2745 58 24 tako
3129 2744 154 32 Eucalyptus
3305 2744 21 24 is
3343 2744 30 25 m

2839 2789 43 25 the
2914 2789 115 32 Platypus
3056 2788 87 25 Brand
3170 2788 28 25 of
3220 2788 153 31 Eucalyptus

2839 2833 116 33 Jujubes.
2990 2832 70 33 They
3071 2840 42 17 are
3123 2832 26 24 m
3165 2832 62 26 such
3237 2840 16 16 a
3263 2831 111 32 portable

2839 2874 71 28 form,
2922 2874 114 31 pleasant
3048 2875 26 23 to
3085 2874 78 28 taste,,
3176 2872 50 26 and
3242 2872 133 32 antiseptic

2840 2917 140 26 stimulant.

2906 3048 77 26 Prom
2994 3048 43 25 the
3049 3048 103 26 Scottish
3171 3048 138 31 Reformer.

2873 3091 26 24 If
2925 3090 156 26 Prohibition
3117 3091 125 30 prevailed
3271 3091 25 23 m
3324 3090 52 25 this

2840 3136 106 30 country
2968 3134 68 25 what
3063 3133 80 25 would
3166 3133 100 25 become
3289 3133 28 25 of
3331 3133 45 24 the

2840 3187 107 16 revenue
2956 3180 12 23 ?
2985 3179 22 24 is
3029 3187 13 15 a
3067 3179 114 31 question
3203 3178 67 25 often
3293 3178 76 25 asked

2842 3222 48 24 and
2911 3222 115 31 perhaps,
3054 3223 42 23 too
3122 3221 92 25 seldom
3239 3222 135 25 answered*

2842 3265 40 26 Mr
2894 3265 136 26 Gladstone
3052 3273 63 17 once
3126 3265 61 28 said,
3309 3272 38 18 me
3358 3274 17 17 a

2844 3309 70 26 sober
2924 3310 88 24 nation
3023 3309 49 24 and
3084 3309 14 24 I
3108 3309 70 24 know
3190 3308 80 25 where
3287 3310 26 23 to
3321 3309 57 26 find

2844 3353 44 24 the
3062 3352 109 30 Apropos
3190 3351 29 25 of
3237 3352 62 28 this,
3317 3352 21 24 it
3350 3352 25 25 is

2845 3396 78 24 worth
2943 3394 157 31 mentioning
3121 3394 57 25 that
3200 3403 58 16 over
3282 3396 95 28 30,000

2846 3442 128 30 taxpayers
3002 3439 40 25 die
3076 3447 71 24 every
3181 3448 58 21 year
3267 3439 109 33 through

2846 3483 72 25 drink
2919 3498 31 4 —
2952 3483 62 24 dead
3024 3490 58 17 men
3093 3483 46 24 tell
3149 3490 34 17 no
3195 3483 71 29 tales,
3278 3483 100 25 neither

2847 3527 30 24 do
2889 3526 58 32 they
2971 3534 47 24 pay
3041 3529 79 21 taxes.
3164 3525 71 25 Each
3258 3528 123 29 taxpayer

2847 3577 61 25 pays
2919 3577 34 18 on
2964 3577 33 17 an
3009 3576 103 24 average
3124 3569 47 25 £8.
3197 3568 183 34 Consequently

2848 3612 75 27 aooiit
2934 3613 129 25 £100.000
3071 3612 23 25 is
3105 3612 120 32 annually
3236 3614 52 24 lost
3300 3615 26 23 to
3336 3613 44 25 the

2849 3657 85 24 nation
2946 3656 108 31 through
3073 3656 81 29 drink,
3194 3656 53 25 The
3258 3657 124 31 enormity

2850 3701 27 25 of
2886 3700 49 26 this
2946 3700 51 25 loss
3009 3700 26 24 m
3056 3701 43 23 ten
3118 3707 70 24 years
3206 3700 22 25 is
3241 3701 88 24 matter
3340 3700 41 25 for

2854 3745 147 26 calculation
3024 3752 29 17 as
3074 3744 146 33 interesting
3231 3752 27 18 as
3275 3744 21 26 it
3306 3745 22 25 is
3339 3752 46 26 ap-.

2854 3793 94 33 paling.

2887 3923 70 26 THE
2981 3923 68 26 OLD
3061 3923 117 26 ORDER
3197 3923 70 25 AND
3278 3923 72 26 THE

3075 3972 88 22 NEW.

3041 4006 54 26 The
3112 4006 83 26 Critic.

2826 4088 2 4 ■
2891 4073 108 32 Captain
3010 4072 103 26 Russell
3134 4080 56 17 -was.
3207 4071 146 25 announced
3361 4073 28 23 to

2857 4115 92 26 deliver
2971 4123 35 17 an
3024 4114 101 28 address
3143 4122 33 18 on
3199 4114 43 25 the

2827 4168 7 23 ;■
2858 4160 132 31 Questions
3005 4160 28 25 of
3042 4160 44 25 the
3185 4159 45 25 but
3241 4159 24 25 lo
3274 4160 6 23 !
3291 4155 96 28 instead

2826 4218 2 4 •
2858 4203 27 26 of
2894 4203 74 26 bread
2987 4203 44 25 the
3042 4200 108 28 member
3161 4202 38 25 for
3216 4201 105 25 Hawkes
3331 4200 56 31 Bay

2826 4257 2 13 i
2859 4255 62 24 gave
2934 4254 31 17 us
2976 4254 16 17 a
3003 4248 71 23 stone
3075 4260 32 4 —
3107 4245 113 31 nothing,
3234 4246 27 23 m
3271 4244 57 27 feet,
3341 4242 47 25 but

2860 4295 15 15 a
2901 4285 61 32 long
2983 4284 79 26 tirade
3084 4283 96 33 against
3216 4283 41 25 the
3282 4281 102 32 present

2827 4344 3 9 »
2861 4328 125 33 Ministry,
3004 4328 59 26 with
3074 4335 15 18 a
3107 4328 36 25 lot
3155 4327 96 26 thrown
3267 4325 28 24 m
3312 4323 77 26 about

2827 4386 4 17 i
2863 4374 41 26 the
2932 4372 63 34 good
3023 4373 58 31 boys
3108 4370 28 26 of
3166 4370 42 25 the
3235 4367 154 33 Opposition.

2827 4422 3 25 1
2864 4417 88 26 Paultß
2971 4416 51 26 and
3042 4414 116 27 mistake's
3166 4415 7 24 I
3190 4411 33 27 Of
3242 4418 94 23 course,
3347 4410 43 26 the,

2827 4468 19 23 r,
2858 4461 123 32 -Ministry
2999 4467 42 18 are
3061 4460 45 24 not
3122 4457 162 30 immaculate,
3308 4455 44 25 but
3362 4457 28 24 to>

2988 4516 138 29 Continued
3135 4523 34 20 on
3178 4516 66 33 Page
3255 4516 26 25 4.

1029 36 174 34 OXFOKD
1246 38 231 34 OBSERVER
1519 38 232 38 SATURDAY,
1810 36 259 35 SEPTEMBER
2112 37 49 38 19,
2223 38 89 32 1896.

633 4222 93 32 Money
741 4229 52 17 was
804 4222 102 25 created
914 4224 26 23 to
952 4222 29 24 be
993 4229 15 16 a
1019 4220 113 26 circulat-

603 4262 42 33 ing
655 4262 111 25 medium
768 4276 34 5 —
802 4269 110 18 measure
924 4262 26 24 of
970 4261 71 25 value
1052 4260 51 26 and
1120 4269 16 17 a

603 4304 117 31 payment
731 4302 28 25 m
782 4302 105 26 debts—
887 4301 50 26 and
958 4302 21 25 it
998 4302 59 32 only
1079 4309 57 24 per-

603 4344 79 24 forms^
694 4343 35 25 its
739 4344 65 23 true-
812 4342 114 26 function
939 4342 81 25 -when-
1027 4342 109 31 actually

603 4383 128 32 employed
740 4383 29 25 m
788 4383 103 32 settling
904 4382 133 30 -balances,
1054 4382 67 26 facili
1128 4396 8 5 •

614 4419 71 34 ating
705 4420 155 33 exchanged
866 4422 60 24 and'
938 4420 134 27 industrial
1083 4424 53 29 p'or-

617 4454 69 34 uits^
710 4464 26 24 It
744 4459 4 8 '
750 4454 10 16 ;
765 4465 23 25 is
787 4453 5 19 1
794 4466 7 7 '
808 4472 15 17 a
853 4464 96 26 barreV
969 4460 80 35 thing,
1080 4464 21 24 it
1105 4455 31 34 .*■

606 4500 113 30 nothing.
858 4506 9 7 '•
879 4504 26 19 ■*'.
990 4507 5 7 '
1011 4504 52 16 --v
1102 4508 3 5 •
