3443 4540
19 165 84 29 expect
116 163 40 23 the
179 160 85 32 people
286 161 28 24 to
334 160 80 25 throw
437 163 44 23 out
508 160 44 26 the

19 205 155 33 Progressive
187 205 74 30 Party
270 202 56 33 just
335 206 26 22 to
372 203 85 25 saddle
469 203 82 26 them-

19 250 75 26 selves
106 248 60 26 with
179 249 40 25 the
231 248 142 32 gentlemen
395 248 27 25 of
431 248 43 25 the
495 249 49 32 Op-

19 295 106 31 position
151 294 21 22 is
193 292 87 31 asking
308 292 85 24 rather
415 294 41 22 too
463 293 91 24 ucueh.
564 310 2 6 ,

20 339 52 23 The
101 337 112 31 question
232 339 26 21 to
275 335 31 25 be
327 335 103 25 decided
456 335 34 32 by
512 336 45 25 the

19 384 100 26 electors
127 382 27 23 m
163 388 15 16 a
190 380 45 25 few
247 379 101 25 months
360 379 109 26 resolves
481 380 73 24 itself

20 427 88 30 simply
119 425 54 24 into
184 432 46 17 <?ae
249 424 25 23 of
296 424 86 26 lasted
396 424 112 23 interests
529 431 27 16 as

21 470 96 31 against
129 471 43 21 the
187 469 87 30 JZights
297 469 31 28 of
346 468 63 22 Man
409 480 32 5 —
441 466 45 24 d&e
510 466 47 24 Old

26 513 76 26 Order
112 521 22 15 v.
148 512 53 23 The
219 511 91 24 New—
310 510 44 24 the
373 512 101 28 present
487 509 71 25 Gov-

24 560 112 21 ennaent
147 563 23 17 v,
190 556 43 23 the
253 553 119 26 Xational
394 553 164 24 Associatioau
566 547 2 29 !

110 666 66 25 OLD
202 664 69 25 AGE
297 661 180 27 PENSIONS.

63 735 53 22 The
133 734 66 21 Hon.
212 732 31 22 31L
256 731 27 22 J.
297 729 98 25 Sed&on
413 727 89 24 moved
514 727 48 24 -the

30 770 89 25 second
129 769 99 29 reading
252 768 27 23 of
294 767 46 24 Oid
361 769 54 27 Ags
441 764 120 24 Pensions

32 810 57 28 Bill,
107 812 27 21 to
145 807 99 32 provide
254 808 37 23 for
303 806 48 24 Old
366 805 53 31 Age
431 803 129 25 Pensions.
567 802 2 26 '!

34 849 40 24 He
85 848 55 24 said
152 847 54 24 that
216 847 73 23 there
300 852 50 16 was
356 852 38 16 .no
407 843 49 23 Bill
468 843 56 23 that
531 842 31 24 he

32 887 51 23 had
93 894 55 15 ever
160 883 84 25 m&vud
266 883 24 23 m
305 882 42 24 the
366 882 88 23 House
465 880 56 23 tkat
532 879 30 24 he

32 923 97 26 de&ired
148 930 26 16 to
192 930 49 16 ssee
251 920 86 33 passed
359 926 71 18 mo^e
442 919 61 23 than
517 917 41 24 the

32 960 107 30 present.
168 956 24 24 It
207 963 47 16 was
267 957 41 22 the
315 953 51 24 iJili
378 953 28 24 of
416 950 146 26 the-session

27 997 49 24 aud
89 997 25 22 of
124 996 40 23 the
173 997 106 27 present
289 991 158 28 ifaxlianient,
461 988 59 24 /asd
543 986 21 25 if

29 1037 60 29 they
101 1033 68 26 could
174 1040 65 24 -pass
260 1041 13 15 a
293 1031 158 30 satisfactory
473 1029 51 24 Bill
536 1031 25 21 to

32 1075 54 22 deal
104 1074 58 22 with
195 1071 51 24 this
268 1075 70 26 great
352 1070 123 29 .question
503 1067 56 30 they

33 1113 81 23 would
140 1113 62 22 .have
230 1110 115 24 deserved
371 1108 54 24 well
443 1108 37 24 «of
500 1107 63 23 their

28 1155 115 26 country.
179 1149 73 23 What
277 1148 58 29 they
347 1146 49 24 had
407 1149 25 20 to
449 1144 77 25 :solve
537 1146 25 21 at

30 1196 101 25 present
148 1197 59 15 -was
227 1188 43 24 the
286 1186 137 32 practical..
428 1184 98 32 portion
538 1184 26 24 of

30 1230 67 24 .their
113 1233 74 28 .great
209 1228 102 31 subject;
331 1226 51 25 and
404 1226 31 23 he
460 1232 50 17 was
533 1224 31 23 of

27 1271 105 30 opinion
152 1270 55 24 that
230 1270 59 30 they
310 1266 81 26 would
411 1266 29 24 be
459 1264 53 25 able
536 1267 25 21 to
567 1288 2 3 .

28 1316 105 25 jpiiice.A
157 1308 153 31 satisfactory
334 1313 109 18 measure
460 1312 33 17 on
515 1303 44 24 the

35 1349 97 23 {Statute
146 1346 77 25 Book.
260 1346 38 23 He
310 1343 80 32 hoped
401 1349 25 17 to
437 1343 63 22 have
511 1343 49 21 free

33 1385 114 24 aud.aWe
169 1384 116 24 criticism
304 1390 37 16 x>n
359 1381 40 24 the
409 1379 68 28 J3ill,
496 1379 72 30 quite:

30 1426 146 25 aparfc.irom
188 1424 125 31 questions
321 1423 26 23 of
356 1423 78 31 party.
468 1418 40 24 He
521 1425 40 17 re-
567 1431 2 8 .

29 1463 120 24 ierred.to
168 1463 42 24 the
221 1462 109 24 millious
341 1461 29 24 of
375 1465 91 24 money
483 1456 80 24 raised
567 1457 2 5 '

33 1503 37 21 for
96 1501 81 30 public
200 1501 85 28 works,,
308 1499 56 25 .and
383 1498 52 24 said
458 1496 56 24 that
526 1494 42 38 al-^

33 1538 96 31 though
141 1539 40 23 the
194 1546 90 16 masses
292 1538 53 23 Jiad
364 1539 24 21 to
394 1543 53 23 jpay
458 1534 103 24 interest
567 1534 2 39 jj

24 1574 43 26 'on
80 1577 47 23 this
150 1584 96 24 money,
261 1576 46 23 -the
322 1575 90 31 .people
434 1572 55 26 who
501 1579 61 16 were
567 1579 2 18 \

34 1623 69 16 more
115 1614 101 31 directly
230 1613 115 25 benefited
362 1619 62 18 were
441 1611 43 25 the
495 1610 67 31 large
567 1626 2 6 .

30 1655 169 24 landholders,
235 1654 62 24 ul^laat
310 1653 73 30 being
389 1652 46 25 ihe
448 1659 64 21 case,
530 1650 32 25 he

34 1694 54 23 said
101 1693 54 24 that
176 1693 48 24 this
235 1692 51 25 Bill
305 1699 50 18 was
374 1695 44 20 not
431 1696 130 19 unreason-

33 1732 57 24 able
103 1732 76 23 under
188 1732 41 23 the
241 1732 197 23 cLccumstances.

124 1790 14 13 #
206 1790 14 12 *
284 1789 18 13 #
359 1787 24 14 ~#
449 1787 15 14 #
567 1797 2 3 .

61 1805 30 23 It
103 1812 50 17 was
169 1804 117 31 provided
294 1811 29 16 m
334 1802 43 26 the
385 1802 55 24 .Bill
452 1804 56 22 thai
520 1801 48 24 the:

30 1849 106 21 .amount
145 1840 214 37 requiredJbr.this
368 1844 97 24 scheme
474 1841 89 26 should

31 1895 67 17 come
110 1887 64 23 from
185 1886 42 24 the
246 1885 88 25 wealth
345 1886 33 23 -ol
401 1884 43 25 the
467 1884 94 30 colony,
567 1886 2 22 I

31 1927 53 23 itnd
95 1927 32 24 he
140 1927 55 23 held
207 1926 56 24 that
281 1926 21 24 it
324 1932 47 17 was
392 1932 15 17 a
422 1922 146 26 reasonable-

28 1967 131 32 proposal;
183 1969 44 23 but
246 1967 59 31 they
324 1964 90 26 should
439 1966 45 23 not
504 1970 59 17 con-

29 2009 77 23 demn
119 2009 69 24 those
209 2009 53 23 who
282 2015 62 17 were
361 2012 45 18 not
421 2013 28 17 so
466 2005 96 24 favour-

30 2050 60 30 ably
103 2049 105 24 situated
220 2057 27 16 as
269 2047 64 26 their
343 2046 125 26 wealthier
479 2046 83 30 neigh-

32 2088 82 24 bours.
167 2087 40 24 He
229 2086 78 25 would
330 2086 29 24 be
374 2085 57 25 .told
454 2084 56 25 that
535 2084 27 23 m

35 2129 99 29 passing
162 2126 51 24 this
241 2126 51 23 Bill
299 2144 2 2 .
320 2126 43 23 the
388 2124 68 24 State
481 2122 81 24 would

33 2167 143 30 discourage
197 2166 79 28 thrift,
300 2164 46 24 but
365 2164 20 24 it
403 2163 76 24 would
491 2163 72 22 mno

30 2206 57 23 wise
100 2205 31 24 do
142 2206 64 22 that.
247 2204 67 24 How
325 2202 73 25 could
416 2201 21 24 it
457 2200 30 25 be
510 2200 54 24 said

33 2245 56 23 thai
101 2245 101 23 because
214 2246 42 22 the
279 2244 69 24 State
367 2240 116 33 provided
503 2248 60 22 pen-

30 2284 68 23 sions
119 2282 38 25 for
176 2284 86 29 people
272 2281 32 25 of
322 2280 128 30 sixty-five,
458 2286 69 24 years
539 2277 27 26 of

28 2333 49 22 uge
98 2324 21 24 it
139 2322 81 26 would
240 2322 141 31 discourage
414 2320 89 26 thrift?
538 2319 25 24 It

32 2362 83 25 wonld
137 2362 94 31 merely
254 2360 91 25 .enable
368 2360 67 24 them
458 2363 26 20 to
505 2357 58 26 look

31 2401 103 24 forward
156 2403 26 22 to
202 2400 131 30 obtaining
352 2399 64 22 what
428 2399 59 28 they
498 2404 64 16 were

28 2439 105 24 entitled
151 2440 33 23 to.
229 2438 40 24 He
291 2437 82 31 might
390 2437 28 23 be
430 2435 51 25 told
506 2434 56 25 that

28 2479 42 22 the
82 2477 101 31 passing
194 2476 26 25 of
235 2477 44 24 the
303 2475 52 25 Bill
379 2474 79 25 wauld
480 2473 82 31 injure

28 2525 44 15 our
85 2516 102 31 friendly
211 2515 120 28 societies,
354 2513 45 25 but
420 2513 31 24 he
473 2511 89 26 should

31 2557 27 24 be
72 2564 67 24 sorry
152 2559 25 22 to
189 2555 31 25 do
231 2555 62 30 that,
318 2556 99 23 because
434 2554 71 23 these
524 2560 38 16 so-

28 2597 85 25 cieties
123 2596 48 25 had
188 2598 61 23 been
261 2596 25 24 of
296 2596 118 25 immense
434 2594 92 24 benefit
538 2597 24 19 to

31 2637 42 24 the
86 2636 114 25 workers.
236 2659 2 3 .
247 2635 60 24 This
319 2633 102 32 subject,
441 2633 120 27 however,

29 2682 49 16 was
91 2679 41 19 too
152 2675 68 29 large
232 2673 37 25 for
277 2673 45 24 .the
333 2672 106 31 friendly
450 2670 112 25 societies

27 2719 26 17 to
65 2712 101 31 grapple
188 2712 70 27 with,
275 2710 61 28 .and,
360 2710 21 23 if
401 2710 43 24 the
466 2709 101 26 scheme,

25 2761 64 15 ■were
112 2751 98 32 passed,
241 2751 20 24 it
293 2749 82 26 would
388 2759 4 4 •
397 2749 72 25 assist
493 2748 69 25 those

28 2793 112 24 societies
148 2792 49 24 and
210 2791 69 24 make
290 2792 67 23 theni
368 2792 119 28 stronger.
510 2788 57 24 The.

28 2826 52 25 Bill
90 2825 81 24 -would
182 2825 52 24 also
242 2824 58 31 help
319 2818 40 30 the
370 2823 64 25 local
452 2821 109 25 authori-

28 2861 46 23 ties
98 2860 49 23 and
171 2863 138 26 ratepayers
340 2857 26 24 of
389 2857 41 24 the
444 2856 117 24 different

26 2900 110 26 districts
148 2900 25 24 oi
190 2900 43 24 the
253 2898 95 32 colony.
383 2898 52 23 Ths
443 2896 118 33 pensions

26 2940 120 32 proposed
157 2941 28 22 m
197 2940 40 23 the
249 2939 51 23 Bill
319 2938 42 24 did
373 2940 41 21 not
426 2938 25 23 at
459 2937 39 24 .all
508 2945 52 16 sav-

27 2982 44 16 our
83 2975 26 22 of
115 2973 109 31 .charity,
241 2972 48 24 aud
310 2972 30 23 he
361 2971 42 24 did
422 2971 43 23 noi
488 2969 72 25 think

28 3015 56 24 that
98 3023 62 16 more
173 3022 68 17 more
263 3013 61 24 than
344 3006 110 33 250,006
464 3019 15 15 a
501 3017 60 25 year

30 3048 81 24 would
129 3048 30 24 be
180 3047 113 31 required
312 3050 25 20 to
360 3053 69 23 carry
452 3046 43 23 out
516 3043 44 24 the

28 3087 99 23 scheme
137 3086 57 24 .that
206 3087 43 22 the
261 3084 48 25 Bill
332 3087 25 21 at
380 3084 99 30 present
503 3089 55 23 pro-

26 3126 81 24 vided.
152 3126 40 24 He
213 3133 47 17 was
279 3124 75 25 asked
366 3123 55 25 how
434 3123 40 24 the
486 3129 71 25 ques-

28 3168 50 24 tion
91 3168 26 23 of
124 3167 100 24 iinance
242 3174 51 16 was
317 3168 26 22 to
362 3164 30 25 be
404 3165 56 27 met,
481 3162 45 25 but
539 3161 21 26 if

27 3207 42 22 the
86 3206 50 24 Bill
154 3213 62 17 were
233 3205 87 31 passed
332 3211 67 24 ways
411 3203 49 24 and
471 3209 87 17 means

28 3244 82 24 would
122 3252 59 16 soon
190 3244 30 24 be
228 3243 122 31 provided.
369 3242 39 24 He
417 3239 141 33 explaineed

27 3285 42 24 the
82 3284 86 25 details
188 3285 26 22 of
232 3283 44 24 the
288 3283 59 27 Bill,
360 3281 49 25 and
420 3281 55 25 that
488 3281 31 31 by
538 3280 19 25 it

28 3333 14 16 a
54 3333 53 15 man
127 3333 28 16 or
167 3331 96 18 woman
275 3323 25 24 of
311 3323 124 30 sixty-five
446 3328 70 24 years
533 3321 27 24 of

28 3370 45 22 age
84 3363 56 22 who
152 3362 49 23 had
213 3362 61 23 been
285 3363 91 28 twenty
396 3368 69 22 years
478 3359 25 24 m
514 3358 43 25 the

26 3400 87 30 colony
130 3399 81 25 would
221 3399 30 24 be
263 3397 102 26 entitled
376 3399 25 23 to
419 3405 15 17 a
445 3396 110 33 pension,

26 3441 129 29 exclusive,
171 3441 24 23 of
207 3448 93 19 course,
323 3439 27 26 of
356 3438 114 32 personal
487 3446 68 17 earn-

26 3481 63 29 ings.

175 3641 124 25 SINGLE
327 3640 79 24 TAX.

228 3691 125 23 Forward.

58 3741 69 26 Now,
157 3748 14 16 a
198 3740 86 24 nation
310 3747 46 17 can
378 3739 49 25 rise
438 3741 26 22 to
484 3739 70 31 great

28 3778 87 24 weaith
128 3778 50 24 and
195 3785 79 24 power
296 3778 106 25 without
424 3785 49 23 any
484 3777 69 31 gold-

27 3817 77 29 fields,
118 3827 18 14 c.
154 3827 31 22 g.,
206 3818 75 25 Great
301 3818 107 28 Britain,
426 3818 82 24 which
531 3817 22 24 is

26 3857 143 31 practically
180 3857 104 25 without
306 3865 49 23 any
374 3857 56 31 gold
442 3855 110 33 deposits

25 3898 79 25 worth
115 3898 159 32 mentioning.
293 3898 22 24 A
324 3898 107 25 nations
442 3897 109 32 farming

24 3937 50 24 and
91 3938 65 23 town
167 3937 80 28 lands,
260 3938 119 28 however,
399 3944 41 16 are
451 3937 34 23 its
493 3944 59 24 very

21 3980 51 24 life.
108 3980 75 25 What
203 3980 71 25 blind
284 3980 67 31 folly,
370 3980 130 28 therefore,
524 3980 26 23 to

26 4020 72 24 allow
117 4020 70 24 these
206 4020 71 25 lands
296 4022 27 23 to
345 4021 29 24 be
399 4018 89 25 .ocked
507 4027 41 23 up,

23 4059 139 31 speculated
174 4068 39 22 on,
226 4060 143 31 artificially;
375 4059 127 26 enhanced
522 4060 35 23 m.

22 4098 74 30 price,
109 4098 48 24 and
168 4099 72 24 made
257 4100 53 23 into
333 4098 112 25 absolute
456 4098 95 30 private

20 4141 119 30 property,
175 4139 109 31 Suppose
306 4140 54 24 tliat
380 4146 47 18 our,
442 4138 107 32 farming

21 4178 50 24 and
88 4180 66 23 town
173 4178 69 26 lands
259 4186 63 17 were
333 4178 59 25 held
408 4177 79 25 under
506 4177 43 25 the

21 4218 77 24 above
122 4218 145 25 conditions.
320 4219 25 24 It
362 4218 81 26 would
459 4218 89 28 follow;

21 4259 48 23 Ist.
87 4259 65 24 That
162 4259 44 25 the
230 4258 53 25 best
305 4259 49 25 and
364 4260 97 23 nearest
488 4258 60 25 land

20 4297 72 32 (both
103 4299 111 30 qualities
224 4299 74 33 being
308 4298 150 35 considered)
467 4298 81 27 would

25 4337 28 24 be
66 4339 72 23 taken
147 4346 32 24 up
187 4339 63 30 first,
268 4339 50 26 and
328 4342 45 30 put
385 4342 26 23 to
426 4340 43 25 the
480 4342 68 23 most

24 4377 128 31 profitable
163 4386 50 17 use;
231 4380 88 25 Result
328 4387 5 23 ;
352 4380 77 30 roads,
442 4379 104 33 bridges,

25 4416 48 24 and
83 4417 112 32 railways
212 4418 62 25 need
293 4419 58 33 only
370 4420 29 24 be
410 4418 95 34 pushed
515 4426 32 17 on

22 4455 125 31 gradually
157 4457 104 29 through
272 4457 96 29 already
380 4459 87 25 settled
477 4457 68 29 land,

573 176 2 6 :
583 168 48 25 and
642 168 43 27 the
709 170 210 27 rateswould.be
943 168 122 26 sufficient
1088 171 25 24 to

583 208 55 31 give
649 217 73 24 every
734 210 84 25 settler
829 219 14 14 a
855 209 64 32 good
930 208 118 26 metalled
1059 209 59 26 road

583 249 26 22 to
618 247 42 25 his
672 256 58 25 *cry
740 253 66 27 gate.
825 250 37 23 At
869 248 107 32 present,
990 248 129 25 scattered

584 288 98 25 settlers
693 288 63 25 have
768 292 26 22 to
804 288 109 32 struggle
926 288 48 24 and
985 289 75 31 pinch
1069 289 50 24 and

583 328 54 23 rate
649 327 147 25 themselves
808 328 38 28 fpr
867 334 72 24 years
961 328 26 23 to
1009 335 47 23 pay
1076 328 39 23 for

582 365 74 24 asoads
667 365 109 31 through
788 365 42 24 the
841 364 120 32 primeval
973 365 73 28 b«:sh,
1058 367 56 29 past

582 403 99 24 unused
704 402 67 29 land,
789 402 50 25 and
860 405 56 29 past
940 403 67 32 large
1030 405 88 22 estates

585 441 78 24 which
674 449 85 23 escape
779 441 65 24 their
867 441 46 23 fair
932 442 69 24 share
1021 442 26 23 of
1065 444 53 20 tax-

587 480 75 24 ation.
808 480 52 24 and
872 481 65 23 their
948 480 106 25 families
1065 480 54 24 also

587 518 81 24 would
687 518 75 31 -enjoy
785 518 155 28 civilisation,
958 519 50 23 and
1034 520 29 22 be
1091 518 27 23 m

588 556 74 25 touch
683 556 64 25 with
772 556 64 25 their
860 556 99 25 fellows.
1002 556 58 24 2nd.
1081 555 38 24 No

587 594 59 23 land
657 594 81 24 would
757 595 59 31 long
827 594 36 24 be.
869 595 56 23 held
937 595 57 27 idle,
1020 593 61 28 -3rd,
1095 593 22 24 A

588 632 98 29 farmer,
705 640 27 16 or
743 640 49 22 any
804 640 46 17 one
858 632 106 30 wishing
976 635 26 21 to
1023 631 70 24 buiid
1105 639 14 16 a

588 669 85 30 house,
691 669 80 25 would
780 673 46 21 not
846 669 30 25 be
898 669 111 32 required
1036 672 24 21 to
1080 669 41 31 lay

589 711 43 22 out
641 717 17 16 a
669 710 67 30 large
748 713 56 26 jiiart
815 709 26 25 of
851 709 63 24 their
923 729 3 2 .
935 709 89 32 capital
1034 709 28 23 m
1074 709 42 24 the

588 747 119 29 purchase
727 748 27 22 of
761 748 46 22 -the
818 747 57 23 bare
895 747 66 27 land,
987 748 42 22 but
1040 746 80 24 would

588 783 62 25 have
661 784 35 24 all
717 784 63 23 their
799 791 97 23 money,
920 783 77 24 much
1008 791 28 16 or
1047 784 71 27 little,

589 828 26 19 to
625 821 97 32 expend
729 821 32 24 m
770 822 198 30 improvements.

622 860 36 23 To
668 859 70 24 make
747 862 44 21 *ne
803 859 139 25 conditions
954 859 132 31 equitable,
1104 867 15 16 a

588 901 44 20 tax
655 897 81 25 would
759 898 62 23 have
841 899 26 23 to
893 897 29 24 be
947 897 58 30 paid
1031 901 25 20 to
1076 897 43 24 the

588 940 65 21 state
665 938 26 24 m
708 938 138 30 proportion
867 939 26 21 to
905 936 42 24 the
962 936 70 24 value
1044 936 26 24 of
1079 936 44 25 the

588 977 48 24 end
648 977 59 33 (this
717 977 82 24 -would
822 976 147 31 correspond
987 980 26 21 to
1025 985 14 16 a
1051 977 58 30 gold

588 1015 81 32 duty),
688 1015 50 23 and
749 1014 99 24 holders
860 1014 90 24 should
962 1016 61 22 have
1041 1014 78 24 absol-

590 1056 42 22 ute
644 1056 115 29 property
769 1053 36 28 m,
829 1052 50 25 and
889 1052 110 25 freedom
1018 1054 27 23 m
1057 1052 65 25 deal-

588 1091 45 32 ing
646 1092 66 27 with,
725 1092 64 23 their
801 1091 200 31 improvements.

623 1129 13 22 I
648 1128 106 24 contend
765 1129 56 22 that
847 1129 20 22 if
889 1128 43 23 the
950 1129 73 22 above
1036 1128 83 23 condi-

588 1169 67 23 tions
666 1175 41 16 are
729 1167 63 31 good
809 1167 51 24 and
881 1167 123 30 equitable
1023 1175 28 16 as
1077 1175 42 22 ap-

587 1208 68 31 plied
666 1212 25 19 to
703 1207 134 24 auriferous
860 1207 61 24 land
941 1207 91 31 (which
1043 1208 22 22 is
1077 1209 44 22 not

588 1245 119 26 essential
717 1247 26 23 to
768 1245 113 25 national
888 1255 5 2 -
902 1246 133 32 progress),
1062 1245 58 32 they

589 1284 80 26 would
686 1284 29 24 be
727 1289 42 19 ten
780 1284 74 24 times
874 1291 66 17 more
963 1284 128 24 beneficial
1101 1284 23 24 if

590 1322 94 31 applied
695 1323 26 23 to
733 1329 45 17 our
788 1322 108 30 farming
913 1322 70 24 lands
1003 1322 50 24 and
1074 1329 46 17 our

590 1364 63 20 town
663 1360 78 27 lauds,
764 1359 81 24 which
872 1367 41 16 are
941 1360 43 24 the
1004 1360 45 24 aba
1055 1360 67 24 olute

585 1398 159 25 foundations
755 1397 27 24 of
792 1404 46 17 our
847 1397 110 24 national
972 1397 51 24 life.

606 1487 70 24 THE
694 1487 68 24 CRY
775 1486 67 25 FOR
862 1486 240 25 ARBITRATION.

794 1531 119 23 Forward

622 1596 40 24 An
674 1595 151 24 Arbitration
848 1596 149 24 Conference
1017 1595 59 25 beld
1095 1597 26 23 at

587 1638 174 33 Philadelphia
772 1639 27 24 m
811 1638 134 32 February,
968 1639 21 24 is
1013 1639 107 24 remark-

585 1683 58 25 able
662 1684 38 23 for
719 1682 41 24 the
782 1682 126 31 following
919 1682 72 25 letter
1011 1683 109 24 received

587 1727 64 24 Jirom
668 1725 130 25 President
822 1725 132 26 Cleveland
967 1735 5 15 :
975 1741 31 3 —
1051 1725 66 32 shall

590 1770 28 23 be
636 1769 88 24 unable
736 1770 26 23 to
773 1769 85 24 attend
869 1769 43 24 the
931 1770 143 24 conference
1095 1771 26 23 to

588 1812 31 25 be
627 1813 59 24 -held
698 1814 142 23 to-morrow
862 1812 27 24 m
909 1812 40 24 the
969 1812 103 25 interest
1096 1812 27 25 of

587 1856 179 24 international
777 1855 155 29 arbitration,
956 1858 26 22 at
1003 1856 43 25 the
1068 1856 49 32 city

590 1900 27 24 of
625 1898 179 31 Philadelphia.
839 1898 24 25 It
875 1899 88 25 should
978 1901 30 23 be
1020 1900 101 30 entirely

587 1948 165 24 •unnecessary
775 1941 36 24 for
831 1949 38 17 me
894 1943 26 23 to
943 1950 83 16 assure
1048 1942 71 25 those

590 1985 53 25 who
663 1985 116 24 advocate
790 1984 51 25 this
860 1992 73 17 cause
944 1985 25 24 of
980 1993 43 24 my
1034 1985 87 32 hearty

590 2030 129 31 sympathy
749 2028 58 25 with
835 2036 49 24 any
903 2030 140 23 movement
1063 2029 55 24 that

588 2072 74 25 tends
672 2075 26 21 to
710 2072 42 24 the
775 2072 188 24 tstablishment
974 2072 28 24 of
1010 2073 112 31 peaceful

585 2116 117 31 .agencies
714 2115 38 25 for
771 2115 44 25 the
837 2115 153 31 adjustment
1009 2116 28 25 of
1044 2116 77 25 inter-

589 2159 109 24 national
711 2159 118 31 disputes.
865 2159 53 24 The
930 2159 94 31 subject
1034 2159 89 25 should

588 2202 32 25 be
632 2201 123 26 discussed
766 2201 61 26 with
850 2209 15 16 a
888 2202 65 24 clear
980 2203 141 30 perception

590 2246 27 24 of
632 2246 34 23 all
677 2244 42 25 the
730 2245 108 23 features
849 2244 133 31 belonging
993 2247 25 22 to
1029 2246 29 27 it,
1071 2245 50 24 and

591 2289 27 24 m
627 2297 16 15 a
655 2287 70 33 spirit
736 2287 26 24 of
771 2287 139 32 patriotism
922 2295 27 17 as
961 2287 55 25 well
1027 2296 28 16 as
1065 2288 56 25 love

588 2333 40 24 for
639 2331 125 26 mankind.
799 2332 14 23 I
823 2332 64 31 hope
910 2332 43 25 the
976 2332 141 26 conference

588 2385 49 22 you
657 2375 164 31 contemplate
839 2384 55 22 may
905 2377 78 23 result
994 2376 26 25 m
1040 2377 72 23 stim-

590 2419 97 31 ulating
698 2427 15 16 a
724 2418 134 26 sentiment
881 2418 27 25 m
930 2418 86 26 favour
1036 2419 26 25 of
1071 2420 52 31 just

590 2462 146 25 arbitration
745 2469 91 24 among
1100 2483 5 13 X

639 2537 70 25 THE
724 2536 191 25 GLENMARK
928 2537 142 25 ESTATE.

626 2649 45 25 We
693 2649 64 24 trust
769 2648 43 24 the
825 2647 169 25 Government
1006 2647 49 26 will
1077 2656 40 16 ac-

590 2692 69 31 quire
671 2691 51 25 this
742 2691 156 24 well-known
921 2692 78 23 estate
1011 2691 37 24 for
1059 2693 58 22 sub-

590 2735 112 24 division.
749 2733 91 24 Owned
859 2733 32 31 by
913 2733 42 24 the
976 2733 79 29 State,
1074 2735 48 24 and

589 2778 102 33 peopled
717 2778 30 30 by
759 2778 73 24 about
856 2778 73 27 8,000
950 2778 74 29 souls,
1055 2785 27 17 as
1102 2778 19 24 it

588 2822 117 33 probably
717 2820 81 26 would
811 2820 37 30 be,
865 2821 20 24 it;
896 2820 51 26 will
964 2821 90 25 benefit
1065 2822 54 25 this

588 2867 121 32 province,
728 2865 49 24 and
789 2863 177 26 Christchurch
987 2866 28 23 m
1034 2865 87 31 partic-

589 2910 53 25 ular
669 2908 164 32 enormously.
876 2907 138 26 Glenmark
1037 2909 81 24 would

588 2954 30 24 be
630 2960 61 18 even
708 2960 14 16 a
742 2954 95 29 greater
853 2959 103 21 success,
969 2952 62 23 than
1043 2952 77 24 Chev-

588 2998 44 24 iot.

674 3071 55 43 F.
761 3070 48 44 B.
833 3069 185 57 LANE.

691 3144 91 42 (Late
796 3146 39 29 E.
855 3145 158 41 Butcher.)

587 3205 249 35 Watchmaker,
866 3205 181 35 Jeweller,
1063 3205 53 30 &g.

585 3255 123 32 Importer
742 3255 27 24 of
808 3255 106 24 Musical
949 3255 168 25 Instruments

683 3293 111 27 .Victoria
816 3293 37 26 St.
884 3293 132 32 Eangiora.

587 3373 97 30 Special
695 3373 71 23 value
788 3372 28 24 m
839 3372 79 24 Extra
940 3373 86 30 strong
1037 3371 80 25 Cased

584 3415 87 33 highly
675 3415 112 26 .finished
801 3415 108 33 English
926 3415 80 25 Lever
1014 3414 102 26 Watch-

585 3469 33 17 es.
664 3460 190 25 Manufactured
871 3461 26 24 to
919 3467 43 24 my
990 3459 71 26 order
1082 3459 33 32 by

584 3501 54 25 best
649 3500 105 25 London
771 3500 106 25 makers.
913 3500 156 31 Unequalled
1076 3499 38 26 for

583 3544 122 26 excellent
719 3543 176 32 Timekeeping
909 3543 50 25 and
970 3542 142 33 durability.

615 3588 29 25 F.
663 3587 31 26 B.
706 3587 95 25 LANE
813 3587 139 32 personally
974 3587 70 26 visits
1065 3587 47 26 Ox-

583 3632 53 25 ford
656 3631 124 32 monthly,
803 3632 114 32 carrying
936 3640 15 16 a
973 3631 68 32 large
1063 3632 50 25 and

582 3674 83 25 choice
700 3674 69 25 stock
797 3674 27 25 of
855 3674 125 29 Watches,
1009 3675 101 29 Chains,

581 3718 133 28 Brooches,
724 3718 86 31 Rings,
822 3717 84 30 Studs,
924 3718 127 26 Pendants
1063 3720 47 27 etc,

583 3761 139 31 Spectacles
744 3761 122 32 (Pebbles,
883 3761 166 33 Pantoscopsc
1061 3762 49 24 and

582 3804 107 32 Crystal)
702 3803 95 30 Clocks,
816 3803 107 33 (Marble
942 3804 50 24 and
1010 3804 100 32 Wood,)

679 3847 155 25 Accordeons
845 3847 50 24 and
905 3846 106 26 Violins.

613 3891 80 25 Exact
704 3890 57 26 date
773 3890 28 26 of
810 3890 61 26 each
882 3890 59 26 visit
963 3890 22 26 is
996 3890 105 26 notified

726 3935 28 24 m

578 3979 114 24 Repairs.
695 3993 31 3 —
728 3978 41 25 All
778 3979 94 31 repairs
889 3985 42 18 are
947 3978 123 24 executed,
1076 3977 31 31 by

577 4021 96 33 myself,
688 4030 28 17 or
732 4021 79 26 under
827 4030 43 24 my
889 4020 219 34 superintendence

578 4075 28 16 so
627 4066 56 25 that
701 4068 102 29 patrons
815 4073 47 17 can
873 4090 3 3 .
883 4066 52 31 rely
957 4073 33 17 on
1011 4065 98 32 getting

579 4109 153 25 satisfaction
740 4110 27 23 at
778 4109 43 24 the
832 4116 60 24 very,
896 4109 91 25 lowest
995 4108 112 31 charges.

610 4153 104 32 Repairs
725 4160 28 17 or
761 4151 83 26 orders
853 4160 58 24 may
921 4152 31 25 be
959 4151 45 26 left
1016 4152 26 24 at
1042 4165 33 5 —

577 4202 27 24 J.
621 4200 133 30 Weeber's,
789 4200 64 25 East
875 4200 100 26 Oxford,

576 4247 26 23 at
625 4244 41 26 W.
689 4243 36 25 M.
735 4243 52 28 C
809 4243 65 25 East
898 4243 100 26 Oxford.
1069 4246 2 19 :

576 4288 25 25 J.
618 4287 99 30 Brown*
729 4285 159 31 Bootmaker,
912 4286 70 26 West
1006 4285 100 26 Oxford.

576 4332 40 25 W.
628 4332 26 24 J.
666 4330 118 26 Crothers
792 4330 22 24 &
824 4329 45 26 Co.
876 4348 7 6 .
904 4329 70 26 Oust.
1005 4335 5 4 *
1053 4335 3 8 '

609 4375 49 25 and
674 4374 52 26 will
731 4373 31 26 be
772 4372 126 33 promptly
909 4372 118 27 attended
1037 4374 36 24 to:

577 4419 53 31 AH
641 4418 99 32 Work
750 4417 78 32 done
839 4428 40 21 on
892 4417 54 31 the
957 4417 150 32 Premises

697 4471 62 30 and
773 4469 198 41 guaranteed.

1121 19 173 33 OXFORD
1338 19 223 34 OBSERVER
1605 18 237 39 SATURDAY,
1879 16 258 35 SEPTEMBER
2159 16 51 35 19,
2266 14 56 31 189
2322 14 36 31 G.

2879 4247 104 25 Printed
3016 4247 49 25 and
3092 4245 132 34 published
3262 4243 36 32 fry
3345 4243 68 28 Axei!

2884 4301 5 3 •
2913 4291 119 29 EKLUHP,
3041 4281 16 18 4
3058 4283 38 41 fpr
3112 4290 95 25 XAtTRA
3224 4288 73 25 AnKI
3313 4288 100 32 PAMBH,

2913 4337 28 24 at
2957 4332 46 29 her
3189 4332 116 33 Printing
3328 4330 84 33 Office,

2914 4380 82 33 High^
3007 4379 88 29 Strget,
3112 4378 65 32 East
3199 4377 101 31 Oxford,
3312 4375 101 28 Oantei.

2916 4425 71 33 bury.

2926 4469 130 26 Batusday
3072 4469 149 26 September
3250 4468 41 25 19.
3314 4467 66 26 189$

2879 150 32 42 Q
2940 149 483 56 MAHHiOTgfIBSFAHY

2880 183 111 47 JJiiTl
3169 183 58 49 §v

3076 240 137 21 LIMITED.

2911 298 267 30 CHRISTCHURCH
3199 301 185 26 BREWERY.

3107 362 62 21 THE

3011 444 129 22 BREWED
3149 447 40 20 BY
3203 447 71 21 THIS

2970 484 363 38 coM^^Lisnr

3068 538 83 22 FROM
3159 540 61 21 THE

2881 578 219 42 W!C£ST
3116 581 264 45 VtfiLt9tiQT
3385 586 23 36 B

2992 631 45 22 Are
3047 632 172 29 acknowledged
3228 637 25 19 to
3262 637 27 20 be

2877 669 148 22 SUPERIOR
3034 671 35 20 IN
3079 671 134 23 QUALITY
3224 675 37 19 TO
3269 676 40 18 AX
3312 676 21 18 Y
3339 675 81 26 PRO-.

2944 711 102 21 DUCED
3059 712 36 21 IN
3108 713 72 20 NEW
3194 715 149 21 ZEALAND.

2905 748 109 26 Supplied
3018 750 25 20 to
3046 750 82 21 Hotels
3133 750 46 21 and
3186 751 92 21 Private
3285 753 127 21 Customers

2877 775 25 18 m
2911 775 141 25 Hogsheads,
3063 778 98 24 Barrels,
3172 778 139 24 Kilderkins,
3321 780 44 20 and
3376 782 36 18 10-

2878 801 87 26 --gallons
2975 803 63 25 Kegs
3047 804 60 26 only.

2878 854 117 42 PA&E
3017 855 90 42 ALE
3131 858 94 41 AK2
3254 858 90 43 EX?
3345 860 65 41 HA

3070 906 132 44 STUM

2962 958 92 23 Bottled
3076 960 25 21 m
3111 960 83 25 Quarts
3203 963 47 20 and
3258 962 71 22 Pints.

2877 1402 250 46 JOSEPH
3170 1404 242 45 LOUGH.

3020 1480 244 25 UNDERTAKER.

2989 1524 108 31 EAST
3121 1525 184 31 OXFORD.

2911 1574 102 32 Having
3019 1575 52 32 just
3079 1575 124 32 imported
3210 1575 64 26 from
3281 1576 127 31 England,

2877 1625 54 17 new
2954 1618 116 32 Designs,
3104 1627 54 16 new
3186 1619 151 32 Trimmings
3360 1620 51 24 and

2877 1661 87 30 Robes,
2977 1663 22 23 is
3007 1662 118 32 prepared
3136 1664 26 23 to
3171 1663 107 24 conduct
3286 1663 123 25 Funerals

2877 1702 97 30 Adults,
2992 1705 27 21 at
3031 1703 47 25 £5.
3091 1703 50 24 and
3151 1703 123 31 upwards,
3297 1703 114 31 polished

2878 1746 80 28 coffin,
2982 1747 49 24 and
3062 1747 192 26 silvermounted
3276 1747 135 24 Furniture

2878 1790 76 24 From
2967 1790 46 23 £8.
3031 1790 130 31 according
3172 1792 26 22 to
3220 1790 115 31 Designs.
3371 1790 40 24 No

2877 1834 70 23 extra
2958 1833 88 32 charge
3057 1834 38 24 for
3107 1833 96 25 Hearse
3225 1841 28 17 or
3272 1841 65 24 open
3352 1833 58 25 Car-

2877 1876 75 32 riage.
3211 1875 4 4 '
3358 1882 4 7 l

2911 1921 31 24 N.
2971 1921 33 24 BT
3032 1921 91 24 Coffins
3145 1921 58 31 kept
3225 1922 28 23 m
3282 1921 69 24 stock
3372 1921 39 24 for

2879 1980 87 30 urgent
2985 1987 77 17 cases.

2928 2059 44 55 S.
3005 2060 50 45 B.
3078 2053 303 58 SEYMOUR,'

3077 2128 136 26 DENTIST,

2919 2171 41 21 215
2974 2169 105 21 Colombo
3093 2168 82 24 Street,
3195 2169 171 24 £hristclrarch.
3380 2175 5 14 ;
3398 2184 5 4 .
3410 2185 4 2 -

3046 2242 177 21 CHARGES:^

2947 2284 92 26 Pilling,
3053 2283 24 20 5s
3084 2291 8 16 ;
3126 2282 133 21 Extraction
3268 2283 25 19 2s
3307 2282 36 21 6d.

2906 2350 95 21 Nitrous
3010 2348 60 21 Oxid
3079 2347 46 21 Gas
3136 2347 168 22 Administered
3309 2347 36 21 for
3351 2348 59 21 Pain

2879 2393 45 20 less
2933 2390 132 22 Extraction
3075 2390 23 21 of
3107 2390 80 21 Teeth.
3219 2390 46 21 Fee
3274 2390 36 21 for
3319 2390 92 20 Admin-

2879 2430 108 21 istration
2998 2430 30 19 ss.

2917 2523 468 57 HOLBBOOK

3104 2620 67 21 AND

2909 2669 466 55 VALLANOE

2976 2820 120 23 TIMBER
3121 2819 195 24 MERCHANTS

2942 2867 200 57 COOPER'S
3194 2870 155 32 CREEK.

2983 2930 142 34 VIEW
3166 2930 140 38 HILL,

2880 3003 84 59 BEG
2987 3006 26 21 to
3032 3003 112 24 intimate
3163 3003 27 24 to
3218 3003 43 23 the
3283 3001 83 32 public
3388 3001 27 25 of

2931 3036 91 26 Oxford
3038 3036 48 24 and
3104 3034 165 33 surrounding
3286 3034 125 30 Districts,

2880 3071 54 24 that
2947 3079 35 16 we
3001 3071 63 24 have
3088 3069 155 25 commenced
3254 3069 118 24 Business
3385 3078 27 15 as

2880 3103 163 27 saw-millers,
3066 3102 51 24 and
3136 3102 63 31 hope
3222 3102 33 30 by
3281 3102 72 24 strict
3371 3104 37 22 at-

2880 3137 95 24 tention
2984 3138 26 22 to
3022 3135 115 24 Business
3151 3137 26 22 to
3189 3134 29 24 be
3229 3135 115 24 favoured
3354 3134 59 25 with

2879 3171 77 25 their.,
2970 3171 108 30 support.
3123 3168 83 25 White
3229 3168 67 32 pins,

2879 3204 73 24 Birch
2963 3203 50 25 and
3025 3203 59 24 Coal
3105 3202 37 32 pit
3153 3210 77 23 props'
3237 3203 28 23 m
3274 3210 49 23 any
3335 3209 77 25 quan-

2879 3238 56 31 tity.
3130 3231 15 31 '.'
3166 3230 4 4 '
3236 3229 79 42 '7C.
3330 3254 2 3 ■

3008 3343 265 47 NOTICE.

2880 3452 169 40 PERSONS
3075 3451 77 27 found
3185 3452 140 31 trepassing
3352 3451 62 25 with

2880 3478 22 36 Jt
2931 3488 49 31 dog
2996 3495 28 17 or
3040 3495 58 23 gun,
3125 3493 33 18 on
3169 3485 83 25 Burnt
3268 3485 53 25 Hill
3344 3485 69 27 Run,

2880 3530 27 17 or
2919 3521 118 25 Fairfleld
3053 3520 85 28 Farm,
3160 3518 52 26 will
3223 3519 30 25 be
3265 3519 149 32 prosecuted

3047 3593 134 26 JOSEPH
3204 3593 162 25 PEARSON

3142 3648 83 25 Burnt
3249 3647 65 30 Hill,

2970 3763 118 40 PEED
3130 3761 188 40 PULLER.

3071 3820 163 21 SOLICITOR.

2920 3862 16 20 9.
2944 3859 123 23 Cathedral
3077 3859 93 26 Square,
3185 3858 189 21 Chkistchubch.

2882 3896 116 28 (Between
3006 3893 110 21 Morten's
3125 3893 116 27 buildings
3252 3892 17 20 &
3279 3893 56 20 Post
3341 3892 75 22 Office.

2919 3972 188 55 Money
3135 3972 54 42 to
3225 3970 146 47 Lend

2884 4047 30 15 on
2923 4040 33 21 all
2963 4038 57 22 kind
3029 4038 25 21 of
3063 4038 112 26 Security,
3183 4038 26 21 at
3218 4048 3 6 •
3227 4036 57 23 Low
3297 4037 79 22 Rates
3393 4036 24 23 of

2907 4080 115 26 Interest.'
3043 4082 89 29 Special
3144 4082 79 22 Terms
3232 4081 35 21 for
3275 4082 112 21 farmers.

2375 155 424 47 EUCALYPTUS

2547 233 1 4 ,
2548 232 32 5 —
2580 228 12 14 »

2373 255 60 21 THE
2448 256 73 20 BEST
2535 255 87 22 HOME
2637 254 141 22 BEMEDIE

2432 294 35 15 are
2483 287 34 21 the
2527 288 135 27 preparation
2671 287 26 23 of
2703 287 36 21 the

2319 323 168 23 TASMANIAN
2505 324 185 23 EUCALYPTUS
2703 325 48 22 OIL
2765 324 81 22 COMP.

2346 362 135 26 Universally
2491 364 103 20 admitted
2603 364 35 20 the
2647 364 78 24 BEST,
2737 362 113 21 PUREST

2318 398 43 21 and
2371 402 56 17 most
2437 400 93 20 effective
2540 400 133 26 Eucalyptus
2695 400 104 21 Globulus
2815 399 34 20 Oil

2318 430 34 23 for.
2370 430 170 27 INFLUENZA,
2562 432 91 26 Coughs,
2672 432 63 21 Colds
2760 431 43 21 and
2820 431 30 21 all

2318 461 65 21 Chest
2399 463 42 19 and
2450 463 62 26 Lung
2528 464 112 21 affections
2654 464 76 26 speedy
2738 464 59 20 relief
2807 463 43 21 and

2319 493 55 21 Cure
2391 495 34 19 for
2439 494 156 26 Rheumatism,
2615 497 121 24 Neuralgia,
2751 496 99 26 Spraius-

2317 520 72 21 Burns
2409 522 34 20 &c.

2343 555 133 24 Eucalyptus
2495 555 102 21 Globulus
2615 557 91 21 Extract
2715 557 89 26 sprayed
2817 558 33 20 in-

2317 585 63 21 haled
2396 586 43 19 and
2453 587 65 20 taken
2528 587 115 27 internally
2660 590 33 19 for
2707 590 37 19 the
2761 590 86 25 Throat,

2317 623 98 26 Catarrh,
2432 622 58 26 Hay,
2514 624 97 26 Typhoid
2627 626 43 20 and
2684 627 80 20 Scarlet
2773 628 77 20 Fevers

2319 654 128 21 MEASLES
2459 656 35 20 the
2502 665 12 10 ir
2523 658 32 19 ost
2564 658 136 25 satisfactory
2709 661 141 23 preventative

2318 685 43 20 and
2376 685 60 21 Cure.
2463 689 55 19 Send
2533 689 50 20 Post
2599 689 55 21 Card
2664 692 22 18 to
2697 691 34 19 the
2742 691 62 20 Office
2817 692 33 19 for

2318 716 95 22 Circular
2427 718 118 27 describing
2564 723 121 19 treatment.
2712 723 137 25 Eucalyptus,
2857 721 2 29 j

2318 750 111 22 Ointment
2439 753 36 20 the
2484 753 70 25 Magic
2563 755 79 20 Healer
2655 756 22 19 of
2691 756 68 22 Sores,
2773 758 77 23 Burns,

2318 781 103 23 Wounds,
2437 783 59 20 Boils
2514 786 45 20 &c.
2582 786 132 25 Eucalyptus
2733 788 57 24 Soap
2804 788 42 19 Fra

2317 814 63 23 grant
2390 814 42 20 and
2442 816 122 26 refreshing,
2589 818 131 26 Eucalyptus
2730 819 87 26 Jujubes
2822 826 29 19 jor

2317 844 102 21 Pastilles
2429 846 33 20 for
2472 846 35 21 the
2533 847 80 23 Throat
2623 850 42 20 and
2674 849 63 21 Voice
2753 857 29 14 an
2796 851 54 21 anti-

2319 876 67 26 septic
2396 877 41 21 and
2448 879 119 22 stimulant.

2319 909 125 27 Veterinary
2461 912 34 20 Oil
2505 913 42 20 and
2559 914 109 21 Ointment
2676 915 34 20 for
2720 915 36 21 the
2764 917 85 21 stables,
2857 917 2 29 j

2346 945 30 19 Be
2385 950 49 15 sure
2443 952 43 19 you
2495 947 108 21 Purchase
2617 948 38 21 the
2665 949 102 26 Platypus
2784 950 67 21 brand

2319 976 50 26 only
2379 977 22 20 of
2408 977 29 20 all
2446 978 113 26 Chemists,
2564 979 87 22 Grocers
2657 981 43 20 and
2707 981 143 27 Storekeepers

2319 1008 44 20 and
2376 1010 22 18 at
2413 1009 35 20 the
2459 1010 64 21 Office
2532 1012 12 20 9
2554 1011 113 22 Cathedral
2676 1019 74 19 square
2760 1014 91 21 between

2319 1039 100 21 Morten's
2433 1042 111 25 Buildings
2553 1045 40 19 and
2605 1045 36 19 the
2650 1045 50 20 Post
2710 1046 69 20 Office.

2483 1077 87 21 Oxford
2581 1078 77 27 Agent
2800 1085 5 9 '

2373 1110 27 23 K.
2410 1111 29 22 H.
2453 1113 118 26 PAEISH,
2595 1115 75 21 EAST
2683 1117 118 21 OXFORD

2400 1149 140 27 Eucalyptus
2550 1152 37 19 Oil
2601 1153 29 26 1/-
2644 1155 125 24 per.boltle.

2342 1325 116 42 HELP
2473 1329 81 42 FOH
2571 1331 84 42 THI
2680 1332 147 42 WEAK.

2517 1436 71 26 AND
2606 1438 243 31 DEBILITATED,

2321 1463 32 33 1)
2378 1467 63 28 who,
2454 1467 108 34 through
2573 1470 60 32 folly
2651 1472 49 24 and
2710 1474 140 31 ignorance,

2321 1498 63 26 have
2396 1500 79 25 trifled
2486 1509 68 25 away
2565 1504 62 24 their
2637 1505 86 31 vigour
2742 1507 27 23 of
2778 1507 71 32 body,

2321 1533 78 28 mind,
2411 1534 51 24 and
2472 1536 133 30 manhood,
2618 1540 100 29 causing
2735 1540 115 24 exhaust-

2321 1564 44 33 ing
2381 1566 82 25 drains
2476 1574 66 25 upon
2552 1567 44 27 the
2617 1570 127 26 fountains
2764 1573 25 24 of
2799 1572 49 30 life,
2857 1565 2 36 i

2321 1597 64 28 Loss
2392 1599 26 25 of
2427 1599 101 33 Energy
2536 1602 49 24 and
2594 1604 125 31 Strength,
2732 1605 118 32 Timidity

2321 1630 163 28 Bashfulness
2517 1634 28 25 m
2580 1635 104 34 Society,
2708 1638 140 31 Headache,

2321 1664 134 32 Backache,
2474 1667 176 32 Nervousness,
2674 1672 134 26 Weakness
2825 1673 28 25 of

2321 1698 120 32 Memory,
2453 1700 110 26 Restless
2573 1702 79 32 Sleep,
2663 1704 113 30 Dreams,
2785 1705 65 26 Loss

2322 1731 74 24 Flesh
2409 1733 49 24 and
2470 1733 68 26 Vital
2557 1734 90 30 Power,
2670 1737 136 32 Eruptions
2817 1747 33 17 on

2321 1764 43 24 the
2373 1764 63 25 Face
2446 1766 50 24 and
2507 1767 78 32 Body,
2598 1769 75 25 Want
2695 1771 28 24 of
2731 1771 119 33 Develop-

2321 1800 78 26 ment,
2420 1798 114 26 Varicose
2549 1801 83 29 Veins,
2655 1803 141 32 Incapacity
2813 1805 38 25 for

2321 1828 111 27 business
2443 1839 28 17 or
2481 1833 119 31 pleasure,
2613 1835 104 33 Urinary
2725 1837 123 30 Diseases,

2322 1863 49 25 and
2389 1863 34 25 all
2446 1865 42 25 the
2510 1866 84 26 effects
2615 1868 99 33 leading
2735 1874 26 22 to
2783 1872 66 31 eariy

2322 1896 83 32 decay,
2429 1898 104 33 perhaps
2554 1901 180 33 Consumption
2758 1912 28 17 or
2808 1905 42 24 In-

2321 1929 90 31 sanity,
2423 1938 47 17 can
2494 1933 29 23 be
2534 1935 114 24 ootained
2659 1936 31 30 by
2710 1938 141 31 consulting

2320 1962 138 32 personally
2476 1972 28 16 or
2511 1965 31 31 by
2552 1969 64 28 poet,
2651 1969 92 24 FREE
2752 1970 96 24 PROF.

2321 1994 176 33 NOTMANN,
2528 1998 198 34 M.E..E.M.G.,
2778 2003 71 25 Cam-

2322 2027 84 33 bridge
2418 2030 108 31 Terrace,
2550 2034 110 30 opposite
2683 2035 116 26 Colombo
2812 2037 37 25 St.

2322 2061 100 32 Bridge,
2451 2063 186 29 ChristchurKh.
2698 2068 53 25 The
2793 2070 58 30 only

2322 2094 225 29 Electrobotanical
2575 2099 94 32 Expert
2702 2102 149 33 advertising

2322 2127 54 25 who
2387 2128 50 25 will
2449 2134 134 27 guarantee
2599 2141 16 16 a
2632 2134 124 32 thorough
2784 2143 65 18 cure.

2323 2160 57 25 Sole
2395 2164 134 28 proprietor
2556 2166 50 24 and
2622 2169 113 28 patentee
2763 2169 27 23 of
2807 2169 43 23 the

2321 2193 59 31 only
2401 2197 148 28 guaranteed
2571 2197 108 27 Electric
2701 2200 70 25 Belts
2801 2201 49 24 and

2322 2225 71 26 other
2404 2228 89 30 special
2515 2230 124 26 electrical
2661 2233 140 31 appliances
2823 2234 27 24 m

2321 2258 43 25 the
2372 2259 114 26 colonies.
2519 2262 99 26 Ladies'
2630 2265 96 25 French
2737 2266 113 25 herbace-

2322 2299 43 17 ous
2376 2292 58 31 pills
2453 2293 38 25 for
2518 2295 175 32 irregularities
2715 2298 64 26 from
2802 2307 49 24 any

2322 2331 81 25 cause,
2428 2327 42 24 10s
2492 2329 93 28 posted.
2620 2329 144 34 Pamphlets
2790 2332 61 26 free.

2322 2357 204 29 Testimonial:—
2526 2361 97 33 Napier,
2634 2364 95 32 August
2737 2366 45 26 7th
2787 2368 63 23 1895

2322 2390 65 26 Prof.
2397 2392 131 26 Notmann.
2530 2410 34 3 —
2564 2396 66 25 Dear
2640 2397 46 30 Sir,
2690 2413 31 3 —
2722 2399 14 24 I
2744 2401 108 23 received

2322 2432 60 23 your
2387 2425 73 25 letter
2468 2427 49 24 iast
2528 2429 75 28 week,
2621 2431 49 23 and
2682 2431 14 23 I
2712 2440 40 16 am
2762 2432 88 24 thank-

2322 2454 37 27 ful
2381 2461 25 22 to
2427 2459 54 24 find
2503 2469 49 22 you
2563 2470 41 16 are
2615 2463 103 25 anxious
2735 2467 26 23 to
2781 2465 70 25 know

2323 2490 42 25 the
2376 2490 105 27 benefits
2498 2493 14 24 I
2522 2493 63 26 have
2596 2496 98 25 derived
2713 2496 60 26 from
2790 2506 62 24 your

2322 2524 140 26 treatment,
2498 2527 48 30 bir,
2573 2528 21 25 it
2621 2529 67 32 gives
2715 2538 41 18 me
2784 2534 67 29 great

2322 2556 112 32 pleasure
2446 2562 26 21 to
2482 2560 91 25 inform
2583 2570 49 22 you
2641 2563 55 24 that
2705 2571 15 17 a
2731 2566 120 30 complete

2323 2590 50 25 and
2382 2592 92 30 perfect
2486 2601 57 18 cure
2554 2594 45 26 has
2617 2595 62 26 been
2702 2597 101 25 effected
2826 2598 25 24 of

2322 2623 44 25 the
2376 2624 115 27 maladies
2502 2626 15 25 I
2534 2629 156 31 complained
2709 2630 25 25 of
2745 2632 26 23 to
2793 2639 57 23 you.

2322 2657 14 24 I
2347 2665 41 18 am
2399 2660 114 32 enjoying
2523 2662 62 30 good
2601 2662 92 30 health,
2707 2665 48 23 and
2766 2672 41 17 am
2815 2674 35 16 re-

2322 2691 82 25 stored
2423 2693 26 24 to
2468 2694 86 32 manly
2575 2695 94 31 vigour.
2703 2697 58 24 P.S.
2763 2712 33 4 —
2796 2698 55 31 Any

2322 2724 101 25 sufferer
2431 2725 110 25 desirous
2548 2727 27 24 of
2578 2730 209 31 communicating
2790 2731 61 23 with

2321 2763 42 17 me
2369 2764 49 23 you
2430 2766 42 17 are
2483 2760 27 24 at
2525 2759 88 33 liberty
2636 2762 26 23 to
2681 2763 55 29 give
2756 2770 41 23 my
2810 2763 41 24 ad-

2322 2790 75 30 dress,
2409 2790 37 25 for
2457 2791 13 24 I
2486 2792 49 25 like
2545 2801 60 23 your
2621 2795 117 30 practical
2750 2796 102 24 method

2322 2822 26 25 of
2358 2825 175 25 treatment.—
2534 2825 29 25 T.
2578 2825 27 26 C.
2620 2828 115 24 Simpson.
2770 2834 3 5 '

2418 2974 134 46 FOE
2577 2977 180 45 SALE.

2519 3038 138 34 CHEAP

2319 3126 40 79 A
2531 3126 81 30 built
2647 3127 104 38 house,
2781 3139 69 20 con-

2372 3166 123 42 taining
2502 3168 21 29 4
2533 3178 102 21 rooms
2648 3170 61 29 and
2718 3170 133 42 scullery

2321 3208 75 30 Iron
2409 3210 69 29 roof
2492 3210 58 29 and
2578 3211 69 30 bow
2667 3212 132 30 window
2818 3218 33 24 to

2317 3248 86 30 front
2416 3260 96 26 room,
2542 3252 40 37 1^
2595 3262 86 19 acres
2706 3253 32 29 of
2766 3253 82 37 land,

2317 3291 118 39 garden
2463 3293 107 39 neatly
2608 3293 138 40 .planted,
2789 3296 61 42 4f)o

2318 3331 104 40 gallon
2446 3333 69 31 iron
2543 3335 86 36 tank,
2666 3336 98 30 stable
2789 3337 62 30 and

2317 3373 66 30 loft.

2317 3413 62 31 For
2406 3415 121 31 further
2540 3417 187 40 particulars
2756 3419 94 40 apply

2307 3526 2 40 |
2399 3516 320 34 MRTHOSSHEA
2780 3521 5 11 ;
2823 3545 6 3 .

2482 3612 159 32 Terminus
2655 3645 3 3 .
2669 3613 95 32 Hotel

2613 3676 90 30 West
2719 3675 131 32 Oxford.

2333 3815 261 46 WALTER
2653 3818 178 44 RYDE;

2420 3907 116 21 TIMBER
2561 3907 175 23 MERCBANT.

2583 3976 182 39 OXFOKD.

2417 4274 212 31 Established
2653 4275 80 30 1862
2790 4290 12 12 .:
2822 4288 3 6 •

2308 4359 2 2 •
2362 4341 124 31 FLOUR,
2498 4341 56 27 best
2563 4341 81 27 brand
2654 4342 60 33 only
2724 4341 68 33 kept.

2311 4386 150 29 SHARPS,
2496 4386 207 31 OATMEAL,
2737 4385 112 30 BRAN

2404 4430 292 32 CHICKENWHEAT,
2713 4433 43 26 &o.

2336 4475 41 22 AT
2404 4475 123 23 LOWEST
2555 4475 142 24 CURRENT
2723 4476 108 26 RATES,

1277 161 117 89 B.
1460 164 132 86 H.
1648 159 508 104 PARISH

1422 301 196 61 EAST
1664 301 322 59 OXFORD

1232 447 108 31 was
1361 434 87 46 the
1469 436 193 56 largest
1679 434 277 54 purchaser
1975 432 55 48 m
2050 431 168 49 North

1495 506 311 58 Canterbury
1841 509 56 44 of

1192 585 130 83 BL
1392 585 453 86 OLN.EY
1888 589 80 81 &
2019 585 228 95 Cos.,

1149 720 292 44 Wholesale
1464 720 142 43 stock
1628 720 56 43 of
1704 720 240 55 Drapery,
1971 720 234 54 securing
2238 720 53 42 at

1151 802 268 33 enormous
1434 788 317 45 concessions
1767 789 130 44 from
1914 789 181 45 landed
2112 791 109 42 cost
2236 791 53 43 iv

1206 878 138 33 some
1366 868 56 44 of
1435 868 88 45 the
1538 870 134 42 most
1691 868 281 54 important
1994 869 231 51 sections,

1501 943 279 59 consisting
1811 945 95 44 of—
1906 970 13 6 -

1154 1017 497 89 Costumes
1716 1024 303 84 worth
2090 1023 193 85 40s.

1379 1228 6 13 ,
1457 1155 153 85 for
1694 1157 111 84 5s
1868 1157 126 85 6d

1153 1289 345 89 Ladies
1538 1293 310 88 Black
1888 1297 402 87 Jackets
2298 1298 2 24 1

1189 1433 149 87 for
1378 1435 112 87 3s
1531 1437 127 87 9d
1732 1440 306 88 worth
2080 1445 163 87 20s

1152 1572 604 113 Trimmings
1822 1579 84 85 &
1949 1579 343 89 Braids

1455 1708 212 87 half
1700 1712 280 108 price.

1328 1898 333 45 ENORMOUS
1721 1900 385 51 SEDUCTIONS

1156 1973 424 88 MAIDS
1707 1973 586 99 ULSTERS

1267 2107 450 94 Reduced
1758 2117 101 82 to
1915 2115 99 86 Is
2060 2117 160 87 6d.

1509 2243 38 29 36
1568 2245 33 28 to
1621 2243 41 30 45
1673 2243 104 32 inches
1797 2246 86 40 deep.

1191 2328 423 89 Buttons
1637 2332 121 85 Id
1808 2359 173 85 per
2020 2341 234 85 card

1378 2454 414 18 »♦♦♦♦♦♦♦♦♦♦♦♦♦♦♦♦♦♦♦♦♦♦♦♦♦♦♦«♦
1796 2458 10 15 «
1811 2458 8 15 C
1825 2459 9 14 *
1838 2459 10 14 ♦
1853 2459 23 15 M
1881 2460 23 14 M
1909 2460 38 14 »f»

1150 2512 80 25 fTHE
1248 2512 115 32 question
1373 2511 21 25 is
1405 2510 99 25 natural
1504 2525 33 4 —
1561 2510 66 31 Why
1639 2510 59 25 send
1713 2512 26 23 to
1751 2510 176 27 Christchurch
1946 2512 38 26 for
2001 2521 61 24 your
2079 2515 110 34 Drapery
2196 2519 12 23 ?
2243 2519 51 26 The

1155 2538 22 32 JL
1213 2546 103 30 drapery
1326 2544 54 25 sold
1388 2545 26 23 m
1423 2544 55 24 that
1490 2544 50 30 city
1551 2552 71 22 every
1633 2552 46 17 one
1690 2543 93 30 knows,
1796 2544 22 25 is
1829 2547 45 23 not
1884 2546 72 25 made
1966 2547 76 29 there,
2062 2547 45 26 but
2117 2550 128 31 imported.
2281 2554 14 24 I

1150 2580 93 30 import
1253 2579 65 25 from
1329 2578 43 25 the
1382 2577 54 25 best
1446 2576 107 33 English
1564 2576 49 25 and
1631 2576 87 26 Scotch
1730 2576 99 26 houses.
1874 2578 71 25 lam
1956 2580 104 25 enabled
2071 2583 26 24 to
2108 2585 122 29 purchase
2247 2586 48 26 low

1150 2613 50 24 and
1209 2611 46 26 sell
1265 2613 26 24 at
1300 2620 15 16 a
1326 2612 52 24 rate
1390 2610 26 25 of
1425 2609 73 33 profit
1510 2610 53 33 (my
1573 2617 122 24 expenses
1707 2610 71 32 being
1789 2611 82 33 small)
1882 2612 57 25 that
1950 2614 81 24 would
2041 2614 31 26 be
2090 2616 143 27 considered
2252 2619 42 26 ab-

1151 2647 58 24 surd
1220 2646 33 31 by
1268 2653 48 24 any
1335 2644 177 26 Christchurch
1535 2643 196 25 establishment.
1784 2644 44 33 My
1848 2645 77 25 Stock
1942 2646 22 25 is
1982 2646 43 26 the
2044 2648 94 33 largest
2155 2651 50 24 and
2227 2655 67 24 most

1150 2680 84 25 varied
1253 2679 56 25 that
1319 2678 45 24 has
1375 2685 56 17 ever
1440 2679 64 22 been
1514 2677 87 24 shown
1610 2677 28 24 m
1648 2677 44 24 the
1702 2677 103 31 district,
1818 2679 50 24 and
1878 2679 38 24 for
1926 2680 93 31 quality
2038 2682 48 25 and
2105 2683 72 25 value
2193 2688 59 27 puts
2267 2688 27 24 m

1149 2714 42 23 the
1202 2712 77 24 shade
1295 2711 75 32 goods
1380 2710 91 25 offered
1481 2710 33 31 by
1524 2710 101 31 visiting
1634 2710 115 25 hawkers
1761 2713 62 22 from
1834 2710 43 26 the
1894 2712 178 27 Christchurch
2083 2723 46 24 rag
2140 2720 87 23 marts.

1182 2765 93 25 Dress
1286 2764 164 31 Materials,
1462 2762 87 26 Plain
1560 2764 60 24 and
1629 2762 104 32 Fancy
1744 2764 78 24 from
1835 2764 50 25 3d.
1897 2771 54 25 per
1959 2767 84 29 yard,

1182 2824 27 26 A
1225 2824 109 31 Strong
1350 2823 87 26 Stout
1452 2823 132 26 Durable
1601 2822 125 32 Kaiapoi
1742 2823 112 25 Tweed
1869 2823 52 33 2/6
1932 2830 54 25 per
1996 2825 76 31 yard

1772 2867 106 26 Makes
1890 2868 153 26 flrst-class
2060 2869 90 33 Boys'
2168 2870 91 28 Suits.

1182 2919 57 25 Art
1255 2917 137 32 Muslins,
1411 2916 155 33 Cretones,
1584 2917 80 26 Lace
1681 2917 138 26 Curtains
1837 2917 53 26 &c.

1180 2988 26 30 A
1224 2986 109 26 Choice
1350 2985 166 26 Collection
1533 2987 33 24 of
1579 2986 120 32 Gloves,
1725 2987 78 31 Ties,
1832 2986 127 32 Aprons,
1989 2987 163 27 Insertions
2170 2990 54 25 &c.

1181 3049 102 25 Prints
1294 3049 79 25 from
1385 3049 51 24 4d.
1449 3055 54 24 per
1513 3048 84 31 yard.
1610 3048 137 31 Muslins,
1760 3048 137 31 Selesias,
1911 3048 124 33 Calicos,
2048 3049 54 27 &c.

1663 3083 8 26 *
1759 3091 87 25 With
1862 3092 87 24 other
1965 3093 190 25 Manchester
2172 3096 85 30 lines.

1180 3143 87 32 Hats,
1286 3143 103 32 Fancy
1405 3143 59 25 and
1481 3143 104 31 Sailor,
1603 3143 32 25 m
1651 3142 103 26 White
1771 3143 60 25 and
1848 3143 113 26 Colors.

1716 3187 126 26 Newest
1857 3188 122 32 Shapes.
2013 3189 96 31 Large
2126 3190 130 34 Variety,

1178 3239 148 31 Flowers,
1344 3239 153 31 Feathers,
1514 3238 147 31 Ribbons,
1679 3238 105 31 Laces,
1802 3238 75 31 Jets,
1895 3238 55 25 &c.

1645 3278 86 27 With
1747 3280 42 23 all
1805 3279 182 25 necessaries
2003 3279 47 25 for
2066 3279 189 32 Trimmings.

1177 3328 103 31 Fancy
1295 3327 140 31 Frillings
1453 3328 77 31 3yds
1540 3329 47 24 for
1596 3328 36 33 1/-
1649 3328 102 26 worth
1761 3327 50 32 9d,
1829 3333 54 26 per
1893 3329 83 30 yard,

1707 3371 184 32 Umbrellas,'
1905 3372 150 32 Parasols,
2073 3373 182 31 Sunshades,

1459 3465 241 45 DOUBLE
1760 3465 211 44 WIDTH

1145 3546 292 89 Dress
1512 3545 394 86 Tweeds
1987 3547 102 84 Is
2156 3546 129 88 4d

1440 3679 328 92 worth
1838 3682 133 84 2s.

1218 3809 457 89 Costume
1737 3805 286 86 Cloth
2102 3810 123 85 Is.

1369 3931 317 91 worth
1738 3933 102 83 Is
1897 3932 154 88 4d.

1143 4175 126 42 English
1283 4176 127 40 Witney
1418 4170 148 34 Blankets
1581 4177 34 26 to
1629 4172 38 31 be
1676 4170 273 33 .sold'atlessthah
1963 4170 179 35 Melbourne
2154 4173 131 35 Whole-

1143 4229 58 30 sale
1222 4229 128 40 price—
1350 4227 121 31 Double
1485 4225 71 31 Bed
1571 4224 68 31 Size
1662 4224 65 29 12s.
1752 4224 49 30 6d.
1852 4224 102 31 wortli
1956 4215 79 44 j.65.
2042 4252 20 10 ;)
2072 4224 51 32 6d.
2144 4236 56 30 per
2213 4238 71 31 pair

1302 4270 130 39 cheaper
1444 4267 78 30 than
1536 4264 225 33 Christchurch
1773 4265 112 30 housfes
1900 4265 65 32 will
1978 4258 58 46 selj
2048 4265 96 32 them.
2151 4281 5 6 •

1143 4398 1 5 .
1177 4377 72 35 R.
1276 4378 78 34 H.
1390 4373 314 43 PARISH,
1763 4374 154 34 East
1965 4374 255 38 Oxford.
2275 4370 3 4 '
