3410 4333
436 31 2841 31 THE

436 62 1137 310 OXFORD
1762 62 1515 310 OBSERBER

1098 409 181 54 AND
1355 407 589 58 CANTERBURY
2016 414 498 70 DEMOCRAT,

1235 517 521 34 ai-RCTJLATIISrC*
1834 521 518 38 THROUGHOUT

1691 686 228 32 Established
1964 689 90 31 1889.

24 838 138 29 Volumn
183 837 46 30 VI
239 836 103 30 —No.
385 834 102 30 NEW
505 830 155 33 SERIES.

1220 825 107 31 EAST
1350 825 188 35 OXFORD,
1575 826 243 42 SATURDAY,
1853 830 90 30 MAY
1973 832 52 38 18,
2044 833 88 30 1895.

2911 845 139 30 Price—
3052 844 87 31 ONE
3175 845 156 32 PENNY.

2862 990 50 38 G.
2940 990 48 38 E.
3019 991 344 46 WEYLANDT,

2977 1054 111 26 FAMILY
3105 1055 148 27 BUTCHER.

2886 1099 157 39 EAST
3074 1101 268 38 OXFOFO,

2925 1162 120 26 Families
3056 1164 90 24 waited
3155 1171 66 24 upon
3232 1164 77 32 daily.

2841 1279 299 78 HUNTER
3171 1281 51 76 &
3257 1281 120 89 CO.,

3071 1377 77 20 LATE

3022 1415 312 46 STOCKS,

2841 1474 308 32 MONUMENTAL
3200 1477 181 36 MASONS,

2882 1520 119 25 Colombo
3018 1521 75 24 street
3105 1520 50 25 and
3168 1522 81 24 South
3267 1522 66 30 Belt,

2915 1563 364 34 'CHBISTCHURCH.

2960 1666 104 21 AGENT
3078 1667 59 22 FOR
3151 1667 118 22 OXIOED

2905 1719 54 45 R.
2991 1719 57 45 H.
3079 1719 238 46 PARISH.

2843 1789 135 26 Estimates
2991 1792 50 23 and
3052 1791 122 32 Designes
3186 1800 30 16 on
3228 1792 151 31 application

2930 1910 353 48 SPECIAL!!!

3148 2020 232 26 ALL-WOOL

3059 2091 117 26 WHITE

2869 2157 210 52 KAIAMI
3105 2159 250 48 BLAMETS

2944 2253 80 45 19s
3057 2254 59 44 6d
3158 2254 132 44 Pair.

2958 2367 163 24 SMALLER
3165 2367 99 25 SIZES
3316 2375 5 3 •

2931 2441 81 45 15s
3045 2442 61 43 6d
3152 2442 140 43 Pasr.

2885 2542 75 22 BEST
2973 2542 104 22 VALUE
3096 2543 83 21 LVEK
3191 2542 136 22 OFPBBED

2883 2627 48 32 R.
2977 2627 55 32 H.
3077 2626 262 38 PARISH,

2968 2684 105 33 EasS
3096 2683 160 34 Oxford

2892 2856 267 89 \bgjcfvf
3166 2834 188 116 •■■'Jyf

2866 3378 131 49 —Xis
3006 3376 172 59 extensively
3191 3380 182 39 imiyed.^nd

2866 3422 45 35 itis
2919 3425 188 42 neccsswyte
3114 3422 63 36 lodK
3184 3422 38 35 foi
3231 3424 38 33 the
3279 3435 75 22 na^me

2868 3464 89 41 when
2970 3464 129 50 buying.

2875 3573 210 38 BUREELL
3102 3574 242 39 BROTHERS-

2923 3624 376 31 PHOTOGRAPHEKS

2844 3675 66 21 Have
2913 3675 106 21 removed
3022 3676 24 20 to
3051 3682 61 15 more
3117 3676 150 21 commodious
3273 3676 109 26 premises

2955 3709 165 24 VICTORIA
3139 3709 135 25 STREET

2846 3758 117 32 Opposite
2986 3759 128 25 Salvation
3144 3759 83 31 Army;
3252 3758 131 26 Barracks.

2878 3792 56 23 And
2947 3799 42 17 are
3001 3792 77 31 doing
3095 3792 150 24 Enamelled
3265 3791 119 25 Cabinets

2846 3831 37 24 for
2895 3831 42 32 8/6
2947 3838 44 24 per
3002 3831 87 24 dozen.
3114 3831 76 24 Groat
3201 3831 185 31 Photographic

2847 3868 125 32 Surprise-
3019 3869 53 25 One
3100 3869 25 24 of
3147 3869 44 24 the
3213 3869 94 31 largest
3330 3877 57 17 ever

2846 3909 154 24 introduced.
3045 3909 76 25 From
3144 3909 62 25 Dec.
3229 3909 71 24 11th.
3321 3910 66 24 until

2847 3949 42 24 the
2901 3949 61 24 New
2974 3949 74 25 Year.
3084 3949 55 25 One
3149 3949 90 25 Dozen
3257 3950 68 30 large
3337 3951 52 23 size

2848 3988 147 29 Enamelled
3010 3988 66 24 Phot
3079 3996 27 17 op
3118 3994 39 20 tor
3172 3989 52 31 15/-
3238 3990 75 23 usual
3323 3989 67 31 price

2849 4027 36 24 £1
2900 4029 55 23 10s.
2991 4028 95 25 Secure
3095 4037 19 17 a
3132 4029 97 31 deposit
3251 4029 78 25 ticket
3351 4031 41 24 fo*

2845 4066 45 33 •2/6
2902 4075 58 17 now
2973 4067 86 32 ready.
3079 4069 6 28 \
3095 4068 63 25 This
3177 4068 23 25 is
3220 4068 41 25 the
3283 4071 110 28 greatest

2848 4107 101 25 wonder
2959 4107 27 24 of
3004 4107 46 26 the
3072 4116 55 24 age.
3163 4109 78 24 Don't
3258 4108 61 25 miss
3340 4109 53 24 thip

2850 4147 102 26 chance.
3165 4149 132 23 ..,"'*

2882 4186 168 27 BURRELL
3065 4187 190 32 BROTHERS

3130 4229 200 34 Photographers

2913 4292 52 32 m
2973 4276 110 26 Victoria
3099 4278 89 31 Rtreet,
3207 4281 180 27 Clir'sfchurrli

2442 972 117 25 GREAT
2590 974 86 26 SALE

2587 1002 8 7 *-

2549 1020 29 16 OF

2298 1045 209 34 TEWELLRY,
2543 1050 178 28 WATCHES,
2757 1052 70 26 DIA-

2291 1084 22 18 v
2456 1082 99 24 MOND
2573 1084 122 29 GOODS,

2293 1115 129 26 SILVER
2439 1118 72 26 AND
2534 1120 285 28 ELECTRO-PLATE

2291 1153 49 25 AT
2357 1155 23 24 A
2396 1155 174 28 DISCOUNT
2596 1160 43 25 OF
2656 1162 29 24 4s
2702 1161 38 25 IN
2758 1162 70 25 THE

2391 1195 127 30 POUND,
2531 1197 68 25 FOR
2611 1199 23 24 A
2650 1200 79 26 FEW

2443 1235 125 27 WEEKS
2577 1238 101 26 ONLY.

2328 1277 115 29 £10,000
2461 1280 73 25 value
2545 1282 27 24 to
2584 1282 76 26 select
2683 1284 66 25 from
2769 1286 27 24 at

2293 1334 69 44 M.
2411 1341 2 2 '
2424 1340 403 49 SANDSTEIN

2304 1409 109 24 DIRECT
2426 1413 154 27 IMPOETEB,
2608 1416 207 24 WATCHMAKER

2439 1450 59 20 AND
2512 1452 166 25 JEWELLER,

2292 1482 114 23 CASHEL
2421 1486 40 20 ST.
2483 1487 87 25 WEST,
2593 1488 232 24 OHBISTCHURCH

2434 1587 166 27 Established
2613 1591 74 24 1862.

2316 1658 31 21 M.
2359 1659 162 25 SANDSTEIN
2530 1663 41 21 has
2586 1666 116 25 appointed
2712 1666 44 21 Mb.
2765 1667 26 22 R.
2801 1668 28 21 H.

2288 1691 82 23 Pabish
2385 1700 25 15 as
2426 1694 36 21 his
2478 1696 80 22 Oxford
2571 1698 105 26 AGENT,
2690 1700 48 21 who
2753 1702 45 20 will
2806 1703 25 20 at

2288 1729 43 19 any
2341 1725 53 21 time
2402 1732 95 19 procure,
2511 1734 29 14 on
2556 1730 149 27 approbation,
2723 1732 107 25 Watches,

2288 1756 83 27 Clocks,
2381 1759 44 21 and
2434 1760 117 27 Jewellery,
2570 1769 24 14 or
2610 1763 35 20 his
2658 1764 80 21 Oxford
2754 1766 75 21 clients

2290 1791 22 19 to
2322 1792 65 21 select
2400 1792 65 26 from,
2476 1795 23 19 at
2509 1795 37 20 the
2564 1802 60 15 same
2633 1798 57 25 price
2707 1805 25 14 as
2738 1799 93 26 charged

2288 1823 22 19 at
2321 1822 36 22 the
2368 1823 153 24 Christchnrch
2530 1827 180 24 Establishment.

2333 1875 58 41 M,
2437 1878 336 42 SANDSTEIN

2422 1942 3 6 •
2436 1934 112 22 OASHEL
2562 1936 118 27 STBEET,

2378 1977 360 32 CHRISTCHURCH.

2309 2068 261 49 WALTER
2631 2075 178 47 RYDE.

2396 2168 116 20 TIMBER
2537 2169 177 25 MERCHANT.

2371 2234 119 32 WEST
2563 2237 182 40 OXFOKD.

2291 2296 258 87 robeST
2597 2328 228 71 fisher,

2324 2401 177 28 GENERAL
2528 2403 266 28 STOREKEEPER

2288 2448 97 46 Teas,
2426 2448 133 46 Coffees,
2598 2449 129 46 Cocoas,
2759 2450 70 38 and

2392 2496 145 39 General
2559 2496 184 40 Groceries-

2342 2547 146 32 WEST
2552 2548 223 32 OXFORD.

2293 2661 25 36 0
2347 2658 259 56 MANNINGf
2609 2658 220 44 IIQMPANY

2491 2745 140 22 LIMITED.

2321 2802 271 27 CHRISTCHURCH
2612 2803 185 26 BREWERY.

2523 2863 63 20 THE

2441 2904 57 32 j\.
2512 2904 44 32 L
2572 2904 43 32 JE
2630 2904 39 33 S

2425 2946 131 22 BREWED
2566 2947 40 20 BY
2620 2946 72 21 THIS

2382 2985 370 35 COMPANY

2483 3039 84 21 FROM
2577 3040 61 20 THE

2284 3081 232 42 iCMfOICEST
2533 3081 296 42 MAtTfttOfS

2408 3132 45 21 Ate
2463 3133 175 26 acknowledged
2647 3133 25 20 to
2680 3133 29 21 be

2290 3171 150 21 SUPERIOR
2448 3172 36 20 IN
2495 3171 137 23 QUALITY
2642 3172 39 20 TO
2688 3172 65 20 ANY
2759 3172 73 20 PRO-

2358 3211 102 21 DUCED
2474 3211 35 21 IN
2524 3211 74 21 NEW
2612 3212 149 21 ZEALAND.

2319 3249 109 26 Supplied
2432 3250 26 19 to
2462 3250 82 20 Hotels
2550 3250 46 19 and
2603 3250 93 19 Private
2702 3250 129 19 Customers

2291 3276 24 19 m
2324 3275 144 27 Hogsheads,
2479 3277 100 24 Barrels,
2590 3276 140 23 Kilderkins,
2740 3276 44 19 and
2794 3278 36 17 10-

2290 3302 90 26 --gallons
2390 3302 63 26 Kegs
2463 3303 61 26 only.

2292 3354 118 42 PALE
2433 3354 91 42 ALE
2549 3349 94 47 AND
2671 3354 158 42 EXTRA

2486 3406 135 42 STOST

2377 3458 92 21 Bottled
2492 3459 25 20 m
2526 3459 85 24 Quarts
2621 3458 47 20 and
2676 3458 72 21 Pints.

2326 3574 49 43 J.
2406 3573 63 45 M.
2493 3572 299 45 TERRELL

2405 3671 295 25 PHOTOGRAPHER

2349 3744 440 31 SWANNANOA.

2473 3801 47 5 —
2521 3796 64 13 »^—
2596 3798 10 10 «
2612 3800 27 4 —
2639 3801 9 2 -

2295 3824 90 24 Orders
2396 3826 28 28 by
2434 3825 61 23 Post
2505 3825 87 23 receive
2609 3824 129 23 immediate
2759 3828 73 19 atten-

2543 3867 56 23 tion.

2295 4013 54 44 P.
2363 4013 54 44 C.
2432 4012 402 47 JOHANNSEN

2399 4087 338 31 BASKETMAKEB..

2295 4167 89 26 Chairs
2408 4168 116 29 Baskets,
2552 4169 51 24 «nd
2624 4168 211 32 Perambulators,

2400 4229 11 5 •-
2427 4216 75 24 Made
2526 4217 51 23 and
2589 4217 131 30 Repaired.

2328 4257 130 37 QUEEN^
2463 4264 146 32 STREET,
2627 4265 65 27 East
2704 4266 101 27 Oxford,

1782 962 452 45 SADDLEET.

1740 1041 80 52 H.
1848 1042 61 53 J.
1928 1043 349 58 LAMING

1835 1120 349 38 SADDLER

1975 1165 64 22 AND

1742 1199 289 41 HARNESS
2067 1204 212 40 MAKER

1888 1252 73 26 Neab
1978 1253 152 32 Saleyakds,

1775 1295 46 40 O
1846 1296 66 40 2S
1936 1298 198 41 FOB,
2159 1301 45 39 D
2230 1329 15 12 .

1738 1367 89 23 Orders
1839 1369 51 22 and
1907 1369 106 31 Eepairs
2023 1373 127 29 promptly
2161 1374 119 24 executed

1902 1412 27 23 at
1940 1411 87 26 lowest
2038 1416 75 22 rates.

1843 1475 145 39 HORSE
2011 1477 165 50 CpyBRS

1740 1524 100 40 malic
1852 1527 37 38 to
1906 1527 103 39 Order
2023 1528 256 52 and.Repaired

1755 1586 22 24 A
1790 1587 77 25 Stock
1879 1588 27 24 of
1916 1589 83 24 Horse
2011 1590 123 26 Medicine
2146 1600 34 16 on
2188 1592 76 29 hand,

1816 1629 162 24 SOLOMON'S
1994 1632 151 23 SOLUTION
2159 1635 37 21 &c.

1760 1693 56 44 E.
1837 1694 59 43 R
1914 1680 359 67 ALLPRESS^

1849 1764 136 27 Consulting
2046 1767 90 27 Family
2142 1769 105 26 Chemist,

1930 1799 57 24 239.
2001 1798 91 25 Cashel
2103 1799 82 26 Street
2199 1801 76 31 West,

1997 1836 278 29 CHRISTCHUBCH.

1848 1874 9 31 (
1864 1873 67 24 Next
1941 1874 107 24 Zetland
2059 1875 75 25 Arms
2146 1877 78 24 Hotel
2230 1879 11 31 )

1742 1921 41 27 (34
1791 1928 66 20 years
1872 1922 132 26 experience
2018 1924 25 20 at
2052 1925 73 20 Home
2134 1926 47 20 and
2196 1932 25 14 m
2236 1926 41 21 the

1951 1955 115 28 Colonies)

1766 1987 38 20 Mr
1813 1987 103 26 Allpress
1924 1988 57 27 begs
1996 1989 25 20 to
2029 1989 82 21 tender
2123 1990 37 21 his
2176 1990 101 27 grateful

1742 2019 81 21 thanks
1833 2020 24 20 to
1866 2019 36 20 his
1915 2026 121 15 numerous
2046 2021 81 21 clients
2136 2022 141 26 throughout

1740 2051 143 26 Canterbury
1890 2051 37 21 for
1935 2053 41 21 the
1985 2055 94 26 support
2087 2055 74 20 which
2168 2055 42 20 has
2220 2055 56 21 been

1740 2085 137 22 vouchsafed
1895 2086 24 21 to
1939 2086 49 22 him
2003 2087 83 29 during
2107 2088 40 22 the
2170 2088 106 22 nineteen

1740 2127 65 21 years
1814 2121 29 21 he
1853 2121 41 21 has
1903 2121 106 22 followed
2017 2123 36 21 his
2069 2124 125 26 profession
2203 2124 26 21 m
2237 2125 40 21 the

1741 2156 114 26 Province,
1882 2156 46 20 and
1941 2156 90 27 finding
2053 2157 21 22 it
2097 2157 121 23 incumben
2227 2159 49 21 tto

1740 2190 120 21 centralize
1878 2190 38 21 his
1929 2190 103 23 business
2047 2191 25 22 m
2095 2192 64 22 order
2173 2194 24 20 to
2219 2193 58 26 keep

1740 2223 49 21 him
1802 2223 25 21 m
1841 2225 69 20 touch
1925 2226 53 20 with
1995 2226 35 21 his
2050 2227 129 26 supporters
2236 2227 41 21 the

1741 2256 152 28 surrounding
1902 2258 97 26 country
2005 2258 108 24 districts,
2121 2259 29 21 he
2157 2260 42 20 has
2206 2260 71 21 taken

1740 2291 40 21 the
1789 2291 71 21 above
1869 2292 109 25 premises
1989 2293 73 21 where
2079 2293 30 21 he
2117 2294 50 20 will
2175 2295 29 20 be
2222 2295 55 26 glad

1740 2326 24 20 to
1773 2325 87 21 receive
1871 2325 36 21 his
1916 2326 88 21 friends
2012 2328 131 26 personally
2156 2334 25 14 or
2189 2328 87 21 receive

1740 2357 61 21 their
1809 2357 78 21 orders
1902 2364 41 20 per
1955 2359 58 26 post.
2041 2359 43 21 His
2103 2359 61 21 Well
2182 2360 94 24 Known,

1739 2389 68 20 Tried
1830 2389 47 20 and
1898 2389 123 27 Approved
2043 2390 118 21 Remedies
2187 2391 37 20 for
2244 2392 32 20 all

1739 2416 83 21 classes
1832 2416 24 21 of
1873 2416 106 22 Diseases
1988 2423 39 15 are
2036 2424 50 14 now
2095 2424 25 14 so
2129 2418 52 21 well
2193 2419 83 20 known

1740 2449 25 14 as
1783 2444 25 19 to
1821 2443 59 21 need
1900 2450 29 14 no
1947 2444 91 21 further
2060 2445 101 20 mention
2185 2446 25 19 m
2229 2446 47 20 this

1739 2470 137 27 necessarily
1886 2471 66 20 short
1960 2471 185 21 advertisement.

1766 2496 21 21 A
1796 2497 44 20 full
1848 2498 62 26 price
1919 2498 51 21 List
1978 2498 23 21 of
2009 2498 33 21 all
2050 2498 37 21 his
2096 2499 91 21 various
2205 2499 71 21 Eem-

1739 2524 62 21 edies
1809 2531 43 14 can
1860 2525 29 21 be
1899 2525 47 20 had
1955 2526 55 19 Post
2023 2526 56 21 Free
2089 2532 30 14 on
2131 2526 145 26 application,

1739 2550 46 21 and
1797 2558 84 20 among
1894 2552 65 21 them
1967 2552 90 21 besides
2065 2552 66 22 those
2140 2553 24 21 of
2173 2560 14 15 a
2195 2554 81 26 purely

1739 2578 97 21 Medical
1856 2579 122 21 Character
1996 2580 47 19 will
2059 2580 29 21 be
2105 2580 73 21 found
2193 2580 80 25 Horse,

1739 2605 74 20 Cattle
1828 2606 46 20 and
1889 2606 53 26 Dog
1956 2606 132 22 Medicines,
2103 2607 23 19 of
2143 2607 134 20 undoubted

1738 2630 90 27 efficacy
1837 2632 103 24 together
1954 2632 56 20 with
2023 2633 21 20 A
2060 2633 60 20 Host
2128 2634 24 19 of
2161 2634 116 20 Domestic

1740 2658 103 21 Utilities
1853 2658 73 22 Toilet
1940 2659 160 25 Preparations
2109 2660 18 20 &
2136 2660 140 25 Perfumery.

1765 2685 39 20 Mr
1813 2685 101 26 Allpress
1923 2686 87 21 invites
2025 2686 150 25 applications
2190 2686 37 21 for
2241 2686 36 22 his

1738 2711 52 20 List
1798 2712 47 19 and
1860 2712 47 19 will
1919 2712 57 21 send
1984 2712 58 20 Free
2051 2712 24 20 of
2084 2719 96 19 expence
2189 2719 30 13 on
2228 2719 49 14 rec-

1740 2738 48 26 eipt
1797 2738 23 20 of
1830 2738 56 21 Five
1895 2739 107 26 shillings
2011 2739 47 20 and
2067 2739 104 26 upwards
2182 2740 24 19 m
2216 2740 61 26 post-

1740 2765 22 20 al
1771 2766 66 19 notes
1848 2771 24 14 or
1880 2766 67 20 order
1956 2771 46 20 any
2008 2766 80 21 article
2095 2766 83 21 named
2187 2766 90 21 therein

1739 2792 57 20 such
1805 2792 66 21 order
1885 2799 53 19 may
1947 2793 106 20 emanate
2066 2794 57 19 from
2134 2799 42 14 one
2185 2799 89 20 person,

1738 2825 26 14 or
1772 2818 29 21 be
1811 2819 64 20 made
1883 2825 32 20 up
1924 2825 83 20 among
2016 2820 137 25 neighbours
2163 2820 49 20 who
2225 2827 52 19 may

1739 2846 83 25 deptite
1841 2852 42 14 one
1896 2846 24 20 of
1935 2846 61 21 their
2008 2846 97 21 number
2116 2847 24 20 to
2156 2848 65 19 make
2236 2847 41 20 the

1739 2872 140 25 remittance,
1888 2873 130 20 receivethe
2027 2873 70 26 goods
2100 2873 47 20 and
2156 2873 121 21 distribute

1738 2900 41 19 the
1789 2905 60 15 same
1859 2905 29 15 on
1898 2900 92 20 arrival.

1738 2933 77 26 Agent
1824 2933 36 21 for
1870 2933 87 21 Oxford
1961 2933 152 25 .aadJHstrict
2119 2934 37 20 Mr
2162 2935 27 20 B.
2197 2934 79 21 Keats.

1787 2999 189 57 Money
1991 3003 53 41 to
2067 3001 153 45 Lend.

1795 3088 17 29 I
1827 3088 80 30 have
1936 3098 112 29 money
2076 3093 33 25 to
2137 3090 73 29 lend
2244 3090 41 31 inj

1739 3128 85 39 large
1851 3137 34 21 or
1913 3129 91 29 small
2034 3139 84 20 sums
2156 3140 30 19 to
2216 3131 62 29 suit

1738 3169 180 29 Borrowers
1949 3174 34 25 at
2010 3170 118 29 lowest'
2152 3176 127 23 current

1738 3212 91 26 rates.

1819 3248 193 31 WILLIAM
2034 3249 156 38 HOBAN,

1914 3289 189 29 SOLICITOR,

1772 3325 48 23 204
1833 3325 120 25 Hereford
1965 3326 39 24 St.
2018 3326 261 25 CHRisTOHURBH'and

1948 3364 110 25 Kaiapoi.

1738 3455 152 41 'THE
1913 3460 128 37 RED
2055 3461 222 38 HOUSE'

1877 3521 73 21 under
1959 3523 41 19 the
2010 3522 123 20 Verardah

1736 3558 41 20 109
1797 3558 106 21 Colombo
1923 3559 63 20 Sreet
2015 3559 243 22 CHEISTCHUECH.

1787 3594 158 38 JOHN
1985 3596 236 38 WILSON

1737 3648 99 20 General
1844 3647 88 24 Dealer,
1949 3648 125 21 Furniture
2084 3648 90 26 Broker,
2185 3650 19 19 &
2209 3650 71 21 Hotel

1791 3685 118 20 Valuatrr.
1950 3685 147 21 Established
2107 3686 28 20 20
2143 3686 79 21 Years.

1738 3736 61 21 John
1808 3736 88 20 Wilson
1902 3737 114 20 embraces
2027 3738 39 19 the
2076 3739 92 23 present
2174 3740 105 25 opportu-

1739 3763 50 26 nity
1798 3763 25 21 to
1836 3763 75 21 thank
1920 3763 37 21 his
1968 3765 131 24 supporters
2109 3764 36 21 for
2154 3765 64 21 their,
2225 3772 54 15 cus-

1738 3791 46 20 tom
1794 3790 46 20 and
1848 3791 126 26 patronage
1987 3791 47 20 and
2049 3798 91 14 assures
2151 3792 66 21 them
2225 3794 54 19 that

1738 3823 25 14 as
1771 3817 25 19 m
1805 3817 41 19 the
1853 3819 54 23 past
1914 3817 30 20 he
1959 3818 21 19 is
1992 3817 111 26 prepared
2110 3819 26 19 to
2145 3819 84 25 supp'y
2237 3820 42 20 the

1737 3844 53 20 best
1798 3843 125 21 Furniture
1934 3843 44 26 &c,
1992 3843 37 21 &c.
2046 3845 25 19 at
2086 3844 74 26 prices
2174 3845 62 28 fully
2251 3847 28 20 20

1738 3877 40 20 per
1788 3870 53 20 cent
1849 3871 46 20 less
1902 3870 58 20 than
1970 3870 111 22 hitherto.

1793 3907 60 21 John
1876 3907 88 21 Wi'son
1992 3907 47 21 will
2062 3908 93 21 furnish
2175 3916 15 14 a
2209 3909 71 22 house

1738 3934 138 26 throughout
1883 3934 36 20 for
1928 3935 54 24 i»2O,
2012 3935 62 20 John
2083 3935 90 21 Wilson
2182 3937 48 20 will
2238 3938 43 20 sell

1797 3968 15 12 a
1834 3961 117 20 Duchesse
1975 3961 71 20 Chest
2054 3962 114 20 Drawsers
2178 3963 37 20 for
2229 3965 50 26 50/-.

1766 3987 59 20 John
1836 3987 88 20 Wilson
1943 3987 47 20 will
2010 3987 42 20 sell
2070 3994 46 19 you
2133 3995 14 13 a
2166 3990 71 20 Chest
2257 3991 25 20 of

1739 4015 104 19 Drawers
1851 4013 37 21 for
1897 4012 51 26 20/-.
1990 4010 61 24 John
2061 4014 91 21 Wilson
2175 4016 46 20 will
2240 4017 42 19 sell

1739 4047 45 20 you
1813 4040 90 21 Double
1929 4040 54 21 Iron
2008 4040 129 22 Bedsteads
2168 4042 39 21 for
2230 4043 51 28 25/-.

1740 4067 83 27 Spring
1834 4067 131 21 Mattresses
1975 4066 46 28 25/-
2030 4067 126 22 Palliasses
2165 4076 46 19 any
2219 4071 63 24 price

1740 4100 45 21 you
1798 4095 53 20 liice.
1889 4094 146 27 Everything
2050 4095 71 26 cheap
2137 4096 144 28 Everything

1740 4121 59 27 good
1808 4121 46 21 and
1862 4127 47 20 you
1917 4127 43 15 can
1974 4121 41 26 get
2025 4123 141 26 everything
2174 4123 59 24 frpm
2242 4124 40 20 the

1741 4149 74 20 useful
1823 4148 63 21 little
1896 4148 80 21 needle
1990 4149 25 19 to
2034 4149 40 21 the
2093 4150 129 25 proverbial
2244 4158 39 14 an-

1740 4176 59 20 chor.

1740 4202 62 22 THE
1820 4202 63 21 RED
1896 4201 112 22 HOUSE.
2032 4203 40 19 IG9
2082 4202 105 22 Colombo
2198 4203 81 23 Street.

1905 4228 82 20 JOHN
2002 4228 129 22 WILSON.

1765 4255 101 21 Ti'i'u
1909 4255 46 19 3•i
1964 4261 8 19 j
1982 4261 10 13 i
1999 4256 9 17 !•
2016 4269 5 8 ,
2057 4254 55 20 Bold
2140 4262 14 14 o
2184 4257 97 21 exchan.

1742 4282 63 21 Sales
1820 4280 111 22 attended
1939 4287 27 14 on
1978 4281 152 21 corcmissin?.

1189 964 178 44 JOHN
1441 964 282 43 INGRAM

1217 1037 485 33 AUCTIONEER

1189 1093 106 25 LICENCED
1315 1092 58 25 LAND
1383 1092 94 30 BROKER,
1491 1092 126 30 VALUATOR,
1632 1093 94 29 ESTATE,

1202 1134 133 29 INSURANCE,
1346 1134 15 24 &
1370 1134 102 25 GENERAL
1481 1134 141 25 COMMISSION
1632 1134 80 25 AGENT.

1185 1180 68 24 Agent
1258 1179 38 26 for
1305 1180 35 20 the
1348 1179 105 21 National
1462 1180 113 20 Insurance
1587 1180 104 25 Company
1705 1183 22 20 of

1362 1221 50 19 New
1427 1221 103 19 Zealand.

1208 1262 172 32 OXFORD
1403 1264 29 28 &
1456 1262 254 31 SHEFFIELD.

1353 1338 54 5 —
1488 1338 58 5 —

1186 1377 149 25 Fortnightly
1345 1376 98 19 Auction
1454 1376 63 19 Sales
1528 1376 55 19 held
1591 1376 25 19 m
1620 1377 41 18 the
1669 1377 57 19 Mar-

1185 1409 42 20 ket
1236 1409 75 20 Yards
1321 1408 130 25 OXFORD,
1462 1415 69 21 every
1540 1409 83 20 second
1641 1409 85 21 Thurs-

1187 1442 50 26 day.
1253 1441 108 26 Monthly
1371 1441 64 21 Sales
1444 1441 56 21 held
1510 1442 25 21 at
1544 1441 90 22 Market
1643 1441 83 25 Yards,

1188 1472 180 20 SHEFFIELD.
1430 1473 94 20 Private
1543 1472 101 21 Auction
1663 1473 64 20 Sales

1187 1503 142 21 undertaken
1340 1510 46 19 any
1394 1504 54 25 part
1458 1503 24 21 of
1491 1503 41 21 the
1543 1504 103 25 country.
1672 1503 54 21 Pro-

1186 1536 65 26 perty
1263 1534 101 28 Bought,
1373 1535 59 24 Sold,
1443 1541 25 14 or
1477 1535 49 21 Let.
1539 1535 47 20 and
1592 1535 134 21 Valuatious

1188 1569 110 28 carefully
1307 1569 73 22 made.
1411 1569 66 21 Land
1485 1568 106 28 Brought
1599 1569 74 22 under
1686 1570 41 22 the

1188 1605 106 20 Transfer
1303 1605 51 23 Act,
1383 1604 127 24 Transfers,
1525 1604 90 24 Leases,
1629 1604 17 20 &
1652 1604 75 21 Deeds

1188 1636 21 21 of
1218 1635 135 28 Mortgages
1368 1635 77 22 dra^n
1453 1642 38 20 up.
1529 1635 85 26 Money
1622 1636 106 21 invested

1188 1667 46 22 and
1242 1668 110 21 obtained
1360 1668 34 20 for
1404 1667 87 22 Clients
1500 1674 30 14 on
1540 1667 129 27 Mortgage.
1689 1667 37 21 In-

1222 1707 95 14 surance
1336 1700 97 21 effected
1449 1706 29 14 on
1488 1699 124 27 Buildings
1622 1700 23 20 of
1654 1705 46 21 any

1265 1732 144 26 description,
1419 1731 47 21 and
1475 1731 62 21 their
1547 1732 109 20 contents.

1189 1852 59 21 HAS
1262 1851 57 21 FOR
1334 1851 70 21 SALE
1422 1851 38 21 BY
1476 1850 125 22 PRIVATE
1615 1850 111 21 TREAT!

1217 1929 20 21 A
1246 1929 56 25 good
1320 1928 157 27 Agricultural
1486 1928 46 20 and
1541 1928 103 20 Pastoral
1660 1928 69 20 Farm

1190 1961 131 26 containing
1331 1962 40 19 522
1381 1967 63 15 acres
1454 1961 113 21 Freehold
1573 1960 18 20 &
1597 1961 41 20 240
1649 1960 79 21 Lease-

1190 1996 54 21 hold
1253 1997 26 21 at
1286 1995 64 22 View
1360 1995 51 21 Hill
1421 1995 152 21 devidedinto
1583 1996 27 19 12
1615 1994 114 27 paddocks

1191 2030 51 21 well
1250 2029 99 22 watered
1357 2029 79 21 within
1447 2028 28 27 4£
1485 2029 64 21 miles
1559 2028 59 21 from
1628 2028 101 27 Railway

1191 2063 98 21 Station.
1312 2061 143 24 Substantial
1465 2062 13 22 &
1488 2061 91 23 roomed
1597 2061 74 21 House
1689 2067 40 14 sur

1190 2098 103 22 rounded
1305 2098 30 28 by
1344 2105 15 14 a
1366 2098 52 23 nice
1427 2096 138 30 plantation,
1574 2096 65 28 large
1649 2095 79 23 Stable

1190 2133 45 21 and
1245 2135 40 19 out
1296 2133 56 22 heds
1362 2134 96 21 thereon
1458 2145 27 3 —
1485 2133 62 26 price
1557 2138 56 20 very
1620 2132 49 21 low.

1217 2182 90 26 Orange
1316 2182 57 20 Hall
1387 2182 54 21 with
1457 2183 27 19 32
1493 2181 95 27 perches
1598 2180 24 20 of
1630 2180 56 21 land
1695 2181 33 20 at-

1187 2215 90 23 tachfd.
1361 2235 27 7 ,;

1216 2282 36 21 On
1266 2283 154 22 accdtttit-Sev
1434 2282 54 21 Neil
1496 2282 39 21 Me
1544 2282 97 25 Callum,
1660 2282 68 21 Farm

1188 2317 24 21 of
1221 2317 42 21 170
1273 2316 102 24 acreskon
1383 2315 64 20 View
1457 2314 51 20 Hill
1516 2315 60 20 Run.

1216 2382 35 20 On
1265 2381 96 21 account
1374 2380 55 21 Rev.
1439 2380 21 21 J.
1471 2380 15 21 J
1500 2379 111 27 Pendray.
1630 2379 58 21 Half
1698 2385 30 15 an

1188 2422 51 15 acre
1253 2415 55 21 land
1327 2414 56 21 with
1400 2414 97 26 Cottage
1517 2414 95 21 thereon
1627 2413 101 22 situated

1188 2449 25 20 m
1222 2448 92 21 Church
1324 2446 82 24 Street,
1416 2446 58 21 East
1482 2446 93 21 Oxford.

1215 2546 66 27 Fifty
1291 2552 67 16 seven
1367 2552 63 15 acres
1439 2545 24 21 of
1472 2545 56 21 land
1538 2551 55 15 near
1608 2545 120 21 Waimak-

1188 2582 56 20 ariri
1251 2581 92 26 Bridge,
1351 2580 82 21 fenced
1439 2580 48 20 and
1494 2580 49 20 laid
1550 2580 65 20 down
1621 2580 24 19 m
1655 2585 71 20 grass.

1216 2644 35 21 On
1261 2644 100 21 account
1370 2643 23 22 of
1402 2644 40 21 the
1452 2643 152 27 Mortgagee^
1614 2644 41 19 143
1665 2648 62 14 acres

1188 2679 120 26 adjoining
1317 2679 37 18 Mr
1361 2679 22 19 J.
1388 2677 100 20 Brown's
1495 2677 59 20 farm
1559 2676 168 19 Waimakariri.

1285 2731 34 20 On
1329 2731 91 19 account
1430 2730 23 19 of
1463 2730 35 19 Mr
1514 2730 124 19 Allphess.

1216 2774 41 20 His
1267 2780 50 20 very
1326 2773 50 21 nice
1387 2772 113 21 residence
1510 2771 99 26 opposite
1620 2771 38 20 the
1672 2770 56 20 Par-

1188 2811 81 20 sonage
1276 2805 58 22 East
1338 2804 85 21 Oxford
1428 2804 37 21 for
1472 2804 46 21 sale
1527 2809 57 20 vary
1590 2803 78 26 cheap,
1677 2802 52 20 half

1187 2844 50 16 acre
1246 2837 24 22 of
1279 2837 62 25 land,
1352 2836 56 26 goad
1418 2836 92 27 garden.

1217 2932 46 21 For
1276 2931 137 27 particulars
1428 2930 72 27 apply
1512 2931 25 20 to

1188 2996 193 34 JOHN
1413 2992 310 36 INGRAM

1241 3233 62 31 MR
1328 3231 177 33 SPECIAL
1535 3230 133 30 RAPID

1351 3282 89 29 AND
1465 3280 92 31 BUN.

1184 3337 203 39 TRAVELLING
1425 3333 296 42 PHOTOGRAPHERS.

1225 3400 115 35 Views,
1359 3399 129 36 Houfies,
1505 3398 131 38 Groups,
1646 3396 75 30 Por-

1185 3443 97 34 traits,
1312 3440 140 30 Animals
1481 3439 54 37 &c,
1559 3438 94 29 taken
1689 3440 34 26 at

1185 3483 184 38 anyplace;
1401 3479 59 40 6/-;
1473 3479 81 40 10/-;
1571 3477 67 41 24/-
1669 3488 53 28 per

1185 3525 106 29 dozen.
1336 3522 163 37 Specimen
1512 3519 110 39 kindly
1637 3518 85 29 exhi-

1185 3564 83 30 bited
1284 3564 33 28 m
1341 3561 51 30 Mr
1422 3559 134 31 Parish's
1580 3559 142 29 window.

1186 3613 115 30 Address,
1303 3626 34 4 —
1347 3631 1 4 .

1285 3659 51 24 ME
1350 3655 146 26 SPECIAL
1508 3654 115 28 EAPID,

1452 3700 196 32 Photographer,

1523 3747 201 26 WANNANOA

1190 4003 87 44 ZINC,
1300 4001 70 39 TIN,
1395 4000 65 38 AND
1484 3998 115 38 SHEET,
1625 3997 103 38 STEEL

1396 4064 139 23 WORKER

1194 4102 5 8 1
1224 4106 89 40 High
1336 4103 113 36 Street,
1472 4102 80 29 Bast
1575 4099 127 31 Oxford.

1191 4208 41 25 All
1243 4207 74 24 kinds
1328 4205 28 26 of
1370 4206 97 29 Pumps
1478 4202 77 25 Fixed
1567 4204 23 23 &
1606 4201 122 33 Repaired

1307 4259 27 24 at
1345 4257 45 25 the
1402 4257 110 24 shortest
1523 4255 96 28 notice..

242 1002 437 94 SHEEP
722 997 239 91 DIP

345 1129 86 31 Must
446 1130 37 29 be
496 1129 66 28 free
576 1126 33 30 of
623 1126 88 40 duty,
733 1126 132 29 because

454 1176 101 31 NEW
569 1172 196 32 ZEALAND

323 1226 32 29 Is
369 1225 52 29 the
436 1223 105 40 happy
555 1222 134 37 hunting
703 1219 122 40 ground
839 1218 34 30 of

21 1275 186 82 COOPER,-
216 1275 104 35 Little,
337 1272 133 39 Quibell,
482 1270 134 36 Cannon,
630 1268 111 35 Battle,
756 1266 113 32 Carbol
880 1265 133 38 Crystal,
1030 1263 142 36 Thomas,

75 1319 89 29 Ness.
183 1317 116 34 Lawes,
315 1315 125 33 Odams,
452 1310 195 40 McDougall,
660 1310 104 37 Jeyes.
777 1308 117 34 Peeles,
907 1306 130 36 Climax,
1051 1305 121 35 Crown,

23 1361 54 32 &c,
93 1359 61 29 and
169 1359 53 28 the
237 1357 117 36 Agents
366 1355 33 29 of
413 1355 86 29 these
513 1353 79 37 Dips
618 1360 52 20 are
694 1350 171 37 beginning
879 1351 33 26 to
927 1357 56 28 cry
1015 1349 64 31 out,
1113 1345 61 29 and

22 1399 133 38 excitiug
152 1391 8 23 :
171 1397 81 30 their
282 1395 108 31 clients
407 1397 32 26 to
454 1393 38 30 do
509 1402 41 28 so,
567 1392 32 28 m
609 1399 70 21 case
694 1388 79 30 New
787 1386 137 31 Zealand
961 1385 111 30 should
1107 1393 66 20 imi-

19 1444 65 26 tate
99 1437 174 36 Freetrade,
287 1435 77 32 New
379 1434 98 32 South
499 1432 115 35 Wales,
630 1429 103 32 which
748 1429 120 39 colony,
891 1426 77 30 with
1003 1435 73 20 over
1104 1424 69 41 fifty

21 1481 117 29 million
154 1480 102 37 sheep,
266 1479 133 37 imposes
414 1479 52 25 ten
480 1484 56 28 per
550 1475 71 27 cent
636 1472 77 37 duty
726 1480 40 19 on
795 1469 42 29 all
865 1469 87 28 these
967 1469 122 36 gentry.

402 1576 131 37 DUTY,
546 1574 56 33 OR
611 1573 57 32 NO
679 1572 121 38 DUTY,

385 1644 436 52 BROOKE'S

623 1743 275 56 SHEEP
942 1740 159 53 DlP-

375 1867 204 41 (Registered
600 1863 87 30 trade
715 1860 108 40 mark)

270 1916 109 31 WILL
393 1914 85 31 NOT
493 1913 56 30 BE
560 1910 157 31 RAISED
730 1909 45 29 IN
787 1907 141 34 PRICE,

260 1978 74 31 And
356 1976 117 40 hereby
499 1974 181 39 Challenges
706 1971 42 30 all
777 1969 53 31 the
860 1968 97 31 above

378 2030 54 30 TO
447 2028 28 30 A
497 2025 156 33 PUBLIC
687 2021 139 37 TRIAL,

437 2077 64 29 £10
545 2084 33 20 ov
595 2074 67 30 £20
679 2072 84 36 each,

21 2135 46 29 To
78 2133 38 30 be
126 2131 159 40 deposited
299 2129 47 31 for
361 2138 149 29 expenses
526 2128 32 29 of
573 2136 91 25 same,
694 2124 58 30 and
780 2122 172 32 conducted
988 2120 99 31 under
1124 2119 53 30 the

23 2175 140 38 auspices
179 2173 35 29 of
221 2173 52 29 the
309 2170 211 31 Government
557 2167 96 31 Stock
681 2166 215 38 Department,
908 2163 32 29 m
978 2161 199 40 conjunction

24 2216 77 30 with
116 2213 98 31 either
238 2213 55 29 the
305 2211 203 39 Wellington,
534 2208 205 38 Canterbury,
772 2216 35 19 or
833 2205 102 38 Otago
967 2202 210 40 Agricultural

26 2256 61 30 and
102 2255 139 31 Pastoral
255 2252 201 32 Association.
1056 2258 52 27 vjfc

1077 2289 33 18 m

65 2348 112 31 P.S.—
177 2347 27 29 A
218 2346 113 40 special
345 2345 167 30 invitation
526 2343 27 30 is
577 2339 154 33 extended
748 2344 30 25 to
793 2338 53 30 the
861 2336 259 42 representatives
1144 2336 33 29 of

24 2389 143 40 Cooper's
181 2388 63 30 and
258 2386 120 30 Little's
392 2385 62 39 Dip
468 2385 43 39 by

473 2436 46 43 0.
550 2436 68 43 M.
651 2430 292 55 BEOOKE,

792 2495 258 34 ASHBTJRTON

114 2626 425 89 Infant's
630 2620 453 87 Powders

221 2750 86 33 FOR
328 2747 227 35 CHILDREN
588 2744 202 35 CUTTING
819 2742 154 34 TEETH

65 2798 89 30 Have
169 2796 115 40 proved
300 2804 57 21 one
372 2795 33 29 of
419 2795 53 29 the
487 2794 139 38 greatest
640 2790 98 30 boons
761 2799 72 21 ever
847 2787 185 31 introduced
1060 2789 33 26 to
1121 2784 54 29 the

22 2849 120 41 public.
187 2848 88 40 They
290 2857 53 19 are
359 2844 135 40 charged
509 2844 95 38 solely
625 2841 76 31 with
716 2851 19 19 a
762 2839 117 40 special
913 2837 201 40 preparation
1143 2834 31 30 of

21 2902 82 29 mine
118 2910 68 20 own
208 2898 61 31 and
285 2908 53 20 are
353 2895 190 41 guaranteed
558 2893 152 40 perfectly
734 2890 161 31 harmless.
955 2888 129 31 Fathers
1114 2885 60 33 and

20 2952 140 32 Mothers
175 2951 35 30 of
221 2949 158 31 hundreds
394 2949 30 29 oi
439 2946 134 31 families
587 2942 194 33 recommend
795 2942 86 29 them
905 2940 77 31 with
997 2938 177 32 confidence

20 3016 32 19 as
68 3005 92 38 being
176 3002 100 40 ample
287 3004 33 26 to
335 3010 123 20 remove
469 2997 43 30 all
523 2997 51 29 the
586 2995 146 38 ordinary
744 2994 237 37 derangements
996 2991 71 29 that
1082 2999 92 19 occur

19 3046 113 40 during
146 3044 160 30 dentition.

15 3132 124 39 THEY
156 3130 96 39 COOL
266 3128 90 38 THE
377 3124 128 46 GUIS,

102 3180 195 41 COMFORT
317 3178 90 39 THE
445 3176 140 39 CHILD.
632 3171 145 40 CBECK
801 3165 285 44 OTVTJLSOITS,

344 3236 93 38 AUD
452 3231 185 43 RENDER
659 3225 222 44 TEETHING
894 3223 129 52 QUITE
1038 3221 129 40 EASY.

59 3301 100 29 These
174 3297 143 29 Genuine
333 3295 147 29 Powders
496 3303 52 18 are
564 3293 32 28 m
611 3300 55 19 use
681 3288 100 39 by^all
797 3286 110 30 classes
922 3285 33 29 of
969 3284 125 38 society,
1112 3282 61 29 and

16 3345 32 27 m
65 3341 42 30 all
122 3342 87 37 parts
224 3337 32 29 of
265 3335 74 31 New
357 3333 145 31 Zealand.

320 3385 60 27 Sold
391 3385 28 23 m
430 3384 82 24 Boxes
524 3380 146 31 containing
683 3379 31 24 12
726 3377 121 32 powders.
851 3376 36 32 l/-

99 3465 364 28 GKU^ZE^^TIEIEJID
479 3459 309 26 ZPiEZROTZEaTX/X-
809 3453 291 25 HABMLBSS

15 3506 60 25 Post
87 3505 51 24 free
150 3505 26 23 to
188 3511 49 22 aay
248 3503 56 30 part
316 3499 27 26 of
352 3499 62 24 New
426 3496 110 26 Zealand
542 3503 33 17 on
588 3493 147 25 remittance
743 3490 27 26 of
782 3490 46 32 1/-.
886 3486 124 32 Prepared
1021 3485 47 24 and
1080 3483 53 26 sold
1140 3483 32 31 by

416 3540 115 32 JOHN
555 3538 28 31 S.
610 3535 74 35 000
684 3535 74 35 KB,

368 3590 145 32 Registered
547 3585 212 28 Pharmacentical
777 3583 120 27 Chemist,

711 3624 112 27 Cashel
850 3622 117 31 Street,

843 3655 281 28 OHEISTCHUKCH.
1137 3666 6 3 -

192 3705 614 42 COIsTSTJX,T^ITIONB
845 3700 195 35 IFRiSE

164 3846 121 45 ASK
343 3843 169 45 YOUR
572 3835 276 50 GROCERS
908 3833 121 43 FOR

24 3935 711 99 HYSLOP'S
806 3925 366 92 PTJBE

141 4088 541 101 CEYLON
766 4085 271 89 TEA

21 4240 64 29 Tea
104 4236 33 30 m
157 4234 85 30 Lead
261 4231 151 33 Packets;
438 4226 65 32 will
524 4227 40 28 be
584 4224 98 30 found
703 4234 19 19 a
743 4224 84 28 most
846 4219 148 30 delicious
1016 4215 72 37 Tea,
1116 4214 62 30 and

184 4285 54 30 the
258 4281 76 32 Bist
352 4280 99 30 Value
470 4281 34 25 to
526 4276 38 30 be
584 4273 63 31 had
668 4272 43 42 2/-
731 4272 61 30 and
815 4268 53 41 2/6
891 4277 55 30 per
965 4267 42 29 ft.

49 53 28 25 a>
108 48 23 35 8

51 83 26 30 O
109 85 22 33 B

49 118 28 28 Q
109 119 20 15 »
227 128 27 23 p

51 322 80 64 WS
165 339 24 35 i
227 349 25 21 «

48 368 83 83 £§
227 388 25 51 S

49 426 26 28 ft
106 437 23 26 j3
164 434 24 27 iS
226 425 26 32 S

48 506 27 32 &
106 492 21 58 *>
163 521 23 27 $
225 498 25 41 2

47 544 26 31 &
106 555 20 19 h!
162 551 23 14 <*
224 556 25 20 H

47 647 26 19 H
105 647 20 18 H

47 671 26 29 W
105 666 20 25 a

46 705 26 25 GO
