3470 4570
2348 1766 72 47 The
2444 1766 144 47 Oxford
2612 1766 216 47 Observer.

2397 1891 82 19 PUBLISHED
2479 1891 110 19 WEEKLY.

2357 1986 167 22 SATURDAY
2570 1987 69 21 MAY
2673 1987 74 24 18th,
2769 1987 56 20 1895

2440 2111 281 33 COOLGARDIE.

2356 2220 95 31 What
2465 2232 46 20 we
2526 2220 78 32 have
2624 2221 139 31 hitherto
2778 2223 74 38 pub-

2316 2262 99 31 lished
2430 2263 32 29 m
2474 2263 157 30 reference
2641 2267 33 26 to
2688 2263 54 30 the
2770 2263 82 30 Wes-

2317 2308 67 25 tern
2399 2304 183 29 Australian
2601 2305 173 37 goldiields,
2796 2305 56 29 has

2319 2344 73 29 been
2418 2345 152 38 procured
2603 2345 81 29 from
2727 2345 126 29 reliable

2317 2394 131 27 sources,
2464 2385 76 30 such
2556 2396 32 19 as
2603 2386 43 39 by
2676 2396 177 30 correspon-

2317 2427 95 29 dence
2441 2427 62 29 and
2531 2427 119 40 sundry
2677 2428 176 30 interviews

2319 2467 73 30 with
2421 2468 88 29 those
2538 2468 68 30 who
2636 2470 78 28 have
2741 2468 113 31 visited

2319 2508 84 30 these
2413 2508 104 30 famed
2526 2509 183 39 gold-fields,
2739 2510 61 30 aud
2820 2520 33 20 as

2317 2561 46 19 we
2378 2550 79 30 have
2469 2550 110 30 before'
2589 2551 74 37 said,
2681 2554 33 27 to
2726 2551 87 30 those
2822 2552 32 29 of

2317 2601 59 19 our
2390 2591 124 29 readers
2547 2592 68 29 who
2644 2602 53 19 are
2720 2592 134 30 afflicted

2317 2631 75 31 with
2422 2632 54 29 the
2505 2632 185 31 Grold-fever:
2736 2634 65 39 Try
2836 2644 18 19 a

2318 2683 83 26 cure,
2415 2672 48 31 for
2477 2674 26 29 it
2512 2673 30 29 m
2554 2682 78 32 your
2641 2684 69 20 own
2721 2674 133 40 adopted

2319 2718 132 35 country
2465 2714 107 29 rather
2586 2715 77 29 than
2677 2719 101 35 tempt
2792 2716 62 29 for-

2319 2759 72 26 tune
2406 2755 31 29 m
2454 2755 76 30 such
2559 2766 18 19 a
2604 2756 87 29 fever
2719 2756 135 30 stricken

2318 2795 62 29 and
2393 2795 216 39 inhospitable,
2623 2797 74 28 land
2712 2805 33 21 as
2768 2797 86 29 Cool-

2318 2835 117 38 gardie.

2359 2876 59 29 We
2430 2877 159 29 commend
2599 2888 18 18 a
2629 2877 116 30 careful
2754 2888 101 29 perus-

2319 2916 29 30 al
2362 2916 36 31 of
2406 2917 53 30 the
2483 2916 162 42 following
2672 2918 127 34 written,
2812 2919 43 39 by

2318 2958 54 30 the
2401 2957 119 41 Special
2549 2958 249 42 Correspondent
2826 2961 29 29 of

2318 3000 54 30 the
2386 3000 98 30 Press.

2361 3042 183 40 Ominously
2555 3044 61 30 and
2626 3044 231 40 appropriately

2319 3082 124 42 enough
2459 3108 4 3 .
2478 3084 54 30 the
2566 3085 68 31 first
2669 3085 85 41 sight
2789 3085 68 30 that

2319 3128 97 26 meets
2451 3126 54 29 the
2527 3136 56 28 eye
2613 3127 33 29 of
2666 3128 54 28 the
2741 3127 98 29 travel
2844 3146 13 4 -

2319 3165 120 30 stained
2454 3176 70 20 new
2538 3176 102 20 comer
2654 3170 33 26 to
2712 3166 72 30 Cool
2788 3176 69 30 gar-

2320 3205 49 31 die
2382 3206 28 29 is
2434 3206 54 31 the
2524 3206 155 40 Hospital,
2716 3208 60 29 and
2804 3208 54 29 the

2321 3248 113 28 second
2445 3248 27 29 is
2483 3247 55 30 the
2553 3251 163 37 cemetery.

2360 3287 34 30 It
2407 3288 104 33 would
2525 3293 64 32 not,
2605 3289 17 30 I
2637 3288 101 36 thii_k,
2758 3289 39 31 be
2805 3289 51 30 be-

2320 3329 83 39 yond
2412 3330 53 29 the
2479 3330 89 30 mark
2582 3333 33 27 to
2636 3331 120 30 declare
2770 3331 87 32 there

2320 3370 26 29 is
2362 3371 138 39 scarcely
2515 3381 18 19 a
2546 3371 173 30 household
2735 3372 32 29 m
2782 3371 75 30 New

2321 3410 138 30 Zealand
2481 3422 36 19 or
2537 3411 167 37 Australia,
2727 3413 70 29 that
2831 3413 28 29 is

2321 3454 54 26 not
2390 3451 169 31 interested
2570 3453 33 29 m
2615 3453 52 30 the
2676 3452 182 41 Cooigardie

2319 3492 26 30 is
2361 3493 92 30 taken
2468 3498 33 25 to
2515 3494 39 29 be
2568 3495 55 29 the
2638 3495 119 29 central
2770 3494 89 39 point

2321 3533 32 30 of
2367 3534 53 30 the
2431 3535 172 30 auriferous
2617 3535 132 30 district.
2773 3535 84 29 With

2321 3584 18 19 a
2361 3574 63 31 few
2445 3576 26 28 it
2492 3576 27 29 is
2545 3577 53 29 the
2619 3576 189 30 investment
2829 3575 32 30 of

2321 3625 113 30 money
2448 3617 32 29 m
2495 3627 85 20 some
2594 3626 58 22 one
2674 3628 35 19 or
2723 3618 90 30 other
2827 3617 33 29 of

2320 3657 53 29 the
2413 3658 99 39 bogus
2552 3669 35 19 or
2607 3658 133 40 genuine
2760 3659 99 29 mines

2321 3697 76 29 with
2411 3698 101 30 which
2526 3699 55 29 the
2596 3702 133 35 country
2757 3700 27 29 is
2808 3700 51 28 lit-

2321 3738 97 35 tered,
2434 3738 57 29 but
2506 3738 76 30 with
2593 3738 55 30 the
2672 3738 148 40 majority
2834 3739 26 29 it

2320 3777 27 29 is
2363 3787 39 20 an
2417 3779 110 29 absent
2544 3778 110 39 father,
2672 3779 136 36 brother,
2824 3789 35 21 or

2320 3827 54 20 son
2391 3819 71 29 that
2480 3829 109 22 causes
2612 3820 127 30 anxious
2754 3821 104 36 wives,

2320 3859 137 31 mothers
2481 3861 62 29 and
2575 3861 117 30 friends
2727 3865 32 26 to
2788 3862 71 29 look

2321 3901 125 39 eagerly
2460 3901 49 30 for
2524 3912 84 21 news
2619 3903 83 29 from

2319 3941 166 32 Australia.
2538 3944 88 38 They
2654 3943 65 30 will
2747 3944 111 40 hardly

2319 3982 40 29 be
2373 3984 164 29 reassured
2551 3984 88 29 when
2650 3994 40 19 an
2703 3985 156 40 impartial

2320 4022 215 32 disinterested
2551 4025 62 29 and
2628 4025 116 30 careful
2756 4027 101 30 obser-

2319 4072 55 21 ver
2389 4074 56 19 can
2460 4065 170 38 truthfully
2645 4066 121 31 declare
2787 4067 72 30 that

2323 4103 51 30 the
2382 4104 88 30 fever
2479 4105 149 39 epidemic
2636 4106 57 31 has
2698 4107 77 30 been
2780 4118 78 30 very

2320 4145 170 39 prevalent,
2516 4145 27 30 is
2572 4149 33 27 at
2628 4151 125 34 present
2780 4159 79 30 very

2321 4185 68 35 bad,
2405 4186 62 29 and
2476 4196 33 19 as
2517 4186 49 29 far
2577 4197 34 19 as
2620 4197 58 21 one
2688 4198 56 21 can
2749 4188 108 41 judge,

2320 4225 62 29 will
2403 4226 147 31 continue
2563 4231 34 26 to
2610 4228 40 30 be
2664 4239 44 20 so.
2751 4229 107 33 Whet-

2321 4264 56 30 her
2398 4266 55 31 the
2481 4267 151 40 epidemic
2659 4269 28 30 is
2715 4271 143 40 typhoid,

2321 4305 139 34 colonial,
2475 4318 36 20 or
2525 4308 60 31 low
2595 4309 97 39 fever,
2703 4310 31 38 is,
2742 4312 117 40 disput-

2319 4345 47 30 ed.
2393 4377 8 15 f
2411 4348 67 31 The
2490 4349 99 39 point,
2598 4349 153 38 however,
2760 4353 28 30 is
2802 4354 57 29 im-

2319 4381 150 39 material!
2487 4388 4 8 ;
2511 4389 32 30 It
2561 4386 43 34 is'
2630 4388 154 36 sufficient
2809 4394 51 31 for

2318 4427 55 30 the
2401 4429 106 40 public
2527 4432 33 27 to
2580 4430 96 31 kno'w
2674 4436 10 7 v
2700 4432 71 32 that
2784 4446 6 3 -
2805 4435 54 31 the

2318 4467 114 44 plague
2446 4471 68 40 lays
2528 4470 61 30 low
2613 4481 19 19 a
2646 4473 214 34 considerable

2891 182 181 39 proportion
3089 181 35 29 of
3144 181 87 29 those
3260 180 124 39 coming
3397 183 32 26 to

2891 223 54 30 the
2962 223 96 34 fields,
3076 222 58 28 and
3149 222 112 29 carries
3277 222 44 29 off
3345 231 83 20 some

2892 266 33 28 of
2940 265 52 29 the
3008 264 125 30 bravest
3150 263 61 29 and
3226 266 155 36 strongest
3396 263 32 29 of

2893 305 52 30 the
2962 314 140 29 younger
3116 313 78 23 men.
3252 302 64 31 The
3344 307 85 27 town

2893 347 33 29 of
2942 345 182 39 Coolgardie
3141 345 25 28 is
3178 344 92 39 badly
3283 344 144 35 situated,

2892 387 88 39 lying
2994 397 34 19 as
3043 386 26 29 it
3083 386 72 29 does
3171 384 31 29 m
3228 395 17 19 a
3275 384 85 30 basin
3375 386 51 29 be-

2891 430 98 27 tween
3011 430 62 26 two
3105 426 80 30 hills.
3250 425 40 30 Of
3317 436 108 20 course

2892 468 85 30 there
2999 468 28 29 is
3055 477 40 20 no
3124 466 147 39 drainage
3300 471 124 34 system,

2891 510 61 28 and
2978 508 152 40 probably
3150 518 94 20 never
3279 508 63 29 will
3378 508 46 30 he.

2890 548 64 31 The
2969 552 62 27 two
3046 549 145 39 breeding
3209 549 98 39 places
3315 548 46 31 for
3370 550 54 29 the

2889 590 113 40 plague
3017 600 62 26 are,
3094 591 100 39 firstly
3219 590 53 29 the
3290 598 80 22 town
3385 591 39 28 it-

2889 631 64 35 self,
2976 631 103 30 whose
3116 631 172 38 insanitary
3320 631 104 30 condi-

2888 671 207 39 tion-despite
3111 671 52 30 the
3178 671 108 30 efforts
3311 672 34 29 of
3371 671 55 29 the

2888 711 171 40 Municipal
3082 710 238 31 Council-could
3350 711 74 38 only

2888 753 38 30 be
2940 752 162 31 described
3116 752 99 29 under
3237 751 53 30 the
3318 752 90 29 decor
3413 757 14 22 t

2887 794 60 29 veil
2963 795 34 28 of
3011 804 18 19 a
3044 793 80 30 dead
3140 793 156 38 language
3311 803 35 18 or
3361 793 30 28 m
3409 802 18 19 a.

2888 835 192 38 publication
3094 833 131 31 devoted
3241 837 31 26 to
3285 834 162 38 sanitary^

2888 875 213 40 engineering;
3125 875 61 29 and
3205 874 156 39 secondly,
3374 874 63 39 tL^

2889 916 143 40 outlying
3053 915 136 31 districts
3213 915 101 30 where
3339 925 85 30 pros-

2888 960 120 35 pectors
3025 957 59 29 and
3101 957 124 39 diggers
3248 957 80 29 have
3356 967 68 29 per-

2888 997 82 31 force
3007 1002 31 25 to
3082 997 45 34 be.
3149 998 164 30 contented
3348 998 74 30 with

2890 1042 109 35 scanty
3015 1038 61 28 and
3104 1038 178 28 indifferent
3306 1040 115 37 provis-

2888 1079 76 37 ions,
2980 1079 82 27 little
3076 1082 97 24 water
3197 1078 60 28 and
3272 1088 41 18 no
3335 1088 75 29 vege

2889 1119 108 30 tables.
3041 1118 180 39 Returning
3236 1123 31 25 to
3279 1119 143 40 Coolgai.-

2889 1160 48 30 die
2959 1160 75 30 with
3058 1160 55 30 the
3128 1163 116 37 system
3258 1170 57 20 run
3332 1161 90 30 down

2882 1228 2 3 .
2889 1201 85 31 these
3002 1209 70 22 men
3112 1200 73 31 seek
3213 1201 54 29 the
3303 1206 121 25 nearest

2891 1243 96 39 'pub,'
3003 1242 100 34 which
3116 1242 62 31 will
3192 1242 38 30 be
3255 1241 79 31 little
3357 1244 65 28 bet-

2887 1287 48 27 ter
2950 1285 75 30 than
3037 1294 18 20 a
3069 1284 88 31 fever
3172 1284 68 36 den,
3257 1285 60 28 and
3335 1294 17 19 a
3364 1285 60 29 few

2887 1326 77 39 days
2978 1326 61 28 will
3054 1336 49 19 see
3117 1326 86 29 them
3218 1326 31 28 m
3261 1326 53 29 the
3323 1326 101 38 hospi-

2886 1366 53 34 tal,
2969 1366 26 29 if
3015 1368 55 27 not
3102 1366 34 29 m
3171 1366 54 29 the
3262 1372 160 33 cemetery.

2888 1406 102 31 There
3018 1416 52 21 are
3104 1407 88 29 three
3215 1406 148 38 hospitals
3392 1412 33 25 at

2889 1446 258 41 Coolgardie-one
3163 1447 122 30 erected
3300 1448 42 39 by
3370 1448 51 30 the

2888 1487 210 32 Government
3108 1488 60 30 and
3178 1492 60 27 two
3256 1491 39 36 by
3304 1489 118 38 private

2887 1529 178 40 enterprise.
3121 1528 85 40 They
3226 1539 52 20 are
3307 1530 116 39 merely

2887 1580 113 20 canvas
3026 1569 147 35 shanties,
3189 1569 115 40 though
3321 1581 16 19 a
3354 1571 70 29 sub-

2888 1611 127 28 stantial
3050 1614 24 25 si
3081 1620 57 19 one
3166 1611 143 39 building
3336 1611 26 29 is
3390 1612 32 28 m

2887 1661 109 19 course
3004 1651 33 29 of
3046 1651 143 29 erection.
3232 1651 99 30 These
3337 1652 84 29 throe

2887 1701 58 21 can
2973 1692 229 30 accommodate
3238 1692 93 31 about
3361 1694 59 29 100

2887 1734 134 37 patients
3037 1733 61 29 and
3112 1733 51 29 for
3177 1733 53 29 the
3250 1733 60 30 last
3333 1734 89 30 three

2886 1774 123 29 months
3027 1774 78 30 have
3130 1774 76 30 been
3235 1774 66 39 full,
3331 1785 91 29 many

2886 1825 83 20 cases
2985 1814 117 40 having
3130 1815 75 30 been
3234 1815 120 31 refused
3370 1816 48 30 for

2886 1856 70 30 lack
2980 1856 33 30 of
3042 1866 96 22 room.
3203 1857 83 29 Here
3322 1867 51 20 are
3402 1868 18 19 a

2885 1898 107 38 couple
3008 1898 33 28 of
3051 1898 152 39 clippings
3216 1898 81 29 from
3309 1908 17 19 a
3340 1899 80 28 local

2884 1938 92 29 Press
2994 1938 101 29 which
3123 1938 122 38 require
3274 1948 40 19 no
3339 1948 79 20 com-

3065 1988 71 20 man
3162 1978 111 30 named
3300 1979 119 30 Brook-

2884 2019 94 31 house
2998 2023 62 26 met
3088 2019 48 30 his
3159 2020 94 29 death
3274 2019 31 30 m
3331 2019 87 30 Cool-
3442 2049 5 2 .

2884 2061 105 40 gardie
3003 2061 33 30 m
3052 2070 18 20 a.
3086 2070 124 20 manner
3220 2060 68 30 that
3299 2061 116 30 reflects

2883 2102 80 33 little
2989 2101 95 34 sredit
3112 2114 40 21 on
3180 2113 45 21 us.
3276 2103 51 30 He
3355 2113 63 20 was

2883 2146 95 29 taken
2992 2146 35 28 ill
3035 2145 75 30 with
3123 2144 130 40 typhoid
3265 2145 60 28 aud
3337 2154 81 19 some

2884 2186 238 39 acquaintances
3145 2184 124 40 applied
3293 2185 50 28 for
3371 2185 47 28 his

2884 2226 165 30 admission
3066 2230 31 26 to
3197 2225 143 40 hospital,
3363 2225 57 30 hut

2883 2268 63 30 this
2962 2278 62 20 was
3039 2267 133 34 refused,
3189 2277 33 19 as
3233 2267 53 29 the
3295 2267 122 29 institu-

2884 2308 65 30 tion
2965 2319 62 19 was
3042 2308 65 30 full.
3154 2308 71 29 The-
3232 2308 98 38 police
3340 2319 78 18 were

2885 2352 76 27 next
2976 2349 88 35 tried,
3080 2348 55 30 but
3158 2348 132 30 without
3319 2348 101 34 effect,

2884 2391 61 29 and
2959 2390 108 40 finally
3081 2390 54 30 the
3145 2399 77 31 poor
3231 2388 103 31 fellow
3350 2389 67 29 died

2884 2431 190 31 unattended
3089 2432 42 39 by
3147 2432 103 39 priest,
3265 2430 107 31 doctor
3387 2441 34 19 or

3084 2500 3 2 .

2927 2515 84 30 Both
3025 2524 108 20 nurses
3153 2514 61 30 and
3236 2514 121 30 doctors
3372 2524 51 19 are

2886 2556 94 39 doing
3008 2555 105 31 heroic
3136 2555 97 36 work,
3256 2556 57 29 but
3340 2555 82 30 their

2887 2597 137 38 energies
3040 2607 52 19 are
3115 2596 116 40 clearly
3246 2598 165 29 overtaxed
3420 2601 5 24 :

2886 2637 98 31 Three
2999 2638 33 30 of
3043 2638 52 29 the
3110 2638 175 30 half-dozen
3301 2638 122 30 doctors

2886 2679 33 29 m
2933 2679 54 30 the
3003 2679 96 39 place,
3115 2689 34 20 as
3164 2679 69 31 well
3242 2689 33 20 as
3285 2679 52 31 the
3351 2686 72 22 mat-

2887 2730 55 19 ron
2958 2721 62 29 and
3031 2731 59 19 one
3101 2721 34 29 of
3144 2721 56 29 her
3209 2721 168 35 assistants,
3391 2726 31 23 at

2885 2761 55 31 the
2956 2761 211 31 Government
3184 2761 147 38 Hospital
3346 2761 76 28 have

2886 2801 79 31 been
2984 2802 63 28 laid
3068 2811 43 30 up
3140 2801 75 30 with
3243 2801 52 29 the
3322 2801 99 37 fever.

2888 2842 66 30 The
2968 2844 70 29 best
3052 2842 69 30 that
3130 2851 56 21 can
3200 2842 38 29 be
3267 2842 79 28 done
3369 2851 53 18 un-

2889 2882 53 31 der
2953 2884 54 29 the
3032 2886 236 27 circumstances
3292 2882 50 28 for
3370 2882 54 28 the

2887 2925 134 39 patients
3036 2924 26 30 is
3076 2922 172 40 cheerfully
3276 2922 147 40 perform-

2889 2966 46 36 ed,
2951 2966 58 29 but
3023 2965 86 30 there
3119 2966 27 29 is
3158 2975 19 20 a
3190 2965 100 38 laxity
3304 2965 33 29 of
3351 2975 71 27 sup-

2888 3008 134 30 ervision
3053 3007 71 30 that
3153 3006 102 30 would
3272 3034 3 3 .
3290 3015 88 21 cause
3407 3016 17 17 ;i

2888 3048 82 30 howl
2982 3048 33 30 of
3024 3048 193 40 indignation
3227 3047 25 33 if
3260 3047 162 34 occurring

2889 3093 33 26 at
2937 3086 221 34 Ciiristchiii'ch
3174 3099 35 20 or
3222 3086 199 39 Wellington.

2889 3130 17 29 I
2920 3132 71 38 give
3006 3134 61 25 two
3085 3131 165 33 instances;
3265 3128 56 29 6i>e
3351 3129 71 28 luir-

2889 3171 87 35 rihle,
2991 3171 56 29 the
3061 3171 87 29 other
3173 3175 171 34 grotesque-
3396 3171 28 26 iV

2889 3211 88 32 fever
2992 3212 116 40 patient
3127 3211 129 39 escaped
3271 3210 80 30 from
3367 3220 57 19 one

2890 3254 31 27 of
2935 3254 53 29 the
3010 3254 120 37 private
3158 3252 157 38 hospitals.
3373 3251 51 32 H.>

2891 3304 62 20 was
2968 3293 155 40 deranged
3138 3296 36 27 at
3186 3293 52 30 the
3254 3294 87 34 time,
3365 3303 60 18 ex-

2890 3335 101 39 plains
2998 3335 61 29 *the
3081 3335 80 29 local
3189 3344 105 31 paper,
3316 3334 108 30 nvhu*h

2891 3376 86 35 adds,
2992 3376 129 29 without
3144 3387 17 18 a
3175 3376 82 29 word
3284 3377 33 28 of
3345 3382 100 26 comg

2890 3421 95 31 ment,
3065 3417 26 29 is
3107 3416 165 40 supposed;
3287 3416 80 30 that,
3384 3416 39 28 ho

2892 3458 17 29 h
2913 3468 42 20 as:
2961 3458 162 31 wandered
3137 3459 65 29 into
3212 3458 52 28 tho
3276 3457 75 29 bush
3363 3467 14 18 n
3382 3457 42 28 nil

3105 3500 74 28 This
3184 3500 36 29 is
3250 3498 52 33 the,
3317 3523 3 6 ,
3326 3499 97 29 other.

2892 3538 64 31 'Ihe
2989 3543 82 26 mate
3099 3540 38 29 of-
3153 3550 26 21 a.
3192 3540 88 29 fever
3308 3540 117 38 patient

2886 3578 19 41 ,(
2915 3580 108 39 slowly
3032 3580 211 38 -recovering,!
3243 3590 65 19 rom
3325 3590 14 18 a
3351 3590 74 23 very

2888 3622 72 34 bad,
2966 3620 105 41 attaqk
3074 3619 28 41 '),
3111 3621 131 41 brought
3254 3630 42 30 uj}
3307 3631 17 19 a
3334 3627 91 33 quart

2892 3663 95 29 bottle
3064 3662 132 40 English
3224 3662 74 29 beer
3311 3688 9 10 r
3376 3662 48 29 his

2884 3703 21 38 J
2907 3704 103 40 riend,,_
3018 3703 61 29 and
3101 3704 41 28 in*
3163 3701 52 31 the
3394 3703 33 30 of

2893 3752 90 21 nurse
2988 3743 86 37 _and
3108 3764 4 15 ;
3109 3744 318 35 wardsman_.it_was

2892 3784 135 29 secreted
3044 3783 99 31 under
3156 3784 54 30 the
3224 3783 104 41 pillow
3343 3789 32 24 to
3389 3784 37 29 be
3440 3796 7 7 *

2890 3825 76 30 used
2980 3835 41 20 no
3039 3824 96 34 doubt
3162 3829 33 26 to
3225 3825 120 40 quench
3374 3825 52 29 the

2890 3867 114 39 raging
3022 3866 94 31 thirst
3143 3867 81 30 from
3250 3866 99 31 which
3373 3865 52 30 the

2890 3917 77 30 poor
2989 3907 102 31 fellow
3120 3909 140 29 suffered.
3316 3909 110 29 Fortu-

2890 3949 106 39 nately
3012 3949 53 29 the
3078 3949 139 31 incident
3231 3960 63 20 was
3308 3953 118 36 report-

2891 3989 37 29 ed
2944 3991 40 38 by
3000 3999 18 20 a
3032 3989 237 42 fellow-patient
3299 3991 60 30 and
3375 3991 52 28 the

2889 4030 104 39 liquor
3020 4032 147 31 removed
3186 4031 107 31 before
3320 4032 25 29 it
3365 4031 62 31 had

2888 4070 97 31 killed
3002 4072 74 29 him.

2932 4112 65 30 The
3012 4113 202 31 carelessness
3228 4114 33 30 of
3277 4114 50 30 the
3338 4123 89 20 aver-

2891 4162 57 30 age
2971 4163 73 21 man
3058 4164 40 20 on
3122 4154 56 31 the
3191 4154 89 32 fields
3313 4155 28 31 is
3366 4164 62 21 sur-

2889 4193 153 42 prisingly
3051 4195 62 30 and
3122 4196 174 42 criminally
3304 4195 120 31 foolish.

2893 4234 63 32 The
2993 4235 87 31 older
3108 4247 73 19 men
3243 4238 185 40 apparently

2891 4286 58 20 can
2964 4275 93 32 stand
3082 4278 163 41 anything,
3264 4278 165 42 especially

2890 4316 29 30 if
2927 4317 78 44 they
3011 4319 40 29 t>e
3056 4317 245 41 Queenslanders
3312 4320 33 30 of
3353 4320 76 30 New-

2892 4357 99 31 South
3002 4359 190 39 Welshmen,
3202 4362 71 30 who
3285 4372 57 19 can
3353 4371 75 20 even

2889 4397 95 33 dritik
3021 4399 133 33 without
3187 4397 38 35 ill
3258 4402 91 31 effect
3376 4402 53 30 the

3016 4442 142 40 supplied
3176 4444 45 41 by
3249 4443 54 32 the
3331 4443 98 42 publi-

2893 4491 83 22 cans.
3013 4482 100 33 These
3127 4484 160 32 hardened
3301 4486 51 30 old
3362 4488 67 36 top-

1151 43 169 31 OXFORD
1357 42 230 32 OBSERVER
1631 38 241 36 SATURDAY,
1935 37 92 31 MAY
2092 37 50 35 18,
2208 37 88 29 1895.

2318 182 246 48 KAOuPSI
2606 179 253 49 TWEEBS.

2320 268 121 78 FULL
2457 267 144 30 RANGE
2613 267 35 29 of
2656 266 63 29 this
2733 264 125 32 Season'

2399 307 144 30 Patterns
2563 311 34 26 to
2627 306 94 30 hand.

2531 379 2 3 .
2575 359 27 23 at

2422 401 28 30 R
2451 423 9 10 %
2485 400 42 30 .H
2548 400 199 31 PARISH'S

2463 461 91 26 EAST
2573 461 147 26 OXFORD.

2453 607 268 45 NOTICE.

2318 721 81 24 riIHE
2412 721 94 25 VIEW
2525 722 87 23 HILL
2623 721 59 24 DIP
2692 720 49 25 will
2752 720 31 25 be
2792 729 63 22 open

2322 755 23 23 X
2366 754 38 24 for
2416 754 110 30 Dipping
2538 754 82 30 Sheep
2628 753 64 25 until
2700 753 72 25 MAY
2783 753 70 25 30th.

2319 788 26 23 at
2357 795 47 16 one
2413 795 83 23 penny
2516 794 44 23 per
2569 786 70 24 huacl.

2517 826 40 24 W.
2571 826 150 24 DOGDEE.

2669 866 120 31 Manager

2456 1058 118 31 Copies
2595 1067 40 22 of
2656 1067 61 22 the

2371 1109 173 31 OXFORD
2578 1109 223 32 OBSERVEE

2446 1173 31 17 an
2501 1165 31 25 be
2555 1165 119 25 obtained
2696 1167 26 23 at

2336 1203 157 25 ARGILL'S
2505 1212 87 16 comer
2615 1204 27 24 of
2656 1204 138 25 CASHEL
2807 1204 49 24 and

2419 1243 162 26 COLOMISO
2601 1244 155 26 STREETS
2814 1264 4 2 -

2493 1284 186 26 Chrislchurch.

2418 1440 134 25 DEVINE
2573 1440 147 26 SERVICE
2774 1461 4 4 .

2384 1491 32 24 U.
2438 1491 35 24 M.
2496 1491 42 23 F..
2552 1491 99 24 Church
2675 1491 103 24 Oxford.

2402 1572 96 25 Oxford
2509 1573 31 23 11
2552 1573 158 24 a.m.Rev.F.
2724 1572 35 28 H,
2771 1572 81 31 Lyon.

2319 1614 69 25 West
2397 1614 94 25 Oxford
2500 1616 12 22 6
2523 1616 39 23 30.
2572 1622 53 24 p.m
2649 1614 41 24 Mr
2712 1614 30 25 A.
2755 1614 100 32 Wright

1866 181 319 31 PARISH'S

1789 254 123 117 JL
2044 292 159 45 boys
2204 294 13 18 *

1902 544 28 65 I
2029 569 63 33 All
2125 568 102 35 Wool

1902 641 26 32 f
1960 651 177 25 COLONIAL
2162 651 128 25 TWEED

2005 724 217 33 SUIT

1793 810 127 32 From
1945 809 89 40 12/6
2057 816 71 32 per
2152 809 93 37 suit.

1880 868 80 33 (three
1977 867 146 32 garments.)

1756 913 92 25 Cannot
1860 914 25 23 be
1893 913 136 31 purchased
2035 917 30 19 -at
2083 912 169 24 Ghristcliurch
2264 920 28 15 or

1869 955 122 25 elsewhere
2003 959 25 20 at
2036 955 35 23 the
2082 956 74 29 price.

1782 1070 143 47 hkm
1975 1069 290 48 mwskim

1754 1217 92 48 lUU
1956 1225 109 31 Lateafe
2090 1225 135 40 Designs

1846 1273 82 30 from
1954 1271 53 41 2/6
2034 1283 56 29 per
2104 1273 77 39 pair.

1848 1430 372 44 ]vniUNBY/

1751 1517 120 31 Ladies'
1895 1517 87 31 Rock
1998 1517 102 31 Straw
2115 1518 132 30 Boaters
2276 1530 3 19 ;

1895 1569 107 40 Fancy
2025 1569 95 30 Sailoi

1750 1620 93 40 Boys'
1859 1620 62 30 and
1935 1619 101 32 Maids
2053 1620 143 32 Gakteas

1749 1714 100 29 Black
1864 1714 122 29 French
2003 1714 182 31 Cashmeres

1748 1765 100 30 Black
1864 1766 27 28 &
1905 1764 64 30 Col.
1989 1765 122 31 French
2132 1765 155 30 Meriuoes

1764 1901 239 25 MANCHESTER
2020 1901 249 24 DEPARTMENT.

1749 1948 114 37 Prints,
1886 1948 113 30 checks
2015 1949 61 29 and
2098 1948 115 39 stripes

1749 1997 95 30 Table
1869 1996 158 36 Damasks,
2053 1996 191 30 unbleached
2281 2012 2 5 -

1830 2048 114 42 special
1965 2048 93 31 value
2075 2047 81 32 from
2175 2047 43 41 1/-

1748 2107 116 31 Brown
1886 2106 137 31 Holland
2039 2117 77 30 very
2133 2106 97 39 cheap
2246 2104 40 42 4|

1749 2158 191 30 Flannelette
1957 2158 59 29 and
2034 2157 150 39 Shirting,
2206 2158 81 39 good

1831 2210 90 30 value
1942 2209 78 30 from
2044 2210 49 30 4d.

1749 2260 94 31 Floor
1865 2260 91 31 Cloth
1977 2262 82 39 good
2081 2264 32 27 at
2137 2261 48 31 9d.

1749 2312 89 30 Wide
1860 2313 112 29 Forfar
1994 2316 32 26 at
2049 2314 49 28 6d.

1781 2438 253 26 PLANNELETTS
2048 2437 19 27 &
2081 2438 189 30 GALATEAS,

1750 2498 30 24 In
1803 2499 124 30 quantity
1951 2499 50 24 and
2021 2499 116 31 qualities
2156 2507 73 17 never
2247 2500 42 31 yet

1750 2536 87 32 placed
1848 2537 82 25 before
1943 2537 90 25 Oxford
2046 2537 97 32 buyers.
2155 2538 69 25 Such
2234 2539 54 31 pat-

1751 2577 76 27 terns,
1841 2575 60 24 such
1913 2576 105 28 colours,
2032 2576 62 24 such
2106 2578 118 26 textures,
2234 2577 55 24 tliat

1751 2620 48 17 one
1810 2613 126 30 naturally
1947 2613 58 25 asks
2017 2614 55 24 how
2085 2613 59 32 they
2155 2621 43 17 are
2217 2614 72 24 made

1751 2652 38 25 for
1811 2652 44 25 the
1876 2653 75 32 price.
1994 2653 45 32 My
2062 2653 115 32 Glasgow
2200 2653 90 33 buyers

1751 2691 114 31 pounced
1881 2698 71 25 upon,
1969 2700 15 16 a
2006 2692 52 24 line
2079 2691 68 25 fresh
2166 2691 64 26 from
2246 2693 44 24 the

1751 2729 87 30 looms,
1850 2730 73 23 made
1935 2729 121 25 excellent
2067 2731 76 22 terms
2163 2730 61 24 with
2245 2730 43 24 the

1751 2766 94 29 maker,
1855 2766 103 31 shipped
1969 2768 25 23 at
2006 2775 61 17 once
2079 2769 26 23 to
2114 2775 49 21 me,
2174 2768 50 24 and
2230 2768 59 24 here

1752 2804 58 32 they
1822 2812 49 23 are,
1884 2813 67 16 some
1964 2806 49 23 100
2024 2806 88 31 pieces,
2121 2805 49 24 and
2177 2805 14 25 I
2201 2806 87 25 intend

1752 2845 26 24 to
1789 2844 73 25 make
1874 2852 14 17 a
1900 2845 70 24 noise
1991 2844 76 26 about
2090 2845 69 25 them
2170 2853 5 21 ;
2189 2854 32 17 no
2241 2853 48 18 one

1752 2882 49 25 else
1813 2882 47 26 has
1871 2883 41 24 the
1923 2885 126 29 patterns;
2062 2892 33 17 no
2118 2892 47 17 one
2188 2885 52 24 else
2262 2885 28 24 m

1751 2921 45 24 the
1807 2921 71 25 trade
1887 2929 46 17 can
1947 2921 59 25 offer
2025 2922 62 25 such
2098 2924 80 23 value.

1779 2961 257 25 FLANNELETTE
2053 2963 28 24 2s
2100 2964 48 23 lid
2157 2963 77 25 dozen
2243 2964 47 32 yds

1752 3008 28 18 or
1791 3008 47 25 any
1849 3001 88 32 length
1948 3003 43 23 cut
2003 3004 26 23 at
2049 3003 33 24 3d
2100 3011 44 24 per
2164 3005 68 30 yard.
2267 3005 22 24 A

1752 3038 112 33 splendid
1880 3047 77 24 range
1974 3040 27 24 of
2015 3043 120 29 patterns.

1975 3180 70 23 NEW

1753 3227 250 46 WINTER

1994 3306 298 48 DRAPEEY

1822 3384 56 47 R.
1918 3385 59 47 1.
2007 3386 218 48 PARISH

1883 3461 100 51 East
2013 3462 167 51 Oxford

1883 3538 134 23 INTENDS
2032 3540 37 20 TO
2085 3540 74 21 SELL

1753 3577 177 30 seasonable
1939 3579 97 38 goods
2046 3582 32 26 at
2083 3579 101 40 prices
2192 3580 100 30 below

1753 3622 69 29 that
1841 3622 33 31 of
1888 3633 61 29 any
1973 3623 223 32 Christchurch
2220 3627 68 30 firm

2274 3669 2 16 i

1798 3772 168 35 ALL
2003 3775 247 35 WOOL
2274 3799 4 19 ,

1753 3826 197 49 Colonial
1991 3829 176 47 flannel
2217 3831 73 48 M.

1754 3905 131 41 cheaper
1898 3908 78 29 than
1991 3918 57 19 can
2069 3909 38 30 be
2118 3909 174 39 purchased

1754 3960 33 26 at
1815 3958 125 30 auction
1968 3968 35 19 or
2021 3959 84 30 from
2141 3960 151 30 itinerant

1937 4005 137 40 drapers:
2273 4019 3 14 ;

1891 4098 127 22 DOUBLE
2039 4099 113 24 WIDTH

1767 4171 196 44 DRESS
2018 4172 257 46 TWEEDS

1742 4251 2 36 I
1931 4251 80 39 (half
2025 4252 96 40 price)

1742 4299 2 42 j
1751 4297 133 31 reduced
1897 4298 80 31 from
1992 4297 47 42 2/-
2049 4304 33 32 to.
2096 4298 47 41 1/-
2154 4310 48 31 pr.
2211 4300 80 41 yard

1770 4396 10 4 _
1806 4365 186 39 Homespun
2006 4367 36 29 6i
2058 4367 103 31 worth
2177 4369 38 29 10
2217 4369 19 40 \
2271 4383 3 14 :

1751 4417 116 30 fetter
1890 4415 90 32 value
2006 4416 76 31 than
2107 4419 171 39 travelling

1828 4471 126 40 drapers
1968 4469 67 32 will
2050 4471 70 39 give
2134 4483 71 29 you.

1185 188 314 82 BURRELL
1528 187 192 97 BROS.,

1302 290 161 42 Photogi
1474 288 143 43 aphevs

1187 343 187 38 VICTORIA
1400 339 149 47 STUDIO,
1573 339 59 37 CH.
1660 339 59 39 CH.

1269 393 69 24 Take
1356 393 41 23 the
1415 391 55 24 lead
1488 397 60 17 once
1566 397 68 16 more

1188 437 66 38 Our
1263 434 248 51 Photographs
1519 433 205 50 alltherage

1188 501 16 26 4
1215 501 31 26 A
1272 499 22 19 of
1302 505 40 13 our
1351 497 52 20 we^
1410 497 14 19 fc
1425 503 63 13 nown
1500 495 81 26 highly
1596 496 17 26 4
1623 497 30 25 A
1672 495 12 32 /
1690 496 31 26 A

1192 520 13 25 I
1215 517 31 32 if
1255 524 99 21 finished
1372 522 222 21 namelledCa-binuts
1601 517 77 32 111/
1690 517 32 28 1%

1189 539 57 39 10
1474 550 57 23 <^

1188 617 16 37 1
1216 616 105 38 dozen
1341 612 205 40 Enamelled
1562 612 162 39 Cabinets

1186 666 98 39 with
1296 664 282 41 one!6xl2Matt
1589 664 135 38 surface

1188 716 298 51 Enlargement
1502 715 223 48 Beautifully

1294 762 148 39 Framed
1464 762 52 38 for
1538 761 61 38 1.

1187 811 61 24 This
1262 811 19 23 is
1293 819 33 16 no
1336 811 82 24 sham,
1432 809 44 24 but
1488 818 14 15 a
1516 809 50 24 real
1578 808 46 31 gift
1636 807 36 25 for
1682 808 42 24 the

1186 849 98 30 coining
1304 848 123 31 holidays.
1469 847 45 24 All
1535 846 66 33 \york
1618 846 63 25 done
1693 846 31 31 by

1187 886 158 31 experienced
1368 886 88 24 hands.
1510 886 148 23 Remember
1679 893 45 15 our

1202 924 156 28 Concession,
1370 925 29 22 18
1413 925 25 22 to
1451 924 40 23 the
1501 923 78 25 dozen
1590 922 39 24 for
1638 922 40 31 10/
1678 922 28 31 G.

1186 966 59 24 This
1265 966 42 24 the
1326 967 58 30 only
1400 966 60 24 time
1476 966 26 24 m
1521 966 43 24 the
1585 966 103 31 History
1700 964 27 25 of

1186 1006 177 31 Photography
1376 1006 56 24 that
1450 1006 62 25 such
1530 1014 14 16 a
1568 1006 90 24 chance
1677 1005 47 24 has

1185 1051 57 15 ever
1263 1044 58 22 bsen
1342 1044 105 31 brought
1468 1044 81 23 before
1569 1044 43 22 the
1632 1044 91 29 public,

1185 1082 49 23 and
1244 1091 60 23 may
1315 1091 75 16 never
1406 1090 74 16 occur
1503 1082 81 31 again.
1605 1081 39 24 Sit
1656 1081 68 31 early

1184 1122 185 31 appointments
1382 1121 90 24 should
1484 1121 30 24 be
1526 1120 72 25 made
1617 1120 21 24 if
1655 1129 69 23 poss-

1183 1159 57 25 ible.
1265 1159 199 25 REMEMBER
1485 1159 70 24 OUR
1570 1159 62 24 BIG
1646 1159 76 24 CON-

1185 1200 147 25 CESSION
1346 1200 67 24 FOR
1430 1200 13 22 2
1456 1199 145 24 MONTHS
1622 1198 100 25 ONLY.

1183 1273 100 24 Letters
1295 1273 31 31 by
1337 1274 57 30 post
1406 1272 148 32 punctually
1566 1272 118 24 attended
1697 1274 26 22 io

1198 1333 83 25 PIC
1287 1333 29 24 T
1325 1333 60 25 UR
1393 1333 30 24 E
1473 1333 236 25 FRAMING

1334 1366 25 19 m
1368 1366 32 19 all
1410 1366 31 19 its
1451 1365 120 21 branches.

1185 1396 164 25 BURRELL
1366 1397 106 28 BROS.,
1495 1396 209 32 Photographers,

1312 1437 110 24 Victoria
1434 1439 83 25 street,
1532 1437 189 24 Christchurch.

1184 1481 110 30 opposite
1318 1477 31 27 le
1361 1480 129 25 Salvation
1502 1481 76 30 Army
1590 1479 131 25 Barracks,
1728 1481 2 35 j

1209 2130 186 84 IS.
1479 2128 226 81 WOLFE'S

1187 2227 132 18 IMPOSED
1349 2223 76 21 UPON

1191 2288 229 18 UNSCRUPULOUS
1464 2261 251 56 SRHNufPS

1197 2317 169 18 IMITATIONS
1381 2316 37 19 OF
1463 2307 58 28 01?
1528 2307 28 26 II
1562 2307 81 25 Hill
1658 2307 17 24 1
1690 2314 25 18 V

1214 2474 260 56 Boarding
1514 2474 178 44 House

1424 2548 50 16 AND

1184 2589 321 34 REFRESHMENT
1568 2588 152 31 EOOMS.

1184 2651 67 58 MR
1279 2650 138 26 ESKETT
1441 2650 60 33 begs
1521 2652 27 24 to
1570 2650 92 26 inform
1684 2651 39 25 his

1253 2683 93 26 friends
1358 2684 57 25 that
1432 2684 33 25 he
1488 2685 45 24 has
1561 2684 97 31 opened
1679 2684 44 25 the

1183 2724 118 32 premises
1312 2724 117 31 formerly
1437 2724 91 24 known
1538 2731 28 17 as
1575 2724 44 24 the
1631 2723 93 25 Oxford

1185 2762 77 25 Hotel
1273 2769 28 18 as
1310 2770 15 16 a
1336 2761 129 31 Boarding
1476 2761 87 25 House
1575 2761 50 24 and
1636 2761 47 24 will
1694 2761 30 24 be

1184 2798 55 25 able
1250 2799 27 23 to
1288 2798 90 31 supply
1389 2798 128 24 travellers
1538 2798 50 24 and
1599 2798 124 29 pleasure-

1185 2838 97 24 saekers
1295 2838 61 24 with
1369 2837 179 25 refreshments
1561 2838 26 23 at
1600 2837 34 25 all
1646 2837 77 24 hours

1245 2985 251 38 HEALTH
1524 2985 143 37 'TEA.

1215 3087 53 26 The
1279 3088 223 25 undermentioned
1513 3088 66 25 firms
1586 3088 64 25 have
1662 3088 61 25 been

1186 3121 132 31 appointed
1342 3123 88 29 agents
1453 3121 38 24 for
1508 3121 51 24 this
1583 3121 141 24 celebrated

1189 3155 77 22 brand
1275 3154 25 24 of
1312 3154 51 23 Tea
1375 3153 81 24 which
1469 3154 46 23 has
1526 3154 52 23 met
1589 3153 59 24 with
1661 3153 63 25 such

1187 3194 15 16 a
1213 3185 169 31 phenomenal
1394 3185 51 25 sale
1464 3186 27 24 m
1513 3186 41 24 the
1578 3185 145 25 Australian

1188 3218 115 25 Colonies
1316 3219 49 24 and
1377 3218 124 25 wherever
1509 3218 19 25 it
1541 3218 46 25 has
1599 3217 64 26 been
1684 3219 39 24 in-

1187 3252 115 23 troduced
1319 3252 28 23 m
1364 3252 62 23 New
1438 3252 118 24 Zealand.

1220 3290 146 25 HEALTH
1379 3290 71 25 TEA
1462 3291 22 25 is
1501 3293 46 23 not
1558 3299 15 17 a
1585 3291 139 25 medicated

1187 3324 49 24 Tea
1247 3323 46 26 but
1304 3325 21 23 is
1334 3323 106 26 blended
1462 3325 64 24 from
1550 3325 44 24 the
1617 3325 107 24 choicest

1187 3357 50 24 and
1264 3358 86 29 purest
1376 3357 107 31 growths
1511 3357 27 25 of
1559 3357 96 31 Ceylon
1674 3358 49 24 ar.d

1187 3389 92 24 Indian
1291 3390 63 23 Teas
1371 3389 33 31 by
1416 3391 97 29 experts
1531 3389 27 25 of
1568 3390 43 24 the
1623 3389 101 33 highest

1187 3422 80 24 order.

1220 3464 54 25 One
1287 3466 89 30 special
1383 3465 96 25 feature
1490 3464 76 26 about

1187 3498 51 23 Tea
1249 3499 20 22 is
1283 3500 40 22 the
1334 3506 98 22 process
1445 3499 81 23 which
1543 3499 20 23 it
1585 3499 138 30 undergoes

1188 3530 81 24 which
1281 3530 102 24 renders
1394 3530 21 24 it
1426 3531 53 23 free
1492 3530 64 25 from
1568 3530 43 25 the
1634 3532 89 23 tannin

1188 3570 27 17 so
1223 3563 129 31 prevalent
1363 3563 27 23 m
1403 3563 113 31 ordinary
1528 3563 71 28 Teas,
1612 3563 83 24 whilst
1704 3563 20 24 it

1188 3596 101 24 renders
1300 3596 44 24 the
1356 3596 91 24 release
1458 3596 27 24 of
1498 3597 40 23 the
1563 3596 80 24 better
1654 3597 70 30 qual-

1187 3628 57 24 ities
1256 3627 27 25 of
1292 3628 43 25 the
1348 3629 50 23 Tea
1410 3636 67 17 more
1495 3636 66 23 easy.

1221 3667 147 25 HEALTH
1390 3667 69 25 TEA
1476 3669 22 23 is
1514 3669 150 30 unequalled
1686 3669 38 24 for

1187 3700 125 30 strength,
1326 3700 125 24 beautiful
1470 3707 86 17 aroma
1570 3700 50 23 and
1643 3700 81 31 lovely

1187 3731 104 24 flavour.

1220 3768 93 29 Prices,
1327 3768 42 32 2/6
1380 3768 49 25 and
1439 3768 37 32 2/-
1487 3772 25 26 $-
1519 3768 28 25 H)
1558 3768 27 25 m
1622 3770 50 24 and
1683 3769 41 25 lib

1187 3800 101 32 packets
1297 3801 48 24 and
1364 3802 14 23 5
1391 3801 50 23 and
1454 3801 32 25 10
1493 3801 27 23 Kb
1531 3801 61 25 tins.

1320 3833 86 31 Agent
1417 3833 38 24 for
1467 3834 102 24 Oxford.

1287 3866 51 25 MR
1350 3866 30 24 F.
1393 3866 30 24 A.
1433 3866 207 25 WATERMAN.

1187 3904 82 31 Agent
1280 3904 39 25 for
1332 3904 71 24 Cust.
1423 3904 41 24 Mr
1476 3904 33 24 E.
1523 3904 40 25 W.
1579 3904 143 26 COOPER.

1286 4102 135 45 FOR
1446 4102 183 44 SALE.

1289 4275 112 31 EAST
1423 4275 185 31 OXFORD.

1227 4322 66 31 Has
1308 4334 41 20 on
1364 4323 85 30 hand
1465 4334 18 21 h.
1508 4323 143 39 splendid
1679 4324 46 30 lot

1185 4370 34 31 of
1232 4369 146 33 BACON
1392 4370 63 30 and
1469 4370 114 31 LARD
1594 4371 52 29 for
1660 4372 64 30 sale

1184 4419 82 30 from
1281 4429 17 20 a
1298 4439 2 9 ,
1315 4419 106 39 pound
1437 4422 33 27 to
1484 4421 28 28 aT
1517 4422 64 27 ton.
1601 4419 76 31 .'".'"..

1281 4464 106 31 Bacon
1402 4464 70 41 pigs
1489 4464 129 40 bought.

616 193 46 46 J.
685 193 55 46 T.
769 195 200 53 Brown,
992 195 42 43 &
1056 195 96 43 Son

670 261 111 20 TIMBER
792 262 17 19 &
821 261 72 20 COAL
908 261 183 21 MERCHANTS.

793 298 109 20 IMPORT
906 299 53 20 BBS

618 336 33 26 Of
682 336 142 26 TIivIBER
854 336 53 26 and
938 336 50 26 All
1018 336 88 26 Kinds
1130 335 28 27 of

672 381 186 28 BUILDING
885 381 224 26 MATERIALS.

809 427 152 27 CORNER

620 470 163 26 COLOMBO
819 470 25 24 .&
873 469 99 24 TUAM
1002 468 155 25 STREETS

778 513 194 23 Ohrestohdrch

667 617 23 19 A.
705 616 87 19 Flesher
802 614 18 27 ].
1022 613 36 26 [f.
1072 613 82 20 JFuHer.

634 661 203 41 PLESSER
860 660 69 39 and
950 658 189 40 PULLER.

798 717 180 24 SOLICITOUS,

659 757 13 20 9
682 755 124 21 Cathedral
817 755 92 25 Square,
926 755 190 19 Christchuech.
1164 754 2 29 j

621 790 115 27 (Between
746 788 109 20 Morten's
865 788 117 25 buildings
993 788 17 19 &
1021 787 54 20 Post
1084 786 72 20 Office.

660 823 187 55 Money
876 824 53 41 to
968 821 141 44 Lend

618 891 35 20 On
663 891 32 19 all
703 889 57 20 kind
771 889 23 19 of
804 888 111 25 Security,
924 889 26 19 at
969 887 56 20 Low
1039 887 78 20 Rates
1135 886 24 20 of

644 934 106 20 Interest.
883 931 79 20 Terms
973 931 35 19 for

754 1047 266 46 NOTICE.

619 1123 22 57 I
658 1124 47 29 beg
724 1122 26 23 to
766 1120 92 25 inform
888 1119 41 23 the
953 1117 154 24 inhabitants
1131 1116 26 24 of

660 1154 92 26 Oxford
764 1153 50 25 and
823 1153 42 23 the
874 1151 83 32 public
967 1149 122 32 generally
1100 1149 56 24 that

618 1194 14 24 I
644 1193 62 24 have
725 1192 74 24 taken
811 1198 58 16 over
889 1190 41 23 the
942 1189 114 24 business
1079 1187 76 31 lately

620 1233 94 25 carried
726 1240 31 16 on
769 1232 30 31 by
809 1229 92 25 MESS
907 1230 38 24 US
964 1227 191 26 GRIFFITHS

618 1274 96 24 BROS.
729 1271 101 25 General
842 1270 109 24 Carriers
975 1268 49 25 and
1041 1270 65 22 trust
1124 1267 32 31 by

619 1311 128 27 attention.
752 1312 24 21 to
789 1309 114 24 business
915 1310 26 22 to
954 1308 72 23 merit
1047 1315 12 14 a
1084 1305 71 24 share

618 1350 27 24 of
651 1349 84 31 public
746 1350 110 28 support.

652 1396 107 25 Covered
771 1395 72 24 Vans
855 1394 50 24 will
917 1402 46 16 run
987 1393 63 24 from
1063 1392 93 24 Oxford

620 1442 24 23 to
656 1439 127 31 Rangiora
807 1438 48 24 and
879 1435 180 26 Chri&tchurch
1083 1442 73 24 every

619 1486 153 28 MONDAY,
786 1483 229 27 WEDNESDAY,
1026 1481 129 24 FRIDAY

811 1521 148 31 Returning.

619 1562 162 27 TUESDAY
837 1560 190 25 THURSDAY
1084 1558 70 24 AND

779 1596 209 27 SATURDAY'S

651 1644 134 24 Furniture
797 1642 50 24 and
859 1641 83 24 Goods
966 1640 26 25 of
1013 1647 73 23 every
1105 1639 49 24 dis-

618 1682 112 31 cription.
743 1679 91 33 packed
846 1678 50 25 and
908 1677 115 26 removed
1035 1679 26 22 at
1073 1676 81 25 short-

618 1725 36 22 est
665 1722 90 24 notice.

653 1765 139 26 ORDERS
813 1764 129 25 entrusted
954 1765 25 23 to
991 1763 41 24 Mr
1044 1762 31 24 L.
1089 1762 65 25 Grif-

618 1807 48 25 fith
679 1806 98 29 Oxford,
796 1806 51 24 who
858 1804 50 25 will
928 1807 39 21 act
979 1811 27 17 as
1018 1810 42 24 my
1072 1804 82 30 agent,

618 1856 28 16 or
658 1849 25 23 to
696 1848 26 24 C.
736 1846 29 25 A.
778 1846 75 31 Tyler
860 1844 133 31 Rangiora,
1003 1843 49 25 will
1062 1842 93 25 receive

618 1886 99 31 prompt
738 1883 132 26 attention.

804 1924 27 23 C.
851 1923 30 23 A.
900 1922 120 24 TYLER

1002 1954 151 31 Proprietor.

646 2110 196 54 George
862 2108 271 43 Gardener.

748 2178 155 26 CARRIER
942 2178 75 25 ETC.

697 2222 104 31 EAST
880 2221 179 32 OXFORD.

743 2316 120 38 FOR
881 2315 160 39 SALE

618 2373 185 28 OATSHEAF
821 2373 123 32 CHAFF,
976 2374 30 25 T.
1022 2373 30 25 F.
1067 2373 85 27 OATS

809 2471 44 25 TO
887 2470 77 26 LET.

617 2515 22 25 A
649 2522 85 25 young
744 2514 114 32 pedigree
868 2514 134 25 Berkshire
1019 2515 63 24 Boar
1093 2514 61 24 from

799 2552 68 32 prize
894 2552 77 26 stock.

675 2689 46 44 C.
765 2689 330 53 CLEAVEE,

812 2771 144 22 CARRIER

631 2824 128 38 OXFORD
788 2823 44 37 TO
863 2822 275 40 CHRISTCHURGH.

708 2979 135 45 FOR
898 2977 172 45 SALE.

657 3084 28 30 A
718 3083 167 31 COKNET
900 3084 42 39 by
956 3093 17 19 a
989 3083 69 30 first
1077 3083 80 29 class

618 3139 116 31 Maker.
820 3140 119 39 Apply,

825 3206 97 30 Office
931 3206 33 30 of
972 3206 64 30 this
1046 3205 111 41 Paper.

652 3346 37 24 To
700 3344 42 26 the
759 3344 163 24 Inhabitants
942 3344 27 24 of
988 3342 93 26 Oxford
1109 3343 50 24 and

620 3389 61 24 Cust
693 3387 50 25 and
755 3386 170 31 surrounding
940 3386 117 24 districts.
1067 3389 5 4 '

968 3422 5 11 s

618 3469 246 86 HEALTH
922 3471 234 79 SUPPLY

786 3568 209 32 COMPANY.

880 3627 30 17 OP

620 3672 59 28 245
702 3669 169 31 CASHBL
897 3669 58 30 ST.
988 3668 100 31 CH
1089 3666 67 31 CH.

651 3725 54 30 Beg
716 3726 27 23 to
754 3725 81 29 notify
843 3724 58 23 that
912 3723 61 30 they
980 3723 65 23 have
1056 3722 101 30 appoin-

620 3762 42 25 ted
674 3762 54 24 Mrs
736 3760 186 26 NEWNHAM
946 3767 28 17 as
985 3758 68 26 their
1067 3757 90 33 Ag-mt,

619 3802 49 24 and
679 3802 64 24 from
755 3801 46 24 her
822 3808 59 23 may
908 3799 32 25 be
968 3798 124 29 obtained,
1122 3798 37 24 Dr

621 3840 236 27 SCHUbSLER'B
899 3841 101 22 iamous
1035 3836 122 26 BIOCH-

620 3881 85 25 EMIC
740 3878 195 27 REMEDIES
960 3878 51 24 and
1037 3876 119 26 INFLU-

618 3921 94 25 ENZA
745 3918 174 26 POWDERS
970 3918 45 24 Dr.
1040 3916 117 26 CROSS-

618 3958 115 25 LANDS
742 3956 137 26 wonderful
888 3955 127 32 vegetable
1023 3954 134 25 Headache

618 3998 119 31 powders;
755 3996 119 28 Enemas,
900 3994 98 32 Syringe
998 3994 28 32 3,
1057 3993 100 32 Sprays,

618 4038 49 23 and
678 4036 33 25 all
723 4036 126 25 Chemists
862 4034 121 28 sundries,
995 4040 29 17 as
1046 4033 56 24 well
1129 4040 28 17 as

620 4075 217 27 STATIONARY
848 4075 43 23 &c.
1089 4072 3 13 :

651 4115 54 24 Mrs
717 4113 145 28 Newnham,
880 4111 67 25 Next
975 4112 27 23 to
1024 4110 43 24 the
1095 4109 62 25 Free

619 4151 136 26 Methodist
763 4150 100 25 Church

745 4189 102 26 WEST
881 4187 153 26 OXFORD.

1088 4257 3 19 i

618 4410 128 26 rTIHREE
781 4407 101 29 KEYS,
917 4405 94 26 Finder
1040 4403 51 26 will
1127 4405 36 24 be,

622 4433 22 38 I
681 4440 205 29 REWARDED
903 4439 33 32 by
958 4437 133 31 returning
1113 4436 44 26 the

754 4494 6 2 -
786 4488 70 20 same
874 4481 26 25 to
916 4479 52 25 this
981 4477 84 27 Office.

159 197 323 48 TENDEIIS.

52 274 215 79 TENDERS
290 282 50 20 are
354 270 116 30 invited
484 269 38 38 by
534 268 53 29 the

145 311 224 34 WOODSIDE
423 308 163 33 SCHOOL

54 355 257 31 COMMITTEE
334 355 46 28 for
418 351 169 39 stumping,

53 397 170 40 ploughing
245 395 59 29 hnd
331 395 141 38 leveling,
495 393 93 28 about

54 440 39 37 1}
115 447 84 20 acres
221 437 35 29 of
268 435 81 37 land,
374 444 82 20 more
473 444 34 19 or
517 433 69 30 less.

54 475 338 34 SPECIFICATIONS
414 479 33 26 to
464 476 37 29 be
517 485 70 20 seen

54 527 31 22 at.
96 520 52 28 the
159 515 222 33 CHAIRMAN
397 515 30 35 S,
443 522 31 21 to
490 516 100 28 whom

53 561 40 29 all
111 560 123 29 tenders
246 561 80 26 must
343 558 35 28 be
414 556 174 34 addressed,

53 602 83 29 NOT
160 599 141 31 LATER
312 599 71 28 than
397 597 90 30 MAY
503 597 84 29 20th.

96 647 62 30 The
180 647 107 29 lowest
310 656 33 17 or
376 655 59 27 any
468 642 122 30 Tenler

54 694 54 25 not
125 687 182 39 necessarily
331 684 153 40 accepted.

218 729 35 28 E.
270 725 193 31 HERMAN.

374 766 173 30 Chairman.

58 921 170 41 iOGIAL
250 915 336 44 6ATHERINSS.

235 993 25 15 IN
271 992 41 15 AID
324 991 29 16 OF
365 990 47 16 THE

112 1041 201 42 Church
340 1039 189 41 Funds.

217 1112 57 24 Will
286 1111 29 24 be
329 1110 56 24 held
395 1118 31 16 on

55 1166 90 26 JUNE
193 1165 43 25 stli
322 1163 68 25 West
416 1160 95 27 Oxford
527 1159 63 25 Hull

54 1210 87 25 JULY
194 1209 52 28 3rd,
325 1207 63 23 East
415 1204 92 25 Oxford
518 1203 70 25 Hall.

56 1253 137 26 AUGUST
213 1253 51 27 7th,
333 1251 69 24 West
415 1249 89 25 Oxford
521 1247 68 25 Hall.

57 1297 208 26 SEPTEMBER
277 1297 53 26 4tt,
349 1295 63 24 East
426 1293 93 26 Oxford
531 1292 59 24 Hall

55 1345 157 24 OCTOBER
230 1343 58 27 2nd,
326 1342 71 23 West
418 1340 90 24 Oxford
520 1338 68 23 Hall.

133 1394 35 24 To
181 1394 147 24 Commence
341 1395 25 19 at
381 1391 58 23 7.30
450 1395 60 24 p.m.
543 1409 3 2 .

110 1515 193 42 MUSICAL
345 1511 178 43 TUITIOI

54 1585 139 35 PIANO,
224 1581 185 34 SINGING-,
433 1577 156 35 VIOLIN,

95 1624 147 31 ORGAN
307 1620 85 31 KTO.
455 1618 92 30 ETC.

156 1696 63 30 MR
256 1695 30 31 S.
318 1691 182 33 MAYSON.

54 1761 66 28 Has
156 1758 159 30 vacancies
344 1757 47 28 for
413 1754 100 41 pupils
556 1753 31 29 m

181 1806 96 28 above
313 1803 145 39 subjects.

153 1921 87 22 Terms
270 1927 30 15 on
330 1916 157 31 application.

54 2020 188 43 Pianos
265 2015 99 44 and
389 2014 198 55 Organs

183 2083 77 26 tuned
278 2082 49 26 and
343 2080 121 34 repaired*

52 2193 117 25 AGENT
188 2192 66 24 FOR
272 2190 136 25 MILNER
420 2188 165 25 THOMSON

87 2283 47 22 AN
151 2281 154 24 UPRIGHT
318 2279 117 25 GRAND
449 2277 104 25 PIANO

205 2324 81 40 FOB
330 2323 114 40 2ALE

293 2376 59 25 Also

119 2423 21 23 A
154 2421 245 27 SECOND-HAND
419 2420 102 25 PIANO

86 2470 170 24 Instruments
268 2477 43 16 can
324 2468 31 25 be
371 2467 120 32 procured
502 2474 32 17 on
545 2467 43 24 the

52 2509 58 24 time
127 2510 119 29 payment
257 2509 97 29 system.

196 2552 73 24 From
282 2552 33 23 1
334 2559 15 16 a
362 2550 92 26 month.

119 2641 116 25 SHEET
247 2639 108 26 MUSIC
366 2639 36 25 IN
414 2638 107 26 STOCK

52 2690 143 35 SONGS,
409 2686 178 32 .DUETTS

201 2735 118 26 VIOLIN
333 2735 113 24 SOLOS.

49 2787 116 22 Address.
202 2786 116 30 Opposite
349 2785 18 21 13
373 2785 50 22 auk
440 2784 27 22 of
493 2784 31 22 N.
557 2784 28 22 Z.

246 2826 146 25 OXFORD.

195 2980 258 47 NOTICE.

49 3088 23 56 I
101 3085 91 31 hereby
220 3085 53 31 give
296 3083 131 26 NOTICE
457 3084 55 23 that
540 3091 48 23 any

98 3118 135 24 PERSON
262 3126 27 16 or
322 3116 158 26 PERSONS
508 3116 79 24 found

50 3156 257 26 TRESSPASSING
340 3156 27 23 m
412 3154 118 25 HOUSE
561 3163 27 16 or

51 3194 148 26 SECTION
213 3194 73 23 1902.
307 3192 113 25 Situated
428 3193 26 22 m
467 3192 68 30 High
549 3191 38 26 St.

50 3236 65 23 East
134 3234 99 29 Oxford,
253 3232 148 32 adjourning
429 3232 41 25 the
498 3231 91 26 School

49 3268 51 24 and
119 3267 137 24 Methodist
268 3266 101 31 Chapel,
388 3265 49 25 will
459 3264 29 24 be
509 3264 79 25 PRO-

53 3305 170 26 SECUTED.

252 3343 107 27 DAVID
383 3342 155 26 BOURKE.

408 3381 64 24 East
484 3380 103 25 Oxford.

199 3523 83 45 TO
307 3522 137 44 LET.

54 3606 46 55 To
129 3605 35 24 let
192 3613 45 16 one
265 3613 53 16 acre
347 3605 26 24 of
399 3605 69 25 Land
490 3605 100 26 Church

105 3638 85 24 Street.
227 3637 132 32 (Fenced)

319 3680 44 24 -A.
383 3680 139 25 STUBBS.

383 3720 63 24 East
454 3719 101 24 Oxford.

53 3887 226 26 PREVENTION
296 3887 32 24 IS
345 3887 138 25 BETTER
495 3887 94 25 THAN

286 3927 104 26 CURE.

167 3999 53 25 that
232 4000 43 24 the
286 3999 132 25 Influenza
429 4000 128 31 Epidemic
567 4000 23 24 is

53 4024 33 33 1A
127 4032 76 24 about
222 4033 41 23 the
281 4032 182 31 neighbouring
481 4033 109 24 districts

53 4074 33 16 no
98 4065 73 24 home
183 4064 87 25 should
283 4064 29 24 be
323 4064 105 26 without
439 4065 44 24 the
503 4065 85 31 Platy-

53 4106 47 23 pus
105 4097 86 24 Brand
202 4097 25 25 of
239 4097 154 31 Eucalyptus
404 4097 122 24 Globulus
538 4097 51 24 Ex-

53 4132 65 23 tract
129 4132 26 22 to
166 4130 31 24 be
208 4129 76 25 taken
303 4137 67 23 upon
387 4132 80 28 mg'ar,
487 4137 28 17 or
537 4130 27 24 m
576 4139 13 15 a

52 4163 66 25 little
129 4161 71 25 milk.
242 4161 51 25 The
305 4165 66 21 most
383 4162 148 25 convenient
542 4163 48 25 and

53 4196 112 31 pleasant
176 4203 54 23 way
242 4198 26 21 to
279 4195 56 24 take
352 4194 156 32 Eucalyptus
525 4196 22 25 is
562 4197 27 24 m

54 4229 44 23 the
110 4228 119 30 Platypus
241 4227 86 24 Brand
336 4227 27 24 of
372 4228 155 31 Eucalyptus
543 4229 46 25 Ju-

51 4260 83 32 jubes,
144 4259 58 31 they
211 4267 41 16 are
263 4260 28 23 m
300 4261 60 22 such
369 4268 15 16 a
390 4260 126 31 palatable
524 4261 65 25 form

53 4294 113 31 pleasant
207 4293 26 23 to
276 4293 71 27 taste,
360 4318 2 2 .
381 4293 132 31 antiseptic
540 4294 50 25 and

53 4325 140 26 stimulant.
242 4324 116 32 Sprinkle
376 4334 63 23 your
466 4327 123 26 handker-

53 4358 69 26 chief
130 4357 49 24 and
190 4365 83 16 rooms
285 4357 60 25 with
357 4358 43 24 the
411 4358 42 24 oil.

53 4399 28 25 BE
91 4398 59 24 SURE
157 4396 42 26 YOU
209 4396 115 26 PURCHASE
332 4396 46 25 THE
387 4391 114 38 PLAI^US
510 4398 78 25 BRAND.

83 4454 22 5 _
131 4432 31 23 R.
175 4430 92 25 Parish
278 4430 82 32 Agent
371 4431 38 24 for
421 4431 102 25 Oxford.

54 4477 73 25 Office
136 4475 38 25 No
185 4476 13 24 9
212 4474 172 32 Cathedralsq.
400 4474 187 27 Christchurch.
