3429 4477
2322 3796 71 22 The
2417 3796 141 22 Oxford
2582 3796 213 22 Observer.

2322 3818 250 53 PUBLISHED
2600 3818 195 53 WEEKLY.

2352 3874 165 21 SATURDAY
2531 3873 88 21 APRIL
2619 3873 72 21 24th
2712 3871 57 22 1897

2332 4003 51 30 On
2395 4001 138 40 Monday
2547 4001 132 40 evening
2702 4004 78 27 next
2793 4005 33 26 at

2292 4042 18 32 7
2333 4043 69 31 '30....
2412 4042 56 41 the;
2493 4042 334 39 annua4.,ineeting.-of

2290 4086 180 37 ratepayers
2498 4083 64 29 will
2590 4083 72 29 take
2685 4083 87 38 place
2794 4086 34 26 at

2290 4120 95 41 Eastjf
2404 4123 135 38 Qx|prd,
2541 4142 13 19 t
2557 4122 106 37 g)stQ9l
2691 4123 68 34 fpfu
2772 4122 53 34 the

2290 4163 177 40 j>gsp.fse,Qf
2473 4161 137 42 eJjftliljag.
2622 4171 20 21 a
2651 4162 176 48 cowj^

2290 4203 140 38 fbi^.the.
2622 4212 113 30 year—
2735 4203 29 31 -it
2776 4203 50 31 -,■•£&

2289 4243 94 33 much
2395 4243 274 40 to.ibeLCegi-etfced
2677 4243 82 31 -Tthat
2771 4243 57 33 the.

2291 4285 129 39 general
2425 4297 4 9 •
2433 4303 6 12 ;
2438 4283 109 41 pnblia
2561 4284 45 30 odo
2609 4297 14 15 v
2628 4287 61 27 not*
2693 4297 5 15 i
2706 4284 74 32 take
2808 4297 19 20 a

2291 4330 125 35 greater
2426 4326 131 30 interest
2574 4325 35 29 m
2622 4326 106 30 senool
2740 4337 88 20 man-,

2291 4368 144 37 agement
2458 4364 63 30 and
2533 4365 61 29 roll
2608 4375 41 29 up
2663 4366 35 30 m
2712 4368 116 40 gDodly

2291 4406 158 31 numbers-
2479 4414 60 22 oa^
2569 4406 160 32 occasions
2764 4407 64 31 like

2881 145 94 35 these,
2999 145 61 30 and
3089 145 64 30 still
3176 156 83 21 more
3283 158 32 22 so
3344 149 69 30 that

2876 196 92 19 seven
2994 187 209 39 independent
3229 188 182 31 household-

2870 227 53 30 ers
2956 231 115 26 cannot
3101 229 36 29 be
3167 229 94 30 found
3290 231 119 38 willing

2874 273 29 23 to
2927 268 71 30 look
3022 269 82 29 after
3128 269 52 29 the
3206 269 142 31 interests
3374 272 47 28 of,-

2871 307 54 30 the
2938 309 224 30 householders
3174 310 61 29 and
3249 311 53 29 the
3311 311 95 29 child-

2871 357 55 20 ren
2941 349 106 30 rather
3062 349 76 31 than
3153 360 19 19 a
3194 354 118 28 coteree
3327 352 78 35 who,

2871 387 61 30 like
2948 399 34 20 so
3005 400 93 29 many
3127 395 134 36 puppets
3287 402 56 20 can
3367 393 37 28 be

2870 431 169 29 controlled
3067 433 42 37 by
3132 441 19 19 a
3178 431 114 31 hidden
3320 433 85 29 hand

2867 469 50 30 for
2953 471 52 29 the
3040 471 205 31 convenience
3285 474 33 29 of
3349 474 53 29 the

2867 511 83 30 staff.
3005 511 57 31 We
3090 517 130 26 venture
3248 516 32 28 to
3309 514 92 30 think

2867 551 69 30 that
2950 552 50 30 for
3024 553 91 29 down
3143 553 94 39 right'
3252 565 150 21 excrava-

2866 601 95 29 gence
2986 594 32 28 m
3038 594 109 39 giving
3170 594 141 40 holidays
3341 596 62 29 and

2865 634 135 40 wasting
3014 634 130 40 thereby
3158 634 55 30 the
3231 639 167 37 taxpayers

2866 685 119 29 money,
3025 677 61 29 few
3117 678 189 30 committees
3341 688 59 19 can

2864 725 123 29 surpass
3016 717 88 30 those
3134 717 67 30 who
3231 716 77 32 have
3336 718 62 29 had

2864 756 51 29 the
2934 758 120 29 control
3078 758 33 30 of
3135 758 54 30 the
3214 758 104 30 school
3347 759 51 29 for

2864 806 82 20 some
2971 807 90 29 years
3090 804 78 34 past,
3205 799 106 30 within
3344 810 56 28 say
3417 811 4 14 ;

2863 837 51 29 the
2943 843 69 34 past
3034 840 72 29 four
3128 850 36 19 or
3191 840 60 30 five
3273 841 125 29 months

2864 876 59 32 this
2959 880 121 39 sapient
3108 881 175 30 committee
3318 881 79 30 have

2862 920 91 38 given
2989 921 80 30 nine,
3090 921 104 30 weeks
3236 921 73 40 (less
3335 925 62 28 two

2861 961 92 39 days)
2993 962 134 41 holiday.
3193 963 32 30 It
3260 964 135 38 possibly

2861 1010 94 20 never
2988 1003 147 28 occurred
3166 1007 30 25 to
3223 1003 61 30 this
3307 1014 82 19 com-

2861 1042 106 29 mittee
2983 1042 72 30 'that
3069 1043 54 30 the
3137 1044 106 29 school
3259 1052 66 23 cost
3342 1045 53 29 the

2861 1088 166 34 taxpayers
3036 1084 174 39 something
3226 1084 61 31 like
3311 1086 84 29 £600

2861 1132 55 30 per
2927 1134 114 19 annum
3069 1128 29 25 to
3113 1125 158 30 maintain.
3316 1125 80 31 That

2861 1174 93 30 every
2984 1163 86 32 week
3112 1166 76 40 they
3224 1165 82 32 close
3344 1168 51 29 the

2859 1205 107 30 school
2987 1207 174 38 something
3185 1217 75 20 near
3280 1209 66 28 £10
3369 1210 27 28 is

2859 1246 62 29 lost
2929 1249 32 26 to
2976 1246 53 29 the
3043 1249 160 36 taxpayer.
3237 1247 155 32 Children,

2859 1287 62 29 like
2947 1287 112 35 adults,
3083 1287 39 29 do
3150 1290 55 27 not
3229 1291 105 27 return
3362 1294 32 26 to

2859 1327 80 30 their
2975 1327 166 40 appointed
3165 1328 73 30 task
3268 1330 74 29 with
3378 1341 18 19 a

2858 1368 108 29 relishr.
2976 1369 83 28 after,
3071 1368 75 39 long
3158 1369 61 29 and
3247 1370 144 39 frequent

2859 1408 150 39 holidays,
3031 1409 70 28 that
3120 1409 26 29 it
3167 1409 88 31 takes
3278 1421 18 19 a
3322 1421 71 21 con-

2859 1449 151 31 siderable
3024 1450 74 29 time
3118 1450 108 30 before
3238 1452 52 30 the
3313 1452 80 31 little

2859 1499 73 20 ones
2942 1500 59 20 can
3015 1490 38 30 be
3061 1491 142 39 -brought
3215 1492 65 30 into
3280 1507 2 10 >
3296 1494 95 29 work-

2854 1531 75 39 ings
2939 1530 78 30 fadm.
3025 1532 123 38 L;again^
3168 1533 63 30 and
3259 1542 34 22 so
3318 1544 75 21 soon

2859 1581 32 20 as
2902 1571 68 29 that
2984 1572 26 29 is
3019 1573 232 39 accomplished,
3268 1574 124 42 holiday

2857 1612 90 38 again
2961 1623 197 27 commences,
3182 1616 93 29 much
3289 1621 31 24 to
3335 1617 54 29 the

2857 1662 178 30 annoyance
3052 1654 42 29 ol
3100 1679 8 2 -
3113 1654 55 38 the,
3179 1658 125 35 parents
3332 1666 38 19 an
3375 1657 16 28 d

2856 1693 160 39 retarding
3043 1694 53 29 the
3127 1695 116 29 mental
3272 1696 120 30 culture

2857 1732 33 31 of
2901 1733 60 30 ihe
2984 1734 146 31 children.
3135 1734 141 32 ...What
3290 1737 100 30 would

2857 1774 37 30 be
2909 1774 66 30 said
2990 1779 31 26 to
3042 1784 57 21 our
3121 1774 90 32 Road
3224 1787 35 20 or
3283 1777 108 31 Water

2857 1815 104 29 Board
2985 1815 107 39 giving
3119 1816 81 29 their
3207 1828 7 24 ;.
3219 1819 170 37 respective

2858 1855 74 29 staff
2944 1856 73 29 nine
3031 1856 99 29 weeks
3148 1856 139 42 holidays
3304 1858 85 31 with-

2857 1896 33 29 in
2899 1896 75 29 four
2988 1906 36 20 or
3126 1897 122 30 months
3272 1903 34 25 at
3334 1900 57 29 fuil

2857 1946 72 30 pay.
2988 1936 59 31 We
3082 1937 111 34 should
3226 1939 75 30 hear
3335 1941 54 30 the

2856 1978 149 29 members
3031 1975 33 32 of
3090 1979 54 29 the
3174 1979 66 30 said
3268 1979 119 32 Boards

2852 2019 102 36 ,called
2988 2019 104 40 public
3127 2024 151 33 wasters,,
3319 2033 70 19 men

2855 2061 113 39 totally
3001 2061 84 30 .nnfit
3119 2066 32 25 to
3182 2063 117 29 control
3334 2064 54 30 the

2856 2100 106 40 public
2997 2111 101 30 purse,
3133 2102 53 30 the
3212 2106 177 38 ratepayers

2855 2143 102 30 would
2971 2144 80 28 raise
3065 2153 37 19 en
3129 2152 106 29 masse,
3258 2145 61 29 and
3333 2150 53 34 get

2855 2183 91 29 their,
2970 2184 102 38 places
3097 2184 84 29 filled
3212 2185 73 29 with
3316 2196 70 20 men

2856 2224 69 28 that
2953 2224 104 30 would
3106 2224 78 28 have
3219 2234 19 18 a
3264 2229 124 34 greater

2855 2264 112 39 regard
2981 2265 49 29 for
3043 2264 54 29 the
3111 2266 180 37 ratepayers
3316 2264 72 32 time

2850 2305 67 29 'a^nd
2930 2312 120 32 money.
3056 2316 3 23 ;
3062 2306 4 11 5
3080 2304 57 30 We
3153 2302 59 33 feel
3222 2306 166 30 cbnvinced

2857 2346 66 29 that
2951 2346 63 30 this
3045 2345 243 40 unsatisfactory
3307 2351 80 26 state

2856 2386 32 29 of
2922 2386 104 29 affairs
3050 2386 64 30 will
3142 2386 60 30 last
3227 2386 79 30 until
3335 2388 53 29 the

2857 2426 102 31 Board
2984 2427 34 30 of
3028 2426 176 30 Education
3228 2427 88 31 make
3330 2428 25 30 it
3370 2439 18 19 a

2855 2468 68 30 rule
2934 2468 72 30 -that
3018 2468 65 30 the'
3099 2468 142 39 teaching
3254 2470 74 29 staff
3355 2471 34 28 of

2857 2517 56 22 our
2927 2508 104 40 public
3046 2508 119 33 schools
3174 2509 120 30 -should
3314 2511 74 39 only

2855 2550 120 30 receive
2996 2550 69 29 half
3088 2560 62 30 pay
3174 2550 50 31 for
3248 2551 140 39 holidays

2856 2591 90 30 when
2973 2590 75 39 they
3076 2590 113 31 exceed
3221 2592 48 29 six
3289 2592 100 29 weeks

2855 2631 31 29 m
2904 2640 62 30 any
2986 2641 58 20 one
3057 2641 84 30 year.
3187 2630 32 31 It
3233 2632 104 30 would
3352 2633 37 30 be

2856 2672 174 39 surprising
3044 2673 33 28 to
3090 2682 50 20 see
3153 2672 71 31 how
3241 2672 148 31 cheerful-

2855 2712 34 39 ly
2923 2712 75 39 they
3033 2712 102 30 would
3165 2722 130 30 arrange
3340 2714 50 29 the

2854 2746 142 45 holidays
3024 2762 34 19 so
3080 2752 69 29 that
3179 2753 75 39 they
3276 2753 112 30 should

2857 2794 56 27 not
2927 2792 111 29 exceed
3051 2792 55 29 the
3123 2792 61 29 full
3209 2802 62 30 pay
3305 2793 84 30 time.

2850 2832 84 33 Mow
2941 2859 6 4 .
2957 2832 90 31 when
3061 2832 54 30 the
3137 2832 104 31 school
3255 2843 134 20 resumes

2857 2872 94 36 work,
2977 2873 54 30 the
3052 2869 125 34 natural
3202 2883 186 30 consequen-

2857 2923 49 21 ces
2920 2913 65 31 will
2994 2914 39 31 be
3047 2914 74 40 long
3132 2913 94 32 hours
3233 2915 32 29 m
3276 2915 113 36 school,

2856 2955 90 30 home
2973 2954 117 32 lessons
3130 2955 70 30 that
3235 2955 67 40 fags
3337 2956 53 30 the

2857 2996 146 36 children,
3061 2997 62 28 and
3165 2996 136 30 irritates
3337 2997 54 30 the

2857 3034 140 41 parenfe,'
3014 3036 76 31 tlieh
3103 3034 54 33 the
3168 3037 114 30 annual
3290 3037 101 40 pitch-

2856 3077 125 39 forking
3012 3078 66 29 into
3121 3078 164 39 standards
3321 3078 70 30 that

2858 3118 65 37 (the
2937 3117 152 40 children)
3090 3126 4 7 5
3105 3114 119 34 .should
3238 3118 38 30 be
3301 3115 90 33 fitted

2856 3159 60 35 for,
2937 3159 57 29 but
3015 3159 34 29 m
3062 3169 93 29 many
3170 3159 153 29 instances
3339 3169 52 19 are

2858 3202 65 26 not.
3000 3221 1 1 .
3056 3222 1 1 .
3128 3200 15 21 h
3178 3208 11 12 ■.'
3259 3218 2 1 .

2901 3322 164 31 SCHOOL
3094 3321 253 32 COMMITTEE

3010 3372 313 31 ELECTION.

2862 3461 53 24 _>..■.■■
2941 3460 29 15 '••'■
3007 3478 3 3 .
3040 3455 209 28 Contributed...--;
3292 3477 9 2 ._

2898 3500 232 30 Householders
3154 3509 52 20 are
3230 3499 160 30 reminded

2853 3542 75 30 •that
3093 3540 27 31 is
3128 3540 69 30 ithe*
3206 3540 75 30 time
3302 3540 92 30 when

2859 3582 72 40 they
2947 3592 52 20 are
3000 3592 4 9 ;
3027 3580 99 31 called
3140 3589 85 31 upon
3233 3594 3 6 ■
3252 3585 33 25 to
3314 3580 79 31 elect

2846 3624 204 34 .cflnimitfte.es
3070 3622 93 34 ..fpr_.
3170 3622 52 31 the
3250 3622 142 39 .-.ensuing

2858 3673 82 29 year.
2983 3662 30 30 It
3027 3663 27 29 is
3068 3663 152 30 desirable
3233 3662 70 30 that
3310 3662 83 40 .they

2858 3704 137 31 exercise
3009 3704 81 29 their
3104 3703 165 40 privileges
3284 3703 107 39 wisely

2858 3745 62 29 and
2954 3744 78 31 elect
3060 3747 33 28 to
3128 3754 105 30 power
3260 3754 70 19 men
3359 3744 33 30 of

2858 3786 206 39 intelligence,
3086 3786 61 29 and
3163 3785 104 40 public
3294 3785 98 40 spirit.

2857 3826 97 41 Many
2982 3837 71 20 men
3076 3827 82 37 find!..
3164 3826 81 31 their
3258 3836 66 31 way
3349 3836 41 21 on

2857 3872 33 25 to
2905 3869 190 30 committees
3109 3868 69 31 who
3196 3872 55 25 not
3265 3868 73 39 only
3353 3868 39 30 do

2858 3919 40 20 no
2923 3909 83 38 good
3029 3909 68 33 but,
3109 3908 92 31 much
3223 3908 89 29 harm
3330 3908 61 30 and

2858 3949 103 31 better
2976 3960 84 22 men..
3058 3968 4 18 :
3065 3960 53 19 are
3127 3966 6 13 >
3140 3949 150 32 debarred.
3291 3964 15 17 ,■>
3312 3949 80 31 from

2858 3989 132 40 offering
3018 3990 83 30 their
3129 3991 139 30 services.
3327 3990 64 30 Un-

2859 4031 143 38 suitable,
3010 4041 71 20 men
3101 4031 72 31 seek
3199 4031 129 31 election
3359 4035 33 27 to

2860 4082 87 29 carry
2963 4075 55 27 out
3032 4072 84 31 their
3130 4083 68 20 own
3209 4073 109 30 whims
3330 4074 62 29 and

2858 4113 118 31 fancies
2983 4123 16 29 \
3006 4113 86 39 ;Jhat
3100 4113 96 40 '^bey
3203 4123 74 29 jnaiy
3290 4113 101 40 ''keep

2859 4148 54 34 tlie
2926 4156 118 28 master
3057 4154 134 43 straight
3240 4154 70 29 that
3319 4154 74 40 they

2858 4203 75 30 may
2946 4198 130 37 prevent
3091 4198 127 28 matters
3236 4194 95 40 going
3339 4200 53 26 .too

2859 4235 128 43 qiiietly,
3027 4236 70 34 that
3123 4236 76 44 they
3232 4245 72 29 may
3340 4241 53 35 get

2956 4277 34 32 #£
3000 4269 61 39 lite
3072 4271 199 47 "pickings^''
3299 4272 94 43 JFrqm

2846 4334 4 10 «
2858 4328 72 20 men
2946 4320 137 29 national
3096 4320 143 29 interests
3246 4325 52 36 'go.
3305 4318 89 30 short

2859 4358 104 37 shriftj
2997 4350 169 46 and^lqcai
3190 4355 205 43 goyernmini;

2860 4399 132 32 decends
3027 4404 32 26 to
3069 4417 4 4 ■
3094 4399 172 41 cli^ueisln?

1199 20 168 31 OXFORD
1404 20 229 32 OBSERVER
1678 19 241 36 SATURDAY,
1961 20 132 30 APRIL
2138 20 50 35 24,
2232 19 80 30 1897

2443 149 267 45 NOTICE.

2305 247 23 56 I
2346 246 53 32 Beg
2416 248 26 22 to
2465 246 89 25 inform
2578 246 54 29 tbe.
2647 245 154 26 inhabitants
2818 247 19 25 of

2340 279 95 24 Oxford
2444 279 50 23 and
2506 279 42 24 the
2559 280 83 29 public
2649 279 124 30 generally
2784 279 53 24 that

2304 311 14 24 I
2329 312 61 23 have
2402 311 74 24 taken
2496 319 58 16 over
2565 311 43 24 the
2631 311 116 24 Business
2764 311 73 31 lately

2304 344 93 24 carried
2416 351 33 17 on
2473 343 31 32 by
2530 343 58 30 MR,
2606 344 30 28 .C.
2658 344 30 24 A.
2713 342 124 29 TYLER,

2305 375 104 26 General
2433 376 103 29 Carrier,
2556 376 49 24 and
2626 379 65 22 trust
2714 376 30 30 by
2768 376 69 24 strict

2297 408 128 25 'attention
2440 411 25 23 to
2477 408 115 26 business
2610 412 26 21 to
2647 408 73 25 merit
2738 415 16 18 a
2765 407 72 26 share

2303 441 26 23 of
2338 441 83 31 public
2432 444 108 29 support.

2302 505 107 27 Covered
2422 507 67 25 Vans
2503 506 47 26 will
2562 514 47 18 run
2620 507 64 25 from
2697 506 139 26 OXFORD

2411 565 24 22 to
2454 563 270 26 CHRISTCHURCII

2299 645 93 29 every
2421 634 188 39 MONDAY,
2637 634 195 32 WEDNES-

2359 717 88 29 DAY
2472 716 85 31 AND
2594 716 174 32 FRIDAY.

2494 767 141 32 Returning

2298 813 209 35 TUESDAY,
2535 812 233 32 THURSDAY
2804 812 27 30 &

2444 894 240 32 SATURDAY.

2295 968 132 25 Furniture
2439 968 50 25 and
2509 968 76 32 goods
2597 967 27 26 of
2641 975 72 25 every
2726 967 103 31 descrip-

2295 1003 52 23 tion
2359 1001 95 32 packed
2477 1003 49 22 and
2545 1002 115 23 removed
2677 1006 26 18 at
2723 1002 114 24 shortest,

2517 1034 91 23 notice.

2393 1076 135 33 Receiving
2540 1076 76 26 Order
2639 1077 54 25 Box
2704 1078 26 23 at

2295 1110 41 24 M>'
2350 1110 142 24 Earnshaw
2641 1109 69 25 West
2728 1108 100 24 Oxford.

2294 1143 25 25 J.
2332 1142 24 25 J.
2371 1143 102 24 Weeber
2646 1141 63 25 East
2728 1140 99 25 Oxford.

2294 1176 34 25 H.
2347 1175 128 26 Davidson
2558 1175 122 25 Bennetts
2700 1174 128 25 Junction.

2294 1210 27 25 C.
2340 1210 31 24 A.
2390 1209 73 31 Tyler
2693 1207 134 31 RaDgiora.

2295 1243 31 23 R.
2344 1242 34 24 H.
2396 1242 120 31 Hodgson
2759 1239 68 25 Cust.

2310 1296 54 24 The
2375 1297 76 23 above
2462 1302 101 25 waggon
2580 1302 48 17 run
2648 1294 26 24 m
2694 1293 118 32 conjunc-

2358 1329 53 24 tion
2423 1329 61 24 with
2502 1327 144 26 TYLER'S
2658 1333 103 25 wageon

2336 1362 84 23 which
2430 1361 82 23 leaves
2535 1360 179 23 RANGIORA
2733 1358 50 25 and
2830 1381 4 5 ,

2284 1403 5 4 -
2293 1391 276 26 CHRISTCHURCH
2576 1399 73 24 every,
2665 1391 47 31 day
2714 1398 7 23 j
2745 1390 82 25 orders

2284 1427 54 23 ,leffc
2349 1428 27 22 at
2380 1445 4 5 .
2393 1426 42 24 the
2446 1425 129 31 following,
2582 1425 82 31 places
2670 1424 41 30 jjp.
2731 1424 95 24 Christ-

2293 1457 94 26 church
2400 1459 53 24 will
2472 1454 103 28 receive,
2583 1460 98 26 prompt
2700 1456 127 24 attention

2292 1510 32 24 E.
2337 1510 79 24 Recce
2429 1510 19 24 &
2461 1509 60 25 Son.
2529 1534 4 3 .
2609 1527 4 3 .
2656 1506 119 26 Colombo
2788 1506 38 26 St.

2292 1542 154 25 Rotherfield
2463 1540 77 26 Hotel
2561 1539 3 4 '
2623 1536 90 29 Cashel
2723 1560 3 2 .
2735 1539 90 25 Street.
2833 1541 3 5 '

2292 1575 25 24 J.
2335 1574 31 24 B.
2385 1574 106 25 Watson
2575 1572 135 26 Cathedral
2722 1572 103 31 Square.

2293 1609 47 23 130
2360 1607 109 24 Kilmofe
2488 1605 96 26 Streets
2607 1605 142 32 Telephone
2777 1605 46 26 727

2423 1666 26 23 J.
2472 1665 139 25 GJIBTEB

2554 1724 119 27 Fernhill;
2691 1742 4 3 .

2460 1794 22 15 ;y
2490 1785 64 24 East
2573 1784 101 32 Ootfbrd.
2684 1784 21 14 -"■'■
2726 1795 5 4 •
2797 1795 4 2 •

2390 1908 34 16 -■•;
2440 1911 38 16 .-■«,■
2502 1896 27 31 (a
2545 1894 97 32 card);:;
2703 1908 17 16 tj
2725 1910 8 6 ..
2750 1896 40 28 ;.'

2288 1956 167 30 MESSES
2492 1952 231 34 JOHNSTON
2738 1951 86 32 ANI)

2488 2029 135 30 MILLS;
2770 2042 52 14 ...•-.

2451 2081 228 42 solicitors/
2690 2089 3 7 1
2714 2088 8 22 '-
2752 2086 5 9 '

2289 2163 282 28 christchuroh,
2601 2162 176 25 rangiora
2806 2162 19 24 &

2482 2223 147 24 OXFORD.

2322 2288 41 24 Mr
2375 2288 126 25 Johnston
2521 2287 50 25 will
2588 2287 87 25 attend
2686 2286 94 26 Oxford
2791 2294 33 17 on

2291 2320 77 25 Court
2394 2321 60 31 days
2477 2321 50 26 and
2545 2320 58 25 Sale
2623 2320 60 36 daj.^
2695 2320 51 24 and
2754 2338 9 14 r
2764 2327 61 23 .may

2289 2353 31 25 be
2331 2353 130 25 consulted
2485 2357 25 21 at
2522 2353 40 24 Mr
2579 2353 74 24 Lee's
2745 2348 78 32 Store,

2290 2386 71 24 Main
2371 2386 82 25 Street
2465 2385 101 25 Oxford.

2326 2426 165 28 Christchiirch
2502 2428 74 31 Office
2576 2442 32 3 —
2610 2426 119 33 Opposite
2741 2426 84 26 Union

2291 2462 79 27 Bank,
2383 2461 122 25 Hereford
2700 2465 108 22 l^-rjr...-z
2822 2462 4 30 }

2322 2506 126 29 Bangiora
2467 2505 73 31 Office
2542 2517 31 5 —
2574 2504 65 23 Next
2656 2505 27 22 to
2695 2503 41 24 Mr
2756 2503 29 24 A.
2794 2503 29 24 P.

2290 2538 114 24 Sutton's
2420 2537 107 24 Auction
2546 2536 88 24 Room.
2822 2547 4 7 '

2376 2662 136 46 FOR
2556 2662 181 44 SALE,
2823 2648 8 57 I

2291 2759 103 58 CART
2423 2759 50 23 and
2495 2759 121 26 Harness,
2654 2757 106 24 suitable
2787 2756 39 24 for

2344 2792 133 31 Creamery
2496 2791 129 30 suppliers.

2456 2840 71 28 Price
2552 2840 98 30 £8.10s
2651 2858 13 20 f)
2690 2856 7 5 ,
2747 2863 3 7 ,
2789 2863 8 7 r
2825 2826 6 46 |

2389 2906 131 27 JOSEPH
2537 2904 26 27 J.
2582 2903 158 31 WEEBER,
2825 2895 5 43 j

2827 2944 3 25 j

2454 2967 100 25 Picture
2566 2966 75 25 frame
2653 2965 101 25 maker.,
2760 2973 40 19 •,.,/
2828 2972 2 19 ;

2282 3027 47 13 :■■>.:■■
2554 3020 63 24 East
2630 3018 104 26 Oxford;
2761 3022 3 6 '

2292 3167 124 38 EVENTS
2432 3167 39 37 OF
2493 3166 69 38 THE
2580 3165 129 37 COMING
2721 3164 103 38 WEEK.

2289 3248 221 29 Annual-meeting
2520 3254 4 13 >
2529 3249 27 22 to
2568 3246 71 24 elect-
2651 3244 84 26 school
2759 3252 67 18 com-

2356 3288 104 24 mittees.

2289 3321 122 31 Tuesday,
2430 3320 105 30 Library
2555 3319 64 25 from
2633 3320 23 23 6.
2669 3326 25 23 p.
2705 3326 37 17 m.
2754 3320 31 22 to.
2801 3319 23 23 8.

2354 3368 62 24 p.m.
2500 3359 111 31 Meeting
2622 3358 27 24 of
2655 3357 175 24 .Easts-Oxford.

2355 3397 159 26 Oddfellows.
2674 3409 13 7 -
2712 3413 2 2 •
2742 3404 70 14 •>•:-;:.

2290 3439 139 31 Thursday,
2448 3438 72 25 Bank
2543 3445 79 23 open.,
2637 3458 12 3 ..
2660 3435 113 32 Meeting
2800 3435 32 28 of.

2357 3481 86 23 Water
2462 3479 95 31 Supply
2573 3478 91 25 Board.

2291 3520 132 31 Saturday,
2441 3519 103 31 Library
2556 3525 64 23 open
2642 3516 63 24 from
2724 3517 25 24 6.
2772 3517 27 23 to
2811 3516 15 24 8

2300 3569 3 15 :
2355 3566 53 23 p.m
2409 3572 7 15 j
2463 3556 120 31 Meeting;
2594 3552 27 27 of
2642 3554 65 24 East
2712 3565 4 3 •
2721 3551 112 35 ''Oxford]

2357 3596 155 25 Oddfellows.
2733 3599 3 4 -
2770 3605 3 7 ;
2800 3597 16 16 r
2830 3594 4 5 '

1842 458 215 49 Nsais#ok
2072 459 169 50 Hggfnt

1753 1052 251 22 EXTRAORDINARY
2019 1053 213 21 OPPORTUNITY.

1726 1127 82 23 FEOII
1818 1127 61 21 THE
1887 1127 140 21 FACTORS'
2036 1127 109 21 DIRECT
2154 1127 36 21 TO
2203 1128 62 20 THE

1915 1153 163 21 CTJSiOMER.

1726 1203 67 49 OUR
1813 1202 113 26 Company
1948 1202 20 20 is
1981 1202 78 25 selling
2079 1202 66 21 direct
2174 1203 23 20 to
2228 1203 37 21 the

1769 1229 113 23 customer,
1898 1229 51 20 thus
1962 1229 113 25 procuiiug
2086 1231 35 18 for
2132 1229 36 21 the
2177 1229 66 21 latter
2253 1237 13 12 a

1726 1255 75 21 double
1821 1260 110 20 economy,
1950 1254 92 26 namely,
2063 1256 37 19 the
2114 1256 65 24 profit
2189 1257 24 19 of
2226 1255 37 21 the

1724 1282 113 19 wholesale
1847 1282 76 23 dealer,
1941 1281 44 20 and
1995 1281 37 20 the
2048 1287 59 14 more
2116 1281 133 21 considerabl
2255 1288 11 13 e

1725 1314 39 15 one
1775 1308 22 21 of
1806 1308 37 21 the
1852 1308 63 20 retail
1926 1306 76 24 dealer,
2026 1307 161 25 amonntingto
2205 1308 56 19 from

1724 1336 31 20 53.
1783 1340 13 15 o
1803 1336 47 20 £10
1859 1340 57 20 upon
1926 1340 13 15 a
1949 1334 70 26 single
2026 1334 75 21 watch.
2117 1334 50 20 Rett
2173 1334 18 21 il
2196 1334 69 21 wate'i

1724 1362 82 20 dealers
1816 1363 44 20 and
1877 1361 112 26 jewellers,
2001 1361 85 23 usually
2100 1361 78 25 Belling
2199 1363 37 18 but
2252 1367 13 13 a

1724 1388 38 21 few
1774 1388 93 21 watches
1877 1388 64 24 daily,
1956 1393 36 14 are
2010 1387 71 20 forced
2100 1388 23 19 to
2146 1386 62 21 make
2236 1393 28 14 an

1724 1414 164 26 extraordinary
1902 1414 64 26 profit
1977 1419 57 19 upon
2054 1414 53 20 each
2121 1419 40 15 one
2175 1414 48 21 sold
2241 1414 24 19 m

1724 1440 63 21 order
1797 1442 23 19 to
1831 1442 75 26 defray
1915 1445 110 21 expences.
2214 1447 20 17 ;•

1750 1467 43 20 We
1811 1468 160 21 manufacture
1978 1472 26 15 as
2014 1472 44 15 our
2072 1468 119 26 speciality
2210 1468 54 25 only

1724 1494 97 26 sterling
1834 1495 69 21 silver
1912 1501 26 14 or
1955 1493 54 27 gold
2017 1494 156 21 stemwinders
2202 1492 71 29 (key--

1724 1522 32 20 lss
1768 1522 101 21 watches.

1752 1546 47 22 The
1808 1548 84 27 keyless
1908 1547 136 22 mechanism
2054 1546 23 21 of
2090 1547 94 22 watches
2192 1547 19 21 is
2220 1553 43 16 one

1724 1576 21 19 of
1759 1573 38 22 the
1806 1577 57 18 most
1874 1576 107 25 importar
1987 1576 8 19 t
2005 1574 43 20 and
2058 1574 73 20 useful
2139 1575 124 20 inventions

1724 1602 22 19 of
1761 1600 90 23 modern
1864 1602 82 22 .times,
1973 1600 87 21 instead
2074 1600 24 20 of
2113 1600 112 28 fumbling
2240 1601 23 20 m

1723 1628 61 21 one's
1794 1628 90 26 pockets
1900 1630 22 19 to
1932 1628 47 21 find
1994 1627 40 21 the
2051 1626 49 26 key,
2115 1628 71 20 which
2200 1628 63 20 when

1723 1654 70 21 found
1806 1654 20 20 is
1839 1655 58 20 most
1911 1654 83 26 always
2002 1653 63 20 filled
2074 1653 54 20 with
2138 1654 52 19 dust
2195 1665 16 3 -
2217 1654 46 20 this

1724 1680 23 21 of
1760 1685 77 17 course
1844 1680 68 27 being
1927 1678 130 22 transferred
2070 1680 25 19 to
2108 1679 40 21 the
2161 1680 73 20 watch
2236 1690 27 4 —

1723 1713 43 16 one
1775 1708 42 21 has
1825 1708 43 21 but
1876 1708 26 19 to
1911 1708 55 19 turn
1975 1712 12 15 a
1998 1706 96 20 knurled
2103 1706 82 21 button
2194 1706 70 21 fitted

1723 1735 25 20 to
1755 1735 42 20 the
1809 1734 104 27 pendant
1930 1733 32 26 (or
1971 1732 68 27 ring),
2049 1732 54 21 thus
2111 1732 102 28 winding
2223 1733 40 20 the

1723 1762 73 21 watch
1814 1762 47 21 and
1889 1760 131 28 regulating
2037 1758 41 23 the
2093 1759 73 22 hands
2179 1760 32 27 by
2221 1760 42 21 the

1724 1795 61 15 same
1794 1794 85 16 means.

1750 1816 49 21 Our
1807 1816 98 21 watches
1924 1822 38 15 are
1971 1816 143 26 everywhere
2130 1814 133 26 recognised

1724 1843 24 20 to
1757 1843 30 20 be
1804 1838 42 25 the
1858 1843 52 20 best
1926 1843 25 20 m
1969 1843 41 20 the
2020 1842 95 22 market,
2129 1842 134 26 surpassing

1724 1869 32 21 all
1766 1870 78 21 others
1853 1870 31 26 by
1902 1870 41 20 the
1952 1869 113 27 precision
2074 1868 24 21 of
2116 1868 62 21 their
2187 1873 75 16 move-

1724 1897 75 20 ments
1817 1903 26 14 as
1861 1897 53 20 well
1922 1903 26 15 as
1966 1897 31 26 by
2014 1896 62 21 their
2089 1901 110 21 accuracy
2216 1896 46 21 and

1724 1920 130 30 cheapness.

1752 1950 50 21 Our--
1807 1950 94 26 factory^
1914 1950 61 21 since
1984 1950 31 21 its
2020 1949 137 22 foundation
2165 1949 25 21 m
2200 1950 61 24 1852,

1724 1978 42 20 has
1775 1978 107 26 acquired
1891 1984 15 13 a
1915 1977 140 20 world-wide
2065 1977 136 26 reputation,
2216 1977 46 20 and

1724 2004 108 21 obtained
1840 2005 41 20 the
1891 2004 92 27 highest
1992 2004 88 20 awards
2098 2004 59 20 from
2170 2004 32 20 all
2220 2004 41 22 the

1724 2032 125 26 important
1863 2032 151 20 Exhibitions.
2044 2031 35 21 No
2092 2031 75 21 watch
2185 2032 75 20 leaves

1725 2066 41 14 our
1775 2059 89 26 factory
1877 2059 96 21 without
1989 2059 86 26 having
2084 2059 57 21 been
2151 2059 110 26 carefully

1726 2087 118 20 examined
1857 2086 46 20 and
1919 2086 99 24 verified,
2032 2087 54 20 thus
2104 2085 70 27 being
2191 2086 71 27 ready

1724 2113 38 21 for
1771 2113 130 21 immediate
1912 2119 44 15 use.
1985 2113 63 21 Each
2057 2119 42 15 one
2108 2112 21 20 is
2142 2113 44 26 put
2194 2120 32 20 up
2236 2113 26 21 m

1726 2142 29 19 ah
1764 2141 92 26 elegant
1865 2140 121 21 silk-lined
1994 2146 57 19 case,
2068 2140 45 21 and
2127 2146 135 22 accompan-

1725 2167 37 22 ied
1771 2168 31 26 by
1812 2174 14 14 a
1834 2169 114 25 warranty
1957 2167 35 21 for
2001 2168 65 20 three
2075 2174 71 20 years.
2221 2169 2 10 :

1752 2195 48 20 The
1805 2195 73 26 buyer
1886 2201 52 20 may
1944 2195 77 20 return
2030 2201 45 19 any
2082 2196 23 19 of
2114 2202 41 14 our
2164 2195 98 21 watches

1725 2221 81 20 within
1815 2222 35 19 six
1868 2221 91 20 months
1973 2221 81 21 should
2072 2222 41 20 the
2131 2222 72 20 latter
2220 2223 42 19 not

1725 2247 77 23 afford,
1806 2247 48 20 him
1862 2247 41 21 the
1912 2248 60 20 most
1981 2247 110 26 complete
2098 2247 148 21 satisfaction.

1753 2274 39 20 AH
1800 2274 93 20 articles
1903 2274 51 20 sold
1972 2280 39 14 are
2021 2274 112 21 delivered
2147 2275 50 25 post
2206 2275 56 24 free,

1725 2301 46 21 and
1780 2301 103 21 Customs
1897 2301 57 26 duty
1963 2301 56 26 paid
2033 2301 25 21 to
2067 2307 46 21 any
2126 2302 54 26 part
2188 2299 25 23 6f
2221 2302 41 21 the

1725 2329 76 24 world,
1817 2329 54 19 thus
1881 2329 97 20 without
1997 2329 40 20 the
2046 2329 108 26 slightest
2172 2329 90 21 trouble

1725 2362 26 14 or
1759 2355 118 26 formality
1884 2355 24 21 to
1917 2355 42 21 the
1968 2355 105 21 receiver.

1752 2382 39 20 All
1803 2383 88 25 repairs
1910 2382 84 26 during
2011 2383 42 19 the
2071 2383 65 20 three
2155 2388 65 19 years
2221 2378 3 15 1
2239 2383 24 19 of

1724 2409 125 26 guarantee
1861 2420 2 5 ■
1869 2414 38 15 are
1913 2428 3 2 .
1926 2409 111 20 executed
2051 2409 179 26 gratituitously,
2244 2409 19 20 if

1724 2437 41 20 the
1783 2436 75 21 watch
1879 2436 29 21 be
1924 2435 127 22 forwarded
2067 2437 25 20 to
2110 2442 41 15 our
2169 2436 94 21 London

1725 2465 67 21 office.
1971 2466 3 3 '
2221 2478 2 4 •

1724 2492 49 21 The
1795 2491 117 28 following
1930 2498 38 15 are
1992 2491 54 20 cash
2068 2491 74 26 prices
2161 2492 101 21 without

1724 2517 111 24 discount.

1912 2555 3 2 •
1957 2563 4 2 -
2094 2559 2 3 ■
2157 2546 58 23 ..:■&
2242 2552 19 14 s.

1752 2573 26 22 A.
1790 2572 162 25 Stem-winder,
1959 2567 176 32 sterlingsilver,
2142 2571 48 21 hall

1804 2599 100 24 marked,
1917 2599 104 27 jewelled
2029 2599 25 20 m
2063 2599 13 19 6
2086 2598 94 24 actions,

1804 2626 85 26 crystal
1895 2627 62 26 glass
1967 2633 14 14 a
1990 2627 80 24 strong
2076 2625 46 21 and
2126 2625 53 21 dur-
2262 2632 2 8 !

1803 2653 51 21 able
1868 2653 75 21 watch
2046 2650 142 23 ...""..."...'
2234 2654 27 19 12

1724 2680 53 25 A.A,
1787 2680 48 21 The
1854 2686 62 15 same
1934 2680 57 21 with
2019 2679 82 21 double
2122 2679 71 20 silver
2258 2682 7 23 •;

1807 2713 49 16 case
1870 2707 121 27 (Hunter),
2011 2706 115 27 elegantly
2142 2712 38 15 en-
2262 2707 3 27 j

1746 2734 138 28 •■graved.
1993 2745 62 11 vs..
2086 2744 79 11 .......
2234 2735 31 23 18;

1761 2762 88 20 B.Gold
1858 2762 160 23 stem-winder,
2027 2761 49 19 hall
2082 2777 3 2 .
2089 2759 105 23 marked,.
2263 2770 2 3 •

1727 2796 3 3 •
1805 2788 80 26 strong
1893 2788 90 27 keyless
1990 2787 80 25 action,
2080 2785 104 29 jewelled

1804 2814 25 20 m
1834 2816 26 19 13
1863 2816 93 23 actions,
1966 2815 55 20 with
2028 2814 55 26 gold
2092 2820 26 14 or
2124 2812 57 21 steel

1803 2841 81 25 hands,
1898 2841 66 21 small
1979 2840 82 22 second
2079 2840 54 24 dial,
2141 2845 39 15 en-

1806 2868 85 26 graved,
1904 2870 25 19 m
1946 2868 116 21 beautiful
2081 2868 99 25 designs,

1804 2896 82 26 engine
1894 2896 84 20 turned
1987 2901 26 15 or
2020 2895 63 27 plain
2092 2894 90 28 polish-

1804 2922 35 25 ed,
1861 2922 58 21 with
1936 2929 137 20 monogram,
2096 2921 84 24 initial,

1804 2955 59 15 arms
1873 2950 35 21 &c.
2194 2948 13 19 2
2248 2949 14 19 0

1723 2974 54 23 8.8.
1797 2975 45 22 The
1861 2982 60 16 same
1948 2983 25 15 as
1989 2976 26 25 B,
2036 2976 52 21 with
2105 2976 75 26 strong
2208 2990 3 4 •

1805 3002 77 22 double
1890 3004 50 24 gold
1954 3010 55 18 case,
2028 3011 30 14 an
2074 3003 104 21 excellent

1804 3030 44 20 and
1858 3035 49 21 very
1917 3032 84 24 elegant
2011 3031 134 25 timekeeper.
2157 3035 23 16 ..:
2192 3031 14 19 3
2235 3029 27 21 10

1752 3055 103 22 O.Roxal
1861 3056 155 29 chronograph,
2030 3059 26 19 18
2065 3058 59 20 carat
2128 3057 52 26 gold

1806 3086 57 19 most
1888 3085 99 26 superior
2006 3084 81 26 keyless
2110 3090 69 15 move-
2226 3085 2 6 '

1806 3112 67 24 ment,
1896 3114 23 17 of
1941 3112 38 20 the
2002 3112 58 20 most
2079 3112 101 19 accurate

1805 3138 168 26 workmanship,
1992 3138 44 21 and
2054 3143 41 15 one
2104 3138 22 20 of
2144 3134 37 24 the

1806 3164 47 22 best
1864 3166 165 24 wear-resisting
2039 3165 93 20 watches
2143 3169 23 16 ;.;
2171 3164 3 13 ;
2194 3165 15 19 4
2226 3169 2 10 >

1725 3190 48 21 C.C.
1784 3191 45 20 The
1843 3198 60 15 same
1912 3193 70 20 watch
1992 3192 52 20 with
2054 3191 75 20 double
2136 3190 44 21 and

1807 3219 60 20 extra
1876 3220 76 23 strong
1961 3225 54 17 case,
2026 3218 96 21 18-carat
2129 3217 50 25 gold

1806 3246 131 25 artistically
1954 3245 109 25 engraved,
2089 3244 92 24 engine-
2209 3262 4 2 .

1806 3272 77 21 turned
1893 3278 24 15 or
1936 3272 58 26 plain
2009 3270 103 27 polished;
2127 3270 53 20 with

1807 3305 145 20 monograms,
1966 3298 88 24 initials,
2065 3297 36 20 &o.
2141 3313 23 5 ...
2194 3297 13 20 6
2235 3297 27 20 10

1749 3326 30 21 D.
1801 3326 103 27 Imperial
1914 3326 100 20 calendar
2024 3326 154 24 chronometer,
2227 3337 2 13 ;

1807 3354 96 20 18-carat
1926 3352 56 25 gold,
2004 3352 121 24 indicating
2143 3351 37 20 the

1806 3380 48 24 day,
1864 3379 36 20 the
1910 3380 66 22 week,
1987 3378 36 21 the
2032 3378 83 26 month,
2133 3378 45 20 and

1806 3406 48 21 date
1872 3406 23 20 of
1904 3405 85 25 month,
1999 3405 97 27 jewelled
2110 3406 23 19 m
2143 3406 35 19 18-

1807 3433 90 25 --aclions,
1917 3430 51 24 with
1977 3433 32 20 all
2019 3433 35 20 the
2063 3433 66 20 latest
2137 3432 42 21 im-

1806 3460 146 27 provements
1974 3460 47 21 and
2042 3460 136 23 inventions,

1806 3493 43 15 one
1858 3488 24 20 of
1891 3488 40 20 the
1940 3488 52 20 best
2001 3486 45 21 and
2051 3487 58 20 most
2117 3493 63 20 mag-

1780 3523 3 3 •
1806 3514 195 21 nificentwatches
2008 3514 172 20 manufactured
2230 3514 2 12 l

1807 3542 56 20 such
1873 3547 25 15 as
1913 3547 38 15 are
1960 3547 70 16 never
2039 3540 50 21 sold
2106 3541 31 25 by
2147 3547 33 15 re-

1806 3568 44 21 tail
1859 3568 87 21 dealers
1954 3568 36 21 for
1999 3568 45 20 less
2053 3567 57 21 than
2119 3568 47 20 .£25
2194 3568 28 21 10
2249 3569 14 18 0

1752 3595 39 21 All
1800 3602 41 14 our
1849 3595 98 21 watches
1957 3601 38 15 are
2002 3594 173 21 manufactured
2183 3594 25 21 m
2216 3595 47 20 two

1726 3622 104 20 different
1839 3623 64 23 sizes,
1915 3622 65 26 large
1989 3621 46 20 and
2044 3621 67 20 small
2122 3620 45 26 (for
2176 3622 87 24 gentle-

1724 3655 53 14 men
1795 3649 47 20 and
1863 3648 91 26 ladies,)
1976 3648 98 21 without
2097 3647 121 21 difference
2237 3648 26 19 of

1724 3675 70 27 price,
1861 3690 6 8 >
2234 3680 3 15 ;
2256 3695 2 2 .
2268 3691 2 3 .

1752 3702 45 20 Old
1806 3702 104 23 watches,
1925 3701 39 20 old
1972 3700 55 26 gold
2035 3700 46 20 and
2099 3700 69 20 silver
2177 3700 48 20 will
2233 3701 29 21 be

1724 3729 71 20 taken
1802 3729 25 20 m
1835 3728 109 26 payment
1954 3728 25 19 at
1987 3727 41 20 the
2037 3726 94 26 highest
2143 3727 75 20 value:
2234 3727 29 20 'if

1725 3755 126 20 forwarded
1860 3756 32 24 by
1900 3754 80 27 parcel,
1985 3754 52 26 post
2045 3754 25 20 to
2080 3760 42 14 our
2133 3754 100 21 address.

1752 3782 156 20 Remittances
1926 3787 53 19 may
2001 3781 29 20 be
2052 3780 66 21 made
2137 3781 74 20 either
2228 3782 33 24 by

1725 3808 79 21 Postal
1813 3808 78 24 Order,
1901 3808 98 26 Cheque,
2008 3807 67 20 Bank
2084 3804 65 23 notes
2157 3807 105 27 (postage

1725 3837 86 24 stamps
1820 3835 36 20 for
1866 3835 67 20 small
1940 3834 120 27 amounts,)
2075 3834 25 20 of
2109 3841 45 19 any
2159 3836 103 25 country,

1724 3863 26 20 m
1757 3862 127 26 registered
1891 3862 69 20 letter.

1752 3889 22 20 It
1784 3890 20 19 is
1814 3895 41 14 our
1863 3888 47 21 aim
1918 3889 25 20 to
1954 3888 45 26 give
2008 3888 41 20 th«
2065 3888 88 22 utmost
2161 3888 101 26 possible

1725 3913 141 23 satisfaction
1874 3916 26 19 to
1909 3920 41 15 our
1959 3914 85 25 clients,
2066 3915 107 25 knowing
2180 3914 48 21 this
2237 3916 25 19 to

1724 3943 29 20 be
1760 3942 42 21 the
1811 3942 52 21 best
1872 3940 215 22 advertisemenfc-for
2100 3948 42 13 our
2148 3941 114 26 products,

1724 3969 47 20 and
1780 3969 33 20 all
1820 3968 50 20 who
1879 3968 59 20 have
1950 3972 55 16 once
2019 3968 96 20 entered
2131 3968 50 19 into
2197 3968 52 20 busi
2249 3979 14 12 r

1724 4001 52 15 ness
1785 3995 109 20 relations
1903 3994 58 24 with
1979 4000 27 14 us
2022 3994 78 26 gladly
2119 3995 144 20 recommend

1724 4028 28 15 us
1760 4022 26 20 to
1795 4022 60 19 their
1863 4021 89 21 friends
1961 4020 47 21 and
2016 4020 178 27 acquaintances.

1780 4048 101 21 Address
1889 4047 37 20 for
1934 4047 82 21 letters
2023 4046 47 21 and
2078 4048 74 20 orders
2159 4063 6 5 .

1734 4100 98 21 MORSE
1842 4099 259 22 MANUFACTURING
2111 4099 138 22 COMPANY

2049 4145 77 25 Court;
2141 4147 64 20 .'/'
2241 4152 21 15 .:?

1716 4196 2 13 :
1733 4206 4 4 .
1734 4205 21 17 }V:
1762 4203 66 15 ._...;-,
1850 4209 14 9 v
1861 4203 13 8 -,
1878 4203 18 13 v
1899 4204 3 4 .
1924 4194 40 22 jW..
1970 4189 94 22 London
2072 4189 57 23 E.C..
2134 4203 6 12 X
2146 4206 2 2 .
2183 4199 78 16 ..■•[•.•'•'

1861 4252 2 3 .
1889 4237 2 2 '
1946 4247 2 2 ■
1974 4237 3 2 '
1987 4247 1 3 ■
2161 4250 1 1 .
2191 4250 2 1 .
2226 4242 32 16 -j.

1717 4290 3 3 •
1732 4299 9 9 t
1932 4286 27 21 a*
1959 4289 2 11 ;
1966 4286 104 25 iDiißfe>'!M
2079 4281 184 34 etffry^localtty,

1726 4321 31 15 an
1767 4312 122 26 intelligent
1901 4319 86 24 >peraon
1997 4314 29 20 -to
2034 4313 37 21 act
2089 4318 26 16 as
2130 4318 41 16 our
2186 4307 77 37 Agenjt.

1727 4341 37 20 No
1773 4338 83 28 spedial
1865 4338 127 27 khowledge
2001 4340 108 27 required;
2117 4339 150 22 ahd-irithdur

1863 4366 68 21 +=-with
1953 4369 96 23 present,
2053 4365 141 27 .occupation.
2209 4378 4 3 •
2229 4366 40 21 Aa

1729 4389 111 26 excellent
1854 4393 137 27 occupation
2009 4393 36 20 for
2054 4399 14 14 at
2086 4392 92 28 capable
2187 4398 78 20 young

1729 4426 54 15 man
1792 4426 25 15 or
1825 4420 61 27 lady.
2006 4429 3 2 •
2242 4421 6 9 '

1174 153 235 47 PRISTB!
1446 151 262 48 P&IRTS!!

1174 259 18 36 |
1206 258 20 28 A
1238 259 30 33 ft
1274 259 31 27 A
1329 258 93 37 yards
1437 257 33 29 of
1493 257 52 29 the
1568 256 141 30 Season's

1174 283 131 53 Hull
1336 299 64 28 fast
1430 297 103 30 colour
1557 295 150 30 PEINTS

1172 339 49 29 3d.
1239 349 54 29 pec
1302 339 88 40 yard,
1402 338 100 29 worth
1520 337 48 30 6d.
1586 335 121 30 Double

1173 380 95 28 width
1277 401 7 5 .
1324 379 153 38 Fabrique
1540 377 167 29 Francaise

1170 420 92 30 Dress
1288 419 159 31 Materials
1477 419 132 29 reduced
1623 417 82 29 from

1171 462 42 28 Is.
1226 460 47 30 6d.
1287 464 31 25 to
1330 460 42 29 Is.
1386 470 56 29 per
1453 459 88 38 yard,
1566 457 139 30 Suitable

1167 501 112 30 frothis
1304 510 107 21 season
1435 500 33 29 of
1484 499 53 30 the
1552 508 84 31 year.

1305 576 127 22 DOUBLE
1453 574 111 22 WIDTH

1219 618 431 44 CHEVIOT

1180 676 194 46 DRESS
1430 675 257 46 TWEEDS

1343 747 81 38 (half
1437 746 96 39 price)

1178 794 118 30 Melton
1315 794 111 30 Tweed
1443 794 51 31 6d.
1512 794 101 30 worth
1629 795 39 29 10
1672 794 17 41 \

1164 841 115 31 Melton
1297 841 112 32 Tweed
1425 843 43 30 Is.
1486 842 100 32 worth
1602 842 44 32 Is.
1660 843 40 30 6d

1176 894 101 29 better
1301 893 94 30 value-
1417 893 75 30 than
1518 894 169 40 travelling

1238 948 127 40 drapers
1379 948 65 31 will
1459 949 71 39 give
1543 960 71 29 you.
1625 973 8 2 -

1175 1015 219 40 tJUHSS'
1426 1017 256 40 JACKETS

1266 1068 80 31 New
1369 1067 78 32 This
1469 1068 124 31 Season

1162 1117 35 29 5s
1219 1116 42 29 6d
1302 1116 146 30 Reduced
1463 1116 80 30 from
1601 1118 55 28 12s
1665 1118 2 3 '
1678 1118 18 28 6

1162 1177 37 30 15
1212 1177 51 30 -6
1288 1177 82 30 d
1389 1200 19 14 „
1493 1201 17 16 „
1601 1177 55 31 20s
1677 1178 20 29 0

1176 1277 238 26 MANCHESTER
1431 1278 248 24 DEPARTMENT.

1162 1321 112 37 Prints,
1296 1322 113 31 checks
1425 1323 61 30 and
1508 1322 115 40 stripes

1162 1375 93 29 Table
1278 1376 161 35 Damasks,
1447 1399 4 4 .
1462 1374 231 30 unbleached^-

1241 1424 115 40 special
1378 1426 94 30 value
1487 1423 82 34 from
1587 1427 45 41 1/-

1161 1485 113 31 Brown
1310 1485 138 31 Holland
1483 1497 78 30 very
1597 1487 98 42 cheap

1160 1537 191 30 Flannelette
1367 1537 60 30 and
1443 1537 152 42 Shirting,
1611 1540 85 39 'good

1240 1588 91 31 value
1350 1589 80 30 from
1453 1590 50 29 4d.
1665 1611 3 22 I

1160 1638 91 30 Floor
1273 1638 93 31 Cloth
1385 1641 83 38 good
1489 1643 33 27 at
1544 1641 52 30 9d,
1603 1660 4 10 ;
1665 1663 3 10 :

1160 1689 86 31 Wide
1268 1689 112 31 Forfar
1401 1693 33 27 at
1456 1690 50 30 6d.

1490 1749 2 2 .
1514 1747 25 4 ...
1559 1748 1 2 .
1604 1746 2 2 .
1632 1729 37 21 ...i

1364 1774 40 6 —
1406 1768 35 20 «•
1666 1766 4 24 !

1198 1826 118 35 BOTS
1346 1818 307 43 MPAR*MENT.
1668 1809 4 56 \

1341 1925 23 28 T
1378 1932 57 18 now
1444 1926 116 25 continue
1573 1929 24 21 to
1609 1927 87 25 devote

1194 1951 114 44 sJks%>*±
1340 1950 26 32 J--
1399 1958 99 31 Special
1516 1958 131 26 Attention
1670 1964 26 20 to

1167 1997 152 34 /jftMffM.
1379 1998 11 16 a
1404 1990 172 32 Department,
1589 1993 50 24 and
1657 2000 39 18 am

1486 2047 156 26 'OFJTERiNG

1234 2122 16 23 i
1280 2129 27 16 r
1425 2125 103 21 LARGE
1543 2127 74 22 LINE
1670 2124 2 15 :

1201 2193 34 39 'j
1255 2185 34 52 V|
1395 2200 142 23 KNICKEE,
1557 2203 85 22 SUITS
1670 2201 2 15 :

1217 2223 17 45 f
1244 2223 124 47 Jfg^at
1382 2235 41 21 the
1442 2235 117 26 following
1573 2235 125 21 SPECIAL

1183 2256 134 47 <^^^
1317 2259 17 14 r
1343 2271 107 21 EEICES
1460 2280 35 12 :—
1535 2274 16 16 ..'
1618 2282 10 10 ..
1670 2278 3 16 :

1218 2313 33 21 To
1259 2313 29 21 fit
1296 2313 61 27 Boys
1367 2316 12 19 3
1389 2314 72 21 Years
1472 2314 35 27 5/6
1536 2315 13 20 5
1559 2315 73 21 Tears
1646 2315 36 26 5/6

1380 2348 14 21 7
1405 2348 72 21 Tears
1488 2348 36 21 5/6
1552 2350 13 19 9
1574 2349 73 21 Tears

1160 2405 86 39 Boys
1268 2405 132 30 Blouses
1435 2406 42 29 Is.
1517 2407 59 35 6d.,
1596 2406 102 31 worth

1210 2466 3 4 •
1231 2468 9 16 :
1268 2456 3 21 ;
1359 2447 125 35 ;2s.^6d,
1562 2458 57 17 ■•■.:■

1159 2503 83 29 Lace
1264 2503 145 31 Curtains
1432 2505 55 28 25..
1520 2503 60 31 Per
1601 2505 79 39 pair.

1223 2611 80 32 1897
1331 2611 182 31 AUTUMN
1541 2611 91 32 1897.
1672 2605 3 23 [

1263 2703 76 22 JUST
1369 2703 141 23 AREIVED
1532 2704 51 24 EX.
1673 2712 3 6 '

1246 2790 38 17 ......
1310 2776 234 32 KATEQURA.
1672 2781 4 23 I

1198 2856 75 31 Just
1307 2858 140 29 received
1480 2858 99 29 direct
1614 2857 81 30 from

1160 2897 141 34 London,
1318 2908 19 20 a
1355 2899 96 39 .large
1480 2900 214 38 consignmer^t

1158 2938 32 30 of
1200 2937 135 32 General
1345 2938 142 42 Drapery
1487 2957 42 5 —
1529 2950 40 19 no
1580 2939 116 31 middle

1159 2980 92 29 men's
1261 2980 120 40 profits,
1399 2990 18 20 a
1432 2980 99 40 single
1540 2980 78 40 yard
1635 2980 59 33 aild

1159 3030 18 19 a
1206 3021 99 39 single
1334 3021 108 31 article
1472 3027 32 24 at
1532 3022 164 31 wholesale

1159 3061 101 40 prices
1261 3079 42 4 —

1159 3175 146 46 €-ream
1327 3176 202 53 Holland,
1558 3176 131 48 Bam-

1158 3246 77 46 ask
1255 3246 198 57 Taking,
1470 3246 224 53 Moleskin,

1159 3383 231 62 Skirtings
1430 3383 203 49 Uhnni
1653 3383 41 50 &

1158 3452 143 45 WMtxS
1350 3451 345 54 nmskmhw%

1158 3520 187 50 €dHe#s0
1348 3554 13 21 9
1402 3520 106 49 Mm
1547 3521 134 50 1Mm
1681 3555 15 21 9

1159 3589 142 48 Union
1322 3589 84 48 m&
1427 3589 135 47 M&m
1589 3589 108 48 Tick

1158 3660 149 45 Wclsli
1326 3660 212 52 Flannels,
1580 3660 116 45 Har-

1159 3729 104 47 vard
1302 3729 208 60 SMrting,
1541 3729 157 48 Bdssd

1159 3793 220 60 QwfaUfa
1399 3792 209 66 SMriing.
1685 3830 2 12 .

1212 4006 257 49 hnckUlack
1487 4006 152 49 towsls
1686 3996 7 59 !

1225 4380 448 51 UmcmonßlinU

648 162 54 39 R.
731 162 56 38 H,
823 161 281 40 PARISH'S

601 253 218 33 BARGAINS
872 256 49 30 for
949 253 72 35 this,
1035 253 108 32 month

616 371 3 14 :
631 362 5 11 '
732 375 175 24 COLONIAL
947 373 129 25 TWEED

770 439 186 26 TBOUBEBB
987 440 42 23 6s.

782 505 70 24 ALL
900 505 107 25 WOOL.

685 601 145 29 STRAW
852 600 144 30 HATS!!
1022 602 32 27 3s

770 641 73 31 STB
847 642 67 30 AW
930 641 164 31 HATS!!!

758 682 94 25 HALF
870 681 112 26 PRICE.

599 736 83 25 JUST
695 738 25 22 to
732 735 69 25 band
803 750 29 3 —
835 735 48 24 late
895 735 38 24 for
951 735 43 24 the
1003 742 94 21 season,
1110 736 26 23 to

599 768 29 24 be
649 768 53 24 sold
725 771 26 21 at
777 768 127 31 half-price
906 782 31 3 —
939 767 90 25 Ladies
1057 767 80 25 Saiolr

599 801 66 24 Hats
676 804 27 21 at
715 802 36 23 Is.
787 801 79 24 worth
881 801 37 23 2s.
954 801 83 24 Men's
1071 799 63 31 Leg-

599 834 60 24 horn
659 834 85 24 .-Hats.:
744 837 9 18 '-■
775 834 73 31 Boy's
860 833 106 24 Boaters
979 835 26 22 at
1013 834 35 23 Is.
1057 833 77 24 worth

598 868 37 23 2s.

725 927 86 31 Must
825 928 38 30 be
879 928 129 31 cleared.

598 1001 120 30 Double
733 1001 98 29 width
850 1001 105 29 Check
970 1001 162 29 Costumes

754 1048 113 29 Tweed
897 1048 69 29 6id.

595 1136 119 30 Melton
735 1135 136 38 Tweeds,
893 1136 51 30 6d.
966 1146 56 29 per
1043 1137 87 40 yard.

594 1234 103 30 White
728 1235 154 29 Blankets
917 1234 43 30 7s.
989 1234 49 30 6d.
1076 1244 55 29 per

596 1289 75 39 pair.
729 1289 102 38 Large
868 1288 69 30 Size
968 1288 161 37 Blankets,

699 1335 62 29 10s.
787 1335 49 29 6d.
869 1344 56 29 per
946 1335 78 38 pair.

596 1383 66 40 Boy
697 1382 82 29 Pilot
793 1382 129 29 Jackets
939 1383 34 28 6s
989 1382 49 29 6d.
1054 1382 74 29 each

636 1471 50 29 All
706 1471 87 30 these
815 1471 96 39 goods
933 1481 53 19 are
1000 1469 130 40 cheaper

593 1519 76 30 than
692 1530 57 19 can
770 1519 38 30 be
831 1519 173 39 purchased
1019 1522 33 25 at
1066 1528 62 30 any

593 1566 224 31 Christchurch
848 1566 119 39 Selliog
998 1566 44 30 off
1068 1565 60 31 Es-

592 1612 202 31 tablishment
815 1622 36 21 or
871 1613 80 30 from
979 1613 150 30 itinerant

592 1653 140 39 drapers.
838 1663 2 9 :

777 1706 57 21 JOB
865 1705 74 22 LINE

591 1770 177 31 KAIAPOI
801 1770 153 33 TWEED
977 1770 130 32 SUITS.

819 1850 64 29 21s.

633 1953 80 30 1897
758 1948 181 34 WINTER,
982 1953 101 31 1897;

590 2104 83 21 SUITS
683 2105 86 20 MADE
780 2106 37 20 TO
827 2106 145 21 MEASURE
987 2107 79 21 FROM
1084 2108 44 22 50s.

591 2163 119 80 FULL
726 2165 143 31 RANGE
881 2166 35 30 of
923 2166 63 30 this
996 2166 122 31 -Season
1121 2165 6 14 1

668 2205 145 31 Patterns
834 2210 33 26 to
897 2207 93 31 hand.

693 2297 37 32 R,
755 2297 42 30 .H
819 2298 198 31 PARISH'S

735 2358 92 26 EAST
845 2360 146 25 OXFOKD.

669 2408 73 21 WHO
757 2409 135 21 INTENDS
907 2409 38 21 TO
960 2409 74 21 SELL

590 2458 177 30 seasonable
777 2459 96 38 goods
883 2461 33 27 at
921 2459 101 40 prices
1031 2459 100 31 below

590 2511 69 29 that
678 2510 32 30 of
726 2521 61 28 any
796 2521 4 11 ;
812 2510 224 32 Christchurch
1060 2512 68 30 firm

729 2599 42 4 —
845 2593 30 19 «»
897 2610 2 1 .

635 2664 167 32 ALL
845 2664 241 34 WOOL

590 2716 197 49 %%hnhl
827 2717 177 48 fhnml
1053 2716 75 49 M.

591 2790 130 39 cheaper
736 2790 76 29 than
828 2800 56 19 can
906 2790 38 30 be
956 2790 172 39 purchased

590 2843 33 27 at
652 2840 125 30 auction
805 2850 35 19 or
858 2840 84 30 from
979 2842 149 29 itinerant

774 2887 137 40 drapers:

720 2986 34 5 ■—
754 2988 55 3 —
809 3002 15 1 ..
846 2981 30 18 ♦
897 2997 6 6 ..
965 2988 26 5 —
1073 2979 3 12 ;
1091 2996 20 3 ...

690 3036 343 42 PARISH'S

604 3258 200 111 HP'
836 3320 263 47 YOUTHS*

584 3408 2 2 '
612 3460 1 1 .
629 3393 140 67 Wll
773 3444 30 15 .-■•
960 3417 108 37 Wool

627 3479 15 45 I
668 3479 105 63 10W'
798 3501 179 24 COLONIAL
1001 3502 129 24 TWEED

598 3541 137 94 x£j|||
843 3574 218 33 SUITS
1066 3567 3 14 1

632 3661 127 32 From
784 3660 89 40 12(6
895 3667 73 32 per
991 3661 94 37 suit.

660 3723 80 32 (three
749 3724 137 29 garments,
904 3722 81 26 worth
997 3722 66 33 255.)

596 3767 92 25 Cannot
699 3767 26 24 le
732 3767 137 30 purchased
880 3771 25 20 at
921 3767 171 24 GhristcJiurch
1103 3775 28 16 or

581 3821 1 20 I
647 3821 29 12 ..:
709 3809 122 24 elsewhere
838 3809 73 26 flt.tjie
918 3810 78 30 price.
1043 3821 37 15 ..,>

600 3842 23 29 J
634 3841 133 30 AMens
781 3842 101 29 Black
892 3840 69 31 S.B.
972 3842 58 29 Sac
1040 3841 91 30 Coats

692 3883 50 29 for
765 3882 135 39 Sunday,
907 3882 63 29 and
993 3882 138 38 Holiday

596 3932 81 21 wear
685 3921 146 30 Reduced
839 3922 83 29 from
933 3920 68 39 25/-
1013 3925 33 26 to
1055 3914 75 46 15/6

632 4084 5 10 f
650 4057 54 31 TO
733 4055 340 35 BUSHWORKEIta

595 4136 174 60 WANTED
781 4136 74 23 offers
866 4136 38 23 lor
914 4135 98 32 falling,
1029 4136 103 31 logging

679 4168 49 25 and
750 4167 119 32 trollying
894 4167 91 26 timber
1007 4169 26 23 at
1055 4168 77 24 Birch

594 4202 56 26 Hill
666 4202 39 25 for
723 4201 31 25 12
775 4200 111 25 months.
938 4199 150 26 Particulars
1104 4202 27 24 at

590 4263 162 52 M^JiiFS
773 4273 79 30 Siore,
887 4273 103 29 Oxford,
1030 4298 4 2 .
1064 4280 62 19 -_v.o

660 4350 25 27 J.
702 4348 90 26 LACE
828 4347 76 25 Birch
921 4346 63 31 Hill,

594 4450 3 4 .
612 4430 14 25 ;,
636 4439 4 14 i
649 4410 8 22 [
664 4413 24 40 'r:
700 4411 139 42 WfIrBOYP
852 4422 19 24 &
882 4420 94 29 KEIR,
994 4419 134 33 Eangiora.

53 166 172 32 OXFORD
257 164 114 31 ROAD
394 163 157 31 BOARD.

82 248 174 26 ELECTION
276 246 44 26 OP
338 246 183 26 MEMBERS,

34 315 40 63 I
100 312 146 26 HEREBY
271 312 84 24 GIVE
380 311 135 30 NOTICE,
545 312 27 23 m

95 346 147 24 accordance
254 345 60 24 with
326 345 42 24 the
390 344 137 31 provisions
547 345 28 24 of

32 381 41 23 the
97 378 72 26 Road
188 378 95 25 Boards
307 378 52 28 A.ct,
373 378 73 28 1882,
467 377 49 24 and
528 377 44 25 the

32 411 150 32 Regulation
211 412 28 23 of
263 411 75 24 Local
365 411 128 24 Elections
516 411 55 28 Act,

34 446 73 27 187G,
125 445 48 25 and
192 444 180 25 Amendments
389 442 106 30 thereto,
516 442 56 26 that

32 486 30 16 an
82 478 91 25 ELEC
177 478 15 13 T
195 477 60 25 ION
276 478 26 24 of
325 476 119 25 THREE
469 476 101 24 RATE-

31 510 137 26 PAYERS
181 512 26 24 to
220 518 68 17 serve
297 518 25 17 as
344 509 121 25 Members
486 509 26 25 of
528 509 43 25 the

32 544 93 25 Oxford
137 545 71 23 Ecad
220 543 82 25 Board
313 543 27 24 m
359 543 70 31 place
441 542 27 25 of
478 542 92 24 Messrs

33 577 96 30 Basset,
148 577 109 24 Hawker
275 576 48 25 and
335 575 73 25 Weld
420 575 67 31 (who
499 576 72 23 retire

32 610 33 29 Vy
85 611 116 26 rotation,
226 609 45 25 but
291 617 42 17 are
352 608 96 31 eligib.e
471 608 38 24 for
529 616 42 16 re-

32 644 124 33 election),
182 642 51 25 will
253 644 29 23 be
305 641 59 26 held
386 644 26 21 at
436 641 40 24 the
500 641 70 24 Road

32 676 82 25 Board
127 677 85 28 Office,
228 676 99 28 Oxford,
340 683 33 17 on
383 674 185 25 THURSDAY

33 710 60 30 May
106 710 45 24 6th
173 710 73 25 1897.

66 742 184 27 Nominations,
268 741 79 24 which
359 742 68 22 must
450 740 29 23 be
490 740 26 23 m
528 740 43 24 the

31 776 138 31 prescribed
192 775 73 28 form,
284 775 68 23 must
370 775 29 22 bo
411 772 121 25 delivered
544 774 26 23 to

31 809 44 24 the
88 808 139 31 Returning
245 807 88 27 officer,
359 815 25 16 or
394 805 139 25 faddressed
545 807 25 22 to

32 841 52 24 him
98 841 50 24 and
159 841 122 24 delivered
299 842 26 22 at
338 839 40 24 the
397 838 70 25 Road
487 837 82 25 Board

32 874 84 29 Office,
131 874 101 26 Oxford,
247 873 81 24 beforo
340 872 71 25 Noon
423 879 32 17 on
468 870 100 25 TUES-

31 906 78 29 DAY,
123 907 70 31 April
206 905 70 26 27th.
290 906 73 24 1897.

130 977 115 25 JAMES
262 977 35 24 H.
316 977 151 26 SHABPE,

228 1032 131 28 Betwming
372 1031 94 29 Officer.

29 1081 72 31 April
110 1080 70 25 20th.
195 1081 74 23 1897.

30 1203 173 32 OXFORD
218 1203 119 33 ROAD
356 1204 209 33 DISTRICT.

29 1277 57 57 TH
90 1277 8 12 7
100 1277 10 23 *]
124 1277 100 24 Annual
237 1277 112 32 Meeting
370 1278 28 24 of
415 1278 151 31 Ratepayers

78 1310 49 24 will
152 1311 29 24 be
203 1311 58 24 held
283 1311 26 23 m
333 1310 44 25 the
394 1311 70 24 Road
485 1310 80 25 Board

31 1343 83 29 Office,
144 1344 92 24 Oxford
257 1345 25 23 at
302 1344 16 24 2
341 1344 94 25 o'clock
454 1351 60 24 p.m.
533 1351 32 17 on

31 1376 221 25 WEDNESDAY
264 1377 59 30 May
335 1373 55 28 sth.'
401 1378 73 24 1897.

95 1429 115 26 JAMES
221 1430 35 23 H.
276 1429 150 28 SHABPE,
565 1443 1 10 •.

259 1482 74 25 Clerk
344 1483 26 24 to
382 1483 43 24 the
441 1483 89 24 Board.

50 1607 171 30 OXFORD
250 1607 113 30 ROAD
384 1606 158 32 BOARD.

25 1679 177 25 fTENDERS
226 1687 41 16 are
285 1679 95 24 invited
399 1678 39 24 for
457 1679 41 24 the
518 1679 44 24 £61-

31 1714 21 21 X
74 1711 92 31 lowing
177 1712 76 23 works
265 1729 5 6 .
565 1713 2 8 '

26 1744 137 31 Shingling
173 1745 32 23 30
217 1744 45 24 chs
330 1743 76 24 Tram
417 1743 78 25 Road.
514 1751 19 15 ■•;:

93 1776 39 25 Do
172 1777 32 24 25
241 1792 17 7 ...
330 1775 116 26 Steffen's
459 1776 79 25 Road.
565 1792 3 16 :

25 1809 125 32 Breaking
161 1811 84 23 stones
325 1809 79 25 Sale's
417 1809 78 25 Road.
512 1829 2 3 ,

24 1842 117 30 Clearing
151 1842 123 24 Tussocks
319 1842 68 24 Four
399 1841 164 25 Chainßoad
565 1842 4 9 1

24 1874 118 32 Clearing
163 1882 72 23 gorse
260 1875 28 23 m
317 1874 70 24 Main
417 1874 69 24 Road
512 1874 55 23 and'

93 1907 99 25 Church
212 1907 83 26 Street
321 1907 92 25 Gravel
432 1907 62 25 Pits.

29 1940 123 31 Patching
161 1941 99 24 various
272 1940 83 26 Roads
366 1940 27 23 m
406 1940 112 24 District.

57 1973 109 24 Tenders
178 1974 27 23 to
218 1973 28 24 be
258 1974 57 23 sent
326 1973 35 23 m.
363 1972 82 24 before
457 1980 62 16 noon
528 1979 33 17 on

23 2005 226 25 WEDNESDAY
261 2005 59 31 May
335 2005 51 24 sth.
401 2006 74 25 1897.

58 2038 54 26 The
135 2039 85 25 lowest
232 2046 28 17 or
272 2046 47 23 any
342 2038 85 25 tender
446 2039 46 23 not
504 2045 56 17 nec-

24 2071 100 32 essarily
137 2071 122 31 accepted.

123 2125 116 24 JAMES
250 2125 35 23 H.
299 2124 152 29 SHABPE,

225 2177 72 26 Clerk
310 2179 24 24 to
346 2178 43 24 the
401 2178 91 24 Board.

55 2307 86 33 TO
146 2307 132 32 WIST
309 2306 217 33 HALL

110 2393 128 31 EAST
265 2391 208 33 OXFORD

23 2490 262 47 FBIDAY
316 2490 146 45 MAY
493 2489 66 46 14.

88 2586 143 25 ANNUAL
249 2586 158 26 CONCERT
424 2586 70 25 AND

147 2636 289 26 CONVERSAZIONE

58 2690 28 24 m
98 2690 41 24 aid
151 2690 25 25 of
187 2689 44 26 the
243 2689 175 32 Presbyterian
427 2689 100 25 Church

124 2810 332 45 TENDERS.

22 2901 56 25 117
80 2901 115 24 ANTED
214 2901 40 23 for
271 2900 43 24 the
331 2899 108 31 position
451 2898 26 25 of
494 2906 65 16 care-

36 2935 28 24 TT
100 2933 70 25 taker
187 2935 26 23 to
231 2932 43 25 tte
291 2931 152 25 KIRIKIRI
461 2931 98 25 School.

22 2967 88 25 Duties
122 2969 25 22 to
165 2974 141 17 commence
319 2974 33 16 on
370 2965 43 24 the
433 2967 46 22 Ist.
502 2965 59 30 May

24 3002 72 24 1897.

57 3066 49 25 For
123 3066 144 31 particulars

200 3127 74 30 apply
291 3127 27 22 to

255 3183 123 26 HENRY
399 3182 129 25 FFITCH

356 3242 143 25 Woodside.

113 3368 131 44 FOR
302 3368 181 46 SALE.

277 3443 29 19 ♦
345 3452 1 5 ,

27 3481 127 58 BACON
184 3481 49 23 and
265 3481 80 29 hams,
380 3480 52 24 this
452 3480 109 24 season's

88 3521 66 20 cure,
189 3513 60 28 lard,
272 3513 53 23 axle
344 3521 84 23 grease
440 3521 15 15 a
471 3512 92 31 special

27 3545 148 32 compound.

86 3605 42 45 J.
194 3605 309 46 PARLANE

199 3689 103 31 East
345 3688 158 33 Oxford
513 3711 8 7 .

164 3823 258 48 NOTICE.

29 3917 88 57 ALL
128 3913 193 28 advetisenients
342 3914 56 24 sent
408 3913 27 23 m
446 3912 39 25 for
504 3912 61 31 pub-

98 3949 104 24 lication
225 3948 24 23 m
272 3948 42 24 the
333 3945 129 28 Observer,
497 3946 69 23 must

28 3982 79 24 arrive
118 3983 27 22 at
156 3978 52 27 this
227 3979 69 25 office
308 3981 43 21 not
368 3978 64 24 later
451 3976 63 25 than
534 3978 32 22 12

28 4013 95 27 o'clock
133 4020 72 18 noon*
213 4020 32 17 on
257 4009 160 27 FRIDAYS.

27 4136 189 49 VIEW
239 4131 170 56 HIKL
428 4130 137 56 DIE

27 4228 44 58 IS
88 4236 54 18 now
161 4228 116 35 nr^epared
284 4249 4 2 .
295 4228 26 27 jto
338 4227 44 37 dip
398 4226 78 32 slieep,
486 4224 79 30 ati.d.

67 4269 45 23 per
123 4254 69 33 head'
198 4265 26 22 to
241 4257 75 29 MAY
329 4259 48 26 l'sfc
389 4256 177 29 nexC'Terms

26 4288 96 32 cash.''
160 4287 36 14 -*
211 4291 17 15 :il
246 4294 4 6 '
248 4287 17 17 :i
285 4285 177 25 V&*»?^s*''-
485 4286 83 17 '-•'-■"-

203 4355 3 4 --'
239 4394 2 3 .
259 4364 40 26 Wl
318 4363 156 29 DOODER,;
