3499 4508
23 153 34 5 —
57 139 98 25 become
174 148 79 17 wjrse
271 141 61 24 than
343 142 96 26 useless
456 150 29 19 ag
501 143 74 38 feed]

27 179 41 24 the.
81 179 96 32 stringy
197 180 87 25 frofcen
294 181 87 32 turnip
399 182 73 27 takes
484 191 16 18 a
511 184 54 26 deal

30 219 27 24 df
67 221 120 31 warming
198 221 24 23 m
235 221 16 23 a'
263 221 97 31 sheep's
371 223 72 32 be^ly.

60 257 149 26 Remember
229 259 67 24 there
307 259 22 25 is
342 260 92 32 always
446 270 16 17 a
471 263 98 27 market

26 304 28 15 or
65 305 61 22 your
138 297 69 25 stock
225 298 20 23 if
254 306 63 23 your
329 299 70 24 stock
414 300 22 25 is
448 301 109 26 market-

26 334 54 24 able
83 350 30 3 —
115 344 12 14 a
139 335 62 31 good
214 336 70 25 b^ast
302 337 146 25 commands
460 346 15 17 a
488 339 81 26 better

28 383 24 22 pi
57 376 36 23 ice
105 375 61 24 than
179 384 14 15 a
206 377 45 23 tavl
265 384 54 17 ono>.
572 377 3 9 *

63 413 24 24 Is
101 422 61 22 your
174 415 46 23 soil
242 414 97 32 lacking
350 416 28 23 m
397 424 48 16 one
461 417 98 31 ingredi

30 453 42 22 <?nt
82 452 11 22 ?
112 451 64 24 Find
188 453 18 22 it
220 457 43 19 out
275 452 50 25 and
337 454 89 31 supply
439 454 43 24 the
493 456 67 23 want

28 488 69 25 don't
109 490 86 30 spraad
219 490 133 31 expensiye
364 499 117 18 manures
493 492 75 25 indis-

25 529 156 31 criminately
183 543 30 5 —
217 537 56 18 men
291 530 70 25 don't
384 530 60 26 lime
456 539 15 17 a
493 532 73 25 lime-

29 569 71 22 stone
114 567 53 24 soil*

63 605 124 30 Breeding
204 605 21 25 is
246 605 115 25 essential
383 607 26 23 to
432 614 15 16 a
470 607 51 24 line
545 607 26 24 of

32 644 63 30 good
108 645 68 23 stock
180 659 29 4 —
212 653 13 15 a
234 645 76 31 cheap
323 644 74 32 badly
409 645 60 25 bred
476 647 96 24 animal

31 687 53 17 eats
103 690 75 16 more,
197 683 91 23 fattens
308 682 95 29 slower,
422 684 52 23 and
484 685 23 23 is
526 686 46 24 not

31 729 27 16 so
70 722 129 30 profitablr
209 722 26 24 m
253 722 43 25 ike
308 722 60 31 long
377 731 45 15 run
434 731 28 16 as
475 731 14 17 a
503 732 68 16 corn-

20 779 3 3 .
32 762 134 29 paralively
179 761 58 23 dear
249 761 45 23 but
307 761 127 24 well-bred
445 761 77 25 beast.

65 798 52 25 O^c
139 807 55 16 acre
206 799 25 24 of
243 807 73 23 given
328 807 58 23 crop
399 807 58 23 may
471 800 72 24 make
555 808 16 16 a

32 838 43 22 ton
89 837 26 24 of
126 837 55 29 hay,
201 837 43 22 but
267 837 43 23 the
322 844 70 17 same
414 845 55 23 crop
490 837 82 25 would

19 874 119 31 kproduoe
162 882 51 24 say,
234 875 68 24 three
326 876 56 23 tons
406 875 26 24 of
455 875 116 32 ensilage.

19 915 67 26 Hhe
97 915 48 31 hay
159 915 80 24 would
258 915 54 24 feed
324 923 14 16 a
359 922 49 17 cow
421 917 26 22 at
465 916 43 23 the
521 918 51 23 rate

19 943 41 34 Ef
70 956 31 22 50
114 953 25 25 lb
162 961 43 24 per
217 953 48 32 clay
277 953 37 24 for
328 954 47 23 112
397 953 69 31 days,
479 954 94 31 greatly

19 982 92 39 R%the
122 991 94 25 benefit
228 991 24 24 ef
262 992 45 28 the.
326 991 62 23 milk
401 991 50 24 and
474 991 90 25 batter.

19 1038 2 18 I
33 1032 35 21 A?
80 1039 14 15 a
260 1028 127 31 authority
399 1037 31 15 on
443 1029 44 26 the.
504 1030 64 23 mat

18 1059 2 22 '
34 1073 38 21 ter
93 1070 135 24 exclaimed
248 1070 71 23 when
332 1068 93 31 spoken
446 1070 25 23 to
484 1076 33 17 on
529 1069 44 24 the

19 1114 1 17 i
33 1108 95 31 subject
138 1116 4 16 :
266 1108 40 23 the
319 1107 83 24 advice
413 1106 26 25 m
451 1106 84 25 letters
547 1106 27 25 of

34 1148 65 30 gold,
119 1148 69 23 there
200 1147 21 24 is
234 1146 92 25 wealth
341 1146 27 24 m
381 1146 127 32 following
528 1146 42 24 the

153 1186 32 23 Of
195 1192 86 16 course
293 1185 73 23 cattle
379 1186 90 22 cannot
481 1185 47 24 live
541 1184 30 31 by

34 1226 109 30 ensilage
155 1225 80 27 alone,
254 1224 48 23 and
322 1232 15 15 a
355 1224 95 30 changte
473 1224 27 23 of
522 1223 51 25 diet

36 1264 62 24 such
109 1272 26 15 as
147 1263 70 29 bran,
237 1262 105 25 crushed
354 1262 78 30 grain,
444 1263 126 27 malasses,

35 1305 32 24 oil
81 1303 64 30 cake,
166 1306 45 21 etc.
226 1302 58 29 will,
303 1303 25 23 m
341 1301 68 29 time,
428 1301 48 25 add
489 1306 25 20 to
527 1302 43 24 the

35 1346 69 30 dairy
117 1344 109 30 banking
243 1346 112 21 account.

1179 26 173 36 OXFORD
1396 31 224 35 OBbERVER
1659 35 240 37 SATURDAY,
1937 32 133 34 APRIL
2111 31 42 32 24
2207 28 89 33 1897.

2929 4269 104 28 Printed
3040 4273 50 24 and
3099 4273 129 33 published
3236 4275 32 33 by
3279 4275 70 26 Axel
3358 4275 107 27 Eklund

2961 4314 40 26 for
3011 4315 87 27 Lauba
3113 4317 71 25 Annb
3196 4318 101 30 Pabish,
3314 4320 28 26 at
3357 4319 45 25 her
3416 4319 39 26 Be

2961 4358 109 31 gistered
3080 4360 116 33 Priatiag
3207 4362 78 26 Office
3302 4362 69 33 High
3383 4363 82 28 Street

2962 4400 64 28 East
3038 4403 101 32 Oxford,
3153 4404 163 34 Canterbury.

3031 4447 130 27 Satubdat
3177 4449 71 30 April
3269 4450 33 25 24
3320 4450 63 26 1897

2948 153 118 40 HELP
3082 153 83 40 FOR
3182 153 86 41 THE
3292 153 149 42 WIAE.

2926 260 179 25 yTERVOUS
3126 260 71 25 AND
3215 261 247 28 DEBILITATED,

2918 286 2 46 J
2927 285 32 32 IA
2983 293 65 28 who,
3060 293 111 31 through
3182 293 61 31 folly
3262 294 49 24 and
3321 294 141 32 ignorance,

2926 325 64 24 have
3002 325 80 25 trifled
3094 333 69 24 away
3175 326 62 25 their
3248 326 85 32 vigour
3353 327 26 24 of
3389 327 73 32 body,

2927 358 78 27 mind,
3018 358 51 24 and
3079 359 135 28 manhood,
3227 361 101 29 causing
3345 360 117 24 exhaust-

2926 390 44 31 ing
2987 390 83 24 drains
3082 398 67 23 upon
3159 392 44 24 the
3225 392 129 24 fountains
3374 393 25 24 of
3410 393 50 28 life,

2926 422 64 24 Loss
2998 423 26 23 of
3033 423 102 31 Energy
3144 424 48 23 and
3203 424 127 32 Strength,
3343 424 120 32 Timidity

2926 455 165 25 Bashfulness
3125 456 27 23 m
3189 456 105 32 Society,
3318 457 142 28 Headache,

2926 487 135 30 Backache,
3081 487 179 30 Nervousness,
3283 486 135 29 Weakness
3437 491 28 23 of

2927 520 119 32 Memory,
3058 520 112 24 Restless
3181 520 81 32 Sleep,
3272 522 114 29 Dreams,
3396 522 65 25 Loss

2926 552 75 25 Flesh
3013 553 50 24 and
3076 553 69 25 Vital
3279 555 136 30 Eruptions
3428 563 32 16 on

2926 585 42 24 the
2977 585 63 24 Face
3052 586 50 24 acd
3113 586 79 31 Body,
3207 586 75 25 Want
3304 588 27 23 of
3340 588 120 31 Develop-

2924 621 78 24 ment,
3024 618 116 25 Varicose
3156 619 84 28 Veins,
3263 619 141 32 Incapacity
3422 621 38 24 for

2924 650 113 25 business
3049 659 27 16 or
3086 652 122 30 pleasure,
3222 652 104 31 Urinary
3335 652 123 30 Diseases,

2924 684 51 24 and
2994 683 34 25 all
3050 684 43 24 the
3116 685 85 24 effects
3223 685 100 31 leading
3344 690 26 20 to
3392 687 66 30 eariy

2924 716 85 31 decay,
3033 717 107 31 perhaps
3161 717 182 32 Consumpiion
3368 727 28 16 or
3418 718 32 25 In

2925 749 91 30 sanity,
3030 756 46 17 can
3100 750 29 24 be
3141 751 115 24 obtained
3269 750 31 31 by
3320 752 140 30 consulting

2924 781 139 31 personally
3081 791 28 16 or
3117 783 31 30 by
3159 785 64 29 post,
3260 784 91 24 FREE
3361 785 84 24 PROP
3454 793 6 5 •

2925 814 177 30 NOTMANN,
3133 816 202 31 M.E.,E.M.G.,
3388 818 72 25 Cam-

2924 847 85 32 bridge
3022 848 109 30 Terrace,
3156 851 112 29 opposite
3292 850 116 26 Colombo
3422 851 37 25 St.

2924 881 101 32 Bridge,
3055 881 177 26 Christchurch
3237 902 7 6 ,
3306 884 53 25 The
3401 885 61 29 only

2924 914 227 26 Electrobotanical
3180 915 97 32 Expert
3310 917 152 31 advertising

2924 946 55 25 who
2991 946 50 25 will
3054 950 135 28 guarantee
3208 957 15 15 a
3239 950 125 31 thorough
3392 958 68 16 cure.

2926 979 58 25 Sole
2999 981 137 29 proprieior
3164 981 50 24 and
3230 985 114 27 patentee
3372 983 27 24 of
3417 983 45 24 the

2924 1011 60 32 only
3006 1014 150 29 guaranteed
3179 1013 110 26 Electric
3310 1015 70 25 Belts
3411 1015 51 25 and

2926 1044 71 24 other
3009 1046 89 30 special
3121 1047 123 25 electrical
3253 1051 3 3 '
3269 1047 141 32 appliances
3433 1048 28 24 m

2924 1077 43 24 the
2976 1077 115 25 colonies.
3110 1083 5 4 '
3126 1078 99 25 Ladies'
3238 1080 100 24 French,
3345 1080 116 25 herbace-

2926 1117 43 16 ous
2980 1110 59 29 pills
3058 1109 40 25 for
3125 1110 177 33 irregularities
3324 1113 63 24 from
3411 1121 51 23 any

2926 1149 81 22 cause,
3033 1144 43 23 10s
3098 1144 94 28 posted.
3227 1144 145 32 Pamphlets
3399 1146 61 24 free.

2926 1174 170 26 Testimonial:
3098 1190 33 4 —
3132 1176 98 31 Napier,
3241 1177 97 31 August
3345 1178 45 26 7th
3397 1180 63 22 1895

2919 1206 73 26 -Prof.
3002 1207 133 25 Notmann.
3136 1223 34 4 —
3170 1209 68 25 Dear
3248 1209 47 31 Sir,
3298 1225 31 3 —
3331 1211 13 24 I
3353 1212 109 23 received

2925 1247 62 24 your
2992 1240 75 25 letter
3074 1242 50 24 Ja9t
3136 1242 75 29 -vreek,
3230 1244 49 23 and
3291 1244 14 23 I
3321 1252 41 16 am
3371 1244 90 24 thank-

2926 1272 37 25 ful
2986 1275 26 23 to
3034 1273 54 25 find
3110 1283 49 23 you
3171 1284 42 16 are
3224 1277 104 24 anxious
3344 1280 27 22 to
3391 1278 71 24 know

2927 1306 42 24 the
2982 1306 106 25 benefits
3105 1307 14 24 I
3130 1307 64 26 have
3205 1309 99 24 derived
3323 1308 60 26 from
3401 1318 61 23 your

2927 1340 63 22 treat
2994 1341 75 22 ment.
3106 1340 48 29 Sir,
3182 1341 21 24 it
3231 1341 67 32 gives
3325 1342 41 24 me
3394 1345 69 28 great

2926 1370 115 31 pleasure
3052 1373 27 22 to
3089 1372 93 27 inform
3192 1381 50 23 you
3251 1374 56 24 that
3316 1382 26 17 a.
3342 1376 120 29 complete

2928 1403 50 24 and
2988 1403 93 30 perfect
3093 1412 58 16 cure
3161 1404 47 26 has
3227 1406 63 24 been
3312 1407 101 24 effected
3437 1408 25 22 of

2928 1435 43 24 the
2982 1435 117 26 maladies
3110 1437 14 24 I
3143 1439 157 30 complained
3320 1440 25 23 of
3356 1442 26 22 to
3404 1448 57 22 you.

2928 1467 14 24 I
2953 1475 41 16 am
3006 1468 115 33 enjoying
3131 1470 63 30 good
3211 1471 92 29 health,
3316 1474 48 22 and
3375 1480 42 17 am
3425 1480 37 17 re-

2928 1500 82 24 stored
3030 1503 26 23 to
3075 1503 86 31 manly
3183 1504 95 31 vigour.
3313 1505 57 24 P.S.
3373 1519 32 4 —
3406 1505 56 31 Any

2928 1533 102 25 sufferer
3038 1534 111 25 desirous
3156 1536 27 23 of
3187 1537 209 32 communicating
3401 1538 61 24 -with

2927 1572 41 18 me
2976 1574 49 23 you
3036 1574 48 19 are.
3089 1569 27 23 at
3132 1568 90 33 liberty
3244 1571 26 23 to
3290 1571 55 31 give
3362 1578 44 24 my
3418 1571 42 24 ad-

2927 1599 75 29 dress,
3015 1599 37 25 for
3062 1600 15 24 I
3093 1601 48 24 like
3152 1609 60 23 your
3228 1604 118 29 practical
3358 1604 104 24 method

2928 1632 26 24 of
2964 1633 143 25 treatment.
3109 1648 31 4 —
3143 1634 37 25 TV
3187 1634 28 26 C.
3229 1636 115 24 Simpson.

3102 1890 161 25 '•TJIMITED.

2957 1948 270 30 GHRISTCHURGH
3246 1952 184 29 BREWERY.

3157 2011 62 24 THE

3060 2093 131 22 BREWED
3201 2095 41 20 BY
3255 2096 71 21 THIS

3016 2133 369 38 COMIP^IsrY

3110 2187 85 22 FROM
3284 2206 40 10 ...

3040 2290 46 22 Are
3095 2291 175 26 acknowledged
3279 2295 24 18 to
3312 2295 28 19 be

2924 2326 149 23 SUPERIOR
3082 2328 35 22 IN
3128 2328 137 24 QUALITY
3274 2331 38 21 TO
3319 2329 141 24 ANYPBO-

2957 2379 8 4 -
2979 2371 4 5 '
2992 2368 101 21 DUCED
3107 2369 36 21 IN
3156 2370 74 20 NEW
3244 2371 149 21 ZEALAND.

2953 2404 109 28 Supplied
3066 2407 110 21 toHotels
3182 2408 46 20 and
3234 2408 93 21 Private
3333 2409 129 21 Customers

2924 2432 25 20 m
2958 2432 142 26 Hogsheads,
3111 2434 99 26 Barrels,
3222 2434 139 26 Kilderkins,
3371 2436 44 20 and
3426 2439 34 17 10-

2925 2458 89 26 --gallons
3023 2460 63 26 Kegs
3095 2461 61 25 only.

2926 2510 118 42 PALE
3066 2511 91 42 ALE
3179 2514 97 42 AND
3305 2514 158 43 EXTRA

3119 2563 134 43 STOUT

3009 2614 93 22 Bottled
3124 2615 26 21 m
3159 2616 85 25 Quarts
3253 2617 47 21 and
3309 2618 71 21 Pints.

2976 2727 44 58 S,
3053 2728 50 45 B.
3126 2728 304 55 SEYMOUR,

3124 2795 138 28 DENTIST,
3390 2808 6 2 -

2936 2840 7 4 ~
2968 2836 40 22 213
3023 2836 105 21 Colombo
3143 2836 82 25 Street,
3248 2836 168 23 Christchurch.

3096 2909 178 21 CHARGES:—

2995 2947 92 27 Filling,
3102 2949 24 19 5&
3133 2956 8 16 ;
3176 2948 133 22 Extraction
3317 2950 25 20 2s
3356 2949 36 21 6d.

2950 3011 98 20 •Nitrous
3059 3011 60 21 Oxid
3129 3011 46 21 Gras
3186 3012 168 22 Administered
3359 3013 37 21 for
3403 3013 59 21 Pain

2926 3050 46 20 less
2982 3050 133 21 Extraction
3125 3051 24 20 of
3157 3051 80 21 Teeth.
3271 3053 45 20 Fee
3326 3052 35 20 for
3370 3053 92 19 Admin-

2927 3088 109 20 istration
3047 3088 31 20 ss.

2929 3558 253 45 JOSEPH
3225 3559 239 49 LOUGH.

3075 3635 245 26 UNDERTAKER.

3042 3678 110 31 EAST
3176 3680 185 32 OXFORD.

2963 3728 103 32 Having
3072 3730 54 31 just
3133 3730 125 31 imported
3267 3732 63 24 from
3337 3732 127 32 England,

2929 3779 55 17 new
3006 3772 117 31 Designs,
3159 3781 54 18 new
3242 3775 149 31 Trimmings
3415 3775 50 25 and

2928 3813 60 31 Robe
2988 3813 30 31 3,
3030 3815 22 24 is
3061 3817 119 30 prepared
3190 3818 27 24 to
3226 3818 107 25 conduct
3342 3819 122 24 Funerals

2929 3853 98 32 Adults,
3046 3855 26 24 at
3085 3855 46 25 £5.
3145 3855 51 25 and
3207 3857 123 31 upwards,
3353 3857 112 32 polished

2929 3896 81 30 coffin,
3034 3898 49 25 and
3114 3899 195 26 silvermounted
3330 3900 135 26 Furniture

2929 3939 78 26 From
3020 3941 46 25 £8.
3084 3943 132 32 according
3228 3945 26 23 to
3277 3944 114 32 Designs.
3426 3944 43 33 No_

2929 3984 70 24 extra
3011 3984 89 33 charge
3111 3986 43 25 for-
3163 3986 95 27 Hearse
3281 3995 28 18 or
3327 3995 63 24 open
3406 3987 59 27 Car-

2928 4026 76 32 riage.
3316 4053 3 3 .
3353 4043 5 5 -

2932 4069 10 42 j
2959 4094 3 10 (
2962 4069 93 25 N..-B.
3086 4071 93 26 Coffins
3201 4073 59 33 kept
3282 4075 27 23 m
3337 4071 74 34 gtoot
3426 4075 41 25 for

2928 4128 93 29 urgent
3038 4135 78 19 cases.

2941 4168 4 17 i
3044 4183 2 1 .
3064 4178 12 8 ..•
3093 4174 2 2 •
3173 4168 3 2 '
3189 4165 49 23 .•••■•.,'
3347 4183 2 2 .
3391 4170 3 2 '
3421 4167 8 22 ■';

2465 325 214 33 Established
2705 331 78 29 1862

2409 389 125 32 FLOUR,
2547 393 55 25 best
2613 394 80 25 brand
2705 395 58 33 only
2775 396 67 32 kept.

2362 428 145 34 SHARPS,
2543 435 208 33 OATMEAL,
2788 439 110 25 BRAN

2451 475 292 35 OHICKENWHEAT,
2762 484 42 24 &c.

2388 516 40 20 AT
2456 518 124 23 LOWEST
2609 522 142 22 CURRENT
2786 525 112 28 RATESJ

2449 696 53 43 F.
2536 696 49 47 B.
2608 700 170 46 LANE

2785 750 10 9 ■

2466 776 90 39 (Late
2571 778 38 30 E.
2630 779 160 44 Butcher.)

2362 832 251 41 Watchmaker,
2642 839 183 40 Jeweller,
2842 843 52 32 &c.

2359 883 125 33 Importer
2517 888 28 23 of
2585 887 106 27 Musical
2726 892 171 28 lastruments

2460 923 111 27 Victoria
2593 926 37 25 St.
2661 928 134 33 Rangiora.

2362 999 99 31 Special
2473 1002 70 24 value
2566 1003 28 24 m
2616 1004 80 26 Extra
2719 1008 87 32 strong
2818 1008 77 25 Cased

2359 1042 88 33 highly
2456 1044 110 26 finished
2580 1046 108 33 English
2706 1049 80 27 Lever
2795 1052 100 25 Watch-

2360 1094 35 16 es.
2442 1087 192 27 Manufactured
2651 1093 26 22 to
2700 1099 42 24 my
2771 1094 71 25 order
2865 1094 33 32 by

2360 1125 55 24 best
2427 1126 105 25 London
2551 1128 107 25 makers.
2694 1131 157 33 Unequalled
2860 1134 38 25 for

2360 1169 123 25 excellent
2497 1170 178 34 Timekeeping
2678 1174 63 25 ..and
2752 1175 144 34 durability.

2394 1212 29 23 F.
2442 1213 30 24 B.
2486 1213 95 25 LANE
2593 1216 142 44 pjrso^^
2750 1218 159 28 ,visrt«-or--

2757 1263 69 33 large
2849 1265 48 25 ana

2795 1306 102 30 Chains,

2365 1381 141 33 Spectacles
2529 1387 123 30 (Pebbles,
2669 1388 169 35 Pantoscopfic
2849 1393 50 24 arid

2364 1427 108 33 Crystal)
2486 1429 96 29 Clocks,
2602 1431 108 31 (Marble
2730 1432 51 24 and
2799 1433 101 34 Wood,)

2463 1470 157 26 Accordeons
2632 1474 50 23 and
2693 1474 108 26 Violins.

2397 1532 82 26 Exact
2491 1533 57 26 date
2561 1535 27 24 of
2598 1536 61 24 each
2672 1537 59 25 visit
2752 1538 23 25 is
2785 1540 105 25 notified

2512 1578 28 24 m
2574 1583 15 18 *.'

2362 1618 116 26 Repairs.
2481 1635 31 4 —
2514 1621 41 25 All
2566 1623 95 30 repairs
2678 1632 43 16 are
2738 1627 118 24 executed
2867 1627 29 33 by

2362 1663 92 31 myself
2475 1672 27 16 or
2519 1665 80 25 under
2615 1674 44 24 my
2678 1669 221 31 superintendence

2362 1713 27 16 so
2411 1706 57 25 that
2487 1709 103 29 patrons
2602 1717 47 17 can
2672 1712 52 31 rely
2747 1719 33 17 on
2801 1714 99 33 getting

2362 1749 155 25 satisfaction
2527 1754 26 22 at
2565 1752 44 24 the
2620 1761 59 24 very
2689 1754 87 26 lowest
2784 1757 113 32 charges.

2394 1793 106 32 Repairs
2511 1802 28 17 or
2548 1796 84 25 orders
2641 1804 58 25 may
2710 1797 31 26 be
2748 1799 53 25 left.
2805 1801 60 24 at—

2361 1840 26 25 J.
2406 1841 133 32 Weeber's,
2574 1844 65 26 East
2663 1846 100 26 Oxford.
2805 1855 8 7 *

2360 1886 27 22 at
2410 1884 40 25 W.
2474 1886 35 24 M.
2534 1887 38 28 C,
2596 1888 65 26 East
2685 1890 100 25 Oxford.

2360 1926 24 24 J.
2402 1927 99 31 Brown,
2515 1929 159 32 Bootmaker,
2700 1933 70 25 West
2794 1934 109 27 Oxford..

2360 1969 39 25 W.
2413 1970 24 25 J.
2452 1971 117 27 Crothers
2580 1975 18 23 &
2611 1975 45 24 Co.
2664 1993 6 6 .
2692 1976 70 25 Oust.

2393 2014 49 24 and
2459 2015 51 25 will
2517 2015 31 25 be
2559 2017 127 32 promptly
2697 2020 118 24 attended
2826 2022 34 24 to.

2359 2056 55 30 All
2425 2058 99 31 Work
2536 2060 78 31 done
2626 2072 39 19 on
2679 2062 55 31 the
2745 2063 150 33 Premises

2484 2111 61 30 and
2561 2115 198 36 guaranteed.

2450 2267 119 43 FRED
2611 2271 190 42 PULLER.

2548 2326 164 24 SOLICITOR.

2399 2363 14 19 9
2423 2363 124 21 Cathedral
2557 2365 93 25 Square,
2665 2367 191 22 CHKisxcßniECH.

2361 2395 116 27 (Between
2486 2397 111 22 Morten's
2606 2399 116 28 buildings
2733 2401 18 21 &
2761 2402 56 21 Post
2823 2403 68 20 Office

2399 2472 188 58 Money
2615 2477 55 41 to
2706 2476 143 45 Lend

2359 2543 29 14 on
2397 2538 33 20 all
2439 2538 57 21 kind
2506 2539 25 20 of
2540 2539 114 28 Security,
2661 2542 27 19 at
2707 2542 56 21 Low
2777 2543 79 20 Rates
2874 2543 24 21 of

2386 2581 107 22 Interest.
2523 2583 89 26 Special
2625 2584 78 22 Terms
2712 2585 36 21 for
2757 2586 110 22 Farmers.

2418 2742 427 48 EUCALYPTUS

2625 2813 14 15 •
2834 2820 1 1 ■
2863 2818 1 2 •

2416 2839 61 20 THE
2492 2840 73 20 BEST
2579 2840 89 22 HOME
2683 2841 118 23 BlfcEDI
2809 2842 20 20 9
2904 2839 1 2 '

2475 2878 37 14 are
2526 2872 37 19 the
2572 2873 136 25 preparation
2717 2873 27 22 of
2750 2873 37 21 kht

2360 2908 171 21 TASMANIAN
2550 2909 186 21 EUCALYPTUS
2751 2909 48 21 OIL
2813 2910 77 21 GOMP

2389 2945 137 25 Universally
2536 2945 104 21 admitted
2648 2946 37 20 the
2693 2946 80 25 BEST,
2784 2946 116 22 PUREST

2361 2982 43 21 and
2414 2982 58 20 most
2481 2982 94 21 effective
2586 2982 135 25 Eucalyptus
2742 2982 106 21 Globulus
2863 2983 27 21 Oi

2360 3014 34 19 for
2413 3012 172 26 INFLUENZA,
2607 3013 92 26 Coughs,
2719 3014 64 20 Colds
2808 3015 43 21 and
2868 3015 30 21 all

2361 3044 66 20 Chest
2443 3044 43 20 and
2494 3044 63 25 Lung
2574 3044 113 20 affections
2701 3044 77 27 speedy
2787 3046 61 21 relief
2856 3046 44 21 and

2361 3076 56 19 Cure
2435 3076 33 19 for
2484 3076 158 24 Bheumatism,
2663 3077 122 25 Neuralgia,
2800 3078 100 25 Sprains-

2360 3102 73 21 Burns
2453 3102 34 20 &c.

2388 3135 134 25 Eucalyptus
2540 3135 104 21 Globulus
2663 3137 92 21 Extract
2764 3138 91 25 sprayed
2867 3138 33 20 in-

2362 3166 63 21 haled
2441 3166 43 21 and
2498 3167 66 20 taken
2573 3167 117 25 internally
2707 3168 34 20 for
2755 3168 37 21 the
2809 3169 98 27 Throat,-

2362 3203 101 26 Catarrh,
2481 3203 60 26 Hay,
2566 3203 100 26 Typhoid
2683 3205 44 20 and
2741 3205 83 21 Scarlet
2834 3206 67 21 Fever

2364 3236 130 21 MEASLSS
2505 3236 36 21 the
2547 3238 55 19 most
2613 3237 137 25 satisfactory
2758 3239 148 25 preventative*

2364 3267 43 20 and
2421 3267 61 20 Cure.
2510 3267 56 21 Send
2580 3267 52 21 Post
2648 3268 55 20 Card
2712 3270 23 19 to
2745 3269 37 20 the
2792 3269 64 21 Office
2868 3271 34 19 for

2364 3297 96 21 Circular
2474 3298 120 26 describing
2613 3300 122 20 treatment.
2762 3300 140 28 Eucalyptus,

2364 3332 111 20 Ointment
2486 3333 36 20 the
2531 3333 71 26 Magic
2611 3333 80 21 Healer
2705 3335 21 19 of
2741 3335 70 24 Sores,
2824 3336 78 25 Burns,

2364 3364 103 24 Wounds,
2484 3365 59 20 Boils
2562 3366 45 24 &c,
2630 3366 136 26 Eucalyptus
2785 3366 58 26 Soap
2858 3367 43 21 Fra

2364 3397 63 24 grant
2437 3396 42 20 and
2488 3397 125 25 refreshing.
2638 3398 133 26 Eucalyptus
2780 3399 89 25 Jujubes
2879 3406 24 14 or

2364 3427 103 20 Pastilles
2476 3427 33 21 for
2519 3428 36 20 the
2581 3429 80 21 Throat
2672 3429 43 21 and
2724 3429 64 21 Voice
2804 3436 29 14 an
2848 3431 54 21 anti-

2365 3459 67 26 septic
2442 3459 42 20 and
2494 3460 121 21 stimulant.

2364 3492 127 26 Veterinary
2507 3493 36 21 Oil
2552 3493 43 21 and
2606 3494 111 21 Ointment
2727 3495 33 20 for
2769 3495 39 21 the

2391 3527 30 19 Be
2431 3532 48 15 sura
2489 3533 44 19 you
2542 3528 109 21 Pumhaee
2665 3528 40 21 th«
2715 3528 105 26 Platyyu*
2835 3530 68 21 brand

2364 3559 50 25 only
2424 3558 23 21 of
2454 3558 30 21 all
2493 3559 114 25 Chemists,
2612 3559 89 23 Grocers
2707 3560 43 20 and
2757 3560 146 27 Storekeepers

2364 3590 43 20 and
2421 3591 23 19 at
2458 3589 36 21 the
2505 3591 65 21 Office
2579 3593 13 20 9
2601 3591 115 21 Cathedral
2725 3598 77 19 square
2810 3593 93 21 between

2363 3621 102 20 Morten's
2479 3622 113 26 Buildings
2599 3624 43 20 and
2652 3624 37 19 the
2698 3624 52 21 Post
2760 3623 70 22 Ofi&cs.

2529 3655 87 22 O»ford
2627 3657 79 26 Agent

2417 3690 26 21 E.
2454 3690 29 22 H.
2498 3691 119 28 PARISH,
2641 3693 77 21 EAST
2732 3695 119 21 OXFORD

2442 3730 143 26 Eucalyptus
2595 3731 38 20 Oil
2646 3732 31 26 1/-
2691 3739 40 19 per
2740 3733 78 20 bottle.

2380 3911 501 48 DRESSMAKING.

2538 3981 21 5 ■■-'
2588 3978 26 12 ■—
2616 3977 34 16 tsa
2650 3979 22 4 —
2672 3980 17 11 >-

2463 4000 101 33 MISS
2586 4002 212 32 KENNEDY

2400 4066 81 35 Late
2480 4093 4 16 ;
2491 4063 5 16 :
2501 4067 82 34 fi:Qm
2596 4065 56 32 tte
2664 4059 102 42 &1.C5.

2358 4105 147 41 Kn^tonl.'

2400 4141 82 45 Begs
2515 4151 56 33 tqr.
2578 4149 115 31 inform
2725 4147 57 34 her
2811 4149 89 42 Lady

2357 4187 118 30 friends
2489 4187 72 31 that
2574 4189 56 33 sho
2656 4189 28 30 is
2698 4190 151 38 prepared
2868 4193 34 29 to

2357 4227 90 30 make
2487 4228 122 32 dresses
2636 4229 34 30 m
2705 4229 197 33 fashionable

2351 4268 69 34 .and
2434 4268 92 31 latest
2541 4269 114 39 styles^
2673 4273 34 28 at
2720 4271 182 33 reasonable

2398 4355 62 32 She
2488 4356 60 39 he^
2557 4368 3 23 :
2565 4359 158 39 tirranged
2747 4360 49 31 for
2823 4365 78 36 pre^

2356 4399 70 29 sent
2458 4398 174 33 Workroom
2661 4402 78 29 next
2768 4404 33 29 td
2832 4401 66 34 Mrs

2357 4437 149 41 Lough't,
2538 4440 133 32 Oxford.

1262 212 116 85 Jx,
1463 212 132 84 H.
1655 212 517 87 PARISH

1451 380 196 58 EAST
1697 383 326 57 OXFORD

1173 558 350 87 Indies
1596 563 380 86 Corsets
2024 568 122 81 Is.
2175 565 148 86 9d.

1351 950 338 48 ENORMOTJS
1750 957 391 47 REDUCTIONS

1173 1129 428 116 Kaiapoi
1656 1137 353 88 Tweed
2069 1141 263 86 Suits

1445 1611 324 86 worth
1859 1614 194 86 30s,

1176 1846 231 85 This
1450 1847 271 86 beats
1764 1849 171 87 the
1975 1852 350 88 travel-

1401 2082 221 113 ling
1670 2086 444 111 Drapers.

1811 2271 25 16 ♦♦
1840 2272 23 15 M
1868 2272 113 16 ♦♦♦♦♦»♦»

1171 2326 81 29 nhHE
1270 2331 116 31 question
1396 2331 22 23 is
1429 2332 101 22 natural
1530 2346 34 3 —
1589 2332 68 31 Why
1667 2333 61 23 send
1742 2334 218 25 tcrChristchurch
1979 2335 39 25 for
2035 2342 62 24 your
2114 2335 111 33 Drapery
2233 2337 12 24 ?
2279 2336 53 25 The

1178 2357 19 30 1
1235 2363 103 32 drapery
1350 2362 54 27 sold
1413 2363 26 24 m
1448 2362 56 25 that
1515 2363 51 32 city
1578 2372 72 23 every
1662 2372 46 17 one
1719 2366 96 29 knows,
1827 2366 23 24 is
1860 2368 46 24 not
1916 2367 73 24 made
2000 2368 78 28 there,
2097 2366 46 27 but
2152 2369 131 31 imported.
2318 2371 14 24 I

1171 2397 93 30 import
1274 2397 65 24 from
1352 2396 43 24 the
1407 2395 53 25 best
1472 2395 107 32 English
1591 2397 50 25 and
1658 2397 89 26 Scotch
1759 2398 100 25 houses.
1905 2399 72 26 lam
1989 2399 105 26 enabled
2105 2402 27 23 to
2142 2402 124 30 purchase
2283 2402 49 27 low

1171 2430 51 24 and
1231 2429 46 25 sell
1289 2431 26 23 at
1324 2437 15 16 a
1350 2430 54 23 rate
1416 2428 27 24 of
1451 2429 74 31 profit
1538 2429 54 33 (my
1603 2437 121 24 expenses
1735 2430 73 33 being
1819 2431 83 32 small)
1913 2432 58 26 that
1981 2434 83 24 would
2075 2434 31 24 be
2125 2435 144 25 considered
2288 2436 43 25 ab-

1171 2463 59 24 surd
1242 2463 32 30 by
1290 2470 48 23 any
1359 2462 180 24 Christchurch
1561 2462 201 26 establishment.
1815 2464 44 32 My
1881 2464 77 26 Stock
1975 2465 23 24 is
2016 2466 44 24 the
2079 2466 95 32 largest
2192 2469 50 23 and
2264 2470 68 24 most

1171 2496 84 24 varied
1274 2495 58 25 that
1342 2495 45 24 has
1398 2502 58 17 ever
1465 2495 64 23 been
1540 2494 88 25 shown
1638 2495 28 24 m
1677 2495 44 24 the
1732 2496 104 30 district,
1849 2497 51 24 and
1911 2497 38 25 for
1959 2498 93 31 quality
2072 2499 49 24 and
2140 2500 72 24 value
2229 2502 59 29 puts
2304 2502 28 24 m

1171 2528 31 24 he
1213 2528 78 25 shade
1308 2526 76 33 goods
1396 2526 92 25 offered
1499 2526 33 32 by
1544 2527 104 32 visiting
1659 2528 117 25 hawkers
1789 2529 63 25 from
1864 2529 43 25 the
1925 2530 182 26 Christchurch
2118 2539 46 25 rag
2175 2535 88 23 marts.

1204 2581 94 25 Dress
1310 2580 166 32 Materials,
1489 2580 88 26 Plain
1588 2582 60 24 and
1658 2581 105 31 Fancy
1773 2582 80 25 from

1204 2639 27 26 A
1248 2638 111 31 Strong
1375 2638 88 26 Stout
1479 2638 133 26 Durable
1630 2638 127 32 Kaiapoi
1773 2639 114 26 Tweed
1903 2641 51 32 2/6
1966 2648 56 25 per
2032 2643 76 29 yard

1804 2683 108 26 Makes
1923 2685 156 25 first-class
2096 2686 91 31 Boys'
2206 2688 91 26 Suits.

1205 2732 58 25 Art
1279 2731 140 31 Muslins,
1438 2730 156 33 Cretones,
1615 2731 79 26 Lace
1711 2732 140 26 Curtains
1869 2733 54 25 &c.

1204 2797 26 30 A
1248 2796 110 26 Choice
1375 2795 169 27 Collection
1561 2798 33 24 of
1608 2796 122 33 Gloves,
1758 2799 77 31 Ties,
1865 2799 130 31 Aprons,
2025 2799 166 28 Insertions
2209 2802 54 25 &c.

1205 2858 103 25 Prints
1320 2858 79 25 from
1411 2858 53 25 4d.
1476 2863 55 26 per
1542 2858 85 31 yard.
1639 2858 141 32 Muslins,
1793 2858 139 33 Selesias,
1946 2860 126 33 Calicos,
2086 2861 55 26 &c.

1792 2902 88 26 With
1897 2903 87 25 other
2001 2903 193 27 Manchester
2212 2907 87 30 lines.

1206 2952 88 32 Hats,
1312 2952 104 32 Fancy
1433 2952 60 25 and
1510 2952 106 32 Sailor,
1635 2954 32 23 m
1683 2952 104 26 White
1805 2954 60 24 and
1883 2953 116 27 Colors.

1751 2996 126 26 Newest
1893 2997 124 32 Shapes.
2053 2998 96 31 Large
2166 3000 133 33 Variety,

1204 3048 150 31 Flowers,
1371 3047 157 30 Feathers,
1546 3046 149 31 Ribbons,
1714 3046 106 33 Laces,
1838 3048 76 31 Jets,
1933 3049 56 24 &c.

1679 3087 88 25 With
1784 3089 41 23 all
1842 3089 185 23 necessaries
2044 3088 47 25 for
2108 3089 191 30 Trimmings.

1204 3133 105 32 Fancy
1324 3133 140 31 Frillings
1483 3134 78 31 3yds
1572 3135 48 25 for
1629 3135 36 32 1/-
1683 3136 103 24 worth
1798 3135 49 31 9d,
1865 3139 56 27 per
1932 3137 83 29 yard,

1742 3178 184 32 Umbrellas,
1945 3179 151 32 Parasols,
2115 3180 185 31 Sunshades,

1491 3251 245 45 DOUBLE
1797 3253 213 43 WIDTH

1255 3414 298 86 Dress
1624 3415 395 87 Tweeds
2107 3418 103 85 Is

1474 3569 333 88 worth
1878 3572 136 83 2s.

1252 3716 462 92 Costume
1778 3721 287 87 Cloth
2147 3726 125 83 Is.

1407 3864 319 87 worth
1768 3869 101 81 Is
1934 3866 161 85 6d.

1170 4226 135 40 EngKsh
1318 4226 133 40 Witney-
1456 4224 159 31 Blankets-
1618 4228 35 26 to
1668 4225 38 29 be
1721 4226 68 29 sold
1804 4229 32 26 at
1846 4222 146 33 less'tnsCh
2006 4222 181 32 Melbourne
2199 4223 132 32 Whole-

1171 4279 63 30 sale
1256 4278 86 40 price
1344 4295 41 5 —
1385 4276 122 32 Double
1522 4276 69 30 Bed
1608 4274 69 33 Size
1700 4276 65 30 12s.
1791 4277 50 30 6d.
1892 4275 103 31 worth
2011 4276 67 29 16s.
2116 4274 51 30 6d.
2188 4284 57 30 per
2260 4276 70 40 pair

1339 4318 131 41 cheaper
1483 4318 78 30 than
1575 4316 226 32 Christchurch
1815 4317 114 31 houses
1943 4315 66 33 will
2022 4315 59 32 sell
2094 4314 110 32 them.'

654 195 4 2 -
688 168 349 48 wABNDsra
1135 174 9 50 :..

597 253 53 25 TO
663 254 145 26 OXFORD
822 257 224 27 TRADESMEN.
1066 261 13 24 I
1091 262 49 24 will

601 282 22 28 1
656 290 45 22 not
721 288 28 24 ba
773 290 155 30 responsible
950 292 39 25 for
1012 301 49 22 aiy
1084 294 58 24 del-t

597 321 141 25 contracted
779 322 32 31 by
846 330 43 23 my
936 332 46 17 son
1016 325 51 25 EE
1069 328 5 5 V
1079 334 10 17 \
1084 327 8 14 T
1095 327 44 25 RY

600 353 152 24 SOHMAN.

735 414 89 24 JOHN
845 416 151 29 £OHM-AN,

799 473 103 25 Church
921 474 88 30 Street,

864 532 64 25 East
947 534 101 24 Oxford.

617 756 281 60 REDUCED
916 758 207 59 PRICES

733 854 38 26 for
783 864 45 16 our
839 856 54 24 well
914 856 90 25 known

763 889 57 31 high
831 890 64 24 class
907 891 68 23 work

656 971 1 4 ,
686 949 28 25 C.
728 948 34 25 H.
785 949 162 25 MANNING
967 952 18 22 &
1005 950 50 24 CO.

629 1008 172 24 PORTRAIT
820 1008 71 24 AND
909 1009 204 25 LANDSCAPE

717 1068 307 26 PHOTOGRAPHERS

675 1123 48 23 150
742 1122 160 25 COLOMBO
922 1123 144 29 STREET,

728 1180 285 26 CHRISTCHURCE.

631 1492 78 43 W.
740 1492 65 43 H.
836 1492 276 45 ALFOKD

622 1588 243 39 WATCHMAKER.
889 1589 23 38 &
949 1589 174 39 JEWELLER

681 1660 88 25 MAIN
784 1660 135 26 STREET
938 1661 138 25 OXFORD

740 1814 261 46 NOTICE.

604 1917 174 31 OXFORD
822 1917 189 31 LIBRARY
1052 1918 89 31 AND

695 1958 198 30 READING
914 1958 132 31 ROOM.

602 2039 53 24 The
684 2039 93 24 Oxford
804 2038 106 32 Library
936 2039 23 24 is
987 2047 62 23 open
1072 2047 70 24 every

601 2081 114 32 Tuesday
726 2081 51 25 and
798 2081 123 33 Saturday
950 2082 98 32 nights,
1076 2082 66 25 from

603 2126 58 23 630
673 2133 69 23 p.m.,
764 2126 25 23 to
811 2126 14 23 8
837 2133 71 24 p.m.,
933 2126 50 24 and
1014 2133 34 17 on
1070 2133 73 26 every

601 2169 121 24 alternate
734 2168 131 32 Thursday
889 2168 140 29 afternoon,
1060 2169 82 32 (Sale-

602 2211 70 31 dayj?)
695 2211 65 23 from
773 2212 61 22 280
844 2218 66 23 p.m..
927 2213 26 21 to
965 2213 15 21 5
991 2218 60 23 p.m.
1090 2211 56 24 Th(f

793 2287 25 21 L.
836 2286 125 31 BEEVES,

888 2341 60 23 Hon
960 2341 148 25 Librarian.

662 2410 178 24 SUBSCRIPTION
853 2410 37 24 2/-
903 2418 51 16 PER,
971 2411 121 29 QUARTER

642 2521 475 56 HOLBROOK

831 2607 70 22 AND

636 2656 465 57 VALLANOE

700 2825 123 23 TIMBER
849 2824 197 24 MERCHANTS

667 2865 203 31 COOPER'S
924 2864 155 31 CREEK.

708 2923 143 33 VIEW
895 2923 141 38 HILL,

605 3005 84 58 BEG
713 3008 26 21 to
758 3004 114 25 intimate
891 3006 26 23 to
946 3005 44 24 tbe
1013 3004 83 31 public
1118 3004 28 25 of

656 3038 93 26 Oxford
764 3038 49 25 and
831 3037 168 32 surrounding
1016 3037 126 30 Districts,

605 3071 55 24 that
672 3079 36 17 we
728 3071 63 24 have
815 3071 158 24 commenced
984 3070 119 24 Business
1116 3078 27 16 as

606 3104 166 27 saw-millers,
797 3104 51 22 and
869 3103 63 30 hopp
954 3103 33 30 by
1012 3103 72 24 strict
1102 3104 38 23 at-

604 3137 98 24 tention
710 3138 26 23 to
748 3136 117 24 Business
881 3138 24 21 to
918 3135 30 24 be
959 3135 115 24 favoured
1083 3135 60 24 with

605 3169 63 25 their
696 3170 109 30 support.
852 3168 84 25 Wbite
959 3168 66 31 pine,
1056 3168 86 30 Rirnu,

604 3201 73 24 Birch
689 3202 50 24 and
752 3201 59 25 Coal
832 3200 38 32 pit
882 3209 73 23 props
967 3201 27 24 m
1004 3209 49 23 any
1065 3209 77 23 quan-

604 3235 56 31 tity.

743 3387 117 30 Copies
882 3394 39 21 of
942 3394 62 21 the

656 3448 174 31 OXFORD
859 3446 229 33 .OBSERVER

712 3512 47 16 can
782 3504 31 24 be
837 3502 119 25 obtained
978 3504 27 23 at

604 3549 178 26 CARGILL'S
794 3556 86 17 coiner
903 3548 27 25 of
944 3547 138 26 CASHEL
1094 3547 49 25 and

705 3605 162 26 COLOMBO
888 3605 155 26 STREETS

726 3758 274 34 ■'■TO-FABMJEBS.'

607 3845 43 57 IF
667 3853 48 23 you
733 3847 66 22 want
817 3846 26 23 to
872 3843 46 26 sell
947 3852 61 22 your
1025 3843 115 31 produce,

645 3878 121 24 advertise
777 3878 28 22 m
816 3876 44 24 the
1128 3884 14 15 a

606 3918 56 17 sure
686 3909 50 26 sale
752 3908 49 26 will
817 3908 31 25 be
865 3907 44 25 the
925 3908 84 24 result.

595 3975 2 30 I
639 3974 161 25 TERMS.—
801 3974 36 24 2s.
861 3981 43 20 per
931 3972 61 25 inch
1020 3973 38 25 for
1086 3972 56 26 first

595 4017 2 15 :
616 4008 120 25 nsertion.

639 4085 42 26 All
698 4084 75 26 small
789 4083 204 26 advertisements
1009 4084 27 25 to
1049 4083 27 25 be
1083 4082 59 33 paid

604 4127 29 23 m
649 4125 118 24 advance.
860 4125 3 6 '
980 4147 3 7 ,

595 4172 2 12 i

606 4294 2 5 .
640 4255 52 52 ;./
748 4259 273 50 notice;

792 4350 80 28 found
893 4349 153 32 trespassing
1060 4350 28 24 m
1100 4349 43 25 the

604 4382 24 33 I
649 4386 127 27 MOUNT
785 4382 181 28 PLEASANT
976 4381 166 26 ORCHARD

604 4421 64 26 after
693 4421 52 26 this
771 4419 65 28 date,
849 4415 48 28 will
922 4415 30 26 bo
974 4414 169 27 PROSECU-

595 4466 2 15 i
604 4454 80 26 TED.

25 1561 4 5 '
47 1560 71 63 •'&-
194 1577 21 25 E
211 1569 5 5 '
218 1578 38 24 ST
311 1576 162 59 QXFORD.

36 1677 106 57 I)EGS
160 1679 26 22 to
203 1676 91 25 inform
315 1676 43 24 the
373 1675 154 24 inhabitants
548 1674 26 25 of

57 1705 15 29 )
93 1710 43 24 the
148 1710 96 24 district
255 1709 56 24 that
322 1708 31 25 he
366 1708 47 23 has
425 1708 75 23 taken
516 1715 57 17 over

36 1745 43 22 the
92 1743 109 23 business
211 1741 159 31 successfully
386 1740 94 24 carried
491 1748 33 16 on
539 1740 33 31 by

35 1776 40 24 his
85 1783 44 16 son
141 1775 37 24 for
191 1776 30 23 10
234 1782 79 25 years,
324 1774 49 25 and
385 1773 86 32 hopes,
489 1773 33 31 by
531 1773 41 25 the

35 1809 105 30 sending
152 1811 41 21 out
205 1809 27 23 of
241 1808 62 31 good
323 1807 75 29 work,
418 1809 26 22 to
463 1808 74 23 inent
557 1814 16 17 a

35 1843 73 23 share
121 1843 26 23 of
157 1842 82 30 public
250 1842 110 30 support.

69 1899 107 24 BOOTS
205 1898 70 25 AND
306 1896 111 26 SHOES
446 1897 72 23 made
547 1896 24 24 to

35 1941 21 15 oi
64 1933 41 23 der
118 1934 25 21 at
155 1931 144 24 reasonable
315 1931 88 30 prices.

66 1983 103 30 Repairs
185 1981 123 33 promptly
320 1980 49 24 and
385 1978 85 31 neatly
482 1986 88 16 execu-

35 2015 49 24 ted.
146 2025 7 3 -
207 2007 52 18 ■"'■
286 2020 4 2 '

103 2169 377 28 WAIMAKABIBI-ASHLE
485 2169 24 23 V

87 2224 125 24 WATER
229 2222 145 25 SUPPLY
390 2220 130 24 BOAEB.

36 2296 34 25 To
89 2296 106 24 Arthur
214 2296 94 24 Stubbs
326 2294 60 27 Esq.

68 2340 73 24 Sir—

32 2382 49 57 IN
93 2388 114 24 response
219 2381 26 23 to
258 2380 43 24 the
323 2376 144 33 requisition
486 2375 87 33 signed

73 2415 32 30 by
116 2422 49 22 you
177 2414 48 23 and
233 2420 77 23 many
321 2411 101 30 leading
433 2411 140 28 ratepayers

33 2447 89 31 asking
134 2455 38 15 me
185 2449 26 21 to
229 2445 73 25 allow
313 2442 92 33 myself
415 2444 25 23 to
453 2441 29 25 be
502 2449 70 16 noni-

16 2502 2 4 ,
33 2481 87 23 mated
140 2481 26 22 at
178 2479 43 24 the
241 2477 166 30 forthcoming
424 2474 106 25 election
548 2473 28 25 of

16 2523 2 24 I
33 2513 124 24 members
197 2514 26 21 to
251 2512 127 28 represent
406 2509 43 23 the
479 2507 94 24 several

35 2545 106 30 Ridings
170 2552 33 16 on
226 2543 44 24 the
292 2539 279 30 Waimakariri-Ashley

33 2578 87 24 Water
141 2576 92 31 Supply
255 2575 91 24 Board.
381 2574 14 23 I
414 2574 63 23 have
496 2572 77 23 much

33 2611 112 31 pleasure
174 2611 26 22 m
229 2607 136 30 informing
393 2613 49 24 you
475 2604 57 26 that
560 2604 14 24 I

17 2632 2 35 I
33 2643 87 25 accede
127 2646 31 23 ,to
172 2642 44 24 the
226 2641 108 31 request,
353 2639 50 24 and
420 2639 55 23 that
494 2637 14 25 I
520 2637 52 25 will

17 2665 3 35 I
31 2676 30 25 be
74 2684 14 16 a
101 2675 130 25 candidate
251 2674 38 24 for
301 2674 42 24 the
364 2671 94 25 Oxford
479 2670 94 31 Riding

17 2698 4 35 I
33 2710 28 24 of
71 2710 43 24 the
126 2707 114 26 District.
320 2727 2 2 .

17 2769 7 35 I
167 2781 85 25 Yours
270 2778 136 31 faithfully,

17 2825 8 31 I
232 2832 88 26 JOHN
342 2829 231 27 O'HALLORAN.

17 2918 14 90 I
65 2961 243 49 CANCER
339 2957 206 47 CURED

17 3034 16 40 I
216 3051 151 23 WITHOUT

17 3074 45 66 Ia
87 3105 212 34 surgical
330 3100 244 35 operation

17 3152 21 40 I
67 3169 50 23 For
129 3165 101 32 further
244 3163 153 32 particulars
412 3161 75 31 apply
504 3164 22 19 to
539 3159 36 24 the

17 3187 33 52 I
88 3214 125 26 OFFICE
234 3213 44 24 OF
303 3211 82 25 THIS
402 3209 122 25 PAPER.

17 3300 30 87 I
136 3344 136 45 FOE
298 3341 181 46 SALE.

17 3445 85 53 B^U
119 3470 181 27 i/L-SIZE,
345 3468 98 24 ALL-
452 3467 123 24 WOOL

17 3531 40 34 ■
256 3541 117 25 WHITE

17 3566 258 100 Ikaiapoi
298 3611 250 50 blankets

17 3662 41 83 I
136 3702 82 45 19s
251 3700 61 45 6d
352 3698 132 44 Pair.

17 3791 44 45 H
77 3817 73 19 BtiST
166 3815 103 20 VALUE
288 3812 84 22 EVER
385 3808 136 23 OFFERED

17 3834 45 46 H
178 3860 31 22 E.
228 3858 35 23 S.
283 3853 145 27 PAJIISH.

17 3916 47 40 ■
165 3927 103 31 East
292 3918 160 38 Oxford

17 4047 54 88 I
223 4091 166 46 LOST.

153 4189 33 17 on
214 4177 146 37 MONpAY
379 4177 105 31 evening
505 4173 71 33 April

17 4203 59 43 H|
92 4214 70 24 10th.
179 4213 112 25 between
305 4212 92 30 Spring
408 4210 79 25 CreeK
498 4208 78 25 Farm

101 4245 87 26 EAST
210 4244 140 25 OXFORD
370 4250 32 17 on
425 4241 62 26 back
510 4239 66 26 bush

132 4285 48 17 one
202 4277 97 23 Ladies'
320 4276 62 24 dark
401 4281 76 26 green
493 4273 83 33 jacket

17 4300 83 47 j^Hh
112 4311 40 22 fur
171 4308 76 25 collar
266 4308 126 25 buttoned.
426 4306 94 25 Finder
538 4313 38 17 re-

17 4332 124 41 SHning
158 4340 43 25 th»
223 4347 69 18 same
314 4340 50 25 will
385 4339 32 26 be
440 4337 134 28 rewarded.

177 4403 31 26 B.
226 4402 167 25 McGBATH

17 4434 69 49 H|
275 4454 71 26 West
362 4454 102 26 Oxford.
