2412 3832
13 139 73 24 Brass
97 136 70 24 Band
179 135 83 28 kindly
274 134 108 27 assisted,
395 141 26 15 as
430 133 40 23 did
482 132 52 24 also

13 177 42 24 the
78 175 29 23 St
129 174 122 24 Andrew's
272 172 73 29 Boys'
379 170 73 25 choir.
484 169 51 24 Mrs

14 214 92 25 Reeves
121 210 119 26 officiated
259 211 25 22 at
306 209 42 24 the
370 208 79 31 piano,
484 206 50 24 The

15 247 52 23 Rev
89 244 23 24 J.
136 243 121 29 Benning,
280 241 134 25 Chairman
435 243 25 21 ot
493 238 43 24 the

15 283 90 26 School
115 280 153 27 Committee,
280 279 28 24 m
315 278 43 24 the
369 284 72 18 name
451 276 26 24 of
493 275 42 25 the

14 320 119 26 children,
166 317 127 32 presented
326 316 50 23 Mrs
409 313 126 31 Harbidge

18 358 57 24 with
87 365 15 16 a
113 357 134 23 handsome
258 355 82 30 teapot
351 353 46 24 and
410 360 15 15 a
435 352 54 30 pair
513 350 26 24 of

18 396 64 31 glass
94 394 91 24 dessert
195 393 87 27 dishes,
294 391 48 24 and
352 388 187 32 complimented

16 434 46 23 her
70 440 32 16 on
112 432 45 23 her
169 438 92 17 success
272 437 27 17 as
311 436 15 16 a
337 428 97 24 teacher
453 426 87 29 during

18 472 42 23 the
76 471 59 29 long
157 471 62 21 term
241 467 31 24 of.
289 473 72 17 seven
381 464 49 25 and
453 472 14 16 a
489 462 52 25 half

18 516 77 24 years.
129 507 21 23 A
161 507 65 22 most
238 503 126 31 enjoyable
375 509 104 23 everung
490 507 49 16 was

20 544 103 30 brought
134 545 24 22 to
170 550 15 16 a
195 543 63 23 close
277 540 31 30 by
331 539 42 24 the
395 538 99 31 singing
515 536 26 25 of

21 582 40 24 the
73 579 115 26 National
199 578 117 25 Anthem.

133 699 301 29 ODDFELLOWSHIP.

51 787 53 25 The
115 786 71 26 usual
197 784 143 30 fortnightly
350 779 108 31 meeting
467 778 28 25 of
503 777 42 26 the

21 826 77 30 Loyal
110 824 40 25 Nil
173 820 182 34 Desperanduin
370 817 90 31 Lodge,
480 815 63 25 East

25 862 97 28 Oxford,
136 868 50 17 was
197 859 58 24 held
267 866 32 16 on
321 855 120 30 (Saturday
450 854 58 26 last,
520 854 27 22 at

23 899 77 26 which
122 898 69 24 there
212 903 48 17 was
293 902 15 16 a
328 893 47 23 fair
394 890 149 26 attendance.

24 937 49 23 Bro
82 935 85 23 Edwin
176 934 70 23 Horn
256 929 115 33 presided,
388 929 48 23 Bro
459 927 31 24 G.
509 925 36 24 M.

25 974 60 24 Geo.
96 971 82 26 Smith
195 970 49 24 and
266 968 30 25 V.
310 967 30 24 G.
361 965 90 25 Baxter
472 962 74 31 being

23 1011 52 29 also
86 1010 104 30 present.
206 1007 51 24 The
268 1005 106 24 minutes
385 1002 26 25 of
422 1001 41 25 the
472 999 73 32 previ-

25 1057 44 16 ous
80 1049 105 28 meeting
197 1053 60 18 were
268 1043 56 25 read
336 1042 47 24 and
406 1038 139 25 confirmed.

25 1085 207 30 Correspondence
243 1089 48 16 was
303 1077 104 27 received
423 1076 48 25 and
490 1074 57 25 read

20 1124 64 23 from
107 1122 76 30 Loyal
205 1118 90 26 Oxford
313 1115 91 31 Lodge,
437 1111 110 26 re-amal-

24 1159 123 31 gamation
168 1158 25 23 of
213 1156 82 28 lodges
318 1155 24 22 to
364 1151 115 25 celebrate
507 1149 41 23 the

26 1195 169 28 Anniversary,
215 1191 92 30 stating
317 1190 55 24 that
383 1197 13 15 a
408 1185 140 27 summoned

26 1232 105 30 meeting
141 1230 80 26 would
232 1228 29 25 be
284 1226 76 26 called
381 1226 37 24 foi*
440 1223 60 26 17th
522 1224 26 23 to

26 1271 54 25 deal
91 1271 60 24 with
168 1270 43 24 the
232 1270 96 22 matter.
363 1266 72 23 From
457 1264 48 23 Bro
517 1263 30 23 F.

27 1311 142 24 Waterman
181 1306 152 34 apologising
355 1304 37 25 for
409 1303 139 25 non-atten-

26 1350 75 22 dance
112 1356 31 16 on
154 1349 103 22 account
268 1344 26 25 of
312 1344 115 23 business.
461 1341 49 24 Bro
519 1341 29 23 P.

28 1386 27 24 S.
68 1386 85 23 Morris
165 1384 53 23 who
228 1382 47 24 had
294 1382 56 23 that
367 1380 47 29 day
435 1376 114 26 attended

26 1423 42 23 the
79 1422 100 23 District
192 1419 105 30 meeting
315 1424 28 17 as
364 1416 110 29 delegate
495 1421 50 17 was

26 1461 97 30 present
134 1459 47 24 and
192 1464 59 24 gave
258 1464 14 15 a
287 1455 60 24 brief
357 1454 80 30 report
458 1452 28 25 of
505 1451 43 24 the

25 1496 163 30 proceedings.
221 1492 51 25 The
284 1494 78 28 report
373 1498 28 17 a«i
420 1489 130 31 appearing

25 1535 26 22 m
72 1534 41 23 the
251 1538 50 17 was
308 1529 66 24 -'also
395 1528 66 25 read.
495 1527 53 23 The

25 1571 82 30 Lodge
118 1567 119 33 regretted
251 1568 53 24 that
312 1567 43 23 the
376 1565 129 25 alteration
526 1563 27 25 of

25 1610 74 26 rules,
111 1616 28 16 as
150 1605 116 33 proposed
276 1605 27 23 m
317 1604 92 24 notices
420 1602 27 26 of
460 1601 90 25 motion

26 1649 63 23 from
111 1642 77 35 Loyal
210 1644 123 31 Rangiora
362 1642 50 24 and
442 1640 108 26 W-aik'ari

27 1685 90 28 lodges,
136 1683 47 25 had
200 1682 61 24 been
270 1679 111 31 adopted.
415 1678 52 25 The
473 1677 77 30 lodge,

28 1721 73 25 albeit
123 1729 15 16 a
159 1719 111 31 majority
301 1717 28 24 m
350 1716 42 24 the
413 1714 95 24 district
527 1713 24 24 m

29 1759 91 27 favour,
133 1755 149 33 depreciated
294 1755 41 23 the
346 1752 128 24 formation
484 1750 26 24 of
519 1757 32 17 an

31 1797 33 24 A.
77 1795 34 24 M.
124 1794 27 25 C.
163 1793 48 25 and
234 1792 78 24 Board
334 1790 27 24 of
380 1789 122 25 Directors
524 1796 27 16 as

29 1834 72 31 likely
110 1835 26 23 to
143 1832 76 25 result
225 1832 27 23 m
259 1831 74 28 doing
341 1837 65 15 more
414 1828 68 23 harm
490 1827 60 24 than

29 1872 70 31 good,
112 1871 76 30 owing
199 1872 26 22 to
236 1868 42 25 the
289 1867 105 24 number
408 1866 32 28 of,
453 1872 27 18 as
501 1870 49 27 yet,

27 1908 182 31 inexperienced
217 1914 55 17 men
284 1905 54 24 who
353 1903 77 25 would
441 1911 65 16 come
525 1905 27 22 to

28 1946 42 24 the
103 1945 74 25 front.
211 1944 49 23 Bro
283 1943 30 23 P.
330 1941 31 24 G.
385 1939 61 26 Geo.
470 1939 82 25 Smith

28 1981 177 26 characterised
213 1981 21 24 it
245 1987 26 17 as
276 1979 58 24 false
343 1982 115 26 economy
468 1978 27 22 m
502 1976 48 25 this

27 2020 50 24 and
94 2019 71 24 other
187 2018 92 24 distant
301 2016 93 32 lodges,
414 2016 42 23 not
478 2014 74 30 being

28 2058 59 31 fully
110 2054 152 34 represented
287 2061 32 16 on
352 2053 41 31 tbje
411 2051 96 31 ground
526 2051 25 24 of

28 2103 111 23 expense,
152 2093 72 25 while
235 2091 43 25 the
300 2091 93 35 central
414 2089 50 24 and
487 2096 64 16 some

16 2152 4 4 ,
29 2133 69 22 other
108 2126 165 35 lodge%ine&er
283 2127 72 25 failed
361 2130 26 21 to
407 2126 59 24 send
488 2125 63 24 their

28 2169 157 29 compliment
196 2169 25 21 to
233 2166 93 33 district
336 2164 127 29 meeting?,
482 2170 28 16 as
531 2162 19 24 it

28 2206 79 25 would
119 2207 23 24 m
150 2206 42 25 the
201 2207 80 23 future
293 2203 57 25 lead
371 2204 26 23 to
415 2209 44 17 our
475 2200 76 32 toeing

28 2244 164 30 handicapped
199 2241 47 26 and
253 2240 108 32 ignored.
380 2239 66 24 More
460 2238 90 25 certain

29 2280 80 25 would
115 2280 21 25 it
147 2280 28 24 be
197 2280 26 28 if,
243 2286 38 17 as.
291 2278 27 24 m
340 2277 41 25 the
402 2278 105 29 present,
530 2275 20 25 it

28 2319 127 31 happened
166 2319 54 25 that
231 2319 34 24 all
275 2318 44 25 the.
331 2316 102 25 District
452 2315 99 28 Officers

28 2357 118 30 belonged
152 2359 25 22 to
184 2357 40 24 the
231 2356 96 31 leading
333 2355 70 31 lodge
411 2354 52 25 who
472 2353 78 25 would

28 2397 68 27 then,
109 2395 115 32 although
233 2394 191 31 unconsciously,
432 2393 71 30 bring
526 2394 24 23 to

26 2435 60 26 bear
97 2443 15 16 a
122 2435 65 30 large
198 2435 102 24 amount
310 2433 27 25 of
345 2433 136 29 influence.,
500 2431 50 25 Bro

27 2472 63 26 P.G.
99 2472 88 30 Lough
197 2472 104 30 reported
312 2470 54 24 four
377 2470 122 24 members
517 2477 32 17 on

28 2510 42 24 the
79 2508 51 26 sick
142 2509 48 27 list,
203 2507 74 25 which
288 2508 112 23 included
413 2507 48 24 Bro
473 2507 76 24 Reid-

26 2548 53 24 rich
89 2547 27 24 of
120 2547 134 24 Brittannia
265 2545 78 31 lodge,
355 2548 47 22 two
422 2545 26 24 of
468 2545 82 24 whom

26 2585 48 24 hid
86 2584 61 24 been
155 2582 113 26 -declared
275 2591 31 15 on
313 2583 64 24 since
383 2583 48 26 last
439 2583 109 30 meeting.

27 2624 50 24 Bro
87 2623 96 25 Fielder
193 2623 54 24 who
259 2623 49 23 met
319 2621 57 24 with
387 2628 33 17 an
441 2621 115 34 accident,^

26 2664 25 22 m
63 2663 40 24 the
115 2662 61 24 bush
188 2669 47 17 was
247 2661 53 23 said
308 2663 24 21 tb
350 2660 29 24 be
398 2660 152 31 progressing

26 2700 149 30 favourably,
187 2698 71 26 while
270 2698 48 24 Bro
330 2698 72 24 Cross
419 2697 48 25 had
488 2697 62 25 been

27 2739 55 23 able
96 2741 26 20 to
133 2745 90 16 resume
234 2736 83 24 work.-

62 2775 67 28 Sick,
140 2779 47 27 pay
195 2778 8 23 )
208 2773 146 35 amounting
375 2773 26 23 to
429 2772 64 24 £8;--
502 2780 48 15 was

26 2813 87 31 passed
124 2812 35 23 for
170 2811 123 31 payment,
298 2809 50 29 ,the
364 2809 101 30 receipts
481 2809 69 31 being

26 2850 36 24 £1
82 2851 35 22 ss.
139 2848 39 24 2d.

60 2886 38 25 On
108 2886 111 31 leaving,'
227 2884 118 37 khe*N|j.
362 2880 188 37 Teraandedf^he

25 2924 62 25 Bros
98 2924 25 25 of
133 2924 40 24 the
181 2922 95 25 Church
282 2921 88 32 parade
381 2928 33 17 on
423 2921 60 24 18th
489 2920 59 28 inst,

25 2963 24 24 to
62 2961 76 24 which
147 2961 51 23 otlv
204 2968 12 15 r
239 2957 123 26 menibeW
371 2958 27 24 of
417 2957 41 27 the
479 2957 71 25 order

26 3008 61 17 were
96 2997 88 32 fcindly
190 2994 104 30 Wited.
329 2997 51 25 The
398 2996 70 32 lodge
490 2994 60 27 then

26 3037 79 26 closed
136 3037 27 25 m
172 3037 42 23 the
227 3036 74 25 usual'
308 3035 70 25 form.

89 3183 138 31 MAGISTRATES
227 3183 101 31 COURT.

73 3263 110 32 (Before
195 3263 107 25 Captain
308 3263 99 24 Pbeece
418 3264 79 31 R.M.)

55 3304 52 25 The
114 3304 125 33 following
248 3305 142 25 sawmillers
398 3314 60 16 were
465 3314 80 23 prose-

21 3337 71 25 cuted
103 3337 31 31 by
146 3338 41 25 the
206 3337 88 26 Oxford
318 3338 67 25 Road
393 3350 2 14 ;
407 3339 80 24 Board
508 3339 38 26 for

21 3370 123 30 polluting-
153 3370 42 24 the
207 3373 102 21 streams
320 3370 27 24 of
356 3370 42 24 the
411 3371 69 24 View
491 3371 51 25 Hill

21 3401 95 25 district
127 3401 58 25 with
197 3402 103 25 sawdust
310 3410 5 16 :
318 3417 30 3 —
351 3403 91 24 Messrs
453 3403 90 29 Booth,

20 3433 71 28 LaCe,
114 3433 50 25 and
196 3434 112 24 Perham.
343 3434 71 25 Cerk
446 3436 27 24 of
503 3437 41 23 the.

20 3465 81 24 Board
112 3466 125 31 appeared,
255 3467 49 24 and
325 3468 78 25 stated
425 3469 54 24 that
500 3469 43 25 the

20 3498 82 25 Board
113 3498 49 25 had
183 3507 33 16 no
238 3498 77 25 desire
336 3502 25 22 to
384 3509 66 22 press
468 3502 38 24 for
528 3511 15 15 a

19 3530 79 31 he.avy
108 3532 99 29 penalty
210 3549 5 9 ,
228 3532 49 23 and
280 3544 9 4 -
298 3532 40 24 his
360 3533 103 31 worship
484 3542 57 17 con-

20 3563 93 23 sidered
135 3564 39 21 tho
197 3571 53 15 case
273 3565 79 22 would
366 3565 37 24 'be
425 3569 52 20 met
511 3567 30 29 by

19 3594 78 30 fining
108 3594 42 24 the
162 3594 141 25 defendants
326 3597 54 31 10/-.
399 3598 66 27 each,
474 3601 2 12 ;
494 3599 47 24 and

19 3626 36 33 7/-
79 3634 122 24 expanses.
403 3646 2 3 .
519 3639 2 5 •

143 3669 147 25 .Grimwood
307 3679 14 16 v
332 3671 81 26 Übick

50 3708 173 31 JamearUrick
235 3719 47 18 was
294 3715 144 25 summoned
449 3716 39 23 for
506 3715 35 25 il-

623 123 87 31 legally
721 123 112 31 rescuing
843 124 74 25 cattle
929 125 53 24 that
1004 125 40 23 Mr
1067 124 68 24 Grim
1139 139 8 18 :

623 156 68 25 wood
703 155 49 25 had
762 156 73 25 taken
847 158 137 30 possession
1002 158 26 23 of
1049 158 37 23 for
1107 158 40 23 the

624 196 104 24 purpose
760 188 26 24 of
823 189 190 32 impounding—
1012 189 135 25 Dismissed

625 221 59 25 with
696 229 16 16 a
722 221 105 24 caution.

757 262 92 25 Fisher
873 272 14 15 v
915 262 107 25 Whyte.

659 305 66 24 John
752 305 90 30 Whyte
880 313 49 16 was
964 306 106 29 charged
1093 305 58 24 with

627 337 108 31 illegally
746 338 114 30 rescuing
870 337 94 29 horses,
976 337 75 25 taken
1063 338 37 24 for
1110 338 41 24 the

628 377 103 23 purpose
752 369 28 24 of
798 370 163 31 impounding
983 370 59 23 from
1066 370 86 24 James

630 402 87 24 Fisher
717 415 30 4 —
749 401 77 25 Fined
837 403 42 27 £8,
893 402 49 24 and
954 404 65 22 costs
1042 403 46 30 7/-.

727 443 97 24 Fisher
848 452 13 15 v
886 443 170 25 M'Candlish.

663 485 40 24 An
725 485 57 25 1.0.
782 485 29 25 U.
834 485 50 24 and
905 485 82 24 letters
1009 493 61 16 were
1099 492 54 24 pro-

631 518 77 24 duced
719 518 101 30 proving
830 517 43 24 the
881 518 65 27 debt,
959 517 132 24 defendant
1110 520 44 21 not

632 550 138 30 appearing.
804 549 49 24 His
884 549 106 31 worship
1029 549 124 24 remarked

632 582 54 25 that
698 582 50 24 this
759 589 50 16 was
820 589 46 16 one
877 582 27 23 of
921 581 41 24 the
981 581 124 24 instances
1127 581 28 24 m

631 614 82 24 which
724 614 19 23 it
755 612 118 32 appeared
884 614 52 24 that
971 621 16 16 a
996 613 64 24 little
1077 612 78 24 learn-

632 646 44 30 ing
687 653 49 16 was
747 653 15 16 a
776 645 135 31 dangerous
1062 644 91 30 Judge-

630 680 70 22 ment
710 677 80 25 wonld
800 678 29 24 be
839 677 72 31 given
934 677 36 25 for
990 676 109 32 plaintiff
1118 676 38 25 for

633 711 35 23 £6
687 712 28 24 7s
733 710 36 28 9d,
787 709 49 25 and
848 711 66 23 costs
933 709 47 32 7/-.

764 751 83 25 Candy
873 760 15 14 v
914 751 114 23 Perham.

667 793 78 24 Claim
757 793 34 24 £2
809 793 28 24 9s
855 793 40 24 Bd.
928 792 146 31 Judgement
1097 791 60 26 with

634 827 73 23 costs.

782 867 93 23 Fisher
891 875 15 17 v
922 866 91 24 Prime.

668 908 80 26 Claim
781 910 34 23 £1
853 910 35 23 ss.
931 908 146 29 Judgement
1121 908 36 23 for

635 941 112 31 plaintiff.
781 941 28 24 In
823 941 49 24 this
893 948 63 20 case,
981 939 40 24 Mr
1041 939 116 31 Simpson

636 973 118 30 appeared
771 981 26 16 as
820 974 80 28 agent,
920 972 48 24 and
992 972 39 24 his
1053 972 103 30 worship

637 1005 52 25 said
700 1005 30 25 he
741 1005 79 24 would
830 1007 43 22 not
884 1003 124 32 recognise
1018 1010 33 18 an
1073 1006 81 28 agent,

638 1038 41 23 but
696 1037 40 24 Mr
756 1037 113 31 Simpson
891 1037 88 29 feeling
997 1035 112 31 disposed
1133 1038 24 22 to

637 1077 74 22 argue
722 1068 42 25 the
775 1070 90 23 matter
875 1070 51 27 out,
938 1068 40 25 his
987 1068 102 31 worship
1096 1076 61 23 gave

639 1108 61 25 way.

655 1208 240 27 WAIMAKARIRI
914 1209 123 26 WATER
1048 1209 98 26 RACE.

702 1289 82 32 (From
806 1298 48 16 dub
871 1291 228 32 Cobrespondent.)

670 1331 31 31 Iq
719 1333 124 29 resuming
865 1333 51 25 this
937 1333 94 31 subject
1054 1340 28 17 as
1104 1333 60 24 fore-

638 1367 131 26 shadowed
780 1368 27 24 m
818 1376 43 23 my
871 1369 54 28 last,
938 1369 14 24 I
974 1369 65 24 shall
1061 1371 104 28 attempt

638 1407 26 23 to
675 1413 81 24 prove,
768 1406 55 26 that
833 1407 27 24 m
871 1409 95 29 respect
977 1411 26 21 to
1024 1407 44 25 the
1089 1407 77 32 prim-

638 1451 43 23 ary
703 1445 53 23 cost
778 1444 25 24 of
824 1445 176 32 constructing
1020 1453 67 17 races
1120 1444 48 26 and

638 1480 61 25 head
711 1480 78 25 works
805 1482 103 30 coupled
929 1482 60 24 with
1011 1482 43 24 the
1075 1481 90 25 advan-

638 1520 70 29 tages
717 1519 28 24 of
754 1527 33 16 an
802 1520 92 24 almost
915 1521 92 24 certain
1029 1520 87 32 supply
1139 1522 26 23 at

638 1557 34 25 all
692 1565 108 21 seasons,
835 1558 57 25 New
915 1558 107 25 Zealand
1041 1566 124 24 compares

640 1594 59 33 (and
713 1595 43 25 the
778 1595 171 26 Waimakariri
972 1596 26 25 io
1021 1596 140 33 particular)

640 1634 65 23 most
716 1632 141 32 favourably
868 1634 60 24 with
949 1642 47 23 any
1018 1632 71 27 other
1109 1635 56 30 part

638 1668 26 25 of
674 1669 42 25 the
738 1670 76 24 world
835 1670 27 24 m
883 1670 80 25 which
987 1672 119 30 irrigation
1118 1671 45 25 has

637 1705 60 24 been
709 1707 111 30 adopted,
854 1707 14 24 I
878 1708 61 24 need
963 1708 106 32 scarcely
1092 1708 70 25 dwell

638 1751 33 18 on
682 1745 43 24 the
733 1744 50 25 fact
794 1745 55 25 that
860 1746 27 25 m
898 1747 83 31 nearly
991 1747 33 25 all
1035 1755 45 18 our
1096 1748 68 25 main

640 1785 111 27 streams,
763 1785 121 31 although
895 1786 41 24 the
948 1785 140 26 headworks
1099 1808 2 3 .
1108 1795 57 23 may

638 1821 141 25 sometimes
798 1821 30 27 be
847 1825 80 29 pretty
946 1824 137 30 expensive,
1106 1825 59 30 they

637 1865 43 16 are
697 1859 28 23 at
746 1860 109 29 aay-rate
876 1862 155 27 permanent,
1051 1860 50 24 and
1122 1861 43 24 the

638 1895 55 25 first
715 1898 52 23 cost
789 1897 23 24 is
833 1899 188 30 comparatively
1049 1899 118 31 speaking

640 1934 41 24 the
692 1935 59 30 only,
756 1942 57 22 .one,
825 1936 50 25 and
886 1936 43 25 the
946 1936 86 25 labour
1052 1938 113 30 required

641 1973 27 22 to
678 1971 83 24 insure
772 1979 15 17 a
798 1974 112 23 constant
921 1974 49 23 and
977 1973 96 26 reliable
1081 1974 84 26 intake

638 2008 21 24 is
678 2016 57 23 very
757 2008 101 31 trifling,
892 2009 108 26 whereas
1007 2019 3 8 1
1029 2011 30 24 m
1092 2011 72 31 Italy,

639 2044 141 30 California,
804 2045 111 25 Western
950 2047 120 32 America,
1103 2048 62 26 Aus-

640 2082 73 25 tralia
727 2083 40 27 &c,
779 2084 43 24 not
833 2084 58 30 only,
899 2091 21 17 is
931 2084 43 24 the
985 2086 87 31 supply
1082 2088 27 22 at
1120 2086 42 26 the

638 2119 84 25 intake
734 2120 134 31 uncertain,
880 2121 43 24 but
934 2130 59 17 even
1005 2122 70 25 when
1094 2126 73 22 wattr

638 2155 21 25 is
669 2156 133 28 abundant,
815 2157 42 24 the
867 2165 55 17 race
934 2158 87 31 supply
1042 2159 22 24 is
1085 2159 80 26 inter-

636 2192 102 24 mittent
748 2197 149 27 consequent
908 2202 64 23 upon
983 2195 41 25 the
1040 2195 78 26 banks
1140 2197 27 25 of

638 2231 43 25 the
690 2234 105 22 streams
806 2232 73 32 being
901 2234 140 25 unsuitable
1062 2235 38 25 for
1122 2235 42 26 the

638 2269 165 25 construction
815 2269 28 25 of
850 2272 143 28 permanent
1015 2272 148 25 headworks.

640 2305 79 31 Again
729 2305 43 26 the
782 2306 44 26 fall
842 2307 27 24 of
888 2307 43 25 the
952 2309 102 24 streams
1076 2317 39 17 are
1137 2317 27 18 so

639 2343 118 32 sluggish,
781 2344 53 25 that
855 2344 79 32 heavy
955 2345 48 25 and
1034 2347 130 31 expensive

641 2380 143 32 machinery
793 2381 47 25 has
851 2385 25 21 to
887 2382 29 24 be
927 2383 60 24 used
1000 2384 26 23 to
1036 2384 63 24 raise
1122 2385 41 24 the

640 2422 75 22 water
725 2425 24 20 to
761 2420 42 25 the
814 2422 107 31 required
944 2422 60 25 level
1026 2423 79 26 which
1127 2432 36 17 re-

639 2460 81 31 quires
742 2463 114 23 constant
875 2462 123 25 attention
1019 2463 49 25 and
1089 2463 76 33 heavy

640 2504 103 22 expense
764 2497 27 25 m
814 2506 71 21 wear,
910 2501 51 22 tear
993 2501 47 23 and
1071 2501 92 26 labour.

639 2533 81 24 There
732 2542 42 17 are
784 2542 65 17 none
860 2535 27 24 of
897 2535 68 25 these
982 2536 183 33 disadvantages

638 2571 25 23 m
675 2571 147 24 connection
835 2572 60 24 with
908 2572 43 24 the
962 2581 54 16 race
1038 2574 63 25 from
1123 2576 41 25 the

640 2606 66 24 Rock
718 2606 70 25 Ford.
822 2608 53 24 The
886 2609 86 30 grades
983 2610 28 24 of
1025 2610 43 25 the
1090 2619 73 17 coun-

639 2647 39 27 try
698 2651 41 17 are
762 2651 27 16 so
808 2644 109 30 suitable,
941 2646 54 24 that
1028 2655 60 18 once
1122 2650 41 24 the

639 2682 138 30 water-way
798 2681 23 24 is
843 2683 75 28 made,
941 2684 96 30 regular
1059 2686 106 31 supplies

641 2725 47 17 can
698 2717 31 25 be
741 2718 74 24 relied
826 2726 33 17 on
870 2719 38 25 for
918 2721 56 24 field
996 2722 49 25 and
1067 2724 98 30 garden,

639 2756 66 31 byre,
716 2757 110 32 piggery,
838 2759 151 25 wash-house
999 2761 48 24 and
1060 2762 104 27 kitchen.

639 2795 52 26 The
702 2796 64 26 cook,
772 2796 52 24 will
834 2798 88 31 rejoice
933 2799 49 24 and
994 2799 42 25 the
1056 2802 110 32 washing

638 2832 47 34 day
697 2832 49 24 will
758 2839 56 24 pass
824 2841 58 17 over
893 2834 100 28 without
1004 2844 15 17 a
1038 2837 72 26 cloud
1131 2847 33 18 on

638 2869 44 24 the
693 2869 70 31 good-
765 2869 76 28 wife's
862 2870 61 27 face.

671 2908 52 25 Tire
734 2911 53 22 cost
798 2917 43 23 per
852 2919 54 17 acre
924 2912 50 25 and
995 2914 170 26 maintenance

637 2946 50 24 will
698 2947 28 24 be
747 2948 49 24 less
817 2949 27 24 m
863 2952 153 29 comparison
1036 2953 58 24 than
1116 2962 49 23 any

638 2985 70 24 other
718 2985 97 26 scheme
827 2987 54 25 that
895 2997 36 16 we
943 2990 72 24 know
1025 2991 27 24 of
1071 2992 95 25 outside

641 3022 60 25 New
713 3023 114 27 Zealand.
861 3025 61 25 Now
934 3034 104 24 suppose
1049 3029 42 25 the
1113 3038 54 17 race

641 3062 27 22 to
692 3060 30 24 be
744 3062 113 29 capable-
877 3064 26 23 of
935 3064 126 32 irrigating
1092 3067 75 24 about

639 3091 107 36 200,660
768 3107 65 17 acres
854 3102 50 24 and
925 3102 42 25 the
988 3106 52 23 cost
1062 3105 28 25 of
1108 3114 56 17 con-

638 3137 120 24 struction
793 3137 105 26 between
932 3141 33 23 24
995 3142 49 24 and
1076 3144 90 27 26,000

638 3176 93 31 pounds
742 3176 80 25 which
842 3186 82 17 means
946 3187 16 17 a
983 3180 104 26 fraction
1109 3191 56 17 over

638 3212 42 33 2/6
693 3221 41 23 per
744 3221 62 18 acre.
840 3215 32 24 In
884 3216 112 25 America
1006 3218 50 25 and
1067 3218 97 33 Europe

638 3250 43 24 the
702 3252 169 31 constructing
892 3254 68 25 main
982 3255 106 25 channel
1116 3258 47 24 and

637 3289 152 30 heidworks,
801 3291 130 32 according
942 3294 25 24 to
991 3293 40 26 the
1054 3295 58 24 Hon
1136 3297 28 24 A.

638 3326 117 26 Deakiri's
774 3330 86 29 report,
880 3337 76 24 range
977 3331 63 25 from
1064 3333 51 32 10/-
1139 3335 24 24 to

636 3365 52 26 £10
711 3365 40 26 19.
779 3373 43 24 per
839 3374 53 16 acre
903 3375 6 21 ;
926 3368 119 31 although
1067 3370 32 24 he
1121 3371 41 25 ad-

636 3402 58 23 mits
718 3402 54 24 that
794 3403 61 24 such
876 3403 66 32 large
963 3413 68 17 sums
1050 3415 40 16 are
1120 3410 43 23 not

636 3443 112 23 spenf.on
769 3439 128 33 irrigation
920 3443 78 24 works
1021 3446 84 28 except
1127 3446 36 23 for

636 3476 61 25 land
718 3476 81 26 which
822 3478 32 24 he
876 3479 58 25 calls
956 3480 79 25 under
1066 3481 94 27 intense

638 3515 152 30 cultivation,
804 3518 48 24 and
875 3519 55 24 that
952 3527 84 18 means
1058 3522 38 24 for
1118 3523 41 24 the

636 3561 104 23 purpose
760 3554 24 23 of
806 3554 175 33 fruitgrowing,
1007 3558 77 24 where
1117 3559 43 25 the

636 3589 84 30 profits
744 3598 40 17 are
819 3593 141 24 sometimes
993 3603 57 24 very
1083 3597 76 30 large.
1172 3612 2 4 •

634 3626 93 25 Deakin
740 3627 79 32 places
830 3632 68 28 great
911 3632 73 23 stress
996 3639 32 17 on
1040 3633 42 25 the
1101 3633 57 31 fact,

633 3664 55 24 that
699 3665 43 24 the
753 3667 85 30 larger
842 3667 41 27 the,
897 3669 75 24 works
985 3671 39 23 the
1037 3669 48 26 less
1109 3672 50 25 will

632 3700 39 25 be',
682 3701 133 37 relatively-
831 3704 47 25 -the
911 3708 164 24 construction
1109 3710 65 25 and/

631 3739 81 26 future
716 3742 186 27 -maintenance.
937 3744 61 28 Now
1016 3754 27 18 as
1065 3749 25 25 to
1109 3748 35 27 iv»

1239 136 136 27 provement
1385 135 26 24 m
1433 135 43 25 the
1497 137 71 24 value
1590 138 27 24 of
1634 139 42 24 the
1697 139 64 29 land,

1239 169 96 26 Deakin
1357 179 63 24 says.
1456 173 60 25 ''To
1538 172 40 27 the
1602 176 91 24 farmer
1726 177 35 23 al-

1238 207 73 32 ready
1323 216 64 23 upon
1398 209 41 25 the
1450 210 57 25 land
1519 212 19 24 it
1550 212 72 24 offers
1639 221 14 16 a
1668 221 94 17 -means

1240 244 27 24 of
1275 245 118 31 doubling
1403 254 27 17 or
1439 248 106 31 trebling
1553 250 41 23 the
1605 250 70 23 value
1686 250 27 24 of
1721 250 40 24 his

1239 281 66 29 land,
1317 281 22 25 if
1347 282 31 25 he
1389 292 43 15 can
1445 286 67 23 unite
1531 286 58 23 with
1612 287 37 23 his
1671 286 91 25 fellows

1241 318 24 24 m
1277 326 33 17 an
1322 319 122 32 irrigation
1613 324 48 24 But
1674 325 25 23 to
1711 325 52 24 him

1238 357 69 29 apart
1318 356 60 25 from
1386 358 60 29 'this,
1458 359 49 23 and
1518 362 25 20 to
1555 360 40 24 the
1607 368 50 16 new
1669 361 94 28 settler,

1238 392 20 25 it
1270 393 87 31 simply
1368 395 70 24 offers
1450 395 42 25 the
1503 399 110 28 prospp.ct
1625 398 27 24 of
1665 398 98 31 regular

1239 429 164 32 employment
1425 433 47 22 and
1495 440 14 16 a
1530 435 98 29 regular
1659 435 102 27 income,

1239 466 87 29 which,
1349 468 57 24 with
1429 468 115 33 frugality
1566 471 49 24 and
1644 471 119 32 industrys

1239 504 48 23 will
1298 505 87 24 enable
1396 506 48 23 him
1455 509 26 21 to
1491 515 56 15 rear
1557 507 39 24 his
1609 507 85 32 family
1716 509 49 24 and

1239 540 72 25 make
1323 549 14 16 a
1349 542 71 24 home
1430 542 37 25 for
1478 543 106 29 himself,
1596 544 43 25 the
1650 545 71 25 value
1740 546 27 24 of

1241 579 78 24 which
1331 580 86 25 should
1427 582 47 24 rise
1486 583 102 31 steadily
1608 591 29 17 as
1660 584 30 24 he
1712 592 51 23 per-

1239 619 127 31 manently
1387 619 118 32 improves
1528 622 20 23 it
1570 622 76 24 under
1676 624 90 23 careful

1239 657 151 25 cultivation.
1425 658 128 32 Irrigation
1566 661 19 24 is
1603 661 26 23 m
1651 662 49 23 fact
1723 662 42 24 the

1241 694 52 25 best
1305 696 65 29 possi
1385 696 20 24 le
1427 696 129 26 insurance
1579 699 38 23 for
1638 699 43 24 the
1704 700 61 30 agri-

1241 732 115 26 culturist,
1370 733 73 27 since,
1457 734 24 22 m
1495 741 75 24 many
1580 743 77 22 years,
1671 736 19 23 it
1713 744 53 21 pre-

1241 769 71 23 vents
1323 768 114 25 disasters
1449 771 47 23 and
1507 770 26 24 m
1544 772 34 24 all
1588 780 70 22 years
1680 772 86 25 should

1243 811 67 19 more
1322 805 55 25 than
1391 814 73 23 repay
1475 807 31 24 its
1528 810 59 23 cost.

1276 842 31 23 At
1319 843 40 23 the
1382 843 137 25 Ashbui-ton
1545 846 96 31 County
1664 846 102 25 Council

1243 879 107 31 meeting
1360 888 32 16 on
1411 880 41 24 the
1476 881 47 24 2nd
1546 883 58 27 inst,
1629 883 39 24 Mr
1691 883 77 32 Grigg

1243 915 52 24 said
1306 916 54 24 that
1371 917 30 24 he
1413 920 98 29 warmly
1531 920 129 24 advocated
1683 922 84 29 taking

1243 952 140 26 immediate
1396 957 65 29 steps
1473 957 25 23 to
1509 957 54 30 give
1585 957 70 25 effect
1678 960 26 22 to
1726 958 42 25 the

1244 990 124 31 irrigation
1381 993 105 24 scheme.
1522 994 32 25 So
1565 995 147 32 thoroughly
1727 996 41 24 did

1245 1028 32 24 he
1288 1028 90 25 believe
1389 1030 26 23 m
1427 1030 123 31 irrigation
1564 1034 51 22 that
1627 1033 31 24 he
1671 1033 48 23 had
1738 1041 30 16 no

1245 1066 131 26 hesitation
1387 1068 26 24 m
1425 1070 85 31 saying
1521 1070 54 25 that
1598 1071 20 23 if
1638 1072 40 24 the
1701 1071 67 25 Com-

1247 1106 97 25 mittees
1355 1110 81 28 report
1447 1116 60 17 were
1519 1110 70 29 given
1600 1111 115 30 practical
1738 1111 32 24 ef-

1246 1143 47 24 fect
1304 1146 32 24 to,
1359 1144 19 23 it
1390 1146 80 23 would
1481 1146 47 23 add
1539 1146 61 24 from
1623 1148 31 24 50
1677 1149 25 23 to
1723 1149 48 24 160

1248 1188 42 22 per
1300 1183 64 25 cent,
1377 1183 26 22 to
1415 1181 42 24 the
1467 1183 71 24 value
1550 1184 26 23 of
1596 1184 32 23 all
1649 1185 42 24 the
1714 1184 57 25 land

1248 1216 99 26 effected
1370 1219 29 30 by
1422 1219 42 25 the
1484 1219 105 26 schema.
1624 1220 24 26 It
1669 1221 50 25 will
1741 1221 30 25 be

1248 1264 56 17 seen
1316 1257 30 30 by
1357 1258 42 24 the
1420 1261 80 28 report
1523 1259 26 25 of
1566 1260 42 24 the
1631 1260 140 25 Ashburton

1248 1294 94 31 County
1355 1295 103 24 Council
1469 1297 129 25 contained
1610 1297 25 25 m
1646 1297 42 25 the
1700 1299 71 23 Press

1247 1332 27 23 of
1285 1332 43 23 3rd
1340 1332 56 28 inst,
1409 1332 55 25 that
1486 1334 40 23 Mr
1549 1334 76 30 Grigg
1647 1335 58 23 does
1726 1338 45 21 not

1248 1371 70 22 stand
1331 1371 70 24 alone
1412 1371 27 23 m
1451 1372 37 23 his
1501 1380 56 22 very
1568 1374 118 29 sanguine
1698 1374 73 30 hopes

1249 1409 27 24 of
1284 1409 43 24 the
1338 1409 80 25 future
1430 1409 117 32 blessings
1559 1412 27 23 of
1605 1411 135 32 irrigation.

1280 1446 26 24 If
1314 1454 61 23 your
1386 1447 95 24 readers
1493 1456 40 16 are
1545 1451 46 22 not
1601 1449 62 24 tired
1674 1449 27 25 of
1721 1450 50 25 this

1247 1482 178 26 inexhaustible
1437 1484 102 31 subject,
1554 1486 11 22 I
1578 1486 57 28 will,
1646 1487 59 24 with
1712 1496 59 22 your

1247 1520 149 30 permission,
1408 1522 111 24 continue
1540 1523 21 23 it
1582 1523 26 23 m
1627 1531 64 24 your
1713 1529 58 20 next

1248 1556 73 23 issue.

1282 1698 69 23 THE
1364 1698 237 30 PICTURESQUE
1624 1699 112 27 ATLAS.

1550 1781 188 27 InVEBCABGILIi.

1282 1821 142 25 Bowrnnan
1459 1823 69 24 Bros,
1554 1832 40 15 are
1632 1826 139 30 proceeding

1247 1858 97 30 against
1364 1859 147 25 subscribers
1533 1862 26 23 to
1580 1861 43 25 the-

1248 1904 72 23 esque
1462 1899 57 23 with
1541 1900 101 31 varying
1669 1909 102 17 success.

1248 1933 40 24 Mr
1306 1934 33 23 D.
1362 1934 96 31 Strang,
1482 1943 14 17 a
1517 1937 148 25 well-known
1698 1939 73 25 coffee

1249 1971 124 28 merchant,
1385 1971 96 25 resisted
1494 1977 110 26 payment
1616 1976 94 23 because
1732 1977 40 23 the

1248 2009 76 25 books
1345 2018 62 17 were
1429 2013 45 22 not
1496 2012 127 30 delivered,
1647 2014 49 25 and
1718 2023 53 17 suc-

1248 2047 86 25 ceeded
1352 2047 28 25 m
1400 2049 40 23 his
1462 2049 88 27 action,
1573 2051 108 31 plaintiff
1700 2053 72 31 being

1247 2087 66 22 casts
1324 2086 27 23 m
1363 2088 72 22 costs.
1469 2087 25 25 It
1513 2089 118 30 appeared
1653 2091 55 23 that
1729 2091 42 24 the

1247 2122 76 24 books
1345 2130 61 17 were
1428 2123 45 25 left
1492 2125 25 23 m
1540 2126 41 23 the
1604 2131 113 21 entrance
1748 2134 23 18 to

1249 2159 111 31 Strang's
1371 2161 68 23 office
1451 2162 30 29 by
1492 2162 144 25 Bowerman
1647 2165 49 23 and
1718 2166 51 23 dis-

1246 2196 125 31 appeared.
1404 2197 92 31 To-day
1505 2198 43 25 the
1556 2199 57 25 firm
1625 2201 56 24 sued
1703 2201 68 26 John

1249 2234 77 24 Scott.
1362 2234 68 25 Scott
1442 2235 108 25 declared
1568 2239 55 22 that
1645 2239 32 24 he
1698 2247 74 17 never

1247 2272 84 31 signed
1342 2280 48 23 any
1401 2274 71 23 order
1493 2274 38 25 for
1553 2275 42 25 the
1611 2276 73 25 book.
1716 2278 55 25 The

1247 2317 129 17 canvasser
1386 2310 122 31 Metcalfe,
1530 2313 32 25 he
1584 2313 116 31 believed,
1723 2316 48 24 had

1247 2347 84 25 shown
1341 2347 52 25 him
1406 2348 104 31 pictures
1529 2351 26 23 of
1572 2351 128 30 Australia,
1724 2354 47 24 aud

1247 2384 30 23 lie
1289 2384 51 23 said
1352 2385 54 24 that
1418 2385 31 24 he
1461 2386 47 25 had
1519 2394 32 17 no
1561 2388 103 26 interest
1682 2390 26 24 m
1731 2391 41 24 the

1246 2421 71 25 other
1328 2421 118 30 Co'onies,
1458 2423 94 32 though
1563 2425 32 25 he
1614 2426 80 33 might
1716 2427 56 26 take

1247 2467 15 17 a
1284 2460 92 25 similar
1394 2461 66 24 work
1482 2468 33 18 on
1537 2462 58 26 New
1615 2463 115 30 Zealand,
1754 2465 18 23 if

1247 2497 134 31 published.
1415 2498 112 26 Metcalfe
1545 2500 79 24 stated
1646 2501 55 25 that
1722 2511 50 15 was

1247 2534 40 24 his
1293 2542 51 17 own
1356 2534 98 31 feeling,
1465 2536 48 24 and
1526 2538 9 14 f
1537 2536 44 25 hat
1592 2537 32 24 he
1635 2546 49 16 was
1693 2540 79 30 trying

1247 2573 26 23 to
1285 2574 41 28 get
1337 2575 100 27 support
1447 2573 38 23 for
1496 2574 61 23 such
1569 2582 15 15 a
1606 2575 69 25 *ork.
1710 2576 61 25 Met-

1247 2609 61 25 calfe
1320 2609 74 24 asked
1407 2609 68 25 Scott
1487 2613 25 22 to
1524 2611 54 30 sign
1587 2619 15 16 a
1613 2612 42 25 list
1675 2612 27 25 of
1721 2615 50 29 pat-

1246 2655 66 20 rons,
1322 2647 79 25 which
1413 2648 30 23 he
1449 2648 49 25 did.
1533 2649 58 25 Scot
1599 2651 109 25 declared
1717 2652 54 26 that

1247 2686 42 26 the
1299 2687 42 24 list
1346 2687 122 30 produced
1479 2695 50 18 was
1534 2691 46 23 not
1591 2690 40 24 the
1640 2698 73 22 same,
1722 2692 49 24 and

1247 2726 125 24 described
1379 2726 146 26 differences.
1559 2729 40 25 He
1605 2730 51 24 also
1665 2731 107 25 affirmed

1247 2766 53 24 that
1311 2766 32 23 he
1364 2774 75 16 never
1461 2767 84 32 signed
1564 2777 49 22 any
1635 2771 76 24 order.
1747 2773 23 23 A

1247 2802 65 24 bank
1321 2802 86 25 official
1419 2803 102 31 deposed
1534 2805 53 25 that
1600 2808 23 22 to
1635 2808 41 23 the
1687 2807 53 25 best
1748 2808 24 24 of

1246 2839 40 25 his
1293 2839 72 25 belief
1369 2841 41 23 the
1417 2840 137 31 signatures
1560 2850 61 18 were
1630 2845 33 24 all
1674 2844 97 27 Scott's.

1247 2877 40 25 Mr
1297 2877 112 28 Rawson,
1422 2877 79 30 R.M.,
1513 2888 59 22 gave
1585 2881 142 31 judgement
1737 2884 35 25 for

1247 2914 129 25 defendant
1387 2923 32 17 on
1431 2915 42 25 the
1484 2918 94 29 ground
1597 2919 54 24 that
1670 2920 31 24 he
1724 2921 48 25 had

1247 2952 62 24 been
1319 2953 165 32 fraudulently
1495 2956 102 24 induced
1609 2959 26 22 to
1654 2959 55 30 sign
1727 2962 45 22 the

1247 2992 70 24 order
1336 2992 36 24 for
1395 2992 41 25 the
1656 2998 69 25 Atlas
1747 3000 25 24 of

1408 3034 25 21 at
1445 3031 41 25 the
1498 3032 56 24 time
1576 3034 119 33 believing
1717 3037 55 25 that

1246 3069 32 24 ho
1290 3077 48 16 was
1358 3069 96 31 signing
1476 3080 14 15 a
1512 3074 106 28 patron's
1640 3075 39 25 list
1701 3076 38 24 for
1758 3084 14 17 a

1247 3105 93 24 similar
1351 3107 65 24 work
1430 3107 114 33 referring
1552 3112 25 23 to
1585 3111 59 25 New
1654 3113 117 30 Zealand,

1246 3143 49 24 and
1307 3145 53 23 that
1371 3144 41 24 the
1424 3152 127 18 canvasser
1560 3151 150 28 represented
1718 3152 54 24 that

1247 3180 69 25 Scott
1327 3181 79 24 would
1416 3182 60 25 have
1488 3191 30 16 an
1530 3189 156 29 opportunity
1698 3190 25 23 to
1734 3189 38 24 in-

1246 3221 67 28 spect
1320 3220 42 24 the
1374 3221 65 24 work
1450 3221 79 25 before
1540 3225 140 32 subseibing
1698 3228 35 24 for
1744 3228 27 26 It.

1245 3256 79 24 Leave
1336 3259 25 21 to
1383 3258 85 30 appeal
1491 3267 50 17 was
1562 3262 92 24 refused
1676 3272 31 16 on
1731 3267 40 23 the

1245 3294 93 30 ground
1350 3294 54 24 that
1412 3295 41 24 the
1464 3296 107 27 decision
1583 3307 48 17 was
1640 3302 74 29 given
1736 3312 33 16 on

1245 3346 14 16 a
1271 3340 89 22 matter
1371 3339 28 24 of
1407 3340 57 24 fact.
1543 3342 115 28 Metcalfe
1668 3354 47 17 was
1726 3350 45 23 not

1245 3375 130 31 produced.

1492 3491 38 12 .*»

1331 3564 149 28 OXFOED
1507 3568 163 29 LIBEARY.

1274 3642 52 26 The
1348 3646 68 24 usual
1437 3648 114 32 monthly
1563 3652 107 31 meeting
1679 3654 26 24 of
1726 3655 43 26 the

1241 3680 101 32 Library
1362 3682 144 26 Committee
1529 3694 50 17 was
1601 3688 58 25 held
1679 3690 26 25 m
1728 3694 18 22 tl
1756 3701 13 17 c

1240 3716 96 32 Orange
1357 3718 69 29 Hall,
1460 3729 33 17 on
1526 3722 108 34 Monday
1656 3728 112 33 evening.

1240 3756 101 28 Present
1362 3758 132 29 :—Messrs
1515 3762 125 33 Prichard,
1663 3767 101 30 Beeves,

1852 142 114 33 Laming,
1990 145 86 31 Ryder,
2105 148 47 24 and
2185 147 107 33 Ingram.
2326 148 53 25 The

1853 182 107 25 minutes
1972 186 25 23 of
2007 184 42 25 the
2060 186 112 31 previous
2187 188 108 31 meeting
2316 196 63 17 were

1853 221 57 24 read
1917 222 47 24 and
1973 224 142 26 confirmed.
2148 226 21 24 A
2177 226 134 25 discussion
2320 228 58 24 took

1853 256 67 31 place
1931 259 57 25 with
2000 260 119 26 reference
2131 265 24 22 to
2175 263 41 25 the
2237 264 141 26 alterations

1853 294 27 24 m
1891 295 43 24 the
1945 297 74 28 rules,
2031 298 67 24 when
2120 300 19 23 it
2161 307 49 17 was
2232 301 99 27 decided
2353 304 25 21 to

1853 333 54 30 give
1918 334 41 24 the
1969 336 111 30 required
2089 345 70 17 seven
2182 339 60 31 days
2264 340 79 25 notice
2355 340 27 25 of

1854 370 41 24 the
1905 372 122 25 intention
2038 374 27 23 of
2073 382 64 17 some
2147 376 27 24 of
2192 376 42 24 the
2257 376 122 26 members

1854 409 25 22 to
1901 416 101 23 propose
2024 417 16 17 a
2061 412 104 23 number
2186 413 26 23 of
2234 414 142 24 alteratiors

1853 448 26 20 at
1901 445 42 25 the
1966 448 57 23 next
2044 449 91 24 annual
2156 450 116 31 meeting,
2298 451 82 24 which

1854 481 68 26 takes
1944 484 67 30 place
2022 492 32 16 on
2076 485 43 25 the
2142 487 58 23 80th
2223 480 101 32 instant.
2359 488 21 24 A

1854 519 84 31 hearty
1949 523 56 23 vote
2021 524 25 21 of
2058 523 90 24 thanks
2157 532 47 16 was
2216 524 116 25 accorded
2355 527 26 22 to

1853 555 44 25 the
1909 557 89 26 Oxford
2009 558 75 25 Brass
2091 559 79 29 Band,
2183 561 37 24 for
2236 561 64 25 their
2322 562 59 24 kind

1855 593 133 26 assistance
1997 597 24 22 at
2034 596 41 24 the
2087 598 187 26 entertainment
2292 599 27 25 m
2341 599 41 25 aid

1856 634 24 20 ot
1891 631 41 24 the
1943 632 101 32 Library
2054 633 125 32 Building,
2191 636 47 23 and
2250 636 43 24 the
2305 644 76 17 secre-

1856 669 54 30 tary
1920 677 51 17 was
1982 671 123 30 requested
2115 674 25 22 to
2152 680 90 25 convey
2253 673 42 26 the
2315 682 68 17 same

1856 707 26 23 to
1891 706 42 24 the
1950 707 79 25 Band.
2063 709 52 23 The
2137 711 136 23 remainder
2294 711 27 24 of
2339 711 44 25 the

1856 743 108 24 business
1975 752 49 16 was
2033 745 27 24 of
2068 753 14 16 a
2093 747 97 24 routine
2202 748 130 24 character.

1997 814 44 12 -r-
2111 809 30 17 ♦

1859 862 155 40 COMING
2030 864 170 39 EVENTS
2223 866 49 39 OF
2291 866 85 40 THE

2046 911 151 30 WEEK.

1891 965 118 33 Tuesday.
2043 967 100 33 Library
2153 978 61 23 open
2229 971 63 24 from
2316 973 65 24 6.80.

1859 1016 60 23 p.m.
1931 1011 26 22 to
1967 1011 86 29 B.p.m.

1893 1051 160 33 Wednesday.
2087 1054 97 32 Sewing
2195 1054 58 26 Bee.

1893 1094 134 32 Thursday.
2060 1096 70 24 Bank
2143 1105 70 22 open.

1894 1135 97 31 Friday.
2025 1137 70 25 Band
2107 1139 26 23 of
2145 1139 80 30 Hope.

1896 1176 129 33 Saturday.
2058 1179 103 31 Library
2172 1188 62 23 open
2246 1182 61 23 from
2321 1183 66 23 6.80.

1862 1226 60 23 p.m.
1934 1220 25 24 to
1981 1221 98 30 8.p.m.~
2101 1221 109 33 Meeting
2232 1224 26 24 of
2277 1224 43 25 the
2343 1224 44 26 Nil

1863 1261 185 32 Desperandum
2058 1264 93 30 Lodge.

1898 1385 40 25 TO
1951 1386 68 24 THE
2032 1386 110 25 JEHUS
2155 1387 43 24 OF
2213 1383 144 28 OXFORD.

1864 1464 85 31 (More
1960 1471 145 20 especially
2117 1465 55 24 Mrs
2184 1465 29 25 A.
2226 1465 39 25 W.
2274 1474 30 15 op
2319 1466 69 25 View

2085 1497 74 24 Hill.

1864 1541 53 25 The
1927 1542 66 25 rules
2008 1543 27 24 of
2044 1543 41 25 the
2106 1544 58 24 road
2186 1552 40 17 are
2246 1553 15 16 a
2283 1545 105 31 paradox

1928 1580 75 31 quite.

1897 1617 48 25 For
1956 1626 26 16 as
1992 1626 47 23 you
2061 1627 32 23 go
2104 1620 108 31 walking
2231 1620 77 31 along,

1863 1655 26 25 If
1896 1665 48 22 you
1955 1665 31 23 go
1997 1660 26 22 to
2035 1658 42 25 the
2086 1659 64 30 right
2158 1667 47 23 you
2217 1668 30 23 go
2265 1660 75 31 right,

1896 1695 27 22 If
1930 1702 48 22 you
1989 1702 31 23 go
2031 1698 26 21 to
2068 1696 43 23 the
2125 1696 42 25 left
2178 1705 47 23 you
2246 1705 30 23 go
2299 1704 89 24 wrong.

1863 1731 49 25 But
1923 1731 26 25 m
1961 1733 80 30 riding
2058 1741 28 17 or
2102 1734 94 31 driving
2217 1735 33 24 its
2269 1735 54 31 just
2345 1735 43 24 the

1928 1777 101 22 reverse,

1863 1809 56 24 And
1941 1810 41 23 the
2004 1811 109 30 opposite
2145 1818 55 17 now
2222 1812 22 24 is
2266 1812 43 24 the
2335 1812 53 24 rale

1863 1846 25 23 If
1897 1854 47 23 you
1959 1855 31 22 go
2012 1849 26 21 to
2060 1848 42 23 the
2124 1848 42 24 left
2188 1856 47 22 you
2257 1856 34 22 ga
2310 1849 76 30 right.

1863 1884 25 25 If
1896 1893 47 22 you
1954 1893 30 22 go
1996 1886 42 24 the
2050 1886 64 29 right
2125 1889 83 26 you're
2220 1895 14 16 a

1864 2009 124 27 LADIES
2017 2010 135 26 LETTER
2174 2012 94 25 FROM
2285 2012 103 25 MANA-

2067 2049 111 24 WATU.

1896 2128 64 24 Dear
1971 2128 89 25 Mollie.
2062 2144 32 3 —
2095 2130 13 22 T
2120 2131 66 23 must
2198 2130 43 24 tell
2253 2138 48 23 you
2319 2131 75 25 about

1864 2172 32 16 an
1912 2166 113 29 amusing
2035 2159 63 30 little
2109 2166 102 24 incident
2223 2167 79 24 which
2326 2175 68 16 came

1861 2201 77 25 under
1948 2209 42 23 my
2002 2202 84 29 notice,
2098 2203 70 24 when
2180 2212 33 15 on
2224 2212 42 24 my
2293 2205 97 24 travels.

1863 2239 81 24 While
1955 2246 35 16 we
2001 2246 62 17 were
2075 2241 97 30 staying
2182 2243 26 21 at
2228 2241 42 25 the
2291 2241 101 31 Empire

1863 2275 125 31 Boarding
2002 2276 75 24 house
2085 2280 26 20 at
2119 2276 18 24 S
2235 2286 45 16 one
2291 2278 103 33 evening

1862 2320 15 17 a
1888 2321 83 23 young
1981 2313 86 31 stylish
2075 2314 99 31 looking
2184 2314 63 32 lady,
2260 2316 92 24 arrived
2362 2316 31 31 by

1863 2350 43 24 the
1916 2350 57 23 nine
1984 2351 65 23 train
2063 2351 61 24 from
2148 2352 157 31 Wellington.
2341 2353 51 25 She

1865 2389 61 28 said,
1939 2389 42 24 she
1992 2389 48 24 had
2060 2390 59 24 been
2142 2391 128 31 travelling
2280 2391 37 24 for
2338 2391 54 31 fifty

1863 2426 75 25 hours
1950 2426 101 25 without
2070 2426 84 33 taking
2176 2436 47 23 any
2247 2431 58 22 rest.
2343 2429 49 25 She

1864 2471 48 17 was
1934 2464 101 24 anxious
2058 2466 25 22 to
2103 2464 108 26 discover
2241 2466 42 24 the
2302 2466 89 25 where-

1863 2500 87 25 abouts
1960 2501 25 23 of
1999 2510 14 14 a
2035 2509 82 23 young
2127 2510 67 19 man,
2216 2503 82 24 whose
2319 2504 73 24 sister

1863 2546 50 15 was
1924 2537 75 31 dying
2010 2537 27 24 m
2050 2538 177 30 Cbristchurch,
2246 2540 48 24 and
2306 2549 49 16 was
2363 2548 27 17 so

1863 2575 103 23 anxious
1977 2577 25 22 to
2014 2582 39 17 see
2065 2575 60 25 him-
2162 2577 46 24 She
2228 2577 51 24 told
2291 2586 28 15 us
2331 2578 61 25 such,

1864 2619 15 17 a
1891 2611 80 31 pitiful
1981 2613 50 23 tale
2043 2612 73 24 about
2127 2612 41 24 the
2179 2621 60 23 poor
2249 2614 46 30 girl
2318 2623 27 16 so
2355 2615 38 27 ill,

1863 2657 27 17 so
1900 2649 89 31 lonely,
2002 2657 89 23 among
2101 2651 132 30 strangers,
2241 2652 103 31 longing
2353 2652 39 24 for

1865 2687 42 23 her
1918 2686 96 24 brother
2026 2690 25 21 to
2060 2693 67 18 come
2144 2690 25 23 to
2192 2688 51 25 her.
2277 2688 51 26 She
2350 2697 42 16 ex-

1862 2723 98 31 plained
1971 2724 55 24 that
2037 2725 41 22 she
2089 2725 49 24 had
2150 2734 68 16 come
2230 2727 68 24 miles
2314 2729 43 28 ou]b
2368 2727 31 25 of

1862 2762 46 24 her
1917 2770 52 23 way
1979 2765 25 22 to
2012 2763 54 24 «eek
2074 2764 58 28 him,
2142 2765 37 24 for
2187 2765 38 24 hi*
2234 2767 84 24 sisters
2325 2766 70 25 sake.

1865 2800 81 29 Every
1959 2807 45 16 one
2014 2800 27 23 m
2057 2800 41 24 the
2110 2801 74 25 house
2206 2810 47 16 was
2277 2811 71 23 eager
2367 2805 30 23 to-

1864 2838 56 32 help
1931 2838 27 24 m
1976 2839 41 24 the
2036 2840 83 24 searcli
2137 2840 37 25 for
2196 2840 60 26 him.
2293 2841 65 26 Soon
2379 2852 15 15 a

1862 2884 88 23 person
1961 2885 45 15 was
2018 2876 75 26 found
2105 2878 52 24 who
2169 2879 70 24 knew
2246 2880 42 24 the
2296 2880 98 24 address

1863 2914 26 24 of
1899 2914 42 25 the
1953 2914 103 31 missing
2068 2923 63 19 man,
2147 2916 45 23 and
2206 2916 42 27 the
2259 2916 56 31 lady
2328 2920 66 22 went

1864 2951 63 24 after
1937 2951 51 24 him
2002 2952 30 30 by
2044 2952 41 23 the
2107 2953 53 24 first
2171 2954 64 25 train
2257 2958 58 19 next
2337 2955 57 30 day.

1863 2988 59 25 Two
1933 2988 60 32 days
2013 2988 148 31 afterwards,
2183 2999 35 16 we
2243 2991 75 25 heaid
2337 2993 56 24 that

1864 3027 43 24 the
1919 3026 56 31 lady
1994 3027 48 25 and
2055 3028 41 24 the
2109 3036 55 16 man
2180 3029 43 25 she
2230 3038 48 16 was
2288 3030 107 31 hunting

1863 3071 41 23 up,
1925 3071 59 17 were
2006 3072 62 23 gone
2101 3067 26 22 to
2145 3066 139 30 Wanganui
2306 3069 24 22 to
2352 3069 42 29 get

1863 3101 114 26 married.
2158 3105 74 25 about
2263 3106 41 24 the
2334 3114 66 25 poor-

1864 3143 72 24 sister
1947 3151 35 16 we
1993 3143 73 24 asked
2124 3144 49 24 and
2192 3145 37 24 his
2251 3149 66 21 mate
2340 3147 54 24 said

1863 3188 26 16 so
1901 3180 148 31 innocently.
2084 3181 64 31 Why
2161 3183 29 25 he
2214 3191 72 17 never
2307 3184 50 24 had
2379 3193 14 15 a

1864 3217 70 24 sister
1945 3217 26 24 m
1983 3218 40 23 his
2034 3219 53 24 life.
2088 3233 32 5 —
2122 3219 38 25 Oh
2183 3222 5 23 !
2223 3221 13 23 I
2258 3221 63 25 have
2343 3224 51 23 met

1863 3254 68 24 them
1944 3254 58 24 both
2016 3255 71 25 since.
2120 3256 23 25 It
2154 3266 100 22 appears
2265 3259 59 31 they
2345 3259 50 25 had

1861 3291 61 25 been
1947 3292 153 26 sweethearts
2123 3294 44 26 but
2201 3296 115 26 relations
2347 3299 47 23 had

1862 3330 71 24 made
1944 3330 110 25 mischief
2065 3331 106 26 botween
2190 3334 77 29 them,
2281 3335 48 25 and
2352 3336 43 25 the

1861 3368 140 30 gentleman
2020 3368 49 25 had
2091 3370 44 25 left
2159 3371 149 32 Canterbury
2331 3374 27 24 m
2380 3382 15 17 a

1858 3406 96 31 jealous
1966 3408 59 28 huff,
2042 3408 44 25 but
2108 3410 98 32 eligible
2228 3420 83 24 young
2332 3421 60 19 men

1863 3452 42 16 are
1917 3452 89 21 soarce,
2024 3446 57 29 .and.'
2091 3455 54 17 so—
2249 3450 62 26 All's
2334 3453 61 29 well,

1862 3481 55 25 that
1929 3483 59 24 ends
2006 3484 62 25 well.

1893 3522 14 24 I
1924 3525 66 23 must
2003 3533 42 22 say
2068 3524 65 26 Dear
2154 3528 91 28 Mollie,
2275 3530 55 24 that
2351 3532 42 23 the

1861 3561 86 30 people
1969 3562 58 25 here
2050 3565 24 23 m
2098 3565 43 24 the
2173 3567 76 24 North
2274 3576 40 17 are
2337 3577 57 24 very

1861 3600 134 28 courteous,
2013 3602 46 22 and
2072 3603 82 29 genial
2176 3606 139 26 mannered..
2349 3607 45 24 We

1860 3643 41 17 are
1913 3638 33 23 all
1955 3640 86 28 agreed
2053 3640 74 24 about
2140 3640 65 32 this..
2212 3642 40 25 On
2263 3643 40 25 the
2310 3645 82 27 roads,

1859 3672 27 24 m
1899 3674 41 23 the
1952 3676 85 27 trains,
2133 3678 25 23 m
2178 3679 43 23 the
2244 3682 82 26 towns,
2348 3681 46 24 the

1860 3712 85 29 people
1955 3711 35 25 all
2001 3720 66 17 seem
2075 3722 32 17 .so
2202 3716 49 23 and
2273 3716 116 32 obliging-.

1861 3748 54 24 Our
1921 3748 158 31 neighbours,
2090 3758 43 17 are
2145 3751 33 25 all
2189 3759 30 18 so
2232 3753 82 30 polite,
2339 3754 50 24 and

1860 3785 74 31 ready
1945 3786 58 25 with
2015 3786 60 26 kind
2097 3789 141 25 attentions.
2273 3789 50 27 But
2346 3790 42 26 oh!

402 17 167 31 OXFORD
611 16 90 30 AND
742 14 105 33 OUST
889 15 227 35 OBSERVER
1160 15 230 40 SATURDAY,
1433 21 187 33 OCTOBER
1642 25 46 34 17,
1714 27 74 30 1891
