2460 3840
50 160 89 27 Mollie,
153 160 40 24 the
204 160 59 31 girls
272 167 39 16 are
323 161 42 23 not
377 168 26 16 so
414 161 78 30 pretty
504 168 27 16 as
543 161 26 23 m

50 198 154 32 Canterbury,
218 199 46 25 ard
275 208 45 22 you
334 199 66 24 know
411 199 14 24 I
436 207 39 17 am
484 200 59 25 such
556 208 15 15 a

50 235 59 25 keen
122 236 102 24 admirer
235 237 26 23 of
270 245 39 22 my
322 245 49 20 ses.,
385 245 26 16 so
430 237 13 23 I
453 237 48 24 feel
522 236 47 24 dis-

50 276 129 29 appointed
201 277 72 23 about
296 276 56 24 this.
386 276 108 31 Perhaps
526 276 43 24 the

50 313 77 31 rough
138 314 48 28 life,
198 314 78 24 which
289 321 47 17 was
348 315 39 22 the
399 314 62 29 early
479 314 49 23 fate
547 311 27 25 of

50 356 74 24 many
136 351 25 22 of
170 352 39 22 the
221 351 65 31 gills*
297 358 53 23 may
360 352 99 22 account
467 351 37 24 for
513 350 58 24 this.

52 387 154 25 Palmerston
218 389 21 23 is
246 396 56 23 very
315 389 57 29 busy
382 388 52 31 just
456 395 60 21 now,
539 386 33 24 all

50 426 42 23 the
105 427 71 29 shops
188 434 40 16 are
241 426 72 31 being
322 427 97 23 re-built
428 426 75 23 which
512 431 60 17 were

50 462 126 31 destroyed
188 464 29 29 by
230 463 40 24 the
281 466 67 27 great
357 463 44 23 fire
412 471 15 15 a
437 462 67 24 short
512 462 59 22 time

50 506 53 24 ago.
138 500 57 24 Just
206 500 78 30 fancy,
298 499 54 24 that
368 499 144 31 particular,
522 497 51 25 side

50 537 25 23 of
87 537 40 23 the
143 544 94 24 square,
260 537 45 22 has
327 535 58 24 be^n
409 535 73 24 burnt
505 535 68 23 down

50 573 55 25 four
115 574 80 24 times.
232 575 22 23 It
265 574 20 24 is
308 573 140 32 surprising,
470 572 67 24 what
559 580 15 16 a

51 611 76 24 desire
138 611 36 24 for
185 611 100 30 change,
299 612 50 22 will
361 610 51 25 lead
425 617 100 24 persons
547 612 25 21 to

50 649 39 27 do,
102 657 27 16 as
140 648 13 24 I
164 657 40 16 see
217 650 27 30 by
267 649 42 24 the
356 648 117 24 Observer
520 647 54 24 that

50 688 43 21 not
104 687 98 22 content
215 686 58 23 with
286 693 15 15 a
313 685 89 29 change
421 685 28 22 of
461 691 111 24 parsons,

50 730 66 17 some
147 720 123 26 Oxonians
288 729 52 16 now
363 721 61 24 wish
447 725 23 19 to
503 728 71 16 move

51 761 41 25 the
105 761 98 24 church.
238 760 39 24 Ah
286 761 6 23 !
305 768 59 23 poor
374 760 98 24 restless
483 760 90 23 human

50 805 95 17 nature.
179 798 66 23 Dear
266 797 91 27 Mollie,
380 797 14 22 I
416 798 68 21 must
506 797 79 27 leave/

50 834 110 31 JFcilding
172 834 37 25 till
221 842 38 23 my
278 836 60 21 next
348 834 78 27 letter,
440 841 27 16 or
488 833 14 24 I
524 833 52 24 fear

50 878 40 24 the
101 877 99 25 Eiitors
207 877 110 32 patience
328 876 48 24 will
386 875 115 26 nothold
522 874 51 25 out.

242 914 77 25 Yours
331 914 41 28 &c,

454 953 87 23 Dohis.

78 1109 472 58 CORRESPONDENCE.

50 1222 63 20 While
122 1227 37 14 our
167 1222 89 18 columns
265 1226 34 13 are
305 1225 50 20 open
372 1225 12 14 o
393 1220 31 19 all
445 1225 30 13 we
492 1219 26 19 do
535 1218 35 19 iwt

41 1270 1 3 .
73 1253 89 25 identify
166 1253 98 19 ourselves
269 1252 49 18 with
323 1256 40 21 any
368 1251 94 25 opinions
466 1248 105 28 expressed

72 1284 79 20 therein

78 1339 50 28 Sir,
142 1339 114 31 Splendid
268 1338 83 24 article
362 1338 53 24 that
422 1345 32 17 on
464 1336 98 26 'Snobs'

45 1378 24 24 m
83 1385 59 23 your
154 1376 140 32 Saturday's
306 1375 87 25 leader.
405 1375 120 24 Thankful
535 1382 33 16 we

45 1423 40 16 are
105 1418 43 21 not
169 1413 107 26 troubled
300 1413 30 31 by
355 1420 68 24 many
446 1414 27 23 of
492 1412 78 24 either

47 1454 49 23 sort
107 1453 27 23 m
146 1452 97 25 Oxford.
261 1451 25 25 It
296 1451 21 23 is
329 1451 89 30 always
426 1449 54 25 well
488 1451 44 21 not
543 1450 26 22 to

46 1493 74 30 speak
132 1492 26 23 of
167 1499 45 16 our
234 1493 122 22 ancestors
369 1490 22 22 m
402 1489 41 24 the
456 1488 113 31 majority

42 1529 33 25 o£
81 1536 68 16 cases
171 1536 34 16 we
215 1528 54 30 pr-ly
282 1526 108 31 disgraoe
400 1526 77 24 them.
506 1524 63 25 -Two

45 1566 105 24 eminent
162 1566 125 24 bamsteis
304 1572 60 15 were
376 1571 59 16 once
457 1562 113 31 pleading

45 1604 26 23 m
94 1603 76 26 Court
181 1603 47 23 and
240 1610 46 16 one
298 1610 27 15 so
336 1601 38 23 far
383 1600 87 30 forgot'
474 1598 97 25 himself

45 1650 28 15 as
85 1644 24 21 to
117 1650 41 22 say
171 1646 24 19 to
207 1641 37 24 his
256 1641 128 30 opponent,
489 1637 80 25 father

43 1687 50 16 was
101 1680 55 30 only
169 1688 14 15 a
350 1676 64 25 True
425 1676 33 25 he
467 1674 100 35 replied,

45 1717 48 25 and
104 1717 22 23 if
134 1725 61 23 your
205 1716 80 25 father
296 1715 49 23 had
357 1714 61 24 been
441 1721 16 16 a
475 1712 92 27 barber,

42 1764 48 25 you
113 1757 79 23 would
214 1756 62 23 have
298 1754 62 23 been
383 1761 15 16 a
409 1753 86 23 barber

44 1792 53 26 The
109 1801 43 17 son
163 1793 26 25 of
199 1793 43 24 the
254 1792 83 25 barber
358 1798 49 17 was
429 1787 140 27 afterwards

43 1831 65 25 Lord
121 1831 143 25 Ohance.lor
274 1829 27 24 of
316 1827 123 31 England.

79 1871 65 23 Such
167 1878 15 15 a
203 1869 96 31 pulling
318 1867 49 24 and
386 1866 106 30 blowing
520 1864 49 26 and

44 1909 118 31 groaning
172 1909 71 23 down
256 1908 38 23 the
306 1907 84 27 street,
401 1905 71 26 what,
484 1905 21 23 is
527 1904 20 24 it
555 1904 14 24 f

45 1947 75 31 Why,
133 1956 55 16 sure
209 1946 96 32 enough
336 1945 67 25 there
437 1952 59 23 goes
526 1951 44 16 our

44 1987 142 24 Mechanics
207 1987 123 23 Institute.
371 1984 31 24 0!
424 1991 84 17 course
530 1982 42 24 it's

45 2025 74 30 going
140 2026 27 22 to
188 2032 45 16 our
255 2022 117 24 beautiful
395 2020 74 28 Park,
490 2020 38 24 for
556 2026 15 18 a

46 2065 138 27 temporary
217 2060 82 30 Lodge
329 2058 39 25 for
410 2065 45 17 our
495 2057 75 24 Pavk-

47 2098 94 32 keeper.
176 2098 36 25 Ob
226 2106 30 15 no
264 2098 7 25 I
296 2096 66 25 thats
384 2097 42 22 not
454 2095 29 24 it.
517 2091 53 28 The

47 2139 104 22 trustees
172 2135 71 24 could
264 2136 45 23 not
331 2135 72 23 allow
425 2133 64 29 that,
522 2131 50 25 and

49 2175 57 30 they
118 2175 120 30 represent
250 2180 37 19 us,
299 2171 48 24 and
366 2171 43 23 it's
430 2170 43 24 the
496 2170 74 24 Com-

48 2212 91 24 mittee.
164 2210 65 24 Well
237 2210 54 23 let's
304 2216 48 16 see.
380 2208 75 24 There
477 2207 19 24 it
507 2214 65 23 goes.

50 2249 62 31 Why
125 2248 32 24 its
168 2248 73 31 going
252 2246 59 25 Easi
331 2245 90 24 Oxford
445 2252 60 24 way,
524 2239 65 28 ah!''
593 2245 2 3 1

50 2295 48 23 you
111 2293 55 22 may
177 2284 93 30 depend
282 2291 64 22 upon
358 2283 26 27 it,
396 2283 42 22 the
450 2282 124 29 Cemetary

50 2323 82 26 Board
144 2324 60 22 have
215 2321 91 30 bought
316 2320 21 24 it
347 2319 36 24 for
395 2327 15 17 a
431 2318 84 31 chapel
537 2318 37 24 for

51 2362 41 22 the
118 2359 104 24 minister
243 2365 23 17 to
289 2357 55 25 read
368 2356 41 24 the
436 2355 90 26 servioe
548 2356 27 24 m

51 2408 57 16 over
119 2399 42 23 the
173 2398 58 24 dead
243 2398 25 23 of
278 2406 14 14 a
304 2398 46 23 wet
361 2396 55 30 day.
439 2395 38 24 Oh
487 2397 7 23 I
510 2394 13 25 I
535 2401 41 18 am

52 2445 28 17 so
91 2436 64 31 glad.
174 2435 60 30 Stop
243 2436 6 23 I
266 2434 22 25 it
297 2434 47 25 has
363 2432 87 26 turned
462 2432 41 25 the
525 2439 49 18 cor-

53 2486 42 16 ner
106 2479 26 21 to
143 2484 29 23 go
184 2476 40 23 the
241 2474 70 26 other
322 2481 60 23 way.
405 2472 130 26 Wherever
555 2472 22 24 is

50 2515 21 25 it
83 2521 75 25 gong
167 2514 12 24 ?
253 2520 29 16 us
301 2519 44 16 run
368 2511 47 24 and
437 2518 46 16 see.
513 2509 64 31 Why

55 2552 56 30 they
134 2558 40 17 are
197 2549 85 31 taking
299 2549 20 23 it
339 2548 52 24 into
413 2547 43 25 the
465 2563 5 5 -
490 2546 87 26 School

55 2588 103 31 ground.
179 2587 58 25 Just
249 2594 36 19 so,
302 2594 14 16 a
327 2585 91 25 loan-to
429 2584 36 24 for
471 2592 46 16 aim
523 2591 54 17 new

50 2629 68 31 pupil
130 2627 92 24 teacher
223 2627 2 4 1
223 2645 6 6 .
253 2626 59 29 Stop
324 2633 15 16 a
351 2624 42 28 bit,
416 2631 48 23 you
486 2631 39 16 aro
537 2626 40 20 too

54 2666 80 33 quick;
147 2666 14 24 I
172 2673 40 17 see
223 2665 67 23 there
301 2663 22 25 is
342 2671 15 17 a
375 2662 68 25 fence
464 2662 108 24 between

59 2706 53 25 that
124 2704 49 25 and
184 2704 42 25 the
238 2702 82 25 school
328 2702 101 31 ground.
454 2701 125 25 Whatever

56 2745 58 25 does
126 2745 18 23 it
166 2744 34 23 all
213 2750 71 17 mean
295 2743 12 23 ?
323 2742 112 30 Perhaps
454 2741 32 25 its
507 2740 37 24 for
565 2747 14 18 a

54 2790 52 16 new
120 2779 150 26 connection.
306 2778 47 27 Oh,
365 2777 79 32 please
466 2777 40 26 Mr
527 2777 52 24 Ed-

59 2820 56 26 itor,
128 2819 54 31 give
195 2825 26 16 ns
233 2823 64 19 some
309 2815 155 26 information
476 2814 65 26 what
560 2815 21 25 it

55 2857 21 24 is
89 2857 43 23 for.
166 2855 26 25 Is
211 2855 20 25 it
253 2854 49 26 still
324 2855 26 22 to
371 2853 29 25 be
422 2853 42 25 the
485 2852 96 33 publics

57 2893 139 27 Mechanics
205 2892 114 25 Institute
327 2893 10 23 ?
355 2892 48 24 Are
415 2891 66 25 there
503 2895 26 20 to
551 2889 30 25 be

55 2932 74 24 books
141 2931 25 24 m
178 2930 18 25 it
206 2931 12 22 ?
232 2930 56 25 Will
299 2930 19 23 it
331 2929 28 24 b
356 2929 31 24 9
369 2929 27 24 m
406 2928 135 32 opposition
554 2929 25 24 to

58 2970 41 26 the
112 2969 93 29 Orange
216 2967 84 29 Hall;?
322 2967 25 23 Is
358 2966 21 25 it
391 2965 47 32 the.
445 2965 47 26 will
504 2965 26 24 of
539 2965 42 24 the

54 3007 83 33 publics
161 3007 53 23 that
236 3005 20 24 it
278 3003 87 25 should
390 3003 28 23 be
441 3002 91 25 shifted
555 3006 25 20 to

57 3043 62 27 East
132 3042 98 27 Oxford,
240 3050 27 16 or
278 3041 67 25 what
356 3041 22 25 is
401 3041 41 25 the
465 3039 116 31 meaning

57 3083 26 26 of
92 3082 20 24 it
123 3084 44 22 not
189 3081 70 29 being
280 3080 44 30 put
346 3079 26 25 m
386 3101 2 3 .
396 3085 49 21 om\
463 3076 118 26 beautiful

58 3120 60 33 park
129 3121 10 23 ?
158 3119 53 23 Has
223 3118 19 25 it
256 3118 55 24 beou
325 3116 53 25 soid
390 3116 30 30 by
432 3116 98 25 auction
553 3122 28 17 or

55 3157 93 27 tender,
158 3155 47 25 and
220 3155 47 24 will
279 3155 41 22 the
333 3161 86 23 money
431 3161 32 21 pro
485 3154 32 23 to-
533 3151 48 33 buy

57 3202 70 19 Borne
149 3201 50 18 new
223 3192 81 27 books,
327 3191 107 32 perhaps
458 3191 123 30 Stanley's

62 3233 91 26 travels
162 3232 10 23 ?
192 3231 79 24 When
285 3236 45 18 was
341 3228 21 25 it
374 3228 61 28 sold,
458 3228 48 26 and
529 3227 54 26 who

56 3272 71 26 holds
139 3271 42 26 the
194 3277 86 23 money
292 3270 12 24 ?
323 3268 56 26 Was
384 3268 37 29 ..it
430 3267 151 32 mortgaged,

54 3309 51 27 and
115 3309 50 25 will
176 3308 41 26 the
236 3306 109 27 laudjje
369 3301 87 31 shifted
468 3301 3 5 '
479 3305 104 25 another

54 3348 78 26 time?
150 3346 66 31 Why
226 3333 132 43 was'iTput
370 3351 26 17 m
401 3368 6 7 f
408 3343 99 25 6uohau
529 3343 59 24 out-

54 3385 81 26 of-the
148 3391 51 24 way
210 3383 68 31 place
289 3383 11 24 ?
329 3381 40 25 All
382 3381 69 25 these
462 3376 128 34 thoughts'

55 3424 79 27 crowd
144 3424 54 26 into,
209 3431 40 23 my
262 3422 32 25 mi
299 3422 30 25 ml
341 3429 27 18 as
377 3421 13 25 I
401 3422 80 24 return
501 3420 80 25 home,

55 3464 13 26 I
80 3462 134 27 remember
226 3460 99 30 reading
336 3459 26 25 m
374 3466 45 19 our
428 3466 71 25 paper
508 3455 75 27 about

55 3501 102 28 shifting
181 3500 38 23 the
241 3497 82 26 b;)oks,
348 3496 42 26 but
415 3503 29 16 no
473 3495 108 25 decision

54 3539 76 25 about
164 3535 102 31 shifting
300 3534 41 25 the
374 3533 116 31 building.
502 3560 2 2 .
526 3532 38 26 Oh
574 3533 5 24 !

55 3576 40 26 Mr
107 3575 94 25 Editor,
214 3574 28 21 do
255 3576 39 26 get
306 3579 29 17 us
348 3578 66 17 some
426 3577 65 18 news
509 3570 73 24 about

55 3617 27 24 it.
107 3615 46 24 Are
166 3614 66 24 there
244 3619 48 23 any
304 3611 101 25 trustees
428 3608 85 30 living,
536 3607 47 26 and

54 3654 21 26 if
85 3661 35 19 so,
133 3659 40 18 are
185 3650 58 32 they
263 3657 55 22 very
342 3647 41 24 old
393 3647 11 24 ?
438 3645 25 27 It
475 3654 54 22 may
553 3645 30 25 ba

56 3699 67 17 some
135 3690 25 24 of
179 3696 59 24 your
260 3692 133 19 numerous
416 3683 96 25 readers
535 3691 46 17 aan

53 3731 56 32 give
132 3736 28 19 vg
182 3736 15 17 a
218 3725 63 29 little
303 3722 156 29 information
481 3722 26 25 iv
541 3722 42 26 the

656 161 140 25 meantime.

847 203 79 26 Yours
943 206 39 25 &c.

839 262 3 3 ,
920 251 30 6 -••
992 242 167 25 Perplexed.*'

687 351 283 32 MOTHERS'
1005 352 159 32 PAGE.

696 437 24 23 If
731 438 43 23 the
785 437 78 24 hands
871 444 40 18 are
922 438 92 24 rubbed
1026 446 30 17 on
1068 447 14 15 a
1094 439 61 23 stick
1162 438 26 25 of

664 472 77 33 celery
753 474 62 24 after
826 475 95 31 peeling
940 476 88 24 onions
1050 476 43 25 the
1116 476 71 24 smell

665 512 49 23 will
727 511 28 24 be
767 511 101 32 entirely
888 513 120 24 removed.

699 549 45 25 For
753 549 122 26 headache
890 553 37 29 try
948 551 42 24 the
1013 551 175 26 simultaneous

666 588 146 31 application
823 587 27 28 pf
859 588 42 24 hot
910 590 74 23 water
996 593 26 20 to
1029 589 43 24 the
1080 589 48 24 feet
1140 589 48 24 and

665 627 61 23 back
738 628 23 22 of
771 627 40 24 the
825 627 69 24 neck.

698 664 103 24 Asthma
813 671 56 23 may
879 664 29 24 bo
919 664 92 31 greatly
1031 664 104 25 relieved
1157 664 31 31 by

666 700 101 31 soaking
790 698 101 34 blotting
913 709 27 16 or
968 702 76 24 tissue
1067 709 74 24 paper
1162 701 26 24 m

666 739 84 29 strong
773 739 115 29 raltpetre
909 741 93 26 water;'
1016 739 43 31 dry
1075 740 34 27 it,
1133 739 55 24 then

666 775 61 23 burn
739 775 20 24 it
770 778 25 22 at
804 775 70 31 night
885 776 26 23 m
919 776 43 26 the
980 777 109 31 sleeping
1110 782 77 18 room.

746 864 70 25 THE
846 864 262 26 HOUSEKEEPER.

698 913 94 24 Potato
814 913 166 26 Croquettes.
982 927 33 4 —
1015 913 48 24 Put
1092 913 96 30 enough

665 958 79 16 creatn
758 950 24 23 m
795 950 45 24 the'
849 950 101 24 hiaphed
962 951 82 29 potato
1068 951 28 23 to
1115 949 72 25 make

665 987 19 24 it
696 995 54 24 easy
774 989 25 22 to
821 986 108 29 handle;'
948 987 51 25 also
1021 987 47 24 add
1090 994 15 17 a
1127 986 61 25 little

665 1026 78 23 butter
752 1043 5 10 ,
770 1034 13 14 a
795 1024 86 25 beaten
891 1033 48 23 >egg
951 1024 39 32 (to
1002 1026 48 24 two
1061 1023 129 33 cupfulsof

663 1064 111 30 potatoes
782 1064 10 29 )
799 1080 5 10 ,
814 1070 15 17 a
839 1062 175 30 tablespoonful
1023 1063 25 23 of
1055 1062 74 27 flour,
1138 1061 49 24 and

665 1109 14 16 a
691 1100 107 31 sprinkle
810 1099 47 24 salt
863 1107 7 20 ;
888 1099 60 24 form
967 1100 53 23 into
1042 1102 61 21 neat
1123 1099 64 24 little

663 1137 58 25 rolls
733 1144 27 17 or
768 1137 52 24 into
828 1136 165 31 cone-shaped
1011 1136 75 24 forms
1093 1153 5 10 ,
1119 1142 67 24 press

655 1182 4 2 '
663 1177 89 30 closely
764 1175 111 32 together
884 1175 47 23 and
938 1175 67 25 leave
1014 1174 68 24 them
1092 1175 25 24 to
1124 1173 60 25 cool.

665 1216 77 24 When
740 1211 5 13 1
755 1215 54 23 firm
820 1215 79 30 rolljii.
912 1214 95 24 beaten'
1011 1213 71 25 white
1095 1213 26 25 of
1141 1221 46 23 egg

663 1254 45 24 and
729 1253 63 24 flour
811 1261 27 16 or
861 1252 68 24 bread
950 1252 108 28 crumbs,
1077 1250 61 26 cook
1159 1252 27 23 m

664 1290 91 31 boiling
766 1290 61 27 lard,
837 1288 127 32 removing
976 1288 59 24 with
1047 1295 15 17 a
1071 1288 116 24 skimmer

663 1328 49 25 and
724 1328 111 30 draining
844 1334 32 16 on
887 1334 15 17 a
913 1327 68 24 clean
993 1325 80 26 towel.

802 1406 249 26 NEEDLEWORK.

694 1462 21 24 A
726 1469 53 17 new
790 1461 91 30 variety
892 1460 26 24 of
930 1460 42 24 the
981 1458 128 26 sunflower
1130 1458 54 32 pin-

661 1500 102 24 cushion
771 1500 22 22 is
800 1506 55 16 now
861 1497 120 31 produced
988 1496 60 25 with
1057 1497 41 23 the
1106 1495 80 32 petals

661 1536 24 25 m
703 1536 57 24 the.
764 1535 68 25 three
853 1535 110 24 national
986 1533 115 25 colours-
1102 1532 84 29 white,

661 1575 61 27 blue,
734 1573 49 24 and
793 1573 64 23 red-
859 1571 112 31 wrought
979 1578 31 18 or
1015 1570 126 31 appliques
1152 1576 32 19 on

661 1611 41 25 the
713 1610 101 24 circular
824 1609 55 30 pad.
914 1608 51 24 The
976 1608 71 24 heart
1055 1608 22 24 is
1088 1607 97 25 crossed

661 1649 57 23 wilh
729 1655 90 17 narrow
831 1646 75 24 white
922 1645 85 25 ribbon
1027 1644 74 32 edged
1125 1644 60 25 with

661 1686 47 25 red.
742 1684 102 32 Frilling
863 1684 26 25 m
901 1684 51 25 lace
964 1691 27 17 or
1007 1683 108 24 Madeira
1134 1690 51 17 em-

661 1723 116 31 broidery.
1148 1735 3 4 •
1227 1724 30 21 •■•■"'

693 1770 81 24 Music
786 1768 57 25 rolls
855 1777 41 16 are
915 1776 57 18 now
993 1768 71 26 made
1087 1767 40 26 the
1147 1775 39 17 or-

661 1804 85 35 dinary
756 1807 83 30 shape,
846 1806 47 24 viz.
903 1824 5 10 ,
918 1806 58 24 14in
983 1806 66 31 long,
1059 1806 58 26 17in
1126 1805 60 31 deep

661 1846 57 24 with
731 1853 13 16 a
757 1844 87 32 pocket
856 1844 41 23 2in
909 1844 59 30 deep
978 1844 53 30 just
1042 1846 24 21 to
1079 1843 46 32 slip
1145 1843 40 25 the

661 1885 80 26 music
751 1884 34 28 m;
798 1884 44 23 but
854 1883 42 24 the
907 1883 98 30 novelty
1021 1883 24 24 is
1068 1881 63 29 tftirt.
1145 1881 41 26 the

661 1921 108 25 material
777 1920 61 25 used
849 1920 22 24 is
880 1920 82 27 erash;
966 1919 72 31 'serge
1050 1927 28 18 or
1085 1915 102 35 fjannel,

662 1958 166 26 embroidered
847 1958 27 24 m
897 1957 93 25 outline
1012 1957 59 24 with
1091 1956 96 25 neutral

663 1997 71 27 tints,
744 1995 46 25 the
805 1994 85 31 design
912 1994 119 27 classical,
1052 1993 91 32 figures
1164 1992 27 25 of

661 2041 61 17 men
732 2032 49 25 and
796 2039 95 17 women
902 2031 88 31 typical
1013 2030 27 25 of
1061 2030 87 28 music,
1160 2037 30 17 or

665 2072 37 26 St.
727 2071 95 26 Oeoelia
851 2074 26 21 at
895 2071 43 24 the
955 2077 83 25 organ:
1058 2068 133 27 cardboard

664 2112 68 31 rings
741 2111 100 25 covered
852 2110 59 25 with
924 2110 43 25 the
978 2118 66 16 same
1058 2108 130 29 materials,

664 2150 25 23 m
700 2149 61 24 form
772 2148 50 24 like
833 2155 14 16 a
854 2147 66 24 table
936 2147 90 30 napkin
1048 2147 64 30 ring,
1131 2146 59 31 only

664 2186 85 31 larger,
762 2185 56 27 viz.,
838 2185 57 23 lOin
906 2184 26 24 m
944 2184 185 24 circumference
1141 2183 49 24 and

666 2224 58 32 2|in
734 2223 28 23 m
779 2222 85 31 depth;
886 2222 45 24 the
951 2221 65 25 word
1148 2223 5 8 1
1164 2221 27 24 m

666 2260 40 25 old
718 2259 106 31 English
837 2260 84 23 letters
942 2258 49 24 and
1012 2258 42 24 the
1076 2260 116 23 owners's

668 2304 145 24 monogram,
822 2295 41 25 the
873 2296 70 32 edges
951 2295 27 26 of
981 2295 42 24 the
1027 2295 55 31 ring
1086 2294 106 26 finished

667 2334 37 26 off
708 2334 60 25 with
776 2333 66 26 cord.
1113 2339 4 5 '

689 2486 122 32 NEWS
838 2486 52 31 OF
913 2486 84 30 THE
1023 2485 151 32 WORLD

767 2599 21 25 A
798 2598 121 26 SOCIAL
932 2599 166 25 SCANDAL.

689 2650 6 5 *
703 2652 54 24 The
767 2660 74 18 name
852 2652 28 24 of
890 2652 43 24 the
942 2652 86 32 Gaiety
1039 2652 90 24 chorus
1151 2652 46 31 girl

670 2690 56 24 who
742 2688 148 26 'committed
913 2689 90 25 suicide
1036 2697 50 17 was
1119 2690 78 31 Lydia

671 2727 60 25 Man
732 2728 51 23 ton.
807 2726 52 24 and
874 2733 46 18 one
943 2726 25 25 of
987 2726 43 25 the
1053 2726 45 31 city
1120 2734 75 17 news-
1213 2730 3 7 '

671 2772 86 24 papers
769 2763 66 26 hints
846 2763 56 24 that
913 2763 44 25 she
969 2772 49 16 was
1030 2763 43 26 the
1079 2764 118 30 recipient

672 2801 26 25 of
707 2801 135 25 attentions
854 2801 60 24 from
927 2800 43 27 the
987 2800 71 27 Puke
1077 2801 25 24 of
1125 2801 72 25 Clar-

671 2848 59 19 ence
741 2840 48 26 and
805 2839 132 29 Avondale,
948 2839 44 27 the
1010 2839 76 27 eldest
1108 2848 42 18 aon
1173 2841 27 25 of

630 2883 2 27 ;
672 2879 42 25 the
838 2878 26 25 at
884 2877 92 26 Wales.
1011 2878 49 25 She
1081 2886 51 19 was
1153 2878 50 26 the-

630 2915 2 40 |
672 2917 111 25 nominal
806 2917 111 23 mistress
947 2916 27 25 of
1002 2916 64 26 Lord
1098 2918 99 24 Charles

630 2957 2 34 j
673 2956 127 30 Montagu,
824 2962 44 18 son
891 2954 27 25 of
938 2954 42 25 the
999 2955 50 25 late
1072 2955 79 29 Duke,
1173 2956 27 26 of

630 2994 2 21 I
673 2993 159 24 Manchester.
868 2992 51 25 The
930 2993 73 24 latter
1014 2993 190 31 gayejov^denoe.

673 3031 26 24 at
710 3029 43 25 the
764 3029 106 32 inqaest.
971 3046 4 6 .
1106 3050 9 6 

753 3081 31 28 A.
797 3081 160 26 GHASTLY
971 3082 146 27 -RECORD.

657 3133 22 33 £l
1096 3135 102 26 Bkbmn.

708 3176 172 31 Seventy-nine
902 3176 110 26 murders
1023 3178 49 25 and
1081 3201 4 9 ,
1099 3178 101 26 suicide?

673 3219 115 26 occurred
799 3218 25 26 m
839 3219 76 25 Berlin
928 3219 88 33 daring
1026 3220 42 26 the
1080 3220 59 27 .first
1158 3224 42 24 ten

675 3258 59 32 days
745 3257 27 23 of
781 3256 51 27 this
850 3256 92 25 month.

725 3319 4 4 '
741 3315 135 26 SEVERE
896 3315 239 32 EARTHQUAKE.

752 3395 2 3 .
1043 3364 60 26 New
1120 3365 80 26 York.
1256 3382 2 7 ,

709 3403 20 24 A
744 3410 79 17 sewre
846 3402 147 31 earthquake
1013 3403 43 26 ha«
1080 3405 59 26 been
1161 3414 41 17 ex-
1211 3431 4 2 .
1256 3422 2 4 ■

675 3441 126 33 p«rienqed
813 3441 26 25 m
863 3440 50 26 San
936 3440 136 31 Francisco,
1098 3438 42 30 but
1169 3451 33 19 no

674 3478 118 27 fatalities
802 3485 41 19 are
854 3477 120 32 reported.

769 3537 203 26 SNAKE-BITE
986 3537 124 26 CURED.

1006 3590 163 27 Melbourne.

708 3631 21 26 A
741 3631 152 26 remarkable
902 3640 112 26 reoovery
1021 3632 62 26 from
1094 3642 14 17 a
1117 3634 85 27 snake-

677 3673 49 27 bite
744 3674 44 24 has
811 3674 62 27 b^eu
896 3675 99 27 effected
1018 3674 32 34 by
1071 3683 87 20 means
1180 3677 27 24 of

675 3715 145 34 galvanism.
1188 3738 3 4 .

1270 177 70 24 THE
1353 176 115 26 FUNNY
1481 177 72 25 MAN
1566 179 68 25 AND
1647 180 69 25 THE
1735 180 54 24 AB-

1301 214 235 26 SENT-MINDED
1548 217 210 26 CONDUCTOR.

1267 337 52 25 The
1330 337 132 25 conductor
1472 336 104 26 touched
1598 336 41 26 the
1660 343 133 26 passenger

1267 384 32 16 on
1311 376 41 24 the
1363 373 120 28 shoulder.
1762 374 29 24 he

1268 414 58 24 said.
1361 413 53 25 The
1425 420 131 24 passenger
1565 420 49 17 was
1625 420 47 18 one
1682 412 28 25 of
1719 411 71 24 those

1267 460 98 26 persons
1415 459 48 23 ypa
1512 451 137 26 sometimes
1685 456 105 18 encoun-

1267 494 37 19 ter
1311 489 25 24 m
1347 496 60 24 your
1419 488 98 25 travels.
1550 488 40 25 He
1603 487 93 25 winked
1711 488 26 22 at
1748 486 43 24 the

1268 534 58 18 man
1336 527 83 30 sitting
1428 527 60 23 next
1500 527 26 24 to
1536 525 62 28 him,
1610 524 58 26 held
1686 526 43 24 out
1750 522 41 25 his

1267 565 74 25 ticket
1357 566 26 22 to
1404 564 42 24 the
1467 564 140 26 conductor,
1630 562 48 24 and
1699 563 27 23 at
1746 560 44 25 the

1268 600 108 21 moment
1388 596 42 25 the
1440 595 70 25 latter
1520 602 51 18 was
1589 595 74 23 about
1686 597 26 21 to
1721 613 5 5 .
1733 593 57 24 take

1266 637 20 24 it
1298 637 31 23 he
1339 635 96 32 pushed
1445 637 43 23 out
1499 634 38 24 his
1548 634 129 29 forefinger
1686 631 103 25 instead.

1267 675 52 25 The
1326 674 133 26 conductor
1466 672 80 36 seized
1555 672 42 25 the
1605 672 84 30 finger,
1694 670 95 32 punchr

1267 712 30 26 ed
1307 721 15 16 a
1333 712 52 25 ride
1401 712 44 24 out
1467 710 27 26 of
1513 710 20 25 it
1560 707 230 32 absent-mindedly,

1266 752 49 25 and
1325 751 87 32 passed
1424 757 41 17 on.
1599 771 3 2 .
1687 773 4 10 ,
1706 780 3 2 .

1298 829 33 25 At
1340 828 50 26 last
1400 836 15 17 a
1426 835 44 17 use
1480 827 44 25 has
1534 826 63 25 been
1606 824 76 26 found
1693 824 38 24 for
1745 822 43 26 the

1266 872 109 26 Soudan.
1407 870 25 25 It
1442 877 78 17 seems
1527 869 56 24 that
1593 868 27 24 m
1642 866 107 25 addition
1762 868 26 21 to

1264 914 129 25 unlimited
1401 910 133 34 quantities
1540 911 26 23 of
1571 908 61 26 sand
1639 911 41 22 the
1687 912 101 26 country

1264 957 117 31 produces
1391 954 154 25 numberless
1559 952 79 31 quaite
1659 949 78 25 which
1747 956 41 17 are

1264 998 118 32 imported
1410 1001 27 21 to
1465 995 153 29 Xiondon'via
1628 993 91 32 Egypt,
1741 990 48 26 iarid

1264 1041 137 31 ultimately
1409 1039 50 24 find
1470 1036 63 27 their
1541 1032 5 4 '
1554 1044 52 24 way
1633 1038 30 23 to-
1679 1034 105 31 English

1265 1084 85 25 table?.
1383 1080 54 34 The,
1444 1080 65 32 quail
1520 1080 25 25 of
1560 1079 43 24 the
1611 1079 78 23 desert
1700 1077 23 24 is
1738 1076 50 24 also

1264 1127 44 29 put
1319 1128 26 20 to
1352 1123 101 25 another
1464 1129 51 17 use.
1548 1118 59 27 Itis
1614 1110 174 40 exceptionally

1265 1168 68 30 rapid
1343 1167 26 23 m
1381 1166 69 31 flight
1461 1164 48 24 and
1531 1165 85 28 strong
1622 1169 32 17 on
1666 1161 42 24 the
1713 1155 74 35 wing,

1264 1209 48 26 and
1319 1209 22 25 is
1352 1207 130 33 beginning
1570 1204 58 27 lised
1634 1204 26 24 in
1675 1202 114 31 shooting

1267 1248 112 28 matches'
1391 1261 14 14 .;
1432 1248 85 31 Quails
1528 1248 38 24 for
1576 1247 50 24 this
1637 1253 101 25 purpose
1749 1248 42 21 are

1264 1293 115 31 carefully
1390 1291 105 31 brought
1502 1293 25 22 to
1536 1288 115 32 England
1658 1288 75 27 alive,
1740 1286 48 25 and

1264 1337 69 33 give,.
1336 1336 21 25 it
1367 1335 23 26 is
1401 1335 62 29 said,
1473 1333 119 26 excellent
1599 1332 75 32 sport.

1296 1420 21 26 A
1325 1427 98 18 woman
1439 1425 51 17 was
1510 1414 156 34 questioning
1684 1421 17 16 a
1720 1419 68 25 pros*

1264 1463 92 32 pective
1367 1462 99 24 servant
1475 1456 45 28 the
1531 1456 132 31 otherday,
1668 1455 70 25 when
1745 1456 43 23 the

1265 1504 118 26 domestic
1392 1500 150 33 complained
1562 1499 56 25 that
1628 1500 27 23 at
1675 1495 44 26 her
1739 1496 49 25 last

1264 1549 68 30 place
1351 1546 59 30 they
1432 1543 50 25 had
1503 1543 57 30 only
1582 1540 113 31 ordinary
1717 1537 70 29 milk,

1264 1590 91 29 stating
1366 1589 55 23 that
1432 1585 55 31 only
1498 1583 130 25 first-class
1656 1580 61 25 milk
1736 1587 51 17 was

1264 1629 61 36 good
1334 1631 38 25 for
1383 1631 42 24 her
1446 1627 88 25 health.
1568 1625 53 25 The
1643 1622 144 26 house-wife

1264 1662 89 42 fepjied
1365 1670 53 26 that
1430 1668 68 26 there
1507 1665 79 26 would
1603 1660 77 30 Wro
1693 1661 93 27 toouble

1264 1723 53 18 over
1334 1714 55 29 the.
1399 1710 59 28 milk
1469 1702 217 41 questioaaattiey
1703 1705 59 32 kept
1772 1712 14 16 a

1264 1756 129 34 c£w.At'ter
1413 1752 136 30 hesitating
1564 1758 14 17 *
1599 1749 122 26 moment,
1741 1745 45 26 the

1264 1798 114 27 dbiaestio
1395 1796 52 27 said
1456 1803 34 19 *—
1490 1808 5 5 •
1496 1794 23 26 A
1524 1793 104 26 cool—
1633 1799 14 16 a
1658 1797 54 21 coo,
1721 1789 24 25 is.
1753 1787 33 28 Hi

1264 1843 20 26 A
1294 1850 42 17 coo
1347 1841 24 24 in*
1384 1839 43 25 the
1446 1835 92 31 fembly
1557 1834 34 25 be
1610 1842 15 16 a
1646 1832 63 32 good
1730 1830 54 27 dale

1264 1881 145 29 o'throttDl©.
1435 1879 21 27 I
1465 1877 72 28 tfoink
1544 1876 14 26 I
1568 1874 89 29 doaat
1663 1875 69 25 want
1741 1872 43 27 the

1264 1927 88 33 plaace.

1295 2008 76 30 Many
1379 2012 70 27 years
1460 2011 48 23 ago
1517 2010 17 17 a
1542 2002 62 27 rich,
1625 1992 91 33 wioked;
1736 1997 50 26 and

1264 2042 448 41 pArsimonioasßtttchtaanlivedßia
1723 2042 63 24 town

1264 2095 77 23 where
1359 2099 16 18 a
1393 2088 161 31 subscription
1573 2093 48 18 waa
1644 2083 95 27 started-
1761 2084 26 23 to

1264 2142 99 26 procure
1374 2142 15 17 a
1399 2129 179 34 lightning-rod
1587 2128 41 24 far
1620 2121 8 15 1
1639 2121 59 31 W'
1701 2124 87 32 Village

1264 2177 100 25 churoh.
1397 2175 55 24 The
1466 2164 143 33 Dutbhinan
1629 2165 54 28 wa^t
1701 2165 100 33 visitea.

1264 2222 31 30 by
1304 2220 43 25 the
1358 2206 145 37 corointtteft.
1534 2213 43 25 He
1593 2205 75 33 &&**&
1750 2206 30 28 &
1780 2208 13 20 1

1265 2264 70 32 quest
1345 2262 38 23 for
1390 2253 172 30 contribution,
1569 2248 176 31 andscratcKed
1753 2251 40 25 his

1266 2304 70 26 head,
1486 2299 77 24 house
1573 2297 20 24 is
1605 2296 51 28 dot,
1667 2302 48 24 you
1726 2302 43 23 say
1781 2295 23 30 ?.,

1266 2345 99 33 queried
1377 2343 74 32 Mynt
1455 2350 48 17 eer.
1536 2340 24 25 It
1571 2340 22 24 is
1604 2340 42 23 the
1667 2337 125 25 church—

1267 2389 45 24 the
1320 2413 5 8 (
1321 2387 86 30 I*oi;d's
1429 2385 84 28 house.
1548 2380 64 30 Veil,
1633 2380 73 25 ifder
1728 2377 64 26 Lord

1268 2432 77 25 wants
1357 2431 29 24 to.
1393 2427 94 26 dunder
1497 2425 71 26 down
1578 2424 41 25 his
1639 2426 52 22 bwn
1707 2421 85 28 house,

1268 2475 32 25 he
1308 2481 46 18 can
1362 2472 82 25 shoost
1459 2469 92 26 dunder
1557 2468 21 27 it
1589 2464 48 37 bop
1644 2466 56 33 agin
1703 2467 7 25 \
1720 2464 73 35 I'g^fs
1826 2467 5 24 )

1269 2516 123 31 nodhigsl

1283 2608 8 5 -
1302 2599 71 27 Clerk
1386 2598 35 33 (to
1432 2597 64 26 head
1506 2596 27 24 of
1539 2594 70 33 firm)
1617 2591 62 28 wish
1701 2591 25 27 to
1750 2590 45 26 ask

1270 2652 56 24 you,
1338 2643 41 26 sir,
1390 2641 21 24 if
1419 2648 47 24 you
1477 2647 43 17 can
1527 2638 84 31 kindly
1619 2644 42 19 se^
1670 2643 61 26 your
1734 2641 59 25 /way

1270 2688 27 24 to
1319 2685 83 32 giving
1421 2690 40 18 mo
1481 2688 32 19 an
1527 2681 108 25 advanoe
1656 2679 28 25 of
1706 2675 88 34 wage's.

1270 2727 71 27 Head
1352 2726 25 25 of
1389 2725 69 26 Firm
1469 2732 6 21 ;
1494 2722 124 31 Certainly
1629 2722 42 24 Mr
1689 2719 105 32 Phipps,

1270 2770 64 24 with'
1341 2768 119 32 pleasure.
1493 2766 41 26 Mr
1636 2756 112 50 (tiirnin^
1767 2764 29 23 to

1270 2808 155 32 oashier\'let
1436 2809 42 26 Mr
1493 2808 93 31 Phipps
1607 2798 74 34 have'
1691 2808 23 21 a'
1727 2812 68 18 sove-

1269 2855 71 31 reign
1352 2857 32 22 eta
1390 2855 104 24 aooount
1499 2852 28 31 <jf
1534 2851 41 26 his
1586 2850 88 32 salary,
1685 2848 49 26 and
1748 2849 4 4 '
1755 2848 40 26 de-

1270 2898 57 24 duct
1338 2898 19 23 it
1367 2897 69 23 when
1447 2901 48 25 you
1505 2902 45 23 pay
1553 2892 3 7 1
1563 2893 55 26 him
1624 2894 34 24 6«
1667 2886 128 36 ?aiurdia.y,

1272 2939 71 33 (Exit
1355 2938 40 25 Mr
1411 2936 126 33 .Phipps,)
1651 2931 16 34 /
1741 2960 2 3 .
1820 2953 8 12 ,

1303 3007 207 50 A^,oldMio^».i
1512 3026 11 17 8
1523 3012 25 42 M
1548 3018 42 26 da
1586 3048 4 4 .
1606 3017 142 32 gentleman
1770 3017 37 28 tio,

1272 3064 101 26 another
1383 3064 26 26 m
1421 3062 42 26 the
1474 3063 84 27 street,
1569 3068 28 19 so
1604 3067 49 25 you
1662 3067 40 18 are
1710 3059 95 26 marri->

1313 3108 26 25 at
1343 3122 2 8 :
1350 3106 57 28 Jlasfc.
1415 3125 22 8 ;.,
1442 3104 77 27 Allow
1531 3111 40 19 me
1587 3106 27 22 to
1632 3103 167 31 congratulate
1809 3107 5 9 :

1273 3157 60 25 you,,
1341 3148 38 27 for
1390 3147 13 27 I
1414 3147 60 28 hear
1484 3154 48 25 you
1543 3146 63 28 have
1614 3154 47 20 .an
1679 3146 121 29 excellent

1274 3193 49 26 and
1345 3190 180 30 accomplished
1546 3189 63 26 wife.
1643 3189 26 25 I.
1679 3189 62 25 have
1763 3189 36 24 in-

1275 3234 68 29 deed,
1367 3241 49 18 was
1439 3233 42 24 the
1503 3233 141 33 reply.^sho
1663 3233 23 24 is
1698 3240 102 19 -acoom-
1821 3229 7 27 \

1276 3277 103 31 plished.
1415 3276 71 31 Why,
1499 3276 41 27 sic,
1551 3275 43 24 she
1605 3276 21 23 is
1638 3275 126 31 perfectly;
1776 3276 26 23 at
1816 3298 4 3 .

1276 3320 73 23 home
1362 3319 22 23 m
1397 3311 404 42 Ulera^re^ailiome''iii.Vmu^p,
1816 3342 6 10 ;

1276 3363 27 23 at
1313 3360 78 27 home,
1397 3360 27 26 m
1435 3362 47 25 art.
1493 3361 27 23 at
1538 3359 121 27 home.in,
1677 3359 144 29 soieno^r-r'/

1263 3415 2 11 i
1273 3404 30 25 m
1305 3403 87 28 .short,
1400 3405 26 23 at
1437 3403 72 24 liome
1521 3403 160 35 .evferytjiing,;
1687 3403 117 33 ejxiafct^-
1810 3403 13 19 *■

1264 3461 14 12 ;rt
1277 3443 429 35 ExQept.^hat?;Exoept'»t*hjme.
1705 3450 5 13 (
1710 3450 12 14 «-
1738 3448 5 6 '
1769 3451 3 4 '
1809 3447 14 12 '*

478 38 163 33 OXFORD
683 38 89 31 AKD
816 41 104 31 OUST
965 41 221 33 OBSERVER
1229 42 233 41 SATURDAY,
1505 48 190 35 OCTOBER
1738 53 47 35 17,
1830 55 85 31 1891.

1873 3562 27 35 i:'
2091 3562 75 46 ff-[\
2183 3564 56 32 .;>>,;
2256 3562 163 44 ;^f-|-

1874 3614 3 7 --1
1926 3611 31 13 ■■■■.
1985 3612 11 15 V
2048 3618 3 3 ■
2091 3613 35 14 fc*?r
2143 3611 19 6 •■■
2353 3617 2 3 •
2378 3614 7 8 •>

1894 3631 101 27 Tiioted
2018 3633 49 25 ana
2105 3633 134 28 PubHsl«d
2251 3636 30 34 Ly
2307 3636 115 34 Bic^r»

1930 3674 105 27 Holman
2054 3675 100 30 .Parish,
2178 3679 26 26 at
2220 3677 41 27 Ws
2279 3678 143 31 Begisterei

1929 3716 113 34 PriotiDg
2053 3717 83 31 Office,
2159 3719 66 41 Ri^h
2250 3711 88 37 Biwet.
2360 3721 63 40 fast

1927 3753 74 34 (Him
2001 3751 25 38 i,
2035 3755 173 34 Owi&tiw%'
2209 3759 4 8 !
2249 3751 57 15 2t:jl(
2309 3762 2 1 -
2315 3749 43 17 rw

1883 183 244 49 PUBLIC
2157 190 248 47 NOTICE

1884 282 148 69 NEW
2099 287 305 73 DRAPERY

1900 401 165 57 R.H.
2094 406 294 70 PARISH,

1955 467 35 27 IS
2007 469 86 28 NOW
2106 471 164 32 OPENING
2285 478 48 26 UP

2023 514 247 72 CA3ES
2388 542 6 39 :

2027 588 16 12 '■
2076 589 4 5 '
2113 593 68 22 AND
2225 591 29 21 ".''■
2290 588 19 12 ■'-
2341 588 5 9 :
2404 588 29 37 :^

2006 631 254 64 BALES

1880 693 55 31 OF
1955 694 150 35 SPEING
2117 701 87 31 AND
2215 701 191 38 ;SITMMER

2029 741 203 47 DEIPERt,
2236 744 10 7 v

1894 801 97 36 .^EW
2018 804 113 26 SPRING
2162 809 147 26 MANTLES
2336 815 68 23 AND

1846 877 3 4 .
1877 853 67 32 •••>■:■_
2052 856 147 27 JACKETS.

1919 902 71 22 NEW
2016 887 114 45 Sli^G
2154 906 64 25 ANH
2218 902 33 25 •■'/
2268 913 135 25 SUMMER

1845 965 2 2 ■
1943 965 28 13 r,
1982 948 14 28 '.
2012 950 184 35 MI|LINERY.
2222 977 3 4 ,
2255 981 14 5 ...
2286 948 19 37 ■■'[
2325 982 4 3 .
2347 976 1 2 .

1917 1002 73 23 NEW
2017 1005 127 39 SPRING:
2171 1010 66 22 AND
2265 1013 136 25 SUMMER

1971 1073 1 1 .
2006 1055 96 27 D^ESS
2117 1042 125 40 (feoDS—
2272 1077 3 5 ,
2281 1072 10 16 :
2321 1058 31 22 %

1879 1087 187 45 Sunsliades,
2281 1103 122 33 Under-

1877 1143 144 42 clothing,
2033 1156 6 6 -
2073 1157 7 5 -
2087 1148 136 40 Carpets,
2300 1155 97 40 Rugs-

1878 1192 154 42 Sheetings
2046 1197 158 40 Blankets,
2217 1196 182 44 Portniant^

1877 1253 80 26 eaus,
2120 1270 3 2 .
2147 1273 3 9 ,
2216 1259 3 5 ■

1877 1291 198 45 Meiis,Bby»,
2096 1299 61 29 and
2169 1299 121 35 Youths
2308 1304 93 33 Cloth

1876 1343 64 42 %,
1955 1345 111 38 Shirts,
2073 1348 89 38 Hats,
2179 1349 53 32 &c.
2356 1353 35 23 V

1974 1404 130 40 NOW
2143 1405 197 49 OF*EN/

1877 1453 50 30 All
1942 1455 102 31 Goods
2072 1451 75 37 iSold
2173 1463 52 29 at-
2232 1462 172 34 Wholesale

1877 1503 103 32 I'rices
2031 1526 107 8 ..•■..
2185 1522 25 7 ■•■••
2218 1520 3 7 =
2229 1515 3 9 !
2233 1515 10 18 -f
2257 1518 2 1 ■
2282 1524 34 15 ■■>,■
2336 1515 3 21 :
2364 1505 2 3 '
2395 1529 2 2 ■

1879 1553 69 30 One
1959 1555 135 42 Shilling
2103 1558 33 29 m
2149 1559 54 30 the
2212 1564 107 36 pound
2325 1564 79 33 Dis-

1878 1602 93 33 couit
1984 1605 51 32 for
2049 1607 83 33 cash,
2151 1626 41 17 -.:
2229 1600 36 46 fi,
2285 1635 36 15 Vi
2345 1611 3 5 '

1894 1643 228 80 '^oijb''
2131 1642 25 49 ;:
2160 1670 206 53 bow»

1846 1783 4 2 .
1893 1757 4 7 '
1919 1754 50 35 ■'.-'■■
1985 1756 3 10 '
2017 1755 4 11 :
2093 1756 78 31 AN.B'
2242 1754 70 15 '■■"■■"

1878 1974 185 48 MIWS
2112 1978 43 45 &
2223 1980 181 50 BOYS*

1950 2039 30 62 V
2011 2061 22 33 r
2046 2042 216 50 SUITS.,
2300 2038 2 5 '

1880 2126 227 33 TAILORING
2120 2126 286 41 BEPAHTMENT

1922 2187 161 82 IKithiis.
2124 2204 81 21 nom
2238 2184 171 59 im^lrtant

1959 2232 119 35 branch,
2089 2234 35 28 of
2141 2244 53 29 my
2220 2235 141 32 business
2388 2239 20 31 I

1846 2279 3 21 i
1882 2270 78 31 have
1986 2273 125 29 secured
2138 2274 54 29 the
2197 2288 3 4 ■
2214 2296 5 8 <
2227 2285 74 33 very
2337 2279 73 31 best

1881 2313 116 28 cutters
2010 2311 32 31 m
2056 2312 53 31 the
2122 2314 117 39 colony,
2254 2315 154 33 therefore

1882 2360 61 30 you
1953 2361 58 20 can
2026 2352 116 40 depend
2157 2363 82 31 upon
2253 2356 120 41 getting
2387 2368 22 22 &

1882 2390 117 40 perfect
2024 2392 46 30 fit.
2112 2392 55 41 My
2179 2406 4 20 i
2199 2394 143 33 selection
2374 2399 36 31 of

1882 2431 75 31 New
1971 2432 134 30 Zealand
2117 2432 135 39 Tweeds,
2295 2436 113 41 Serges

1882 2471 61 32 and
1957 2470 104 44 Fancy
2089 2468 151 46 Coating^
2246 2476 28 31 is
2287 2487 58 20 one
2372 2479 47 31 oV

1882 2511 54 29 the
1948 2511 116 41 largest
2072 2512 33 30 m
2118 2514 53 31 the
2185 2514 219 45 c|j^H?V'?¥fe
2406 2535 2 12 >
2413 2515 5 6 '

1884 2550 16 31 I
1915 2555 164 42 guarantee
2107 2562 52 32 my
2187 2554 99 40 prices
2309 2561 34 31 tq
2369 2557 40 32 be

1886 2590 172 32 stili'abbut
2085 2594 39 31 25
2138 2602 54 31 per
2219 2600 68 26 cent
2314 2597 96 32 lower

1884 2630 76 34 tljan
1988 2632 99 39 prices
2114 2634 123 40 usually
2265 2632 143 45 c^rged*

1883 2670 65 33 All'
1973 2672 114 31 tweeds
2127 2683 53 22 are
2221 2674 186 42 thoroughly

1881 2710 130 39 shrunk,
2020 2712 223 44 workmanship
2253 2716 61 33 and
2327 2717 90 40 style/

1885 2751 109 32 second
2008 2754 33 28 to
2054 2763 88 26 none,
2163 2767 44 20 -,...
2239 2778 2 5 .
2285 2773 88 9 ......

1959 2798 181 34 KAIAPOI
2195 2800 216 36 CLOTHING

1844 2837 2 51 !
2046 2850 195 41 mcn:opY.
2274 2848 29 35 v
2334 2877 13 20 v

1929 2914 56 40 Ri
2026 2915 63 41 H,
2133 2916 233 41 PARISH,

1908 2973 53 43 y/.'-
2016 2964 93 50 &A:B^
2126 2978 142 35 Oxford.

1983 3143 337 101 NOJIpI.

1901 3255 87 31 INY
2001 3256 112 33 Person
2126 3267 35 21 or
2171 3258 139 37 Persons,
2320 3260 94 34 found

1891 3289 42 46 JBt
1971 3298 186 39 trespassing
2166 3309 40 21 on
2215 3299 53 33 the
2275 3300 142 32 Doctor's

1891 3330 104 41 Bushy
2024 3338 79 32 East
2134 3338 126 39 Oxford,
2258 3335 5 21 1
2293 3340 64 45 wilj
2380 3341 38 33 be

1892 3377 190 40 prosecuted.
2419 3406 3 5 .

1280 3589 204 80 WANTED
1501 3595 30 26 to
1545 3596 69 28 rent
1628 3603 19 22 a
1660 3594 147 33 Paddock

1380 3630 78 32 from
1475 3632 16 28 5
1505 3639 34 24 to
1553 3634 39 28 50
1611 3644 78 26 acre,
1717 3636 88 31 with-

1280 3672 33 33 in
1328 3671 65 31 half
1407 3681 19 19 a
1444 3672 78 30 mile.
1530 3672 80 33 from
1639 3684 114 23 corner,
1774 3677 33 31 of

1282 3710 124 31 Ohuroh
1423 3710 109 41 Street;
1550 3725 5 15 ;
1567 3713 42 31 nd
1623 3714 66 41 JBay
1712 3715 94 32 Koad.

1287 3751 96 47 typly
1396 3752 34 30 to
1444 3749 94 37 Office
1555 3753 34 32 of
1606 3753 67 32 this
1701 3764 105 35 paper,
1829 3779 4 12 >
