3550 4640
2360 3954 83 19 The
2470 3954 165 19 Oxford
2663 3954 247 19 Observer.

2360 3973 292 54 PUBLISHED
2684 3973 226 54 WEEKLY.

2360 4028 161 21 SATURDAY
2552 4027 168 22 DECEMBER
2773 4029 40 19 sth
2843 4028 54 19 1896

2360 4164 48 25 MR
2426 4163 145 27 COLLINS
2603 4165 45 24 ON
2667 4165 70 24 THE
2767 4165 128 25 REFER-

2559 4209 136 22 ENDUM.

2394 4274 47 28 Sir,
2460 4274 13 24 I
2485 4273 91 26 should
2588 4274 107 32 scarcely
2706 4274 52 30 like,
2768 4274 53 26 this
2832 4277 63 23 mat-

2359 4320 39 24 ter
2419 4320 26 22 to
2456 4326 32 23 go
2508 4320 26 23 to
2546 4326 15 16 a
2582 4318 106 26 division
2710 4318 107 26 without
2841 4328 56 25 y<?ry

2358 4361 85 32 briefly
2453 4363 144 30 expressing
2608 4370 42 23 my
2662 4361 74 26 views
2746 4371 68 24 upon
2825 4363 34 26 itr
2883 4365 15 24 I

2358 4405 86 31 might,
2462 4405 56 24 first
2538 4406 28 25 of
2575 4405 42 29 all,
2636 4408 103 30 suggest
2758 4407 56 25 that
2826 4408 72 25 there

2360 4449 20 24 is
2393 4456 22 17 a.
2419 4448 245 33 growing-tendency
2676 4452 30 23 to.
2714 4450 140 31 introduce,
2866 4453 33 27 jn
2905 4473 3 2 .

2357 4493 153 31 discussing,
2524 4495 105 23 matters
2640 4494 27 25 of
2676 4494 52 26 this
2751 4495 62 26 kind
2821 4505 15 16 a
2847 4506 50 16 cer-

2352 4537 53 38 tain
2431 4539 104 23 amount
2555 4537 27 26 of
2603 4539 167 27 acrimonious
2793 4543 99 30 matter,

2938 207 87 30 which,
3047 209 13 24 I
3084 209 81 29 think,
3184 209 82 31 might
3284 218 61 22 very.
3367 211 52 23 wcOl
3446 218 28 17 cc

2935 252 130 31 dispensed
3088 254 61 24 with
3161 262 5 20 ;
3204 253 57 28 and,
3291 261 136 21 moreover,
3460 255 14 23 I

2934 295 72 24 think
3017 296 20 23 it
3050 297 19 23 is
3079 298 106 29 scarcely
3198 298 46 23 fair
3256 296 56 25 that
3324 305 46 16 one
3382 298 90 24 should

2934 338 28 24 be
2976 338 88 26 unable
3077 342 25 22 to
3112 348 100 23 express
3225 342 70 23 one's
3304 340 90 24 candid
3402 341 68 31 opii>

2933 382 40 24 iun
2994 390 33 17 on
3045 391 48 24 any
3117 385 94 31 subject
3230 383 109 26 ■without
3361 384 107 32 imputa-

2932 425 64 24 tions
3009 426 27 24 of
3046 427 99 24 motives
3157 428 28 25 of
3190 429 157 24 accusations
3359 428 33 25 of
3397 428 72 30 being

2931 467 62 26 false
3006 472 26 21 to
3043 472 67 23 one's
3129 472 161 25 convictions.
3336 472 71 30 New,
3422 472 43 28 sir,

2932 511 11 23 I
2957 512 31 24 do
2999 515 45 23 not
3054 513 77 26 doubt
3145 515 66 25 when
3224 516 13 24 I
3250 516 64 25 have
3335 515 64 26 done
3411 516 56 25 that

2929 555 14 23 I
2955 555 65 25 shall
3032 557 29 24 be
3074 558 51 25 told
3138 560 66 24 what
3227 560 14 23 I
3253 568 49 17 was
3316 560 51 25 told
3385 560 80 24 bi-for.s

2929 614 26 2 —
2964 600 55 25 that
3031 602 13 23 I
3065 603 60 23 have
3138 604 57 24 been
3209 605 89 30 simply
3315 606 132 23 i-ndeavo^
3450 614 13 9 l-

2928 643 43 31 ing
2984 646 24 22 to
3018 644 89 33 justify
3128 654 15 16 a
3155 647 128 31 departure
3295 649 66 24 from
3382 656 14 16 a
3406 656 56 23 pro-

2928 687 61 25 mise
3014 690 72 24 made
3110 691 112 30 previous
3236 694 24 22 to
3284 700 42 23 my
3349 693 111 24 election.

2928 730 65 26 That
3008 733 47 24 has
3065 733 59 26 been
3136 735 51 24 said
3199 736 89 28 before,
3307 736 45 25 but
3370 736 89 24 in-tfei*

2926 777 98 26 matter,
3044 784 27 18 as
3091 785 66 22 upon
3170 778 43 24 the
3234 780 71 23 other
3328 783 95 25 matter,
3448 780 12 23 I

2926 818 68 24 m.-ide
3007 827 32 16 no
3060 820 104 31 promise
3188 824 25 22 to
3225 830 41 23 my
3287 823 169 24 constituents.

2925 861 13 23 I
2950 869 45 16 can
3008 863 96 25 discuss
3116 864 51 25 this
3190 868 92 23 matter
3295 875 64 23 uprn
3374 868 28 23 its
3421 868 35 23 ia-

2926 905 85 25 trinsic
3023 908 93 24 lm-rifs.
3163 908 79 25 There
3263 917 40 17 are
3316 919 73 23 many
3407 919 51 16 rea-

2924 955 58 17 sons
2995 950 54 31 why
3061 950 14 25 I
3086 952 87 24 should
3186 952 46 26 feei
3240 953 112 31 disposed
3365 962 24 17 10
3402 963 54 23 sup.

2924 999 52 23 port
2998 994 43 24 the
3062 995 175 32 Referendum,
3258 997 44 24 but
3320 1006 60 17 even
3402 999 22 24 if
3444 999 14 24 I

2924 1044 59 17 were
2995 1037 113 31 disposed
3129 1042 26 23 to
3167 1046 103 26 support
3287 1042 22 25 it
3319 1050 27 17 as
3359 1051 14 16 a
3392 1043 70 31 prin-

2922 1079 70 30 ciple,
3011 1081 14 24 I
3045 1082 73 24 could
3142 1086 107 30 scarcely
3269 1088 101 29 support
3393 1087 19 22 it
3430 1093 26 16 as

2922 1125 127 25 embodied
3060 1127 26 23 m
3100 1128 48 24 this
3155 1131 100 28 present
3267 1129 70 27 8i11..-
3343 1130 14 24 1
3366 1129 90 25 should

2922 1169 49 24 like
3000 1175 25 19 to
3048 1171 162 31 compliment
3235 1173 40 23 thy
3303 1173 153 24 honourable

2921 1212 145 31 gentleman
3077 1214 56 25 who
3149 1215 160 26 .introduced-
3315 1216 32 24 -it-
3360 1216 39 27 .for
3420 1216 36 24 his

2921 1255 169 33 introductory
3101 1257 95 31 speech.
3215 1258 24 24 It
3251 1267 50 16 was
3312 1262 142 28 temperate,

2921 1299 48 23 and
2980 1298 76 30 .from
3067 1319 6 5 ,
3079 1300 40 25 his
3143 1302 134 31 particular
3303 1303 150 31 standpoint,

2921 1341 146 34 thoroughly
3081 1343 107 33 logical;
3208 1345 52 30 but,
3277 1347 176 28 nevertheless,

2921 1387 70 24 when
3004 1387 14 25 I
3029 1396 69 17 come
3110 1394 25 20 to
3147 1390 61 24 refer
3220 1392 26 23 to
3258 1391 42 25 the
3321 1390 50 25 Bill
3388 1391 68 24 itself

2921 1432 69 24 there
3001 1433 22 24 is
3047 1441 56 24 very
3128 1435 76 23 much
3227 1435 27 24 m
3274 1435 20 25 it
3305 1440 26 20 to
3350 1435 79 25 which
3441 1435 14 24 I

2921 1474 55 25 take
2987 1477 133 31 exception.
3169 1477 54 25 The
3234 1477 151 26 honourable
3396 1487 58 23 gen-

2921 1518 92 26 tleman
3025 1522 132 30 suggested
3168 1521 55 26 fhafc
3235 1521 42 26 the
3289 1522 166 25 introduction

2921 1562 26 24 of
2955 1563 42 24 thfi
3009 1565 91 25 reform
3112 1574 29 18 as
3161 1566 131 25 contained
3305 1568 25 22 m
3343 1567 49 24 this
3404 1566 51 25 Bill

2921 1606 78 25 would
3022 1611 39 22 act
3082 1616 27 18 as
3122 1618 13 15 a
3151 1610 171 31 preventative
3335 1613 26 23 to
3383 1606 73 36 hasty
3460 1620 2 7 1

2922 1649 149 32 legislation.
3118 1653 67 25 lam
3206 1655 79 24 under
3297 1656 41 23 the
3356 1655 101 31 impres-

2921 1695 52 24 sion
2984 1696 56 25 that
3052 1697 71 26 those
3202 1707 73 23 argue
3287 1701 23 23 m
3324 1700 87 24 favour
3428 1700 27 24 of

2921 1738 49 26 this
2985 1740 46 24 Bill
3041 1748 41 18 are
3092 1742 96 31 hopeful
3210 1743 25 24 of
3248 1743 120 32 checking
3380 1743 73 32 hasfcy

2921 1783 145 30 legislation,
3084 1784 45 25 but
3145 1794 54 21 ?are,
3213 1787 76 31 really
3302 1787 97 31 hopeful
3425 1787 27 24 of

2921 1829 164 31 encouraging
3108 1830 141 30 legislation
3272 1832 54 23 that
3349 1832 43 23 has
3419 1831 34 23 al-

2921 1873 73 30 ready
3006 1873 111 25 received
3126 1893 3 2 .
3136 1881 14 17 a
3162 1873 77 25 check
3345 1874 110 29 in.tht'if

2921 1916 83 26 minds
3023 1916 43 26 the
3077 1917 65 32 hope
3157 1917 22 25 is
3203 1918 55 25 that
3270 1918 43 25 the
3333 1919 121 30 tendency

2921 1959 49 25 will
2982 1962 40 23 act
3098 1962 44 24 the
3154 1963 118 31 opposite'
3287 1963 118 24 direction
3414 1967 2 4 '
3428 1965 26 22 to

2922 2003 53 24 that
2990 2018 6 16 ;,
3003 2004 41 27 o^.
3044 2020 6 16 ;
3056 2004 129 32 checking,
3207 2006 74 36 hapty
3299 2004 166 33 'legislation..

2922 2046 79 30 Then,
3027 2048 21 23 it
3071 2056 50 16 was
3149 2049 131 31 suggested
3300 2057 28 17 as
3351 2049 106 25 another

2922 2098 87 16 reason
3028 2092 54 23 wliv
3095 2093 93 23 certain
3202 2099 60 17 -mat
3266 2097 48 21 tersi
3325 2093 90 26 .should
3428 2093 30 24 be

2923 2133 124 30 rtl^gated
3058 2140 24 18 to
3095 2136 43 22 the
3143 2137 92 29 -people
3248 2136 31 30 by
3291 2137 167 23 Referendum

2924 2177 56 24 that
3001 2180 26 22 at
3038 2175 33 27 jin
3089 2179 103 24 election
3204 2178 26 26 of
3251 2179 128 29 members,
3382 2183 3 6 1
3402 2182 56 22 Who

2925 2229 41 17 are
2978 2222 122 31 supposed
3114 2227 24 20 to
3160 2221 70 27 voice
3253 2224 43 25 the
3307 2225 50 25 will
3380 2224 27 26 of
3416 2224 42 24 the

2925 2265 85 31 people
3023 2265 32 32 by
3077 2267 84 24 whom
3173 2267 57 31 they
3242 2275 42 17 are
3296 2271 54 22 sent
3372 2270 26 23 to
3409 2269 50 24 this

2924 2309 84 29 house,
3021 2317 76 23 many
3112 2310 100 32 feelings
3232 2319 39 16 are
3282 2312 73 31 given
3366 2312 49 25 ris?
3434 2314 24 23 to

3018 2361 40 16 are
3070 2356 25 21 to
3102 2361 6 8 v
3107 2354 31 23 be
3152 2354 131 31 deplored.'
3314 2357 25 23 It
3348 2363 49 17 was
3405 2356 54 23 said

2924 2396 55 24 that
2992 2399 24 21 at
3028 2396 107 26 election
3158 2398 72 24 times
3241 2398 85 31 people
3343 2407 42 17 are
3397 2401 63 23 sir-

2925 2439 43 25 red
2988 2439 32 33 by
3032 2442 71 31 par,ty
3115 2442 128 30 questions
3267 2437 48 29 sLtift.
3326 2442 61 32 (Levy
3404 2443 56 24 reli-

2925 2484 70 30 gious
3007 2485 103 31 feeling*
3122 2493 6 20 ;
3148 2486 49 23 and
3209 2488 40 28 yet
3262 2486 49 24 this
3322 2488 145 29 .particular.

2927 2528 48 24 Bill
2990 2528 49 25 will
3051 2528 118 31 probably
3182 2529 116 31 intensify
3307 2529 42 25 the
3357 2530 102 31 feejings

2926 2577 27 19 at
2964 2572 108 25 election
3084 2573 73 23 times
3176 2573 30 32 by
3218 2573 91 32 adding
3324 2577 31 24 to.
3360 2573 42 25 the
3414 2573 45 25 dif-

2927 2615 108 26 ficulties
3046 2616 27 24 of
3093 2617 42 24 the
3153 2616 105 25 election
3278 2618 26 24 of
3315 2625 14 16 a-
3351 2617 109 26 member

2928 2655 41 29 flic
2992 2660 182 25 consideration
3203 2661 26 24 of
3251 2664 113 22 matters-,
3378 2662 82 24 which

2928 2704 80 24 would
3020 2705 28 23 be
3061 2705 55 23 sent
3128 2704 67 25 down
3207 2708 23 21 to
3244 2704 41 25 the
3293 2704 90 32 people,
3396 2713 65 23 uposa

2928 2747 83 24 which
3023 2747 58 32 they
3089 2748 84 24 would
3186 2749 62 24 have
3257 2752 27 21 to
3293 2757 96 23 express
3399 2749 62 24 their

2928 2791 111 32 opinion.
3075 2791 25 24 It
3119 2791 47 26 has
3177 2791 97 33 already
3288 2792 61 25 been
3362 2793 100 31 pointed

2928 2838 45 22 out
2984 2836 55 24 that
3051 2836 40 24 the
3102 2838 61 26 vote,
3185 2836 78 25 under
3274 2836 80 26 clause
3366 2839 24 27 5,
3409 2846 53 22 may

2929 2879 57 25 take
2998 2879 70 32 place
3081 2888 42 16 .on
3136 2880 43 24 the
3199 2880 45 24 day
3265 2881 26 23 of
3301 2880 42 25 the
3362 2881 101 31 general

2929 2923 108 30 ejection
3054 2932 28 16 or
3102 2932 13 15 a
3138 2923 119 30 licensing
3284 2924 113 25 election.
3449 2925 15 24 I

2929 2966 72 26 think
3013 2967 50 25 this
3082 2968 83 25 clause
3188 2968 30 23 m.
3224 2967 71 26 itself
3311 2969 19 22 is
3342 2969 122 25 sufficient

2931 3010 29 25 to'
2964 3011 127 23 condemn^
3098 3012 50 24 the,
3161 3011 141 27 BiU^tbnt
3314 3015 25 21 at
3352 3014 38 22 the
3405 3014 59 22 time

2931 3054 71 27 wJien
3006 3076 5 7 r
3015 3053 141 32 t.he.j?eo.ple
3152 3072 5 14 ;
3159 3079 3 6 ,
3180 3062 50 21 are.
3234 3054 103 29 excited,
3356 3062 27 18 as
3396 3059 26 20 at
3433 3064 30 15 an

2931 3097 111 29 election,
3061 3096 70 25 when
3150 3097 58 31 they
3228 3106 41 15 are
3291 3097 98 25 divided
3411 3099 54 24 into

2931 3140 102 25 distinct
3056 3141 99 31 parties,
3175 3140 50 25 and
3251 3142 138 25 sometimes
3411 3142 54 25 into

2931 3193 73 24 many
3016 3181 102 29 distinct
3140 3192 116 24 camps—
3259 3187 27 23 at
3305 3186 61 24 such
3378 3193 16 17 a
3406 3186 59 25 time

2931 3231 56 22 that
3007 3229 59 31 they
3078 3229 91 24 should
3182 3231 26 22 be
3220 3229 80 25 called
3312 3238 66 23 upon
3388 3233 24 21 to
3425 3239 38 15 ex-

2929 3281 68 23 press
3008 3282 14 15 a
3030 3273 103 31 judicial
3154 3273 98 31 opinion
3262 3274 60 24 with
3340 3274 87 32 regard
3439 3278 26 21 to

2931 3325 68 16 some
3008 3324 113 17 measure
3142 3324 102 24 appears
3257 3318 24 22 to
3293 3325 40 16 me
3343 3320 25 21 to
3380 3318 29 23 be
3422 3326 40 16 ex-

2931 3360 98 33 pecting
3046 3358 78 28 -theka
3149 3382 3 7 ;
3151 3362 27 24 to
3197 3360 32 26 d
3230 3382 9 5 0...
3249 3361 140 32 something
3408 3361 57 25 thai

2929 3403 73 27 could
3013 3407 45 23 not
3070 3404 30 25 be
3112 3404 61 25 done
3193 3405 129 25 well.JSbut
3342 3405 81 26 would
3435 3405 29 25 be

2930 3457 55 16 sure
2997 3450 26 23 to
3049 3448 34 30 bo,
3090 3448 64 25 done
3176 3448 27 24 m
3215 3457 15 15 a
3248 3456 106 17 manner
3366 3449 96 31 prejud-

2926 3492 57 24 icial
2995 3494 27 22 to
3044 3492 44 27 the
3103 3490 122 28 .interests
3237 3492 28 23 of
3284 3491 43 24 the
3349 3494 112 29 country,

2928 3535 14 25 I
2955 3537 102 23 venture
3081 3538 24 22 to
3128 3536 101 31 suggest
3241 3535 55 25 that
3320 3538 32 22 at-
3357 3535 103 25 election

2929 3580 73 23 times
3014 3587 14 16 a
3052 3586 58 17 man
3121 3578 22 25 is
3166 3581 46 22 not
3229 3579 26 23 m
3270 3580 55 23 tbat
3347 3579 79 25 frame
3438 3579 26 26 of

2927 3622 69 25 mind
3013 3621 55 26 best
3088 3621 137 25 calculated
3246 3626 25 21 to
3282 3623 56 31 give
3357 3631 32 16 an
3413 3624 47 24 im-

2927 3664 89 33 partial
3036 3664 101 32 opinion
3158 3673 67 23 uj-on
3244 3673 16 16 a
3272 3665 136 32 legislative
3418 3675 43 17 en-

2926 3709 117 31 actment.
3051 3711 5 28 J
3066 3709 122 26 However
3192 3711 43 31 {he,
3242 3717 56 25 may
3307 3711 28 24 be
3347 3711 116 32 qualified

2926 3755 26 24 to
2969 3761 98 24 express
3079 3762 31 15 an
3120 3753 102 31 opinion
3230 3758 26 19 at
3267 3755 44 24 the
3323 3755 101 26 election
3437 3756 27 25 of

2926 3805 15 17 a
2952 3796 119 30 member,
3089 3797 32 24 he
3131 3796 23 25 is
3165 3800 45 22 not
3220 3797 28 25 m
3269 3806 14 16 a
3295 3798 30 26 fit
3336 3800 125 25 condition

2925 3843 25 22 at
2962 3848 15 16 a
2988 3841 61 24 time
3058 3840 28 25 of
3095 3841 104 24 election
3208 3843 27 23 to
3246 3841 148 34 adequately
3402 3852 58 17 con-

2926 3883 64 25 sider
3001 3892 14 15 a
3027 3891 114 20 measure
3152 3883 28 25 m
3192 3883 34 26 all
3235 3884 34 25 its
3281 3885 97 26 details.
3413 3887 47 25 Be-

2924 3927 66 25 sides
3002 3927 36 25 all
3047 3927 60 29 this,
3125 3927 71 26 there
3208 3937 40 16 are
3258 3929 120 33 certainly
3392 3939 66 17 com-

2924 3972 113 31 plexities
3049 3972 58 25 with
3126 3972 89 32 regard
3232 3975 27 23 to
3282 3974 42 25 tbe
3347 3982 114 19 measure

2924 4015 84 25 which
3018 4016 78 31 ought
3104 4017 25 24 to
3141 4017 27 23 be
3180 4017 106 25 referred
3305 4019 34 24 to.
3374 4019 39 28 In.
3418 4020 44 25 the

2923 4058 56 25 first
2990 4059 74 31 place,
3083 4059 55 24 how
3158 4067 42 17 are
3217 4060 43 24 the
3284 4062 85 30 people
3382 4065 26 22 to
3431 4063 31 25 be

2924 4102 71 25 made
3006 4102 150 32 acquainted
3168 4103 58 25 with
3235 4104 35 25 all
3286 4104 43 26 the
3338 4106 89 26 details
3436 4108 26 24 of

2931 4154 15 17 a
2957 4154 113 18 measure
3079 4148 12 24 ?
3109 4147 121 33 Running
3249 4157 59 17 over
3331 4150 43 25 the
3396 4151 66 26 Bills

2924 4191 81 25 before
3017 4200 47 19 tne,
3082 4191 14 25 I
3114 4191 54 25 find
3179 4202 88 22 many,
3277 4195 160 31 comprising
3448 4207 15 15 a

2924 4235 169 26 considerable
3111 4236 105 25 number
3239 4237 27 25 of
3285 4246 76 24 pages
3364 4254 31 5 —
3396 4250 8 14 s

2924 4280 110 31 running
3061 4280 53 25 into
3147 4280 128 27 hundreds
3303 4283 28 25 of
3356 4284 106 27 clauses.

2924 4323 70 31 Now,
3005 4324 22 26 is
3039 4332 73 26 every
3123 4326 91 25 elector
3226 4326 83 25 whose
3324 4331 58 22 vote
3402 4330 22 25 is
3436 4332 26 23 to

2925 4367 30 26 be
2966 4369 118 25 recorded
3094 4376 27 19 to
3132 4369 38 26 be'
3175 4370 113 32 supplied
3300 4371 61 26 with
3370 4381 16 17 a
3397 4374 66 26 draft

2925 4419 62 24 copy
2995 4412 26 25 of
3032 4412 43 25 the
3087 4413 52 25 Bill
3148 4415 13 23 ?
3178 4414 23 24 is
3220 4423 72 24 every
3303 4423 91 23 person
3406 4419 56 24 ade-

2925 4456 100 33 quately
3044 4458 27 23 to
3083 4457 111 25 consider
3217 4465 72 25 every
3307 4459 84 27 clause
3402 4463 28 24 of
3448 4470 14 17 a

2925 4499 60 31 Bill,
3004 4501 49 24 and
3063 4501 23 25 is
3098 4510 71 23 every
3180 4510 91 24 person
3290 4503 72 26 fitted
3382 4507 26 23 to
3420 4516 42 16 ex-

2925 4553 69 25 press
3006 4553 32 17 an
3050 4546 101 32 opinion
3164 4554 33 18 on
3218 4555 73 25 every
3302 4548 84 28 clause
3399 4551 27 25 of
3447 4560 15 17 a

1176 56 169 33 OXFORD
1404 60 228 31 OBSERVER
1676 63 240 36 SATURDAY,
1960 63 237 31 DECEMBER
2263 64 30 34 5,
2340 66 79 28 1396

2392 207 251 39 OXFORD
2687 211 196 40 BACON

2491 267 293 40 FACTORY.

2617 332 48 16 <S>-

2366 367 127 58 BACON
2522 369 50 24 and
2605 369 80 31 hams,
2722 371 50 25 this
2792 376 109 23 season's

2426 409 66 20 cure,
2527 402 61 29 lard,
2612 404 53 24 axle
2684 413 86 23 grease
2782 414 15 16 a
2814 409 91 29 special

2366 435 147 30 compound.

2423 496 41 45 J.
2532 497 310 51 PAELANE

2544 577 101 33 East
2690 578 174 35 Oxford.

2542 771 176 46 LOST.

2375 860 12 24 A
2420 860 119 26 WHITE
2559 863 47 24 and
2621 864 69 24 (.lack
2702 865 75 31 sheep
2789 865 56 31 dop.
2865 875 32 16 en

2363 889 35 28 l\
2419 893 109 32 Monday
2545 896 55 28 la>-t,
2614 897 64 25 from
2690 899 43 25 the
2750 898 70 25 Bock

2361 927 86 25 Water
2459 927 72 26 Race.
2566 930 104 31 Anyone
2679 931 86 32 giving
2786 933 60 23 such
2860 934 36 23 in-

2358 960 132 25 formation
2503 963 56 22 that,
2581 964 50 24 will
2650 965 56 23 lead
2723 968 26 21 to
2772 966 43 24 the
2828 974 69 17 same

2359 994 73 31 being
2453 995 118 25 returned
2583 999 24 21 to
2626 1006 48 21 me,
2694 999 51 24 will
2769 999 27 24 be
2809 1008 86 16 rewar-

2358 1026 55 29 ded,

2490 1101 30 25 A.
2539 1101 191 32 VALLANCE,
2759 1114 28 21 ,-,
2802 1115 29 14 ■■■,

2589 1177 140 30 Wopdside,

2372 1270 3 3 .
2670 1248 68 26 West
2757 1249 100 26 Oxford.

2439 1598 52 25 The
2508 1599 195 31 Thoroughbred
2727 1600 82 25 Horse

2502 1644 240 32 FAIUCHILD

2356 1695 60 27 T)Y
2433 1696 79 24 Black
2533 1696 65 24 Eose
2599 1710 32 4 —
2632 1699 44 22 out
2699 1698 27 23 of
2745 1697 130 24 Hineraoa.

2390 1762 91 24 WILL
2502 1762 77 24 travel
2598 1762 51 24 this
2673 1770 88 17 season
2780 1763 112 25 between

2356 1794 124 31 liangiora
2493 1795 49 23 and
2556 1794 159 32 Springfield;
2734 1801 4 5 ;
2788 1793 4 18 ;
2808 1799 14 13 -■'
2857 1801 3 3 '

2370 1843 7 10 »

2389 1855 51 24 For
2450 1855 98 25 further
2562 1855 147 32 particulars
2719 1856 81 32 apply,
2821 1865 3 18 ;
2847 1868 5 17 ;
2867 1879 2 2 .

2524 1920 27 22 to
2562 1917 43 25 the
2617 1925 82 17 owner

2596 1978 41 24 W.
2657 1978 33 25 H.
2700 1974 160 29 'SIMPSON

2646 2025 56 41 '■'?■'.
2712 2024 180 42 "'.■ylewV'Hill.

2362 2208 124 40 EVENTS
2502 2209 38 38 OF
2563 2209 68 39 THE
2648 2209 129 39 COMING
2791 2209 104 39 WEEK.

2359 2297 116 33 Monday,
2495 2298 71 25 Band
2578 2298 27 25 of
2616 2298 79 32 Hope.

2359 2342 120 31 Tuesday,
2498 2342 104 31 Library
2621 2351 64 22 open
2697 2344 64 24 from
2775 2345 13 21 G
2800 2358 5 11 :
2810 2345 45 22 15.-
2871 2346 26 21 to

2425 2381 15 23 8
2452 2387 61 23 p.m.

2360 2424 139 33 Thursday,
2518 2425 72 24 Bank
2600 2432 72 25 open.

2361 2467 131 31 Saturday,
2511 2466 106 31 Library
2640 2474 62 23 open
2721 2467 64 24 from
2800 2469 23 22 0.
2836 2475 61 23 p.m.

2425 2507 26 24 to
2477 2505 22 23 8.
2523 2512 62 23 p.ni,
2655 2504 112 31 Meeting
2794 2506 27 22 of
2836 2505 63 24 East

2427 2541 92 25 Oxford
2540 2541 157 25 OddfelFowa.

2370 2693 141 49 DRB
2526 2693 353 47 SSMAKING.

2538 2765 28 6 —
2566 2763 22 5 —
2588 2761 26 12 «—
2615 2761 35 15 rsa
2650 2761 23 5 —
2673 2764 6 9 »
2680 2763 27 5 —
2707 2767 17 3 —

2462 2784 101 33 MISS
2578 2785 219 31 .KENNEDY

2399 2839 89 39 Late'
2500 2847 83 30 from
2605 2848 158 36 theD.T,C
2817 2849 83 30 Wel-

2357 2889 132 40 lington.

2399 2932 82 38 Begs
2516 2935 33 27 to
2578 2932 115 29 inform
2726 2931 56 30 her
2813 2931 88 41 Lady

2357 2973 119 30 friends
2490 2973 71 30 that
2577 2973 54 32 sho
2658 2974 27 29 is
2700 2973 150 39 prepared
2868 2977 34 27 to

2358 3014 91 29 make
2491 3014 120 30 dresses
2639 3015 33 28 m
2708 3015 194 29 fasliibnable

2359 3055 62 29 and
2438 3055 92 30 latest
2544 3055 108 35 stvles,
2660 3059 49 25 -at
2723 3056 182 30 reasonable

2360 3096 140 39 charges.

2405 3144 62 31 She
2495 3144 56 31 has
2573 3146 154 38 arranged
2751 3145 49 30 for
2827 3156 77 29 pre-

2365 3189 70 28 sent
2469 3186 171 31 workroom
2669 3189 76 27 next
2775 3193 32 24 to
2837 3186 65 31 Mrs

2364 3227 149 40 Lough's,
2545 3227 128 31 Oxford.

2490 3374 54 33 TO
2565 3374 212 33 FARMERS.
2855 3377 32 26 r

2503 3414 2 2 '
2519 3408 2 2 '
2566 3426 2 2 .
2611 3415 2 3 ■
2809 3423 2 2 ■
2844 3405 34 21 -^
2907 3405 5 15 *

2362 3455 46 58 IF
2425 3464 49 24 you
2492 3458 66 23 want
2576 3459 27 22 to
2632 3457 46 24 sell
2706 3465 62 23 your
2785 3455 116 33 produce,

2402 3490 123 24 advertise
2535 3490 28 24 m
2575 3490 43 24 the
2638 3490 231 29 "OBbERVEE'',
2887 3494 15 21 ix

2361 3530 57 17 sure
2443 3523 51 25 sale
2511 3523 48 25 will
2575 3523 31 25 be
2624 3523 44 25 the
2684 3525 85 24 result.
2794 3527 4 5 '

2394 3589 162 26 TEEMS.—
2557 3591 37 23 2s.
2618 3598 43 21 per
2688 3590 61 24 inch
2778 3590 39 25 for
2844 3591 56 24 first

2359 3622 133 25 insertion.

2393 3662 42 25 All
2452 3663 76 25 small
2544 3663 205 25 advertisements
2766 3664 27 23 to
2807 3663 26 24 be
2842 3662 57 33 paid

2359 3711 18 18 n
2402 3704 119 26 advance.

1799 197 234 49 PEIITS!
2070 196 261 48 PEIITS!!

1801 262 52 41 fA
1863 263 68 40 HH
1955 273 20 29 y
1977 263 71 28 arc^
2063 263 32 29 °f
2119 266 12 25 *"'
2135 272 36 20 ae
2194 261 140 30 Season's

1800 291 131 50 14UU
1963 305 64 28 fast
2056 304 103 29 colour
2184 301 150 31 PEINTS

1798 345 50 29 Bd.
1864 355 55 29 per
1928 345 88 40 yard,
2028 345 100 30 worth
2145 344 49 30 6d.
2211 342 121 31 Double
2344 344 2 28 !

1797 386 97 30 width
1950 386 153 39 Fabrique
2167 385 166 29 Francaise

1796 426 93 30 Dress
1914 427 159 30 Materials
2103 426 133 30 reduced
2251 426 81 28 from

1797 468 42 30 Is.
1852 468 48 30 6d.
1913 474 30 24 to
1956 469 41 29 Is.
2011 479 55 30 per
2078 467 88 40 yard,
2191 466 139 31 Suitable

1808 520 35 20 or
1855 510 61 31 this
1933 521 109 20 season
2066 510 33 30 of
2114 510 53 30 the
2182 517 83 31 year.

1931 606 127 21 DOUBLE
2080 604 111 22 WIDTH

1807 648 194 46 DRESS
2057 648 255 46 TWEEDS

1970 721 79 38 (half
2065 720 95 39 price)

1804 767 119 30 Melton
1942 768 111 30 Tweed
2070 768 51 29 6d.
2139 767 101 30 worth
2257 767 58 40 10|

1790 814 116 32 Melton
1924 816 112 31 Twptd
2053 818 44 29 Is.
2113 816 98 30 worth
2230 816 44 30 Is.
2288 816 40 30 6d

1804 869 101 30 better
1930 869 89 30 vplue
2045 869 74 29 than
2145 868 169 40 travelling

1866 925 126 39 drapers
2008 925 63 30 will
2087 925 70 39 give
2171 934 71 30 you.

1803 994 219 40 iftnitß'
2054 993 256 42 JACKETS

1893 1046 80 30 New
1996 1046 85 31 This.
2097 1046 124 29 Season

1790 1095 34 29 5s
1848 1094 41 30 6d
1931 1094 145 30 Reduced
2091 1094 80 30 from
2230 1094 54 30 12s
2307 1097 17 27 6

1790 1157 37 28 15
1851 1157 40 29 6d
1953 1150 3 4 '
2018 1180 18 12 „
2121 1180 17 14 
2229 1157 54 28 20s
2306 1157 18 28 0

1804 1258 238 26 MANCHESTER
2059 1257 248 25 DEPAETMENT.

1788 1302 114 37 Prints,
1924 1303 114 30 checks
2053 1303 61 29 and
2137 1302 114 40 stripes

1788 1357 96 31 Table
1909 1357 158 36 Damasks,
2091 1355 230 32 unbleached-

1869 1410 115 45 special
2006 1410 93 30 value
2115 1408 81 32 from
2215 1408 44 41 1/-

1786 1471 116 30 Brown
1938 1470 137 31 Holland
2111 1482 78 30 very
2225 1473 98 39 cheap

1786 1522 191 32 Flannelette
1994 1524 59 30 and
2070 1523 152 41 Shirting,
2241 1524 82 40 good

1867 1576 90 30 value
1978 1576 80 31 from
2080 1577 51 29 4d.

1785 1627 94 29 Floor
1901 1627 91 30 Cloth
2013 1629 82 38 good
2117 1632 33 26 at
2173 1629 49 30 9d.

1784 1678 90 31 Wide
1895 1679 113 30 Forfar
2029 1684 33 26 at
2085 1681 49 29 6d.

1825 1768 117 31 BOX'S
1974 1768 307 31 DEPAETMENT.

1844 1857 77 39 &$u
1969 1865 22 28 T
2006 1874 57 16 now
2072 1866 117 25 continue
2201 1870 24 20 to
2237 1867 87 24 devote

1970 1898 20 25 A.
2028 1899 98 32 Special
2145 1900 130 24 Attention
2298 1905 26 19 to

1796 1924 153 47 Swililruik
1967 1933 39 24 *^
2008 1940 11 17 s
2034 1933 23 24 l^
2060 1941 12 16 e
2073 1941 15 23 P
2090 1935 115 28 ar^went,
2218 1935 50 22 and
2286 1942 38 16 am

1870 2072 11 18 L
1907 2067 28 36 V
2054 2069 103 21 LARGE
2171 2070 75 21 LIKE

1828 2136 36 41 Vf
1881 2125 38 39 W
2023 2145 142 21 KNICKEE
2186 2146 85 21 SUITS

1828 2176 31 42 Jj
1876 2166 120 52 J^gat
2010 2180 41 21 the
2070 2180 118 27 following
2201 2180 126 21 SPECIAL

1809 2201 150 50 Jifi^lp^
1971 2218 107 21 PiIICES
2089 2227 34 12 :—
2196 2236 1 2 .
2238 2206 3 4 '
2309 2222 3 12 i

1844 2260 33 21 To
1886 2260 29 22 fit
1923 2261 61 27 Boys
1994 2263 12 18 3
2017 2261 72 21 Years
2100 2261 35 26 5/G
2164 2262 13 19 5
2187 2262 73 21 Years
2274 2258 37 30 5/6

2005 2296 13 22 7
2029 2295 73 22 Years
2113 2295 36 27 5/G
2168 2297 13 20 9
2190 2296 74 22 Years

1787 2354 90 31 Lace'
1893 2354 147 31 Curtains
2061 2356 42 29 2s.
2149 2354 61 31 Per

1874 2491 137 44 FOE
2055 2492 182 43 SALE.

1789 2574 129 80 THAT
1942 2575 69 30 weil
2041 2576 113 30 known
2185 2577 62 29 and
2276 2577 50 29 old

1845 2617 188 29 established
2050 2617 139 30 business
2200 2618 35 29 of
2239 2617 86 31 Buil-

1788 2659 63 34 der,
1868 2657 208 37 Undertaker,
2093 2657 230 41 Wheelwright,

1788 2702 58 27 etc.
1862 2699 120 29 carried
2008 2710 40 19 on
2078 2699 39 41 by
2144 2699 50 31 Mr
2208 2700 118 40 Joseph

1787 2740 122 40 Lough,
1931 2749 37 21 so
1983 2742 206 39 successfully
2210 2742 50 30 for
2274 2744 52 28 the

1789 2786 70 36 past
1874 2785 120 36 twenty
2010 2793 99 29 years,
2131 2782 65 31 will
2210 2784 39 30 be
2264 2783 61 30 dis-

1787 2824 96 39 posed
1894 2824 35 29 of
1936 2829 33 25 at
1987 2835 18 19 a
2020 2830 89 32 great
2123 2825 147 36 sacrifice,
2284 2836 39 19 on

1788 2870 130 25 account
1949 2866 34 29 of
1996 2866 111 39 failing
2122 2866 117 31 health.

1918 2940 330 39 JOSEPH'LOUGH

2081 3030 130 30 Oxford.

1919 3151 35 31 T.
1991 3151 206 31 PICKARD.

1867 3207 76 21 BOOT
1956 3207 65 21 AND
2041 3206 77 23 SHOE
2137 3207 115 27 MAKER,

1937 3250 77 21 EAST
2056 3252 121 21 OXFORD

1785 3295 108 58 BEGS
1906 3297 26 23 to
1955 3298 86 22 return
2063 3298 39 23 his
2122 3299 95 24 sincere
2240 3300 94 25 thanks

1840 3331 27 23 to
1889 3328 44 26 the
1963 3328 159 27 inhabitants
2143 3332 27 24 of
2187 3332 146 26 OXFORD

1785 3361 49 25 and
1846 3362 162 26 DISTRICT
2028 3363 68 26 since
2109 3365 29 24 he
2151 3367 105 28 started,
2284 3367 49 25 and

1786 3396 58 31 begi
1863 3398 28 22 to
1910 3396 93 25 inform
2015 3396 71 26 them
2107 3398 34 24 he
2150 3398 47 26 has
2214 3401 117 24 removed

1786 3430 25 22 to
1823 3436 68 17 more
1900 3429 169 25 commodious
2083 3432 122 30 premises
2219 3434 111 30 opposite

1785 3461 44 24 the
1843 3461 69 24 W.M
1923 3461 38 29 C,
1986 3462 49 25 and
2055 3463 78 29 hopes
2154 3464 32 31 by
2199 3466 72 23 strict
2291 3467 37 23 at-

1787 3494 96 24 tention
1902 3499 26 19 to
1954 3494 114 26 bnsiness
2095 3499 24 21 to
2144 3500 66 22 meet
2234 3498 63 25 with
2316 3508 13 15 a

1786 3527 163 26 continuance
1961 3528 26 25 of
1999 3528 66 26 their
2076 3533 113 29 support.

1821 3572 78 26 Boots
1924 3573 77 25 Hand
2014 3575 109 24 stitched
2144 3584 28 16 or
2188 3577 95 31 pegged
2302 3579 26 22 to

1787 3605 79 26 order.
1902 3607 105 31 Repairs
2027 3608 85 32 neatly
2132 3608 50 26 and
2199 3610 128 32 promptly

1787 3638 127 29 executed,

1900 3687 34 31 T.
1956 3687 200 34 PICKAKD.

2019 3742 64 26 East
2100 3743 103 25 Oxford,

1998 3871 27 29 (a
2042 3870 70 32 card)

1785 3928 144 34 MESSR
1964 3931 230 34 JOHNSTON
2232 3933 92 32 AND

1986 4006 137 31 MILLS.
2236 3992 5 13 '
2264 4002 15 25 '■-

1947 4093 212 28 SOLICITORS.

1786 4158 282 32 OHRISTCHURCH,
2098 4162 178 27 RANGIORA
2305 4164 19 24 &

1980 4205 148 26 OXFORD.

1870 4280 126 27 Johnston
2017 4282 60 26 will-
2084 4283 87 25 attend
2184 4283 95 26 Oxford
2290 4292 34 18 on

1785 4313 77 26 Court
1888 4315 61 31 days
1972 4316 50 25 and
2041 4316 58 25 Sale
2120 4317 60 31 dajs
2192 4318 51 24 and
2265 4326 59 24 may
2329 4324 7 21 ;

1784 4345 31 26 be
1826 4348 130 25 consulted
1980 4355 25 19 at
2018 4350 40 24 Mr
2075 4350 75 26 Lee's
2167 4357 56 19 new
2242 4351 80 30 Store,

1784 4379 71 26 Main
1865 4381 83 26 Street
1961 4377 101 30 Oxford!

1819 4424 166 28 Christchurch
1997 4427 106 30 Office—
2106 4426 120 33 Opposite
2238 4428 85 24 Union

1784 4457 80 29 Bank,
1877 4457 123 27 Hereford
2013 4459 91 26 Street.

1815 4503 125 29 Bangiora
1959 4504 108 31 Office—
2069 4504 64 26 Next
2151 4507 26 23 to
2190 4505 40 25 Mr
2252 4505 29 25 A.
2291 4505 29 25 P.

1783 4534 116 28 Tutton's
1914 4536 108 27 Auotion
2041 4537 89 27 Room.

1305 268 61 29 For
1391 271 43 27 7s.
1460 270 50 28 Od.
1534 279 56 28 per
1613 270 78 38 pair.

1237 336 30 78 2
1291 336 83 39 pairs
1397 337 35 29 of
1449 337 85 39 large
1555 334 152 35 Blankets
1719 340 43 30 for

1312 388 18 18 a
1352 378 111 30 double
1487 378 66 30 bed.
1569 379 49 28 for
1635 379 65 40 20/-

1232 432 204 33 CHEAPER
1458 435 75 30 than
1549 444 57 19 can
1631 437 39 29 be
1694 448 68 29 pui-

1230 486 113 31 chased
1386 488 80 29 from
1513 486 88 31 ANY
1646 489 116 32 Christ-

1230 528 116 30 church
1368 529 117 30 House.

1272 593 88 29 1896.
1422 592 154 31 SPRING
1619 593 90 32 1896.

1234 668 60 37 I^JT
1308 668 51 25 OW
1373 670 113 32 showing
1497 679 15 15 a
1522 671 82 25 choice
1615 675 147 22 assortment

1236 695 54 36 J3
1317 703 26 23 of
1355 703 134 28 SI'RINO-
1502 705 121 29 GOODS,
1644 708 118 29 cc-mpris-

1232 740 33 23 ng
1276 734 57 24 New
1347 736 76 24 Dress
1437 737 136 27 Materials,
1589 738 93 28 Prints,
1703 740 58 24 Del-

1226 766 75 28 aiiscs,
1333 768 120 31 Zephyrs,
1486 769 115 31 Crepops,
1636 771 125 30 Galateas,

1224 798 112 26 Norman
1360 800 102 32 Stripes!
1484 802 82 31 Faucy
1591 803 99 26 Strii.ed
1711 806 50 23 and

1225 832 77 25 Chick
1324 834 113 29 Muslins,
1454 846 3 3 •
1467 837 92 24 Cotton
1583 836 106 32 Pongee,
1712 839 50 24 and

1223 865 120 31 Muslins,
1354 869 41 24 &c.

1501 953 259 49 'TWSEB&

1221 1029 84 21 SUITS
1314 1030 88 20 MADE
1413 1031 37 20 TO
1460 1032 144 21 MEASURE
1618 1033 78 21 PI?0M
1715 1037 44 21 50s.

1220 1088 120 79 FULL
1357 1089 143 31 RANGE
1512 1091 36 30 of
1555 1090 61 31 this
1632 1092 126 32 Season'

1298 1130 145 31 Patterns
1464 1136 32 25 to
1527 1133 92 31 hsnd.

1475 1186 27 21 at

1322 1213 36 43 BL
1385 1225 42 30 .H
1449 1227 197 32 PARISH'S
1691 1251 3 5 .

1362 1287 92 26 EAST
1472 1289 146 25 OXFORD.

1310 1339 209 23 WHOINTENDS
1535 1342 37 20 TO
1589 1341 73 22 SELL

1218 1390 176 30 seasonable
1404 1391 96 39 goods
1510 1392 139 40 atpriees
1659 1394 99 30 below

1206 1469 2 3 .
1218 1441 68 29 that
1306 1442 33 29 of
1354 1451 61 30 any
1439 1442 224 33 Christchurch
1688 1446 68 30 firm

1470 1512 37 17 O
1581 1511 1 11 ;

1263 1946 167 39 ALL
1473 1951 240 34 WOOL

1455 2004 177 49 flmml
1676 2004 80 51 #1.

1219 2080 131 39 cheaper
1364 2080 77 29 than
1456 2090 56 19 can
1534 2081 37 28 be
1583 2081 172 38 purchased

1218 2133 32 27 at
1279 2130 123 31 auction
1432 2140 36 19 or
1486 2130 82 31 from
1606 2132 150 30 itinerant

1401 2179 137 40 drapers:

1318 2276 344 41 PARISH'S

1235 2337 204 325 §■
1511 2374 174 51 BOYS'
1703 2385 7 14 1

1227 2337 189 553 f
1465 2561 263 47 YOUTHS'

1497 2660 64 34 Ml
1592 2652 126 45 Woof

1427 2744 178 24 COLONIAL
1630 2746 129 23 TWEED

1448 2853 2 3 .
1473 2818 218 34 SUITS

1260 2906 128 33 From
1413 2904 89 42 12/6
1524 2913 71 31 per
1619 2906 93 38 suit.

1288 2970 80 33 (three
1377 2972 137 29 garments,
1524 2970 88 24 'worth
1625 2970 65 33 255.)

1222 3016 93 24 Cannot
1326 3016 26 24 be
1360 3015 136 31 purchased
1507 3019 25 19 at
1549 3015 170 24 Christchurch
1731 3024 27 15 or

1312 3071 2 5 ■
1335 3058 123 24 elsewhere
1470 3062 25 19 at
1502 3059 37 21 the
1548 3059 75 29 price.

1225 3118 24 34 J
1260 3118 133 34 AMens
1408 3118 101 31 Black
1519 3116 69 32 S;B.
1599 3119 57 30 Sac
1667 3118 90 31 Coats

1220 3149 72 50 ■fey
1318 3160 50 29 for
1392 3160 127 40 Sunday
1534 3160 63 29 and
1618 3160 139 40 Holiday

1221 3212 80 19 wear
1310 3201 146 30 Reduced
1465 3202 82 29 from
1560 3201 66 40 25/-
1639 3205 32 27 to
1682 3201 74 40 15/6

1264 3335 54 39 R,
1345 3335 57 38 H,
1436 3335 279 39 PARISH'S

1220 3388 216 32 BARGAINS
1476 3390 49 30 for
1563 3388 62 31 this
1648 3389 109 30 month

1200 3473 100 220 t
1382 3509 175 25 COLONIAL
1587 3509 126 25 TWEED

1415 3574 184 26 TBOUSEBS
1610 3577 3 9 1
1637 3575 34 23 6s.

1429 3641 69 23 ALL
1547 3641 106 25 WOOL.
1752 3632 4 36 \

1219 3693 65 30 Fur
1299 3692 82 32 lined
1390 3693 104 32 cloaks
1505 3694 135 31 reduced
1649 3693 56 32 17s
1717 3694 40 29 6d

1256 3741 224 32 Christchurch
1494 3742 84 41 price
1591 3744 64 30 275.
1672 3742 50 30 6d.

1221 3896 122 31 Double
1359 3896 99 32 width
1475 3895 105 32 Check
1595 3896 162 31 Costumes

1381 3945 112 31 Tweed
1524 3946 68 38 6|d.

1220 3994 118 30 Melton
1361 3993 135 36 TVeeds,
1519 3995 50 29 6d.
1592 4005 56 29 per
1668 3995 88 40 yard.

1219 4080 103 32 White
1354 4080 154 33 Blankets
1542 4081 44 32 7s.
1615 4082 48 31 6d.
1700 4092 57 30 pe.v

1220 4130 76 40 pair.
1355 4131 102 39 Large
1494 4130 68 32 Size
1594 4130 161 38 Blankets,

1324 4179 64 29 10s.
1413 4178 49 30 6d.
1496 4188 56 29 per
1573 4178 78 39 pair.

1220 4225 67 40 Boy
1323 4225 83 30 Pilot
1420 4225 129 31 Jackets
1566 4226 35 29 6s
1616 4227 49 29 6d.
1681 4226 74 30 each

1237 4362 3 3 .
1261 4332 50 30 All
1333 4332 86 31 these
1441 4332 96 40 goods
1559 4343 52 20 are
1627 4334 130 38 cheaper

1219 4381 76 29 than
1319 4391 57 20 can
1458 4381 96 39 purch
1558 4382 73 28 ased
1646 4386 32 25 at
1694 4391 62 32 any

1220 4428 223 31 Christchurch
1474 4429 131 39 Selling,
1624 4431 44 28 off
1695 4430 59 29 Es-

1219 4474 200 31 tablishment
1442 4485 35 20 or
1498 4476 79 30 from
1606 4477 150 30 itinerant

1220 4524 138 36 drapers.

636 204 1 21 ;
716 199 292 32 ODDFELLOWS
1039 201 116 30 HALL

687 254 172 40 WEST
934 257 250 39 OXFORD

635 342 2 5 '
665 329 177 40 THURSDAY
859 331 176 39 NOVEMBER
1049 333 45 44 17,
1114 333 77 45 1896,

698 403 85 26 Grand
803 406 177 24 instrumental
998 408 49 23 and
1065 409 71 22 vocal

771 461 318 47 CONCERT.

662 537 90 26 Action
773 548 74 24 songs
869 541 29 30 l>y
926 541 120 29 children,
1070 542 121 32 including

678 583 63 31 Flag
753 591 62 23 scng
826 584 50 24 and
887 584 86 25 Dumb
994 585 48 25 bell
1056 586 125 25 Exercise.

701 628 141 30 Assisted
857 629 41 39 by
914 629 53 30 the
994 630 71 29 best
1079 630 78 29 local

872 671 108 30 talent.

659 722 37 24 IN
715 723 59 24 AID
793 723 44 24 OF
859 722 211 25 CHILDREN'S
1091 721 100 25 PRIZE

877 765 103 25 FUND.

658 809 80 26 Doors
758 818 63 23 opon
835 812 25 22 at
872 812 15 23 7
901 811 39 22 30.
977 809 145 24 Commence
1141 813 27 20 at
1180 811 11 23 8

898 851 59 24 p.m.

673 887 153 27 Admission,
846 887 89 25 Chairs
950 889 34 22 Is.
998 886 39 26 Gd.
1054 886 72 25 Seats
1140 888 35 23 Is.

791 920 119 25 Children
922 920 138 31 half-price.

663 1079 127 45 ■10s..
846 1077 318 47 REWARD.

654 1176 99 57 TOST
769 1177 64 23 from
854 1185 44 22 my
916 1176 185 25 CARLETON
1118 1177 70 25 farm,

677 1211 10 22 J
705 1219 15 15 a
741 1209 115 25 BLACK
875 1205 85 29 SOW'
966 1210 66 29 PIG,
1058 1209 76 25 about
1159 1211 30 22 18

653 1246 102 21 months
767 1243 49 29 old,
835 1244 92 29 weighs
950 1243 94 23 loOlbs.
1087 1244 101 29 Anyone

652 1277 85 31 giving
750 1278 68 25 such.
823 1275 158 25 information
993 1275 67 25 wh.it
1072 1275 49 24 will
1134 1275 53 25 lead

653 1311 26 23 to
692 1309 41 25 the
750 1317 113 16 recovery
884 1312 26 21 of
927 1310 43 26 the
990 1317 69 16 same
1082 1309 50 24 will
1152 1317 35 16 je-

652 1343 65 24 ceive
738 1342 76 25 above
826 1342 160 29 REWARD,

819 1394 89 24 JOHN
927 1394 180 28 ROSSITER,

932 1449 69 24 West
1020 1448 100 25 Oxford.

783 1580 275 46 NOTICE;

654 1678 21 23 T
692 1677 91 25 JOHN
802 1678 191 27 MCCARTHY,
1019 1677 51 24 will
1093 1680 43 22 not
1159 1678 30 24 be

652 1705 21 31 X
691 1710 152 32 responsible
854 1710 39 24 for
905 1719 54 22 any-
959 1712 4 10 i
963 1710 70 24 debts
1034 1713 3 13 ;
1045 1718 45 16 con
1094 1712 52 23 trac
1148 1710 40 25 tied

652 1744 32 30 by
713 1752 42 21 my
778 1745 61 27 wife,
859 1744 94 23 Minnie
972 1743 137 31 McCarthy
1127 1745 63 23 after

653 1777 50 25 this
721 1777 65 24 date.
825 1788 2 4 ■

898 1837 24 24 j.
941 1836 181 27 McCarthy

1028 1899 92 23 Annat.

652 1930 141 26 November
804 1931 70 24 25th.
893 1933 47 23 159
943 1933 22 22 6.

786 2083 268 45 NOTICE.

653 2182 21 24 T
692 2181 53 32 Beg
763 2182 25 23 to
810 2180 90 26 inform
923 2180 43 26 the
993 2180 154 26 inhabitants
1164 2181 26 25 of

652 2219 22 20 JL
688 2215 95 25 Oxford
792 2214 48 24 and
853 2215 42 24 the
906 2215 83 30 public
995 2215 125 31 generally
1133 2215 56 24 that

652 2249 13 23 I
677 2249 61 23 have
749 2247 74 25 taken
843 2255 58 17 over
913 2248 43 24 the
980 2247 115 25 Business
1113 2247 75 31 lately

652 2280 94 26 carried
764 2288 33 17 on
821 2280 31 32 by
879 2280 57 30 MB,
957 2280 28 26 C.
1007 2281 29 24 A.
1062 2280 125 30 TYLER,

654 2314 105 26 General
782 2315 104 28 Carrier,
905 2314 50 24 and
974 2317 66 22 trust
1064 2315 30 31 by
1117 2315 72 24 strict

654 2348 122 25 attention
790 2350 26 22 to
828 2347 114 26 business
960 2352 26 20 to
998 2347 73 25 merit
1089 2356 16 16 a
1116 2348 74 24 share

652 2382 27 23 of
687 2381 84 31 public
782 2383 109 28 support.

654 2447 108 25 Covered
773 2447 67 25 Vans
853 2447 48 25 will
913 2456 47 15 run
973 2447 63 25 from
1049 2447 139 25 OXFORD

669 2507 6 7 ,
708 2502 33 9 ,
762 2486 379 36 tp.^HRISTCHURCH^,^:
1142 2503 32 9 ,.,,
1181 2503 10 7 .,

652 2536 93 30 every
756 2514 217 50 "'MONDAY,'
992 2525 196 31 WEDNES-

714 2573 88 31 DAY
826 2573 86 30 AND
950 2573 174 31 FRIDAY.

851 2634 141 31 Returning

655 2678 210 37 TUESDAY,
893 2677 234 32 THURSDAY
1164 2679 26 30 &

804 2727 240 31 SATURDAY.

654 2802 132 25 Furniture
799 2801 48 25 and
868 2801 76 31 goods
956 2801 27 24 of
1001 2810 72 22 every
1086 2801 103 31 descrip-

654 2837 52 23 tion
718 2835 96 32 packed
837 2836 49 23 and
905 2834 115 24 removed
1038 2841 26 17 at
1084 2836 107 23 shortest

877 2867 90 25 notice.

753 2912 135 31 Receiving
901 2912 76 24 Order
1000 2912 54 24 Box
1067 2913 26 23 at

656 2945 39 25 Mr
710 2945 142 25 Earnshaw
1004 2944 68 25 West
1090 2944 98 25 Oxford.

654 2979 25 24 J.
692 2979 25 24 J.
731 2978 102 24 Weeber
860 2995 4 4 .
926 3000 2 3 .
1007 2978 65 23 East
1089 2978 101 23 Oxford.

654 3011 35 25 H.
707 3010 128 26 Davidson
919 3010 122 25 Bennetts
1061 3010 128 24 Junction.

655 3044 28 28 C«
701 3045 30 22 A.
752 3043 73 31 Tyler
1056 3043 133 30 Rangiora.

656 3077 30 25 R.
705 3076 34 26 H.
757 3076 120 31 Hodgson
1122 3076 68 24 Oust.

671 3121 53 26 The
736 3122 75 23 above
823 3128 101 24 waggon
942 3128 48 17 run
1009 3120 26 25 m
1057 3120 118 31 conjunc-

719 3154 54 25 tion
784 3154 62 25 wish
863 3152 146 27 TYLER'S
1021 3161 104 24 wagson

698 3188 83 25 which
792 3188 81 24 leaves
896 3187 181 25 BANGIORA
1096 3187 51 24 and

654 3220 273 27 CHRISTCHURCH
940 3228 69 23 every
1028 3221 56 30 day,
1108 3220 83 25 orders

653 3255 46 25 left
710 3256 27 23 at
754 3255 42 24 the
807 3254 126 31 following
943 3255 83 30 places
1046 3255 27 23 m
1094 3253 96 25 Chrisi-

652 3287 94 25 church
760 3287 53 25 will
832 3287 104 24 receive-
943 3291 96 27 prompt
1059 3287 131 24 attention.

654 3331 31 26 E.
698 3331 80 26 Recce
790 3332 19 24 &
823 3330 59 27 Son.
1018 3330 120 26 Colombo
1152 3330 37 26 St.

652 3365 155 26 Rotherfield
825 3364 78 25 Hotel
987 3365 90 24 Cashel
1098 3364 92 25 Street.

653 3399 24 24 J.
696 3399 31 24 B.
745 3399 106 23 Watson
935 3398 135 24 Cathedral
1086 3398 103 31 Square.

654 3433 47 23 130
719 3431 109 24 Kilmore
847 3432 89 23 Street.
966 3431 142 31 Telephone
1127 3431 63 25 »727.

793 3501 251 47 NOTICE

653 3572 56 31 TO
732 3570 195 31 FARMERS
964 3570 26 31 &
1013 3569 175 31 OTHERS!

652 3624 65 30 The
732 3623 211 40 undersigned
954 3623 26 30 is
991 3623 152 40 prepared
1161 3632 29 20 to

673 3669 68 28 cart
766 3665 90 37 wool,
878 3664 88 32 hides
995 3664 62 31 and
1076 3663 93 42 sheep

714 3707 85 30 skins
815 3711 33 26 at
872 3707 111 30 lowest
1002 3713 126 24 current

880 3753 82 26 rates

778 3808 34 30 J.
838 3806 33 30 T.
895 3805 166 33 CARTER

885 3858 140 30 Fernhill

941 3910 87 31 West
1059 3911 130 30 Oxford.

653 4127 145 26 THANKS
809 4128 5 24 !
835 4127 139 25 THANKS
986 4128 14 23 II
1014 4127 140 24 THANKS
1164 4128 25 23 !!!

653 4202 4 11 •
663 4193 69 38 pHE
746 4193 73 26 Vicar
830 4195 50 24 and
891 4194 43 25 the
946 4194 100 25 Church
1058 4194 96 25 officers
1166 4194 25 25 ofi

659 4219 20 31 J.
701 4226 92 24 Oxford
810 4227 97 24 district
924 4227 94 25 desires
1041 4229 26 23 to
1091 4234 100 25 express,

655 4259 64 24 their
748 4259 260 33 acknowledgements,
1054 4264 26 21 to
1120 4261 70 24 those

652 4292 93 24 church
758 4292 122 26 members
898 4294 50 24 and
968 4293 71 25 other
1057 4292 131 40 residents,

652 4325 57 25 who
720 4324 33 33 by
764 4325 66 25 their
842 4327 188 29 contributions,
1053 4323 136 35 purchase's

652 4359 51 24 and
722 4359 71 23 other
813 4359 133 25 assistance
974 4361 72 23 made
1071 4360 43 24 the
1150 4360 38 24 St.

652 4391 117 25 Andrews
781 4391 110 24 Festival
907 4400 27 17 so
946 4393 143 26 successful.
1108 4408 11 11 
1140 4403 3 12 :

785 4450 31 24 R.
835 4450 30 25 F.
884 4449 168 33 GARBETT,
1072 4452 82 26 Vicar.

717 4502 30 24 F.
767 4501 139 25 COMYNS
958 4504 6 28 )

713 4535 30 26 P.
763 4534 130 26 FISHEEJ
957 4540 7 26 )
1013 4536 130 26 Wardens.

101 210 50 24 WA
157 207 111 25 IMAKA
273 203 205 27 KIL'I-ASHLE
483 203 23 23 V
512 203 51 23 WA
570 203 59 23 TEH

217 249 140 25 SUPPLY
389 247 128 26 BOARD,

96 333 271 61 APPLICATIONS
386 341 40 16 are
438 333 103 30 invited,
560 341 30 17 on
608 341 21 16 or

157 370 80 23 before
250 369 31 22 10
298 375 59 16 a.m.
371 376 30 15 on
414 367 129 31 Thursday
567 368 62 23 lOfcli.

94 405 47 24 day
153 407 24 18 oi
190 400 136 24 December
336 402 73 26 1890,
421 409 40 14 lor
473 402 41 21 the
526 401 103 30 position

94 426 252 33 of'CAKifITAKEiS
364 433 50 23 and
438 433 140 24 liAiNGEK
597 436 32 21 tor

95 470 42 22 the
167 468 112 30 Cooper's
303 466 77 25 Creek
418 466 84 25 Water
539 467 90 31 Supply

95 504 88 21 Kuces.

125 534 146 26 Conditions
284 542 44 16 can
341 533 30 25 be
385 541 58 17 seen
456 537 25 21 at
499 533 43 25 the
555 534 74 24 Office

93 569 27 23 of
146 571 44 22 the
202 568 90 23 Board.
314 568 39 24 No
377 568 148 30 application
549 576 80 16 neceo-

94 602 75 31 jsai'ily
182 602 123 31 accepted.

162 674 29 24 G.
211 673 191 26 JOHNSTON
418 672 179 29 WEBSTEE,

262 750 126 28 Secretary
400 751 21 18 to
440 751 36 18 tan
493 748 90 23 Board.

112 833 175 32 OXFORD
311 831 120 32 ROAD
452 831 153 32 BOARD.

174 919 94 25 EYRE
287 917 124 26 WATER
440 917 103 26 RACE.

91 986 140 26 YTOIICE
256 986 21 25 is
296 985 86 29 hereby
411 985 71 30 given
506 985 55 24 that
584 985 42 24 the

90 1014 31 30 i.l
148 1021 63 23 head
224 1028 54 16 race
291 1019 50 23 will
355 1020 26 22 lie
394 1018 79 24 C'osetl
494 1018 38 23 for
546 1018 79 24 clean-

89 1054 45 30 ing
145 1054 64 23 from
223 1052 107 30 Monday
350 1050 137 25 December
505 1051 71 24 14th.
600 1056 26 19 to

89 1087 130 31 Thursday
237 1086 133 24 December
383 1085 68 23 17th.
472 1085 73 23 189(5.

222 1157 24 24 J.
265 1157 34 23 H.
320 1155 145 28 SHARPE,

155 1217 71 25 Clerk
239 1219 26 23 to
277 1217 41 24 the
332 1216 91 25 Oxford
436 1216 70 24 Road
517 1216 90 25 Board.

567 1258 24 23 2.

198 1386 313 46 WANTED.

86 1484 173 40 rpENDEBS
281 1484 38 24 for
339 1483 43 25 the
412 1483 120 32 purchase
561 1483 27 24 of
609 1486 16 22 8

93 1510 20 32 JL
135 1526 67 16 acres
214 1518 28 24 of
251 1526 77 23 grass.
364 1517 108 24 Tenders
482 1521 26 20 to
521 1517 29 24 be
556 1537 4 3 ,
569 1520 56 22 sent

87 1552 28 24 m
127 1559 31 17 on
171 1559 29 17 or
212 1552 82 24 Defore
305 1551 61 24 Dec.
380 1551 70 24 15th.

252 1611 28 24 C.
299 1611 205 28 MEHBTENS,

376 1675 64 24 East
458 1674 100 25 Oxford.

178 1787 127 45 FOR
354 1785 181 45 SALE.

89 1877 33 81 4
139 1877 135 31 ACRES
300 1877 61 30 and
383 1878 36 29 12
449 1875 129 41 perches
593 1876 32 29 of

146 1920 73 29 land
247 1920 85 31 with.
353 1920 20 33 4
387 1919 126 33 rooirjed
532 1918 91 29 dwel-

87 1962 67 38 ling
169 1961 94 29 hoiise
278 1961 61 29 and
350 1961 81 38 good
443 1960 67 29 well
521 1960 102 29 there-

89 2014 49 19 on.
205 2002 89 30 Land
324 2002 134 29 transfer
487 2001 68 29 title
574 2005 51 25 act

89 2050 93 24 terms
197 2044 25 29 if
236 2044 153 38 required.

171 2125 63 31 For
250 2125 186 41 particulars
483 2145 4 4 -

254 2209 95 39 apply
371 2211 33 26 to

296 2274 139 31 JAMES
465 2272 160 32 FISHER

386 2355 89 29 West
496 2354 125 30 Oxford.

89 2500 128 25 SPORTS
226 2499 111 25 NIGHT
344 2500 5 23 !
364 2498 127 25 SPORTS
500 2497 110 26 NIGHT
619 2499 4 22 !

87 2567 184 31 MONDAY
284 2564 238 32 DECEMBER
536 2564 85 31 28th.

136 2641 54 24 The
214 2640 86 25 Grand
325 2638 134 32 Spectorial
478 2639 95 24 Drama

285 2674 27 22 m
324 2674 15 23 8
363 2675 61 22 acts.

83 2733 160 47 LOST
266 2733 79 47 IN
362 2732 263 47 LONDON

111 2826 61 24 New
186 2825 107 32 Scenery
305 2824 33 32 by
350 2824 42 24 Mr
405 2824 30 24 R.
448 2824 35 24 H.
496 2823 99 25 Parish.
614 2846 14 7 ...

84 2869 158 25 Mechanical
260 2868 83 24 effects
357 2867 31 31 by
412 2867 92 24 Messrs
516 2867 107 31 Laming

267 2911 51 26 and
336 2911 103 24 Wilson.

83 2978 74 32 Nelly
357 2977 61 24 Miss
438 2976 188 25 Winterbourne

135 3017 46 24 her
197 3016 54 24 first
263 3023 153 24 appearance
433 3015 25 24 m
484 3014 93 25 Oxford

87 3055 80 33 Tiddy
465 3055 63 24 Miss
542 3053 84 26 -Smith

85 3097 120 25 Florence

87 3138 50 24 Job
158 3137 127 32 Armroyd
494 3135 41 24 Mr
546 3135 80 31 Haige

136 3177 130 31 especially
279 3176 111 32 engaged
399 3175 38 25 for
449 3175 50 24 this
510 3177 64 29 part.

87 3215 96 25 Gilbert
195 3215 177 24 Fcath°rstone
423 3214 41 24 Mr
476 3213 39 25 W.
529 3213 97 25 Wilson

86 3253 132 32 Benjamin
230 3253 104 25 Blinker
403 3252 41 25 Mr
455 3252 73 24 Peter
541 3251 84 26 Smith

202 3293 104 30 Miners,
337 3293 93 25 Guests
449 3294 51 27 &c,

303 3344 64 26 ACT
384 3344 23 24 I.

87 3384 78 25 Scene
181 3385 19 23 L.
275 3384 50 24 Job
338 3382 159 31 Armyroyd'o
511 3382 107 31 Cottage

172 3424 79 23 Scene
268 3424 24 22 2.
382 3422 157 24 Bleakmore.

138 3460 78 25 Scene
238 3462 23 23 3.
331 3460 143 26 Bleakmore
494 3461 79 24 Mine.

266 3535 177 30 LONDON

299 3636 61 24 ACT
372 3636 38 25 11.

90 3674 78 25 Scene
181 3676 23 23 1.
237 3674 107 26 Interior
364 3676 26 24 of
405 3676 44 25 the
461 3676 80 25 Ferns
552 3677 24 24 V
580 3676 44 26 ilk

230 3714 25 24 ir
270 3715 116 31 Regent's
402 3716 75 24 Park.

87 3753 79 26 Scene
179 3755 23 23 2.
251 3756 65 23 Ante
336 3755 80 25 Room
440 3763 26 17 at
483 3756 42 24 the
545 3757 78 25 Ferns

322 3792 65 25 Villa

86 3829 79 25 Scene
177 3831 23 22 8.
219 3830 117 23 Exterior
346 3830 28 24 of
395 3831 41 22 the
454 3831 80 25 Ferns
556 3833 67 24 Villa

283 3867 44 33 (by
344 3867 91 33 Night)

87 3906 79 25 Scene
178 3906 24 24 4.
238 3906 66 24 Ante
323 3906 81 24 Room
427 3907 26 24 at
476 3907 44 25 the
543 3907 80 26 Ferns

318 3947 78 25 Villa.

217 3980 77 25 Scene
307 3982 24 23 5.
344 3979 54 25 Ball
410 3980 87 25 Room.

294 4018 64 25 ACT
374 4018 51 25 111.

107 4057 135 31 Interior
271 4058 34 29 of
317 4069 18 18 a
350 4061 123 37 cottage
496 4059 31 28 m
550 4059 54 31 the

127 4100 256 39 neighbourhood
398 4100 33 30 of
439 4099 138 31 London.

210 4156 108 21 FOUND
343 4156 43 21 AT
408 4155 90 22 LAST.

191 4243 46 30 To
266 4243 150 30 conclude
444 4244 76 30 with

104 4289 39 37 A
165 4288 214 39 SOCIAL
420 4290 171 39 BALL.

84 4337 97 31 Gents
197 4340 44 28 2s.
278 4340 112 29 Ladies
409 4341 61 29 lib.
488 4340 133 30 refresh-

292 4385 111 26 ments.

115 4494 125 25 Reserved
253 4498 65 22 seits
331 4497 36 24 2s.
381 4498 38 23 Gd.
466 4497 79 26 Front
558 4500 65 23 scats

88 4528 37 24 2s.
161 4527 69 26 Back
245 4534 51 19 seat
316 4532 35 23 Is.
485 4556 3 2 .
548 4530 2 7 '
