3550 4640
99 190 54 23 MR
177 189 194 25 MEREDITH
389 188 47 24 AT
457 188 94 26 EAST

248 228 151 26 OXEORD.

89 297 43 24 Mr
143 297 122 23 Meredith
278 297 129 22 addressed
433 297 42 23 the
487 297 106 25 electors

61 342 27 22 at
108 340 40 22 the
160 338 77 24 Town
249 337 62 25 Hall
322 344 33 18 on
367 337 143 33 Thursday.
540 340 53 24 The

59 382 61 25 Hall
132 390 50 15 was
194 380 102 31 densely
307 380 121 29 crowded,
441 382 50 24 and
503 382 32 25 he
543 391 50 17 was

55 425 135 33 frequently
202 424 153 32 encouraged
369 424 33 32 by
420 426 82 25 bursts
514 427 28 25 of
551 435 41 24 ap-

58 470 84 31 plause
153 469 64 24 from
230 469 41 24 the
280 468 129 25 audience.
445 470 21 23 A
478 470 47 24 few
537 470 55 24 bar-

55 522 6 14 j
66 513 84 23 ackers
163 520 62 16 were
237 514 100 29 present
349 520 32 14 on
398 512 117 24 mischief
525 513 66 29 bent,

55 557 45 25 but
123 564 27 17 ps
167 555 59 33 they
245 563 61 17 were
336 555 90 25 toolish
445 557 99 32 enough
568 558 25 24 to

55 601 115 32 proclaim
183 600 63 25 their
257 600 139 25 intentions
405 608 33 17 on
452 600 44 25 the
517 602 76 30 previ-

55 652 44 17 ous
125 644 113 31 evenicg,
274 643 43 25 the
344 643 147 25 authorities
521 644 72 33 being

55 687 151 25 forewarned
234 694 63 17 were
326 687 178 31 consequently
532 688 61 25 fore-

56 732 94 28 armed,
169 731 47 24 and
240 731 43 24 the
306 731 56 24 first
391 731 150 25 indications
570 732 23 25 of

56 776 79 33 (shall
161 783 35 16 we
226 776 52 31 say)
302 774 216 25 insubordination
545 784 48 17 was

57 820 124 32 promptly
203 820 107 31 quailed.

89 859 33 23 At
134 858 42 24 the
188 859 143 23 conclusion
352 858 27 24 of
395 858 43 24 the
450 859 110 31 meeting
579 867 14 17 a

56 902 87 30 hearty
164 903 54 22 vote
230 901 27 24 of
273 901 91 24 thanks
388 908 49 16 was
466 902 90 30 passed
567 905 26 21 to

57 945 40 25 Mr
118 945 131 28 Meredith,
275 945 48 24 and
346 944 139 25 confidence
511 945 26 25 m
551 945 42 26 the

57 990 175 25 Governnmnt.

833 191 117 22 ITEMS.

814 224 54 26 (The
882 225 82 25 People.

655 262 54 25 The
729 266 85 23 extent
837 268 26 20 to
874 264 82 24 which
976 263 186 35 labour-saving

622 303 143 32 machinery
779 304 19 24 is
814 305 100 31 coming
923 304 56 25 into
993 312 42 18 use
1048 309 27 21 at
1087 314 42 17 sea
1141 308 21 24 is

622 343 84 24 shown
729 343 33 31 by
779 347 42 21 the
847 344 52 25 fact
924 344 55 25 that
1006 344 43 25 the
1078 346 82 25 Union

624 379 144 34 Steamship
797 383 151 31 Company's
972 390 56 17 npw
1054 386 108 24 steamer

623 414 119 26 RaKauoa
753 416 58 31 only
835 416 104 31 requires
963 415 44 25 the
1019 417 107 26 services
1138 419 27 24 of

623 454 68 26 three
719 456 105 28 stokers,
854 456 120 31 although
1002 457 45 25 she
1070 459 92 25 carries

622 501 59 16 over
691 495 75 26 8,000
776 497 64 21 tons.
860 494 53 24 One
922 494 85 24 s'oker
1014 494 27 24 m
1054 503 15 16 a
1082 496 80 24 watch

621 530 22 25 is
664 531 124 25 sufficient
800 538 25 19 to
848 532 61 31 keep
928 532 43 24 the
984 541 7 12 t
999 540 61 17 esse.
1082 534 80 24 under

623 571 88 27 steam,
741 571 49 24 and
813 571 70 25 three
906 571 103 29 stokers,
1037 572 59 25 with
1114 572 46 25 five

623 609 86 24 sailors
729 618 34 16 on
781 609 70 28 deck,
874 610 50 23 and
943 611 41 23 the
1004 610 95 25 officers
1111 612 48 23 and

623 646 129 32 engineers
765 646 107 32 brought
889 647 43 24 the
945 647 80 24 vessel
1042 653 43 18 out
1097 648 63 25 from

623 684 88 25 Home.
764 685 86 24 Under
870 686 130 30 rationally
1032 686 129 31 organised

622 725 115 32 industry
748 725 62 24 such
832 725 142 25 inventions
991 726 82 24 would
1098 726 28 24 be
1146 735 16 16 a

622 764 110 33 blessiug
744 767 26 23 to
791 765 43 25 the
845 765 95 31 people,
958 765 99 25 instead
1075 767 87 31 taking

623 804 43 24 the
680 803 72 26 bread
764 803 27 25 of
802 804 42 24 the
863 803 105 25 workers
982 804 110 25 mouths.

59 1120 122 35 KAIAPOI
194 1120 21 35 &
215 1120 132 35 ASHLEY
360 1120 229 35 ELECTORATES

111 1198 28 28 a-

55 1267 34 29 of
117 1269 179 36 supporters
325 1265 36 29 of
386 1264 52 29 the
467 1267 124 36 present

55 1315 211 30 Government
281 1312 60 30 will
358 1313 39 28 be
412 1312 72 29 held
497 1312 34 29 m
542 1312 49 29 the

56 1366 132 38 Library
203 1375 40 20 on
259 1364 170 40 Thursday,
445 1364 75 29 Dec.
543 1364 48 29 10.

56 1419 33 27 at
111 1415 30 31 7.
153 1424 71 29 p.m.

303 1454 33 31 C.
360 1454 125 33 Lugak,
503 1452 68 31 Sec.

89 1621 203 30 GENERAL
327 1618 230 33 ELECTION.

121 1700 140 26 ASHLEY
285 1698 241 26 ELECTORATE.

54 1773 229 33 MEREDITH

54 1825 176 31 RENNER

54 1877 143 31 REECE

55 1960 150 41 Majority
227 1960 51 30 for
292 1958 155 31 Meredith
532 1958 57 29 300

492 2138 9 18 k

121 2260 145 25 KAIAPOI
287 2258 237 25 ELECTORATE.

53 2332 148 31 BUDDO

54 2384 150 33 MOORE
222 2393 20 23 /
295 2395 39 22 -r

53 2467 146 41 Majority
214 2467 43 30 for
276 2467 107 30 Moore
530 2464 59 32 270

86 2619 52 24 The
151 2618 94 25 Oxford
265 2618 113 24 Liberals
390 2619 26 22 at
428 2618 63 23 least
503 2624 45 16 can
560 2618 31 22 be

51 2657 194 33 complimented
254 2665 33 17 on
299 2657 67 24 their
383 2657 94 30 loyalty
489 2660 26 20 to
527 2656 65 24 their

52 2697 51 24 late
114 2695 119 29 member,
251 2704 28 16 as
298 2695 44 25 the
364 2695 124 31 following
499 2694 92 31 figures

52 2736 50 25 will
115 2736 76 27 show,
204 2735 89 24 Buddo
317 2735 56 27 140,
387 2733 85 25 Moore
491 2735 40 23 89.
567 2733 26 24 If

50 2784 36 17 we
98 2775 107 25 mistake
223 2777 45 23 not
280 2782 73 24 every
376 2773 107 32 Kaiapoi
501 2773 91 26 elector

50 2815 27 24 m
89 2815 43 25 the
145 2814 88 24 Water
246 2813 95 32 Supply
353 2813 105 25 District
482 2812 52 26 will
543 2813 47 24 live

51 2859 26 21 to
88 2857 81 29 regret
181 2854 44 24 the
236 2854 48 32 day
297 2855 39 30 he,
344 2852 74 26 voted
439 2852 100 32 against
551 2852 41 24 Mr

50 2894 32 25 D.
101 2893 97 25 Buddo.
244 2893 25 25 It
285 2893 23 25 is
320 2900 45 18 our
386 2892 101 31 opinion
500 2891 32 32 by
553 2899 38 17 re^

50 2933 105 30 turning
167 2932 42 24 Mr
232 2931 86 25 Moore
330 2933 44 23 the
398 2930 134 28 electorate,
545 2929 46 25 will

50 2972 28 24 be
91 2970 158 24 disfrancised
270 2972 25 22 to
314 2969 35 24 all
360 2968 118 32 practical
498 2968 94 24 intents

50 3009 49 26 and
111 3016 119 25 purposes
243 3007 64 26 until
320 3008 44 25 the
377 3011 58 21 next
453 3007 114 25 election.

85 3051 54 24 The
151 3049 94 25 Oxford
258 3048 112 25 Liberals
393 3048 110 32 residing
511 3048 27 24 m
550 3048 40 24 the

50 3092 93 31 Ashley
154 3090 98 32 portion
265 3091 26 24 of
308 3090 42 24 the
363 3089 97 24 district
472 3097 47 16 can
540 3088 52 25 al3o

50 3131 30 24 be
104 3128 195 32 complimented
318 3128 28 24 m
367 3127 64 25 their
456 3127 89 31 loyalty
566 3128 26 23 to

50 3171 65 23 their
138 3169 119 25 member.
322 3168 40 24 Mr
386 3167 124 24 Meredith
536 3168 60 29 162,,

51 3208 99 23 Kenner
163 3209 40 26 13,
222 3207 80 24 Recce
315 3207 41 23 82.
374 3205 85 31 giving
479 3205 111 24 remark-

51 3247 55 26 able
129 3247 116 25 evidence
274 3247 55 24 that
353 3246 44 25 the
416 3245 176 26 Conservative

50 3288 107 23 element
170 3287 20 23 is
203 3285 82 32 losing
305 3286 33 24 its
350 3293 82 23 power
452 3284 50 24 and
515 3284 76 25 influ-

53 3334 60 16 ence
136 3325 224 31 notwithstaud'ng
372 3325 47 24 -the
444 3323 148 32 disgraceful

50 3364 85 25 tictics
169 3363 56 25 that
236 3364 58 31 they
317 3363 64 25 have
405 3361 110 26 rescrfced
539 3365 51 22 too.

57 3405 123 31 Amongst
192 3405 41 24 the
253 3405 148 31 unpleasant
421 3403 169 28 associations,

50 3447 27 23 m
89 3446 143 23 connection
244 3447 61 22 with
317 3446 28 23 th
353 3446 25 23 is
391 3445 105 24 election
516 3445 20 24 is
548 3445 44 24 the

55 3488 154 32 ingratitude
221 3488 84 24 shown
318 3488 32 32 by
371 3488 70 25 three
454 3487 98 26 settlers
564 3488 27 24 m

54 3533 42 24 the
105 3532 66 24 Ellis
180 3532 90 24 Estate
282 3532 56 24 who
350 3532 73 26 voted
440 3532 99 32 against
552 3532 40 24 Mr

58 3574 129 28 Merdfiith,
202 3573 54 23 who
278 3574 76 23 above
366 3572 34 25 all
418 3573 59 30 they
490 3573 63 25 have
566 3575 24 23 to

57 3616 80 24 thank
155 3617 36 23 for
203 3615 40 25 the
255 3615 58 24 land
331 3615 57 29 they
411 3623 54 16 now
488 3623 101 24 occupy,

52 3659 50 25 and
115 3666 63 17 were
198 3659 19 24 it-
242 3661 45 22 not
306 3659 38 24 for
365 3658 39 24 his
424 3666 91 24 energy
541 3659 50 24 and

54 3711 173 24 perseverance
240 3703 58 31 they
309 3702 83 25 would
404 3705 41 22 not
463 3710 55 17 now
527 3703 64 25 have

50 3753 15 16 a
77 3744 74 25 home
164 3747 25 21 to
200 3744 48 24 call
260 3743 64 24 their
335 3751 60 19 own,
414 3743 50 24 and
486 3743 50 25 tm'3
568 3744 23 24 is

52 3788 44 24 the
112 3789 87 21 return
211 3793 15 16 a
237 3786 101 24 Liberal
350 3785 169 25 Government
537 3788 54 29 gets

52 3826 36 23 for
99 3824 105 31 settling
225 3824 87 30 people
335 3831 33 17 on
388 3822 42 25 the
442 3822 66 25 land.
545 3824 46 25 We

53 3869 63 25 have
129 3875 71 24 every
221 3875 86 17 reason
319 3869 26 23 to
368 3866 93 26 believe
473 3867 57 25 that
546 3876 46 16 our

54 3913 153 33 prohibition
218 3911 92 25 friends
331 3913 62 23 have
411 3919 58 23 very
489 3912 99 24 materi-

51 3958 49 31 ally
113 3956 105 26 assisted
228 3956 26 25 m
266 3965 44 16 our
318 3956 88 25 defeat,
420 3957 26 22 at
458 3955 113 32 Kaiapoi.

50 4173 8 8 ...
87 4154 52 24 The
151 4154 68 30 great
242 4153 110 24 doctrine
364 4151 27 25 of
406 4151 52 24 free
475 4151 114 31 competi-

56 4193 52 23 tion
120 4192 21 23 is
155 4191 48 24 like
214 4199 11 15 -i
238 4191 94 31 python
350 4190 59 24 with
421 4190 32 23 its
465 4188 44 26 tail
519 4189 26 24 m
558 4190 31 24 its

57 4230 97 25 mouth.
184 4229 24 24 It
218 4228 45 26 has
277 4238 29 16 no
318 4227 88 27 visible
418 4227 135 32 beginning
565 4236 24 17 or

57 4269 54 29 end,
131 4269 48 23 and
190 4276 32 16 no
230 4276 47 16 one
289 4276 47 16 can
348 4266 85 26 attack
445 4274 46 16 one
504 4270 56 27 part
568 4268 21 22 of

50 4308 27 24 :it
87 4307 105 24 without
200 4306 144 31 infuriating
352 4306 33 24 all
397 4306 41 23 the
450 4306 51 23 rest
513 4305 25 24 of
550 4306 39 24 the

58 4347 92 22 animal
162 4353 5 19 ;
186 4344 49 24 and
245 4348 25 20 to
278 4347 86 27 expect
373 4344 50 23 free
432 4343 157 30 competition

57 4387 25 20 to
94 4384 105 31 produce
218 4390 47 24 any
285 4382 105 31 remedy
396 4382 37 24 for
445 4381 33 24 its
490 4389 56 16 own
557 4381 32 24 ill-

57 4426 87 29 doing's
152 4425 21 23 is
183 4424 50 31 just
243 4424 41 24 the
296 4431 66 17 same
372 4431 28 17 as
409 4422 130 32 expecting
550 4422 39 25 the

58 4465 93 31 python
165 4466 24 22 to
210 4463 104 25 swallow
332 4463 69 25 itself
421 4462 92 31 bodily,
541 4462 48 25 and

58 4501 57 26 thus
127 4510 97 17 remove
236 4501 67 25 itself
313 4504 42 22 out
384 4502 25 25 of
432 4502 47 26 the,
497 4511 58 23 way.

59 4542 111 19 Bulletin.

1182 53 174 31 OXFORD
1400 47 227 40 OBbEtIVEB
1642 58 241 38 SATURDAY,
1920 56 237 34 DECEMBER
2201 56 29 35 5,
2291 56 92 29 1896.

2948 4323 119 30 Printed"'
3083 4329 48 24 and
3159 4319 138 40 published'
3331 4326 41 32 by
3390 4335 4 3 -
3413 4326 73 25 Axsr-
3485 4325 2 7 :

2980 4372 117 28 Eklund,
3124 4372 37 23 for
3183 4370 89 24 Lauba
3291 4369 72 24 Anne
3380 4369 102 31 Pabish,

2980 4418 26 23 at
3022 4416 45 25 her
3090 4414 143 33 Kegistered
3255 4413 116 32 PrintiDg
3395 4413 84 30 Office,

2982 4461 71 31 High
3066 4461 89 25 Street,
3173 4457 64 25 East
3258 4457 101 30 Oxford,
3373 4457 106 26 Oantet-.

2982 4504 68 32 bury.

2989 4548 128 22 SAxrRDAY
3141 4546 140 24 December
3310 4546 23 23 5.
3378 4546 74 24 1896.

2940 529 254 50 JOSEPH
3237 534 245 50 LOUGH.

3085 611 246 28 UNDERTAKER.

3054 654 109 32 EAST
3188 656 186 34 OXFORD.
3525 672 2 15 <

2974 703 103 34 Having
3085 705 52 33 just
3145 707 124 32 imported
3278 708 63 27 from
3349 710 129 33 England,

2941 753 54 18 new
3019 747 116 33 Designs,
3170 759 54 16 new
3254 752 151 34 Trimmings
3428 755 51 25 and

2941 789 88 30 Robes,
3042 792 22 24 is
3074 794 118 30 prepared
3203 797 26 23 to
3238 797 108 25 conduct
3355 798 124 27 Funerals
3525 806 2 6 '

2941 830 97 30 Adults,
3057 835 26 21 at
3097 833 46 25 5.
3157 835 50 24 and
3219 837 123 30 upwards,
3367 839 112 30 polished
3525 855 2 3 -

2941 873 81 29 coffin,
3047 876 48 24 and
3127 876 194 29 silvermounted
3344 872 182 42 Furniture^

2942 917 77 24 From
3032 919 46 24 8.
3097 920 132 33 according
3241 925 25 22 to
3289 923 115 33 Designs.
3440 926 40 26 No
3507 945 8 5 .

2941 963 71 23 extra
3024 963 88 32 charge
3126 964 37 25 for
3176 966 95 26 Hearse
3294 975 29 17 or
3341 977 63 23 open
3421 969 58 26 Car-

2941 1004 74 32 riage.

2974 1048 31 24 N.
3037 1049 29 24 B.
3097 1050 92 26 Coffins
3212 1052 59 32 kept
3293 1055 27 24 m
3349 1056 70 25 stock
3441 1056 39 25 for

2942 1110 87 29 urgent
3050 1117 76 17 cases.

2991 1228 44 56 S.
3069 1230 50 46 B.
3142 1232 306 57 SEYMOUE,

3127 1319 3 4 .
3141 1300 138 29 DENTIST,

2982 1342 41 20 215
3038 1341 106 21 Colombo
3158 1343 82 23 Street.
3264 1344 169 24 Christchurch.

3111 1416 179 23 CHARGES:

3009 1456 93 27 Pilling,
3118 1458 23 19 5s-
3149 1465 8 16 1
3192 1458 134 23 Extraction
3335 1462 25 19 2s
3374 1462 36 22 (Jd.

2968 1519 95 22 Nitrous
3074 1521 60 21 Oxid
3144 1521 46 21 Gas
3201 1522 169 24 Administered
3376 1526 36 20 for
3420 1527 58 22 Pain

2940 1562 46 21 less
2996 1563 133 22 Extraction
3139 1565 24 20 of
3172 1566 80 21 Teeth.
3287 1568 45 21 Pee
3342 1569 36 21 for
3387 1570 93 21 Admin-

2941 1602 109 20 istration
3061 1604 30 18 ss.

2945 1702 28 78 j|
2979 1760 16 19 a
3000 1700 480 85 |||ANNIN6|fiOIHFAN7

3142 1793 138 21 LIMITED.

2974 1850 271 28 CHRISTCHURCH
3264 1853 187 28 BREWERY.

3173 1914 67 22 THE.

3092 1953 115 34 -ArXi
3224 1955 42 33 JE
3282 1955 39 34 S

3075 1996 139 24 BREWED.
3216 1997 41 24 BY
3271 1998 71 22 THIS

3135 2095 154 23 FBOMTHE

2945 2123 534 62 CttOsCST#iltTfOfS

3059 2189 45 21 Are
3114 2189 175 28 acknowledged
3297 2192 25 21 to
3330 2193 28 22 be

2942 2227 149 23 SUPERIOR
3101 2230 36 21 IN
3146 2229 137 24 QUALITY
3293 2232 38 22 TO
3338 2232 144 24 ANTPRO^

3010 2270 102 23 DUCED
3125 2272 37 21 IN
3175 2274 74 20 NEW
3262 2275 150 23 ZEALAND.

2970 2308 109 27 Supplied
3083 2311 26 20 to
3112 2310 82 21 Hotels
3200 2312 47 20 and
3253 2312 93 22 Private
3351 2314 129 22 Customers
3509 2319 8 7 '

2941 2335 26 20 m
2975 2335 147 26 Hogsheads/
3129 2338 100 25 Barrels,
3240 2338 139 26 Kilderkins,
3389 2342 46 20 and
3445 2343 35 20 10-

2942 2362 89 27 --gallons
3041 2363 63 28 Kegs
3113 2364 62 27 only.

2944 2415 118 43 PALE
3083 2418 93 42 ALE
3199 2419 95 43 AND
3323 2418 158 47 EXTRA

3137 2470 134 44 STOW
3467 2480 10 27 i

3028 2519 92 24 Bottled
3142 2523 26 21 m
3177 2523 85 26 Quarts
3272 2525 48 21 and
3327 2526 71 21 Pints.
3448 2525 4 10 '

3036 2641 119 40 FRED
3197 2644 189 41 FULLER.

3132 2700 164 24 SOLICITOR.

2982 2738 14 20 9
3006 2737 124 23 Cathedral
3139 2739 94 27 Square,
3248 2742 192 23 Chkistchttbch.

2944 2771 117 28 (Between
3069 2773 111 22 Morten's
3188 2775 118 28 buildings
3316 2777 18 21 &
3344 2778 56 21 Post
3407 2778 75 24 Office,

2983 2848 188 60 Money
3199 2852 55 45 to
3290 2853 143 47 Lend

2942 2923 30 15 on
2982 2918 33 20 all
3022 2916 58 23 kind
3090 2918 25 21 of
3125 2919 113 27 Security,
3246 2921 27 20 at
3292 2921 57 22 Low
3363 2923 79 21 Rates
3459 2923 23 22 df

2970 2962 108 21 Interest.
3108 2963 89 26 Special
3209 2965 80 21 Terms
3299 2965 35 21 for
3342 2967 111 22 Farmers.
3461 2968 22 26 3

3048 3234 214 31 Established
3289 3238 78 29 1862

2993 3300 125 30 FLOTJR,
3131 3302 56 25 best
3197 3303 81 24 brand
3289 3304 60 31 only
3360 3304 66 31 kept.

2946 3343 144 30 SHARPS,
3127 3346 207 29 OATMEAL,
3369 3347 113 26 BRAN

3036 3389 293 31 CHICKENWHEAT,
3347 3393 42 25 &c.
3515 3396 11 29 >

2971 3433 41 21 AT
3045 3434 124 21 LOWEST
3200 3434 143 22 CURRENT
3384 3436 96 21 RATES

2984 3543 473 60 HOLBROOK

3170 3641 71 21 AND

2959 3690 476 58 VALLANOE

3042 3801 123 22 TIMBER
3190 3801 196 23 MERCHANTS

3007 3850 204 33 COOPER'S
3264 3852 154 31 CREEK.

3049 3911 144 35 VIEW
3236 3912 140 40 HILL,

2946 3984 85 58 BEG
3054 3988 26 22 to
3099 3985 113 25 intimate
3233 3987 26 23 to
3287 3985 43 25 the
3353 3985 82 31 public
3457 3985 27 25 df

2996 4017 94 26 Oxford
3105 4018 49 25 and
3172 4017 167 33 surrounding
3355 4018 125 30 Districts,

2946 4050 61 25 that-
3012 4059 36 17 we
3069 4051 63 25 have
3155 4050 158 26 commenced
3323 4051 119 25 Business
3454 4059 27 17 ac

2946 4092 60 17 saw-
3010 4085 101 28 millers,
3136 4085 51 24 and
3207 4085 57 31 hop*
3264 4093 7 9 1
3294 4084 32 32 by
3351 4085 71 24 strict
3440 4087 37 22 at-

2946 4118 95 24 tention
3051 4121 26 21 to
3089 4119 116 24 Business
3220 4122 26 20 to
3259 4118 28 24 be
3297 4118 115 24 favoured
3421 4119 60 23 with

2945 4151 63 24 their
3036 4155 110 28 support.
3192 4152 84 24 White
3299 4152 65 30 pine,
3395 4151 85 30 Rimu,

2945 4184 74 24 Birch
3030 4186 51 23 and
3093 4186 59 24 Coal
3174 4185 37 32 pit
3222 4192 73 24 props
3307 4184 27 24 m
3343 4192 49 24 any
3404 4193 77 23 quan-

2944 4217 56 33 tity.
3073 4243 2 2 .
3111 4216 3 3 '
3249 4218 3 3 '

2433 198 426 49 EUCALYPTUS

2626 269 26 18 r*

2431 297 61 21 THE
2508 297 73 21 BEST
2595 297 88 22 HOME
2700 297 140 24 REMEDIE

2489 335 37 15 are
2540 329 37 21 the
2586 330 137 26 preparation
2732 330 26 23 of
2765 331 36 21 the

2375 365 171 23 TASMANIAN
2565 365 186 24 EUCALYPTUS
2765 368 48 22 OIL
2827 369 82 23 COMP.

2404 404 136 26 Universally
2549 404 105 22 admitted
2663 405 36 21 the
2708 405 79 26 BEST,
2798 406 115 23 PUREST

2375 441 44 21 and
2428 445 58 17 most
2495 442 94 20 effective
2600 441 135 28 Eucalyptus
2757 443 105 22 Globulus
2878 445 35 21 Oil

2375 473 33 20 for
2429 473 171 25 INFLUENZA,
2622 474 92 25 Coughs,
2733 475 65 20 Colds
2822 476 44 21 and
2883 477 30 20 all

2375 504 65 20 Chest
2457 505 43 20 and
2509 505 63 25 Lung
2587 505 114 21 affections
2715 506 78 26 speedy
2801 508 60 20 relief
2871 508 43 20 and

2375 535 56 21 Cure
2448 536 35 20 for
2498 535 157 26 Bheumatisrn,
2676 537 123 27 Neuralgia,
2813 539 100 28 Sprains-

2374 562 72 22 Burns
2467 564 33 21 &o.

2401 597 134 27 Eucalyptus
2553 598 105 22 Globulus
2676 599 93 22 Extract
2778 602 89 25 sprayed
2881 602 32 20 in-

2376 628 63 21 haled
2455 630 43 20 and
2512 631 65 20 taken
2587 631 117 26 internally
2721 632 34 20 for
2769 633 37 20 the
2823 634 87 26 Throat,

2375 666 97 25 Catarrh,
2490 666 59 26 Hay,
2573 668 99 25 Typhoid
2688 668 43 21 and
2745 669 82 21 Scarlet
2837 671 76 21 Fevers

2376 697 131 22 MEASLES
2517 699 37 21 the
2560 702 55 18 moat
2624 701 137 26 satisfactory
2770 705 143 23 preventative

2376 729 43 20 and
2433 730 61 21 Cure.
2523 732 56 20 Send
2592 732 51 20 Post
2659 733 56 20 Card
2725 736 22 17 to
2758 735 36 20 the
2803 736 64 20 Office
2881 737 32 19 for

2375 760 97 21 Circular
2485 762 120 27 describing
2624 765 123 21 treatment.
2773 766 140 27 Eucalyptus,

2375 794 111 23 Ointment
2497 797 36 20 the
2543 797 70 27 Magic
2622 798 79 21 Healer
2714 800 23 19 of
2751 800 70 24 Sores,
2834 802 79 24 Burns,

2376 826 103 26 Wounda,
2495 829 59 21 Boils
2573 831 44 23 &c,
2641 831 134 26 Euoalyptus
2794 833 58 26 Soap
2866 834 43 20 Fra

2374 861 64 22 grant
2448 861 42 19 and
2499 863 125 25 refreshing.
2648 864 133 25 Eucalyptus
2790 865 90 25 Jujubes
2889 872 24 14 or

2375 889 102 22 Pastilles
2487 893 33 18 for
2530 893 36 20 the
2591 894 81 21 Throat
2682 894 43 21 and
2735 894 63 22 Voice
2815 903 28 13 an
2858 897 55 19 anti-

2377 922 67 25 septic
2455 923 41 20 and
2507 925 120 21 stimulant.

2375 955 127 28 Veterinary
2518 958 36 21 Oil
2564 959 42 20 and
2617 959 111 22 Ointment
2738 961 33 21 for
2781 961 36 22 the
2826 962 87 22 stables.

2403 991 30 19 Be
2443 996 48 16 sure
2500 998 43 19 you
2554 993 107 21 Purchase
2675 995 39 20 the
2725 995 104 27 Platypus
2846 996 68 21 brand

2376 1023 50 24 only
2436 1023 23 19 of
2465 1024 30 19 all
2504 1024 114 25 Chemists,
2623 1026 88 20 Grocers
2717 1027 42 20 and
2767 1028 146 26 Storekeepers

2375 1053 44 20 and
2432 1056 23 17 at
2470 1054 36 21 the
2516 1055 64 21 Office
2590 1057 13 20 9
2612 1056 114 21 Cathedral
2735 1063 76 20 square
2821 1059 92 21 between

2375 1085 101 21 Morten's
2490 1087 113 26 Buildings
2611 1089 41 21 and
2664 1090 36 20 the
2709 1090 51 21 Post
2770 1090 70 22 Office.

2541 1123 88 21 Oxford
2639 1125 79 26 Agent

2430 1157 26 22 R.
2467 1158 29 22 H:
2511 1160 119 26 PARISH,
2653 1162 76 21 EAST
2743 1163 119 21 OXFORD

2456 1197 142 26 Eucalyptus
2608 1198 37 20 Oil
2659 1199 31 26 1/-
2702 1207 42 19 per
2752 1201 78 21 bottle.

2398 1264 116 43 HELP
2531 1266 82 42 FOR
2631 1267 85 43 THE
2740 1268 149 44 WEAK.

2376 1372 180 28 ITERVOUS
2576 1374 71 25 AND
2666 1375 245 32 DEBILITATED,

2377 1400 30 30 1*
2436 1407 62 28 who,
2511 1408 111 31 through
2632 1409 61 31 folly
2711 1410 50 24 and
2772 1412 139 30 ignorance,

2377 1439 64 24 have
2453 1440 79 24 trifled
2544 1449 69 23 away
2625 1442 62 24 their
2697 1442 87 31 vigour
2803 1445 27 23 of
2839 1444 72 33 body,

2378 1472 77 28 mind,
2468 1473 50 23 and
2530 1474 134 29 manhood,
2677 1476 102 30 causing
2795 1477 117 24 exhaust-

2377 1504 45 32 ing
2438 1505 83 26 drains
2533 1514 66 24 upon
2611 1506 44 25 the
2676 1507 129 27 fountains
2826 1511 26 23 of
2861 1510 50 30 life,

2378 1538 63 25 Loss
2449 1539 26 23 of
2484 1539 101 32 Energy
2594 1540 49 25 and
2653 1541 127 32 Strength,
2793 1542 120 34 Timidity

2378 1572 164 25 Bashfulness
2576 1573 28 24 m
2639 1574 106 32 Society,
2770 1576 141 31 Headache,

2378 1605 134 30 Backache,
2533 1606 178 30 Nervousness,
2735 1609 135 26 Weakness
2888 1611 28 24 of

2378 1638 121 32 Memory,
2512 1639 110 28 Restless
2632 1639 81 33 Sleep,
2723 1641 115 30 Dreams,
2848 1643 64 25 Loss

2378 1671 75 25 Flesh
2466 1672 50 24 and
2528 1672 68 25 Vital
2615 1673 92 28 Powe>-,
2730 1674 137 32 Eruptions
2880 1684 33 17 on

2378 1704 43 25 the
2430 1704 63 25 Face
2505 1705 49 24 and
2566 1705 78 33 Body,
2658 1706 75 25 Want
2756 1708 28 25 of
2792 1708 120 33 Develop-

2377 1740 79 26 ment,
2477 1738 121 26 Varicose'
2608 1739 84 30 Veins,
2714 1740 143 34 Incapacity
2875 1743 38 25 for

2377 1771 113 26 business
2501 1779 29 18 or
2539 1772 121 32 pleasure,
2673 1773 105 33 Urinary
2786 1775 125 31 Diseases,

2378 1804 51 24 and
2446 1804 35 25 all
2503 1805 44 25 the
2569 1806 84 24 effects
2676 1807 99 32 leading
2796 1812 26 21 to
2844 1810 67 30 eariy

2378 1837 84 31 decay,
2486 1837 106 33 perhaps
2613 1839 183 32 Consumption
2820 1849 28 17 or
2870 1842 43 24 In-

2378 1870 91 31 sanity,
2481 1877 48 19 can
2552 1870 30 26 be
2594 1872 115 26 obtained
2720 1872 31 33 by
2772 1874 142 33 consulting

2377 1905 139 31 personally
2533 1913 29 16 or
2569 1905 31 31 by
2611 1907 64 29 post,
2711 1906 93 25 FREE
2813 1908 98 24 PRO*-

2378 1936 177 31 NOTMANN,
2586 1938 201 31 M.E..E.M.G.,
2840 1941 71 25 Cam-

2378 1969 85 32 bridge
2475 1971 110 29 Terrace,
2608 1971 112 32 opposite
2743 1972 117 27 Colombo
2873 1974 38 25 St.

2378 2002 100 32 Bridge,
2507 2003 190 27 Christchurch:
2709 2014 6 3 -
2757 2006 54 26 The
2853 2007 60 30 only

2377 2035 228 27 Electrobotanical
2633 2038 96 32 Expert
2762 2040 152 32 advertising

2378 2069 54 25 who
2445 2070 50 25 will
2507 2072 136 30 guarantee
2660 2080 15 16 a
2692 2072 125 33 thorough
2845 2082 67 17 cure.

2380 2103 58 26 Sole
2452 2105 137 30 proprietor
2616 2105 51 25 and
2683 2107 114 30 patentee
2826 2108 27 24 of
2869 2108 45 25 the

2378 2136 60 31 only
2460 2138 149 29 guaranteed
2632 2138 110 25 Electric
2748 2139 3 5 '
2764 2139 70 25 Belts
2865 2141 50 24 and

2378 2169 73 24 other
2461 2170 91 31 special
2574 2171 125 24 electrical
2722 2172 143 31 appliances
2886 2174 29 23 m

2378 2202 42 24 the
2429 2202 116 26 colonies.
2579 2202 99 26 Ladies'
2691 2204 96 26 French
2800 2205 114 27 herbace-

2378 2244 44 17 ous
2434 2235 58 33 pills
2512 2237 38 24 for
2577 2236 178 32 irregularities
2777 2239 65 25 from
2864 2248 51 24 any

2378 2277 82 22 cause,
2485 2272 43 22 10s
2549 2270 96 30 posted.
2679 2269 147 34 Pamphlets
2853 2273 61 25 free.

2378 2302 205 25 Testimonial
2583 2303 100 31 Napier,
2693 2304 97 31 August
2798 2305 45 26 7th
2849 2308 64 23 1895

2378 2334 66 25 Prof.
2455 2335 167 25 Notmann.
2622 2336 67 24 Dear
2699 2333 48 33 Sir,
2782 2338 14 24 I
2806 2339 108 23 received

2378 2376 61 24 your
2445 2367 74 26 letter
2526 2369 50 25 last
2587 2368 77 30 week,
2682 2369 50 25 and
2743 2369 13 26 I
2773 2378 41 17 am
2824 2371 90 26 thank-

2378 2401 38 25 ful
2438 2405 26 21 to
2486 2402 54 25 find
2561 2411 50 24 you
2622 2411 42 16 are
2675 2403 105 25 anxious
2797 2407 27 22 to
2843 2404 71 26 know

2379 2435 43 25 the
2433 2434 107 26 benefits
2556 2436 14 24 1
2582 2435 63 26 have
2657 2435 99 26 derived
2775 2437 62 25 from
2853 2446 63 24 your

2378 2470 142 23 treatmeuti
2557 2468 48 30 bir,
2633 2469 20 24 it
2681 2470 68 30 gives
2777 2478 41 17 me
2846 2475 68 28 great

2378 2500 114 33 pleasure
2504 2505 26 21 to
2540 2501 92 25 inform
2643 2510 49 23 you
2702 2502 56 25 that
2767 2511 15 16 a
2794 2505 120 31 complete

2378 2534 50 24 and
2439 2534 93 32 perfect
2542 2542 59 17 cure
2612 2534 54 25 has*
2678 2534 62 26 been
2763 2536 103 26 effected
2889 2539 26 23 of

2378 2567 44 25 the
2432 2567 117 26 maladies
2560 2568 14 24 I
2592 2569 159 31 complained
2770 2571 30 24 of
2808 2572 26 23 to
2855 2580 58 23 you.

2378 2601 14 25 I
2403 2609 41 17 am
2456 2602 115 32 enjoying
2581 2602 64 31 good
2662 2602 93 29 health,
2767 2604 50 24 and
2827 2612 42 17 am
2878 2614 36 16 re-

2378 2634 83 25 stored
2480 2638 26 21 to
2526 2635 90 31 manly
2634 2635 96 31 vigour.
2765 2636 59 25 P.S.
2860 2639 55 31 Any

2378 2667 103 25 sufferer
2488 2667 111 25 desirous
2606 2667 28 24 of
2638 2669 212 32 communicating
2853 2672 61 24 with

2378 2708 41 17 me
2427 2708 49 24 you
2488 2708 42 17 are
2541 2702 27 23 at
2584 2700 89 33 liberty
2695 2703 28 23 to
2742 2703 56 30 give
2817 2710 43 24 my
2872 2705 42 24 ad-

2377 2734 76 28 dress,
2466 2733 37 25 for
2514 2733 14 24 I
2544 2733 48 25 like
2603 2742 61 24 your
2680 2735 118 31 practical
2812 2738 102 25 method

2377 2768 26 23 of
2415 2769 142 23 treatment.
2592 2767 30 25 T.
2636 2767 29 25 C.
2679 2768 117 25 Simpson.

2465 2881 55 45 F.
2552 2880 51 46 B.
2624 2880 189 57 LANE.

2483 2956 92 39 (Late
2589 2956 40 30 E.
2648 2956 161 40 Butcher.)

2379 3013 251 38 Watchmaker,
2660 3015 183 37 Jeweller,
2861 3016 52 30 &c.

2377 3065 124 32 Importer
2535 3067 27 24 of
2602 3067 107 24 Musical
2744 3067 171 25 Instruments

2478 3105 111 25 Victoria
2611 3105 38 26 St.
2679 3106 135 30 Bangiora.

2379 3182 99 31 Special
2490 3184 71 24 value
2584 3183 27 24 m
2634 3183 80 25 Extra
2737 3185 87 30 strong
2836 3183 79 25 Cased

2377 3225 88 33 highly
2474 3226 110 25 finished
2597 3226 109 32 English
2725 3226 80 25 Lever
2813 3225 103 26 Watch-

2378 3278 34 17 es.
2460 3270 191 25 Manufactured
2669 3272 26 23 to
2718 3279 42 23 my
2789 3271 71 24 order
2883 3270 33 32 by

2377 3310 55 24 best
2444 3310 105 25 London
2568 3310 107 25 makers.
2711 3310 158 32 Unequalled
2877 3311 39 24 for

2377 3353 123 25 excellent
2514 3353 179 32 Timekeeping
2708 3354 50 24 and
2770 3354 145 31 durability.

2411 3397 29 25 F.
2459 3397 31 26 B.
2503 3397 96 25 LANE
2612 3397 141 33 personally
2774 3399 72 25 visits
2867 3399 48 25 Ox-

2377 3442 55 24 ford
2453 3443 125 31 monthly,
2602 3443 116 31 carrying
2737 3451 16 16 a
2775 3444 69 31 large
2867 3444 50 24 and

2377 3484 85 26 choice
2497 3486 71 25 stock
2596 3486 28 25 of
2655 3486 128 29 Watches,
2812 3487 103 29 Chains,

2377 3529 135 30 Brooches,
2523 3530 88 33 Kings,
2623 3530 86 29 Studs,
2726 3530 130 26 Pendants
2868 3533 47 27 etc,

2379 3573 142 31 Spectacles
2543 3574 124 33 (Pebbles,
2685 3575 168 24 Pantosconsc
2865 3575 50 24 and

2377 3616 109 34 Crystal)
2500 3617 97 29 Clocks,
2617 3617 108 33 (Marble
2745 3617 51 24 and
2814 3617 100 32 Wood,)

2478 3661 157 25 Accordeons
2647 3661 50 24 and
2708 3660 107 25 Violins.

2410 3737 83 26 Exact
2505 3738 58 25 date
2575 3737 27 26 of
2612 3737 62 25 each
2685 3737 60 25 visit
2767 3737 23 25 is
2801 3737 108 26 notified

2526 3782 29 23 m

2377 3824 116 26 Repaiks.
2528 3824 42 24 All
2580 3824 96 31 repairs
2693 3831 43 17 are
2753 3824 120 26 executed
2883 3824 33 33 by

2375 3868 94 32 myself
2471 3889 7 8 ,
2488 3876 30 17 or
2533 3868 80 25 under
2629 3875 44 25 my
2693 3869 223 31 superintendence

2376 3920 28 17 so
2426 3912 57 26 that
2502 3915 103 30 patrons
2617 3920 47 17 can
2686 3913 53 32 rely
2761 3921 35 17 on
2818 3913 99 32 getting

2377 3954 155 27 satisfaction
2541 3958 27 23 at
2579 3956 44 24 the
2634 3964 60 23 very
2705 3956 88 26 lowest
2801 3957 114 32 charges.

2410 4000 105 32 Repairs
2526 4008 29 17 or
2563 3999 85 26 orders
2657 4008 59 24 may
2727 3999 31 26 be
2766 4000 46 26 left
2823 4003 34 22 at-
2857 4007 3 12 1

2376 4048 27 25 J.
2421 4048 135 30 Weeber's,
2591 4048 66 25 East
2680 4048 102 26 Oxford.

2376 4094 26 24 at
2425 4092 40 26 W.
2490 4091 89 27 M..C.
2582 4111 7 9 f
2612 4092 66 26 East
2702 4092 101 27 Oxford.

2375 4136 25 23 J.
2418 4135 100 30 Brown,
2532 4135 160 30 Bootmaker,
2718 4136 71 25 West
2813 4136 102 25 Oxford.

2375 4179 40 24 W.
2429 4179 25 24 J.
2469 4178 146 25 Crothers&
2628 4179 60 24 Co..
2710 4178 70 25 Cust.

2408 4222 50 24 and
2474 4222 53 25 will
2533 4222 31 25 be
2575 4222 129 32 promptly
2715 4222 119 26 attended
2846 4225 35 23 to.

2375 4267 56 30 All
2441 4267 100 30 Work
2553 4267 78 30 done
2643 4278 40 20 on
2697 4267 55 32 the
2764 4268 153 31 Premises

2500 4319 62 29 and
2577 4319 201 39 guaranteed.
2790 4324 5 3 '
2819 4323 5 9 '
2909 4333 4 6 >

2393 4403 263 45 WALTER
2717 4404 179 49 RYDE.

2481 4496 117 21 TIMBER
2623 4494 188 27 MERCHANT/

2453 4540 120 32 WEST
2646 4540 187 33 OXFORO.

1280 198 122 89 B.
1463 198 140 89 H.
1661 201 526 91 PAKISH

1468 351 196 61 EAST
1712 356 325 61 OXFORD

1501 468 40 31 IS
1578 468 101 31 NOW
1700 471 47 31 IN
1769 473 186 31 RECEIPT
1978 476 54 29 OF

1400 546 40 25 Ex
1459 546 114 26 AOTEA.
1591 546 70 27 AND
1674 549 120 28 OTHER
1805 551 129 27 DIRECT
1949 552 184 26 STEAMEBS

1423 619 270 47 SUMMER
1716 621 239 47 SEASON
1985 623 127 45 1896.
2150 633 25 28 :.

1604 717 99 33 THIS
1726 719 205 33 SEASON'S

1192 813 523 94 PRINTS!
1804 821 541 91 PRINTS!!

1555 1005 51 30 4d.
1628 1016 56 30 per
1705 1008 79 39 yard
1807 1010 101 29 worth
1929 1011 51 31 Bd.

1268 1079 585 118 Ginghams,
1926 1089 339 104 Drills,

1192 1232 350 93 Ladies
1578 1237 312 93 Black
1938 1245 408 91 Jackets

1228 1349 152 88 for
1421 1382 113 58 os
1576 1355 129 88 9d
1781 1367 237 80 wort
2060 1359 236 93 h2os

1192 1504 617 118 Trimmings
1872 1515 84 87 &
2001 1514 348 92 Braids

1446 1646 215 88 half
1698 1651 262 110 price

1369 1895 338 50 ENORMOUS
1768 1903 391 49 REDUCTIONS

1194 1984 432 97 MAIDS
1755 1994 595 99 FLSTERS

1308 2126 458 97 Reduced
1809 2134 104 86 to
1964 2136 101 100 Is
2111 2139 163 89 6d.

1549 2265 42 29 36
1613 2267 33 28 to
1667 2266 40 30 45
1719 2266 106 34 inches
1846 2266 88 44 deep.
2296 2285 2 12 :

1253 2310 13 14 &
2037 2309 319 20 '.

1230 2343 430 94 Buttons
1683 2351 122 88 Id
1856 2380 178 85 per
2073 2361 237 94 card

1426 2509 23 16 u
1450 2514 170 11 *****~~
1621 2516 197 18 AAA^^~ttttt
1823 2519 10 15 1
1837 2519 10 15 1
1852 2520 65 16 tun
1923 2521 23 15 tt
1952 2516 52 20 >4r>

1187 2564 81 59 rE
1286 2566 116 32 question
1413 2566 22 25 is
1446 2567 135 25 natural
1606 2568 67 33 Why
1684 2570 61 24 send
1760 2572 27 24 to
1799 2570 178 28 Christchurch
1997 2574 38 25 for
2052 2582 63 25 your
2132 2575 131 34 Drapery?
2298 2577 52 26 The

1251 2599 104 32 drapery
1366 2600 55 25 sold
1429 2601 27 25 m
1464 2600 57 25 that
1532 2601 51 32 city
1594 2610 73 24 every
1678 2611 47 18 one
1736 2604 96 30 knows,
1834 2603 3 10 1
1844 2605 22 25 is
1877 2608 45 24 riot
1933 2607 73 26 made
2017 2608 78 29 there,
2114 2608 46 26 but
2170 2610 132 32 imported.
2336 2611 14 25 I

1187 2633 93 30 import
1291 2633 66 25 from
1368 2633 45 25 the
1424 2633 54 25 best
1489 2634 107 31 English
1608 2637 51 24 and
1675 2637 89 25 Scotch
1776 2637 101 26 houses.
1923 2640 72 25 lam
2006 2641 106 25 enabled
2123 2644 27 23 to
2161 2644 123 30 purchase
2301 2644 49 25 low

1188 2666 51 24 and
1248 2665 46 25 sell
1306 2667 27 23 at
1341 2674 16 16 a
1367 2668 54 23 rate
1432 2666 28 24 of
1468 2667 84 31 profit.
1555 2667 54 33 (my
1619 2676 121 24 expenses
1751 2667 73 35 being
1835 2672 82 32 small)
1929 2673 58 25 that
1997 2674 84 25 would
2091 2674 31 26 be
2140 2676 146 26 considered
2305 2677 43 25 ab-

1190 2699 59 25 surd
1259 2698 34 33 by
1308 2707 49 23 any
1376 2699 180 25 Christchurch
1579 2701 200 27 establishment.
1831 2704 45 33 My
1897 2705 76 26 Stock
1992 2707 22 24 is
2033 2707 44 25 the
2095 2707 95 33 largest
2208 2710 51 24 and
2281 2712 68 24 most

1188 2733 84 25 varied
1291 2732 57 25 that
1359 2733 45 24 has
1415 2741 58 16 ever
1482 2734 64 24 been
1557 2733 87 27 shown
1654 2735 28 25 m
1693 2737 44 24 the
1748 2737 105 31 district,
1865 2738 51 26 and
1927 2740 39 24 for
1975 2740 94 33 quality
2088 2742 50 24 and
2157 2742 72 26 value
2246 2746 59 29 puts
2322 2745 27 24 m

1189 2766 32 25 he
1232 2766 79 26 shade
1327 2766 77 33 goods
1416 2766 91 26 offered
1519 2766 33 33 by
1563 2768 103 33 visiting
1676 2770 117 26 hawkers
1807 2772 61 25 from
1881 2771 44 27 the
1942 2773 182 28 Christchurch
2135 2784 47 24 rag
2192 2779 89 24 marts.

1221 2820 94 24 Dress
1327 2820 166 32 Materials,
1505 2821 88 34 Plajjji
1604 2824 61 24 and
1674 2824 105 32 Fancy
1790 2825 80 25 from

1221 2878 27 27 A
1265 2878 111 34 Strong
1392 2879 88 31 Stout
1496 2880 133 31 Durable
1646 2881 127 34 Kaiapoi
1789 2883 114 27 Tweed
1919 2884 52 34 2/6
1983 2892 55 25 per
2048 2888 76 30 yard

1820 2928 109 27 Makes
1940 2930 156 26 flrst-class
2113 2931 91 32 Boys'
2223 2932 91 27 Suits.

1222 2973 58 25 Art
1296 2973 140 32 Muslins,
1456 2973 156 36 Cretones,
1631 2978 79 26 Lace
1729 2979 140 26 Curtains
1887 2980 54 25 &c.

1221 3074 26 31 A
1265 3072 110 27 Choice
1393 3072 167 28 Collection
1578 3073 33 25 of
1625 3072 122 34 Gloves,
1773 3074 78 32 Ties,
1881 3074 130 34 Aprons,
2041 3076 167 31 Insertions
2226 3081 55 26 &c.

1222 3136 104 25 Prints
1337 3137 80 24 from
1428 3137 53 24 4d.
1494 3142 55 24 per
1560 3137 84 29 yard.
1657 3137 140 31 Muslins,
1810 3137 139 33 Selesias,
1963 3138 126 33 Calicos,
2103 3141 55 26 &c.

1809 3180 87 25 With
1913 3182 88 24 other
2018 3182 193 29 Manchester
2228 3188 87 30 lines.

1223 3230 88 32 Hats,
1329 3231 104 31 Fancy
1451 3231 59 24 and
1527 3230 106 32 Sailor,
1651 3232 32 24 m
1700 3231 104 26 White
1821 3233 61 24 and
1899 3232 116 27 Colors.

1766 3276 127 26 Newest
1909 3276 124 34 Shapes.
2068 3279 97 32 Large
2183 3282 131 34 Variety,

1221 3326 150 31 Flowers,
1389 3326 155 30 Feathers,
1562 3325 148 32 Ribbons,
1729 3326 106 31 Laces,
1853 3326 76 32 Jets,
1948 3328 55 24 &c.
2044 3336 8 8 *

1694 3366 88 26 With
1798 3368 43 24 all
1856 3368 185 25 necessaries
2058 3368 47 26 for
2122 3369 192 34 Trimmings.

1221 3415 104 31 Fancy
1341 3415 140 31 Frillings
1500 3416 78 32 3yds
1589 3416 46 25 for
1645 3417 36 33 1/-
1699 3417 103 25 worth
1812 3417 51 32 9d,
1881 3422 55 27 per
1946 3420 84 30 yard,

1758 3460 182 33 Umbrellas,
1959 3462 151 33 Parasols,
2129 3464 185 35 Sunshades,

1509 3532 243 46 DOUBLE
1813 3533 213 47 WIDTH

1192 3615 297 89 Dress
1564 3616 396 88 Tweeds
2041 3620 103 86 Is
2213 3621 130 89 4d

1493 3771 330 89 worth
1893 3775 137 86 2s.

1270 3902 460 90 Costume
1792 3899 290 90 Cloth
2162 3907 126 86 Is.

1424 4026 319 89 worth
1796 4029 102 85 Is
1957 4030 154 88 4d.

1189 4287 134 41 English
1338 4287 128 40 Witney
1474 4281 149 35 Blankets
1638 4290 33 26 to
1688 4287 36 29 be
1739 4285 67 31 sold
1821 4290 32 24 at
1863 4286 59 29 less
1931 4287 78 29 than
2023 4286 180 32 Melbourne
2218 4288 129 32 Whole-

1191 4342 62 29 sale
1275 4341 129 39 price
1404 4339 121 30 Double
1541 4339 68 29 Bed
1627 4337 67 31 Size
1719 4339 64 31 12s,
1809 4338 48 29 6d.
1909 4339 103 29 worth
2028 4341 66 28 16s.
2134 4339 49 29 6d.
2205 4351 57 28 per
2276 4342 70 39 pair

1324 4395 19 5 -
1357 4382 129 40 cheaper
1500 4381 78 29 than
1593 4379 240 35 Christch'urch".
1832 4379 112 31 houses
1959 4380 137 31 willsell
2110 4380 94 31 them.

1326 4438 7 17 ;:
1463 4450 3 2 .
1566 4429 23 21 >)
1703 4435 20 15 .'
1726 4425 29 18 =L
1755 4439 13 18 -.
1910 4443 5 7 .
1958 4423 3 2 '
2091 4425 4 8 '
2138 4447 5 7 ,
2185 4432 10 16 >

1258 4494 78 33 R.
1360 4493 77 32 H.
1471 4492 321 43 PAR^sHj
1853 4490 156 35 Esist
2056 4492 241 35 Oxox?dL

722 931 135 45 FOE
883 929 182 47 SALE.

823 995 140 31 CHEAP

623 1084 40 78 A
684 1080 124 32 WELL
837 1081 81 31 built
953 1080 106 37 house,
1089 1091 70 20 con-

677 1125 123 36 taining-
808 1125 20 28 4
839 1134 102 19 rooms
954 1124 62 28 and
1026 1123 134 40 scullery

626 1167 73 30 Iron
715 1166 68 29 roof
798 1165 58 30 and
885 1166 68 29 bow
976 1165 132 30 window
1127 1169 33 25 to

623 1208 85 28 front
722 1216 95 26 room,
849 1206 38 38 1^
902 1215 97 20 acres-
1014 1206 33 28 of
1075 1206 82 36 laud,

623 1249 117 40 garden
769 1247 106 40 neatly
918 1246 137 41 planted.
1099 1247 60 29 400

623 1290 104 39 gallon
752 1289 68 30 iron
851 1289 85 35 tank,
974 1288 99 30 stable
1099 1288 61 30 and

623 1331 64 29 loft.

623 1372 61 30 For
711 1371 122 30 further
847 1370 188 41 particulars
1065 1370 94 40 apply

705 1433 66 30 ME
788 1433 111 31 THOS
916 1432 111 31 SHEA

789 1489 159 31 Terminus
978 1489 95 30 Hotel

788 1553 90 30 West
894 1552 134 31 Oxford.

623 1734 50 42 TG
685 1734 181 42 TRAVEL
880 1733 102 41 THIS
993 1733 167 40 SEASON

625 1805 101 29 Oxford,
741 1805 132 29 Gourtenay
885 1804 50 23 and
948 1804 131 24 Greendale
1094 1804 65 23 Dist-

861 1845 59 23 ricts

651 1879 73 24 THE
743 1877 249 25 WELL-KNOWN
1000 1877 132 24 HOUSE.

756 1943 267 39 MAJOR.

654 2013 117 25 MAJOB
787 2013 21 24 is
820 2021 15 14 a
858 2012 115 30 beautiful
1001 2012 67 23 dark
1099 2011 60 25 hest-

621 2062 42 19 nut
674 2075 6 11 ,
721 2056 112 33 standing
892 2056 34 23 16
981 2055 77 24 hands
1096 2055 62 32 high,

620 2102 55 24 with
685 2110 54 22 very
751 2103 106 29 svperior
868 2102 85 24 action,
965 2109 16 15 a
995 2101 62 30 good
1074 2105 86 26 temper

621 2148 50 22 and
680 2148 21 21 is
711 2155 15 14 a
733 2145 112 31 splendid
852 2146 105 23 worker.

830 2206 94 24 Terms.

654 2251 57 25 Full
731 2252 142 30 guarantee.
910 2250 47 24 3.
980 2249 105 32 payable
1098 2249 60 32 Sep-

621 2295 96 26 tember
746 2295 73 26 1897.
881 2293 210 31 Half-guarantee
1124 2294 34 23 1

621 2339 103 32 payable
736 2337 61 25 Pec.
811 2339 73 24 1896.
995 2365 3 3 .
1070 2363 2 4 ,

656 2380 36 24 1
710 2399 3 3 .
724 2380 53 23 10s.
798 2377 106 35 payable
928 2376 74 26 when
1023 2375 48 30 .the
1090 2384 69 17 mare

621 2436 87 23 proves
718 2434 28 17 m
757 2423 59 28 foal.
852 2425 94 25 Season
981 2424 46 24 2.
1052 2423 107 33 Payable

621 2472 137 24 December
769 2471 73 24 1896.

690 2516 37 24 W.
738 2514 24 29 J.
776 2513 158 26 JENKINS
942 2512 62 24 Tunr
1016 2520 6 3 ~

823 2575 170 30 Waddington.

759 2725 117 31 Copies
898 2733 40 21 of
959 2733 62 21 the

672 2787 175 33 OXFOED
881 2786 224 32 OBSEEVEE

727 2836 48 17 can
798 2828 31 25 be
853 2827 119 25 obtained
995 2829 27 22 at

621 2873 177 27 CAKGILL'S
811 2881 87 17 comer
920 2872 28 26 of
962 2872 137 25 CASHEL
1112 2872 49 25 and
1168 2855 2 49 |

722 2914 163 25 COLOMBO
905 2912 156 26 STREETS

664 2966 4 14 :
797 2954 188 25 Cbristchurch,

652 3097 242 47 CANCER
926 3095 206 46 CURED

803 3163 151 22 WITHOUT

621 3209 28 29 A
671 3206 211 32 SURGICAL
914 3205 246 31 OPEEATION

654 3263 50 23 For
715 3260 102 32 further
830 3260 153 32 particulars
999 3259 74 31 apply
1090 3264 23 19 to
1125 3259 36 24 the

684 3311 124 26 OFFICE
830 3311 45 24 OF
899 3309 83 26 THIS
1000 3309 124 24 PAPEE.

648 3474 80 44 W.
758 3472 67 45 H.
854 3469 277 48 ALFOED

633 3570 247 42 WATCHMAKER.
915 3569 175 39 JEWELLER
1115 3570 46 31 &c

698 3643 87 26 MAIN
800 3641 136 28 STREET
954 3641 140 26 OXFORD

732 3771 313 46 WANTED.

619 3873 52 59 TO
689 3872 123 33 purchase
830 3880 14 15 a
869 3871 64 24 farm
958 3870 28 25 m
1004 3869 43 26 the
1065 3869 95 26 Oxford

668 3906 113 26 District.
816 3904 115 26 Forward
947 3904 67 32 price
1035 3903 50 25 and
1103 3912 56 23 par-

622 3946 100 25 ticulars
739 3946 26 23 to
794 3944 44 25 the

635 4000 156 32 OFFICE
808 4000 52 31 OF
875 3998 103 31 THIS
993 3998 146 31 PAPEE

622 4142 175 31 OXFOED
841 4139 189 32 LIBBAEY
1072 4138 88 30 AND

714 4182 198 31 EEADTNG
933 4181 132 31 BOOM.

621 4266 54 24 The
703 4265 94 25 Oxford
824 4265 105 31 Library
957 4264 22 24 is
1006 4271 63 24 open
1092 4270 70 24 every

622 4309 113 32 Tuesday
747 4308 50 25 and
819 4308 122 31 Saturday
971 4307 95 32 nights,
1096 4307 66 25 from

623 4355 58 22 G3O
694 4361 68 22 p.m.,
785 4354 25 21 to
831 4353 15 22 8
858 4360 71 21 p.m.,
953 4351 51 24 and
1035 4358 32 16 on
1091 4358 71 23 every

621 4396 120 26 Alternate
753 4394 132 32 Thursday
910 4394 138 28 afternoon,
1081 4393 80 34 (Sale-

621 4441 70 32 days)
715 4440 65 24 from
793 4440 60 22 280
865 4446 64 23 p.m..
946 4440 26 22 to
985 4440 14 22 5
1012 4447 58 22 p.m.
1110 4438 52 24 The

813 4477 24 21 L.
856 4476 125 32 REEVES,

912 4504 62 24 Hon
994 4504 134 25 Librarian

673 4550 179 25 StJBSCKIPTION
866 4549 39 24 21-
918 4556 50 16 PER
992 4545 120 32 QuARTEB
