2510 4010
109 2681 170 24 SHIPPING
296 2682 274 25 INTELLIGENCE.

270 2741 141 19 ARRIVED.

77 2766 83 26 August
171 2767 19 25 9,
205 2766 76 26 barque
289 2768 72 24 Mary,
379 2768 74 24 Grant,
463 2768 56 22 from
536 2769 97 22 London.

78 2794 82 24 August
171 2794 35 25 11,
216 2794 77 25 barque
305 2795 63 24 Tyne,
378 2795 47 25 500,
443 2796 126 25 Robertson,
578 2797 55 20 from

52 2820 96 24 London,
159 2820 69 21 which
236 2821 38 20 left
289 2821 36 20 the
335 2822 78 20 Downs
431 2829 27 13 on
468 2824 36 19 the
515 2825 51 19 12th
583 2825 50 20 Feb-

52 2854 60 20 ruary
122 2855 5 17 ;
148 2848 37 20 the
204 2848 55 26 Cape
268 2848 25 21 of
305 2848 68 23 Good.
378 2849 62 27 Hope
456 2850 36 20 the
503 2851 49 20 12th
569 2852 64 27 May;

52 2875 41 20 and
102 2875 83 21 Hobart
194 2876 64 19 Town
268 2876 35 20 the
313 2877 55 19 31st.
383 2877 57 26 July.
472 2878 66 20 Cabin
548 2886 85 19 passen-

52 2909 45 19 gers
98 2913 26 4 —
126 2902 54 22 Mrs.
205 2903 96 20 Standish
320 2904 42 19 and
384 2905 14 19 3
416 2905 101 26 children,
544 2906 88 22 Messrs.

52 2930 96 26 Chaplin,
160 2930 88 26 Pereira,
259 2928 110 27 Timmins,
387 2933 40 19 and
438 2932 61 26 Capt.
519 2933 114 26 Sedgwick.

52 2958 96 25 Steerage
164 2964 148 20 passengers—
313 2958 54 20 Jane
377 2959 79 26 Stanly,
476 2961 34 19 W.
521 2961 21 20 J.
560 2961 72 26 Clark,

52 2985 22 20 J.
93 2985 21 20 J.
133 2985 71 24 Clark,
222 2985 26 20 R.
259 2985 69 25 Clark,
347 2986 22 20 J.
380 2986 66 27 Gaby,
463 2988 42 20 and
514 2989 74 21 Josiah
604 2990 29 20 Te

52 3012 49 25 Nui,
112 3013 25 19 of
149 3012 117 27 Hokianga.
296 3013 63 20 From
375 3015 35 19 the
421 3015 56 26 Cape
479 3026 25 4 —
505 3015 22 21 J.
545 3017 88 24 Barnes,

52 3039 52 25 wife,
122 3046 37 14 son
178 3041 42 19 and
228 3041 105 26 daughter,
353 3041 100 27 formerly
468 3043 113 26 emigrants
597 3050 36 21 per

52 3067 75 20 Prince
136 3068 89 25 Rupert.

78 3094 43 20 Mr.
131 3095 71 21 James
213 3095 92 23 Stewart,
316 3096 77 20 second
402 3097 71 20 officer
482 3098 26 20 of
522 3099 36 20 the
570 3100 62 25 Tynt,

52 3122 157 26 unfortunately
219 3123 36 19 fell
264 3123 113 20 overboard
382 3125 49 19 'and
438 3131 41 13 was
493 3127 104 24 drowned,
612 3130 21 17 at

52 3149 34 20 the
95 3150 74 20 mouth
180 3150 24 20 of
218 3150 36 20 the
261 3150 54 20 river
324 3151 106 24 Derwent,
440 3152 36 20 the
486 3153 48 20 31st
540 3154 59 26 July.

289 3201 116 20 SAILED.

77 3233 82 26 August
178 3234 21 23 2,
219 3233 110 24 schooner,
347 3234 60 25 Lady
423 3236 75 25 Leigh,
514 3236 40 20 109
574 3238 58 23 tons,

53 3260 33 21 for
96 3260 111 20 Auckland
216 3260 40 20 and
268 3261 89 26 Sydney.

78 3288 82 25 August
170 3288 21 23 8,
206 3288 100 21 schooner
314 3290 121 24 Richmond,
446 3290 27 20 30
484 3292 56 22 tons,
552 3290 81 28 Finlay,

52 3315 32 20 for
95 3315 36 20 the
144 3314 103 21 Chatham
256 3315 88 22 Islands.

79 3342 61 20 Same
150 3343 47 25 day,
208 3347 133 21 government
350 3344 45 26 brig
413 3345 101 27 Victoria,
526 3346 40 19 200
576 3347 57 24 tons,

53 3369 108 24 Richards,
173 3370 34 20 for
216 3370 89 20 Akaroa.

79 3398 83 24 August
173 3398 19 23 9,
208 3397 100 20 schooner
320 3398 88 21 Gannett
423 3400 85 24 40tons,
521 3400 59 27 Reid,
601 3401 32 21 for

53 3424 88 26 Poverty
154 3425 50 25 Bay.

80 3452 60 20 Same
160 3452 47 26 day,
228 3452 102 19 schooner
355 3453 144 28 Shepherdess,
526 3457 24 18 41
576 3458 57 23 tons,

52 3479 117 24 Anderson,
181 3479 34 21 for
228 3479 83 20 Akaroa
319 3479 42 20 and
372 3479 73 27 Otago.

78 3507 82 25 August
171 3507 33 24 10,
214 3507 46 25 brig
270 3507 102 25 Brigand,
384 3508 39 19 188
432 3510 56 23 tons,
501 3509 91 26 Padden,
601 3511 32 20 for

53 3534 117 20 Auckland.
439 3545 2 8 <

179 3562 33 25 11,
230 3561 101 21 schooner
348 3562 106 26 Mercury,
472 3563 106 26 Clapham,
600 3565 33 21 for

52 3589 51 20 New
113 3589 120 26 Plymouth.

79 3617 61 20 Same
159 3617 47 25 day,
227 3617 101 20 schooner
350 3617 38 19 Sir
403 3617 55 20 John
477 3618 111 26 Franklin,
607 3620 26 20 52

52 3646 56 21 tons,
118 3640 124 27 'Campbell,
253 3644 33 20 for
298 3644 87 20 Nelson.

53 3707 575 44 UNKNOWN

93 3769 65 22 AND
173 3768 214 28 WELLINGTON
406 3769 187 24 SPECTATOR.

157 3824 132 24 Saturday,
295 3824 15 21 /
310 3824 90 21 August
416 3824 31 26 12,
465 3826 61 21 1843.

85 3878 25 23 A
126 3878 78 31 public
223 3879 98 29 meeting
341 3879 113 23 convened
474 3880 29 31 by
515 3880 37 24 the
565 3881 67 25 Wor-

55 3911 82 31 shipful
149 3911 37 23 the
289 3912 35 23 for
333 3912 39 23 the
380 3920 97 23 purpose
486 3913 26 24 of
520 3915 113 28 receiving

1307 2661 50 23 The
1368 2662 85 30 barque
1473 2662 60 26 Tt/ne
1551 2663 90 23 arrived
1658 2664 121 31 yesterday
1799 2665 58 25 from

1274 2695 103 23 London.
1425 2695 47 23 She
1482 2700 41 26 put
1533 2697 47 22 into
1592 2696 38 23 the
1644 2697 71 31 Cape,
1728 2698 43 23 and
1784 2700 74 31 owing

1273 2732 22 19 to
1307 2728 38 23 the
1357 2728 54 31 long
1423 2729 148 23 continuance
1583 2730 25 22 of
1624 2731 96 30 easterly
1738 2732 72 23 winds
1827 2733 34 23 off

1273 2761 52 24 Van
1338 2761 120 24 Diemen's
1472 2762 74 29 Land,
1568 2770 44 15 was
1632 2764 124 30 compelled
1775 2768 24 21 to
1817 2772 41 24 put

1274 2795 46 23 into
1333 2794 92 24 Hobart
1432 2794 73 24 Town
1516 2796 34 23 for
1562 2800 77 20 water.
1686 2797 52 24 The
1757 2806 60 16 news
1836 2800 25 22 of

1274 2827 36 24 the
1323 2836 111 15 massacre
1446 2829 45 22 had
1503 2829 94 23 reached
1611 2829 48 24 that
1678 2831 71 30 place,
1770 2832 44 24 and
1832 2841 26 15 so

1273 2861 126 31 frightened
1410 2869 64 16 some
1486 2862 24 23 of
1527 2863 36 23 the
1575 2871 136 24 passengers
1732 2865 49 23 who
1801 2873 57 16 were

1273 2895 34 23 for
1321 2894 131 30 Auckland,
1465 2903 26 15 as
1503 2895 37 24 the
1547 2896 64 23 affair
1620 2904 45 15 was
1673 2898 88 31 greatly
1768 2900 89 30 magni-

1275 2928 44 23 fied
1329 2928 49 23 that
1389 2928 53 31 they
1453 2928 42 24 left
1512 2928 38 24 the
1568 2930 82 23 vessel.
1697 2930 44 24 We
1763 2931 55 25 have
1835 2938 23 18 to

1274 2966 76 18 return
1363 2968 40 16 our
1423 2961 84 24 thanks
1526 2967 22 18 to
1568 2963 97 31 Captain
1685 2963 131 26 Robertson
1836 2966 25 23 of

1274 2995 37 23 the
1324 2994 66 30 Tyne,
1402 2994 35 24 for
1455 2995 37 23 his
1511 3000 103 27 courtesy
1635 2997 24 22 in
1674 2996 137 33 forwarding
1830 3007 28 15 us

1276 3029 60 29 Cape
1356 3027 43 24 and
1423 3028 91 23 Hobart
1534 3029 70 23 Town
1624 3037 90 23 papers,
1735 3031 74 23 which
1824 3039 34 16 we

1272 3062 46 23 ■will
1329 3062 73 22 notice
1414 3062 22 22 in
1450 3069 41 16 our
1503 3067 61 18 next.
1606 3062 51 23 The
1676 3062 61 31 Tyne
1754 3065 45 23 and
1816 3064 42 24 her

1276 3095 94 30 Captain
1382 3102 37 15 are
1429 3094 36 24 old
1477 3095 93 28 friends,
1584 3095 44 23 and
1641 3103 31 15 we
1681 3095 105 26 welcome
1799 3098 58 23 their

1274 3133 76 19 return
1363 3128 66 30 again
1441 3132 23 18 to
1477 3135 41 16 our
1530 3133 57 25 port,
1598 3128 45 24 and
1656 3133 60 19 trust
1739 3130 38 24 the
1796 3139 61 15 mer-

1274 3161 67 24 chant
1352 3161 45 23 will
1408 3160 34 24 fill
1455 3161 40 23 her
1506 3161 51 23 with
1568 3162 29 23 oil
1610 3162 44 23 and
1665 3163 57 28 flax,
1734 3165 44 22 and
1799 3165 57 23 send

1274 3195 38 24 her
1324 3194 70 23 direct
1404 3194 67 29 again
1481 3199 22 18 to
1514 3194 105 25 London.

1404 3264 130 25 PUBLIC
1552 3265 171 25 MEETING.

1884 123 35 30 by<
1937 122 54 24 Mr.
2022 124 148 22 Alderman
2198 124 125 28 Johnson,
2352 125 49 23 that
2424 127 37 24 W.

1884 155 151 28 Fitzherbert,
2060 155 66 31 Esq.,
2150 155 133 30 Alderman,
2305 157 28 22 do
2354 157 53 26 take
2426 159 36 23 the

1885 188 78 23 Chair.

1918 220 52 23 Mr.
1991 220 186 25 Fitzherbert
2189 230 29 15 on
2236 221 80 31 taking
2335 221 38 24 the
2386 222 76 30 Chair,

1884 252 119 31 explained
2014 253 49 23 that
2074 254 38 22 the
2129 254 105 31 Meeting
2246 262 44 15 was
2302 254 71 23 called
2384 255 31 30 by
2426 256 38 24 the

1885 285 135 23 Committee
2032 285 25 23 of
2073 286 81 23 Public
2174 287 86 30 Safety,
2281 287 23 23 in
2317 287 65 23 order
2394 292 23 19 to
2427 289 37 31 lay

1884 325 13 15 a
1920 322 77 27 repoit
2018 318 25 23 of
2069 318 58 23 their
2149 320 148 30 proceedings
2326 320 77 23 before
2428 322 37 23 the

1884 351 85 30 public.

1918 383 32 24 A.
1970 383 83 29 Hort>
2071 391 59 21 sen.,
2150 383 67 31 Esq.,
2238 384 53 24 then
2302 385 53 24 read
2373 386 39 23 the
2429 395 35 15 re-

1884 421 53 26 port
1949 416 25 23 of
1992 416 39 23 the
2043 416 146 24 Committee.

1884 458 141 24 REPORT
2043 458 45 24 OF
2107 459 71 23 THE
2199 459 209 26 COMMITTEE
2420 462 44 23 OF

1918 491 128 24 PUBLIC
2060 491 134 24 SAFETY
2206 493 202 24 APPOINTED
2419 495 47 23 AT

1918 524 73 23 THE
2017 524 128 24 PUBLIC
2170 525 169 29 MEETING,
2369 527 98 24 HELD

1918 557 47 23 ON
1984 557 71 23 THE
2076 558 66 23 19th
2159 557 97 30 JUNE,
2276 560 71 23 1843.

1918 596 29 23 In
1959 596 77 30 layiug
2052 596 77 23 before
2142 597 44 23 this
2205 597 104 31 Meeting
2326 606 28 16 an
2373 605 95 19 account

1885 630 25 22 of
1929 629 38 23 the
1989 637 94 15 manner
2102 631 23 21 in
2145 630 72 23 which
2241 631 37 23 the
2299 631 133 25 Committee
2445 634 24 22 of

1885 662 83 23 Public
1980 662 86 30 Safety,
2079 662 40 23 has
2127 663 98 23 hitherto
2235 664 108 23 executed
2349 665 40 24 the
2396 671 71 18 trusts

1884 695 94 30 reposed
1989 696 23 22 in
2024 696 27 28 it,
2073 696 18 23 it
2102 696 20 22 is
2133 703 122 24 necessary
2267 701 21 18 to
2301 697 43 23 call
2360 702 24 19 to
2395 699 73 23 recol-

1884 727 82 24 lection
1978 728 39 23 the
2027 728 148 31 proceedings
2184 729 26 23 of
2218 729 39 23 the
2269 730 81 23 Public
2363 731 104 31 Meeting

1884 760 51 23 held
1955 769 29 15 on
2003 761 38 23 the
2062 761 56 24 19th
2136 761 60 24 June
2207 762 52 28 last,
2279 766 23 19 at
2319 763 72 24 which
2412 772 56 23 your

1886 793 134 24 Committee
2031 801 47 16 was
2089 794 129 31 appointed.

1918 827 33 22 At
1970 826 49 24 that
2039 827 105 31 Meeting
2166 827 36 24 his
2222 828 116 31 Worship,
2359 830 39 24 the
2419 830 46 24 late

1884 858 114 24 lamented
2019 860 82 31 Mayor
2123 860 26 24 of
2165 861 37 23 the
2220 861 117 31 Borough,
2356 863 71 31 being
2443 865 23 22 in

1885 891 38 24 the
1944 892 76 28 Chair,
2044 901 14 14 a
2077 893 123 23 resolution
2218 901 47 16 was
2283 895 82 30 passed
2386 901 23 18 to
2428 897 38 23 the

1885 924 73 29 effect,
1970 925 50 23 that
2031 925 134 23 Memorials
2173 926 81 23 should
2265 927 27 22 be
2302 929 109 29 prepared
2423 930 44 23 and

1884 957 124 23 forwarded
2025 962 23 18 to
2061 958 40 23 her
2118 958 121 31 Majesty's
2259 959 113 33 Principal
2384 962 82 24 Secre-

1886 995 50 26 tary
1949 991 24 22 of
1989 991 64 23 State
2065 990 35 23 for
2118 991 38 23 the
2170 992 111 28 Colonies,
2303 997 22 19 to
2337 993 37 24 the
2386 995 81 23 Auck-

1885 1023 53 23 land
1952 1023 162 30 Government,
2126 1024 44 23 and
2187 1030 21 17 to
2232 1025 38 23 Sir
2282 1025 90 33 George
2384 1028 83 31 Gipps,

1886 1056 37 23 the
1937 1056 119 23 Governor
2067 1058 26 22 of
2109 1057 56 23 New
2177 1058 75 23 South
2263 1058 83 30 Wales,
2359 1060 110 32 detailing

1886 1089 38 23 the
1942 1089 141 30 melancholy
2097 1098 59 15 news
2169 1091 25 22 of
2209 1091 38 23 the
2265 1099 111 17 massacre
2389 1094 26 23 of
2430 1094 37 23 the

1887 1122 69 23 Chief
1965 1122 77 23 Police
2063 1123 135 31 Magistrate
2210 1124 26 23 of
2252 1125 92 30 Nelson,
2365 1127 45 22 and
2431 1127 36 23 his

1885 1156 126 28 assistants,
2031 1156 24 22 in
2074 1156 38 23 the
2130 1158 120 23 execution
2268 1158 24 22 of
2308 1159 37 23 the
2365 1159 102 26 Queen's

1886 1193 105 24 warrant,
2003 1189 42 23 and
2054 1190 86 30 setting
2146 1190 60 23 forth
2218 1191 38 23 the
2264 1191 139 25 defenceless
2410 1198 57 18 state

1886 1222 24 22 of
1931 1221 38 23 the
1991 1222 146 24 Settlements
2158 1223 22 23 in
2201 1223 85 23 Cook's
2309 1225 91 29 Straits,
2424 1227 43 23 and

1884 1256 97 30 praying
1992 1256 47 22 that
2050 1256 128 23 immediate
2191 1257 125 29 protection
2328 1258 34 22 for
2373 1258 40 24 life
2424 1260 43 22 and

1885 1293 113 25 property,
2010 1289 74 29 might
2095 1289 28 22 be
2135 1288 111 24 extended
2259 1294 20 18 to
2292 1289 68 25 them.

1919 1321 65 23 Your
1998 1321 134 23 Committee
2151 1322 57 22 have
2227 1329 49 16 now
2289 1327 21 19 to
2323 1329 76 26 report
2407 1334 2 7 ■
2419 1326 47 24 that

1886 1354 56 22 such
1955 1354 131 22 Memorials
2098 1354 56 22 have
2167 1355 56 23 been
2235 1357 108 29 prepared
2356 1357 29 31 by
2397 1359 69 29 them,

1886 1387 43 22 and
1942 1387 48 22 that
1999 1387 62 22 those
2072 1387 120 23 addressed
2199 1392 23 18 to
2233 1388 38 23 the
2279 1389 70 24 Local
2360 1390 106 26 Govern-

1884 1424 71 24 ment,
1976 1420 43 22 and
2038 1424 22 18 to
2081 1420 37 23 the
2137 1420 118 24 Governor
2273 1422 26 23 of
2317 1423 58 23 New
2393 1425 73 23 South

1888 1453 83 28 Wales,
1991 1453 55 22 have
2064 1453 56 23 been
2132 1454 124 23 forwarded
2272 1460 22 18 to
2306 1455 59 24 their
2375 1465 91 24 respec-

1886 1487 44 22 tive
1942 1486 147 22 destinations
2099 1495 6 19 ;
2118 1487 49 22 that
2176 1486 119 26 addressed
2304 1494 22 18 to
2339 1489 37 24 the
2389 1491 77 24 Home

1887 1519 161 28 Government,
2068 1519 44 23 will
2131 1520 27 23 be
2172 1520 121 25 forwarded
2312 1524 120 31 according
2442 1530 22 18 to

1886 1552 37 23 the
1936 1552 81 23 official
2036 1552 55 29 rule,
2112 1552 97 31 through
2222 1554 37 23 the
2278 1555 69 23 Local
2360 1556 105 24 Govern-

1886 1590 70 17 ment.

1919 1618 35 24 To
1972 1619 38 23 the
2029 1619 120 24 Memorial
2163 1620 120 24 forwarded
2303 1625 22 19 to
2339 1622 36 23 the
2396 1623 70 25 Local

1886 1652 160 29 Government,
2072 1653 37 22 the
2127 1653 116 31 following
2265 1654 62 31 reply
2347 1655 42 24 has
2410 1657 54 24 been

1886 1685 101 23 received
1996 1694 5 14 :
2003 1698 33 3 —

1966 1724 127 22 Addressed
2108 1728 21 18 to
2140 1725 37 21 the
2189 1724 133 28 Worshipful
2333 1727 36 22 the
2385 1729 79 27 Mayor

1994 1752 24 20 of
2033 1751 140 27 Wellington,
2192 1752 66 21 dated
2276 1754 97 21 Colonial
2391 1756 74 22 Secre-

1993 1778 67 26 tary's
2071 1778 76 26 Office,
2160 1774 124 31 Auckland,
2297 1780 52 27 July
2361 1783 32 25 10,
2406 1784 59 21 18-13.

1993 1804 43 21 and
2046 1804 84 26 signed,
2144 1805 110 22 William
2269 1807 115 23 Connem..

1912 1837 77 25 Siu,—
1994 1836 8 21 l
2013 1835 57 22 have
2080 1836 43 22 had
2133 1835 39 23 the
2181 1836 72 22 honor
2263 1841 21 18 to
2293 1839 86 21 receive
2389 1841 43 21 and
2443 1844 21 18 to

1884 1863 35 26 lay
1926 1863 75 21 before
2010 1863 35 21 the
2053 1863 82 21 Officer
2141 1863 174 28 Administering
2321 1865 37 22 the
2365 1867 101 22 Govern-

1884 1896 67 19 menr,
1974 1889 36 21 the
2025 1890 119 21 Memorial
2161 1890 55 21 from
2237 1891 36 21 the
2293 1891 136 24 Inhabitants
2443 1895 24 21 of

1886 1916 139 27 Wellington,
2043 1916 122 22 forwarded
2182 1917 29 26 by
2231 1925 54 18 your
2301 1918 64 22 letter
2375 1921 26 20 of
2413 1922 50 21 28th

1884 1943 92 26 ultimo.,
1994 1943 42 21 and
2051 1943 22 21 in
2090 1943 61 27 reply
2163 1943 10 21 I
2189 1951 35 14 am
2235 1945 145 23 commanded
2394 1947 28 27 by
2432 1948 33 22 his

1884 1970 143 26 Excellency,
2040 1975 21 15 to
2072 1977 85 20 convey
2168 1974 23 18 to
2204 1978 45 19 you
2260 1972 36 20 the
2307 1975 125 24 expression
2444 1976 25 20 of

1883 1996 35 21 his
1935 1996 56 27 deep
2001 2000 73 23 regret
2083 2000 23 17 at
2121 1996 36 21 the
2169 1997 116 22 disastrous
2301 2003 78 17 nature
2390 2001 25 21 of
2429 2001 36 22 the
2477 2017 5 6 .

1883 2022 140 26 intelligence
2033 2023 119 20 contained
2163 2023 93 25 therein,
2271 2025 44 19 and
2325 2029 22 15 at
2358 2025 37 19 the
2406 2034 66 12 same-

1884 2048 53 21 time
1952 2048 33 21 his
1996 2055 116 14 assurance
2122 2048 49 20 that
2181 2055 65 19 every
2258 2055 74 14 means
2342 2053 23 17 at
2375 2050 38 22 the
2423 2051 43 21 dis-

1884 2074 62 26 posal
1957 2074 24 21 of
1989 2074 36 21 the
2038 2074 160 25 Government,
2215 2074 54 21 shall
2279 2075 28 21 be
2317 2076 53 21 used
2380 2077 35 21 for
2429 2078 35 21 the

1885 2100 101 22 effectual
2000 2101 163 21 maintainanct'
2175 2101 24 21 of
2211 2101 36 21 the
2257 2102 128 27 trunquility
2396 2104 26 22 of
2429 2105 35 21 the

1885 2131 66 16 town.

1912 2154 59 21 With
1984 2154 41 21 this
2032 2154 55 22 view
2094 2154 36 21 the
2138 2154 114 31 Company
2259 2156 22 21 of
2291 2156 35 22 the
2337 2158 52 22 9Gth
2399 2160 64 27 Regi-

1885 2184 67 23 ment,
1963 2182 115 26 quartered
2091 2185 22 17 at
2122 2182 128 27 Auckland,
2260 2183 19 21 is
2289 2184 69 22 under
2369 2187 64 21 order
2442 2191 21 17 to

1884 2209 94 25 proceed
1989 2209 22 20 in
2021 2208 37 22 the
2067 2208 150 22 Government
2225 2209 53 27 Brig
2285 2214 22 18 to
2316 2211 52 22 Port
2375 2213 88 23 Nichol-

1885 2242 46 19 son,
1951 2243 12 13 a
1978 2242 98 14 measure
2092 2235 71 21 which
2178 2236 18 20 it
2209 2236 18 21 is
2241 2236 71 28 hoped
2328 2239 43 21 will
2384 2240 79 22 relievo

1886 2262 36 20 the
1938 2262 145 21 memoralists
2100 2262 56 22 from
2172 2270 43 19 any
2225 2264 179 28 apprehensions,
2422 2268 41 21 and

1884 2291 81 18 restore
1977 2289 47 21 that
2032 2288 126 22 confidence
2166 2289 99 23 between
2274 2291 36 22 the
2321 2291 92 24 Natives
2422 2295 41 21 and

1886 2314 37 22 the
1935 2316 126 25 Europeans
2072 2316 71 21 which
2154 2316 95 22 hitherto
2259 2318 90 22 existed.

1912 2342 44 21 For
1966 2342 37 21 the
2018 2343 138 26 expressions
2167 2343 116 22 contained
2298 2345 22 21 in
2331 2345 36 22 the
2379 2347 83 23 Memo-

1884 2368 47 27 rial,
1944 2368 45 22 and
1998 2369 33 21 for
2041 2369 37 21 the
2089 2370 54 21 offer
2152 2373 22 17 to
2183 2370 63 27 place
2257 2375 22 17 at
2292 2371 37 21 the
2340 2372 91 29 disposal
2442 2375 24 21 of

1886 2396 154 21 Government
2050 2396 55 22 their
2135 2396 49 22 best
2193 2404 78 15 means
2280 2397 46 23 and
2334 2401 98 26 energies
2442 2404 22 18 to

1885 2430 64 19 carry
1959 2427 39 17 out
2011 2430 44 20 any
2067 2430 110 14 measures
2187 2423 71 22 which
2274 2432 50 19 may
2333 2426 28 22 be
2375 2427 89 23 deemed

1885 2449 111 21 advisable
2013 2456 28 15 on
2058 2450 42 21 this
2112 2450 72 27 trying
2354 2453 10 21 I
2377 2453 54 23 have
2442 2458 22 18 to

1886 2480 75 18 return
1972 2481 22 16 to
2008 2477 37 21 the
2062 2477 135 21 subscribers
2210 2477 35 22 his
2257 2479 151 28 Excellency's
2417 2481 47 22 best

1885 2503 238 27 acknowledgements,
2142 2504 44 22 and
2202 2504 10 21 I
2227 2512 37 14 am
2274 2507 108 26 earnestly
2393 2512 22 17 to
2431 2516 33 14 re-

1886 2530 118 21 commend
2020 2534 20 17 to
2056 2530 61 22 them
2132 2538 14 14 a
2161 2531 145 23 continuance
2321 2533 26 22 of
2359 2534 48 22 that
2422 2535 42 21 for-

1885 2557 116 27 bearance,
2013 2557 72 21 which
2095 2557 39 21 has
2143 2564 30 21 up
2183 2563 21 16 to
2215 2558 38 22 the
2262 2564 86 22 present
2359 2565 104 22 moment,

1886 2584 56 21 been
1960 2583 104 23 attended
2078 2584 52 21 with
2145 2584 54 22 such
2215 2584 117 23 beneficial
2349 2589 78 20 results
2443 2590 20 20 in

1886 2610 57 22 their
1952 2610 89 27 district,
2058 2610 44 22 and
2112 2618 13 14 a
2134 2610 118 28 departure
2260 2612 58 22 from
2329 2613 70 22 which
2415 2615 28 27 by
2453 2624 11 12 a

1886 2637 59 28 body
1961 2637 26 21 of
2001 2637 37 22 the
2058 2637 90 23 Settlers
2165 2643 22 16 at
2206 2638 91 27 Nelson,
2317 2639 39 22 has
2373 2641 92 28 brought

1886 2665 69 21 about
1963 2664 37 22 the
2009 2669 77 17 recent
2096 2664 51 22 fatal
2159 2672 140 15 occurrence.

1919 2700 24 23 A
1963 2700 45 23 fact
2032 2701 71 22 exists
2126 2701 23 22 in
2173 2702 126 23 connexion
2323 2703 52 23 with
2404 2704 62 23 these

1887 2733 140 28 Memorials,
2041 2739 22 18 to
2083 2733 72 24 which
2175 2742 56 23 your
2252 2735 132 24 Committee
2401 2737 63 23 think

1886 2775 81 22 proper
1980 2771 21 19 to
2014 2767 85 24 advert.
2142 2768 50 23 The
2214 2769 146 30 Corporation
2382 2771 25 23 of
2422 2771 42 23 this

1888 2800 108 31 Borough
2007 2800 97 31 deputed
2116 2800 61 24 three
2191 2802 24 22 of
2230 2801 38 24 the
2289 2802 70 24 Local
2377 2803 87 31 Magis-

1886 2838 78 24 trates,
1989 2839 21 18 to
2035 2839 91 25 request
2152 2834 25 24 of
2203 2834 38 24 the
2271 2836 76 23 Police
2377 2837 87 30 Magis-

1888 2871 56 19 trate
1956 2867 47 23 Mr.
2013 2867 145 31 M'Donogh,
2166 2869 75 30 copies
2252 2869 24 22 of
2330 2869 134 32 depositions

1887 2900 69 23 taken
1969 2900 74 23 before
2056 2900 96 24 himself
2158 2902 45 22 and
2221 2909 62 16 some
2302 2902 25 23 of
2350 2904 39 23 the
2408 2904 54 22 local

1887 2933 148 30 Magistrates
2057 2934 92 22 relative
2173 2938 22 19 to
2218 2934 39 24 the
2278 2943 127 22 massacre;
2424 2942 41 18 two

1886 2966 147 31 applications
2045 2973 58 16 were
2114 2967 29 23 in.
2149 2975 155 23 consequence
2315 2969 65 23 made
2387 2970 30 31 by
2429 2971 35 23 the

1886 2999 147 31 Deputation,
2055 2999 38 23 the
2112 2999 51 23 first
2178 3008 15 15 a
2210 3005 90 26 request
2322 3002 49 23 that
2392 3005 74 30 copies

1885 3032 74 30 might
1978 3032 29 23 be
2028 3032 117 23 furnished
2166 3033 61 23 them
2229 3046 32 4 —
2262 3034 38 23 the
2319 3036 83 23 second
2418 3038 47 23 that

1886 3065 53 31 they
1951 3065 135 23 themselves
2098 3065 74 32 might
2188 3066 54 24 take
2260 3068 75 30 copies
2345 3077 6 20 ;
2370 3068 56 25 both
2444 3071 23 22 of

1885 3098 74 24 which
1980 3106 58 15 were
2060 3098 91 24 refused
2163 3108 5 20 ;
2194 3100 44 23 had
2258 3100 37 24 the
2316 3102 75 31 copies
2410 3104 54 23 been

1885 3132 95 31 granted
1993 3139 55 24 your
2062 3132 135 24 Committee
2208 3133 73 32 might
2293 3135 108 31 probably
2410 3136 52 23 have

1885 3165 45 24 had
1948 3173 75 16 access
2041 3170 23 19 to
2083 3166 68 29 them,
2175 3167 44 23 and
2240 3167 56 24 have
2313 3168 57 24 been
2382 3170 49 22 able
2441 3174 22 18 to

1884 3206 95 24 prepare
1991 3199 37 23 the
2041 3199 134 24 Memorials
2184 3200 58 24 from
2254 3201 38 23 the
2302 3206 60 19 most
2368 3203 94 23 authetic

1886 3240 79 15 source
1978 3232 24 24 of
2017 3232 155 25 information.
2208 3234 65 24 Your
2285 3234 134 25 Committee
2427 3243 35 16 are

1885 3269 40 20 not
1936 3273 71 16 aware
2025 3274 30 15 on
2073 3266 60 23 what
2144 3267 88 30 ground
2244 3267 62 24 these
2319 3269 141 31 applications

1886 3306 57 16 were
1954 3299 97 29 refused,
2063 3299 43 24 but
2115 3299 58 24 have
2184 3300 71 24 heard
2265 3309 14 16 a
2286 3301 49 24 fear
2344 3301 117 32 expressed

1884 3332 44 23 lest
1940 3337 92 26 exparte
2043 3336 133 20 statements
2187 3333 82 24 should
2279 3339 39 26 get
2324 3335 89 28 abroad;
2424 3335 36 23 but

1885 3365 19 23 if
1913 3365 46 24 this
1970 3373 46 16 was
2032 3365 37 23 the
2088 3366 88 30 ground
2194 3366 25 24 of
2236 3368 92 29 refusal,
2349 3369 19 22 it
2390 3375 69 16 comes

1884 3398 55 24 with
1951 3406 13 16 a
1975 3398 43 24 bad
2029 3406 68 23 grace
2109 3399 57 23 from
2178 3399 48 25 Mr.
2248 3401 144 31 M'Donogh,
2413 3401 44 23 who

1884 3431 120 32 published
2016 3439 28 16 on
2057 3432 114 31 authority
2182 3441 25 15 as
2218 3433 39 24 the
2274 3439 58 18 most
2349 3434 109 24 authentic

1884 3466 89 22 version
1985 3465 25 23 of
2025 3464 38 24 the
2074 3473 114 16 massacre
2204 3474 14 15 a
2227 3467 62 23 loose
2301 3467 105 31 hear-say
2417 3467 40 23 tale

1884 3499 25 22 of
1924 3498 39 23 the
1974 3499 95 28 natives,
2083 3503 23 18 at
2117 3498 38 24 the
2166 3500 54 23 time
2236 3500 66 24 when
2319 3501 37 23 the
2377 3500 80 24 solemn

1884 3532 138 30 depositions
2033 3531 26 23 of
2074 3531 47 24 Mr.
2135 3532 103 24 Tuckett
2249 3542 42 15 one
2307 3534 25 23 of
2352 3533 38 24 the
2408 3540 47 16 sur-

1884 3565 74 23 vivors
1970 3564 69 23 taken
2050 3565 76 22 before
2138 3565 95 24 himself
2243 3566 42 24 and
2297 3567 63 23 other
2370 3566 84 31 Magis-

1884 3602 69 19 trates
1966 3598 116 30 distinctly
2101 3599 165 32 contradictory
2283 3600 26 24 of
2323 3600 37 23 the
2379 3599 76 24 Native

1884 3631 44 23 tale
1940 3638 45 16 was
1996 3631 23 22 in
2030 3630 36 24 his
2079 3633 129 29 possession
2216 3641 6 21 ;
2241 3633 43 24 and
2296 3633 70 23 which
2378 3632 77 24 Native

1883 3669 122 18 statement
2022 3664 28 22 he
2067 3663 44 25 has
2133 3666 62 23 since
2213 3674 55 16 seen
2281 3674 79 16 reason
2369 3665 53 30 fully
2433 3668 20 18 to

1883 3702 89 19 retract.
2029 3697 29 23 In
2081 3697 42 25 the.
2143 3699 96 23 absense
2259 3699 24 23 of
2307 3707 61 16 more
2386 3697 69 31 ample

1883 3731 144 23 information
2039 3738 58 23 your
2110 3731 135 25 Committee
2254 3732 55 24 have
2326 3737 23 18 to
2366 3737 87 25 express

1883 3764 59 23 their
1963 3763 124 31 obligation
2107 3768 23 19 to
2149 3765 45 24 Dr.
2218 3765 92 29 Dorset,
2339 3764 47 24 who
2412 3770 41 16 was

1883 3801 90 27 present
1991 3801 23 18 at
2033 3796 38 24 the
2088 3799 151 23 examination
2259 3798 23 23 of
2297 3798 37 22 the
2344 3798 110 22 witnesses

1883 3835 22 19 at
1918 3829 88 31 Cloudy
2019 3829 59 31 Bay,
2090 3831 45 23 and
2147 3831 48 23 who
2210 3831 77 29 kindly
2307 3830 145 24 communica-

1883 3864 36 23 ted
1931 3864 30 22 its
1973 3863 123 24 substance
2108 3869 22 18 to
2142 3872 56 23 your
2209 3864 140 23 Committee.

1916 3897 116 23 Pursuant
2042 3900 23 20 to
2087 3897 94 23 another
2198 3896 122 24 resolution
2337 3894 78 33 passed
2432 3897 25 25 at,

1882 3930 38 23 the
1943 3929 82 24 Public
2045 3929 112 30 Meeting,
2178 3937 58 22 your
2255 3929 131 24 Committee
2402 3925 50 25 took

665 118 38 24 the
715 119 87 31 Report
815 119 25 23 of
855 118 37 24 the
905 119 133 24 Committee
1048 120 24 23 of
1088 120 88 30 Safety,
1197 127 46 16 was

665 151 53 23 held
735 159 29 15 on
785 151 129 32 Thursday,
935 157 24 18 at
978 152 38 23 the
1035 151 136 32 Exchange,
1192 155 50 21 at*2

667 184 86 23 o'clock
764 191 57 23 p.m.
858 184 205 30 Notwithstanding
1074 184 40 23 the
1126 184 86 23 arrival'
1220 185 26 23 of

667 224 12 15 a
689 216 63 31 large
763 216 45 24 and
818 217 56 30 long
884 217 108 30 expected
1003 217 50 23 mail
1065 216 57 24 from
1135 217 108 32 England

665 249 31 30 by
708 249 39 24 the
757 246 82 33 Mnry,
852 249 72 24 which
931 256 46 17 was
990 254 21 18 to
1023 246 25 27 be
1060 249 115 24 delivered
1185 250 58 23 from

666 282 38 22 the
726 282 136 23 Post-office
882 287 23 18 at
917 284 23 26 3,
961 282 44 23 and
1023 282 70 23 which
1105 282 73 31 might
1186 282 57 24 have

666 314 57 24 been
734 314 98 31 thought
842 315 72 30 likely
926 319 21 19 to
961 314 59 24 draw
1032 322 59 23 away
1110 323 64 15 some
1185 315 58 23 from

667 347 38 23 the
727 348 107 30 meeting,
856 355 32 15 we
908 347 108 24 observed
1034 348 76 29 nearly
1129 355 67 23 every
1207 356 37 15 re-

668 380 119 31 spectable,
799 380 77 24 settler
887 380 24 22 in
924 380 37 23 the
971 388 70 20 room,
1058 380 73 23 which
1152 388 46 16 was
1219 389 25 15 as

667 412 42 23 full
721 421 25 15 as
754 414 17 21 it
784 412 66 23 could
860 412 61 24 hold.
968 412 88 32 Owing,
1078 420 25 15 as
1116 421 33 15 we
1161 414 83 23 under-

667 445 72 28 stood,
752 450 21 18 to
781 445 42 23 the
834 446 144 30 miscarriage
997 446 25 23 of
1042 453 13 15 a
1076 453 104 24 message
1203 454 39 15 an-

667 478 114 30 nouncing
792 477 38 24 the
842 477 44 31 day
897 478 25 23 of
936 478 38 23 the
986 478 102 30 meeting,
1110 486 44 15 one
1166 486 24 15 or
1202 483 43 19 two

667 510 129 31 gentlemen
819 510 57 24 from
907 510 36 24 the
974 511 61 23 Hutt
1062 511 45 23 and
1142 511 104 31 outlying

667 543 106 28 sections,
785 543 50 23 who
847 543 74 24 would
937 544 106 30 certainly
1062 543 57 24 have
1140 544 106 23 attended

667 576 20 22 if
702 576 53 29 they
766 576 45 22 had
830 576 56 23 been
906 584 71 15 aware
994 576 25 23 of
1033 577 23 28 it,
1075 584 59 15 were
1150 577 80 23 absent
1239 586 7 14 :

667 608 44 24 and
722 609 38 23 the
772 609 84 30 Mayor
865 616 45 16 was
921 609 166 30 unfortunately
1102 609 104 23 confined
1223 614 23 19 to

666 640 37 24 his
715 641 72 24 house
804 641 31 31 by
858 650 13 15 a
894 642 86 23 serious
1003 642 107 23 accident.
1158 642 24 23 A
1205 642 41 24 full

667 678 74 27 report
754 675 24 22 of
788 674 38 23 the
836 674 147 31 proceedings
995 675 44 23 will
1048 675 28 23 be
1088 675 71 23 found
1172 676 22 22 in
1206 683 40 15 our

667 706 109 22 columns.

700 739 75 23 There
807 748 46 15 was
887 741 51 30 only
968 748 42 16 one
1037 740 83 31 feeling
1142 748 105 24 amongst

667 771 29 26 all
720 772 48 23 who
790 773 112 29 attended,
924 773 44 24 and
986 774 38 23 the
1042 774 135 23 resolutions
1189 782 58 15 were

666 805 82 31 passed
777 806 166 31 unanimously.
1003 806 47 24 The
1079 811 53 18 tone
1156 807 25 23 of
1208 807 39 23 the

667 838 106 31 speeches
786 846 46 15 was
842 839 60 28 firm,
912 839 83 30 manly,
1018 839 40 23 and
1077 839 102 29 decided,
1201 840 46 23 and

667 871 38 23 the
717 872 65 29 spirit
799 872 71 22 which
891 872 111 22 animated
1022 872 34 22 the
1075 872 110 30 speakers
1207 873 40 23 de-

666 903 92 31 veloped
781 904 65 23 itself
866 905 23 22 in
908 905 141 29 expressions
1067 910 40 17 not
1129 905 54 24 loud
1206 906 41 23 but

667 936 62 31 deep.
766 936 44 24 We
822 944 57 16 were
891 945 68 15 never
970 942 88 26 present
1070 942 23 18 at
1104 946 46 22 any
1161 938 86 24 Public

667 969 104 31 Meeting
794 969 74 24 where
891 978 13 14 a
921 978 62 15 more
1003 971 88 29 general
1110 972 135 29 impression

666 1002 110 31 appeared
789 1006 22 19 to
823 1003 85 30 prevail
920 1002 25 24 of
955 1003 37 23 the
1011 1004 136 30 importance
1167 1004 25 23 of
1208 1005 38 23 the

666 1035 88 31 subject
776 1035 75 23 which
871 1035 44 24 had
933 1035 99 31 brought
1046 1037 17 22 it
1082 1037 115 29 together,
1221 1046 25 15 or

666 1067 73 24 where
751 1076 13 15 a
773 1076 62 15 more
844 1068 137 24 determined
990 1069 42 23 and
1041 1068 105 32 dignified
1157 1078 89 16 remon-

666 1106 88 18 strance
763 1102 91 30 against
865 1102 110 30 arbitrary
987 1102 43 23 and
1042 1102 77 31 unjust
1138 1104 108 29 proceed-

666 1134 51 29 ings
729 1141 44 16 was
785 1134 75 24 made.

700 1167 41 23 We
754 1167 58 31 hope
825 1167 37 23 the
873 1167 71 24 result
956 1168 24 22 of
996 1168 44 23 this
1050 1169 100 31 meeting
1161 1169 45 23 will
1218 1171 28 22 be

665 1199 125 24 beneficial.
827 1200 50 23 The
890 1200 153 24 Government
1062 1202 54 22 both
1129 1207 23 18 at
1169 1202 76 25 Home

666 1232 42 24 and
719 1238 22 18 at
753 1233 124 23 Auckland
888 1233 45 23 will
943 1235 87 22 receive
1040 1236 72 29 copies
1126 1235 24 23 of
1159 1235 37 23 the
1208 1244 37 16 re-

665 1265 110 24 solutions
788 1267 81 30 passed
881 1271 23 18 at
915 1267 25 28 it,
953 1267 44 22 and
1006 1275 31 15 we
1046 1267 65 23 think
1124 1268 53 31 they
1185 1274 61 19 must

665 1298 28 23 be
705 1300 99 22 satisfied
816 1300 30 30 by
858 1300 57 22 their
928 1300 49 23 firm
990 1300 43 23 and
1049 1305 123 27 temperate
1185 1306 59 25 tone,

666 1332 49 23 that
724 1332 37 23 the
780 1334 128 30 aspersions
921 1338 47 17 cast
985 1341 58 23 upon
1055 1341 26 15 us
1103 1334 30 30 by
1145 1334 65 23 those
1221 1336 23 22 in

666 1365 121 31 authority,
812 1366 56 22 have
887 1366 55 23 been
963 1366 69 31 totaly
1042 1367 93 23 without
1146 1367 98 24 founda-

666 1399 55 23 tion.
757 1399 24 23 It
793 1400 19 21 is
825 1404 40 17 not
884 1399 36 23 the
933 1404 87 19 custom
1032 1400 23 23 of
1070 1400 76 30 illegal
1159 1409 85 15 assem-

665 1430 64 30 blies,
743 1439 24 15 or
780 1432 24 22 of
823 1432 63 23 those
898 1432 48 23 who
959 1440 37 15 are
1008 1433 49 30 glad
1069 1437 22 19 to
1108 1434 37 30 lay
1157 1434 53 22 hold
1222 1435 25 23 of

665 1464 38 23 the
714 1465 50 22 first
775 1466 144 30 opportunity
931 1465 24 22 of
971 1465 108 31 breaking
1096 1467 99 29 through
1207 1467 37 24 the

665 1496 87 24 bounds
769 1498 26 23 of
808 1498 114 30 judicious
940 1498 149 29 forbearance,
1109 1504 23 18 to
1151 1508 93 22 express

667 1530 132 24 themselves
811 1532 24 22 in
846 1538 25 16 so
883 1531 65 23 sober
966 1531 43 23 and
1029 1539 79 23 proper
1127 1540 13 15 a
1150 1541 94 15 manner

666 1571 25 15 as
705 1563 36 23 the
754 1564 96 23 Settlers
863 1564 56 23 have
931 1563 57 24 done
1001 1572 26 15 on
1040 1564 42 23 this
1095 1566 104 22 occasion
1211 1574 5 20 ;
1232 1574 12 15 a

665 1603 93 17 manner
770 1597 73 23 which
855 1597 96 23 satisfies
962 1605 36 20 us,
1020 1597 45 23 that
1077 1598 59 23 their
1147 1599 97 31 feelings

665 1636 38 16 are
715 1629 25 24 of
749 1637 29 16 no
791 1634 133 19 evanescent
936 1630 119 29 character,
1068 1632 42 22 and
1125 1631 50 23 that
1186 1632 58 23 their

665 1661 172 25 determination
847 1667 22 19 to
879 1668 40 25 put
931 1663 131 24 themselves
1072 1664 62 30 right
1144 1665 53 23 with
1206 1665 38 23 the

665 1694 83 32 public,
768 1695 45 24 and
834 1701 22 17 to
868 1696 74 23 obtain
962 1696 85 24 redress
1058 1698 58 22 from
1138 1698 105 23 Govern-

664 1733 69 23 ment,
747 1729 45 23 will
813 1729 27 23 be
853 1729 85 24 carried
950 1735 22 17 to
991 1737 27 15 an
1032 1729 99 25 effectual
1151 1731 92 23 conclu-

664 1762 58 21 sion.

698 1794 55 24 Two
770 1795 181 25 Proclamations
963 1796 37 30 (or
1011 1795 108 25 whatever
1133 1804 32 16 we
1183 1803 60 18 must

665 1827 42 23 call
719 1827 82 32 them,)
823 1828 56 23 have
898 1828 56 24 been
965 1834 41 26 put
1025 1830 64 28 forth,
1111 1830 98 32 relating
1220 1835 23 19 to

665 1860 37 23 the
720 1861 44 23 late
783 1868 113 16 massacre
908 1862 43 23 and
969 1867 75 18 events
1056 1863 122 22 connected
1191 1865 52 20 with

664 1893 16 23 it
689 1902 6 19 ;
708 1890 55 27 both
775 1895 72 22 under
860 1895 36 22 the
908 1895 59 23 hand
978 1896 24 22 of
1012 1903 37 15 our
1062 1896 78 23 Police
1154 1897 89 31 Magis-

664 1931 64 25 trate,
750 1927 40 23 but
811 1936 42 15 one
873 1928 159 31 subsequently
1048 1928 95 32 adopted
1164 1930 31 31 by
1207 1930 36 24 the

666 1959 81 24 Crown
766 1961 144 24 Prosecutor.
947 1962 59 23 Both
1029 1962 59 23 these
1112 1963 131 24 documents

665 1994 118 22 contained
794 1994 57 23 false
860 1999 132 19 statements
1002 1995 120 23 calculated
1133 2000 22 18 to
1168 1997 28 21 be
1208 2004 35 14 m-

663 2026 87 29 jurious
764 2027 24 21 in
808 2027 38 22 the
858 2027 90 29 highest
965 2028 79 28 degree
1063 2033 21 16 to
1096 2029 39 21 the
1148 2029 96 22 Settles

663 2058 23 22 in
701 2057 85 24 Cook's
799 2059 91 23 Straits.
927 2060 60 22 Both
1000 2060 52 22 have
1064 2060 57 23 been
1132 2063 111 22 retracted

663 2090 30 31 by
705 2091 57 23 their
774 2092 93 23 authors
878 2101 6 15 :
904 2093 40 23 but
957 2093 37 23 the
1006 2093 103 23 mischief
1126 2094 53 30 they
1192 2103 51 23 may

663 2123 57 24 have
731 2124 57 23 done
801 2125 23 23 in
836 2124 39 24 the
887 2126 102 28 interval,
1008 2126 45 23 who
1066 2126 59 23 shall
1137 2128 88 24 declare
1234 2129 10 23 ?

665 2156 54 24 Had
731 2157 146 26 thejSettlers
890 2159 85 31 quitely
987 2159 94 23 suffered
1100 2160 143 30 themselves,

663 2190 59 23 their
728 2190 74 24 fellow
811 2192 89 23 settlers
908 2197 23 18 at
939 2192 94 28 Nelson,
1046 2193 41 22 and
1098 2193 38 23 the
1144 2202 100 23 memory

665 2223 24 23 of
693 2223 38 23 the
738 2223 56 24 dead
802 2230 22 17 to
831 2226 83 22 remain
923 2225 71 23 under
1001 2226 35 22 the
1044 2227 146 29 imputations
1197 2234 47 17 cast

663 2264 61 24 upon
744 2257 69 29 them,
834 2258 52 31 they
898 2259 72 23 would
989 2259 53 23 have
1060 2259 57 24 been
1136 2268 25 15 as
1173 2261 71 23 unde-

664 2291 91 30 serving
766 2291 26 23 of
807 2296 95 26 respect,
915 2300 25 14 as
952 2292 65 23 those
1030 2291 44 24 who
1087 2293 157 31 promulgated

664 2323 37 23 the
721 2323 56 24 false
790 2324 102 31 charges,
911 2325 83 31 having
1005 2330 22 19 at
1044 2326 36 23 the
1093 2327 54 22 time
1159 2333 85 17 correct

664 2356 144 24 information
820 2358 24 22 in
857 2358 56 24 their
929 2359 134 31 possession.
1101 2359 67 31 They
1179 2361 64 28 have,

663 2389 110 29 however,
786 2391 23 22 in
822 2399 28 14 an
863 2392 122 31 extremely
995 2399 78 24 proper
1085 2401 102 21 manner,
1201 2395 43 22 and

665 2430 31 15 we
708 2422 65 31 hope,
787 2424 22 24 in
823 2432 41 15 one
873 2424 69 32 likely
951 2430 22 18 to
985 2425 28 23 be
1025 2425 106 30 effective,
1144 2427 100 31 repelled

664 2456 38 23 the
713 2456 53 23 ha:c
779 2458 154 28 imputations.

698 2489 55 23 Two
765 2490 65 23 other
850 2490 186 29 Proclamations,
1056 2500 41 15 one
1117 2493 75 23 issued
1213 2494 30 30 by

664 2522 39 23 the
721 2522 86 24 Officer
827 2523 182 32 Administering
1025 2525 35 23 the
1079 2525 164 31 Government,

665 2556 37 22 the
712 2555 63 24 other
787 2556 29 31 by
828 2557 38 23 the
877 2557 68 23 Chief
955 2557 122 30 Protector,
1091 2567 39 15 are
1142 2560 47 23 still
1201 2568 42 15 un-

664 2589 117 29 retracted,
801 2590 41 23 but
862 2590 69 31 ought
942 2596 22 18 to
976 2591 28 23 be
1016 2592 150 32 immediately
1178 2594 65 23 with-

665 2622 75 23 drawn
752 2632 4 19 ;
778 2622 38 24 the
830 2624 81 22 former
922 2624 96 23 because
1030 2625 16 23 it
1056 2625 19 23 is
1096 2625 80 32 highly
1189 2627 54 23 mis-

665 2655 113 28 cheivous,
792 2656 38 23 the
841 2656 67 24 latter
918 2657 97 24 because
1025 2658 18 24 it
1052 2658 20 23 is
1083 2658 66 24 false.

698 2689 50 23 Tlie
759 2690 112 31 principal
889 2690 110 31 difficulty
1010 2690 25 24 of
1048 2698 40 16 our
1099 2693 99 30 position
1211 2701 33 16 we

664 2721 57 24 have
733 2723 92 30 already
836 2723 90 24 alluded
938 2728 23 19 to
973 2724 24 23 in
1008 2732 15 15 a
1041 2724 81 24 former
1139 2726 104 25 number.

665 2754 50 24 The
727 2756 120 31 Secretary
858 2756 35 23 for
905 2757 36 23 the
955 2757 103 24 Colonies
1069 2759 100 23 receives
1182 2759 63 25 three

665 2788 188 30 Proclamations,
886 2791 131 30 containing
1045 2790 71 32 heavy
1151 2793 95 31 charges

664 2822 90 30 against
764 2822 38 23 the
815 2822 90 24 settlers
924 2824 23 22 in
967 2824 82 23 Cook's
1070 2825 85 24 Straits
1175 2827 71 31 living

665 2855 43 23 and
727 2855 64 23 dead.
835 2855 75 24 These
929 2864 37 16 are
987 2857 68 24 under
1075 2858 38 23 the
1134 2859 72 24 hands
1223 2861 24 22 of

665 2888 78 23 Police
762 2888 149 31 Magistrates
931 2890 44 23 and
994 2898 12 15 a
1027 2891 67 23 Chief
1117 2892 127 25 Protector.

665 2921 39 23 He
717 2921 51 23 then
781 2923 99 22 receives
893 2931 13 14 a
924 2923 74 24 denial
1017 2924 24 23 of
1055 2924 36 24 the
1109 2925 95 31 charges
1216 2935 29 15 on

664 2954 77 24 behalf
756 2956 26 22 of
790 2956 72 22 'those
873 2955 94 32 against'
974 2958 69 23 whom
1055 2958 53 31 they
1120 2967 38 15 are
1170 2961 74 23 made.

665 2987 59 24 How
736 2988 96 24 difficult
842 2989 45 23 will
898 2990 17 22 it
928 2991 26 22 be
972 2991 34 22 for
1024 2991 44 24 him
1081 2996 21 18 to
1116 2993 52 30 give
1179 3001 67 23 grea-

663 3025 35 19 ter
709 3021 85 30 weight
804 3027 24 18 to
840 3022 39 23 the
890 3023 67 23 latter
968 3024 54 23 than
1034 3029 21 18 to
1067 3025 38 23 the
1117 3026 92 28 former,
1222 3032 23 18 to

663 3054 75 31 prefer
750 3055 38 23 the
801 3055 92 24 defence
905 3057 24 22 of
943 3057 39 23 the
995 3058 91 23 accused
1107 3064 23 17 to
1143 3060 39 23 the
1194 3060 50 23 alli-

663 3088 90 30 gations
764 3088 63 31 plain
839 3089 45 23 and
896 3089 70 24 thrice
978 3092 101 30 repeated
1096 3093 25 22 of
1136 3092 39 24 the
1187 3095 58 29 pub-

663 3121 29 23 lic
705 3121 133 24 authorities
851 3122 24 23 of
891 3123 37 24 the
947 3123 87 31 Colony
1044 3125 9 23 ?
1089 3125 61 24 How
1163 3133 40 16 can
1216 3127 30 23 he

663 3154 66 23 resist
741 3154 39 24 the
797 3156 134 23 re-iterated
951 3158 119 30 testimony
1089 3159 27 22 of
1131 3166 26 16 so
1176 3167 69 24 many

664 3187 157 24 Government
832 3188 99 23 Officers
940 3189 10 22 ?

696 3220 24 24 A
731 3222 84 21 certain
828 3221 96 24 Dervise
942 3223 65 23 made
1028 3231 13 15 a
1056 3231 48 17 vow
1125 3225 49 24 that
1191 3234 29 16 on
1232 3236 14 14 a

663 3253 122 31 particular
796 3253 43 32 day
851 3254 28 24 he
900 3255 73 23 would
991 3257 97 24 sacrifice
1100 3266 15 15 a
1126 3259 33 23 fat
1176 3259 70 33 sheep

664 3291 22 18 to
698 3287 35 23 his
747 3287 72 24 Gods.
855 3287 56 24 Now
926 3288 62 24 three
1006 3288 83 26 knaves
1110 3292 60 23 lived
1190 3300 56 17 near

663 3319 47 24 him
722 3319 49 24 who
782 3320 71 24 heard
873 3321 24 23 of
912 3321 35 23 his
968 3330 57 21 vow,
1036 3323 41 23 and
1101 3325 103 25 resolved
1222 3332 23 19 to

664 3354 66 30 profit
740 3353 31 31 by
781 3354 27 23 it.
845 3354 39 23 On
896 3354 37 24 the
945 3356 118 30 appointed
1074 3357 45 31 day
1130 3358 38 24 the
1180 3359 63 25 Der-

664 3388 47 22 vise
728 3387 80 23 sallied
825 3387 61 23 forth
905 3393 22 19 to
944 3388 47 31 buy
1011 3397 14 15 a
1043 3389 76 32 sheep,
1136 3392 45 23 and
1199 3401 46 16 was

663 3420 115 31 presently
797 3421 150 24 encountered
959 3422 31 30 by
1001 3430 41 15 one
1060 3423 24 23 of
1100 3424 38 23 the
1159 3425 86 25 knaves

664 3454 104 30 carrying
790 3462 14 15 a
827 3454 52 31 bag.
1136 3459 49 23 said
1207 3460 38 23 the

664 3486 81 29 knave,
782 3486 64 24 will't
857 3488 54 23 thou
922 3488 46 31 buy
981 3496 14 15 a
1006 3489 64 31 sheep
1081 3499 7 19 ;
1109 3490 12 23 I
1133 3491 57 25 have
1202 3501 42 15 one

665 3519 52 23 here
729 3519 25 23 of
768 3528 15 15 a
794 3520 83 31 goodly
887 3521 69 24 fleece
975 3521 44 24 and
1038 3523 62 23 fitted
1118 3523 36 24 for
1173 3528 70 21 sacri-

663 3553 43 23 fice
717 3554 9 23 ?
815 3553 95 24 Blessed
931 3555 28 23 be
976 3555 39 24 the
1034 3556 61 23 Gods
1135 3565 52 24 says
1207 3559 37 24 the

665 3586 104 29 Dervise,
808 3587 50 23 who
869 3587 57 24 have
938 3588 68 24 saved
1026 3596 33 16 me
1070 3589 39 24 the
1121 3592 88 23 trouble
1221 3594 31 22 of-

664 3620 69 30 going
745 3624 21 19 to
778 3619 90 24 market
879 3629 5 20 ;
905 3621 33 22 for
949 3621 50 23 that
1009 3629 53 23 veiy
1069 3631 100 23 purpose
1181 3633 62 17 came

665 3652 12 23 I
689 3652 95 24 forthto
900 3653 66 24 Then
978 3654 38 24 the
1036 3655 71 24 knave
1119 3657 73 24 shook
1204 3665 40 18 out

665 3685 24 24 of
710 3685 36 24 his
771 3686 52 30 bag,
844 3694 30 15 an
899 3686 36 25 old
958 3687 44 31 dog
1024 3688 56 24 lame
1103 3690 45 23 and
1171 3691 70 26 blind.

689 3719 87 23 Callest
788 3718 55 29 th.ou
864 3719 48 23 that
932 3720 44 31 dog
995 3729 13 15 a
1025 3721 66 32 sheep
1100 3723 5 23 !
1144 3725 50 22 said
1205 3726 38 23 the

664 3751 104 29 Dervise,
830 3753 20 22 is
862 3760 29 15 no
902 3753 69 31 sheep
977 3753 41 24 but
1030 3762 26 16 an
1067 3756 98 24 unclean

787 3785 83 31 replied
898 3786 38 23 the
955 3787 81 30 knave,
1114 3790 19 22 is
1152 3799 15 14 a
1183 3792 60 29 good

663 3819 69 30 sheep
741 3827 7 20 ;
766 3818 32 23 let
811 3826 26 15 us
849 3819 42 22 ask
905 3817 43 38 triip
961 3820 79 24 honest
1049 3829 53 16 man
1138 3824 105 32 pointing

664 3856 21 18 to
705 3852 37 22 the
763 3852 84 22 second
870 3852 73 24 knave
962 3854 48 23 who
1030 3855 63 23 stood
1111 3856 57 24 hard
1189 3847 52 41 bye!

834 3885 59 23 what
905 3885 77 24 callest
998 3887 51 24 thou
1060 3888 44 23 this
1117 3890 83 24 animal
1208 3892 10 23 ?

686 3918 62 23 That
781 3918 50 24 said
834 3916 1 10 1
842 3918 38 24 the
898 3920 82 24 second
993 3920 77 24 -knave
1089 3923 16 19 *.'
1114 3923 22 23 is
1148 3931 13 16 a
1173 3924 69 30 sheep

1303 3793 55 23 Mr.
1371 3792 108 24 Revans
1490 3800 60 15 came
1557 3793 98 23 forward
1667 3794 45 23 and
1721 3796 133 31 apologized

1270 3834 28 15 on
1311 3826 38 23 the
1361 3831 50 26 part,
1424 3826 26 22 of
1467 3833 41 15 our
1526 3827 115 30 respected
1660 3827 91 31 Mayor,
1764 3829 37 23 for
1818 3829 36 24 his

1270 3866 96 19 aosence
1377 3859 58 23 from
1448 3859 38 24 the
1498 3859 110 31 Meeting,
1628 3867 24 16 as
1664 3860 29 23 he
1706 3869 44 16 was
1763 3867 37 19 too
1811 3871 43 15 un-

1270 3893 53 28 well
1335 3899 23 17 to
1371 3893 54 23 take
1437 3893 39 23 the
1490 3892 76 24 Chair.

1303 3925 47 24 Mr
1361 3926 150 24 Alderman
1525 3926 74 24 Lyon
1610 3927 120 29 proposed,
1744 3929 110 24 seconded

1305 3321 131 31 According
1459 3321 23 24 io
1507 3330 29 16 an
1564 3323 176 24 advertisement
1769 3325 24 23 in
1816 3333 41 16 our

1274 3363 75 24 paper,
1361 3354 43 23 and
1406 3362 4 5 1
1416 3354 133 30 hand-bills,
1564 3364 14 15 a
1590 3356 83 24 Public
1686 3357 106 32 Meeting
1803 3359 54 23 took

1272 3389 63 31 place
1347 3396 29 15 on
1388 3387 122 32 Thursday
1521 3389 125 29 afternoon,
1662 3394 23 19 at
1697 3392 15 21 2
1724 3391 95 30 o'clock,
1832 3393 25 22 in

1273 3422 37 24 the
1321 3420 134 31 Exchange,
1467 3422 73 23 which
1551 3430 45 15 was
1610 3423 102 24 crowded
1730 3428 22 19 to
1765 3432 89 18 excess.

1272 3456 44 22 We
1336 3454 65 24 could
1425 3459 38 18 not
1483 3454 52 31 help
1556 3455 134 32 remarking
1710 3457 37 23 the
1770 3459 87 30 perfect

1273 3488 65 32 spirit
1349 3488 25 23 of
1390 3488 127 31 unanimity
1538 3488 72 24 which
1622 3496 45 17 was
1688 3490 118 31 displayed
1825 3492 31 31 by

1273 3523 37 23 the
1323 3521 69 23 whole
1404 3521 26 23 of
1443 3521 39 23 the
1494 3521 148 32 assemblage.
1679 3523 51 24 The
1747 3525 109 31 speakers

1273 3561 56 18 Were
1347 3554 95 23 listened
1461 3559 22 18 to
1495 3554 53 23 with
1558 3556 95 23 marked
1672 3558 119 29 attention,
1811 3559 45 23 and

1271 3589 29 31 by
1314 3587 37 25 the
1363 3587 101 31 working
1474 3587 26 24 of
1509 3587 37 24 the
1557 3593 153 20 countenance
1719 3591 66 23 when
1797 3592 58 23 allu-

1272 3623 49 22 sion
1333 3628 44 17 was
1389 3620 64 24 made
1472 3626 23 18 to
1507 3621 38 24 the
1557 3622 94 31 tragical
1669 3628 66 18 event
1754 3629 24 19 at
1790 3624 65 24 Wai-

1271 3664 48 20 rau,
1337 3655 19 23 it
1366 3654 84 31 proved
1462 3653 50 25 how
1523 3654 56 32 deep
1591 3663 46 16 was
1649 3655 39 25 the
1700 3658 120 31 sympathy
1832 3659 26 23 of

1272 3689 37 23 the
1324 3687 99 29 hearers,
1435 3687 45 24 and
1492 3687 49 24 how
1552 3688 38 24 the
1603 3688 61 30 base,
1677 3694 40 19 not
1730 3695 21 18 to
1764 3699 40 23 say
1817 3691 38 23 the

1270 3721 76 25 brutal
1357 3721 96 23 conduct
1462 3720 27 24 of
1497 3720 63 24 those
1571 3722 24 23 in
1605 3730 92 23 power,,
1701 3723 44 24 had
1754 3725 102 31 inspired

1270 3754 62 25 them
1345 3754 51 23 with
1408 3754 97 30 feelings
1517 3754 26 23 of
1553 3755 38 23 the
1603 3755 92 30 deepest
1707 3757 146 25 abhorrence.

559 31 97 47 ®l)t
679 32 118 41 Wfeto
825 31 208 41 ZftManb
1056 31 200 47 iffiaßttt
1274 33 102 40 antr
1389 33 303 47 mcMttgton
1716 30 252 50 Spectator.

1270 120 32 23 fat
1313 120 44 23 and
1368 120 127 24 well-fitted
1505 121 35 23 for
1712 122 33 23 At
1757 122 46 23 this
1816 122 38 23 the

1270 153 62 23 mind
1344 153 25 23 of
1383 153 39 23 the
1433 153 98 23 Dervise
1548 154 74 30 began
1644 158 23 19 to
1688 162 60 15 wave
1770 159 22 18 to
1812 155 44 23 and

1270 186 33 23 fro
1315 184 48 25 like
1375 193 13 15 a
1399 185 61 31 palm
1472 191 47 19 tree
1540 188 36 25 in-,
1584 186 40 23 the
1644 187 42 30 day
1700 188 24 22 of
1739 188 38 22 the
1797 187 60 24 East

1399 218 59 23 This
1470 219 21 22 is
1503 224 89 25 strange
1629 219 47 23 said
1688 219 37 29 he,
1763 227 41 16 can
1817 228 39 22 my

1271 258 53 23 eyes
1333 251 92 23 deceive
1436 259 36 15 me
1481 252 10 23 ?
1526 251 12 24 I
1549 252 46 23 will
1608 252 42 23 ask
1669 259 45 23 yon

1272 284 120 29 observing
1403 284 38 22 the
1454 284 59 23 third
1525 284 74 24 knave
1610 285 96 31 passing
1716 285 29 30 by
1757 292 26 16 as
1796 285 19 23 if
1822 285 33 30 by

1271 316 109 23 accident.
1488 322 39 18 not
1547 317 45 23 this
1613 325 14 15 a
1638 317 45 31 dog
1703 318 28 22 oh
1744 323 111 25 stranger,

1271 350 58 22 lame
1342 349 36 23 old
1390 349 43 23 and
1446 349 61 23 blind
1517 350 10 23 ?
1636 350 45 30 dog
1692 350 29 23 oh

1273 381 84 30 replied
1370 382 36 23 the
1418 381 82 30 knave,
1539 382 53 23 thou
1604 387 36 18 art
1651 383 72 22 either
1744 383 74 22 drunk
1831 391 26 15 or

1273 414 60 29 mad,
1346 415 17 22 it
1374 415 20 22 is
1405 423 30 15 no
1448 414 45 31 dog
1510 415 40 23 but
1562 423 15 15 a
1593 415 77 31 sheep,
1684 423 29 15 an
1733 416 124 30 acceptible

1274 447 102 24 sacrifice
1387 447 73 23 would
1472 449 19 21 it
1502 448 27 22 be
1548 452 22 18 to
1582 448 40 30 thy
1759 448 40 23 On
1811 448 45 23 this

1273 480 37 23 the
1320 480 97 23 Dervise
1429 480 87 31 yielded
1533 485 23 18 to
1575 481 114 30 authority
1698 490 7 19 ;
1723 480 29 24 he
1770 481 87 30 bought

1274 513 36 23 the
1323 520 40 16 cur
1373 513 35 23 for
1420 517 43 19 two
1479 521 113 16 measures
1605 513 25 23 of
1644 514 47 22 rice
1704 513 43 24 and
1758 522 14 14 a
1783 518 39 26 pot
1834 515 24 22 of

1274 546 64 30 ghee,
1362 546 43 23 and
1426 546 95 31 offering
1540 547 17 22 it
1577 554 30 23 up
1627 551 23 18 to
1669 546 37 23 his
1728 546 64 23 Gods
1811 554 46 16 was

1275 579 91 23 smitten
1378 579 33 23 for
1423 579 36 23 his
1470 579 113 29 impunity
1594 579 54 23 with
1669 586 14 16 a
1695 587 50 15 sore
1757 579 98 24 disease.

1309 611 23 23 It
1355 619 44 15 was
1420 612 50 23 well
1490 612 106 23 observed
1608 612 31 30 by
1650 611 48 24 Mr.
1724 612 62 23 Hort
1810 612 47 23 that

1276 644 62 24 there
1349 644 20 23 is
1380 652 29 15 no
1422 645 44 23 evil
1477 645 93 23 without
1582 645 29 23 its
1621 645 159 23 coracomitant
1789 645 66 30 good.

1302 677 50 22 Out
1374 677 24 23 of
1422 677 45 23 this
1490 678 68 23 nettle
1579 677 82 32 danger
1680 685 33 16 we
1730 678 69 31 pluck
1820 678 37 23 the

1275 710 76 23 flower
1496 710 74 24 There
1582 711 42 23 has
1636 711 55 31 long
1701 712 57 22 been
1771 719 14 15 a
1796 711 60 23 little

1276 742 80 23 foolish
1365 743 106 31 jealousy
1483 744 25 22 of
1517 743 131 31 Welington
1660 745 25 22 in
1697 744 38 23 the
1747 744 75 23 minds
1834 744 25 23 of

1276 783 40 16 our
1326 775 85 24 Nelson
1431 776 137 31 neighbours
1578 778 44 27 ;it
1637 778 20 22 is
1679 785 66 22 gone.
1790 777 66 30 They

1275 808 44 24 feel
1330 809 44 23 and
1386 816 31 16 we
1430 809 42 23 feel
1486 817 48 15 now
1543 809 47 23 that
1597 818 33 14 we
1638 810 57 23 have
1704 818 41 15 one
1753 818 104 15 common

1275 842 94 23 interest
1379 851 5 19 ;
1399 842 44 23 and
1455 850 33 15 we
1499 842 64 23 stand
1575 844 108 29 prepared
1696 847 23 19 to
1730 843 60 23 back
1802 842 55 24 each

1276 873 64 24 other
1351 875 23 22 in
1385 875 31 23 all
1428 875 49 23 that
1489 876 19 22 is
1521 882 118 24 necessary
1654 876 35 23 for
1709 884 40 15 our
1769 876 88 23 mutual

1275 908 126 30 protection
1413 908 45 23 and
1479 908 37 23 the
1535 908 91 30 general
1655 908 162 24 advancement
1835 908 24 24 of

1276 940 52 22 both
1338 941 149 22 settlements.
1536 940 49 23 And
1605 948 25 15 so
1653 948 33 16 we
1706 946 58 18 trust
1780 942 19 22 it
1812 941 45 23 will

1276 981 50 15 ever
1337 973 28 23 be
1377 974 23 21 in
1413 973 86 23 Cook's
1511 973 90 23 Straits.
1646 973 43 23 We
1702 981 36 16 are
1751 982 13 15 a
1776 979 81 25 strong

1275 1006 58 31 body
1345 1006 19 23 if
1373 1006 78 23 united
1460 1014 6 20 ;
1485 1013 32 15 we
1530 1014 37 14 are
1584 1006 45 23 five
1650 1007 82 27 sixths,
1752 1014 25 16 or
1796 1014 62 16 more

1276 1039 22 22 of
1308 1039 38 23 the
1356 1039 66 23 white
1433 1039 131 31 population
1577 1039 24 23 of
1611 1039 57 23 New
1681 1039 99 24 Zealand
1790 1049 6 19 ;
1811 1040 45 23 and

1275 1072 87 30 though
1380 1072 111 31 arbitrary
1509 1079 74 23 power
1603 1072 43 23 and
1664 1073 78 30 public
1762 1073 96 30 robbery

1274 1105 57 23 have
1344 1105 79 31 deeply
1434 1105 91 31 injured
1536 1113 34 20 us,
1589 1105 45 23 and
1646 1113 52 23 may
1716 1105 46 24 still
1781 1106 29 23 do
1831 1113 26 16 so

1274 1138 33 22 for
1319 1146 12 14 a
1345 1139 59 28 time,
1418 1143 38 25 yet
1467 1145 68 16 never
1547 1138 36 23 did
1590 1138 95 24 Britons
1698 1139 61 22 show
1773 1147 14 15 a
1808 1140 49 22 firm

1274 1171 59 23 front
1356 1176 22 18 to
1403 1171 59 23 their
1481 1172 138 30 antagonists
1637 1172 44 22 and
1701 1180 116 22 persevere
1834 1173 23 22 in

1274 1204 58 23 their
1345 1204 107 23 demands
1465 1205 35 22 for
1516 1204 88 24 redress
1623 1205 94 23 without
1733 1205 124 23 discomfit-

1274 1237 38 31 ing
1325 1237 57 23 their
1394 1237 47 23 foes
1453 1239 24 21 in
1497 1238 37 23 the
1551 1238 55 30 long
1624 1246 50 20 run,
1697 1240 43 21 and
1763 1239 94 30 gaining

1274 1270 58 23 what
1344 1271 52 29 they
1408 1271 91 29 sought.
1519 1270 44 24 Let
1575 1279 26 14 us
1615 1271 52 30 only
1680 1272 27 22 be
1717 1272 136 22 unanimous

1274 1303 43 23 and
1330 1308 37 18 ten
1379 1303 144 29 Aucklands,
1535 1304 54 23 with
1606 1308 38 19 ten
1664 1304 78 23 Police
1766 1305 90 30 Magis-

1274 1341 69 18 trates
1356 1336 42 23 and
1420 1341 39 18 ten
1477 1336 110 24 thousand
1606 1337 56 23 false
1674 1338 183 30 proclamations,

1274 1377 40 15 can
1327 1369 28 23 do
1366 1377 28 15 us
1405 1377 29 16 no
1446 1378 63 15 more
1519 1371 52 22 than
1582 1379 12 14 a
1610 1374 130 27 temporary
1759 1371 77 29 injury
1846 1380 5 19 ;

1273 1410 27 15 an
1312 1402 75 31 injury
1398 1402 73 24 which
1482 1403 36 23 the
1529 1403 53 23 laws
1594 1404 24 22 of
1635 1404 72 22 moral
1718 1404 134 30 retribution

1273 1440 60 18 must
1345 1444 60 14 some
1417 1436 43 31 day
1472 1437 78 22 revisit
1563 1444 27 15 on
1603 1437 38 22 the
1659 1435 70 24 heads
1750 1436 24 23 of
1791 1436 66 23 those

1273 1469 48 21 who
1335 1469 91 21 inflcted
1437 1470 26 20 it.

1347 1529 77 24 NEW
1441 1530 162 23 ZEALAND
1623 1531 156 22 SOCIETY.

1304 1591 45 24 We
1360 1592 44 23 find
1426 1592 29 31 by
1467 1601 41 15 our
1519 1598 76 18 recent
1616 1594 102 28 arrivals,
1742 1594 49 23 that
1809 1595 44 23 this

1273 1625 90 31 Society
1383 1626 20 22 is
1427 1626 90 31 already
1536 1627 21 22 in
1577 1627 42 23 full
1642 1628 123 30 operation.
1811 1628 42 23 We

1271 1658 57 23 have
1339 1660 22 21 in
1375 1667 12 14 a
1397 1660 106 29 previous
1516 1660 100 28 number,
1635 1661 128 23 mentioned
1775 1661 49 23 that
1836 1662 18 22 it

1272 1693 96 21 consists
1380 1691 24 23 of
1413 1692 105 23 absentee
1530 1693 137 30 proprietors
1678 1694 44 23 and
1734 1694 77 23 others
1818 1695 37 22 in-

1272 1725 96 22 terested
1381 1726 21 21 iv
1415 1725 38 23 the
1466 1726 93 31 Colony,
1582 1726 43 22 and
1638 1726 49 23 that
1699 1728 29 22 its
1740 1728 75 31 object
1836 1728 19 22 is

1272 1762 21 18 to
1307 1757 93 23 forward
1419 1766 40 15 our
1477 1759 105 22 interests
1594 1760 23 21 in
1630 1767 67 23 every
1710 1768 47 22 way
1770 1761 19 22 it
1806 1768 49 15 can.

1273 1790 102 31 Nothing
1387 1799 40 14 can
1444 1792 54 23 tend
1511 1800 60 15 more
1584 1797 22 18 to
1620 1792 81 24 render
1719 1793 45 23 this
1787 1794 68 22 effec-

1273 1824 45 22 tual
1331 1824 54 23 than
1394 1824 36 23 the
1442 1825 127 23 immediate
1580 1825 120 24 formation
1710 1827 23 22 in
1743 1826 112 31 Welling-

1272 1862 38 18 ton
1323 1858 26 22 of
1361 1865 14 15 a
1386 1858 175 30 corresponding
1574 1858 143 30 Committee,
1736 1859 74 23 which
1821 1868 34 14 we

1272 1895 100 26 suggest,
1392 1891 70 30 ought
1481 1895 22 19 to
1525 1891 25 23 be
1568 1891 85 23 formed
1666 1892 93 23 without
1781 1901 13 14 a
1806 1901 49 15 mo-

1272 1929 74 17 ments
1357 1923 72 31 delay,
1448 1925 24 22 in
1484 1924 63 23 order
1559 1924 49 23 that
1620 1925 37 23 the
1669 1930 95 18 account
1777 1926 26 23 of
1817 1926 38 23 the

1273 1955 36 25 the
1328 1962 76 18 recent
1427 1962 78 18 events
1528 1966 51 22 may
1589 1966 29 22 go
1643 1958 66 24 home
1730 1959 71 23 under
1822 1960 32 23 its

1272 1991 110 22 sanction.

1439 2048 246 23 ENGLAND.

1307 2105 50 23 Our
1367 2105 69 25 latest
1448 2113 59 15 news
1519 2107 19 21 is
1552 2106 80 23 March
1646 2107 49 22 Bth.
1733 2107 42 23 We
1797 2107 56 23 have

1272 2139 96 30 nothing
1388 2146 53 23 very
1453 2139 101 22 material
1576 2144 21 18 to
1619 2141 173 28 communicate,
1812 2142 43 22 and

1273 2171 37 23 the
1323 2176 74 26 report
1410 2172 24 22 of
1442 2172 37 23 the
1493 2172 81 23 Public
1585 2173 104 30 Meeting
1698 2174 118 30 precludes
1829 2182 26 15 us

1273 2204 56 24 from
1348 2205 78 31 giving
1443 2213 67 23 many
1523 2210 106 19 extracts.
1667 2206 38 23 On
1718 2207 37 23 the
1773 2206 81 30 whole,

1273 2237 37 23 the
1323 2243 85 26 reports
1421 2246 37 15 are
1469 2238 78 31 highly
1555 2240 165 30 encouraging;
1735 2240 120 23 Governor

1274 2270 117 24 Hobson's
1409 2271 67 23 death
1488 2272 19 22 is
1519 2272 49 23 said
1584 2277 22 18 to
1625 2272 58 23 have
1695 2274 106 22 removed
1818 2273 37 23 the

1272 2304 110 31 principal
1400 2305 100 23 obstacle
1512 2309 22 18 to
1547 2305 36 23 the
1592 2305 51 31 just
1655 2307 164 22 consideration
1834 2308 21 21 of

1273 2337 37 22 the
1321 2338 97 30 position
1431 2338 23 22 of
1474 2338 37 23 the
1524 2338 96 23 Settlers
1633 2339 22 22 in
1669 2339 76 24 Cooks
1767 2340 72 23 Strait
1849 2349 5 19 ;

1273 2371 43 22 and
1335 2378 33 16 we
1386 2378 51 23 may
1450 2371 53 23 look
1522 2371 53 23 with
1596 2373 143 30 expectation
1751 2378 22 18 to
1794 2373 61 30 early

1272 2404 45 23 arid
1328 2404 122 29 important
1462 2404 97 29 changes
1571 2406 23 21 in
1608 2413 41 15 our
1660 2405 85 24 affairs.

1307 2468 50 23 The
1367 2467 85 32 barque
1464 2465 72 33 Mary
1549 2469 88 23 arrived
1648 2470 59 23 from
1719 2470 98 24 London
1827 2479 28 15 on

1274 2502 142 29 Wednesday
1429 2502 74 30 night,
1516 2502 56 23 after
1584 2510 13 15 a
1608 2503 132 23 favourable
1760 2512 96 23 passage

1274 2535 21 23 of
1312 2535 58 23 little
1382 2542 61 15 more
1455 2535 54 22 than
1526 2535 50 23 four
1594 2537 101 23 months.
1738 2537 44 24 We
1801 2538 55 23 have

1272 2568 103 24 received
1387 2576 12 15 a
1410 2568 63 30 large
1485 2568 61 29 mail,
1559 2569 44 23 and
1615 2570 58 22 shall
1692 2570 52 31 give
1765 2578 91 24 copious

1273 2606 98 17 extracts
1383 2603 23 20 in
1420 2609 41 14 our
1472 2606 63 17 next.

256 119 42 20 Ex

141 177 73 21 JUST
233 175 140 23 ARRIVED
388 176 59 22 PER
464 176 91 21 MARY.

63 212 157 49 MOUSSE
223 212 73 22 LINE
315 212 28 21 de
364 212 112 22 LAINES
495 211 45 22 and
558 211 78 27 prints,

151 242 82 18 newest
241 241 105 24 patterns,

87 264 145 23 Fashionable
242 266 91 20 bonnets
344 265 44 22 and
399 264 116 27 millinery,

85 292 83 21 Tartan
179 291 44 21 and
230 291 86 27 Paisley
324 291 81 22 shawls
415 291 43 21 and
468 290 169 21 handkerchiefs

85 317 124 22 Children's
220 317 60 22 boots
290 318 43 21 and
343 318 70 24 shoes,
424 317 58 26 baby
491 317 66 26 linen,

86 344 78 26 Toilet,
176 344 74 26 swing,
260 344 43 21 and
315 344 99 26 dressing
423 343 89 26 glasses,

86 370 101 21 Window
197 370 64 27 glass,
273 371 86 21 various
368 371 60 24 sizes,

86 397 71 26 Paper
166 396 109 27 hangings
286 397 21 21 in
318 398 62 25 great
388 395 93 28 variety,
626 405 3 5 -

86 423 127 27 Stationery
223 424 42 20 and
275 425 95 19 account
377 422 75 26 books,

86 449 107 27 Quantity
203 450 25 20 of
230 450 59 25 jams
298 448 45 22 and
352 448 170 27 confectionery,

85 475 89 22 Double
185 476 43 20 Glo
236 478 43 18 ster
289 475 42 21 and
342 475 50 26 pine
402 475 84 26 cheese,
503 475 45 21 fine
566 474 71 27 hams,

86 501 78 23 Mixed
173 501 83 28 pickles
265 502 23 20 in
300 501 69 21 dozen
378 508 68 18 cases,

86 528 90 21 Garden
186 527 62 22 seeds
258 528 21 21 in
290 527 97 21 assorted
397 523 96 31 packets,

86 554 85 26 Clover,
182 554 87 26 mangel
280 554 95 25 wurtzel,
384 553 45 22 and
440 555 73 26 turnip
524 553 58 27 seed,

87 581 58 21 Corn
155 580 45 22 and
210 584 86 23 potatoe
307 580 69 26 sacks,

84 606 44 22 Tin
138 606 71 28 plates
218 607 22 21 in
252 607 72 26 boxes,

86 633 80 26 Sherry
177 633 23 21 in
210 632 129 28 hogsheads.

341 667 95 22 George
452 668 75 26 Hart,

416 694 109 23 Lambton
537 695 72 27 Quay.

86 721 87 27 August
183 722 33 24 11,
227 722 60 21 1843.

129 767 54 19 For
197 766 68 24 Sale,
281 767 90 23 Seeds,
385 772 36 14 ex

58 799 93 48 JUST
174 799 108 26 received,
303 807 13 13 a
340 798 99 22 valuable
462 802 134 19 assortment
614 799 27 22 of

121 825 60 22 fresh
191 826 67 21 Seeds
267 826 56 21 from
335 825 100 22 London.

236 856 77 26 Office,
325 857 87 25 August
422 858 33 24 11,
468 857 60 21 1843.

58 901 126 26 Opening
199 901 29 20 of
240 901 45 20 the
296 901 72 20 First
376 901 84 21 Place-
472 901 30 20 of
510 901 127 27 Worship

206 927 29 21 in
249 928 65 20 Port
333 927 158 21 Nicholson.

59 962 70 49 ON
149 960 132 28 SUNDAY,
298 962 85 25 August
400 960 58 27 13th,
472 961 163 27 .(to-morrow,)

134 988 38 21 the
183 988 117 26 Wesleyan
310 987 90 27 Chapel,
411 988 31 21 Te
458 988 48 21 Aro
523 988 57 26 Flat,
592 989 43 21 will

57 1014 27 22 be
96 1014 92 28 opened,
209 1014 62 21 when
282 1015 103 20 Sermons
395 1014 42 21 will
447 1014 28 21 be
486 1014 114 23 Preached
613 1023 24 14 as

56 1042 85 22 follows
149 1049 4 14 :
155 1053 30 3 —

84 1073 27 21 In
124 1073 35 22 the
175 1073 109 27 morning,
296 1076 21 18 at
332 1072 105 28 half-past
453 1077 36 17 ten
500 1073 94 27 o'clock,
606 1074 31 27 by

56 1100 37 21 the
103 1100 54 21 Rev.
171 1100 87 21 Gideon
274 1100 97 26 Smales;
385 1100 24 20 in
425 1100 37 21 the
476 1100 125 26 afternoon,
613 1105 23 17 at

55 1126 62 22 three
127 1126 94 26 o'clock,
236 1127 29 26 by
274 1126 36 21 the
327 1127 54 20 Rev.
394 1126 59 21 John
471 1126 91 27 Aldred,
580 1127 55 21 from

56 1153 84 21 Nelson
148 1161 5 19 ;
169 1153 44 21 and
228 1153 24 21 in
269 1153 37 21 the
323 1153 98 26 evening,
434 1157 22 17 at
473 1153 107 27 half-past
594 1154 40 26 six,

54 1180 29 26 by
103 1180 37 21 the
160 1180 56 20 Rev.
235 1179 88 22 Samuel
344 1180 105 26 Ironside,
468 1180 57 20 from
547 1180 88 27 Cloudy

56 1206 54 27 Bay.
140 1206 130 22 Collections
280 1206 56 21 after
344 1206 53 21 each
408 1206 90 26 service,
505 1206 35 22 for
547 1207 90 26 defray-

54 1233 39 27 ing
102 1233 38 21 the
150 1240 105 20 expenses
265 1233 26 21 of
298 1232 35 21 the
344 1232 106 27 building.

82 1263 54 23 Also
147 1272 26 14 on
186 1264 105 27 Monday,
301 1263 38 22 the
350 1263 50 22 14th
411 1264 59 26 inst.,
481 1271 13 15 a
505 1265 72 21 Social
588 1265 49 21 Tea

56 1291 99 27 Meeting
164 1291 43 21 will
220 1298 25 14 oe
255 1290 56 22 held.
341 1291 89 21 Tickets
440 1292 30 20 Is.
482 1291 63 21 each.
575 1291 59 28 Only

55 1325 14 13 a
83 1317 85 23 limited
179 1317 94 23 number
283 1324 36 14 are
329 1317 80 26 issued,
421 1317 44 21 and
479 1324 59 16 none
550 1318 44 22 will
608 1319 28 21 be

55 1344 106 22 admitted
172 1344 90 22 without
273 1351 13 14 a
296 1345 70 20 ticket.

81 1376 89 26 ■August
181 1378 32 24 12,
226 1378 58 24 ?843,

293 1422 106 20 Notice.

54 1456 91 50 ALL
169 1456 136 22 PERSONS
324 1456 106 22 indebted
449 1460 22 18 to
489 1457 37 22 the
545 1457 50 22 firm
614 1457 25 21 of

133 1483 117 22 Anderson
259 1482 43 22 and
312 1483 108 26 Rowand,
433 1491 37 13 are
481 1484 116 27 requested
614 1487 21 18 to

54 1518 43 19 pay
106 1510 58 21 their
174 1513 104 18 accounts
288 1510 117 26 forthwith,
417 1517 23 14 or
449 1510 128 22 immediate
586 1517 51 21 pro-

54 1536 104 27 ceedings
167 1536 46 21 will
222 1536 27 21 be
257 1536 116 22 instituted
382 1537 35 21 for
434 1536 36 21 the
488 1544 107 20 recovery
612 1538 26 20 of

54 1564 38 21 the
101 1571 68 14 same.

296 1590 126 21 Anderson
437 1597 46 15 and
498 1591 110 22 Rowand.

81 1616 136 28 Wellington
235 1618 87 26 August
331 1620 19 22 3,
364 1618 59 21 1843.

217 1661 156 22 SHERIFF'S
388 1661 84 21 SALE.

176 1694 33 20 In
225 1694 42 20 the
292 1693 107 26 County
420 1693 90 21 Court.

55 1725 102 21 Between
185 1725 114 21 Kenneth
324 1724 113 21 Bethune
465 1725 45 21 and
538 1725 97 22 George

191 1752 107 23 Huntek,
313 1752 107 24 Plaintiffs
427 1761 7 12 {
455 1752 45 21 and

166 1779 95 21 Thomas
279 1778 99 28 Heggie,
399 1778 126 26 Defendant.

53 1811 71 48 BY
138 1811 71 21 virtue
221 1811 23 21 of
261 1819 12 13 a
289 1811 56 21 Writ
365 1813 25 20 of
406 1812 124 22 Execution
548 1813 87 26 against

131 1837 36 22 the
188 1838 75 21 Goods
282 1839 44 20 and
345 1839 98 21 Chattels
460 1840 25 20 of
500 1839 37 21 the
553 1840 82 20 above-

53 1864 81 22 named
150 1864 137 26 Defendant,
298 1865 38 21 the
347 1865 82 22 Sheriff
436 1865 43 22 will
489 1873 65 15 cause
571 1870 21 17 to
608 1866 27 21 be

53 1891 48 21 sold
118 1891 28 27 by
167 1891 77 22 Public
269 1887 104 30 Auction,
395 1900 27 14 on
447 1893 101 26 Monday
572 1896 61 23 next,

53 1919 89 25 August
152 1920 32 24 14,
197 1919 57 24 1843,
267 1922 22 17 at
299 1920 25 20 12
332 1914 84 26 o'clock
427 1919 113 27 precisely,
551 1919 84 26 (unless

53 1945 43 21 this
113 1945 122 21 Execution
252 1945 27 21 be
297 1945 124 28 previously
437 1946 95 27 stayed,)
553 1954 28 14 on
597 1946 38 22 the

52 1971 105 26 premises
177 1971 22 22 in
220 1970 106 28 Ingestrie
352 1973 78 27 Street,
454 1973 21 21 in
498 1973 135 27 Wellington

52 1998 115 26 aforesaid,
186 1997 30 23 all
234 1998 36 22 the
285 1999 92 21 interest
393 1999 25 21 of
432 1999 37 21 the
480 1999 48 22 said
537 1999 98 23 Thomas

53 2025 88 24 Hegrgfie
156 2025 27 17 of
198 2024 44 20 and
256 2025 22 20 in
291 2025 36 19 the
341 2025 99 20 freehold
449 2026 60 26 land,
521 2026 114 25 dwelling-

51 2048 76 26 house,
140 2049 43 21 and
199 2049 104 26 premises
319 2056 50 14 now
383 2051 106 26 occupied
504 2052 31 27 by
550 2051 47 22 him
611 2052 23 20 in

54 2075 108 27 Ingestrie
184 2075 72 21 Street
273 2075 115 28 aforesaid,
410 2077 100 27 together
527 2078 51 21 with
597 2077 37 23 the

52 2102 114 26 furniture,
178 2102 62 26 tools,
252 2102 42 22 and
305 2103 76 21 effects
398 2103 94 23 therein.

329 2130 85 22 Henry
430 2131 35 21 St.
482 2131 70 26 Hill,

521 2158 85 22 Sheriff.

80 2182 143 27 Wellington,
234 2183 88 27 August
331 2185 19 25 8,
364 2185 59 21 1843.

263 2229 23 21 J.
315 2229 105 26 BIRD,

52 2262 230 25 Cabinet-maker,
298 2263 184 25 Upholsterer,
503 2264 21 20 &
547 2264 87 26 Paper

285 2289 119 27 Hanger,
642 2285 2 36 j

234 2328 33 13 TK
293 2328 54 14 ARO
372 2328 79 19 FLAT,

51 2346 268 49 RESPECTFULLY
334 2347 83 22 solicits
432 2356 14 14 a.
460 2348 87 32 portion
559 2349 26 21 of
597 2349 45 22 the-

129 2373 91 21 favours
229 2374 25 21 of
261 2374 37 21 the
312 2378 79 23 gentry
401 2375 45 21 and.
459 2375 139 22 inhabitants
613 2376 26 21 of

51 2399 137 28 Wellington
198 2400 24 22 in
237 2400 37 22 the
289 2401 71 21 above
376 2401 117 27 branches,
505 2403 43 20 and
561 2407 72 23 trusts,

96 2426 34 22 his
150 2427 137 22 economical
306 2428 93 26 charges
416 2429 45 21 and
478 2430 116 26 attention,
612 2434 22 18 to

51 2453 66 22 merit
126 2461 13 14 a
148 2454 150 22 continuance
307 2455 25 21 of
341 2455 37 21 the
387 2462 68 15 same.

77 2480 50 22 Has
146 2488 13 13 a
178 2480 76 22 choice
273 2481 117 22 collection
409 2483 26 20 of
454 2482 56 21 New
534 2483 101 22 Zealand

51 2507 81 26 woods,
163 2507 50 22 well
241 2509 106 21 seasoned
359 2516 5 19 ;
390 2516 12 14 a
426 2509 41 22 few
491 2509 42 22 low
557 2510 78 28 priced

50 2537 136 19 mattresses.

77 2560 105 22 Families
192 2560 80 29 having
283 2561 58 22 their
349 2570 49 14 own
404 2563 115 22 materials
526 2571 41 14 can
578 2564 56 22 have

51 2587 61 21 them
123 2587 65 22 made
199 2596 36 19 up.

77 2619 32 22 Te
119 2620 47 21 Aro
177 2620 56 27 Flat,
245 2621 55 27 May
311 2623 33 24 12,
357 2623 59 20 1843.
