2559 4050
852 527 133 37 EVERY
1029 524 259 39 WEDNESDAY
1331 524 88 37 AND
1465 524 228 38 SATURDAY
1739 523 204 40 MORNING.

738 642 259 37 NICHOLSON,
1019 638 228 34 SATURDAY
1269 639 210 35 MORNING,
1501 639 231 38 DECEMBER
1757 643 48 32 16,
1830 640 90 32 3843,

2264 640 93 42 [Vol.
2379 638 52 35 IV,

57 71 2422 109 THE

57 180 383 110 NEW
567 180 893 110 ZEALAND
1587 180 892 110 GAZETTE

57 290 2422 109 AND

57 399 1154 109 WELLINGTON
1326 399 1153 109 SPECTATOR.

97 645 65 31 No;
184 644 120 43 SQj&j**.

1284 730 177 50 WANTED
1489 737 15 15 a
1527 730 43 22 few
1593 730 60 27 pairs
1675 730 26 21 of
1727 730 146 27 experienced

1389 757 107 26 Sawyers.
1537 756 135 22 Immediate
1683 773 3 4 .
1695 757 134 27 application
1853 757 20 21 is

1285 790 118 20 necessary
1414 787 23 17 at
1446 783 37 23 the
1493 783 64 22 office
1567 783 27 21 of
1600 783 38 21 the
1650 783 155 26 undersigned.

1602 815 84 25 Waitt
1699 814 48 23 and
1761 816 83 23 Tyser.

1299 842 139 23 ..December
1447 844 20 25 8,
1479 843 61 22 1843.

1298 883 5 28 \
1306 898 10 16 :
1486 884 40 24 £5
1541 888 127 20 Reward.

1278 908 40 45 jA
1348 920 136 23 REWARD
1501 921 26 20 of
1542 920 38 23 £5
1598 920 54 23 will*
1662 920 30 21 be
1706 921 69 26 given
1791 920 35 21 for
1834 919 39 22 the

1282 952 51 17 -XJI
1361 947 116 27 discovery
1487 947 27 21 of
1526 946 38 22 the
1579 954 93 20 persons
1682 946 51 22 who
1749 954 37 14 are
1796 947 25 22 in
1834 946 39 22 the

1283 973 63 24 habit
1362 974 26 21 of
1402 973 94 28 stealing
1506 973 58 22 from
1580 973 39 22 the
1635 973 57 22 back
1702 973 27 21 of
1741 973 39 22 the
1788 973 85 27 garden

1284 1001 25 22 of
1319 1000 37 22 the
1366 999 158 29 undersigned,
1535 1001 23 20 in
1574 999 99 28 Murphy
1683 1000 80 21 Street.
1778 1008 4 3 -

1303 1034 18 9 '"
1609 1033 26 22 T.
1653 1034 32 21 M.
1700 1033 144 22 Partridge.

1307 1058 133 25 -November
1450 1061 33 25 15,
1494 1061 64 21 1843.
1832 1067 3 4 -
1838 1058 6 14 ;

1284 1106 39 22 To
1338 1107 163 21 Gentlemen
1517 1106 148 27 intending
1679 1108 27 18 to
1722 1108 77 18 enter

1310 1134 44 20 the
1383 1133 144 26 profitable
1555 1133 110 26 pursuit
1694 1133 30 20 of
1752 1133 121 26 Grazing

1287 1164 4 9 '
1312 1160 53 21 and
1386 1160 136 26 Breeding
1541 1160 94 23 Stock,
1658 1159 41 21 for
1719 1159 89 21 which
1828 1160 45 20 the

1287 1191 4 4 L
1304 1187 95 23 -fertile
1419 1187 111 21 Islands
1552 1186 31 21 of
1600 1187 69 20 New
1686 1186 123 21 Zealand
1827 1190 46 16 are

1310 1218 31 17 so
1357 1213 151 26 peculiarly
1524 1213 127 26 adapted.

1285 1237 91 51 THE
1388 1239 153 26 undersigned
1550 1240 44 26 beg
1604 1243 22 18 to
1633 1239 83 21 inform
1726 1238 148 22 theirfriends

1354 1266 46 22 and
1417 1266 38 22 the
1469 1266 76 28 public
1560 1265 124 28 generally,
1699 1265 51 22 that
1766 1265 52 27 they
1830 1265 43 22 will

1285 1293 100 22 cbntract
1409 1293 35 21 for
1462 1293 37 21 the
1525 1292 101 28 delivery
1651 1293 26 21 of
1698 1292 38 22 the
1761 1291 114 28 following

1286 1319 133 28 description
1432 1319 27 22 of
1466 1318 74 28 Stock,
1548 1320 24 21 in
1581 1326 45 21 any
1636 1319 54 21 Port
1699 1319 25 21 of
1738 1317 37 23 the
1786 1319 89 21 Islands

1287 1346 25 22 of
1318 1347 55 21 New
1383 1346 102 22 Zealand
1492 1354 6 12 :
1499 1357 27 4 —
1526 1346 3 4 '

1312 1373 96 22 Horned
1423 1372 68 22 cattle
1509 1371 127 28 (improved
1649 1371 90 26 breeds)
1755 1371 25 22 of
1792 1371 30 22 all
1837 1370 39 23 de-

1286 1399 125 27 scriptions;

1313 1426 91 27 Horses,
1425 1425 59 23 from
1506 1425 38 22 the
1567 1425 52 22 best
1638 1424 94 28 English
1753 1423 45 23 and
1813 1423 62 23 Arab

1285 1453 70 26 studs,
1372 1453 95 22 suitable
1482 1452 44 26 for.
1536 1452 87 27 racing,
1638 1451 83 28 saddle,
1733 1458 26 15 or
1770 1451 91 22 harness
1869 1460 6 19 ;

1282 1480 47 22 ■slid
1339 1480 108 27 breeding
1457 1486 81 20 mares,

1314 1507 57 21 Pure
1381 1507 75 21 Saxon
1468 1506 44 22 and
1522 1506 87 22 meriuo
1621 1512 64 21 ewes,

1313 1533 121 23 Half-bred
1451 1533 113 22 Leicester
1579 1532 46 23 and
1640 1531 86 23 merino
1746 1539 63 19 ewes,
1826 1538 51 22 par-

1287 1561 103 27 ticularly
1399 1560 95 27 adapted
1508 1560 36 22 for
1554 1559 44 22 this
1608 1562 100 24 country,
1720 1566 24 14 as
1754 1559 53 28 they
1814 1559 63 23 unite

1288 1587 80 28 weight
1378 1587 26 22 of
1411 1594 85 15 carcass
1508 1587 52 21 with
1571 1587 97 21 fineness
1679 1586 25 21 of
1711 1586 64 22 wool.

1302 1634 3 5 ,
1313 1615 47 22 The
1384 1613 152 28 undersigned
1559 1620 43 15 can
1630 1613 167 23 accommodate
1825 1620 52 20 pur-

1288 1640 88 24 chasers
1392 1641 25 21 of
1431 1640 58 22 their
1498 1639 69 23 Stock
1585 1639 54 22 with
1656 1640 114 22 extensive
1785 1641 93 26 grazing

1287 1676 36 20 run
1323 1676 25 20 3,
1359 1667 78 23 within
1448 1669 39 21 100
1496 1667 66 21 miles
1572 1667 27 21 of
1605 1667 44 21 this
1659 1667 60 21 Port.

1549 1699 37 23 W.
1602 1699 26 23 B.
1644 1699 96 23 Rhodes
1753 1698 44 24 and
1811 1700 38 21 Co.

1388 1745 39 20 To
1458 1745 87 20 Cover
1574 1743 56 21 this
1658 1743 113 25 Season,

1489 1779 32 20 At
1534 1778 137 26 Wellington,

1289 1813 90 50 THE
1432 1811 190 25 THOROUGH-
1630 1811 82 23 BRED
1734 1827 11 11 *>
1769 1811 106 24 HORSE

1492 1840 229 24 WANDERER,

1289 1867 36 23 the
1334 1870 106 26 property
1451 1867 26 22 of
1483 1867 86 21 Robert
1581 1866 104 22 Jenkins.

1315 1899 125 22 Wanderer
1448 1906 44 15 was
1502 1902 39 24 got
1550 1898 31 28 by
1590 1898 83 27 Young
1683 1897 131 29 Wanderer,
1821 1897 56 22 bred

1289 1925 29 28 by
1335 1926 62 22 Lord
1414 1926 129 27 Egremont,
1565 1926 49 21 and-
1630 1925 110 26 imported
1759 1926 47 21 into
1825 1924 50 22 Van

1289 1954 110 22 Diemens
1418 1954 66 21 Land
1503 1953 29 27 by
1555 1952 78 22 James
1657 1952 86 28 Henty,
1770 1952 60 27 Esq.,
1854 1952 26 21 of

1289 1981 151 22 Launceaton.

1278 2017 6 5 -
1296 2004 109 28 'os*n-a
1407 2006 193 24 -kltfad-jnareJiy
1828 2004 25 21 of
1863 2012 16 13 a

1286 2029 73 19 Trtootf
1366 2033 62 14 maTe
1439 2028 29 24 by
1482 2028 105 19 boilivar.
1611 2040 7 3 -
1778 2031 3 3 '

1318 2052 100 22 Bollivar
1433 2059 46 14 -was
1487 2051 112 28 imported
1618 2051 29 28 by
1658 2051 36 23 the
1705 2051 52 22 Van
1772 2051 107 23 Diemens

1292 2078 63 22 Land
1375 2079 123 26 Company,
1519 2079 46 21 and
1585 2079 17 21 is
1622 2081 37 19 the
1678 2079 42 21 sire
1741 2079 25 21 of
1786 2079 91 21 Donald

1291 2105 73 26 Caird,
1381 2105 51 21 Yon
1451 2105 90 28 Trump,
1559 2103 44 24 and
1614 2106 63 21 other
1694 2106 98 26 winning
1804 2105 75 23 horses

1291 2139 29 15 on
1330 2131 37 23 the
1379 2131 51 23 Van
1441 2131 107 23 Diemens
1559 2132 66 22 Land
1635 2133 51 21 turf.

1318 2159 47 21 The
1374 2159 125 27 proprietor
1509 2159 76 22 deeim
1602 2160 17 21 it
1628 2166 148 20 unnecessary
1786 2164 23 16 to
1825 2159 54 23 offer

1291 2189 121 22 comment,
1423 2193 25 14 as
1461 2186 82 27 judges
1553 2186 26 22 of
1593 2186 77 22 horses
1684 2185 45 23 will
1744 2191 23 16 at
1782 2194 55 14 once
1851 2187 28 21 be

1291 2213 124 21 convinced
1435 2212 48 22 that
1503 2213 34 21 his
1556 2213 76 26 blood,
1653 2213 63 24 bone,
1733 2213 45 21 and
1796 2213 83 28 beauty

1291 2239 91 22 reaches
1392 2247 80 14 nearer
1481 2241 123 26 perfection
1616 2240 54 22 than
1680 2240 49 22 that
1735 2241 26 21 of
1767 2247 42 20 any
1817 2241 63 21 other

1291 2267 64 21 horse
1365 2267 25 21 in
1401 2267 43 21 this
1455 2267 94 27 Colony.

1318 2294 86 26 Terms,
1416 2301 13 14 a
1439 2293 69 28 single
1519 2301 62 15 mare
1592 2294 35 24 £4
1645 2295 41 26 45.,
1697 2293 94 29 payable
1803 2302 29 15 on
1842 2294 38 22 the

1292 2321 33 21 Ist
1334 2321 125 27 February,
1472 2322 60 21 1844.

1319 2354 130 22 November
1459 2356 33 25 10,
1505 2356 61 21 1843.
1736 2356 9 9 i

1522 2401 42 22 On
1579 2402 71 24 Sale,

1292 2434 92 49 THE
1414 2434 72 23 NEW
1511 2434 155 23 ZEALAND
1694 2435 188 27 PORTFOLIO,

1365 2460 127 23 conducted
1511 2462 30 28 by
1560 2462 33 23 H.
1610 2463 22 22 S.
1651 2463 123 26 Chapman,
1795 2462 37 26 (of
1844 2462 38 23 the

1292 2488 86 23 Middle
1386 2488 110 28 Temple,)
1509 2488 217 24 Barrister-at-Law.

1318 2521 43 23 No.
1375 2521 20 22 I.
1395 2532 29 5 —
1425 2521 22 21 A
1463 2521 77 23 Letter
1555 2524 24 19 to
1598 2520 37 23 the
1649 2521 74 27 Jlight
1741 2521 63 23 Hon.
1821 2521 63 23 Lord

1291 2548 99 27 Stanley,
1409 2549 119 26 Secretary
1547 2549 34 21 of'
1590 2549 62 21 State
1672 2549 34 21 for
1724 2548 39 22 the
1782 2549 102 22 Colonial

1291 2575 156 28 Department,
1480 2575 37 22 On
1525 2575 37 22 the
1569 2575 190 26 Administration
1766 2576 25 22 of
1795 2575 87 23 Justice

1291 2603 22 21 in
1325 2602 55 22 New

1318 2629 44 23 No.
1376 2629 63 22 ll.—
1441 2629 78 22 Letter
1532 2632 23 18 to
1571 2628 62 23 John
1649 2629 59 23 Abel
1724 2629 80 28 Smith,
1820 2629 62 32 Esj.,

1292 2656 68 27 M.P.,
1395 2657 35 21 On
1440 2655 39 23 the
1485 2656 148 27 Advantages
1640 2656 72 22 which
1719 2657 73 21 would
1802 2663 80 16 accrue

1290 2686 23 21 to
1324 2683 95 28 English
1430 2683 126 27 Capitalists
1566 2683 58 22 from
1635 2683 37 22 the
1683 2683 169 22 establishment
1860 2684 26 22 of

1291 2718 14 14 a
1313 2711 60 21 Loan
1385 2712 102 25 Company
1496 2710 36 25 fox
1541 2712 54 20 New
1605 2711 98 26 Zealand,
1715 2711 85 22 similar
1813 2715 22 17 to
1845 2711 37 22 the

1291 2738 130 22 Australian
1430 2738 68 22 Trust

1318 2770 44 23 No.
1374 2770 47 23 111.
1424 2780 27 6 —
1525 2770 100 22 Address
1635 2774 23 18 to
1668 2770 37 22 the
1715 2770 58 22 New
1783 2769 100 26 Zealand

1292 2797 65 22 Land
1367 2798 139 28 Proprietors
1517 2798 99 22 resident
1630 2797 24 22 in
1663 2797 37 22 the
1710 2796 85 24 United
1812 2796 72 28 King-

1291 2824 60 27 dom,
1362 2832 30 14 on
1407 2824 86 22 several
1509 2828 94 18 matters
1613 2824 26 22 of
1646 2824 137 28 importance
1793 2828 23 17 to
1826 2824 58 22 their

1318 2878 44 23 No.
1380 2878 41 22 IV.
1423 2889 28 5 —
1479 2878 36 22 On
1536 2878 39 22 the
1595 2878 115 24 Financial
1729 2877 115 23 condition
1859 2877 28 22 of

1292 2905 56 23 New
1492 2906 31 27 by
1532 2905 94 23 Charles
1635 2906 76 27 Terry,
1724 2905 59 28 Esq.,
1793 2904 89 26 F.R.S.,

1292 2932 80 29 F.S-A-

1319 2960 43 22 No.
1378 2960 29 21 V.
1409 2971 28 4 —
1439 2961 19 20 1.
1511 2958 161 23 Observations
1696 2966 29 14 on
1751 2958 133 28 facilitating

1292 2986 140 27 Emigration
1457 2989 23 19 to
1504 2986 56 22 New
1585 2986 109 26 Zealand,
1713 2986 30 27 by
1764 2992 77 16 means
1860 2986 25 21 6T

1292 3014 117 25 Moderate
1430 3013 99 27 Charges
1544 3013 35 22 for
1599 3013 68 23 Chief
1682 3013 45 22 and
1741 3012 140 23 Fore-Cabin

1453 3041 28 25 In
1491 3048 14 14 a
1515 3040 79 22 Letter
1604 3044 23 18 to
1637 3040 83 28 Joseph
1731 3041 85 27 Sopies,
1828 3040 45 28 Esq
1875 3055 7 11 r
1888 3055 1 4 .

1291 3068 40 22 &c.
1342 3069 41 21 &c.
1413 3068 35 27 By
1459 3067 30 23 H.
1501 3068 23 22 S.
1535 3067 125 28 Chapman.

1318 3097 20 21 2.
1355 3095 15 11 v
1380 3095 22 22 A
1413 3096 76 21 Letter
1498 3102 30 14 on
1538 3093 108 28 Banking
1655 3095 22 21 in
1689 3094 56 22 New

1292 3122 33 28 By
1335 3122 88 22 Arthur
1432 3123 27 21 T.
1472 3121 109 28 Holroyd,
1593 3122 53 28 Esq.
1679 3142 3 3 .

1316 3156 46 22 No.
1475 3156 160 21 Observations
1649 3162 29 15 on
1687 3154 39 23 the
1737 3154 145 28 Advantage?

1291 3182 26 26 of
1328 3191 14 16 a
1360 3183 186 27 Representative
1561 3182 123 27 Assembly
1698 3182 36 22 for
1753 3182 57 21 New
1825 3180 56 23 Zea-

1319 3237 100 22 General
1429 3237 48 23 title
1487 3236 47 24 and
1543 3236 152 23 introduction
1706 3240 23 18 to
1739 3235 37 25 the
1786 3235 82 24 Series.

1482 3277 70 15 PRICE
1570 3276 120 15 SIXPENCE.

1320 3302 87 24 Gazette
1418 3301 79 29 Office,
1510 3302 70 26 Sept.,
1592 3301 62 22 1843.
1771 3328 59 9 ,>«—
1830 3329 50 6 —

1292 3347 81 51 ON.
1381 3347 79 26 SALE
1475 3350 23 20 at
1517 3346 40 26 the
1576 3346 72 25 Office
1668 3346 24 22 of
1701 3345 54 23 -this
1772 3352 68 21 paper
1846 3353 37 14 :■>-

1371 3374 62 29 Keys
1444 3374 26 22 of
1477 3374 38 22 the
1525 3374 71 22 Town
1606 3373 26 22 of
1638 3373 57 23 New
1703 3372 130 28 Plymouth,

1318 3401 69 23 Plans
1397 3401 26 23 of
1430 3401 101 28 Country
1541 3400 68 25 Land
1618 3400 73 24 round
1701 3398 146 29 Wellington,
1856 3399 24 23 in

1292 3435 58 20 case,

1318 3455 71 23 Plans
1398 3455 27 22 of
1431 3455 94 26 Nelson,
1534 3454 25 22 in
1570 3461 60 20 case,

1318 3483 81 27 Copies
1414 3482 28 25 of
1454 3482 38 26 the
1509 3482 57 24 New
1585 3480 102 26 Zealwd
1699 3479 104 27 Journal,
1819 3481 62 27 1842,

1291 3509 119 27 complete,
1419 3509 86 26 bound,

1318 3536 136 29 Chapman's
1464 3535 117 30 Portfolio,,
1591 3534 87 28 bound.

1317 3563 76 23 Prints
1400 3564 25 21 of
1430 3563 96 27 Nelson,

1318 3591 84 24 Prints-
1404 3591 27 22 of
1433 3590 147 27 Wellington,

1318 3617 70 24 Plans
1397 3618 27 25 of
1430 3617 86 26 Nelson,
1524 3618 25 22 in
1558 3616 90 27 Sheets,

1318 3644 71 25 Plans
1397 3645 27 22 of
1429 3645 102 30 Country
1541 3643 66 23 Land
1616 3646 26 27 ajfc
1654 3642 145 28 Wellington,

1317 3672 71 24 Plans
1396 3672 25 22 of
1428 3671 40 23 the
1475 3671 71 23 Town
1555 3670 31 28 of
1590 3670 57 24 New
1658 3669 128 33 Plymouth.

1317 3705 132 29 September
1456 3703 36 29 19,
1503 3705 63 25 1843.

1454 3751 81 26 Weat
1566 3751 153 27 Company.

1309 3775 22 20 &
1336 3792 31 18 •.•
1421 3800 4 7 ,
1526 3782 127 27 BUTTEE

1306 3818 20 23 A
1342 3814 112 29 LWAfS
1467 3824 29 16 on
1506 3816 73 28 hand,
1593 3815 47 25 and
1655 3819 24 20 to
1692 3815 32 25 be
1736 3815 54 28 had,
1799 3815 87 25 whole*

1289 3839 53 34 J%.
1368 3845 48 24 sale
1435 3844 44 24 and
1499 3844 74 31 retail,
1592 3847 25 22 at
1635 3843 40 23 the
1696 3843 82 24 lowest
1795 3843 94 27 market,

1289 3872 68 32 price,
1372 3879 14 15 a
1404 3871 63 27 large
1485 3871 82 28 supply
1583 3871 27 21 of
1625 3869 37 24 the
1675 3870 131 28 celebrated
1816 3892 5 5 r
1820 3870 69 24 Cow-,

1291 3902 88 25 pasture
1389 3898 46 22 and
1444 3898 121 22 Terawitte
1579 3898 72 27 Dairy
1661 3897 88 26 Butter.

1315 3936 3 11 s
1564 3931 38 23 W.
1616 3932 106 26 Flyger*
1738 3931 116 30 Manager.

1317 3965 99 26 pctober
1425 3965 36 26 27,
1472 3965 62 26 1843.

238 739 54 21 For
306 738 127 23 London,

157 774 30 25 Tq
204 774 43 21 tail
264 778 27 18 on
310 773 35 20 the
360 773 39 21 sth
413 771 105 26 proximo,

266 807 24 23 H
305 806 20 24 E
414 805 44 22 fine
545 804 86 28 barque

55 823 187 43 /^gl*l
312 832 256 26 INDEMNITY,

64 853 127 40 jjufl^,
218 860 27 21 R.
270 859 116 27 Sedgwick
417 858 149 27 commander,
590 860 43 21 312
643 880 2 3 .

216 889 57 23 tons,
294 886 42 22 has
353 886 105 27 splendid
478 886 160 22 accdmmoda-'

45 908 157 39 ■^^SK
210 914 66 22 'tions
285 912 37 22 for
332 919 138 21 passengers.
578 930 2 5 ,
612 919 7 9 '
631 911 10 9 *

247 945 45 23 For
301 945 83 27 freight
393 952 25 14 or
427 951 99 22 passage,
534 943 69 32 apply-
609 945 24 20 to

263 980 133 25 RIOOWAYB,
409 978 106 28 GuYTON,
530 978 21 22 &
566 978 39 22 Co.

73 1013 146 28 Wellington,
229 1013 131 22 November
369 1015 21 25 3,
403 1014 61 22 1843.

90 1058 200 25 PASSAGE
318 1058 49 22 TO
397 1056 187 23 LONDON.

191 1093 54 21 For
259 1093 118 21 London
393 1092 95 21 direct.

55 1128 106 28 y^^j&SU
199 1133 94 23 ITIHE
316 1133 44 22 fine
381 1132 44 22 fast
443 1132 81 26 sailing
547 1131 86 27 barque

68 1150 116 42 MSs^
206 1150 30 33 J-
353 1160 167 23 TYRIAN,

264 1189 51 19 tons
324 1187 99 26 register,
440 1186 85 22 Robert
536 1185 97 29 August.

47 1208 148 38 MBslMljfa
215 1213 110 23 Clarkson
336 1212 151 22 commander,
498 1211 39 21 has
553 1211 29 21 all
594 1211 41 22 her

212 1246 66 19 cargo
289 1239 108 26 engaged,
406 1239 45 21 and
462 1237 42 22 will
516 1237 118 27 positively

62 1281 14 14 r
211 1265 29 23 be
251 1265 134 28 daspatched
396 1272 28 14 on
436 1265 39 21 the
479 1265 51 23 26th
536 1265 97 21 Decem-

43 1290 49 31 ber.
121 1293 44 25 F,or
172 1293 67 22 cabin
257 1299 99 22 passage,
367 1291 68 28 apply
446 1295 24 17 to
487 1291 36 22 the
539 1291 95 26 Captain

45 1320 119 27 onboard,
176 1328 24 14 or
210 1324 23 17 to

338 1347 95 21 Samuel
448 1344 46 22 and
508 1343 97 23 Joseph.

72 1373 131 23 November
212 1375 34 24 21,
259 1374 62 21 1843.

76 1420 54 21 For
149 1419 126 24 London,
290 1418 46 21 via
355 1417 165 25 Newcastle,
538 1416 69 22 New

238 1444 85 22 South
342 1444 101 23 Wales.

90 1478 30 22 To
130 1479 40 19 sail
180 1484 25 14 on
216 1484 25 14 or
251 1477 62 19 about
323 1477 35 19 the
369 1477 33 19 Ist
413 1477 103 25 January,
529 1476 63 21 1844.
625 1493 3 3 .

216 1514 91 30 npHE
334 1514 45 21 fine
408 1513 44 22 fast
478 1513 80 27 sailing
585 1513 50 27 brig

78 1535 108 40 Jg3j^.
221 1535 30 28 X
348 1540 201 25 G-ANNETT,

75 1568 131 33 AYKKag'
228 1568 40 21 has
276 1575 61 15 room
349 1568 35 21 for
393 1568 70 22 about
473 1575 42 15 one
530 1567 105 22 hundred

53 1590 154 39 jggjjgMg^*
228 1599 50 18 tons
298 1594 58 22 dead
372 1596 91 26 weight,
482 1594 43 22 and
540 1594 40 22 she
591 1594 43 21 will

51 1616 160 33 H^j??Sffi
227 1626 60 18 meet
305 1622 53 21 with
377 1622 129 22 immediate
525 1621 108 28 dispatch,

197 1654 3 3 '
216 1650 74 26 .being
300 1648 231 28 underengagement
544 1653 23 17 to
582 1648 53 22 load

47 1676 57 22 wool
114 1679 23 19 at
148 1676 133 23 Newcastle.

70 1709 48 26 .For
127 1710 82 27 freight
219 1717 25 15 or
259 1717 99 21 passage,
375 1709 68 28 apply
453 1713 22 18 to
492 1709 44 22 Mr.
549 1709 84 22 Nichol

45 1743 31 17 on
87 1737 76 27 board,
176 1745 24 14 or
210 1740 23 19 to

361 1763 85 22 Waitt
461 1762 45 24 and
519 1763 86 22 Tyser.

72 1795 146 27 Wellington,
230 1796 57 22 Dec.
299 1797 33 25 15,
344 1797 61 21 18-13.

43 1840 56 23 For
113 1841 114 25 Nelson,
238 1841 175 28 Valparaiso,
426 1841 57 21 and
497 1840 138 27 England.

201 1874 92 23 rriHE
308 1874 44 23 fine
362 1874 45 22 fast
416 1874 81 24 sailing
506 1874 29 24 A.
548 1875 19 21 1.
584 1874 50 28 ship

81 1895 96 28 m£l
207 1895 30 29 JL
332 1902 216 24 mandabza,

57 1923 141 40 JtlKfep^
214 1929 92 28 Captain
316 1929 79 27 Smith,
402 1930 42 21 650
454 1933 56 23 tons,
522 1928 44 22 will
574 1931 61 20 meet

241 1992 43 22 For
294 1992 82 28 freight
384 2000 26 14 or
423 1999 99 21 passage,
534 1991 67 29 apply
611 1995 23 18 to

40 2024 69 14 -—_*
120 2019 276 26 -i*ei^.-^»;£afttain.<>ri
404 2019 118 24 -board,-*)*:
529 2024 22 15 to
611 2024 36 24 -jf~

104 2057 5 3 -
127 2053 3 4 •
174 2049 5 8 f
189 2043 6 7 '
262 2062 20 5 _
288 2042 82 24 _Jjut>-
565 2047 39 18 Co.
633 2050 6 3 '

70 2072 126 23 December
206 2072 34 25 12,
252 2071 61 22 ia43.

194 2117 65 25 Ship

43 2146 115 114 a
163 2149 221 24 /CONSIGNEES
400 2149 28 28 by
436 2149 39 22 the
485 2149 70 22 above
563 2154 70 16 vessel

163 2182 40 20 V/
231 2184 38 14 are
280 2176 119 28 requested
410 2181 22 16 to
450 2176 56 22 send
523 2176 35 22 for
576 2175 59 22 their

175 2204 77 21 Goods
269 2203 93 22 without
377 2203 74 27 delay,
469 2210 23 15 us
506 2203 38 21 the
562 2203 73 21 vessel

173 2231 44 22 will
233 2232 28 20 be
276 2238 30 15 on
320 2231 133 27 demurrage
467 2230 57 22 after
539 2230 37 22 the
586 2231 50 20 21st

177 2258 92 23 instant.

73 2293 85 24 Parties
167 2293 81 22 known
259 2296 23 18 to
292 2291 38 23 the
346 2292 89 27 Agent
434 2292 18 27 3
445 2291 45 23 will
503 2292 27 22 be
541 2291 94 23 allowed

45 2324 24 19 to
78 2320 52 24 take
140 2320 57 22 their
212 2319 78 23 Goods
306 2326 30 16 on
351 2319 92 27 signing
458 2319 69 22 blank
543 2319 55 23 Bills
612 2320 27 21 of

46 2347 87 28 Lading
143 2348 34 21 for
186 2347 37 22 the
231 2354 71 15 same.

325 2373 35 22 W.
376 2373 27 23 B.
419 2373 96 25 Rhodes
529 2374 21 22 &
565 2373 40 23 Co.

72 2406 125 28 December
207 2407 34 25 15,
257 2407 63 24 1843.

269 2452 130 25 Wanted,

74 2488 65 26 S-3a.
186 2488 20 24 A
223 2486 15 23 S
256 2487 35 21 Ist
306 2485 134 22 OFFICER
454 2485 35 23 for
503 2486 37 22 the
551 2486 85 28 barque

69 2507 153 42 riggkilL
330 2514 196 21 GLENARM.

52 2535 113 39 ■Jnggfcfr
184 2540 68 29 &ppty
262 2543 23 20 to
294 2540 38 23 the
342 2541 96 27 Captain
449 2548 27 15 on
489 2540 76 28 board,
576 2548 25 15 or
609 2543 25 19 to

50 2566 115 34 3sshiW
369 2575 23 22 J.
409 2574 107 24 Boucott
530 2575 21 22 &
567 2575 40 22 Co.

73 2610 68 24 None
160 2610 58 24 need
236 2608 68 34 apply
323 2608 96 24 without
436 2617 15 14 a
468 2608 61 29 good
550 2616 87 16 recom-

44 2637 137 24 mendation.

155 2663 4 22 :
410 2663 72 25 Capt.
497 2663 30 24 H.
545 2664 62 24 Guy.

73 2696 147 27 Wellington,
231 2695 57 23 Dec.
301 2697 32 23 12,
346 2697 61 21 1843.

162 2742 26 21 T.
213 2740 135 27 HORNER
372 2740 117 27 GREEN,
514 2747 123 21 passenger

135 2776 41 22 per
185 2769 72 26 Mary,
268 2765 82 31 Kemp,
362 2767 59 23 fiom
433 2767 124 28 Liverpool,
570 2768 20 21 is
601 2775 36 16 re-

43 2796 94 29 quested
155 2800 24 19 to
198 2795 164 23 communicate
381 2794 36 23 his
436 2794 91 23 address
550 2798 24 19 to
598 2794 39 23 the

43 2822 159 29 undersigned.

57 2854 9 12 *
75 2869 7 6 
129 2865 5 5 •
256 2849 134 26 RipqwAXs,
405 2849 110 27 Gwton,
529 2849 22 22 &
567 2849 41 22 Co.

70 2874 144 32 Wellington,
226 2877 57 25 Dec.
296 2878 34 25 12,
342 2877 63 23 1843.

98 2922 104 24 Messrs.
228 2921 156 25 HOLROYD
409 2928 47 16 akd
465 2923 5 5 '
483 2921 96 27 HART,

207 2956 132 22 Notaries
362 2956 110 25 Public,

64 2996 41 28 ,i£
134 2997 81 16 TEA
228 2996 45 19 RO,
303 2995 244 20 WELLINGTON.

65 3013 137 39 fcpteinber
210 3023 21 29 %
244 3022 62 26 1843,.
332 3034 5 9 <.

228 3074 38 22 W.
283 3074 34 23 M.
333 3073 109 27 SMITH,
564 3066 4 3 '

43 3118 308 19 tATBSURVEYOR-QENERAL
362 3119 29 14 TO
403 3118 47 16 THE
465 3119 50 15 NEW
528 3120 109 20 £E*LANP

281 3144 117 20 COMPANY,

71 3177 145 28 Surveyor,
229 3176 216 28 Draughtsman,
460 3177 55 24 a»d
528 3177 79 21 Land

82 3207 4 6 '
130 3205 34 40 j-
289 3203 104 29 Agent;

42 3240 180 26 Tinakon-road,
233 3240 103 27 January
347 3241 22 26 4,
381 3241 64 21 1843.

177 3281 48 36 [&.
254 3291 237 27 HARDEMAN,

64 3326 96 23 Tailor
175 3326 55 22 and
244 3326 113 27 Draper,
372 3327 235 27 Laxnbton*quay.

205 3380 118 28 Superfine
333 3381 149 28 Goafoirpjn.
492 3381 33 25 £3
539 3383 14 24 0
567 3383 14 22 0

39 3412 120 31 Superfine
169 3406 103 36 Doeskin
282 3413 121 29 Trowsers,
419 3414 59 27 frpm
492 3414 32 28 £1
538 3415 14 26 $
567 3415 14 25 0
639 3427 6 8 >

68 3454 66 17 MADE
144 3454 29 16 TO
183 3454 108 17 MEASURE
292 3458 27 6 —
321 3455 42 17 FOR
371 3455 60 16 CASH
442 3455 31 15 ON
483 3455 124 20 DELIVERY,.

42 3508 125 26 Country
181 3507 128 22 Sections
329 3508 43 20 for
392 3508 62 21 Sale
476 3513 37 16 on
533 3507 51 25 Lib
588 3513 48 20 era

189 3530 20 9 '"
288 3534 103 23 Terms.

43 3559 166 51 SEVERAL
243 3560 113 24 Sections-
372 3561 29 23 of
431 3562 102 27 Country
561 3561 74 28 Land,

106 3584 92 33 already
207 3587 85 23 chosen
301 3588 25 22 in
336 3588 38 22 the
386 3589 97 23 Porirua
496 3589 93 27 district,
600 3589 37 22 for

42 3615 58 28 Sale,
111 3622 75 16 terms
196 3622 108 16 liberal-.
333 3615 77 29 Apply
419 3619 28 20 to

121 3654 5 5 '
135 3648 27 22 F.
175 3647 30 25 A;
219 3647 176 29 Molbsworth,
410 3648 189 30 Murphy-street,
609 3656 28 15 or

134 3679 37 22 W.
186 3679 29 23 V.
228 3680 114 27 Brewer,
349 3680 199 24 Manners-street.

268 3732 57 23 For
337 3733 72 25 Sale,

41 3766 94 24 mHE
149 3766 148 26 COTTAGE
310 3766 97 27 sjUuated
417 3767 24 27 jn
457 3769 102 27 Oriental
574 3769 61 29 Bay,

47 3792 31 24 X
115 3793 45 23 and
174 3793 70 31 lately
253 3793 108 28 occupied
376 3794 31 28 by
416 3795 40 24 the
472 3796 161 29 undersigned.

40 3820 22 22 A
76 3819 55 28 long
146 3821 62 23 lease
225 3821 28 26 pf
268 3821 40 22 the
321 3821 87 24 section
422 3829 61 25 upon
501 3823 73 26 which
593 3824 41 24 the

38 3845 72 24 house
118 3848 77 23 stands
203 3847 46 24 will
258 3848 29 23 he
296 3849 104 27 granted.

65 3873 70 24 Town
142 3874 57 25 Jand
207 3875 46 25 will
262 3876 28 23 be
299 3875 68 26 taken
377 3876 28 23 in
412 3876 123 32 exchange.

66 3901 44 23 Fox
117 3901 85 26 further,
210 3903 139 31 particulars,
360 3903 68 29 apply
437 3907 25 22 to
519 3925 27 5 ..
570 3928 5 4 .
595 3927 4 3 .
635 3902 10 25 .^

348 3960 2 5 ,
358 3937 103 28 Germs
474 3939 91 28 Dpppa,
578 3947 27 19 cr

777 736 42 21 On
833 734 71 25 Sale,
920 740 38 15 ex
1162 747 4 5 .

664 767 206 51 BRANDY
897 768 25 21 in
949 767 75 27 hhds.,
1069 788 6 2 .

740 795 108 26 Oranges,
859 795 95 26 lemons,
967 794 44 23 and
1021 797 110 23 curwpts,

746 821 110 26 Oatmeal,
868 821 82 26 starch,
960 821 61 25 blue,

745 848 67 26 Soda,
823 848 107 26 mustard,
941 847 91 28 pickles,

670 878 3 8 '
744 874 96 26 Thread,
852 874 89 27 cheese,
953 875 40 20 &c.

835 912 3 7 '
874 905 136 27 RIDOWAYS,
1026 903 110 28 GuYTON,
1151 903 20 22 8c
1184 903 41 21 Co.

671 947 4 3 •
692 937 129 25 Npvember
830 938 34 25 21,
875 938 64 21 1843.

670 975 8 9 V
732 974 3 6 ■
817 974 3 6 ■
873 973 9 13 L
888 974 2 5 '
910 974 1 5 '
917 973 4 8 '
962 974 17 6 ''
986 982 5 3 -
995 974 3 10 1
1016 974 1 5 '
1059 973 15 8 ■'
1089 972 1 6 '
1122 979 4 6 .
1131 972 3 9 '
1138 972 7 11 f
1168 977 3 4 *
1200 971 2 7 '
1211 976 2 4 '

779 997 42 21 On
834 996 71 25 Sale,
920 1002 37 16 ex

671 1034 24 22 X
701 1034 32 23 A
759 1032 101 24 BOXES
884 1033 97 23 assorted
997 1032 145 23 TOBACCO
1156 1030 96 28 PIPES,

666 1060 31 24 tj
700 1056 33 26 \J
764 1063 41 22 100
819 1061 78 22 tierces
908 1061 121 22 American
1041 1060 60 26 beef,

764 1089 29 21 20
807 1088 54 22 coils
870 1087 198 27 assorted-Europe
1078 1093 63 21 rope.
1151 1085 6 3 *

982 1128 84 22 Waitt
1082 1127 45 21 and
1141 1126 84 23 Tyssr.

692 1159 154 28 Wellington,.
851 1161 50 21 Oct.
914 1161 34 25 10,
959 1161 62 21 1843.

788 1211 51 19 For
854 1209 71 25 Sale,
942 1216 36 15 ex

670 1242 38 34 p
718 1242 206 27 UTHERFORD,
966 1242 118 28 DRURY,
1127 1242 20 22 &
1181 1240 71 23 CO.'S

668 1265 49 26 J\>
744 1270 100 30 superior
854 1270 76 25 wines,
943 1270 35 21 viz
986 1277 6 14 :
995 1280 28 5 —

692 1296 60 25 Port,
763 1296 82 27 sherry,
858 1296 45 21 and
920 1296 101 22 Madeira
1030 1296 25 21 in
1066 1295 82 27 bottle,'

692 1322 54 22 Pale
757 1323 45 21 and
813 1323 75 22 browa
897 1322 79 28 sherry
986 1324 23 24 in
1021 1322 73 27 wood,

693 1348 54 24 Port
756 1349 24 21 in
793 1350 70 26 wood,

693 1375 105 22 Madeira
807 1375 23 22 in
841 1375 71 27 wood,

694 1402 140 27 Hennessy's
844 1409 85 20 cognac
939 1402 23 22 in
974 1402 70 27 wood,

694 1429 45 22 Old
750 1429 49 28 pale
811 1429 67 22 bottle
889 1430 97 26 brandy.

984 1462 82 23 Waitt
1082 1462 47 23 and
1142 1462 85 23 Tyser.

673 1495 108 27 Wellingt
791 1502 38 20 on,
842 1495 136 27 September
988 1495 33 27 19,
1033 1496 63 21 1843.

668 1548 70 49 ON
756 1549 85 26 SALE,
853 1552 24 17 at
885 1548 102 22 reduced
997 1552 59 18 rates
1065 1549 36 21 for
1110 1548 95 23 cash:—

732 1575 74 22 Prime
817 1575 58 22 Irish
886 1575 83 26 butter,

730 1602 96 22 Manilla
835 1603 79 28 Sugar,

729 1629 62 22 Loaf
841 1629 44 24 do.,

729 1655 91 23 Bottled
828 1656 42 23 ale.

920 1683 135 27 RIDGWAYS,
1066 1683 108 26 GUYTON,
1184 1683 21 21 &
1216 1682 41 23 Co.

666 1714 31 22 Te
708 1714 54 26 Aro,
774 1714 129 22 November
912 1715 20 25 7,
946 1716 59 20 1843.

866 1770 44 20 Ex

668 1803 71 50 ON
756 1803 77 23 SALE
847 1803 31 27 by
892 1803 39 22 the
946 1803 153 27 undersigned
1101 1814 28 5 —

746 1830 84 23 Hunt's
838 1831 102 27 superior
950 1830 36 22 old
997 1834 50 24 port
1057 1830 65 27 wine,
1139 1829 85 24 bottled
1233 1830 23 22 in

668 1858 94 27 Oporto,

694 1884 106 27 Hosiery,
809 1884 56 27 lace,
877 1884 47 22 and
932 1884 95 27 netting,

694 1911 166 27 Earthenware,
872 1911 52 22 well
933 1911 107 26 assorted,

694 1938 125 29 Champion
829 1939 20 21 &
860 1938 61 23 Co.'s
931 1938 93 27 vinegar
1032 1938 25 23 in
1066 1938 53 22 half
1125 1937 132 28 hogsheads.

1049 1971 91 24 Willis
1154 1973 21 21 &
1189 1972 41 22 Co.

659 2027 4 4 .
683 2006 156 26 .Wellington,
851 2006 92 26 August
953 2006 32 25 14,
997 2006 92 36 184g^
1126 2028 5 5 ,
1183 2021 35 9 .-..
1228 2022 4 3 .

697 2045 20 4 ~~
919 2049 93 20 Seeds.

666 2083 51 48 A
732 2082 86 22 VERY
834 2082 159 22 SUPERIOR
1008 2082 45 22 and
1063 2082 104 22 valuable
1177 2086 82 19 assort-

746 2112 64 19 ment
825 2109 26 21 of
866 2109 61 22 fresh
947 2109 67 22 Seeds
1030 2109 48 27 just
1093 2109 109 27 received,
1221 2110 37 21 the

666 2136 48 22 first
730 2137 27 21 of
774 2144 13 14 a
802 2136 88 27 regular
906 2136 88 27 supply,
1004 2143 50 15 now
1071 2144 29 13 on
1119 2136 46 22 sale
1180 2140 24 18 at
1221 2137 37 22 the

667 2163 70 22 Office
758 2163 26 22 of
800 2163 43 22 this
864 2163 70 28 Paper
954 2163 29 27 by
1000 2163 37 21 the
1058 2163 160 27 undersigned,
1234 2164 23 21 in

667 2190 122 28 quantities
798 2194 22 17 to
830 2191 43 20 suit
883 2189 133 28 purchasers
1024 2198 5 13 :
1031 2201 30 4 —

693 2224 57 22 Fine
760 2224 54 22 seed
823 2231 59 21 peas,
893 2231 69 14 seven
973 2224 111 26 varieties,

694 2251 43 23 Do.
768 2251 37 21 do.
834 2250 70 22 broad
915 2251 76 27 beans,
1004 2251 62 22 three
1077 2250 112 24 varieties.

694 2278 43 22 Do.
768 2278 37 22 do.
831 2277 67 25 horse
909 2278 77 27 beans,

694 2305 45 22 Do.
769 2305 35 21 do.
831 2304 82 22 scarlet
922 2312 94 14 runners
1026 2304 47 23 and
1083 2304 88 24 French
1180 2305 77 27 beans,

695 2331 42 23 Do.
768 2332 37 21 do.
833 2332 77 27 spring
919 2331 80 27 wheat,
1012 2336 67 22 tares,
1090 2331 46 25 and
1148 2336 54 22 oats,

694 2359 86 22 Round
790 2358 44 22 and
844 2359 87 27 prickly
939 2359 98 26 spinach,

696 2386 64 27 Long
769 2385 81 23 scarlet
859 2385 44 23 and
913 2385 76 28 turnip
998 2385 84 28 radish,

695 2413 116 26 Rhubard,
823 2413 65 22 white
904 2412 48 23 and
967 2412 42 23 red
1024 2413 53 22 beet
1092 2412 46 25 and
1153 2412 105 27 mangold

667 2445 42 17 Wui
715 2440 52 27 tzel,

695 2467 126 27 Carraway,
832 2467 46 22 Dill
889 2466 46 23 and
946 2466 92 27 Burnet,

695 2495 43 21 S«a
749 2494 55 25 cale,
815 2501 129 20 asparagus,
955 2498 80 23 carrot,
1047 2493 47 23 and
1105 2493 97 29 parsnip,

696 2521 95 28 English
801 2521 51 22 leek
861 2521 47 22 and.
917 2521 76 24 onion,
1005 2520 96 29 Spanish
1114 2521 36 21 do.

696 2547 124 29 Vegetable
837 2555 95 16 marrow
948 2548 44 22 and
1002 2548 54 27 long
1070 2547 88 28 prickly
1167 2554 92 18 cucum-

668 2575 46 26 ber,

695 2601 147 28 Cauliflower,
852 2602 90 27 endive,
953 2601 46 23 and
1011 2601 84 29 celery,

695 2629 121 28 Virginnia
831 2629 101 26 tobacco,
947 2629 155 27 mignionette,
1121 2629 46 23 and
1191 2631 68 20 sweet

668 2663 59 21 peas,

696 2683 38 22 AH
744 2687 58 20 sorts
812 2682 25 23 of
844 2682 87 29 garden
941 2682 46 23 and
997 2682 54 25 field
1060 2682 107 29 cabbage,

696 2710 44 23 Do.
851 2709 37 23 do.
913 2732 4 5 ,
973 2709 36 23 do.
1067 2710 81 27 turnip,

696 2737 38 22 All
744 2739 56 20 sorts
809 2737 26 21 of
840 2737 92 26 lettuce,
944 2736 70 27 salad,
1025 2736 46 22 and
1084 2736 91 28 brocoli,

696 2764 38 23 All
744 2768 58 18 sorts
811 2764 25 22 of
842 2764 77 27 lupins
929 2763 45 23 and
982 2765 154 26 nasturtiums,

696 2791 38 24 AH
745 2795 59 18 sorts
813 2791 25 22 of
845 2794 69 19 sweet
926 2790 73 26 herbs,

696 2819 51 22 One
756 2817 103 23 hundred
870 2817 79 23 choice
958 2817 91 22 varitics
1062 2817 27 22 of
1102 2817 76 23 flower
1186 2817 72 28 seeds,

696 2846 21 22 A
728 2852 55 20 very
798 2845 103 22 valuable
918 2848 134 19 assortment
1066 2845 27 21 of
1105 2845 62 24 fresh
1182 2845 77 22 choice

668 2880 85 20 grasses
763 2873 35 21 for
806 2872 149 28 gentlemen's
969 2871 72 25 lawns
1057 2871 45 23 and
1117 2871 142 29 agricultural

668 2907 114 21 purposes,

696 2926 113 28 Cabbage,
837 2925 94 28 brocoli,
960 2925 108 26 rhubard,
1098 2926 75 27 onion,
1200 2925 59 28 leek,

668 2954 83 25 lettuce
770 2954 81 28 plants,
869 2954 51 25 &c,
941 2960 50 16 now
1011 2953 71 27 ready
1101 2957 23 20 tp
1143 2953 28 24 be
1188 2956 72 21 trans-

668 2980 100 30 planted,
778 2980 74 25 raised
860 2980 60 33 jTrpui
928 2980 98 28 samples
1037 2980 27 25 pf
1073 2980 65 22 these
1146 2980 71 25 seeds.

1086 3013 38 24 W.
1139 3014 93 24 Moody.

696 3042 102 27 October
806 3044 20 27 6,
838 3043 65 22 1843.

819 3093 171 27 Strawberry
1004 3093 107 21 Plants.

670 3126 92 54 THE
776 3124 160 28 undersigned,
947 3125 83 25 havinpr
1040 3125 223 28 alarge^numberof

728 3172 2 4 ,
744 3153 40 22 the
793 3153 66 22 finest
868 3151 139 29 strawberry
1016 3152 87 28 Plants,
1111 3153 46 22 and
1167 3153 92 26 wishing

668 3182 23 19 to
703 3186 130 20 encourage
848 3179 38 22 the
903 3179 134 28 production
1054 3179 27 22 of
1097 3179 60 28 fruit,
1173 3180 45 22 will
1233 3180 26 23 be

668 3206 75 28 happy
755 3210 22 17 to
792 3207 50 26 give
857 3205 78 26 orders
948 3206 33 24 fpr
995 3206 38 25 the
1049 3205 108 29 delivery,
1168 3214 90 19 gratis,

669 3241 28 14 on
709 3233 38 22 the
758 3233 74 27 Hutt,.
836 3236 23 18 to
868 3240 15 15 a
896 3232 89 23 limited
1000 3236 81 19 extent
1090 3237 23 18 to
1124 3234 55 22 each
1189 3233 70 29 appli-

668 3264 59 21 cant.

859 3287 72 25 Chas.
948 3287 26 22 E.
989 3287 53 22 Yon
1058 3287 119 28 Alzpprf,

1034 3320 114 27 kambton
1158 3321 74 27 Quay.

670 3370 118 51 SPARS
804 3370 60 23 FOR
878 3369 89 27 SALE,
977 3370 27 22 of
1006 3366 104 27 different
1117 3371 141 23 dimensions,

732 3396 67 28 lying
813 3401 24 18 at
856 3397 46 22 Kai
922 3397 87 22 Warra.
1047 3398 75 28 Large
1139 3398 120 29 quantities

668 3431 42 16 can
718 3424 30 23 be
763 3424 116 25 furnished
896 3428 24 22 to
937 3424 73 28 order,
1026 3425 36 22 for
1078 3426 143 28 exportation
1235 3433 25 15 or

668 3450 67 24 home
744 3459 49 15 use.

930 3486 64 20 ALSO,

693 3511 49 23 The
753 3513 77 24 Lease
839 3512 27 23 of
872 3513 71 22 about
951 3513 28 27 $0
988 3520 65 15 acres
1061 3513 29 23 of
1096 3513 53 25 land
1162 3517 23 19 at
1199 3515 62 20 Orua

667 3539 50 26 Mot
719 3547 39 14 era
769 3541 24 26 (a
803 3539 44 22 fine
863 3540 45 27 bay
918 3539 88 22 district
1021 3541 70 23 about
1100 3543 14 20 6
1130 3541 64 24 miles
1202 3541 57 27 frpm

668 3566 158 28 Wellington),
840 3566 56 23 with
913 3566 39 22 the
970 3566 70 23 hou6e
1056 3575 30 15 on
1103 3568 40 22 the
1156 3567 102 29 ground;

667 3593 63 24 there
739 3601 39 16 are
788 3595 68 22 about
866 3597 38 18 ten
920 3600 64 17 acies
998 3593 99 29 cleared,
1115 3595 45 23 and
1176 3596 52 25 four
1234 3595 25 22 in

667 3621 142 27 cultivation.
835 3621 47 23 For
891 3621 240 35 furthertpwtjcularß,
1141 3622 67 30 appjy
1218 3626 26 19 to>
1265 3626 2 22 ]

859 3654 123 38 Kp.NfcTjp
1265 3660 2 22 I

776 3686 57 30 Ship
847 3687 109 28 Building
969 3687 47 26 and
1024 3688 125 30 Repairing
1161 3688 71 29 Yard,

946 3720 46 25 Kai
1005 3720 91 25 Warra.
1265 3729 2 13 i

693 3753 133 25 November
834 3756 22 24 6,
866 3755 64 23 1843.

837 3806 80 23 Meat
932 3807 154 28 Company.

745 3862 5 4 .
795 3838 304 25 VEGETABLE
1112 3840 25 26 S>

667 3870 177 35 Q.HIPPING
857 3870 47 24 and
920 3871 107 23 Families
1043 3878 43 17 can
1100 3872 30 22 he
1145 3872 114 29 regularly

663 3894 37 28 O
717 3897 106 29 supplied
832 3898 54 24 with
892 3898 36 24 all
933 3899 151 27 descriptions
1091 3899 27 23 of
1124 3899 134 28 vegetables.

948 3932 36 23 W.
995 3932 104 28 Flyoek,
1110 3933 120 29 Manager.

687 3964 134 29 $epj*mber
829 3965 37 29 29,
877 3965 64 26 JS43.

1994 731 103 23 Snuflfs!
2126 728 267 29 Snuffs'i!^Snuffs!!!
2468 752 5 6 ,

1905 764 211 49 HJERVJS,
2136 772 106 15 GENERAL
2259 773 95 19 SEALER,
2374 766 110 22 LaMBTON

1968 801 10 12 •
2009 792 76 26 Quay,
2095 791 41 22 has
2147 796 27 17 on
2185 791 45 22 sale
2238 799 29 14 an
2278 795 132 19 assortment
2417 792 25 21 of
2449 792 35 22 the

1905 818 97 21 choicest
2015 818 85 26 Dutch,
2121 818 94 26 French,
2232 818 46 23 and
2294 818 82 23 British
2393 820 91 25 Skuffs,

1904 843 56 22 from
1971 844 83 21 Barton
2065 844 45 22 and
2120 844 46 27 Co.,
2177 849 23 18 at
2209 844 94 28 English
2311 845 78 28 prices.
2448 863 3 3 .
2475 863 3 4 .

1929 870 126 23 December
2065 872 32 26 15,
2111 872 60 22 1843.

2127 924 54 21 For
2194 924 69 23 Sale.

1905 954 68 30 f}{\
2001 954 80 23 TUNS
2095 954 27 22 of
2132 954 37 22 the
2178 955 51 21 best
2238 961 50 15 new
2298 954 36 21 Oil
2343 954 73 22 Butts.

1905 974 68 28 £i\3
2112 981 75 27 Apply
2197 985 23 17 to

2220 1007 83 21 Waitt
2318 1007 142 26 ahdTysxk.

1931 1039 143 28 Wellington,
2089 1039 127 22 December
2225 1039 33 26 15,
2270 1039 60 21 1843.

2067 1091 43 20 Ex
2519 1085 19 26 1

1906 1121 181 51 SUPERIOR'
2092 1122 94 21 Geneva
2196 1122 24 21 in
2230 1129 70 19 cases,

1970 1150 104 26 Superior
2082 1147 77 29 sherry
2169 1149 23 22 in
2202 1156 33 20 qr.
2255 1148 71 22 casks.

2256 1180 74 22 Levin
2340 1187 47 15 and
2397 1180 40 24 Co.

1931 1208 127 22 December
2066 1208 35 26 15,
2112 1208 61 21 1843.

2017 1253 45 21 Ex.
2099 1253 123 21 William

1908 1286 71 49 ON
1994 1286 86 27 SALE,
2091 1289 23 19 at
2121 1285 36 22 the
2168 1286 74 21 Stores
2253 1286 26 21 of
2285 1284 37 23 the
2331 1277 160 42 un'lersign|d,

1984 1320 13 15 a
2006 1314 62 26 large
2079 1316 132 19 assortment
2221 1312 25 21 of
2254 1312 65 27 slops,
2328 1312 160 33 consist^gpof;

1934 1339 66 22 Duck
2009 1343 103 18 trowsers
2121 1340 44 21 and
2174 1338 81 27 frocks,
2264 1338 81 27 striped
2355 1338 46 21 and
2411 1333 78 29 twlll'a

1908 1365 72 27 shirts,
1994 1366 40 21 &c.
2046 1367 40 21 &c.

1936 1393 53 22 Also
1999 1399 13 15 a
2021 1392 44 23 few
2072 1394 78 26 patent
2159 1391 132 28 ventilating
2300 1394 67 21 coats.

2300 1425 75 23 Levin
2388 1426 22 22 &
2423 1425 45 27 Co/

1935 1453 126 24 December
2071 1454 34 26 15,
2117 1453 62 22 1843.
2340 1458 8 24 ;
2468 1453 14 27 /

2149 1498 109 22 Notice,

1911 1533 159 49 MESSRS.
2093 1532 151 23 BETHUNE
2268 1531 68 23 AND
2361 1529 132 25 HUNTER

1999 1561 44 22 will
2054 1560 38 22 sell
2105 1561 29 26 by
2145 1559 77 23 Public
2235 1559 103 26 Auction,
2347 1561 23 19 at
2381 1558 110 23 Lambton

1910 1587 71 28 Quay,
1998 1588 25 21 in
2038 1587 70 22 about
2122 1594 14 14 a
2150 1585 117 28 fortnight,
2282 1585 30 28 by
2331 1585 64 23 order
2413 1585 29 22 of,
2455 1585 38 23 the

1990 1614 116 27 Registrar
2116 1614 26 21 of
2151 1614 108 21 Intestate
2270 1613 94 25 Estates,
2375 1612 37 23 the
2471 1612 16 19 '^

2042 1644 202 23 SCHOONER
2270 1645 96 26 ERIN,

1910 1672 54 23 with
1971 1672 40 23 her
2020 1672 74 22 tackle
2105 1672 44 22 and
2159 1675 183 24 appurtenances,
2354 1678 25 15 as
2394 1670 40 23 she
2441 1676 53 17 now

1910 1698 40 23 lies
1960 1707 28 14 on
1999 1700 38 21 the
2047 1699 74 22 beach
2131 1702 23 19 at
2163 1699 33 22 Te
2207 1699 54 21 Aro.

1937 1727 62 26 Also,
2010 1726 85 27 sundry
2106 1726 77 21 effects
2194 1724 152 29 appertaining
2356 1727 23 20 to
2385 1724 111 23 .Intestate

1911 1752 94 23 Estates.
2395 1770 2 2 -
2489 1762 5 9 '

1978 1780 52 27 Day
2040 1780 26 21 of
2074 1779 50 23 Sale
2133 1779 45 22 will
2187 1780 29 21 be
2227 1778 54 29 duly
2291 1778 137 23 announced.

1937 1811 146 28 Wellington,
2095 1811 57 22 Dec.
2164 1813 32 24 12,
2208 1812 62 21 1843.
2383 1839 112 9 __^_

2000 1858 55 21 For
2070 1858 70 24 Sale,
2155 1863 37 16 ex
2235 1851 209 32 Mandarin,";'".

1910 1891 172 50 BOTTLED
2107 1891 63 25 ALE
2194 1891 68 22 AND
2284 1890 131 26 PORTER,

1987 1919 62 26 Very
2059 1918 102 28 superior
2169 1917 86 28 brandy
2264 1917 25 22 in
2304 1914 131 30 hogsheads,
2449 1915 49 23 and

1908 1946 78 27 sherry
1995 1945 30 25 in.
2032 1949 98 23 octaves,

1936 1973 37 22 An
1984 1977 137 18 assortment
2131 1971 27 23 of
2164 1971 66 28 sjop3,

1937 1999 72 22 Gents
2018 1999 67 22 shoes
2096 1999 46 22 and
2151 2006 87 21 pumps,
2451 2017 5 3 .
2485 2005 10 12 -'

1899 2029 2 17 i
1936 2025 90 21 Efclrtb
2035 2025 175 21 lUtiSt'i'Kuaiaixk"
2211 2033 2 5 1
2261 2035 6 5 •
2279 2036 7 3 -
2294 2034 23 5 —
2317 2035 23 4 —
2340 2031 8 8 *-
2371 2036 4 3 -
2403 2036 12 5 -
2444 2032 36 11 --.-•*

1938 2048 26 21 17
1978 2051 52 18 tons
2040 2047 116 22 Gordon's
2162 2054 53 15 new
2225 2048 111 22 olTcasks.

2192 2081 35 22 W.
2244 2081 28 23 B.
2288 2078 94 26 Rhode's
2397 2082 22 25 &
2430 2083 40 26 Qo.

1938 2112 129 23 December
2077 2114 33 26 12,
2124 2114 62 21 1843.

2075 2159 45 21 Ex

1912 2192 102 51 NOW
2031 2192 159 28 LANDING,
2201 2192 46 23 and
2256 2200 29 15 on
2294 2193 46 23 sale
2350 2197 24 19 at
2387 2193 38 23 the
2435 2194 65 25 Store

1993 2220 27 21 of
2027 2220 38 21 the
2077 2220 179 26 undersigned-

1938 2246 71 28 Nails,
2020 2246 29 23 all
2061 2247 56 22 sizes
2126 2247 47 22 and
2183 2247 158 27 descriptions.

2266 2279 28 23 B.
2309 2280 32 22 M.
2359 2280 113 23 Pereira.

1940 2305 191 30 Lambton-quay,
2143 2305 129 23 December
2281 2308 33 25 12,
2326 2308 61 20 1843.

2067 2352 40 20 To
2122 2352 35 21 be
2171 2351 67 22 Sold
2253 2352 99 27 Cheap,

1915 2387 51 47 A
1979 2384 154 28 COTTAGE,
2143 2385 127 28 pleasantly
2281 2384 102 29 situated,
2399 2386 102 24 contain?

1992 2412 40 27 ing
2042 2412 164 27 setting-room,
2214 2413 123 26 bed-room,
2346 2413 46 22 and
2399 2411 100 30 kitchen,

1915 2439 53 22 with
1988 2446 14 15 a
2019 2439 51 22 well
2089 2439 122 22 cultivated
2228 2440 92 26 garden.
2354 2439 44 23 Bor
2414 2440 88 25 further

1914 2465 140 29 particulars,
2065 2467 66 27 apply
2141 2469 22 19 to
2173 2466 45 23 Mr.
2229 2467 56 27 Roe,
2297 2471 22 19 at
2328 2466 38 24 the

1917 2493 77 23 Office.

1943 2525 127 23 December
2079 2527 34 25 12,
2125 2527 62 22 1843.

1917 2572 67 48 TO
1999 2571 67 28 LET,
2082 2580 12 14 a
2105 2573 154 22 commodious
2274 2573 78 23 House
2369 2580 28 15 on
2413 2573 33 25 Te
2456 2574 46 24 Aro

1990 2599 58 27 Flat,
2061 2599 53 23 with
2123 2600 85 27 garden
2218 2599 89 28 ground
2316 2599 111 29 attached,
2434 2600 69 29 lately

1916 2626 105 27 occupied
2032 2626 30 27 by
2073 2627 45 21 Mr.
2129 2626 107 23 Wallace.

1943 2657 44 22 For
1995 2658 140 28 particulars,
2148 2659 68 27 apply
2225 2662 23 19 at
2256 2659 40 22 the
2308 2660 86 23 Gazette
2401 2660 71 26 office

1943 2689 170 28 December^,
2125 2692 61 20 1843.

2128 2738 165 21 Almanack.

1917 2770 72 49 AN
2010 2770 184 23 ALMANACK
2212 2771 34 23 for
2263 2771 136 28 Wellington
2417 2770 44 25 will
2474 2771 31 23 he

1987 2797 119 28 published
2115 2802 24 18 at
2148 2798 44 22 this
2202 2798 72 22 Office
2284 2799 33 21 Ist
2326 2799 109 28 January,
2443 2799 62 25 1844.

2150 2839 75 20 price,
2242 2833 31 22 Is.

1966 2858 96 23 Gazette
2094 2858 77 27 Office,
2183 2859 127 22 December
2319 2859 19 26 7,
2350 2855 68 27 1843J

1914 2904 186 26 TTTANTED,
2121 2904 30 27 by
2166 2904 40 22 the
2225 2904 159 28 undersigned,
2404 2905 99 23 Tenders

1927 2929 40 24 YT
2010 2931 36 22 for
2063 2930 38 23 the
2116 2930 100 29 delivery
2231 2932 30 26 ,of
2275 2931 57 23 Flax
2350 2932 50 22 leaf
2417 2935 25 21 at
2460 2932 46 24 Kai

1917 2957 77 22 Warra
2000 2965 6 19 ;
2021 2957 19 22 it
2051 2961 59 19 must
2119 2958 61 25 be.in
2190 2958 137 22 convenient
2331 2958 63 22 sized
2404 2958 99 28 bundles,

1915 2984 37 23 the
1967 2984 77 23 leaves
2060 2984 81 28 sound,
2160 2985 44 22 and
2220 2985 78 22 within
2313 2985 63 22 three
2389 2985 79 23 inches
2482 2987 26 23 of

1915 3011 65 28 equal
1994 3012 90 27 lengths
2100 3012 22 22 in
2140 3012 56 22 each
2211 3012 90 22 bundle.
2329 3012 105 24 Tenders'
2444 3012 62 24 must

1914 3038 85 28 specify
2008 3038 39 22 the
2057 3039 102 29 quantity
2173 3047 41 20 per
2228 3039 64 24 week
2307 3039 48 22 that
2370 3038 39 24 the
2418 3041 86 28 parties

1915 3073 41 15 can
1968 3065 93 27 deliver.

2185 3093 122 23 Kenneth
2323 3093 151 24 Matiiieson.

1941 3119 45 23 Kai
1995 3120 88 27 Warra,
2094 3120 58 22 Dec.
2164 3121 33 26 12,
2209 3122 62 21 1843.
2439 3140 3 4 .

2068 3163 6 3 '
2085 3167 79 20 Meat
2177 3167 152 27 Company,

1915 3200 72 50 AN
2014 3200 204 23 APPRENTICE
2246 3203 24 15 to
2296 3200 39 23 the
2357 3201 105 23 business
2484 3208 21 18 w

1991 3226 98 24 wanted.
2118 3227 46 22 For
2180 3227 140 28 particulars,
2336 3228 68 28 apply
2419 3236 30 16 on
2465 3228 39 26 the

1913 3254 115 29 premises.

2187 3280 36 23 W.
2239 3281 103 28 Flyqer,
2358 3282 118 29 Manager.

1941 3308 133 28 September
2082 3309 35 26 29,
2129 3308 62 23 1843.

2083 3358 79 23 Meat
2184 3358 149 28 Company.

1915 3389 91 52 THE
2026 3391 241 28 UNDERSIGNED,
2286 3391 83 30 having
2388 3393 56 23 been
2464 3399 40 23 ap-
2529 3412 5 4 .

1987 3419 93 28 pointed
2094 3419 112 28 Manager
2216 3419 26 22 of
2254 3418 40 23 the
2306 3419 63 23 Meat
2377 3419 126 29 Company,

1913 3445 55 28 begs
1976 3448 24 20 to
2007 3453 122 17 announce
2138 3445 51 25 that
2202 3454 15 16 a
2226 3445 88 29 regular
2321 3445 79 29 supply
2409 3446 26 22 of
2443 3446 60 25 beer;

1914 3475 94 26 mutton,
2028 3473 47 22 and
2091 3473 59 32 pork
2164 3480 56 22 may
2237 3473 82 27 always
2336 3473 29 21 be
2384 3470 120 31 depended

1914 3507 60 21 upon
1984 3503 25 19 at
2016 3499 47 25 this
2072 3500 175 24 establishment.

1941 3527 33 23 As
1997 3527 44 22 this
2066 3527 117 29 Company
2201 3533 107 26 purposes
2325 3526 81 27 selling
2420 3529 27 26 ,at
2464 3526 39 24 the

1913 3553 77 22 lowest
1997 3554 75 28 prices
2082 3557 25 20 at
2120 3553 73 24 which
2201 3557 19 19 it
2234 3553 19 22 is
2260 3553 71 23 found
2340 3553 40 22 the
2388 3556 61 23 meat
2458 3558 46 20 can

1913 3581 29 22 be
1952 3581 109 28 afforded,
2070 3581 40 25 the
2119 3579 151 29 undersigned
2277 3580 21 22 is
2308 3579 55 28 only
2371 3580 131 26 authorized

1915 3611 22 19 to
1947 3608 50 28 give
2002 3615 56 26 very
2064 3608 88 27 limited
2159 3608 79 26 credjt*
2243 3606 48 23 and
2297 3606 41 23 has
2341 3610 58 23 been
2407 3607 100 26 ordered

1914 3638 24 18 to
1952 3638 50 25 stop
2015 3635 33 23 all
2060 3637 106 22 accounts
2180 3633 74 25 which
2267 3640 39 17 are
2319 3638 45 22 not
2375 3634 53 28 paid
2435 3642 69 22 -upon

1914 3661 102 24 demand.

1941 3688 48 24 The
1998 3688 103 24 business
2111 3688 25 23 of
2143 3688 38 22 the
2190 3688 117 28 Company
2310 3687 25 23 is
2342 3687 88 25 carried
2438 3695 30 18 on
2476 3688 27 25 in

1915 3715 58 27 their
1985 3723 53 16 new
2053 3716 108 26 building,
2172 3715 90 24 erected
2278 3715 102 24 between
2392 3715 112 25 TraaicVs

1915 3742 70 25 Hotel
2002 3743 46 25 and
2067 3742 38 25 the
2123 3741 69 29 head,
2198 3742 28 23 of
2237 3741 40 24 the
2292 3742 55 30 Bay.,
2365 3742 46 28 $nd
2423 3742 81 29 nearJy

1915 3770 99 30 opposite
2025 3774 24 19 to
2058 3770 45 23 Mr.
2115 3767 84 30 Lyon's
2206 3769 73 22 Store.

2188 3802 38 22 W.
2239 3802 102 29 Fiygzr,
2358 3803 118 31 Manager.

1943 3831 131 26 November
2083 3831 35 26 23,
2131 3831 61 22 1842.

1908 3881 2 4 ■
1952 3878 19 13 *»
2106 3876 85 22 Fresh
2206 3876 105 26 Butter,

1933 3913 18 20 A
1969 3910 111 26 LWAYS
2091 3916 34 20 ,on
2140 3909 50 23 Sale
2205 3913 25 19 at
2246 3909 39 27 the
2295 3910 64 26 Meat
2369 3911 138 30 Company's

1917 3944 50 20 XX
1995 3937 118 30 premises.
2370 3958 4 9 ,
2377 3957 15 12 <l
2393 3937 6 25 ',
2404 3954 23 14 M
2435 3948 9 11 t
2443 3965 3 3 i
2446 3948 24 21 ;<
2509 3956 3 8 ,
