2559 4050
89 1595 59 21 This
160 1595 21 22 is
192 1595 31 22 all
235 1595 54 27 that,
303 1595 42 20 has
367 1595 56 22 been
443 1595 72 32 really
529 1601 66 27 spent
607 1597 31 24 for

55 1624 38 24 the
104 1625 85 25 benefit
201 1625 25 24 of
236 1625 37 25 the
285 1626 90 31 colony,
388 1627 45 24 and
443 1636 56 16 even
513 1629 46 24 this
570 1630 67 24 small

56 1665 50 18 sum
117 1659 75 23 would
204 1663 40 20 not
261 1659 58 24 have
339 1660 57 25 been
415 1662 118 31 expended
555 1663 40 25 but
607 1664 31 23 for

54 1688 39 28 the
104 1692 47 24 fact
170 1692 50 24 that
242 1692 46 24 Mr.
300 1692 126 26 Shortland
447 1702 44 17 was
511 1696 92 32 obliged
615 1702 22 19 to

55 1725 90 31 employ
157 1725 38 24 the
216 1726 123 32 emigrants
358 1727 35 24 for
412 1735 63 17 some
492 1730 77 25 weeks
581 1732 57 23 after

54 1757 59 25 their
123 1759 91 28 arrival,
226 1759 45 23 and
282 1767 26 17 as
319 1760 18 24 it
349 1761 20 23 is
381 1759 36 26 the
434 1770 83 24 money
529 1763 40 24 has
581 1765 57 23 been

54 1799 55 24 very
127 1792 160 32 injudiciously
308 1792 47 25 laid
374 1799 45 20 out.
456 1796 37 30 By
513 1805 80 16 means
616 1798 22 24 of

54 1824 39 25 the
111 1827 148 23 excavations
276 1827 23 23 in
319 1827 122 25 Shortland
462 1829 117 31 Crescent,
591 1832 47 31 pri-

53 1863 51 25 v,ate
115 1859 137 24 individuals
264 1859 58 24 have
334 1860 57 25 been
409 1862 64 24 made
486 1868 22 18 to
521 1866 89 22 sustain
622 1873 13 15 a

52 1892 63 31 large
127 1898 94 18 amount
232 1893 25 23 of
266 1893 103 32 damage.
405 1895 23 24 It
440 1896 20 23 is
470 1897 23 22 in
502 1897 64 24 truth
576 1906 62 16 won-

54 1925 73 25 derful
139 1926 50 24 how
209 1926 48 25 Mr.
278 1927 123 24 Shortland
419 1928 41 25 has
479 1932 116 23 contrived
616 1937 22 18 to

53 1960 70 31 spend
137 1967 60 24 upon
217 1960 94 25 himself
327 1961 45 24 and
391 1961 35 24 his
444 1963 128 33 colleagues
591 1973 43 23 up-

52 1993 73 23 wards
137 1994 24 23 of
172 1994 113 28 £70,000
292 1994 24 23 in
329 2001 43 18 one
384 2003 59 23 year,
456 1998 45 22 and
513 1998 49 24 still
573 1998 65 24 avoid

52 2031 41 28 nj>t
103 2026 80 31 laying
194 2032 40 18 out
245 2035 62 20 more
320 2027 56 28 than
388 2030 69 24 £500
470 2031 34 22 for
516 2031 40 23 the
568 2032 70 23 bene-

52 2060 27 24 fit
90 2060 26 23 of
131 2059 39 24 the
182 2060 89 31 colony*
307 2060 31 24 In
351 2069 29 16 no
398 2062 64 24 other
473 2063 91 23 British
576 2064 62 23 colo-

52 2100 31 24 ny
94 2093 55 23 does
162 2092 37 24 the
220 2101 81 23 money
313 2094 117 31 expended
450 2104 30 15 on
498 2097 78 30 public
595 2097 42 26 im-

52 2131 144 28 provements
209 2127 54 23 bear
274 2127 56 24 Such
343 2135 15 16 a
375 2128 66 24 small
459 2130 133 31 proportion
612 2136 25 22 to.

51 2160 50 24 that
112 2160 74 24 which
198 2160 38 24 the
247 2161 88 23 officers
341 2161 26 23 of
377 2161 156 26 Government
540 2165 97 24 receive.

51 2193 46 26 Let
108 2201 29 16 us
148 2193 54 25 take
214 2201 45 17 one,
268 2194 26 25 of
308 2194 62 25 them
384 2196 25 31 bj
424 2196 93 24 chance.
557 2197 81 34 Upper

52 2227 101 25 Canada-
165 2227 36 24 for
221 2228 110 29 instance,
351 2229 55 25 with
426 2238 13 15 a
459 2230 136 31 population
616 2233 22 23 of

51 2262 111 28 410,000
184 2261 71 29 souls,
278 2262 24 24 in
326 2262 38 24 the
384 2271 54 23 year
462 2266 76 22 1836.
586 2265 51 24 The

52 2294 71 25 whole
136 2294 53 24 civil
202 2294 156 25 Government
369 2296 116 32 including
508 2298 129 30 Governor,

51 2328 96 31 Judges,
161 2328 104 29 Sheriffs,
276 2328 54 30 &c,
340 2330 121 24 amounted
473 2336 23 18 to
508 2332 114 29 £22,098
630 2342 6 19 ;

52 2361 30 25 In
105 2361 58 25 New
196 2361 110 30 Zealand,
336 2362 56 25 with
417 2372 14 15 a
460 2365 133 31 population
617 2367 21 23 of

53 2397 101 31 12,00,0,
167 2394 40 30 the,
217 2395 53 24 civil
290 2396 157 25 Government
460 2403 61 20 costs
533 2399 104 31 upwards

50 2429 26 24 of
90 2429 124 28 £70,000:
249 2428 31 25 In
298 2429 83 32 Upper
403 2431 100 29 Canada,
525 2433 112 29 £10,615

51 2469 38 17 are
101 2462 95 24 devoted
210 2467 22 19 to
245 2462 38 24 the
295 2464 173 24 establishment
480 2465 26 24 of
521 2466 97 24 Schools
628 2476 7 19 ;

50 2496 26 24 in
96 2496 59 24 New
174 2495 101 25 Zealand
293 2497 55 24 £15
358 2497 23 24 !!
405 2506 37 15 are
461 2498 95 25 deemed
574 2501 64 23 suffi-

52 2530 67 23 cient.
146 2529 50 24 The
210 2530 83 31 Clergy
305 2531 88 24 receive
404 2532 108 31 annually
524 2534 114 29 £12,317

50 2563 25 25 in
88 2563 83 32 Upper
183 2563 93 24 Canada
285 2573 6 19 ;
311 2565 24 23 in
351 2563 56 26 New
419 2565 101 24 Zealand
533 2567 53 30 they
600 2575 37 16 re-

50 2598 62 24 ceive
141 2597 80 25 £238.
274 2597 39 25 On
342 2598 76 31 public
447 2600 84 29 works,
562 2601 75 29 roads,

50 2632 99 32 bridges,
158 2631 44 24 and
211 2631 84 30 canals,
306 2631 38 24 the
355 2631 157 26 Government
519 2633 28 24 of
556 2634 82 32 Upper

50 2666 96 25 Canada
164 2666 48 25 laid
231 2671 40 19 out
290 2666 140 29 £111,063.
433 2679 33 4 —
468 2666 47 24 For
527 2676 15 15 a
553 2668 85 24 similar

51 2708 100 25 purpose
170 2701 39 24 the
233 2701 158 24 Government
410 2701 27 23 of
459 2700 58 24 New
537 2701 101 25 Zealand

51 2735 86 32 spends
144 2734 74 30 nbout
228 2735 81 24 £500.

86 2768 52 25 The
148 2768 82 32 people
242 2768 24 24 of
282 2768 46 23 this
339 2768 82 32 colony
431 2777 39 16 are
482 2768 69 25 taxed
570 2769 68 24 about

52 2803 124 28 £40,1)00,
199 2802 46 24 and
266 2807 40 18 out
330 2802 25 22 of
374 2802 49 24 that
445 2810 122 16 enormous
588 2811 50 17 sum

52 2838 73 24 £-500
138 2835 53 33 only
199 2843 39 16 are
246 2835 94 24 devoted
353 2840 21 19 to
384 2835 57 25 local
452 2834 186 34 improvements.

54 2869 50 26 The
125 2873 50 21 rest
193 2867 74 33 might
287 2876 26 16 as
331 2868 51 24 well
402 2869 28 25 be
442 2869 88 25 thrown
543 2871 47 23 into
603 2869 35 25 the

54 2911 47 22 sea,
113 2903 35 24 for
160 2910 45 24 any
217 2902 47 24 real
275 2902 85 23 benefit
371 2902 90 25 derived
473 2903 30 31 by
513 2903 38 24 the
561 2904 77 31 colony

53 2937 60 25 from
134 2937 28 23 it.
205 2935 51 25 The
278 2935 82 25 town's
382 2937 79 32 people
484 2945 40 15 are
547 2937 91 25 without

54 2976 90 24 streets,
162 2969 91 29 wharfs,
276 2977 25 16 or
320 2977 45 23 any
377 2970 93 32 landing
489 2970 67 32 place
567 2971 71 24 what-

55 3012 51 17 ever
114 3013 8 20 ;
142 3003 44 25 and
198 3003 38 24 the
249 3007 95 27 country
354 3003 89 25 settlers
455 3012 40 16 are
506 3002 132 34 completely

54 3038 109 22 destitute
176 3036 24 24 of
209 3036 74 24 roads.

89 3071 52 25 The
159 3070 148 32 expenditure
330 3070 27 24 of
376 3070 43 30 this,
443 3071 159 25 Government
621 3072 20 24 is

54 3113 66 24 gross
138 3104 45 24 and
200 3104 84 24 animal
294 3112 6 20 ;
320 3103 65 25 there
396 3105 20 23 is
427 3109 41 19 not
478 3113 14 16 a
511 3106 74 30 single,
604 3113 36 17 re-

55 3138 107 31 deeming
180 3138 65 31 point
264 3137 69 30 abqut
354 3138 27 24 it.
416 3138 25 27 It
451 3138 20 23 is
483 3138 30 26 a.ll
525 3139 37 24 for
572 3143 68 25 roeat,

55 3171 78 30 drink,
145 3170 102 30 salaries,
259 3170 44 24 and
324 3170 92 26 houses.
452 3170 58 25 The.
516 3172 75 30 roads.,
604 3170 37 26 the

56 3209 91 26 streets,
159 3212 37 18 are
208 3204 105 29 unmade,
327 3204 38 24 the
381 3204 79 32 people
471 3212 38 17 are
522 3205 43 25 left
574 3205 66 26 with-

56 3243 40 21 out
107 3238 40 25 the
155 3244 82 17 means
249 3238 25 23 of
289 3239 140 23 instruction,
443 3246 26 16 or
480 3238 105 32 religiQp,
598 3239 42 24 and

55 3278 40 27 yet
106 3272 56 31 they
172 3279 38 16 are
223 3270 67 25 taxed
301 3271 70 25 about
382 3272 37 25 £6
431 3280 40 23 per
481 3270 60 26 head
550 3270 15 31 ;'
576 3272 65 25 while

56 3306 39 26 the
106 3305 83 33 Upper
202 3304 129 25 Canadians
351 3306 54 31 only
414 3313 45 24 pay
471 3310 24 19 at
507 3306 39 23 the
559 3310 48 20 rate
619 3306 25 24 of

52 3343 41 24 ,ss.
106 3339 58 24 lOd.
200 3337 49 26 But
265 3337 38 24 the
316 3337 82 32 Upper
417 3339 133 24 Canadians
562 3339 55 24 have
630 3348 12 15 a

56 3372 192 34 Representative
266 3370 164 33 Government,
442 3372 45 24 and
499 3379 34 17 we
545 3372 24 26 in
585 3372 57 28 New,
649 3397 1 3 .

56 3405 102 30 Zealand
180 3405 46 24 live
249 3404 73 24 under
344 3403 39 25 the
409 3405 163 32 irresponsible
598 3406 46 25 and

57 3441 103 32 despotic
174 3444 71 26 ;sway
263 3437 25 24 of
306 3445 15 16 a
339 3437 119 25 Governor
482 3438 45 32 a,nd
551 3447 14 16 a
585 3438 58 26 Star

54 3473 123 30 Chamber,
189 3480 26 16 or
226 3471 129 25 Executive
367 3471 104 25 Council;
492 3481 6 4 -

73 3503 5 13 :
91 3506 116 26 Attached
216 3510 22 20 to
245 3504 39 25 the
292 3504 61 27 Blue
360 3503 67 25 Book
437 3504 63 27 there
507 3513 39 17 are
557 3506 86 27 several

56 3541 149 33 explanatory
213 3543 144 21 statements.
377 3538 28 24 In
411 3537 95 34 looking
512 3546 53 18 over
572 3539 68 30 them,

57 3581 34 19 tfe
91 3577 10 6 v
101 3574 51 26 find
168 3574 35 24 for
223 3579 67 26 every
309 3573 147 31 department,
468 3572 92 24 various
580 3580 62 17 sums
649 3594 1 3 .

59 3609 72 26 under
143 3607 39 26 the
193 3614 67 17 name
271 3606 26 24 of
337 3610 73 19 stores
570 3605 71 25 which

56 3641 130 34 altogether
205 3644 101 22 amount'
320 3644 23 19 to
363 3638 69 25 about
449 3639 108 29 £4,000.
600 3639 42 25 We

57 3677 56 24 find'
116 3676 37 24 for
160 3670 116 32 \instance
292 3667 73 32 £320
379 3672 70 25 worth
461 3673 24 23 of
501 3677 74 19 stores
587 3680 55 24 sup-

57 3710 61 33 plied
137 3714 25 19 to
181 3707 38 25 the
230 3707 106 31 Co|onial
357 3706 140 32 Secretary's
623 3708 19 22 is

57 3744 47 25 this
116 3750 53 17 sum
184 3742 35 23 for
237 3748 66 25 pens,
315 3739 52 37 iril^
376 3740 47 31 a,ud,
439 3747 78 29 paper,
530 3747 26 17 or
566 3739 76 25 what?

58 3777 55 25 The
122 3776 114 31 IjJarbQur,
245 3774 91 33 faster
346 3773 44 24 has
397 3773 49 25 also
457 3774 73 24 £112
543 3772 107 25 wortlrof.

58 3802 53 40 tails'
122 3802 128 40 Wcespary,
250 3829 2 3 .
264 3807 87 37 ar^cje,
370 3807 44 24 and
435 3807 38 26 the
494 3807 90 30 Sfherift?
602 3806 41 25 has

58 3845 55 25 £65
125 3845 38 23 4s.
177 3843 83 28 6d.,—
261 3835 61 32 wW
338 3849 21 17 te
378 3840 48 25 that
436 3840 37 28 for,
605 3840 43 24 the-

59 3878 159 23 Government
226 3875 90 24 House-
324 3879 62 20 must
396 3875 58 23 have
464 3875 31 23 its
507 3878 81 25 store?,
600 3873 44 25 and

57 3911 51 24 that
114 3915 30 19 to
164 3918 15 15 a
188 3908 156 25 considerable
363 3912 100 24 amount,
475 3906 82 27 £940.
593 3906 51 25 The

59 3944 104 27 Pomain
172 3943 44 24 has
222 3942 48 24 also
281 3943 32 22 its
349 3946 72 19 stores

59 3973 47 31 •n£
115 3976 43 27 the
169 3974 111 29 Colonial.
284 3975 73 26 Sipre,
365 3973 42 27 has
412 3974 31 24 its
452 3979 76 19 stores
535 3973 115 31 likewise/

1929 3581 41 17 The
1981 3581 48 16 New
2040 3580 98 17 Zealand
2148 3579 94 16 Gazettx
2248 3579 38 17 and
2296 3579 137 18 Weuikotom
2445 3579 60 21 Srjpr

1909 3607 11 12 t
1922 3606 53 13 ator
1980 3602 15 16 is
2002 3600 96 23 published
2104 3604 55 17 every
2166 3600 115 21 Wednesday
2290 3600 38 17 and
2338 3600 96 21 Saturday.
2454 3600 48 19 Sub-

1907 3623 63 22 joined
1977 3623 68 16 arethe
2052 3623 89 15 terms;—

1930 3644 65 19 Pine*
2002 3647 24 14 ot
2032 3647 40 15 tub
2079 3643 98 17 Parse.—
2176 3642 56 21 Forty
2237 3642 87 21 shillings
2329 3645 34 18 p«r
2372 3645 76 18 annum)
2458 3645 45 18 pay-

1909 3666 41 17 able
1955 3666 21 16 in
1983 3665 88 19 advance;
2082 3668 21 13 or
2108 3663 88 21 sixpence
2202 3663 30 17 for
2237 3663 60 22 single
2308 3663 94 22 luuptwra,

1930 3685 158 18 Advertisements
2093 3684 38 17 will
2138 3685 33 16 not
2176 3689 68 17 appear
2253 3684 21 17 in
2284 3684 32 17 the
2326 3688 80 16 ensuing
2416 3684 78 17 nuinbet

1910 3708 16 16 If
1933 3707 86 18 received
2023 3706 46 17 later
2076 3705 45 17 than
2135 3706 19 16 10
2161 3704 74 20 o'clock,
2242 3710 51 15 a.m.,
2298 3710 24 12 on
2330 3706 32 16 the
2369 3705 93 20 mprning*
2469 3705 32 16 be-

1909 3729 45 17 fore,
1961 3727 118 23 publie&tien.
2101 3726 160 18 Advertisement!
2274 3726 38 17 will
2322 3727 26 16 he-
2356 3725 99 18 continued
2461 3724 37 21 snjl

1910 3750 79 21 charged,
1999 3748 49 17 until
2056 3748 169 19 counter-ordered;
2236 3748 46 17 snoh
2288 3748 54 17 order
2347 3748 52 17 must
2404 3747 111 17 b*itnKt»-.

1910 3769 37 22 the'
1950 3771 57 16 Office
2018 3771 36 15 two
2072 3769 45 21 days
2136 3769 61 20 hefpre
2208 3769 120 21 publication,
2338 3768 38 18 and
2385 3768 50 16 mutt
2445 3766 61 22 be.ii»j

1909 3791 82 21 writing;
2005 3787 3 6 '
2013 3790 158 17 Advertisement!
2183 3790 84 17 received
2285 3789 53 22 after
2355 3789 22 16 10
2392 3787 68 18 o'clock
2474 3791 31 16 o»,

1910 3812 88 21 Tuesday,
2007 3812 37 16 and
2053 3811 66 21 Friday
2131 3811 95 21 mornings
2237 3810 38 18 will
2285 3811 23 17 be
2318 3809 82 21 charged,
2406 3808 54 18 twice
2468 3809 36 16 th»

1910 3831 55 20 usual
1969 3835 56 15 rates.
2170 3846 3 6 ,
2206 3840 3 4 •
2347 3841 2 4 ■

1906 3854 11 13 '"
1930 3854 33 19 All
1969 3854 67 19 orders,
2046 3852 160 20 advertisements,
2216 3852 39 18 and
2265 3850 167 21 communications,
2441 3850 64 20 totni

1910 3875 72 20 Editor,
1987 3879 31 13 are
2024 3874 98 21 requested
2127 3876 20 15 to
2153 3875 23 16 be
2182 3873 99 18 addressed
2288 3875 19 14 to
2312 3872 40 17 this
2357 3871 64 20 Office,

1911 3897 76 18 Printed
2000 3896 36 16 and
2051 3895 97 21 published
2165 3899 55 17 every
2237 3894 115 21 Wednesday
2367 3894 37 16 aod
2415 3892 89 20 Saturday

1915 3918 2 6 1
1932 3918 91 20 morning,
2036 3917 24 19 by
2077 3917 87 16 Samdel
2178 3916 90 18 Rkvaks,
2284 3917 20 15 at
2319 3914 33 20 the
2367 3914 56 18 Office
2439 3914 19 16 ot
2467 3915 36 15 *no
2510 3929 5 3 .

1932 3939 50 18 NKW
1995 3941 99 14 Z.KALAND
2105 3938 94 17 GASEXTJB
2210 3941 48 15 AND,
2266 3936 137 20 WK«WtOtT<W»
2408 3941 7 12 '-
2420 3934 78 26 &«£**

1931 3961 46 20 to*
1988 3958 158 21 Manners-street,
2154 3957 123 22 Wellington,,
2284 3955 164 23 P«t-^»icJ»oJ«OBt
2451 3969 3 8 l
2458 3958 46 14 ««*

1933 3976 87 32 eist^ud.

673 136 54 23 £65
744 137 40 23 6s.
793 152 4 3 ■
804 135 41 25 Bd.
889 136 52 23 The
951 136 123 24 Protector
1084 136 27 24 of
1119 136 139 32 Aborigines

675 173 62 19 must
746 168 59 24 have
823 174 82 23 stores,
916 169 72 24 £102
999 170 36 25 7s.
1055 169 65 30 lid.,
1141 169 44 24 and
1203 176 55 17 even

675 201 39 24 the
734 201 92 24 Parson
844 201 42 24 has
902 202 38 23 his
952 201 66 24 small
1038 206 81 26 stores,
1134 204 61 26 125.,
1207 210 51 24 per-

675 234 56 31 haps
743 235 18 23 it
771 242 48 16 was
831 240 14 18 a
856 234 68 24 Bible
933 242 25 16 or
971 235 85 30 Prayer
1065 234 77 26 Book.
1177 235 48 24 But
1234 239 24 20 at

675 266 31 25 all
717 272 79 19 events
807 268 20 23 it
845 275 97 24 appears
961 272 76 27 pretty
1048 267 93 25 evident
1152 267 50 24 that
1212 268 46 23 this

675 300 21 23 is
711 307 16 15 a
739 301 135 23 convenient
892 305 58 19 term
969 305 23 19 to
1011 300 71 24 admit
1098 300 73 24 under
1181 302 20 22 it
1216 308 42 23 any

675 333 87 31 species
782 334 25 23 of
823 333 152 33 expenditure
994 333 120 24 whatever.
1155 334 103 31 Perhaps

675 366 17 23 it
704 366 20 23 is
736 366 38 24 the
786 374 64 16 same
861 375 25 15 as
904 367 39 24 the
953 371 73 19 secret
1041 366 184 31 service-money
1235 371 23 20 at

675 397 87 26 Home.
797 396 95 35 Among
903 399 38 24 the
958 399 173 25 miscellaneous
1142 400 72 23 items
1227 406 31 17 we

673 431 48 24 find
732 440 14 15 a
757 437 109 27 payment
877 432 114 24 made.to'
991 432 72 24 Uriah
1075 432 71 24 Hunt
1157 434 26 22 of
1193 432 64 24 Wel-

674 465 88 29 lington
772 465 38 24 for
822 466 39 23 the
871 463 70 26 bbard
953 465 45 24 and
1009 465 93 33 lodging
1114 469 29 20 ot-
1157 466 36 23 his
1205 465 52 24 Ex-

674 497 101 31 cellency
783 491 130 42 during,!^
914 491 75 39 ,flay4
1003 499 70 25 £127
1091 500 37 25 7s.
1141 499 70 23 about
1221 499 35 25 £7

674 538 14 15 a
699 530 51 31 day,
762 531 47 23 this
820 532 21 23 is
851 531 44 24 fair
906 532 72 30 living
986 533 24 22 in
1020 539 14 15 a
1044 539 49 15 new
1105 531 98 30 Colony.
1228 531 29 24 In

675 563 37 24 the
724 564 142 32 department
875 564 25 24 of
910 564 37 24 the
958 564 118 24 Protector
1086 565 26 24 of
1120 564 136 30 aborigines,

674 604 34 15 we
718 597 48 23 find
778 605 13 16 a
809 597 83 32 charge
905 597 26 24 of
945 598 54 24 £33
1009 599 35 22 Os.
1065 597 50 30 5d.,
1125 598 37 24 for
1182 598 75 24 native

674 630 133 24 attendance
821 639 63 23 upon
901 630 49 24 Mr.
964 630 97 24 Edward
1074 630 133 30 Shortland,
1220 630 36 25 the

674 663 93 24 brother
779 665 25 22 of
822 663 39 24 the
872 664 128 28 Governor,
1011 663 110 32 probably
1133 664 65 24 these
1216 672 40 15 na-

674 696 58 23 tives
744 704 58 16 were
812 696 119 32 employed
943 697 24 24 in
974 698 124 30 conveying
1106 697 36 24 his
1154 698 51 31 pigs
1214 697 42 24 and

663 733 2 27 |
673 733 104 26 potatoes
786 735 37 24 Jo
851 730 125 24 Auckland
998 730 21 23 in
1040 730 39 24 the
1102 731 154 23 Government

675 756 108 31 Pinnae^.
820 763 44 24 We
884 763 47 24 find
951 763 49 24 also
1019 771 14 17 a
1052 763 84 32 charge
1155 763 23 24 of
1199 764 53 23 £11

675 797 51 22 12s.
738 794 66 35 3^d.,
817 796 35 24 for
864 796 119 31 vitualling
1004 796 36 24 the
1052 804 63 16 same
1126 796 130 31 gentleman

673 836 30 16 on
721 829 70 24 board
810 830 39 23 the
871 829 110 29 Victoria,
999 830 66 23 while
1085 837 29 16 on
1126 838 29 15 an
1173 830 83 23 official

674 862 53 23 visit
744 867 23 19 to
788 862 95 24 Tariah.
927 862 49 24 Did
993 862 36 24 his
1047 863 141 31 Excellency
1207 863 47 24 Mr.

673 894 149 33 Willoughby
846 896 132 28 Shortland,
1002 900 36 19 eat
1056 896 99 31 nothing
1172 897 84 31 during

673 928 45 24 this
730 929 84 23 official
825 930 61 28 visit,
896 929 36 23 for
943 928 29 24 he
981 937 45 15 was
1037 929 38 24 the
1087 929 64 24 chief
1157 930 99 24 Ambas-

672 961 68 24 sador
750 963 9 24 ?
795 962 106 32 Perhaps
912 962 29 23 he
952 963 20 22 is
985 967 34 18 too
1032 962 90 24 modest
1133 967 23 19 to
1167 962 70 24 make
1242 971 14 14 a

673 994 82 31 charge
779 1003 35 15 on-
831 994 47 26 this
900 1003 72 17 score.
1017 996 39 24 He
1075 996 47 24 will
1141 995 115 24 doubtless

673 1027 82 33 charge
766 1028 96 24 himself
877 1028 54 24 with
943 1029 17 23 it
981 1029 70 23 under
1069 1029 38 24 the
1122 1029 134 24 convenient

672 1061 58 23 head
743 1062 24 23 of
810 1067 74 18 stores
1058 1062 26 24 It
1099 1070 48 16 was
1168 1070 41 16 our
1221 1063 35 23 in-

673 1095 88 23 tention
782 1099 23 20 to
822 1095 93 31 analyse
933 1095 38 23 the
990 1100 122 19 statement
1122 1096 26 23 of
1167 1096 38 23 the
1216 1096 40 23 ad-

671 1135 89 21 vance*
769 1128 57 24 from
845 1128 39 24 the
905 1128 155 24 Government
1072 1128 25 24 of
1115 1130 56 23 New
1183 1128 72 24 South

673 1160 86 31 Wales,
771 1161 44 24 but
826 1170 32 15 we
869 1166 63 19 must
943 1162 35 23 for
990 1162 38 24 the
1038 1167 94 26 present
1141 1163 65 23 leave
1216 1170 40 16 our

672 1194 91 24 readers
776 1200 21 18 to
811 1196 28 22 do
851 1196 46 22 this
908 1196 35 22 for
955 1195 143 24 themselves.
1136 1196 66 30 They
1211 1196 44 23 will

672 1227 48 24 find
731 1229 50 23 that
792 1229 39 23 the
843 1234 89 24 greater
941 1233 53 27 part
1001 1229 24 23 of
1035 1229 37 23 the
1082 1228 54 24 debt
1147 1229 42 24 has
1199 1229 56 23 been

672 1262 130 23 contracted
813 1263 23 22 in
849 1269 108 24 passages
967 1262 83 24 aboard
1058 1262 72 32 ships,
1141 1263 24 23 in
1172 1263 83 30 eating,

672 1294 116 32 drinking,
802 1296 43 23 &c.

708 1328 23 24 It
741 1330 20 22 is
774 1329 141 31 melancholy
927 1334 23 18 to
962 1328 65 24 think
1040 1337 60 22 upon
1114 1329 38 23 the
1162 1337 94 16 manner

672 1363 24 22 in
718 1363 73 23 which
813 1363 39 23 the
872 1370 111 16 revenues
1002 1363 24 23 of
1041 1363 46 22 this
1108 1363 79 31 colony
1200 1363 56 23 have

673 1396 56 23 been
748 1396 118 31 expended
877 1406 6 19 ;
903 1396 88 23 neither
1009 1396 37 24 the
1063 1396 81 31 colony
1164 1405 41 15 nor
1218 1396 37 24 the

673 1429 157 24 Government
853 1430 98 23 Officers
974 1429 136 24 themselves
1129 1431 56 22 have
1204 1437 52 23 pro-

671 1462 53 24 fited
749 1463 30 30 by
789 1463 26 23 it.
852 1462 62 24 Like
932 1462 39 23 the
993 1462 122 30 gambler's
1134 1463 88 30 profils,
1239 1463 17 23 it

671 1503 46 15 was
727 1504 83 22 money
823 1495 70 31 easily
906 1500 39 26 got
964 1495 45 24 and
1019 1495 71 30 easily
1102 1495 53 24 lost.
1192 1495 62 24 With

671 1528 38 24 the
720 1530 74 29 single
806 1529 119 31 exception
947 1530 25 22 of
991 1528 46 24 Mr.
1051 1528 125 24 Shortland
1194 1529 60 23 him-

670 1563 50 28 self,
741 1570 33 15 we
792 1563 101 30 scarcely
911 1562 68 24 know
992 1570 41 15 one
1052 1563 26 22 of
1094 1563 39 22 the
1151 1563 103 23 Govern-

670 1600 62 19 ment
745 1596 99 24 Officers
858 1596 48 23 who
927 1597 20 22 is
958 1601 25 19 at
997 1596 36 23 the
1052 1599 93 27 present
1155 1601 101 19 moment

670 1630 24 23 in
706 1629 72 24 better
790 1630 177 23 circumstances
985 1629 52 24 than
1049 1629 66 24 when
1127 1629 30 24 he
1169 1630 87 23 arrived

670 1663 23 23 in
704 1662 38 24 the
753 1662 91 31 colony.
880 1663 51 24 The
951 1663 115 30 ill-gotten
1078 1671 56 22 gear
1147 1671 73 15 seems
1233 1668 22 18 to

670 1696 56 23 have
738 1696 65 24 made
814 1704 13 16 a
835 1696 51 24 hole
895 1697 35 22 for
936 1697 65 24 itself
1007 1695 97 31 through
1113 1696 39 23 the
1161 1696 94 31 pockets

670 1730 25 23 of
705 1730 37 24 the
751 1730 73 23 whole
836 1730 25 24 of
870 1730 61 23 them
941 1739 7 20 ;
968 1730 43 23 and
1022 1737 33 15 we
1066 1731 104 30 question
1179 1730 76 29 much,

670 1763 65 24 when
748 1763 37 24 the
804 1763 45 31 day
861 1764 24 23 of
905 1763 125 31 reckoning
1047 1764 95 28 arrives,
1162 1764 19 23 if
1200 1772 55 15 even

670 1796 48 24 Mr.
732 1797 132 23 .Shortland
884 1796 95 24 himself
998 1796 44 24 will
1065 1796 57 24 have
1146 1797 68 23 much
1233 1801 22 20 to

668 1838 66 23 carry
752 1835 41 18 out
813 1831 27 24 of
861 1830 37 23 the
917 1830 89 30 colony.
1049 1830 144 24 Shortland's
1209 1831 47 24 fate

668 1864 45 23 will
726 1864 27 24 be
766 1864 50 24 that
828 1864 26 24 of
863 1864 38 24 the
912 1864 67 24 Fabii
990 1872 40 17 :-rr

695 1902 51 22 Una
756 1902 47 22 dies
814 1902 82 23 Fabios
907 1902 27 22 ad
946 1902 82 23 bellum
1042 1902 92 24 miserat
1143 1910 85 19 omnes,

696 1929 36 23 Ad
741 1930 85 22 bellum
837 1930 41 22 mis
881 1937 23 14 so
907 1938 9 13 s
926 1930 102 28 perdidid
1037 1937 47 14 una

696 1963 120 23 Shortland
827 1963 117 28 destroyed
955 1972 13 13 a
978 1963 86 28 Colony
1074 1963 23 23 in
1109 1972 14 14 a
1134 1964 51 27 day,

696 1991 54 22 And
758 1998 14 15 a
782 1991 42 24 day
837 1991 43 21 will
891 1990 120 23 Shortlaud
1021 1991 93 22 himself
1121 1991 99 27 destroy.

702 2027 156 23 Papakura.
860 2039 32 4 —
894 2026 44 24 We
949 2026 55 24 hear
1021 2026 50 23 that
1082 2026 38 23 the
1132 2028 89 20 natives
1232 2027 26 21 of

668 2059 125 31 Papakura
805 2059 57 22 have
873 2059 58 22 been
943 2059 33 22 for
989 2059 37 22 the
1035 2064 92 25 present
1138 2057 74 31 qaited
1226 2059 28 29 by

668 2092 39 23 the
725 2091 167 24 Government.
929 2092 48 23 But
995 2091 57 23 until
1072 2092 53 29 they
1138 2099 37 15 are
1188 2091 66 30 fairly

668 2125 45 24 and
725 2125 56 31 fully
793 2125 54 31 paid
868 2125 35 22 for
915 2125 58 22 their
993 2124 73 29 lands,
1080 2124 64 24 there
1162 2125 19 23 is
1199 2124 57 23 little

668 2164 106 26 prospect
784 2159 25 23 of
817 2158 119 31 fflEpeace
948 2158 68 30 being
1028 2163 141 25 permanent.
1206 2158 50 23 The

668 2193 51 24 The
728 2193 131 30 SurveyoTs
868 2192 57 23 have
935 2193 103 22 resumed
1047 2191 59 24 their
1115 2191 137 33 operations.

669 2226 48 24 But
728 2234 33 16 we
773 2231 83 26 expect
868 2225 54 31 they
934 2226 59 23 shall
1005 2226 26 22 be
1042 2233 56 15 soon
1111 2224 99 25 bundled
1223 2224 33 24 off

668 2260 75 31 again.
769 2259 35 24 •It
812 2264 84 19 cannot
907 2259 28 23 be
944 2259 107 31 expected
1063 2259 48 24 that
1121 2259 39 23 the
1170 2259 86 23 natives

668 2293 83 24 should
774 2293 87 32 quietly
881 2292 86 24 submit
988 2297 22 19 to
1032 2292 58 24 have
1113 2292 58 24 their
1192 2292 64 24 lands

668 2327 71 24 taken
751 2327 134 31 possession
897 2327 30 23 of.
966 2326 81 23 Would
1060 2326 154 31 Englishmen
1228 2327 25 22 be

668 2361 112 31 expected
799 2365 24 19 to
840 2360 30 23 do
888 2367 25 16 so
922 2361 10 23 ?
968 2360 27 24 If
1009 2364 47 24 not,
1068 2359 52 31 why
1131 2358 81 25 should
1225 2367 31 16 we

668 2394 99 31 imagine
777 2394 49 23 that
839 2393 37 24 the
889 2394 88 23 natives
984 2393 72 24 would
1068 2398 37 19 act
1113 2393 127 30 differently
1247 2393 9 24 ?

668 2428 44 23 and
723 2428 52 31 why
786 2427 83 24 should
887 2427 38 23 the
938 2427 157 23 Government
1113 2427 64 31 place
1193 2426 65 24 itself

668 2462 24 24 in
701 2461 37 24 the
748 2461 127 31 degrading
883 2461 99 31 position
990 2461 22 23 of
1022 2461 85 30 having
1115 2461 30 22 its
1154 2465 102 18 servants

668 2495 97 32 stopped
778 2495 28 30 by
819 2496 89 22 natives
918 2494 60 24 from
990 2494 38 23 the
1038 2494 63 22 work
1114 2494 107 31 assigned
1233 2499 23 18 to

670 2529 61 23 them
741 2529 9 24 ?
786 2528 73 24 What
877 2535 33 16 we
929 2527 99 24 asserted
1047 2528 25 23 in
1085 2535 41 16 our
1148 2527 45 24 last
1212 2535 46 16 was

668 2561 111 32 perfectly
790 2565 102 24 correct;
911 2562 37 22 viz
958 2570 7 15 :
965 2574 35 4 —
1002 2561 60 23 That
1079 2560 39 24 the
1131 2561 127 30 Surveyors

667 2595 46 24 had
725 2596 58 24 beeu
794 2595 84 24 turned
890 2595 39 29 off,
941 2595 96 24 because
1049 2594 39 23 the
1098 2595 159 23 Government

668 2629 45 23 had
730 2633 41 20 not
789 2629 53 32 paid
861 2628 48 24 the'
921 2629 87 23 natives
1018 2628 36 24 for
1073 2628 40 24 the
1124 2628 53 24 land
1187 2636 6 21 ;
1216 2636 42 16 nor

668 2662 57 25 have
738 2663 53 31 they
808 2665 41 29 yet
859 2662 58 24 done
929 2670 35 16 so.
1000 2661 95 25 Besides
1114 2661 39 24 the
1165 2668 60 17 want
1237 2662 22 23 of

797 2697 43 23 the.
849 2696 157 24 Government
1015 2695 46 24 had
1070 2695 84 31 agreed
1165 2700 22 19 to
1199 2703 55 24 pur-

669 2731 69 24 chase
750 2731 58 24 from
828 2730 38 24 the
887 2737 78 23 wrong
976 2730 92 30 parties,
1082 2729 75 24 which
1166 2728 46 25 will
1231 2729 27 24 be

669 2765 39 24 the
719 2772 64 16 more
795 2763 98 25 difficult
904 2764 65 30 point
981 2768 23 18 to
1014 2763 75 23 settle.

703 2798 134 24 Another
863 2798 179 24 Importation
1067 2804 72 17 from
1168 2796 91 25 P-ark-

670 2839 93 17 hurst.
765 2844 34 5 —
800 2831 44 24 We
857 2839 41 16 can
911 2831 100 31 scarcely
1023 2831 106 23 conceive
1148 2831 115 31 anything,

670 2873 62 16 more
744 2865 136 30 heartlessly
892 2864 72 29 cruel,
974 2872 25 16 or
1009 2863 137 32 infamously
1156 2864 103 24 immoral

670 2899 45 23 and
726 2899 89 31 unjus',
826 2899 54 23 than
901 2898 38 24 the
958 2897 96 25 conduct
1072 2897 25 24 of
1118 2898 38 23 the
1183 2897 76 25 Home

671 2932 159 24 Government
850 2932 97 24 towards
971 2931 43 24 this
1038 2932 91 31 colony.
1180 2930 79 32 Every

669 2965 89 33 pledge,
771 2962 45 28 and
829 2974 68 23 every
910 2965 98 31 promise
1019 2965 57 24 have
1092 2965 60 24 been
1170 2965 88 23 broken

671 2999 54 26 both
738 3004 24 19 at
771 3000 67 23 home
851 3000 44 23 and
906 3000 25 22 in
946 2999 41 23 the
1004 2998 87 31 colony.
1113 3000 6 5 '
1136 2998 45 24 We
1201 3006 58 16 were

670 3033 38 24 led
719 3038 23 19 to
753 3033 88 24 believe
853 3033 50 24 that
923 3032 40 25 the
984 3032 96 32 English
1102 3033 158 24 Government

670 3067 25 30 jn
708 3066 81 32 taking
800 3067 132 30 possession
945 3066 25 24 of
985 3066 45 24 this
1048 3072 105 25 country,
1172 3066 87 31 merely

671 3100 84 31 sought
767 3105 23 19 to
802 3100 71 24 afford
885 3101 132 30 protection,
1031 3099 45 24 and
1091 3101 53 30 give
1165 3104 93 19 counte-

671 3141 71 16 nance
758 3138 23 19 to
800 3133 66 24 those
884 3134 50 22 who
957 3133 73 23 where
1052 3133 104 30 engaged
1179 3134 23 22 in
1215 3133 40 23 the

670 3167 60 31 good
750 3167 64 24 work
834 3167 26 23 of
883 3167 116 30 civilizing
1019 3166 46 23 and
1086 3167 174 31 christianizing

671 3200 40 24 the
722 3201 102 28 natives;
843 3200 42 24 but
906 3200 52 24 how
977 3200 39 23 has
1034 3200 47 23 this
1098 3200 82 32 pledge
1202 3200 56 24 been

672 3233 56 33 kept
735 3234 10 24 ?
781 3233 72 24 What
864 3234 126 23 assistance
1002 3233 40 24 has
1053 3233 38 24 the
1100 3234 159 23 Government

671 3268 68 31 given
750 3267 98 24 towards
860 3267 38 23 the
910 3267 179 23 consummation
1103 3267 26 24 of
1138 3267 46 23 this
1196 3272 62 19 roost

671 3301 113 25 desirable
796 3300 76 32 object
882 3300 10 24 ?
939 3300 66 31 They
1012 3299 58 25 have
1081 3305 53 19 sent
1144 3301 38 24 the
1193 3301 65 24 seeds

671 3334 26 24 of
711 3336 71 22 crime
801 3334 46 24 and
858 3333 138 32 immorality
1007 3338 23 19 to
1040 3334 29 23 be
1082 3334 114 24 scatterei
1205 3341 53 17 over

671 3367 40 24 the
720 3367 81 32 length
812 3367 45 24 and
868 3367 99 24 breadth
985 3367 24 23 of
1030 3367 58 24 New
1105 3367 109 30 Zealand,
1234 3367 24 24 in

671 3400 40 26 the
722 3400 70 33 shape
804 3401 26 23 of
844 3408 79 24 young
934 3400 100 24 convicts
1052 3400 62 25 from
1135 3400 40 24 the
1192 3401 66 32 peni-

671 3435 98 31 tentiary
781 3434 26 24 of
822 3434 140 24 Parkhurst.
1007 3434 47 24 Are
1068 3433 64 25 these
1144 3438 22 20 to
1177 3434 30 23 be
1219 3434 40 24 the

671 3468 110 24 elements
800 3467 59 25 from
877 3467 74 24 which,
974 3467 37 24 the
1030 3468 77 23 future
1124 3468 95 31 .society
1235 3468 26 24 of

673 3501 57 25 New
741 3501 103 24 Zealand
854 3501 21 23 is
884 3505 24 20 to
927 3501 28 24 be
974 3501 85 24 formed
1069 3501 18 24 ?.
1126 3501 80 24 Better
1229 3509 29 16 an

671 3534 105 24 hundred
786 3535 70 23 times
866 3539 23 19 to
901 3534 68 24 make
978 3534 46 24 this
1031 3542 14 16 a
1051 3534 69 31 penal
1130 3534 129 25 settlement

672 3573 24 18 at
707 3576 56 16 once
774 3569 25 22 in
811 3567 40 24 the
861 3567 43 24 full
914 3575 67 16 sense
992 3567 24 24 of
1031 3567 39 24 the
1078 3568 71 24 word.
1191 3568 26 24 If
1225 3576 33 16 we

673 3609 38 17 are
722 3606 23 20 to
757 3601 59 24 have
828 3601 108 29 convicts,
949 3600 33 25 let
992 3609 26 16 us
1030 3600 58 25 have
1099 3601 41 32 Jail
1160 3601 39 24 the
1218 3602 40 24 ad-

672 3640 109 26 vantages
804 3635 26 24 of
855 3635 40 23 the
916 3642 83 24 money
1028 3640 67 26 spent
1124 3643 71 24 upon-
1216 3635 38 24 the

671 3670 101 24 erection
784 3668 26 24 of
819 3668 72 24 Goals
903 3668 45 24 and
957 3668 189 31 Prison-houses,
1158 3668 100 32 military

673 3703 44 26 &c.
764 3701 69 25 Then
847 3710 33 15 we
891 3701 75 24 would
976 3701 29 24 be
1013 3701 97 25 enabled
1120 3708 25 18 to
1157 3702 80 29 collect
1244 3710 15 17 a

671 3736 61 24 little
743 3742 92 25 money,
847 3734 45 25 and
902 3735 63 24 leave
978 3735 24 23 in
1012 3736 55 23 time
1075 3735 38 24 the
1120 3736 73 24 moral
1202 3736 57 24 Pest

675 3769 89 26 House.
812 3769 49 24 But
872 3773 23 20 to
905 3768 64 25 have-
974 3768 38 23 the
1023 3768 73 24 felons
1110 3769 25 23 of
1150 3769 109 31 England

672 3803 86 32 poured
771 3804 23 22 in
802 3810 63 24 upon
879 3810 34 21 as,
921 3802 93 24 without
1026 3809 43 24 any
1082 3802 86 24 benefit
1186 3802 72 24 what-

673 3836 60 30 ever*
754 3836 123 32 excepting
899 3835 39 24 the
960 3835 85 31 infamy
1066 3835 32 24 of:
1119 3835 73 32 living
1203 3837 29 23 in-
1246 3844 14 15 a

672 3868 71 33 penal;
749 3870 156 28 settlement,,
911 3870 20 22 is
943 3873 44 19 two
997 3868 52 24 bad.
1087 3868 72 25 What
1169 3877 40 16 are
1221 3869 38 24 the

672 3903 87 24 friends
782 3903 28 24 o£>
831 3902 39 25 the
892 3902 138 31 Aborigines
1049 3901 71 33 doing
1141 3907 24 19 at
1173 3902 86 30 Home,

672 3936 67 24 when
762 3936 59 32 they
838 3936 85 31 permit
945 3935 40 23 the
1003 3936 87 23 natives
1113 3941 25 18 to
1158 3936 35 24 be-
1207 3936 54 24 thus

673 3969 123 25 sacrified?
830 3969 74 28 W;hat
914 3976 40 18 are
964 3976 42 17 our
1012 3968 164 27 Missionaries
1183 3969 81 30 about,.

586 47 98 56 ffftl
710 49 73 52 yf
784 49 44 40 to
1088 49 189 52 &&}tttt
1299 49 93 43 and
1418 49 296 49 memoflton
1738 47 255 52 %#ut*m*

1287 136 67 24 when
1366 136 55 32 they
1440 135 93 33 silently
1550 136 66 24 allow
1634 136 40 24 the
1691 136 138 32 flood-gates
1849 137 31 24 of

1287 169 98 31 iniquity
1395 173 23 20 to
1428 169 30 23 be
1465 169 86 32 opened
1561 169 53 24 thus
1623 178 61 23 upon
1692 169 56 25 New
1757 169 113 25 Zealand?

1286 201 45 24 We
1355 201 59 24 shall
1432 202 23 23 in
1475 210 43 16 our
1538 208 56 18 next
1616 202 56 24 take
1689 210 31 24 up
1731 202 38 24 the
1780 202 92 38 subject

1287 242 63 16 more
1361 234 60 32 fully
1432 243 5 20 ;
1457 235 25 25 in
1491 235 39 25 the
1546 236 126 24 meantime
1687 243 35 16 we
1739 235 79 25 advise
1832 235 41 25 'ill

1288 268 38 23 the
1336 268 90 23 settlers
1437 272 40 19 not
1487 272 24 19 to
1532 267 53 25 take
1606 276 43 16 one
1669 268 24 24 of
1714 267 65 25 these
1794 276 79 25 young

1287 300 145 33 delinquents
1452 300 35 24 off
1510 301 38 24 the
1569 301 73 24 hands
1662 302 24 24 of
1702 301 168 25 Government.

1288 333 46 27 Let
1349 335 61 26 them
1431 333 28 24 be
1470 331 128 35 {employed
1614 342 29 16 on
1655 334 39 25 the
1705 334 66 26 roads
1782 335 23 26 if
1819 335 54 31 they

1287 366 54 29 will,
1362 366 44 24 and
1421 366 32 27 Jet
1473 366 39 25 the
1531 367 156 25 Government
1706 375 45 24 pay
1764 367 38 24 for
1813 367 63 28 their,

1287 399 67 31 keep.
1390 399 78 31 E*ery
1479 408 54 15 man
1543 401 50 22 that
1605 400 103 31 engaged
1715 408 42 16 one
1766 401 26 22 of
1801 399 70 31 them,

1287 432 82 24 should
1379 432 28 24 be
1418 432 101 24 branded
1530 440 25 16 as
1567 441 14 15 a
1592 434 80 22 traitor
1684 433 43 23 and
1738 441 30 15 an
1790 441 82 24 enemy

1287 469 23 19 to
1322 465 37 26 his
1371 465 85 33 adoped
1466 470 106 27 country,.
1614 467 24 25 A,
1657 472 113 25 prompter
1783 467 26 23 of
1825 467 48 24 vice

1286 498 44 25 and
1353 498 147 32 immorality.
1543 502 43 23 We
1607 500 75 23 would
1701 500 105 30 strongly
1817 507 56 25 urge

1286 539 61 23 upon
1367 531 37 23 the
1423 532 85 31 Clergy
1529 532 43 24 and
1593 533 159 23 Missionaries
1769 537 23 19 to
1806 533 43 23 call
1860 541 14 15 a

1286 564 84 24 Public
1383 565 104 31 Meeting
1500 566 26 23 of
1541 566 38 23 the
1599 566 81 31 people
1703 573 28 17 on
1752 565 47 29 this
1818 566 55 23 sub-

1285 597 46 32 ject
1339 607 6 19 ;
1366 597 38 26 the
1422 599 81 31 people
1526 606 81 24 expect
1628 599 63 24 them
1758 598 56 29 (take
1835 599 38 23 the

1285 630 61 24 lead.

1493 1526 170 24 POSTAGE.

1310 1579 35 23 To
1360 1579 164 29 Subscribers,
1540 1587 78 15 other
1634 1580 145 25 Newspaper
1800 1578 73 26 Esta-

1285 1603 152 30 blishments,
1450 1614 46 15 and
1512 1608 161 21 Commanders
1691 1614 26 14 of
1733 1606 110 22 Vessels.
1847 1617 26 5 —

1285 1634 27 21 In
1323 1641 41 14 our
1374 1641 68 20 paper
1452 1634 25 21 of
1489 1634 132 26 September
1636 1635 36 24 30,
1683 1641 32 14 we
1724 1633 101 22 inserted
1837 1633 36 24 the

1285 1661 66 21 latest
1360 1660 138 27 regulations
1508 1661 68 21 about
1586 1661 103 27 Postage.
1718 1660 43 22 For
1771 1660 38 21 the
1820 1667 53 16 con-

1286 1688 106 21 venience
1411 1688 24 27 of
1454 1695 40 15 our
1511 1688 131 21 mercantile
1660 1687 90 25 iiienda,
1767 1695 33 16 we
1816 1688 57 21 have

1285 1714 88 28 printed
1385 1714 60 22 them
1461 1721 60 21 upon
1537 1722 13 14 a
1566 1714 52 23 half
1628 1714 64 23 sheet
1705 1715 26 21 of
1741 1721 77 26 paper,
1830 1715 43 22 and

1284 1742 54 28 they
1345 1749 41 15 can
1396 1749 49 14 now
1456 1742 26 21 be
1493 1742 158 27 conveniently
1658 1742 76 28 posted
1741 1742 25 22 in
1773 1749 29 14 an
1810 1742 63 22 office

1284 1769 36 22 for
1329 1769 90 24 sreneial
1430 1769 123 22 reference.

1312 1796 42 22 We
1366 1799 83 19 cannot
1459 1796 113 22 ourselves
1581 1795 80 28 gather
1672 1796 54 22 from
1737 1796 38 21 the
1785 1796 88 26 regula-

1285 1823 60 22 tions
1355 1824 37 21 the
1401 1828 92 23 postage
1503 1823 134 27 chargeable
1648 1830 59 21 upon
1726 1823 97 22 colonial
1834 1831 40 21 pa-

1284 1858 50 24 pers
1345 1850 76 26 posted
1437 1855 24 17 at
1480 1850 144 27 Wellington,
1636 1850 41 22 but
1693 1858 31 14 we
1740 1850 59 22 have
1816 1850 57 23 been

1283 1876 114 24 informed
1408 1876 47 23 that
1465 1877 37 22 the
1513 1885 49 14 sum
1574 1877 131 28 chargeable
1716 1878 18 21 is
1744 1885 44 14 one
1798 1885 74 20 penny

1286 1913 38 19 per
1333 1911 75 21 paper.
1436 1904 55 22 This
1500 1905 20 21 is
1530 1912 13 14 a
1553 1904 72 27 heavy
1636 1908 45 22 tax,
1693 1904 42 22 and
1747 1904 84 22 indeed
1840 1913 32 14 we

1285 1937 89 22 suspect
1383 1932 36 21 the
1430 1932 136 26 regulations
1577 1932 43 21 will
1636 1932 28 21 be
1680 1932 67 21 found
1757 1932 116 27 generally

1284 1961 23 20 to
1318 1959 55 21 bear
1383 1959 99 27 severely
1494 1965 59 21 upon
1565 1958 37 22 the
1613 1958 112 22 colonists.

1313 1986 49 22 One
1371 1993 75 21 penny
1462 1986 56 21 each
1534 1986 45 21 will
1593 1989 93 18 amount
1701 1990 23 18 to
1739 1985 64 27 eight
1819 1985 54 23 shil-

1284 2012 59 28 lings
1352 2013 44 21 and
1407 2012 61 28 eight
1477 2020 69 20 pence
1564 2020 39 19 per
1618 2020 84 14 annum
1712 2020 60 18 upon
1784 2019 41 15 our
1835 2020 38 20 pa-

1283 2045 48 20 per.
1360 2038 54 21 This
1425 2044 48 14 sum
1488 2045 32 13 we
1536 2038 57 20 shall
1609 2039 28 19 be
1653 2038 86 26 obliged
1755 2041 24 16 to
1790 2037 82 25 charge

1285 2064 114 28 quarterly
1409 2064 22 20 in
1449 2064 100 21 advance
1565 2064 34 21 for
1607 2070 79 20 papers
1703 2062 94 22 ordered
1811 2066 24 17 to
1844 2064 28 21 be

1285 2093 49 20 sent
1343 2094 39 18 out
1391 2090 25 22 of
1424 2090 36 21 the
1470 2090 88 26 colon}',
1566 2090 29 27 by
1602 2097 92 20 persons
1702 2089 100 22 resident
1810 2088 62 24 here.

1287 2118 62 22 More
1360 2117 53 22 than
1430 2124 42 15 one
1488 2124 55 20 year
1556 2117 62 22 since
1629 2124 33 15 we
1677 2116 133 22 announced
1825 2117 49 22 that

1285 2152 32 15 we
1327 2144 74 22 would
1411 2149 40 17 not
1461 2144 78 28 supply
1551 2151 77 21 papers
1647 2147 23 18 to
1684 2143 80 28 parties
1774 2143 100 28 residing

1285 2176 39 18 out
1342 2172 25 21 of
1379 2171 38 22 the
1432 2170 86 28 colony,
1530 2171 76 22 unless
1621 2171 56 22 such
1692 2170 136 22 subscribers
1837 2178 36 15 ar-

1284 2198 85 28 ranged
1381 2199 33 21 for
1428 2198 38 22 the
1482 2201 108 25 payment
1604 2198 34 21 for
1651 2198 61 22 them
1728 2197 97 27 through
1842 2206 29 14 an

1284 2231 68 22 agent
1362 2226 59 21 here.
1451 2226 60 26 Only
1520 2229 44 18 two
1573 2225 87 28 foreign
1670 2225 136 22 subscribers
1816 2224 56 23 have

1285 2253 107 22 attended
1402 2256 22 18 to
1435 2252 44 22 this
1488 2252 82 27 notice,
1583 2252 42 22 and
1638 2252 39 22 the
1691 2252 71 26 heavy
1773 2259 100 20 expence

1285 2281 25 21 of
1322 2283 92 24 postage
1423 2284 23 17 to
1456 2279 73 23 which
1538 2287 33 14 we
1587 2279 57 22 shall
1654 2280 27 21 be
1691 2279 93 27 subject,
1797 2280 76 21 makes

1285 2308 17 22 it
1312 2306 125 29 absolutely
1448 2313 118 20 necessary
1576 2306 35 22 for
1621 2314 26 14 us
1656 2314 47 14 now
1720 2310 21 17 to
1756 2313 65 20 carry
1833 2314 40 14 our

1284 2335 75 23 notice
1369 2334 45 22 into
1425 2334 71 22 effect.
1518 2334 27 21 In
1555 2334 75 21 future
1639 2334 88 27 English
1734 2333 138 22 subscribers

1286 2362 50 22 who
1353 2361 56 23 have
1425 2364 40 19 not
1480 2360 53 29 paid
1543 2360 59 22 their
1617 2361 159 27 subscriptions
1795 2361 23 21 in
1836 2368 36 14 ac-

1286 2389 110 23 cordance
1421 2387 53 23 with
1498 2395 39 15 our
1555 2388 82 27 notice,
1659 2388 43 21 and
1726 2387 49 22 who
1794 2387 78 23 .desire

1285 2420 23 19 to
1337 2415 58 23 have
1419 2423 41 14 our
1485 2417 88 19 Gazette
1595 2419 61 18 must
1684 2414 64 28 apply
1778 2417 23 19 to
1834 2422 40 14 our

1286 2443 97 23 London
1406 2442 84 28 Agent,
1515 2443 45 22 Mr.
1586 2442 94 26 Bowler,
1708 2445 24 18 at
1755 2441 39 21 the
1817 2441 57 23 New

1286 2470 102 23 Zealand
1404 2470 135 28 Company's
1556 2470 79 25 Office,
1647 2468 101 27 London,
1763 2473 24 28 Jo
1799 2467 73 24 whom

1287 2506 33 14 we
1336 2498 57 21 have
1408 2497 57 21 been
1476 2497 137 26 forwarding
1628 2497 35 21 for
1678 2503 58 15 some
1752 2495 55 22 time
1823 2500 51 23 past

1286 2525 45 23 and
1341 2528 22 19 to
1373 2523 70 23 whom
1453 2531 32 15 we
1496 2523 57 23 shall
1569 2523 105 23 continue
1684 2527 22 17 to
1716 2523 97 22 forward
1823 2523 51 28 fifty

1286 2553 76 26 copies
1379 2551 25 23 of
1424 2550 37 22 the
1483 2552 95 20 Gazette.
1615 2551 50 22 The
1682 2550 52 28 only
1753 2549 121 23 difference

1286 2579 45 22 will
1341 2579 28 22 be
1379 2578 50 27 th's,
1440 2577 49 23 that
1498 2578 125 22 heretofore
1634 2585 33 14 we
1682 2577 56 22 have
1752 2581 51 17 ssnt
1813 2577 61 23 them

1286 2606 98 27 through
1394 2605 36 23 the
1442 2609 55 23 post,
1509 2605 45 22 and
1569 2612 50 15 now
1631 2612 33 15 we
1681 2608 56 18 must
1747 2604 57 24 send
1813 2604 60 22 them

1286 2635 29 26 by
1324 2634 86 28 private
1419 2633 150 27 opportunity,
1578 2640 24 14 as
1611 2632 18 21 it
1640 2631 119 28 may-offer,
1768 2631 27 21 of
1802 2631 72 23 which

1287 2661 37 22 the
1336 2661 92 26 Postage
1439 2660 147 27 Regulations
1595 2659 82 27 permit
1685 2666 6 19 ;
1701 2658 53 27 they
1764 2658 46 22 will
1821 2666 54 15 con-*

1286 2687 118 29 aequently
1414 2690 39 18 not
1462 2687 28 21 be
1500 2686 107 23 obtained
1616 2694 24 14 so
1649 2685 135 28 frequently.

1315 2717 33 20 As
1357 2722 31 14 we
1399 2713 55 23 shall
1463 2713 58 23 have
1532 2718 21 17 to
1563 2722 43 20 pay
1615 2717 91 25 postage
1717 2720 28 14 on
1755 2712 32 22 all
1797 2720 78 22 papers

1286 2751 33 14 we
1336 2741 55 23 send
1408 2744 22 18 to
1446 2748 24 14 or
1483 2742 88 21 receive
1586 2742 58 21 from
1667 2740 36 22 the
1719 2740 106 27 colonies,
1842 2748 33 15 we

1287 2770 60 23 must
1357 2768 87 23 decline
1455 2768 36 22 the
1502 2773 88 22 greater
1606 2770 51 26 part
1670 2768 25 21 of
1707 2775 40 14 our
1756 2764 119 32 excftange

1287 2803 86 23 papers,
1385 2803 23 14 as
1419 2795 37 22 the
1466 2800 39 17 tax
1514 2796 75 21 would
1598 2795 41 22 fall
1649 2802 53 20 very
1708 2795 101 27 severely
1814 2802 61 21 upon

1286 2832 43 15 our
1344 2822 64 23 small
1427 2823 175 22 establishment.
1640 2822 73 22 Those
1733 2822 50 22 who
1803 2829 72 20 cease,

1287 2852 58 22 after
1355 2850 43 23 this
1407 2852 21 19 to
1438 2850 88 22 receive
1535 2857 41 15 our
1581 2857 76 21 paper,
1667 2849 41 22 will
1718 2849 75 32 plea,s_e,
1802 2849 73 28 there-

1287 2879 49 22 fore
1345 2881 23 19 to
1378 2877 137 22 understand
1526 2885 41 14 our
1576 2885 80 14 reason
1667 2884 24 14 as
1701 2884 47 15 now
1758 2877 77 25 given.

1317 2911 40 21 We
1373 2909 55 22 have
1442 2909 56 23 been
1516 2909 24 23 in
1560 2909 38 23 the
1617 2909 63 22 habit
1694 2909 26 22 of
1736 2909 81 28 giving
1836 2916 41 16 our

1286 2945 69 21 paper
1369 2940 22 18 to
1409 2936 38 22 the
1461 2941 94 18 masters
1571 2937 28 22 of
1609 2937 30 22 all
1656 2936 59 28 ships
1729 2935 24 23 in
1769 2935 105 23 harbour.

1286 2965 56 23 This
1351 2964 41 22 has
1400 2963 58 23 been
1466 2972 13 14 a
1489 2964 92 23 heavier
1597 2967 40 19 tax
1653 2963 53 23 than
1722 2970 68 19 many
1800 2963 75 22 would

1287 2999 102 22 suppose,
1400 2991 46 23 and
1454 2991 42 25 the
1502 2995 39 21 tax
1550 2991 41 23 has
1595 2993 64 24 jjecn
1677 2990 36 24 the
1724 2997 62 16 more,
1800 2989 48 23 felt,
1851 2997 24 15 as

1286 3020 38 22 the
1334 3022 98 24 masters,
1443 3018 27 27 qf.
1480 3017 66 32 sbjps,
1557 3018 58 24 have
1632 3018 72 27 rarely
1713 3016 126 22 forwarded
1849 3024 26 18 us

1286 3054 80 22 papers
1374 3046 23 21 in
1407 3049 84 24 return,
1502 3054 27 14 or
1538 3045 99 23 afforded
1652 3052 27 15 us
1693 3042 144 24 information
1852 3043 25 22 of

1286 3082 46 20 any
1343 3073 140 27 description.
1511 3073 34 23 To
1555 3073 55 22 such
1620 3070 156 24 commanders
1785 3076 25 15 as
1820 3070 55 22 send

1286 3109 27 15 us
1321 3107 86 22 papers,
1419 3108 24 14 or
1451 3101 83 22 render
1549 3107 27 15 us
1592 3099 74 22 useful
1681 3097 149 27 information,
1842 3104 33 15 we

1286 3129 58 25 shall
1355 3129 26 20 be
1390 3127 73 28 happy
1473 3128 46 22 still
1528 3130 22 19 to
1559 3126 53 27 giye
1620 3125 48 26 the,
1669 3126 88 23 Qdfiette
1766 3132 5 18 ;
1788 3124 41 22 but
1837 3124 38 24 the

1285 3155 75 28 heavy
1370 3161 93 20 expense
1473 3156 27 21 of
1506 3158 91 25 postage
1601 3156 24 22 Jto
1632 3152 73 22 which
1715 3159 32 15 we
1756 3151 59 23 shall
1825 3158 51 16 now

1286 3184 29 21 be
1325 3181 103 29 exposed;
1440 3182 77 22 makes
1527 3182 17 21 it
1552 3187 120 20 necessary
1681 3179 33 23 for
1724 3186 25 15 us
1760 3183 23 17 to
1794 3186 82 15 econo-

1287 3210 56 22 mise
1353 3209 30 22 all
1398 3208 36 22 the
1450 3216 78 15 means
1541 3208 24 22 in
1580 3214 41 16 our
1636 3214 81 21 power.
1746 3206 41 22 We
1803 3205 74 23 there-

1287 3238 47 21 fore
1351 3242 116 16 announce
1482 3236 50 22 that
1546 3233 170 28 henceforward
1729 3233 52 23 this,
1790 3237 86 19 custom

1287 3264 140 23 terminates,

2422 107 13 21 p

91 136 85 22 Claims
185 136 183 25 Commissioners
487 136 65 26 3,298
577 136 29 20 S:
618 136 15 20 2

62 161 118 30 ItegistMu:
188 162 28 22 of
220 161 75 24 Deeds
510 162 43 22 344
566 161 27 21 14
619 161 14 21 8

62 177 57 35 fost
127 188 71 23 Office
221 187 71 23 .:.;.:
508 186 44 24 759
578 188 13 20 5
606 188 27 20 10

65 214 104 24 Colonial
180 215 73 23 Store.
510 214 42 22 623
578 212 13 23 5
618 214 15 21 8

63 241 71 23 Chief
140 241 92 23 Justice.
244 241 53 24 Lav
306 241 100 27 Officers,
414 241 43 22 and

63 268 115 25 -Sheriff
338 281 114 19 >•••:*,•
486 266 65 27 8,788
576 267 14 21 0
618 266 27 29 4*

63 293 76 31 Egljce
150 294 131 28 Magistrate
291 294 45 23 and
343 290 83 27 front?.
435 309 17 10 ,.
488 295 64 27 4,088
579 293 18 20 6.
619 293 23 26 2,

63 324 86 24 Money
158 322 51 27 paid
220 325 23 18 to
252 320 133 29 JTativeafor
393 321 61 22 Land
488 318 64 28 2,23?
579 320 14 21 8
618 320 15 21 2

63 347 125 23 Protectors
197 347 27 22 of
230 345 134 29 Aborigines
378 344 72 25 .."....'
486 346 66 26 1,550
577 346 14 22 3
606 346 38 26 !l|

61 370 254 32 Surveyors....!.....
487 372 65 26 8,184
566 373 25 20 10
618 372 25 26 2j

61 399 157 29 Immigration
487 399 63 27 7,411
578 400 14 21 9
618 395 26 34 9)

62 427 86 28 Money
160 427 68 29 given
244 430 22 23 tp
282 428 90 22 Messrs.
389 427 67 22 Haile

88 453 46 24 and
145 453 157 24 8rvd0n.....
522 453 30 22 10
581 453 15 24 0

61 477 54 25 Cost
128 480 29 25 of
171 479 98 27 Binding
286 480 46 22 and
352 480 102 27 Printing

66 506 99 30 \B*eds
252 509 8 18 '.
404 497 48 31 <..?
520 506 30 22 20
575 503 61 24 stf

61 532 110 25 Advance
181 537 23 18 to
214 533 92 22 Officers
317 540 28 15 on
360 536 96 19 account

87 559 71 23 ofthe
169 560 78 22 Public
257 560 192 24 Service...,..-..
483 559 68 27 ,4,2(J7
576 560 14 21 0
617 560 14 23 Q

59 586 44 22 Do.
115 585 37 24 do.
164 593 27 15 on
202 591 96 17 account
308 586 26 22 of
341 586 75 29 Salary
430 602 5 6 .
442 602 6 6 .
520 586 28 24 83.
575 587 14 20 3
616 586 15 21 4

61 612 61 24 Rent
132 612 27 23 of
170 613 77 24 House
261 612 54 23 used
331 619 25 16 as
371 612 84 30 fempo-

62 640 5 5 '
85 646 51 20 rary
146 639 75 22 offices
332 639 8 22 ~.
429 655 5 6 .
442 655 4 6 .
520 640 28 21 75
573 640 15 21 0
616 640 15 21 0

60 665 121 25 Furniture
198 666 36 22 for
249 666 83 22 several
354 667 100 22 Govern-

85 696 64 19 ment
158 692 75 23 offices
522 694 28 22 43
565 693 27 25 16
614 693 18 29 ,0.

59 718 60 26 Gift?
129 722 23 19 to
168 718 92 25 Natives
276 727 27 14 on
322 724 95 18 account
431 720 25 23 of
606 721 10 28 f
620 722 5 3 '

84 744 37 23 the
141 746 98 27 burning
258 746 26 21 of
299 746 154 23 Government

85 772 76 23 offices
536 773 56 29 01$
618 774 13 21 8

58 799 95 23 Arrears
160 799 25 22 of
191 799 101 27 previous
298 807 55 19 year
362 800 42 22 and
415 805 39 17 ex-

82 832 84 21 pences
182 826 106 28 defrayed
306 826 31 25 by
352 826 101 23 Colonial

84 852 187 27 Agent-General
280 852 24 22 in
315 852 103 28 England
429 869 18 6 ..
484 855 66 27 \,916
564 854 26 28 \6
617 856 14 19 8

58 877 98 24 Balance
166 885 29 16 on
202 880 49 21 31st
258 879 132 27 December,
399 881 54 22 1840
484 882 64 26 6,803
564 882 23 20 11
604 882 38 33 11|

449 934 99 28 £53,826
575 936 13 21 0
616 936 26 26 3|

89 965 77 26 When
185 965 63 25 these
268 972 43 18 two
329 972 106 19 accounts
453 976 39 16 are
509 968 75 24 added
606 972 36 19 to-

54 999 89 31 gether,
154 1007 42 16 our
207 999 90 24 readers
308 1000 47 23 will
367 1002 102 30 perceive
482 1000 51 25 that
545 1001 64 24 there
621 1002 20 23 is

55 1037 39 19 not
105 1033 70 23 much
186 1032 42 25 left
240 1037 22 19 to
275 1033 28 24 be
317 1033 99 33 charged
428 1039 23 19 to
463 1035 38 23 the
513 1039 96 19 account
620 1035 25 23 of

55 1066 37 24 the
110 1066 95 31 people;
228 1066 44 24 and
290 1066 67 24 those
374 1067 48 24 who
442 1076 38 16 are
503 1068 137 31 acquainted

54 1098 54 26 vith
129 1099 39 24 the
179 1104 61 20 state
251 1099 26 24 of
292 1100 39 23 the
343 1104 59 20 town
414 1101 44 24 and
477 1106 105 27 coantry,
595 1101 45 24 will

56 1132 101 31 scarcely
176 1133 28 23 be
225 1132 49 24 able
294 1138 22 18 to
336 1134 103 31 perceive
458 1134 50 24 how
528 1142 57 17 even
604 1134 37 24 the

53 1165 116 32 following
179 1165 68 25 small
258 1174 51 16 sum
321 1166 41 24 has
374 1168 56 23 been
443 1168 119 31 expended
574 1176 41 15 :~

141 1205 43 21 Th*
192 1207 77 26 People
278 1206 42 21 Dr.

461 1235 33 23 To
505 1235 38 23 the
553 1235 88 29 colony.

55 1259 33 26 To
111 1259 134 31 excavating
274 1259 46 23 and
349 1259 104 30 levelling

80 1285 120 23 Shortland
212 1287 105 22 Crescent
345 1303 98 7 ........
480 1289 63 23 £305
559 1291 66 21 1511

54 1312 42 24 Do.
110 1312 36 23 do.
158 1313 94 27 Jermyn
265 1317 68 19 street
496 1315 5 7 '
515 1318 28 21 31
561 1319 26 20 10
616 1320 14 21 0

55 1339 94 28 Repairs
168 1344 23 18 to
209 1340 54 22 road
282 1341 22 22 in
330 1341 121 24 Shortland

82 1363 106 28 Crlscent
515 1372 30 21 22
559 1372 27 21 10
600 1372 26 22 10

55 1393 67 27 Ligar
131 1394 69 22 Canal
517 1400 29 21 48
561 1400 25 20 12
615 1402 13 19 6

53 1419 112 28 Draining
175 1429 13 13 a
203 1421 86 28 Swamp
517 1426 29 21 69
560 1426 26 21 12
616 1429 14 19 0

54 1446 96 23 Salaries
158 1451 23 17 to
191 1447 91 23 Messrs.
290 1448 68 22 Haile
367 1450 21 21 &
398 1449 55 28 Figg
538 1448 4 6 '

80 1473 66 23 •while
155 1482 30 14 on
200 1473 39 23 the
252 1475 65 21 roads
517 1480 29 21 49
573 1482 13 20 3
614 1481 14 21 4

56 1501 93 23 Rations
160 1505 22 18 to
193 1501 44 22 Mr.
249 1501 56 28 Figg
534 1507 11 21 1
561 1508 27 21 13
615 1508 13 21 6

560 1562 25 21 IS

614 1562 11 20 1

2232 137 22 23 £
2280 142 18 15 s.
2313 135 23 22 a.
2391 135 21 23 £
2431 142 19 15 s.
2468 135 23 24 d.

1899 163 104 22 Chbbms:
2017 161 107 23 Cheshire
2232 158 24 27 H
2284 163 12 20 1
2323 163 17 21 4
2357 175 19 8 ..
2391 164 18 21 <J
2437 163 11 21 1
2473 164 18 20 «

2017 188 56 25 Pine
2081 187 76 28 Apple
2178 203 45 8 ....
2242 192 15 20 0
2284 186 13 24 1
2324 190 15 20 2
2357 202 19 8 ..
2391 190 18 21 C
2435 190 15 21 0
2474 191 17 20 0

2017 213 207 27 Dutch..........
2240 218 18 24 Q
2284 218 15 20 0
2326 216 14 21 8
2357 229 19 8 ..
2395 217 14 23 P
2433 217 17 24 0
2465 215 27 26 lp

2011 239 214 34 N.Z.per1.b,..,.
2242 246 15 24 0
2285 243 206 27 16-009

1900 269 109 23 Candles
2014 275 8 14 :
2028 268 95 27 English
2131 274 57 21 wax,
2194 275 40 21 per

2044 295 32 22 lb.
2193 289 65 28 ..To
2284 297 14 21 2
2324 296 15 21 3
2357 308 19 8 ..
2394 296 15 21 0
2435 295 16 22 3
2475 296 18 21 «

2010 321 109 30 5perm*.
2126 335 101 9 ........
2245 324 14 19 0
2286 324 11 21 1
2314 324 27 21 10
2358 335 20 8 ..
2395 322 14 21 0
2434 322 17 21 3
2475 323 18 20 0

2009 347 82 26 Mould
2192 361 33 12 .
2242 350 16 20 0
2284 351 15 19 0
2324 350 16 23 9
2357 362 19 8 ..
2394 350 14 21 0
2433 350 18 22 0
2475 349 16 24 9

2011 375 57 27 Dips
2097 389 19 6 ..
2121 373 7 14 :
2123 388 9 7 .
2243 376 15 22 0
2285 376 15 21 0
2323 376 15 21 5
2356 388 19 9 ..
2393 377 15 24 q
2435 376 15 24 Q
2475 376 16 23 0

1902 402 82 22 Flour
1990 402 50 21 :Ist
2044 400 94 29 quality,
2148 404 84 25 perton

2024 428 25 21 of
2059 429 55 20 2000
2124 427 33 22 lbs
2227 429 28 20 20
2282 429 14 20 0
2324 429 14 20 0
2357 430 51 20 ..22
2434 430 17 20 0
2477 430 14 21 0

2001 455 45 22 2nd
2056 455 56 21 ditto
2244 456 14 20 0
2286 456 14 20 0
2327 456 15 20 0
2359 469 19 6 ..
2396 457 13 19 0
2435 456 14 20 0
2477 458 14 19 0

1902 481 76 24 Flax:
1994 481 66 22 N.Z.
2070 484 86 25 perton
2180 482 77 21 ....15
2284 482 125 25 Q.Q,.'O
2436 483 14 22 0
2477 483 14 24 0

1928 509 74 22 Da.—
2003 507 132 23 onboard—
2136 508 119 27 pressedl7
2282 509 15 20 0
2324 509 14 24 Q
2357 522 19 8 ..
2394 509 13 23 0
2434 509 14 23 0
2473 510 15 23 Q

1903 536 61 21 Gin:
1985 535 53 23 Pale
2054 535 25 21 in
2088 535 62 22 bond
2245 536 15 23 0
2286 536 14 21 3
2328 536 14 20 6
2359 548 19 8 ..
2396 536 13 20 0
2436 534 13 20 5
2477 536 14 20 6

1951 562 63 27 Case,
2022 561 57 28 4gal
2088 562 38 21 4-5
2134 562 25 21 in
2168 561 61 22 bond
2244 563 12 19 1
2284 562 16 21 0
2326 562 14 20 0
2358 575 18 7 ..
2395 561 11 21 1
2435 560 14 22 5
2477 557 18 25 6.

1903 588 82 23 Hams:
2000 587 129 27 Yorkshire,
2144 588 85 28 perlb.
2244 590 14 19 0
2286 590 15 19 0
2327 588 13 21 5
2359 602 18 7 ..
2395 590 14 20 0
2436 589 14 20 0
2475 585 14 27 7

1987 616 66 24 N.Z.
2065 615 73 28 perlb
2246 618 15 22 0
2288 617 15 19 0
2329 616 14 21 0
2361 629 18 7 ..
2397 616 14 23 0
2437 616 15 22 0
2476 615 16 23 5

1903 642 127 23 Mustard:
2046 642 182 23 Perdozen....
2246 644 14 20 0
2275 642 28 25 1<?
2329 643 14 20 0
2360 656 19 6 ..
2397 644 14 19 0
2426 641 26 23 18
2479 643 14 20 0

1903 669 115 23 Mutton:
2038 669 95 22 Carcase
2143 676 40 21 per
2192 669 23 22 lb
2225 685 7 6 .
2246 672 14 19 0
2288 670 14 20 0
2329 669 14 21 7
2360 683 18 10 
2397 670 13 19 0
2437 670 14 19 0
2478 669 15 21 9

1903 696 122 23 Muskets:
2041 695 94 22 Walnut
2141 695 93 22 Stocked
2246 696 55 21 015
2328 697 14 20 0
2360 709 18 7 ..
2399 696 10 21 1
2438 696 15 20 0
2480 696 15 20 0

1903 721 78 24 Milk:
1997 724 43 21 Per
2046 723 50 27 pint
2246 725 14 20 0
2288 724 14 19 0
2328 723 14 20 2
2361 736 17 7 ..
2396 724 15 19 0
2437 723 14 20 0
2478 723 14 20 3

1903 750 93 22 Maize:
2012 757 38 21 per
2061 750 79 22 bushel
2245 752 15 19 0
2287 750 14 21 3
2329 750 13 20 0
2361 763 19 7 ..
2397 750 14 20 0
2438 749 13 21 3
2478 749 15 21 6

1904 776 44 22 Oil
1955 785 6 13 :
1977 776 103 27 Linseed,
2090 784 40 21 per
2138 776 77 28 gallon
2225 778 35 21 .0
2287 777 15 20 6
2329 776 13 21 6
2361 790 5 6 .
2373 790 6 6 .
2398 777 13 20 0
2438 776 13 20 7
2479 776 14 20 6

1977 804 76 27 Black,
2058 804 23 21 in
2087 803 174 28 cask,pertonlß
2288 805 14 19 0
2330 804 13 19 0
2361 804 50 20 ..20
2439 803 13 20 0
2479 804 14 19 0

2012 831 77 25 Sperm
2226 832 29 20 50
2283 830 13 21 0
2324 830 14 21 0
2356 830 51 23 ..75
2435 829 13 20 0
2477 829 12 22 0

1903 856 77 23 Pork:
1996 857 75 27 Fresh,
2089 863 89 16 carcase
2194 865 40 19 per

2019 883 22 22 lb
2244 885 14 19 0
2285 885 14 19 0
2326 884 15 19 0
2359 896 19 6 ..
2395 884 22 22 0,
2437 884 14 19 0
2478 884 15 20 4

1903 910 65 22 Pork
1975 918 5 13 :
1997 910 64 27 Irish,
2072 917 40 20 per
2121 909 75 23 barrel
2208 924 6 6 .
2221 924 6 6 .
2245 912 15 19 0
2287 911 15 20 0
2329 910 14 20 0
2361 923 5 6 .
2373 922 6 6 .
2397 909 55 22 410
2479 910 14 20 0

1985 937 58 22 N.Z
2242 938 14 20 2
2271 937 27 21 10
2324 937 15 20 0
2356 950 19 6 ..
2394 936 13 22 3
2434 937 15 20 0
2476 937 14 20 0

1903 964 131 23 Potatoes:
2054 963 57 23 New
2125 963 108 27 Zealand,

2078 997 41 21 per
2128 994 40 19 ton
2180 1004 46 7 ....
2244 990 16 22 4
2286 992 15 21 0
2328 991 14 21 0
2359 1004 6 6 .
2372 1003 6 7 .
2396 990 14 21 6
2437 991 14 20 0
2479 991 13 20 0

1903 1018 95 25 Porter
2006 1025 6 15 :
2041 1017 104 27 Dunbar,
2155 1018 25 21 in
2188 1017 45 22 bot.

2069 1044 92 28 perdoz
2244 1046 14 20 0
2286 1044 14 21 9
2327 1045 14 20 0
2359 1057 19 8 ..
2396 1046 13 19 0
2425 1044 39 21 12.
2478 1044 14 22 0

2011 1071 86 29 Bryant
2106 1071 46 26 and
2161 1071 69 24 Davis
2245 1072 14 21 0
2286 1073 14 19 9
2327 1072 14 21 0
2359 1084 6 8 .
2371 1084 7 7 .
2397 1072 13 20 0
2426 1071 26 24 12
2479 1072 14 21 0

1903 1098 98 23 Pickles
2012 1106 6 14 :
2049 1098 117 27 Asso*.*ed,
2196 1105 39 21 per

2073 1124 72 28 doz.,}
2155 1129 77 23 quarts
2246 1128 14 19 0
2275 1124 26 21 15
2329 1126 13 22 0
2361 1138 18 7 ..
2399 1126 13 23 0
2427 1124 26 23 17
2479 1126 14 22 Q

1902 1152 75 23 Pitch
1989 1160 6 14 :
2027 1151 139 28 Stockholm,
2195 1160 40 20 per

2049 1179 73 22 barrel
2246 1180 13 21 2
2287 1181 14 20 0
2329 1180 13 21 0
2359 1192 19 7 ..
2396 1180 13 21 0
2437 1180 14 19 0
2479 1180 14 19 0

1902 1206 81 23 Plank
1992 1215 5 13 :
2026 1206 53 23 Port
2101 1206 132 28 Nicholson,

2050 1241 39 20 per
2099 1235 41 20 100
2149 1234 46 21 feet
2208 1236 50 19 ..0
2286 1235 15 19 6
2328 1234 14 19 0
2360 1244 19 7 ..
2397 1233 14 21 0
2425 1232 26 21 10
2477 1234 14 23 Q

1902 1260 69 23 Rice:
1985 1261 108 22 Common
2102 1268 41 20 per
2148 1264 50 19 cwt.
2209 1275 19 6 ..
2246 1260 56 21 010
2330 1260 50 19 0..
2399 1260 13 20 0
2439 1260 13 19 0
2478 1260 13 20 0

1985 1288 65 22 Good
2246 1288 13 19 0
2274 1286 27 21 15
2330 1287 13 20 0
2361 1299 19 6 ..
2397 1287 14 20 0
2429 1287 22 20 .0
2477 1288 14 19 0

1901 1315 55 22 Rum
1964 1322 5 13 :
1987 1315 25 21 P.
2022 1314 26 21 B.
2059 1314 34 24 P.,
2108 1320 40 20 per
2157 1312 77 28 gallon

2023 1340 24 21 in
2061 1340 61 21 bond
2246 1342 14 19 0
2287 1340 15 22 4
2329 1340 13 21 3
2361 1353 17 6 ..
2397 1341 14 20 0
2438 1340 14 21 0
2477 1341 16 24 0

1902 1367 90 22 Sugar:
2009 1366 119 22 Mauritius
2139 1373 39 21 per
2185 1371 49 18 cwt.
2249 1368 14 20 0
2291 1368 13 20 0
2332 1367 50 20 0..
2414 1372 57 17 none

2011 1394 81 24 Brown
2106 1393 56 22 ditto
2180 1396 77 20 ....0
2285 1396 15 20 0
2326 1394 82 21 0..0
2437 1394 13 24 0
2478 1395 13 20 0

2011 1420 97 23 Refined
2124 1420 53 28 loaf,
2195 1429 40 19 per

2037 1448 23 22 lb
2246 1451 14 20 0
2288 1450 13 23 Q
2329 1448 13 21 5
2361 1462 17 5 ..
2397 1449 13 20 0
2437 1448 14 21 0
2478 1449 15 24 6

2013 1474 95 23 Manilla
2127 1481 40 21 per
2180 1479 47 19 cwt.
2245 1477 11 21 1
2286 1477 13 20 0
2327 1476 13 20 0
2359 1488 17 7 ..
2397 1475 9 21 1
2440 1476 9 20 1
2477 1470 15 28 <j

1903 1502 73 22 Salt:
1993 1502 126 28 Liverpool,
2129 1509 40 20 per
2179 1506 51 19 t0n.
2234 1503 25 22 15
2287 1504 15 22 0
2328 1504 14 22 0
2360 1502 52 23 ..18
2437 1503 14 22 Q
2479 1504 15 22 Q

1902 1529 60 22 Soap
1971 1537 6 14 :
2004 1529 102 24 Hawes's
2129 1529 103 27 London,

2028 1559 86 25 perton
2230 1558 28 25 40
2286 1558 14 20 0
2327 1558 13 20 Q
2359 1569 19 8 ..
2396 1557 15 21 0
2437 1557 14 19 0
2481 1558 12 20 0

2021 1582 120 29 Liverpool
2231 1584 27 22 35
2286 1585 14 20 0
2329 1585 13 19 0
2359 1596 19 7 ..
2397 1584 14 19 0
2437 1584 14 19 0
2479 1585 13 20 0

1903 1610 104 22 Starch:
2023 1610 73 22 Perlb
2246 1613 14 19 0
2287 1613 14 19 0
2328 1610 14 21 5
2360 1624 19 7 ..
2397 1611 14 24 Q
2438 1611 13 24 Q
2479 1611 14 23 0

1902 1638 143 21 Scantling:
2061 1638 43 21 Per
2112 1639 40 21 100
2161 1638 67 22 feet..
2247 1639 13 20 0
2288 1638 14 21 6
2330 1636 13 27 0
2361 1651 19 6 ..
2399 1639 14 19 0
2439 1638 14 21 8
2481 1639 12 20 0

1903 1665 127 22 Shingles:
2047 1665 42 21 Per
2097 1665 61 27 1000,
2168 1665 28 22 N.
2205 1665 26 23 Z.
2246 1666 14 20 0
2288 1665 14 21 6
2329 1665 13 20 0
2361 1678 18 7 ..
2398 1666 13 19 0
2427 1664 26 24 1Q
2481 1666 12 21 Q

2032 1692 70 27 Ditto,
2125 1692 28 21 V.
2165 1692 29 22 D.
2205 1692 27 22 L.
2246 1693 14 19 0
2288 1693 14 21 0
2329 1692 14 20 0
2361 1705 5 6 .
2373 1705 6 6 .
2397 1692 14 20 0
2427 1692 25 22 12
2479 1693 15 20 0

1901 1718 63 23 Tau:
1981 1719 53 23 Coal
2248 1719 10 21 1
2288 1721 14 19 0
2329 1719 14 20 G
2361 1732 19 7 ..
2401 1718 9 21 1
2439 1718 14 21 5
2481 1720 12 23 Q

1984 1746 129 22 Stockholm
2248 1747 14 21 2
2289 1748 14 19 0
2330 1746 83 21 0..0
2439 1747 13 19 0
2481 1746 13 20 0

1901 1773 49 22 Tea
1959 1781 5 13 :
1974 1773 80 28 Hyson
2060 1772 55 28 skin,
2122 1780 40 21 per
2172 1772 63 24 chest
2248 1774 14 20 4
2289 1775 14 20 0
2331 1774 12 19 0
2361 1786 19 7 ..
2399 1774 14 20 6
2439 1773 13 20 6
2481 1773 12 20 0

1978 1801 92 26 Congou
2248 1802 13 20 8
2289 1802 14 20 0
2331 1801 12 20 0
2361 1800 51 22 ..13
2439 1802 13 18 0
2479 1801 13 19 0

1901 1827 107 23 Tobacco
2016 1836 5 14 :
2035 1827 143 28 Negrohead,
2195 1835 41 21 per

2060 1854 31 22 lb.
2104 1855 24 21 in
2145 1854 60 23 bond
2246 1857 14 19 0
2289 1855 11 21 1
2329 1855 50 25 §..
2398 1856 13 20 0
2440 1854 10 24 1
2478 1855 17 23 ft

1901 1881 164 23 Turpentine:
2081 1881 147 28 Pergallon..
2248 1883 14 20 0
2289 1883 13 21 7
2330 1883 13 20 6
2361 1895 19 6 ..
2399 1883 13 19 0
2439 1882 13 20 8
2479 1883 16 21 0.

1903 1908 161 23 Whalebone:
2081 1909 43 22 Per
2133 1913 95 17 t0n....
2235 1910 40 21 100
2290 1911 13 19 0
2331 1910 12 20 0
2362 1909 64 21 ..120
2440 1911 13 19 0
2481 1910 13 22 U

1903 1935 82 23 Wine:
2001 1936 88 28 Sherry,
2100 1942 41 21 per
2149 1936 51 27 pipe
2211 1938 51 20 -.20
2290 1938 13 20 0
2331 1937 13 20 0
2362 1937 50 20 ..40
2439 1937 14 19 0
2480 1937 13 19 0

2013 1963 70 27 Ditto,
2099 1970 41 20 per
2153 1963 81 22 dozen.
2251 1965 9 19 1
2290 1965 13 19 0
2331 1965 13 19 0
2362 1976 19 7 ..
2399 1964 14 20 2
2439 1964 14 19 0
2481 1964 13 18 0

2013 1990 59 27 Port,
2082 1997 41 22 per
2208 1991 52 24 ..25,
2287 1992 14 20 0
2328 1992 14 20 0
2359 1991 51 20 ..40
2437 1991 14 20 0
2477 1991 14 19 0

2079 2024 40 17 per
2128 2018 49 18 doz.
2207 2031 18 5 ..
2246 2019 54 19 l.fO
2328 2018 13 17 0
2358 2029 6 5 .
2371 2028 5 6 .
2395 2018 13 20 2
2435 2015 14 20 0
2475 2016 14 19 0

2011 2041 152 27 Champagne,
2177 2040 56 22 ditto
2247 2043 14 19 0
2288 2043 14 18 0
2329 2042 13 20 0
2360 2053 19 6 ..
2396 2043 15 17 0
2437 2042 12 18 C
2478 2042 18 18 0,

2013 2067 74 22 Claret
2248 2069 13 20 0
2277 2068 26 20 10
2330 2068 14 19 0
2362 2080 18 6 ..
2399 2067 14 20 0
2439 2066 14 21 0
2480 2067 13 19 0

1905 2094 120 22 Poultry:
2040 2094 80 27 Fowls,
2126 2101 42 20 per
2174 2095 60 26 pair.
2249 2096 14 19 0
2290 2095 13 21 3
2331 2095 13 20 6
2362 2107 19 6 ..
2399 2095 14 19 0
2439 2092 13 22 5
2481 2095 14 21 0

2038 2121 85 27 Ducks,
2133 2121 57 22 ditto
2211 2123 51 20 ..0
2289 2121 13 21 5
2330 2122 13 20 0
2361 2133 19 7 ..
2398 2121 13 20 0
2439 2121 12 19 8
2479 2121 14 20 0

2039 2148 80 27 Geese,
2130 2147 57 23 each
2209 2163 18 6 ..
2246 2150 14 20 0
2275 2149 26 21 10
2328 2149 14 20 0
2359 2161 19 7 ..
2396 2148 13 20 0
2425 2147 25 21 12
2479 2148 14 20 0

2037 2175 110 28 Turkeys,
2157 2175 56 23 each
2249 2177 9 20 1
2289 2177 13 20 0
2329 2176 14 21 0
2361 2187 19 7 ..
2401 2175 10 21 1
2439 2175 14 20 5
2480 2175 16 20 0

2039 2202 104 27 Pigeons,
2153 2203 78 27 (wild,)
2237 2208 4 4 '

2063 2237 41 20 per
2113 2229 49 28 pair
2182 2231 78 20 ....0
2288 2231 12 19 0
2329 2230 82 20 0..0
2437 2229 14 21 0
2478 2230 15 20 0

2037 2257 85 26 Ducks,
2131 2256 36 22 do.
2177 2256 51 23 do..
2247 2258 14 22 0
2287 2257 14 20 5
2329 2257 13 19 0
2360 2269 20 7 ..
2397 2257 14 20 0
2438 2257 14 21 0
2479 2257 16 19 0

1903 2285 73 22 Eggs:
1994 2283 123 23 Perdozen
2248 2285 14 20 0
2290 2284 10 23 1
2329 2284 14 22 6
2361 2297 19 7 ..
2398 2284 14 20 0
2439 2285 14 19 0
2481 2284 14 19 0

1902 2313 78 21 Cows:
1995 2311 70 23 Milch
2235 2311 26 22 12
2288 2313 14 19 0
2329 2313 14 18 0
2361 2311 52 21 ..20
2439 2312 14 20 0
2481 2312 15 19 0

1902 2339 97 22 Mares:
2014 2338 76 23 Brood
2233 2340 28 20 20
2288 2340 14 19 0
2329 2339 14 22 0
2361 2337 52 22 ..70
2439 2339 14 21 Q
2479 2339 14 22 Q

1901 2366 118 22 Working
2035 2366 121 21 Bullocks
2164 2372 5 14 :
2192 2365 43 22 Per

1927 2393 51 28 pair
2234 2393 29 22 30
2290 2394 13 20 0
2331 2393 14 22 0
2362 2391 54 23 ..35
2441 2394 14 19 0
2481 2393 14 19 0

1903 2420 63 22 Hire
1978 2427 26 14 of
2016 2427 66 14 ditto
2090 2427 4 14 :
2111 2420 43 24 Pe.r
2162 2419 51 28 day,
2221 2427 14 16 a

1929 2451 62 18 team
1999 2447 47 22 and
2052 2446 74 22 driver
2249 2448 14 20 0
2277 2447 26 20 15
2332 2447 14 20 0
2362 2460 20 7 ..
2400 2448 14 20 0
2440 2448 13 19 0
2479 2448 14 19 0

1903 2475 89 22 Sheep:
2008 2473 60 23 Each
2248 2476 14 20 0
2277 2474 25 21 15
2331 2475 13 22 Q
2361 2487 20 7 ..
2402 2474 7 21 I
2438 2474 14 21 5
2479 2474 14 20 0

1903 2502 64 21 Boat
1978 2501 73 22 Hire:
2067 2501 43 22 Per
2115 2501 51 32 day,
2172 2501 63 22 with-

2094 2532 41 18 out
2145 2528 71 23 hands
2227 2544 5 7 .
2248 2530 13 20 0
2277 2529 26 21 10
2331 2530 14 19 0
2362 2541 18 7 ..
2401 2528 8 22 1
2439 2529 14 20 0
2479 2528 15 21 0

1903 2555 87 24 Wages
1996 2563 6 14 :
2032 2555 139 27 Mechanics,
2197 2563 40 21 per

2063 2582 44 28 day
2249 2584 13 20 0
2289 2584 14 20 C
2331 2584 13 19 0
2361 2595 19 7 ..
2398 2583 14 20 0
2438 2582 15 22 8
2478 2582 15 21 0

2040 2609 126 23 Labourers
2183 2611 79 20 ....0
2288 2610 14 21 3
2329 2610 82 21 0..0
2436 2609 13 20 5
2477 2610 15 20 0

1905 2637 68 23 Bark
1980 2645 6 14 :
2001 2636 29 23 N.
2042 2637 25 22 Z.
2078 2645 41 19 per
2128 2640 38 19 ton
2180 2652 45 6 ....
2242 2638 14 21 3
2284 2638 14 20 0
2325 2638 14 19 0
2357 2650 5 6 .
2369 2650 6 6 .
2392 2636 15 22 4
2433 2637 14 24 Q
2473 2637 14 20 0

1905 2665 78 21 Black
1994 2664 51 23 Dye
2054 2664 46 22 :N.
2109 2664 26 22 Z.
2145 2671 38 21 per
2191 2668 37 18 ton
2243 2664 13 21 5
2284 2666 14 20 0
2326 2664 13 20 0
2357 2676 18 7 ..
2393 2664 14 20 6
2434 2664 14 20 0
2476 2664 13 20 0

1905 2692 72 21 Wool
1986 2699 5 14 :
2007 2691 29 22 N.
2048 2691 25 22 Z.
2084 2699 39 20 per
2132 2692 23 21 lb
2244 2694 13 19 0
2284 2693 14 20 0
2326 2692 13 20 9
2358 2704 18 7 ..
2395 2692 13 19 0
2437 2691 11 21 1
2476 2691 14 20 0

1903 2719 108 22 Timber:
2035 2719 29 22 N.
2086 2718 26 23 Z.
2122 2718 112 23 furniture

1930 2753 41 20 per
1983 2748 38 19 100
2032 2746 43 22 feet
2246 2747 14 20 2
2288 2746 14 21 0
2329 2746 51 20 0..
2397 2744 14 21 2
2425 2744 70 22 10,0

1905 2773 123 22 Cordage:
2039 2773 92 27 English
2138 2781 38 21 per
2182 2778 49 17 cwt.
2246 2774 14 21 3
2287 2772 14 21 5
2329 2774 14 19 0
2361 2784 18 7 ..
2399 2773 14 20 0
2439 2773 13 19 0
2478 2772 21 21 6*

2032 2800 62 23 N.Z.
2100 2801 94 21 without
2201 2804 34 20 tar
2248 2801 14 21 3
2290 2800 14 22 0
2331 2800 14 21 0
2364 2813 18 6 ..
2400 2800 14 20 0
2439 2799 19 20 0.
2479 2800 26 20 0;

1905 2827 120 22 Canvass:
2039 2835 40 19 per
2093 2827 48 22 bolt
2250 2828 10 20 1
2277 2826 26 23 15
2331 2828 14 22 0
2363 2839 20 8 ..
2400 2826 14 22 2
2440 2826 13 21 5
2480 2826 18 21 a

1907 2854 106 22 Copper:
2028 2855 103 26 sheeting
2150 2861 40 20 per
2203 2854 31 22 lb.
2250 2855 13 21 0
2292 2854 10 21 1
2332 2854 14 22 6
2363 2866 19 7 ••
2401 2854 14 20 0
2441 2853 13 20 0
2480 2853 15 20 0

1893 2877 2 24 !
2025 2882 63 24 Bolts
2251 2883 12 19 0
2293 2882 10 23 1
2333 2882 13 20 9
2364 2894 18 5 ••
2401 2882 14 23 Q
2441 2881 14 21 0
2482 2880 16 21 0

1893 2902 2 27 !
2025 2908 66 24 Naih
2249 2910 14 20 0
2291 2908 12 21 5
2332 2908 14 21 0
2363 2920 19 7 ..
2401 2908 14 19 0
2442 2907 14 21 6
2482 2908 15 19 0

1905 2935 80 22 Lead:
2002 2935 63 22 sheet
2073 2942 41 20 per
2125 2939 40 17 ton
2184 2937 78 20 ...,30
2289 2936 14 21 0
2331 2935 14 20 0
2363 2934 50 21 ..35
2441 2934 14 21 0
2481 2934 15 20 0

1905 2962 59 22 luon
1974 2969 5 13 :
1991 2962 93 26 English
2095 2962 40 21 bar
2145 2969 40 19 per
2195 2966 37 17 ton
2236 2962 26 22 14
2289 2963 14 19 0
2331 2962 14 19 0
2363 2974 19 7 ..
2400 2962 14 20 0
2440 2962 15 19 0
2481 2961 17 20 Q

1985 2988 68 27 Hoop
2062 2995 39 21 per
2108 2991 54 19 ton..
2229 2988 27 21 25
2284 2988 16 21 0
2327 2988 13 19 0
2362 3000 20 7 ..
2399 2988 14 21 0
2439 2988 22 19 0-
2478 2987 24 20 ft.

1905 3016 44 24 Oj;l.
1962 3015 77 21 Butts
2048 3022 5 14 :
2076 3014 114 23 Gordon's
2209 3021 26 16 or

2048 3041 71 24 Mills'
2126 3049 40 20 per
2175 3042 58 27 imp.

2048 3071 41 20 tun
2244 3069 14 21 3
2286 3069 16 20 0
2327 3068 51 21 0..
2395 3066 55 23 3.15
2479 3066 19 21 0.

2141 3095 121 23 DUTIES.

1904 3124 100 23 British
2015 3123 93 24 Spirits.
2321 3122 34 22 4s.
2364 3127 41 22 per
2413 3120 82 27 gallon.

1905 3151 106 23 Foreign
2022 3149 56 24 ditto
2321 3149 34 21 sa.
2365 3155 39 20 per
2411 3146 84 28 gallon.

1905 3179 106 22 Tobacco
2020 3176 178 28 manufactured,
2326 3176 30 21 Is.
2364 3181 40 21 per
2413 3174 34 22 lb.,
2451 3183 4 2 •

2020 3203 217 27 Unmanufactured.
2243 3216 62 8 .....
2321 3202 38 22 i)d.
2370 3209 40 20 per
2417 3201 31 23 lb.

1906 3234 75 23 Snuff
2081 3228 76 26 ..../.
2324 3231 31 21 2s.
2365 3228 78 29 perlb.

1907 3261 87 23 CigARS
2326 3257 31 21 2a.
2367 3255 79 28 perlb.

1907 3287 83 24 Wines,
2018 3301 7 10 ,
2315 3283 27 22 15
2355 3289 40 22 per
2403 3285 57 20 cent

1906 3315 57 26 Tha,
1978 3315 84 25 Sugar,
2079 3313 87 26 Flour,
2184 3312 116 36 Wheat,]

1924 3341 47 25 and
1980 3341 64 22 other
2054 3341 88 26 Grain,
2151 3341 14 21 5
2175 3346 40 21 per
2223 3342 59 19 cent.
2295 3337 5 22 I
2340 3350 18 22 4
2365 3357 25 15 V8
2390 3350 12 24 j
2403 3357 60 17 orem

1907 3369 39 26 All
1955 3367 65 25 other
2028 3368 107 22 Foreign
2141 3365 142 28 productions
2295 3363 12 23 C
2326 3363 13 14 *

1909 3392 6 5 '
1921 3395 45 26 and
1971 3395 167 24 manufactures
2145 3395 9 20 1
2158 3394 12 21 0
2175 3399 41 23 per
2223 3396 58 18 cent.
2289 3390 12 28 J

2110 3419 188 24 EXCHANGE.

1908 3463 129 29 B^bffls
2046 3469 28 16 on
2084 3460 96 25 tendon
2211 3446 38 56 fo*^^f
2249 3449 14 20 o
2270 3447 237 56 *^^

1909 3504 36 23 On
1954 3504 90 28 Sydney
2331 3502 73 23 Ditto.

1909 3532 90 21 Private
2009 3530 50 23 bills
2307 3529 116 23 Nominal.

1286 3330 219 27 WHOLESALE
1534 3330 128 25 PRICES
1696 3329 180 26 CURRENT.

1385 3369 134 17 CORRECTED
1533 3370 29 18 UP,
1576 3370 30 17 T;O
1620 3369 56 17 LAST
1693 3369 81 15 NIGHT.

1625 3394 18 25 J^
1667 3398 14 14 a,
1705 3393 19 17 d.
1780 3394 17 18 £
1863 3395 12 19 4

1286 3423 175 33 At,B:perhhd,
1629 3426 18 20 0
1672 3425 14 25 0
1712 3425 13 25 Q
1743 3438 19 6 ..
1781 3426 16 20 0
1824 3426 15 20 0
1865 3428 14 19 0

1461 3463 40 22 per
1506 3456 74 24 barrel
1590 3471 19 12 .,.
1627 3457 15 23 Q
1670 3457 14 23 Q
1711 3457 15 21 0
1741 3470 21 8 ...
1781 3458 15 20 0
1825 3459 17 25 Q.
1865 3460 14 22 Q

1461 3488 92 27 perdoz
1630 3489 57 23 Oil;
1713 3490 14 23 Q
1743 3503 20 7 ..
1783 3480 15 30 6
1811 3490 28 23 13
1866 3492 15 21 0

1368 3521 29 27 N,
1407 3520 26 28 Z,
1446 3520 124 29 pergallon
1590 3535 18 6 ..
1627 3522 22 26 Q,
1669 3522 13 21 2
1709 3522 15 21 0
1741 3536 19 6 ..
1778 3523 16 24 Q
1821 3524 15 23 0
1865 3525 14 22 0

1287 3556 113 23 Arrack:
1415 3553 43 22 Per
1466 3553 45 28 gaj.
1522 3560 28 19 nv
1555 3552 63 23 bond
1631 3554 15 20 0
1675 3553 10 21 l
1713 3554 16 23 6
1744 3567 20 8 ..
1781 3554 16 23 0
1824 3556 15 21 2
1866 3560 15 19 0

1286 3588 94 23 Bread:
1395 3585 44 23 Per
1447 3584 45 27 2]b.
1503 3584 51 23 loaf
1567 3599 47 7 ....
1632 3586 16 21 0
1674 3587 14 21 0
1713 3586 16 21 5
1745 3600 19 7 ..
1783 3588 15 20 0
1826 3589 13 20 0
1867 3589 14 20 6

1286 3621 62 24 Bbbf
1355 3626 5 14 :
1376 3616 77 29 Fresh,
1472 3624 90 16 carcase
1578 3624 42 21 per

1402 3649 24 23 lb
1627 3652 15 20 0
1671 3651 12 19 0
1711 3652 16 26 8,
1743 3665 19 6 ..
1781 3652 16 21 0
1825 3653 16 24 Q
1855 3652 24 23 U

1276 3691 6 17 ;
1316 3696 4 5 -
1394 3682 55 27 Salt,
1458 3689 41 21 per
1512 3682 69 22 tierce
1595 3696 19 7 ..
1633 3684 11 20 1
1661 3684 26 20 10
1714 3685 14 19 0
1745 3696 19 7 ..
1783 3685 14 19 3
1826 3686 13 19 0
1866 3685 13 20 0

1287 3718 96 22 Butter
1390 3722 5 14 :
1411 3713 66 28 Irish,
1487 3721 42 21 per
1536 3713 31 23 lb.
1593 3728 6 7 .
1605 3728 6 7 .
1631 3715 15 21 0
1673 3716 14 20 0
1713 3717 14 19 9
1745 3729 6 7 .
1757 3729 8 7 .
1783 3717 15 19 0
1828 3717 10 21 1
1868 3717 19 26 0.

1276 3753 3 12 :
1409 3746 70 27 Fresh
1633 3748 15 21 0
1677 3748 10 20 1
1717 3748 13 21 6
1746 3761 21 8 ..
1785 3749 15 20 0
1828 3750 23 21 0,
1868 3750 15 21 0

1287 3783 112 22 Brandy:
1415 3779 58 23 First
1479 3779 94 30 quality,
1580 3786 41 21 per

1436 3812 77 28 gallon
1522 3812 25 22 in
1556 3811 62 23 bond
1632 3813 15 20 0
1675 3812 12 21 5
1715 3814 15 20 0
1746 3827 6 7 .
1759 3827 6 6 .
1784 3815 16 20 0
1828 3811 27 26 7~'
1868 3814 20 22 6

1287 3847 87 23 Brown
1394 3845 87 22 Stout:
1505 3852 41 21 per
1559 3843 55 24 hhd.
1630 3844 18 25 5.
1672 3845 14 21 0
1712 3846 15 20 0
1743 3859 19 7 ..
1784 3847 15 21 6
1813 3846 28 22 10

1287 3879 103 23 Cigars:
1402 3877 103 28 Manilla,
1512 3884 41 21 per
1559 3877 62 26 1000,

1436 3908 25 23 in
1470 3908 62 23 bond
1633 3910 16 20 2
1675 3910 15 20 0
1716 3910 15 21 0
1747 3923 5 6 .
1759 3923 7 6 .
1785 3909 15 26 3
1828 3911 14 21 0
1869 3911 15 21 0

1399 3939 172 28 Chinsurahper
1576 3941 55 21 1000
1639 3941 10 20 1
1679 3942 15 20 0
1719 3943 14 20 0
1749 3955 32 7 ...
1787 3943 16 21 0
1830 3945 54 20 00

1289 3976 103 22 Cqfpki:
1401 3973 65 27 Java*
1477 3972 139 28 p.erlK....
1634 3974 22 20 0>
1677 3974 14 20 0
1708 3973 23 22 ,3
1747 3986 24 11 .
1785 3975 17 20 0
1828 3976 59 21 o*7

1288 702 91 44 THE
1402 702 78 17 Nelton
1503 702 117 18 Examiner
1643 702 43 18 and
1706 702 52 17 New
1781 702 95 18 Zealand

1362 725 109 21 Chronicle
1486 726 126 30 (published
1621 730 25 17 at
1654 725 101 27 Nelson,)
1771 726 20 21 is
1809 733 66 22 regu-

1285 751 58 28 larly
1361 753 140 21 transmitted
1517 756 22 18 to
1555 752 145 32 Wellington,
1720 752 44 22 and
1778 756 59 24 may'
1846 754 28 21 be

1285 778 42 22 had
1339 782 24 19 at
1372 778 37 22 the
1419 779 63 22 office
1493 779 26 22 of
1530 779 43 22 this
1582 786 76 22 paper.

1310 805 50 22 The
1370 806 79 21 Nelson
1457 807 116 20 Examiner
1588 806 45 22 will
1643 806 28 22 be
1680 806 68 22 found
1758 813 30 15 an
1800 807 75 22 excel-

1285 832 47 23 lent
1341 832 98 23 medium
1450 833 35 22 for
1494 833 140 23 advertisers.

1310 865 80 21 Terms
1399 865 34 21 for
1442 864 38 24 the
1489 872 75 21 paper,
1574 869 37 22 ten.
1621 865 101 27 shillings
1735 872 39 20 per
1783 869 92 23 quarter
1879 888 2 2 .

1285 891 94 29 payable
1387 892 24 22 in
1421 891 109 23 advance.
1605 890 3 5 '
1776 900 5 7 '

1311 923 83 22 Orders
1416 923 35 21 for
1470 923 38 22 the
1531 930 68 21 paper
1621 923 49 22 and
1689 923 185 22 advertisements

1285 949 103 23 received
1397 952 23 19 at
1430 950 36 24 th.c
1477 950 72 21 Office
1560 950 25 21 of
1597 950 45 21 this
1651 957 76 20 paper.

1446 996 78 21 Meat
1559 996 149 26 Company.

1514 1029 130 22 CHEESE.

1286 1055 92 35 rpHE
1393 1052 89 27 MEAT
1502 1057 156 22 COMPANY
1678 1059 91 24 expects
1788 1056 86 27 shortly

1291 1079 30 26 _L
1361 1086 22 18 to
1393 1083 86 22 receive
1487 1084 91 27 regular
1584 1083 98 28 supplies
1687 1084 24 21 of
1719 1083 87 26 Cheese
1816 1083 56 25 from

1285 1111 37 21 the
1333 1110 142 28 Cowpasture
1484 1111 47 21 and
1539 1111 122 22 Terawitte
1668 1110 94 22 Dairies.

1440 1144 28 21 /'
1557 1144 36 22 W.
1608 1144 102 27 Flyger,
1726 1144 118 27 Manager.

1312 1171 130 26 September
1451 1172 34 25 29,
1498 1171 62 22 1843.

1458 1218 78 21 Meat
1551 1218 148 26 Company.

1285 1251 185 50 WANTED,
1486 1260 14 14 a
1506 1252 72 22 vessel
1590 1253 24 21 of
1628 1252 68 22 about
1705 1253 28 21 30
1741 1255 60 23 tons,
1813 1254 23 19 to
1845 1252 28 22 be

1381 1279 54 25 kept
1451 1279 127 27 constantly
1595 1279 117 27 employed
1726 1279 22 22 in
1768 1279 106 27 bringing

1285 1306 55 27 pigs,
1352 1309 23 18 at
1384 1312 13 15 a
1407 1305 59 22 fixed
1477 1306 59 25 vrice
1546 1314 40 19 per
1597 1305 83 28 pound,
1687 1306 56 22 from
1754 1305 39 22 the
1803 1312 68 21 coast,
1879 1303 2 30 j

1285 1334 33 21 for
1327 1333 46 21 this
1383 1328 177 26 establishment.

1555 1366 37 22 W.
1607 1366 103 27 Flyger,
1725 1366 119 26 Manager.

1312 1392 129 28 September
1451 1394 33 24 29,
1498 1394 61 21 1843.
1711 1391 11 35 ■'_

1286 1438 175 47 CJSAR.TER.
1470 1437 177 27 PAPvTIES.for
1657 1436 44 23 sale
1711 1440 65 18 atthe
1787 1437 88 21 Gazette

1343 1465 77 20 Office.
1879 1469 2 16 ;
