2540 4020
46 23 2441 2 THE

46 24 386 139 NEW
560 24 899 139 ZEALAND
1588 24 899 139 GAZETTE

46 163 2441 148 AND

46 311 1163 148 WELLINGTON
1325 311 1162 148 SPECTATOR.

569 494 222 40 PUBLISHED
836 494 131 37 EVERY
1012 489 259 40 WEDNESDAY
1315 488 87 38 AND
1446 487 229 37 SATURDAY
1720 486 205 38 MORNING.

85 624 61 32 No.
167 619 90 43 276.]

607 611 111 33 PORT
739 605 261 42 NICHOLSON;
1019 606 269 33 WEDNESDAY
1309 605 210 35 MORNING,
1541 604 169 32 AUGUST
1731 608 50 33 30,
1808 606 87 29 1843.

2239 600 95 44 [Vol.
2356 596 54 37 IV:

158 715 61 21 Tor
240 712 117 22 Ziondon
381 710 97 24 direct,

91 754 52 18 _c-
196 746 93 26 rpHE
316 745 45 22 fine
391 745 44 21 fast
458 741 81 27 sailing
565 740 52 27 brig

73 764 84 38 3J3^k
170 776 80 21 •■•_.;
339 769 178 25 nelson,

67 792 122 29 ML
210 800 87 27 George
321 799 123 22 Maclaren-
461 798 88 24 master,
569 794 48 22 will

64 820 128 38 TkX/^B^
198 846 3 3 ■
207 827 54 22 flail'
265 827 68 22 about
341 825 37 22 the
391 825 54 21 20th
461 823 61 26 inst.,
532 821 85 27 having

47 847 149 33 JHEfeJSa
208 854 70 22 ftU-h*
278 861 12 14 7
299 860 38 15 car
336 860 29 20 S°
375 849 110 30 engaged.

187 910 4 2 .
230 891 50 22 ?For
288 896 93 22 passage
390 888 61 27 only,
462 885 69 29 apply
540 888 22 19 to

227 935 6 6 *
254 927 5 20 :
311 926 5 6 '
346 922 84 22 Waitt
445 919 47 24 and
503 919 86 22 Tyser.

67 953 138 27 Wellington,
215 952 89 26 August
313 950 92 27 7,1843.

165 997 122 26 Passage
301 997 31 19 to
352 994 130 22 London.

52 1025 95 28 sfZ&A,
164 1046 3 3 .
185 1029 95 22 fTiHE
292 1030 61 25 Tyne,
363 1027 70 26 being
443 1024 73 24 under
523 1030 96 21 engage-

63 1051 107 35 JSSeI
192 1058 32 21 -*-
262 1058 64 20 ment
343 1059 22 18 t0
383 1054 53 23 load
454 1051 55 22 woc>l
528 1054 23 18 at
566 1051 19 35 f*
586 1057 22 15 01
608 1053 13 18 *

46 1078 136 33 .JMPjEIk
199 1082 91 28 Phillip,
306 1081 80 24 should
400 1080 147 23 inducement
556 1078 62 25 offer,

45 1103 139 41 mSBSSk
199 1109 41 22 slie
257 1109 44 22 will
317 1108 43 24 ca^
373 1108 55 24 here
443 1113 31 16 on
483 1105 42 23 her
533 1111 49 20 way
596 1107 24 19 t0

68 1178 40 22 For
121 1181 90 23 passage
221 1173 60 28 onjy,
293 1172 81 32 haying
383 1169 101 30 superior
495 1175 126 15 accommo-

45 1204 85 26 dations,
142 1201 66 29 apply
217 1203 23 19 to
251 1199 93 28 Captain
354 1198 134 24 Robertson,
499 1202 26 15 or
534 1197 22 19 to

295 1236 113 22 Bethune
422 1232 46 24 and
483 1232 110 22 Hunter.

69 1273 139 27 Wellington,
218 1270 93 27 August'
316 1269 34 27 ls,
361 1269 62 25 lß43,
461 1274 10 3 -

214 1329 3 3 ■
235 1315 55 21 For
302 1314 114 24 Kelson,

212 1350 29 20 Te
253 1349 41 20 tail
307 1350 23 18 in
341 1349 34 19 ten
389 1347 59 26 day;

192 1383 93 26 npHE
304 1382 44 22 fine
365 1381 45 21 fast
432 1378 83 27 sailing

73 1411 90 29 gmsSL
198 1403 31 31 A
351 1408 117 22 TYNE.

48 1429 132 39 _KgkijSk
233 1437 45 23 For
288 1435 80 29 freight
377 1442 25 15 or
410 1440 107 23 passage,,
523 1431 68 29 apply
600 1434 24 19 to

45 1459 142 39 3__SK
207 1465 63 28 Cap*-
282 1463 130 26 Robertson,
423 1469 25 14 or
459 1463 22 19 to

47 1489 138 42 !g§§gj§py
198 1515 3 3 •
323 1501 112 21 Bethunb
450 1497 21 23 &
487 1496 109 22 Hunter.

71 1538 141 27 Wellington,
222 1536 91 26 August
321 1535 33 26 15,
366 1535 61 21 1843.

213 1581 53 21 For
280 1578 173 28 Valparaiso.

92 1611 66 30 _gOKT
216 1613 93 22 mHE
335 1611 46 23 fine
408 1611 23 21 A
447 1611 10 21 1
487 1609 84 27 barque
582 1616 5 9 »

78 1630 103 40 jfigfcj.
222 1630 32 33 X
345 1637 199 23 ANDOVEB,

77 1666 17 22 f
94 1662 5 19 i
99 1662 98 34 f=JS»H
197 1674 3 12 1
200 1670 6 11 '
231 1668 66 21 Peter
315 1667 74 22 Burns
408 1662 153 27 commander,
582 1662 47 22 will

67 1688 129 31 JUniOmM?
231 1695 40 22 sail
287 1695 34 21 for
336 1693 37 22 the
392 1692 73 22 above
481 1692 51 26 port
546 1696 28 14 on
589 1689 40 21 the

55 1714 172 40 Bgg§iO^'
230 1724 53 20 30ta
299 1721 14 28 l
311 1723 49 19 nsta
358 1747 5 5 .
360 1723 26 19 nt
390 1736 6 11 >
417 1719 42 22 has
475 1716 102 29 splendid
592 1723 37 14 ac-

231 1747 183 24 commodations.

74 1780 43 22 For
124 1777 83 30 fiaeyght
216 1783 25 16 or
248 1781 100 23 passage,
360 1773 67 28 apioly
436 1775 23 19 to
469 1771 63 27 Capt.
547 1770 82 26 Burns,

47 1814 26 15 or
83 1810 21 19 to
505 1824 8 8 ,
532 1824 16 4 _

199 1832 133 29 B^idoways,
349 1828 106 26 Guyton,
471 1827 45 20 and
530 1827 72 19 JkARP.

76 1865 86 27 Augußt
170 1864 34 27 25,
216 1863 63 25 1843.

195 1906 139 23 Situation
353 1902 128 24 Wanted-

52 1936 94 23 mfO
160 1938 77 25 young
248 1940 60 19 men,
321 1933 46 27 just
382 1929 89 24 arrived
480 1929 30 26 by
520 1929 37 20 the
566 1929 66 23 Mary

67 1954 11 27 I
139 1963 63 21 irom
219 1959 172 28 LoMoj^are.
392 1957 119 31 .BlßS&m*
513 1957 21 27 *S
534 1954 100 30 USkteM

50 1984 176 30 smattonsTana
241 1977 49 30 wiff
301 1985 29 22 be
344 1982 70 24 found
431 1978 86 29 wffling
531 1977 23 24 Co
565 1976 69 25 make'

51 2015 130 23 themselves
199 2011 115 30 generally
333 2010 79 23 useful.
447 2008 44 22 For
509 2006 123 26 reference,

49 2043 67 24 apply
125 2045 23 18 to
157 2041 37 22 the
204 2038 161 27 undersigned.

390 2064 97 22 Samuel
501 2061 104 22 Revans.

273 2112 54 20 For
340 2109 70 24 Sale,

53 2147 90 51 THE
156 2144 145 25 COTTAGE
315 2143 94 23 situated
419 2142 25 22 in
461 2139 100 23 Oriental
578 2138 58 26 Bay,

125 2173 44 24 and
182 2172 70 28 lately
261 2170 106 28 occupied
379 2170 31 27 by
421 2169 38 22 the
476 2166 160 26 undersigned.

53 2203 21 21 A
87 2201 53 27 long
156 2199 60 23 lease
234 2199 26 22 of
276 2197 38 23 the
329 2196 83 23 section
426 2201 61 23 upon
506 2193 78 28 which;
598 2193 38 21 the

52 2229 67 22 house
128 2226 75 23 stands
214 2225 45 23 will
266 2225 29 22 be
304 2223 103 29 granted.

79 2255 67 23 Town
154 2253 56 23 land
218 2252 46 22 will
271 2253 29 21 be
309 2251 66 21 taken
385 2250 24 22 in
419 2249 123 26 exchanga.

78 2283 44 22 For
129 2280 86 23 further
221 2278 137 29 particulars,
368 2276 68 29 apply
445 2279 24 20 to

370 2305 103 21 Georoe.
484 2301 89 26 Dopr-A,
586 2306 27 15 or

370 2330 39 22 W.
422 2330 31 24 Vr.
462 2340 6 16 r
468 2328 136 28 ßßEyjß,,,,
638 2342 4 10 ,

214 2378 58 22 Oil!
294 2376 69 23 Oil!!
386 2371 74 26 Oil!!
465 2377 4 10 1
469 2373 7 21 !
636 2371 5 14 ;

57 2413 90 51 THE
160 2411 76 24 BEST
248 2410 91 24 LAMP
353 2409 55 22 OIL
415 2408 26 23 in
451 2405 145 27 Wellington,
607 2405 33 20 3s.

128 2446 39 23 per
181 2438 71 28 single
267 2437 81 28 gallon,
359 2436 45 22 and
416 2437 33 20 2s.
462 2433 42 27 ,9d.
509 2432 45 28 /by
562 2432 80 27 taking

57 2468 42 22 five
108 2466 91 29 gallons,
207 2468 25 20 at
240 2465 38 23 the
288 2465 75 22 Stores
372 2463 26 22 of

351 2495 35 23 M.
401 2494 91 25 Asher,

417 2519 113 24 Lambton
541 2518 73 27 Quay.

84 2553 54 27 May
147 2554 33 25 23,
193 2552 62 21 1843.

240 2597 36 22 W.
292 2596 34 23 M.
340 2594 108 26 SMITH,

59 2640 55 15 LATE
125 2636 235 18 SURVEYOR-GENERAL
370 2635 28 15 TO
409 2634 47 15 THE
472 2632 51 14 NEW
537 2630 106 16 ZEALAND

292 2662 113 19 COMPANY,

85 2692 141 25 Surveyor,
240 2687 212 27 Draughtsman,
468 2683 55 23 and
536 2681 79 23 Land

300 2711 100 30 Agent.

60 2747 174 28 Tinakori-road,
245 2747 101 26 January
356 2746 22 26 4,
389 2746 63 21 1843.

296 2791 109 22 Notice.

62 2827 88 51 ALL
184 2826 139 24 PERSONS
359 2822 109 25 indebted
501 2825 24 19 to
555 2820 91 23 Joshua

130 2854 106 26 •ScKoles,
247 2860 38 16 are
302 2850 117 30 requested
437 2854 24 19 to
477 2856 44 21 pay
536 2848 60 22 their
609 2855 38 14 ac-

62 2885 77 20 counts
146 2889 25 15 as
179 2881 85 27 before,
273 2887 26 15 or
307 2878 129 24 immediate
446 2878 148 26 proceedings
602 2878 44 19 will

61 2909 27 22 be
97 2908 117 24 instituted
221 2907 36 23 for
266 2907 38 22 the
313 2913 105 20 recovery
429 2906 27 21 of
462 2903 39 22 the
511 2909 70 16 same.

88 2941 89 28 August
184 2941 21 26 5,
217 2940 62 21 1843.

180 2998 5 4 -
204 2985 182 25 Berhampore
421 2982 82 21 Farm

185 3022 2 13 i
270 3018 64 22 FOR
349 3015 87 24 SALE.

62 3054 92 50 THE
163 3057 4 5 '
182 3053 72 22 above
283 3049 158 25 well-situated
469 3046 46 23 and
542 3045 105 23 valuable

136 3081 71 28 place;
224 3078 54 23 with
294 3076 142 24 comfortable
452 3073 195 28 dwelling-house,

62 3108 122 27 consisting
187 3107 31 25 ,of
224 3106 51 22 four
282 3104 100 29 spacious
391 3101 105 27 dwelling
501 3102 146 26 apartments,

62 3135 99 28 kitchen,
173 3133 108 24 servant's
290 3139 69 20 room,
369 3133 59 20 store
437 3135 72 21 room,
521 3128 75 26 lobby,
603 3128 44 21 and

62 3168 98 21 passage,
171 3160 52 24 with'
234 3158 141 24 four-stalled
386 3156 78 27 stable,
475 3154 93 23 harness
576 3160 71 20 room,

63 3189 46 22 and
125 3187 105 29 hayloft,
247 3186 47 23 and
309 3185 63 23 other
386 3185 137 22 convenient
537 3181 45 22 and
598 3181 49 22 well

63 3215 120 28 appointed
201 3214 138 23 out-houses.
376 3212 62 22 Near
457 3209 38 22 the
514 3208 71 23 house
603 3215 20 14 is
636 3214 11 15 a

63 3243 102 26 paddock
183 3241 26 23 of
222 3241 71 23 about
311 3246 68 17 aeven
397 3243 71 21 acres,
493 3236 154 23 substantially

64 3269 87 27 fenced,
167 3269 47 23 and
228 3276 15 15 a
258 3267 51 25 well
323 3265 92 25 stocked
428 3262 88 32 garden
530 3270 24 15 in
563 3269 14 16 a
593 3262 54 27 high

64 3299 56 20 state
130 3297 25 21 of
161 3294 139 25 cultivation.

92 3327 49 24 The
158 3327 109 24 desirable
286 3326 105 22 situation
410 3325 27 22 of
452 3322 64 24 these
534 3321 113 30 premises,

67 3354 117 33 (dalyfive
192 3354 98 23 minutes
299 3353 47 22 ride
355 3353 59 22 from
430 3351 39 23 the
485 3352 49 22 seat
551 3349 26 23 of
589 3349 58 22 busi-

66 3384 78 25 ness),,
150 3381 45 23 and
207 3381 40 22 the
262 3380 162 23 conveniences
443 3376 118 27 attending
579 3375 68 28 them,

65 3408 81 23 render
153 3408 38 23 the
199 3410 93 26 present
300 3414 30 15 an
338 3405 145 29 opportunity
488 3407 40 19 not
535 3406 25 20 to
568 3403 30 22 be
608 3403 39 22 lost

66 3434 60 30 sight
144 3435 24 22 of
182 3435 33 27 by
233 3433 128 25 merchants
379 3432 45 23 and
442 3431 76 23 others
535 3429 112 29 requiring

66 3462 104 32 frequent
177 3461 63 22 visits
249 3463 24 20 to
288 3463 66 24 town,
365 3459 54 22 with
428 3459 39 22 the
480 3457 106 23 comforts
601 3457 27 23 of
639 3464 8 15 a

66 3491 93 25 country
166 3487 48 22 life.

95 3520 76 28 Apply
179 3521 24 20 to

107 3565 4 4 .
128 3561 4 5 .
159 3563 17 4 -.
270 3545 75 23 Jambs
359 3544 81 27 Watt,
454 3542 62 28 Esq.,

383 3575 154 27 Berhampore
550 3575 76 21 Farm.

95 3606 91 27 August
194 3603 35 28 25,
240 3604 62 24 1843.

303 3654 109 23 Notice.

70 3692 51 49 A
131 3688 133 27 SPECIAL
276 3687 148 27 MEETING
438 3687 26 23 of
475 3683 172 27 ALDERMEN

161 3720 20 20 tf
182 3717 26 22 ill
224 3715 54 24 take
295 3715 63 29 place
375 3722 30 15 on
421 3713 147 28 Wednesday
591 3717 56 25 next,

70 3746 88 27 August
165 3746 36 26 30,
212 3743 35 23 for
256 3742 40 24 the
302 3747 98 24 purpose
406 3741 30 22 of
443 3740 107 28 Electing
559 3747 15 15 a
582 3741 65 22 Town

71 3772 87 25 Clerk;.
241 3792 2 4 .
309 3772 169 30 -'«-«■
537 3793 26 9 

200 3807 50 16 ..,..,
358 3795 37 22 W.
411 3795 110 26 Gutton,
537 3793 91 29 Mayor.

98 3826 89 28 August
195 3818 38 34 26,'
241 3824 63 22 1843.
311 3846 3 4 ,
341 3846 2 4 ,

186 3892 11 5 ..
256 3875 66 20 Just
330 3867 141 27 .received.'

73 3908 125 48 PLANS
221 3906 36 22 of_
266 3905 40 23 the
327 3904 69 23 Town
414 3903 29 23 of
459 3901 169 25 Wbliiwoton.

114 3942 5 6 •
144 3934 57 24 Plan
221 3933 27 23 of
254 3932 38 23 the
302 3932 106 24 Harbour
417 3930 28 25 of
459 3929 59 25 Port
528 3929 119 24 Nicholson

101 3959 100 29 Mcisage
210 3958 73 28 cards,

781 704 41 22 BY
844 701 259 25 POSTPONEMENT.

812 750 7 7 ,
831 734 110 23 Wade's
955 734 95 21 Town.

647 770 96 49 ML
758 769 91 23 JOHN
859 767 94 23 WADE
961 767 20 21 is
991 766 124 22 instructed
1122 769 23 19 to
1156 765 79 27 sell-by

727 809 3 7 .
749 812 5 11 (
755 796 78 22 Public
858 794 103 31 Auction,
983 800 31 15 on
1039 792 85 28 Friday
1143 792 38 22 the
1198 793 39 21 .Ist

649 823 138 28 September,
807 823 61 26 1843,
891 824 23 19 at
988 821 82 25 Stores,
1085 822 23 19 at
1123 821 12 20 1
1151 818 86 23 o'clock

887 846 116 29 precisely,

760 885 34 25 By
803 881 103 23 direction
916 881 27 27 of
949 882 35 20 the
995 881 131 26 Mortgagee,

673 910 3 16 :30:
676 921 28 19 30
732 916 170 24 VALUABLE
932 911 212 26 ALLOTMENTS
1173 911 36 24 IN

822 942 119 23 WADE'S
964 941 102 28 TOWN,

649 971 134 27 containing
800 969 52 23 half
866 974 28 18 an
911 976 54 16 -acre
984 968 63 22 each.
1083 968 49 22 The
1151 966 55 22 land
1218 966 20 21 is
1237 985 5 14 s
1238 978 4 4 -

648 999 82 22 situate
741 999 24 21 in
775 997 78 26 blocks
862 997 26 21 of
899 997 59 22 from
971 995 50 23 four
1027 998 27 19 .to
1063 994 45 22 five
1120 1001 68 20 acres,
1200 993 45 21 the,

650 1026 72 27 buyer
741 1025 45 23 will
804 1023 119 24 therefore,
934 1023 57 23 have
1007 1029 32 15 an
1051 1021 148 29 .opportunity
1215 1018 27 24 of

650 1052 92 28 buying^
745 1052 25 22 in
775 1051 55 22 .half
835 1058 61 15 acres
907 1058 25 14 or
940 1049 85 23 blocks.

678 1084 47 26 The
736 1083 54 22 land
800 1077 22 28 in
831 1082 92 22 Wade's
937 1082 70 22 Town
1016 1080 20 23 is
1045 1083 39 19 too
1092 1079 52 23 well
1158 1078 81 23 known

651 1114 24 19 to
685 1110 92 25 ■require
782 1115 2 6 1
796 1112 115 20 comment
922 1114 4 6 w
926 1108 56 27 fr.om
995 1108 38 21 the
1044 1107 151 25 'Auctioneer,
1210 1104 29 22 he

652 1137 77 23 would
742 1136 54 28 only
814 1136 40 22 ask
868 1135 118 27 intending
1000 1135 134 27 purchasers
1148 1131 53 24 look
1217 1133 24 20 at

652 1165 38 22 the
699 1164 63 27 land,
772 1163 46 22 and
827 1162 58 23 refer
893 1166 24 19 to
927 1162 36 22 the
977 1164 88 24 reports
1074 1160 27 22 of
1108 1160 48 22 .the-
1162 1159 78 22 Horti-

652 1191 96 25 cultural
762 1190 97 27 Society,
875 1190 74 21 where
965 1188 54 27 they
1028 1187 45 24 will
1088 1187 54 26 fin.d-
1140 1206 4 7 (
1145 1185 12 27 ,
1157 1185 88 27 Wade's;

650 1214 71 27 Tlowii
729 1216 42 23 has
782 1216 86 23 carried
876 1216 35 22 off
916 1223 14 14 a
941 1215 76 27 Jarger
1029 1214 98 23 number
1136 1213 27 25 of,
1169 1213 71 28 prizes

652 1244 57 23 than
718 1251 45 21 any
773 1243 64 22 other
846 1243 87 28 portion
942 1242 27 23 of
975 1242 55 22 Port
1038 1240 134 23 Nicholson.

858 1289 75 15 AFTER
945 1288 88 19 WHICH,
1135 1303 4 3 .
1229 1289 3 5 '
1244 1282 2 20 '.

654 1321 35 21 85
704 1318 99 24 ACRES
819 1318 25 23 of
856 1315 69 26 Land
931 1310 26 29 in
971 1317 46 25 the.
1032 1315 97 23 Makara
1148 1313 97 27 district,,

817 1345 26 22 in
852 1345 42 22 lots
903 1344 27 22 of
937 1343 54 23 Five
1000 1343 80 22 Acres.
1230 1340 15 40 .j

669 1397 6 2 -
682 1381 80 22 Terms
770 1378 86 28 liberal,
867 1382 22 19 to
903 1378 29 23 be
941 1378 66 22 made
1023 1376 83 23 known
1116 1378 24 19 at
1155 1374 55 22 time
1221 1368 24 31 of|

657 1408 59 22 Sale.
727 1409 3 13 :

684 1440 91 27 August
784 1440 20 25 8,
817 1439 60 21 1843.

655 1485 74 22 Now
739 1483 135 26 Landing,
885 1488 37 15 ex
1057 1480 55 21 and

712 1512 56 20 and
788 1516 36 15 on
843 1510 59 20 Sale
919 1510 28 20 at
965 1509 47 20 the
1035 1507 93 21 Stores
1148 1506 31 21 of
1198 1505 46 20 the

712 1536 194 27 undersigned.

659 1571 113 51 BOAT
786 1569 156 23 ANCHORS,
952 1568 59 22 from
1019 1568 56 25 30$
1087 1569 23 20 to
1121 1568 41 21 160
1168 1568 30 25 16,

736 1597 88 23 Proved
833 1597 53 21 boat
894 1596 84 26 chains,
986 1594 108 26 assorted,

688 1625 107 26 Whaling
813 1631 53 20 gear
884 1623 26 21 of
927 1629 67 20 every
1013 1620 144 28 description,
1173 1619 65 22 viz.—
1238 1629 7 5 -

660 1653 67 21 finest
743 1652 87 26 Europe
847 1650 62 27 lines,
920 1649 63 21 lance
993 1655 66 21 warp,
1071 1647 95 22 London
1179 1646 66 22 made

659 1679 113 28 harpoons
782 1677 45 23 and
838 1677 84 26 lances,
933 1677 39 21 &c.

688 1705 90 23 Double
788 1704 44 22 and
842 1703 70 28 single
922 1702 76 22 blocks
1008 1702 27 22 of
1040 1701 32 22 all
1082 1702 64 26 sizes,

688 1733 79 21 Rivets
784 1731 44 22 and
847 1731 50 22 boat
916 1729 64 27 nails,
998 1736 50 14 rose
1071 1728 56 27 lath,
1151 1726 94 27 shingle,

661 1759 88 27 double,
768 1758 44 22 and
826 1758 77 22 batten
919 1756 62 27 nails,
999 1755 95 27 flooring
1110 1754 74 26 brads,
1195 1754 50 24 ,fine

661 1787 61 26 clasp
732 1785 47 23 and
788 1785 61 27 spike
857 1784 64 26 nails,
932 1783 44 22 fine
984 1781 105 27 wrought
1094 1781 74 26 brads,
1177 1782 50 24 &c,

688 1813 48 22 Tea
753 1813 89 26 kettles,
864 1816 129 22 saucepans,
1017 1809 75 27 frying
1114 1815 63 21 pans,
1202 1807 43 22 and

661 1839 119 29 gridirons,

690 1866 129 27 Stationery
825 1865 29 22 of
860 1864 29 23 all
896 1864 73 27 kinds,
1047 1881 10 5 
1181 1877 4 7 ,

690 1893 103 23 Portable
809 1892 71 27 desks,
896 1891 100 26 dressing
1012 1897 68 19 cases,
1094 1888 62 24 work
1170 1888 75 34 boxes^

663 1924 76 21 carpet
748 1921 62 26 bags,
821 1919 75 22 Dutch
901 1918 89 27 .clocks,'
998 1917 41 22 &c.

690 1945 228 30 Perfumery^jri?;,,—
916 1945 63 23 bears
979 1952 3 13 1
1004 1944 241 33 greasje^poniatujn^

664 1979 109 19 essences,
784 1977 70 22 soaps,
967 1975 24 15 ox
999 1970 30 20 all
1039 1970 72 24 kinds,
1124 1970 49 23 &c,
1219 1972 26 15 .*s

692 1999 94 27 English
807 1997 78 23 mould
907 1996 98 26 candles,
1028 1994 87 23 refined
1138 2000 66 20 sugar
1227 2000 18 15 in

666 2029 26 21 10
699 2028 23 22 ft
732 2027 84 25 loaves,
956 2027 6 3 '

693 2053 74 22 Prime
778 2051 118 26 Hnmburg
908 2050 83 26 butter,
1002 2050 140 26 Westphalia
1152 2050 71 24 hams,

693 2079 76 23 White
778 2086 63 19 soap,
850 2078 47 22 loaf
905 2077 86 26 cheese,

694 2105 92 23 Bottled
799 2105 72 26 fruits,
887 2104 81 27 jellies,
987 2102 147 26 marmalade,
1151 2102 61 26 jams
1230 2102 15 19 oi

667 2141 68 20 every
755 2131 139 29 description,
919 2129 91 30 pickles,
1034 2135 86 20 sauces,
1144 2127 101 26 mustard,

668 2167 83 22 capers,

696 2187 68 23 Salad
774 2185 31 23 oil
819 2185 24 22 in
857 2185 61 27 pints
932 2184 45 22 and
993 2185 83 26 quarts,
1092 2182 82 26 starch,
1192 2182 53 26 blue,

669 2215 79 28 spices,
759 2220 61 21 sago,
831 2213 75 26 coffee,
916 2211 62 28 pork,
990 2211 41 21 &c.

697 2241 96 26 Hosiery
793 2251 28 5 —
822 2239 93 23 woollen
924 2238 45 22 and
977 2236 148 24 cotton.socks
1130 2236 42 21 and
1179 2236 66 20 stock-

669 2269 58 27 ings,
739 2271 92 22 cravats,
840 2265 80 23 scarlet
924 2264 45 23 and
976 2262 85 31 striped
1068 2269 62 21 caps,
1138 2262 107 29 Guernsey

670 2295 81 26 frocks,
769 2293 93 23 woollen
871 2293 101 26 drawers,
981 2290 74 24 lamhs
1067 2289 57 23 wool
1134 2292 65 24 vests,
1211 2295 34 15 anc

670 2321 140 30 pantaloons,
819 2321 42 22 &c.
862 2335 7 12 4

673 2361 7 4 -
689 2355 4 13 :
697 2348 117 27 Blankets,
823 2354 59 20 navy
892 2346 52 22 blue
954 2344 44 23 and
1007 2344 69 27 fancy
1085 2345 78 26 pnntß,
1172 2343 42 22 &c

700 2375 88 23 Ladies'
797 2375 64 21 boots
868 2373 46 23 and
923 2372 96 28 slippers,

700 2403 81 22 Gents,
791 2401 80 23 double
880 2401 30 21 tie
921 2399 64 23 shoes
995 2398 93 22 blucher
1094 2398 72 25 boots,

675 2448 3 3 ,
690 2432 2 4 '
701 2430 55 21 Fine
764 2427 127 29 negrohead
900 2427 92 22 tobacco
1001 2425 47 22 and
1059 2425 69 26 fancy
1138 2422 76 28 snuffs,

701 2455 93 23 Geneva
802 2456 24 22 in
835 2455 72 26 hhds.,

701 2483 57 22 Fine
777 2489 84 21 cognac
878 2480 87 28 brandy
982 2480 23 22 in
1023 2479 66 22 hhda.
1106 2479 46 20 and
1169 2479 76 26 quartei

674 2511 81 27 casks,-
781 2527 2 5 ,
1061 2530 117 8 ,»•,.

701 2537 69 28 Light
778 2536 45 23 and
832 2535 55 23 dark
897 2535 84 26 sherry,
992 2533 45 23 fine
1047 2532 38 22 old
1101 2531 104 23 Madeira
1214 2537 31 15 anc

674 2568 49 24 port
732 2565 24 22 in
765 2566 89 25 quarter
862 2562 71 27 casks,

702 2591 93 28 Clarefs,
804 2594 4 5 '
815 2591 94 25 Lafette,
930 2588 108 25 Chuteau,
1059 2585 71 23 Newf
1145 2585 28 22 de
1191 2584 54 28 Pape

675 2619 116 26 Sauterne,
802 2618 85 21 Graves
901 2615 128 26 Narbonne,
1041 2613 46 22 and
1096 2612 65 22 other
1170 2612 75 22 Frencl

676 2646 80 26 wines,-
775 2644 4 5 '

704 2672 142 27 Glass-ware,
865 2670 43 23 viz.
919 2671 72 20 —cut
1007 2669 59 27 glass
1084 2669 111 20 tumblers
1217 2671 28 15 am

675 2700 74 27 wines,
755 2702 71 26 quart,
830 2698 55 28 pint,
896 2697 45 22 and
949 2695 110 28 half-pint
1067 2693 126 27 decanters,
1200 2692 45 22 salts

677 2730 80 24 cruets,
769 2727 49 25 &c,

705 2749 142 32 Gunpowder
854 2752 22 21 in
887 2751 119 26 cannister,

704 2780 101 28 Vinegar
814 2779 44 24 and
866 2779 52 27 split
925 2784 61 22 peas.

929 2810 76 26 HORT,
1021 2807 125 26 MOCATTA,
1162 2806 20 21 &
1196 2805 39 22 Co.

646 2859 2 5 .
706 2839 89 28 August
803 2839 33 26 15,
848 2839 60 21 1843.

646 2874 2 21 1
875 2884 44 20 Ex

760 2944 73 23 JUST
852 2942 143 23 ARRIVED
1009 2940 62 22 PER
1090 2939 92 21 MARY.

682 2974 236 53 MOUSSELINE
937 2973 28 22 de
985 2972 116 23 LAINES
1121 2970 47 23 and
1184 2968 61 30 print!

771 3005 85 19 newest
862 3004 107 24 patterns,

708 3028 148 25 Fashionable
866 3029 92 21 bonnets
967 3026 47 22 and
1022 3025 121 27 millinery,

646 3052 2 15 5
706 3058 85 22 Tartan
802 3055 45 23 and
854 3054 87 27 Paisley
949 3052 80 23 shawls
1040 3052 46 22 and
1095 3050 150 24 handkerchiei

646 3088 2 11 '
708 3083 125 24 Children's
842 3082 62 22 boots
915 3080 45 22 and
969 3080 71 26 shoes,
1050 3079 61 27 baby
1118 3078 69 26 linen,

646 3115 2 25 j
708 3111 80 26 Toilet,
799 3109 75 27 swing,
885 3107 44 23 and
941 3106 99 27 dressing
1049 3106 92 27 glasses,

647 3132 2 16 1
708 3137 103 23 Window
820 3136 66 27 glass,
896 3134 88 22 various
993 3133 63 27 sizes,

646 3170 2 25 j
709 3165 73 28 Paper
790 3163 110 27 hangings
909 3161 25 22 in
942 3163 64 26 great
1015 3160 93 27 variety,

709 3191 127 28 Stationery
846 3189 45 22 and
899 3190 97 20 account
1003 3186 79 27 books,

647 3215 3 14 1
709 3218 109 27 Quantity
826 3217 28 21 of
856 3216 60 27 jams
925 3214 45 23 and
979 3212 175 28 confectionery,

647 3242 3 18 r
709 3245 90 24 Double
810 3244 44 22 Glo
856 3237 9 16 r
862 3246 44 19 ster
915 3241 46 23 and
969 3241 51 28 pine
1029 3240 88 27 cheese,
1133 3239 45 23 fine
1194 3238 51 23 ham

647 3269 3 14 1
709 3272 82 24 Mixed
798 3270 85 29 pickles
892 3269 24 23 in
927 3268 71 22 dozen
1007 3274 69 19 cases.

711 3299 92 24 Garden
812 3297 64 23 seeds
884 3297 24 21 in
918 3294 99 24 assorted
1025 3293 99 28 packets,

647 3337 2 11 »
711 3327 86 26 Clover,
808 3323 89 28 mangel
906 3321 99 28 wurtzel,
1014 3320 47 23 and
1069 3320 76 28 turnip
1154 3320 60 26 seed,

711 3355 61 22 Corn
782 3352 46 23 and
835 3354 90 26 potatoe
935 3349 70 27 sacks,

647 3391 3 12 »
710 3381 44 22 Tin
763 3380 73 28 plates
845 3379 24 22 in
877 3378 77 26 boxes,

647 3405 5 19 *
712 3408 83 26 Sherry
803 3407 25 22 in
836 3403 134 30 hogsheads.

647 3436 5 21 ?
970 3434 99 23 George
1084 3433 78 28 Hart,

647 3464 5 15 a
1047 3461 113 23 Lambton
1170 3459 73 26 Quay.

713 3494 89 27 August
810 3494 35 26 11,
856 3492 62 22 1843.
1132 3514 113 7 ____

741 3538 120 23 Wanted
874 3539 30 19 to
919 3535 144 29 purchase,
1078 3533 44 22 for
1136 3531 80 25 Cash,

691 3575 101 28 lAA
820 3574 80 24 TUNS
917 3572 54 24 OIL
985 3572 70 23 AND
1069 3570 94 27 BONE,
1177 3568 68 23 delive

821 3601 50 23 able
880 3601 25 23 in
915 3607 26 16 or
949 3600 70 22 about
1027 3598 74 24 Cooks
1111 3596 80 24 Straits
1200 3603 7 19 ;
1226 3595 19 22 al

822 3636 14 16 a
845 3628 103 29 quantity
957 3627 26 22 of
990 3626 51 23 Seal
1054 3625 75 23 Skins.

713 3661 77 28 Apply
807 3663 24 20 to
850 3659 94 28 Captain
961 3658 136 25 Robertson,
1114 3655 27 23 of
1153 3654 38 23 the
1209 3654 36 26 Tyn

647 3687 7 22 1
687 3696 26 15 or
722 3692 24 19 to

647 3717 6 25 t,
945 3712 117 23 Bethune
1076 3709 47 24 and
1136 3709 109 23 Hunter.

647 3748 8 15 k
714 3740 147 28 Wellington,
871 3740 89 26 August
970 3740 34 27 15,
1014 3739 70 22 1843.'

797 3789 43 21 On
854 3789 69 25 Sale,
938 3795 36 15 ex

688 3822 67 23 Qt
788 3821 113 22 CHESTS
930 3819 206 24 GUNPOWDER
1163 3816 70 28 TEA,

647 3857 7 4 -
688 3843 70 28 £i*J
813 3848 13 20 5
841 3852 50 17 tons
899 3847 46 22 fine
955 3854 73 21 sugar,

758 3894 3 4 .
786 3876 3 5 '
814 3875 15 21 2
842 3876 50 19 tons
904 3874 88 27 Bengal
1000 3873 55 27 rice,

819 3900 91 28 Ginger,
921 3907 89 21 pepper,
1019 3901 43 21 &c.
1116 3916 5 4 .
1139 3905 4 6 '

647 3937 9 16 n
753 3946 3 5 .
870 3942 12 6 ..
900 3943 4 3 •
918 3941 5 4 -
949 3927 116 22 Bethune
1080 3924 49 24 aad
1137 3925 108 23 Hunter.

695 3959 4 8 1
715 3954 146 28 Wellington,
871 3953 90 27 August
971 3953 35 26 15,
1017 3952 62 22 1843.

1360 698 44 21 Ex
1441 698 81 26 Mary
1560 697 55 22 and

1267 732 74 49 ON
1359 731 77 23 SALE
1449 731 31 28 by
1490 731 38 23 the
1537 730 153 28 undersigned
1699 738 5 13 :—:
1706 741 30 5 —

1346 758 111 27 Blanket*,
1465 759 4 5 '
1506 756 3 4 '

1349 785 76 27 Shoes,

1350 812 72 22 Prints
1431 811 46 22 and
1485 811 98 27 hosiery,

1348 839 52 22 Pots
1410 838 44 22 and
1463 837 88 27 kettles,

1348 866 39 22 An
1393 867 136 19 assortment
1539 863 26 22 of
1578 862 62 27 nails,
1653 862 118 27 including

1376 891 111 27 shingling
1497 891 66 26 nails,

1348 917 144 29 Turpentine.
1522 930 3 4 •
1566 930 4 3 ■
1589 928 3 6 •

1349 945 96 23 Linseed
1456 944 37 28 oil,

1349 973 68 22 Boots
1424 971 46 23 and
1480 971 73 26 shoes,
1584 983 2 4 •
1615 978 3 6 '

1349 1000 22 21 A
1381 998 88 29 general
1479 999 135 21 assortment
1623 997 26 21 of
1655 997 164 26 ironmongery.

1619 1031 118 22 Wallace
1751 1031 21 22 &
1786 1030 40 22 Co.

1256 1085 3 4 .
1296 1061 90 27 Augu5t
1390 1061 36 27 ,22,
1438 1061 63 21 1843.
1515 1053 3 8 '
1635 1082 49 11 .__,

1497 1105 43 21 On
1554 1104 72 25 Sale,

1271 1139 73 49 EX
1379 1139 119 26 Vanguard,
1538 1139 62 25 Tyne,
1630 1136 44 23 and
1711 1136 65 22 other
1809 1135 43 22 late

1348 1167 91 22 arrivals
1440 1176 28 6 —

1259 1215 3 5 .
1271 1216 4 4 .
1297 1198 61 27 Port,
1369 1199 135 26 Tarragona,
1515 1196 46 23 and
1571 1196 92 27 Malaga
1669 1196 68 22 wines
1744 1195 25 22 in
1778 1194 62 23 wood
1846 1211 7 11 ,

1271 1224 77 29 sherry
1367 1225 56 22 wine
1440 1232 25 14 in
1482 1223 77 27 bottle,
1583 1223 45 22 fine
1651 1230 85 20 cognac
1760 1222 93 27 brandy,

1270 1251 110 28 blankets,
1397 1252 76 27 prints,
1491 1250 87 27 shawls,
1595 1249 76 25 scarfs,
1683 1250 28 22 de
1720 1249 80 27 lames,
1811 1249 44 21 and

1262 1289 3 4 ■
1271 1285 14 15 a
1294 1279 87 27 variety
1387 1279 25 21 of
1419 1278 63 22 other
1490 1277 64 28 piece
1564 1276 69 27 goods
1640 1276 46 22 and
1694 1277 60 27 slops
1762 1284 5 19 ;
1778 1275 76 28 spices,

1271 1307 44 20 viz.
1315 1316 28 5 —
1343 1308 110 25 nutmegs,
1464 1305 82 25 cloves,
1562 1304 86 27 ginger,
1660 1303 78 26 cassia,
1749 1303 106 26 pimento;

1272 1339 112 21 carraway
1398 1332 70 26 seeds,
1485 1338 67 20 sago:
1572 1330 66 22 black
1650 1329 48 22 and
1715 1336 69 20 green
1802 1331 53 25 teas,

1249 1354 1 26 i
1273 1359 76 28 coffee,
1365 1366 73 20 sugar,
1455 1358 72 22 China
1544 1364 122 21 preserves,
1685 1357 79 21 lemon
1782 1362 74 21 syrup,

1249 1382 1 26 i
1271 1385 72 28 hams,
1362 1385 87 27 raisins,
1473 1385 79 21 cheese
1560 1392 6 19 ;
1591 1383 72 22 men's
1687 1385 78 24 strong
1785 1383 71 25 boots,

1271 1412 94 28 leather,
1377 1412 43 22 and
1433 1411 106 28 grindery
1546 1418 5 19 ;
1567 1417 29 15 an
1611 1409 89 23 invoice
1720 1409 26 21 of
1762 1409 94 21 assorted

1274 1439 102 28 sadlery;
1400 1446 14 14 a
1430 1438 62 27 large
1515 1437 103 28 quantity
1640 1436 27 22 of
1689 1435 103 22 Colonial
1814 1435 42 23 and

1275 1467 120 21 American
1404 1465 94 26 timber,.
1501 1464 75 27 slates,
1586 1463 92 23 biscuits
1688 1463 46 21 and
1749 1462 107 27 crackers,

1274 1493 93 22 tobacco
1385 1493 24 21 in
1427 1493 69 21 2001b
1513 1491 63 26 kegs,
1595 1489 104 27 feathers,
1717 1489 139 28 turpentine;

1275 1519 67 23 white
1360 1519 81 26 clover,
1457 1517 101 28 timothy,
1579 1517 44 21 and
1640 1524 62 19 grass
1718 1516 70 27 seeds,
1809 1517 47 21 seed

1275 1547 90 26 barley;
1386 1545 82 23 bullets
1486 1544 46 22 and
1550 1543 67 27 flints,
1642 1543 46 21 and
1707 1550 14 14 a
1735 1543 86 27 variety
1839 1543 17 21 of

1275 1573 65 23 other
1348 1573 87 22 articles
1444 1571 73 23 suited
1527 1574 23 18 to
1559 1571 38 21 the
1609 1574 71 18 wants
1691 1570 24 22 of
1721 1569 39 23 the
1768 1569 88 28 Colony.

1553 1604 38 22 W.
1606 1604 26 22 B.
1649 1604 96 22 Rhodes
1760 1604 21 21 &
1795 1603 39 22 Co.

1248 1629 2 36 I
1303 1634 91 27 August
1402 1632 32 26 17,
1445 1633 61 21 1843.
1767 1643 2 4 •

1358 1677 173 22 Dissolution
1547 1677 30 21 of
1595 1676 186 26 Partnership.

1278 1712 145 49 NOTICE
1438 1711 28 22 IS
1488 1710 128 23 HEREBY
1632 1710 109 26 GIVEN,
1760 1709 50 22 that
1823 1709 33 22 the

1360 1738 185 27 Co-Partnership
1554 1737 125 22 heretofore
1689 1736 122 27 subsisting
1824 1736 32 22 be-

1248 1762 2 12 1
1260 1762 4 26 I
1278 1770 73 19 tween
1375 1765 37 22 the
1430 1764 158 27 undersigned,
1611 1764 73 21 under
1704 1763 41 22 the
1769 1763 49 22 firm
1840 1763 16 21 of

1248 1806 2 9 1
1279 1794 89 21 Waters
1387 1792 44 22 and
1451 1791 78 27 Smith,
1546 1792 19 20 is
1582 1791 43 22 this
1644 1791 43 27 day
1703 1789 113 24 dissolved
1834 1790 22 27 by

1279 1820 87 23 mutual
1376 1822 97 19 consent.

1612 1845 99 22 Thomas
1725 1844 110 26 Waters,

1612 1872 77 22 James
1703 1872 85 21 Smith.

1248 1903 2 23 (
1473 1900 35 21 W.
1524 1899 60 28 Hay,

1450 1925 56 29 JM.
1518 1927 66 22 Yule,

1249 1961 48 22 frr
1308 1954 144 26 Wellington,
1464 1954 131 25 Atignafr46}
1602 1954 65 19 -1848-.
1673 1961 5 5 ■
1705 1963 6 3 -

1249 2000 3 15 1
1478 1999 45 19 Ex

1264 2036 4 17 I
1371 2032 78 23 SALE
1462 2032 30 27 by
1504 2032 41 21 the
1557 2030 153 27 undersigned
1710 2041 29 5 —

1283 2053 47 29 \J
1362 2059 82 23 Hunt's
1454 2059 98 27 superior
1563 2058 37 21 old
1609 2061 50 23 port
1668 2057 64 27 wine,
1747 2055 86 23 bottled
1841 2055 15 23 in

1249 2099 7 19 f
1284 2087 93 27 Oporto,

1312 2113 102 27 Hosiery,
1424 2112 55 27 lace,
1490 2111 46 22 and
1545 2111 94 27 netting,

1249 2142 2 11 '
1312 2140 163 25 Earthenware,
1485 2138 51 22 well
1545 2137 107 26 assorted.

1312 2167 122 27 Champion
1444 2166 20 22 &
1475 2166 38 21 Co.
1517 2166 17 21 's
1544 2165 91 27 vinegar
1644 2165 24 21 in
1678 2163 51 22 half
1735 2163 121 28 hogsheads

1249 2187 22 32 'I
1663 2197 90 23 Willis
1767 2198 21 21 &
1802 2197 50 21 Co..

1249 2245 6 5 .
1313 2228 143 27 Wellington,
1468 2227 89 26 August
1567 2227 33 25 14,
1611 2226 61 21 1843.

1249 2267 6 33 I
1285 2274 68 26 'WT
1355 2272 106 23 ANTED
1476 2272 20 22 A
1512 2270 212 27 HOUSE-MAID,
1740 2269 93 28 enquire
1847 2276 9 15 a

1249 2290 6 20 d
1295 2290 48 33 \V
1383 2299 106 23 Barrett's
1499 2298 77 22 HoteL

1315 2328 89 26 August
1411 2327 20 27 7,
1444 2327 60 21 1843.

1525 2371 54 21 For
1593 2370 70 25 Sale,

1287 2403 157 51 WHEAT
1465 2402 66 23 AND
1553 2401 110 27 FLOUR,
1678 2401 38 22 the
1734 2400 98 29 produce
1849 2407 7 15 0

1384 2431 37 21 the
1431 2431 66 26 Hutt,
1506 2430 26 22 in
1546 2429 56 28 bags
1612 2429 103 27 (2001b5,)
1729 2431 23 19 at
1769 2427 34 24 £2
1817 2429 39 20 10a.

1287 2458 52 23 half
1353 2458 54 27 bags
1424 2458 33 21 £1
1478 2458 32 20 ss.
1549 2456 58 27 Bags
1626 2459 23 18 to
1668 2456 28 22 be
1714 2453 114 28 returned,
1847 2461 9 15 0

1249 2483 8 14 ir
1287 2485 99 27 charged
1399 2486 31 20 2s.
1445 2483 36 23 6d.
1510 2483 56 22 Also
1576 2490 14 14 a
1598 2482 65 22 small
1678 2481 103 28 quantity
1790 2481 26 21 of
1821 2488 35 14 seei

1249 2528 7 9 ,
1288 2512 78 29 spring
1374 2511 45 23 and
1428 2511 80 22 winter
1517 2511 74 21 wheat
1598 2510 44 21 and
1652 2509 95 22 skinless
1757 2507 83 28 barley.

1249 2532 9 19 d
1318 2538 75 31 Apply
1402 2541 22 20 to
1441 2538 91 22 Messrs.
1544 2537 95 22 Rhodes
1656 2536 45 22 and
1713 2536 49 26 Co.,
1772 2535 33 21 Te
1821 2535 35 21 Arc

1290 2574 27 15 or
1325 2570 23 19 to
1357 2566 45 23 Mr.
1414 2566 130 25 Swainson,
1560 2563 150 26 Hawkshead,
1722 2563 70 21 River
1808 2561 48 22 Huti

1249 2598 10 34 J|
1317 2598 57 28 July
1382 2598 20 27 4,
1414 2598 61 21 1843.

1292 2644 73 49 ON
1381 2642 83 26 SALE,
1473 2645 23 19 at
1504 2641 39 22 the
1553 2641 73 21 Stores
1636 2640 25 21 of
1669 2639 36 23 the
1716 2638 140 27 undersigned

1370 2678 28 15 ex
1409 2671 70 21 Scotia
1480 2679 28 6 —

1249 2699 10 19 *>
1400 2702 75 26 Flour,

1401 2729 63 26 Rice,

1402 2757 76 27 Sugar,

1402 2784 97 26 Brandy,

1402 2809 89 23 Bottled
1501 2808 35 22 ale
1546 2807 44 22 and
1601 2810 83 24 porter,
1696 2805 101 28 Dunbar,

1537 2840 97 22 Thomas
1650 2839 26 21 M
1682 2853 7 6 .
1699 2838 150 22 Machattie.

1322 2869 65 28 April
1397 2869 19 26 7,
1428 2869 61 21 1843.

1459 2913 91 21 Beach
1567 2913 145 24 Frontage.

1296 2949 68 49 TO
1377 2948 40 22 BE
1430 2947 66 26 LET,
1510 2945 73 23 beach
1591 2945 103 26 frontage
1706 2944 45 22 lots
1762 2943 23 22 in
1795 2944 61 21 sectio

1369 2977 41 20 490
1419 2981 29 15 on
1464 2973 37 22 the
1511 2973 57 21 Plan
1578 2972 27 21 of
1612 2971 37 22 the
1658 2972 69 21 Town
1741 2970 28 21 of
1773 2969 83 27 Wellin{

1294 3006 49 24 ton;
1353 3001 113 28 adjoining
1476 3000 44 22 Mr.
1527 2998 89 23 Taine's
1624 3001 68 23 store;
1707 2996 46 23 and
1762 2996 24 22 in
1796 2996 60 21 sectio

1294 3031 49 26 616,
1350 3029 100 23 between
1457 3027 76 27 Major
1541 3025 90 23 Baker's
1641 3024 46 22 and
1695 3024 44 22 Mr.
1745 3022 111 23 Swainson

1249 3059 15 12 '"
1294 3056 90 23 houses.

1322 3083 57 23 Also
1388 3082 37 22 the
1433 3080 114 27 following
1555 3081 97 20 sections
1661 3085 31 14 on
1701 3078 38 21 the
1746 3078 58 21 Plan
1811 3078 27 20 of
1844 3078 12 21 tl

1294 3109 80 28 Town,
1383 3109 45 23 viz:
1430 3120 28 5 —

1398 3137 26 21 55
1560 3133 42 21 319
1751 3132 42 21 922

1386 3164 41 21 240
1561 3160 42 22 718
1739 3158 54 22 1079

1323 3190 77 29 Apply
1413 3193 23 19 to

1472 3215 27 23 E.
1515 3214 22 22 J.
1551 3214 151 25 Waketield,
1718 3219 26 15 or

1249 3243 10 17 l8
1259 3251 7 13 >
1471 3247 37 22 W.
1522 3247 29 21 V.
1566 3246 108 26 Brewer,
1688 3244 168 23 Manners-stree

1459 3294 43 21 Ex

1299 3328 104 51 NOW
1412 3325 158 28 LANDING,
1584 3323 44 24 and
1637 3322 39 24 on'
1676 3322 52 24 Sale
1738 3325 26 20 at
1772 3321 39 23 the
1820 3322 36 22 Sto:

1381 3356 25 22 of
1412 3355 38 22 the
1462 3351 178 29 undersigned-

1327 3382 108 23 Blankets
1454 3383 33 25 11,
1503 3382 34 25 12,
1551 3379 45 22 and
1612 3380 26 21 13
1657 3380 109 25 quarters,
1785 3383 71 20 iupen

1300 3410 92 28 quality,

1327 3437 75 22 Bottle
1410 3436 71 27 fruits,
1493 3436 108 24 currants,
1611 3439 88 20 raisins,

1328 3464 86 22 Lemon
1423 3470 68 21 syrup
1499 3462 25 22 in
1537 3459 79 28 bottle,
1625 3459 48 28 gin,
1684 3458 46 23 and
1738 3465 15 15 a
1762 3460 87 25 variety

1249 3513 22 5 _,
1302 3490 68 23 other
1374 3489 77 29 goods.

1329 3519 50 24 BST
1401 3518 33 23 M.
1445 3516 30 23 A.
1483 3515 47 23 will
1547 3514 54 28 buy,
1618 3513 34 22 for
1671 3512 61 28 cash,
1751 3513 28 21 10
1794 3514 50 20 tons

1303 3544 71 23 Black
1384 3544 36 23 Oil
1428 3551 28 15 or
1462 3550 71 20 more,
1543 3549 31 14 on
1582 3541 116 22 moderate
1705 3542 78 19 terms.

1249 3573 23 16 **
1545 3575 34 23 M.
1595 3574 103 24 Asher's
1713 3574 70 26 Store,

1249 3596 23 19 180
1663 3601 113 23 Lambton
1786 3600 70 25 Quay.

1330 3633 90 28 August
1429 3631 34 28 17,
1473 3631 63 22 1843.

1249 3658 22 21 »«,
1303 3659 12 14 j
1369 3648 14 13 *
1798 3661 5 5 ■

1526 3681 55 21 For
1595 3680 69 24 Sale,

1321 3717 18 21 A
1365 3716 105 23 HOUSE
1480 3715 37 23 IN
1526 3714 118 27 FRAME,
1654 3711 122 26 consisting
1785 3709 26 22 of
1817 3709 39 22 Stoi

1305 3744 52 21 X_
1384 3743 42 24 five
1440 3749 82 19 rooms,
1536 3741 67 23 made
1616 3741 31 27 by
1664 3739 138 26 Thompson,
1821 3736 35 21 Cor

1304 3770 94 23 mercial
1414 3769 71 27 Road,
1508 3768 151 25 Limehouae;
1683 3764 46 24 will
1751 3764 28 21 be
1803 3764 46 19 sold

1305 3796 100 28 bargain.
1445 3797 87 25 Terms,
1553 3794 53 23 cash
1628 3798 61 23 upon
1712 3792 113 23 delivery;
1851 3792 5 17 i

1250 3819 4 10 :':
1266 3821 3 7 '
1304 3824 87 23 further
1400 3820 136 32 particulars,
1546 3821 68 28 apply
1623 3822 23 20 to
1787 3818 15 27 1-

1316 3856 4 4 •
1323 3856 4 4 ■
1416 3854 5 4 -
1750 3847 22 17 J.
1787 3847 69 17 xtOUT.

1334 3878 88 27 August
1430 3877 34 26 22,
1475 3876 62 22 1843.
1583 3897 3 4 .
1597 3880 9 5 '
1673 3876 3 5 '

1301 3922 79 48 ON
1393 3918 85 28 SALE,
1494 3922 24 19 at
1521 3916 51 25 'this
1583 3916 71 27 office,
1663 3915 72 22 blank
1745 3914 59 22 Bill
1814 3913 42 22 800

1407 3947 94 22 Gazette
1537 3944 72 26 office,
1618 3941 57 24 Dec.
1684 3941 21 22 4.

1934 696 45 20 Ex
2133 695 55 21 and

1883 728 159 50 MESSRS.
2066 727 129 23 SAMUEL
2219 734 46 16 and
2289 726 125 28 JOSEPH,
2437 726 24 21 in

1971 755 117 26 returning
2103 755 82 21 thanks
2193 757 24 19 to
2226 754 39 22 the
2279 754 76 27 public
2364 752 101 23 ibVtheir

1881 781 77 23 liberal
1967 784 120 24 patronage
2103 781 61 21 since
2179 780 53 27 they
2241 780 147 22 commenced

1881 815 57 19 ness,
1948 807 45 28 beg
2000 807 66 23 leave
2082 810 23 18 to
2114 807 83 22 inform
2212 807 63 21 them
2286 806 49 22 that
2345 805 118 29 tbey'have

1880 834 72 23 made'
1957 834 113 22 extensive
2080 834 128 22 alterations
2217 834 24 20 in
2252 832 58 22 their
2315 838 109 22 premises
2437 838 29 15 on

1882 861 111 22 Lambton
2011 861 74 26 Quay,
2105 860 46 22 and
2172 860 58 21 have
2253 858 103 23 received
2373 865 15 15 a
2395 857 70 27 -large

1882 887 104 28 quantity
2000 887 26 21 of
2037 886 71 28 goods
2122 887 30 27 by
2170 886 39 22 the
2227 886 71 21 above
2312 884 90 27 vessels,
2421 883 45 23 and

1883 915 71 26 owing
1962 917 24 19 to
1996 914 39 21 the
2050 912 117 29 depressed
2181 915 56 19 state
2247 912 26 22 of
2280 912 37 22 the
2331 912 72 26 times,
2413 910 53 28 they

1882 941 43 22 will
1934 941 29 21 be
1973 940 48 22 sold
2031 943 24 19 at
2063 940 42 22 low
2115 940 78 28 prices,
2204 945 84 21 among
2302 937 74 24 which
2384 936 46 24 will
2438 937 27 22 be

1882 968 72 22 found
1954 978 28 5 —

1911 1001 105 22 Winter
2030 1001 56 21 and
2099 1000 125 21 Summer
2237 997 141 28 Clothing,

1897 1051 2 3 .
1912 1032 220 23 GENTLEMEN'S
2146 1037 97 16 summer
2256 1030 66 27 cloth,
2333 1028 81 28 tweed*
2421 1028 44 24 and

1884 1059 109 23 moleskin
2001 1059 104 27 shooting
2115 1061 68 24 coats,

1910 1091 58 23 Blue
1977 1091 57 28 pilot
2042 1090 46 23 and
2098 1089 110 29 superfine
2219 1088 60 23 cloth
2284 1088 96 29 jackets,
2390 1106 2 9 ,
2416 1088 7 23 ',

1912 1123 76 27 Single
2004 1122 47 23 and
2070 1121 194 24 double-breasted
2282 1116 66 31 cloth,
2357 1117 110 31 'yalehtia,

1884 1150 85 28 toilnet,
1981 1150 45 22 and
2037 1149 63 22 other
2108 1148 68 28 fancy
2185 1150 68 24 vests,
2413 1171 4 4 .
2447 1168 3 5 .

1913 1183 62 27 Blue,
1986 1181 74 28 black,
2076 1180 62 28 drab,
2149 1180 68 27 duck,
2226 1178 119 28 buckskin,
2350 1178 54 26 .and
2416 1176 56 30 pilot

1886 1210 60 22 cloth
1957 1213 107 23 trowsers,

1913 1241 122 27 Moleskin,
2047 1239 59 28 cord,
2116 1238 45 24 and
2170 1237 72 23 tweed
2253 1240 108 24 trowsers,
2390 1250 5 3 -
2420 1249 5 3 -
2447 1248 4 3 -

1915 1267 153 23 Gentlemen's
2096 1265 76 23 elastic
2204 1265 94 22 woollen
2324 1263 75 23 frocks
2426 1262 45 23 and

1887 1295 136 28 pantaloons,

1916 1322 65 27 Boys'
1992 1321 45 22 and
2046 1319 88 28 youths'
2144 1318 118 27 moleskin,
2272 1317 61 28 cord,
2343 1317 45 26 and,
2397 1322 75 21 super-

1888 1349 45 22 fine
1943 1348 59 22 cloth
2013 1347 62 26 suits,

1916 1375 56 22 Blue
1982 1373 90 26 twilled,
2082 1372 77 27 check,
2166 1374 93 24 regatta,
2266 1371 46 22 and
2322 1370 66 23 white
2398 1370 74 26 shirts,

1917 1401 80 27 Men's,
2006 1401 74 26 boys',
2091 1399 45 22 and
2145 1398 87 28 youths'
2243 1397 60 23 cloth
2312 1404 60 20 caps,

1917 1428 76 22 White
2001 1429 163 24 counterpanes
2174 1425 46 22 and
2232 1424 72 28 quilts,

1918 1455 103 27 Superior
2035 1453 109 27 Whitney
2156 1451 110 27 blankets,
2283 1451 58 26 11-4,
2353 1450 58 27 12-4,
2428 1449 45 22 and

1892 1483 58 26 13-4,
1988 1501 4 2 .

1918 1509 81 26 Men's,
2013 1507 72 28 boys',
2098 1505 44 23 and
2155 1505 89 28 youths'
2258 1507 78 24 strong
2353 1503 65 23 boots
2432 1503 45 21 and

1863 1543 2 10 >
1892 1536 72 26 shoes,
2256 1550 16 8 j
2313 1550 4 4 •
2357 1556 7 7 ,

1919 1561 123 24 LADIES'
2049 1560 50 27 silk,
2108 1562 85 28 tuscan,
2199 1557 47 23 and
2253 1556 125 24 Dunstable
2382 1556 93 22 bonnets

1918 1589 87 22 Ladies'
2021 1588 62 21 dress
2099 1593 59 21 caps,
2172 1585 100 27 ribbons,
2286 1583 46 24 and
2350 1583 85 24 flowers
2447 1583 25 21 in

1892 1619 63 25 great
1963 1615 112 26 varieties,

1921 1643 74 21 White
2005 1641 47 22 and
2062 1639 105 24 coloured
2177 1642 56 24 nett,

1920 1670 61 21 Lace
1990 1669 88 27 edging,
2089 1667 101 28 quilling,
2200 1669 51 19 nett
2259 1665 75 27 blond,

1921 1696 87 23 Ladies'
2017 1695 67 22 white
2094 1694 46 22 and
2149 1693 89 23 colored
2244 1691 134 23 mousseline
2383 1690 93 28 dresses,

1862 1718 2 11 1
1922 1723 125 22 Children's
2056 1721 61 26 plaid
2127 1721 45 22 and
2182 1721 69 21 fancy
2259 1719 62 26 suits,
2336 1738 3 3 .
2349 1736 3 4 .
2386 1738 6 4 ,
2425 1719 3 5 '

1863 1763 3 8 »
1921 1749 97 27 Figured
2026 1749 76 22 velvet
2111 1747 45 23 and
2165 1747 61 28 plaid
2234 1746 76 22 trocks
2319 1744 45 23 and
2379 1744 98 32 pelisses,

1862 1797 2 9 r
1922 1776 89 27 Cheine,
2023 1775 135 22 mousseline
2173 1774 28 22 de
2220 1773 67 26 lame,
2298 1772 102 27 Orleans,
2411 1771 67 26 cloth,

1894 1804 45 23 and
1948 1803 98 22 merinos
2054 1803 30 22 all
2093 1802 71 22 colors
2174 1800 47 23 and
2230 1800 87 27 shades;

1922 1830 86 23 Ladies'
2019 1829 77 22 cloaks
2106 1828 46 22 and
2160 1827 75 23 velvet
2243 1827 89 26 ribbon,
2440 1846 5 4 .
2463 1846 3 3 .

1924 1857 149 22 Fashionable
2084 1855 80 22 shawls
2174 1854 45 22 and
2229 1857 136 23 turn-overs,

1922 1884 74 22 Prints
2004 1883 48 22 and
2061 1883 78 26 colico,

1922 1916 52 22 And
1981 1923 14 15 a
2002 1918 64 25 great
2075 1921 70 21 many
2152 1913 62 23 other
2225 1912 86 23 articles
2320 1914 37 19 too
2362 1917 120 16 numerous

1895 1947 23 19 to
1927 1943 115 22 mention..
2200 1960 7 3 .
2233 1962 4 2 .
2343 1961 89 6 ...

1922 1973 138 28 Wellington
2070 1973 87 26 House,
2167 1971 114 23 Lambton
2291 1971 73 27 Quay,

2030 2005 90 26 August
2128 2005 35 25 22,
2174 2004 63 21 1843.

1863 2064 1 13 I
1922 2057 66 20 Just
2007 2055 117 27 opened,
2140 2054 55 22 and
2209 2053 43 21 for
2273 2053 62 21 Sale
2357 2052 37 25 by
2409 2051 45 21 the

2091 2079 196 28 undersigned,

1900 2114 252 32 /GENTLEMEN'S
2171 2112 145 28 Wellington,
2334 2111 63 28 drab,
2416 2110 66 23 black

1900 2141 55 26 \JT
1979 2143 89 26 button,
2079 2140 45 23 and
2132 2138 187 28 Clarence.boots,

1926 2170 103 26 Blucher,
2041 2168 112 26 Oxonian,
2165 2166 46 23 and
2224 2166 58 27 light
2296 2164 96 28 walking
2408 2163 73 27 shoes,

1925 2196 109 27 Working
2043 2194 72 23 men's
2124 2193 75 24 nailed
2210 2192 51 23 half
2266 2193 72 26 boots,

1927 2224 67 27 Boys'
2003 2223 67 21 shoes
2078 2221 45 23 and
2131 2223 62 20 stout
2200 2219 51 23 half
2256 2220 70 25 boots,

1927 2250 68 22 Girls'
2009 2248 46 23 and
2068 2247 120 23 children's
2205 2246 65 23 shoes
2279 2246 46 23 and
2336 2244 60 23 cloth
2404 2244 78 23 button

1863 2271 7 19 *
1899 2278 72 26 boots,

1929 2302 88 24 Ladies'
2045 2301 61 23 cloth
2133 2301 73 27 boots,
2233 2300 156 22 double-soled
2411 2300 72 24 shoes,

1903 2331 111 26 Morocco,
2024 2329 90 27 lasting,
2123 2328 44 23 and
2178 2327 87 23 French
2275 2329 75 25 carpet
2358 2326 98 27 slippers,

1928 2358 48 22 The
1995 2358 71 20 above
2082 2355 89 22 articles
2185 2361 38 16 are
2241 2354 27 22 of
2283 2361 14 15 a
2314 2360 56 24 very
2387 2357 98 23 superior

1866 2399 9 7 .
1903 2384 141 28 description.

1863 2406 10 14 II
1930 2411 37 22 An
1976 2412 133 20 assortment
2119 2409 24 22 of
2150 2408 132 28 Stationery,
2294 2410 120 22 conirating
2423 2406 63 25 of,:—

1864 2443 7 10 '
1929 2439 61 26 Post,
1999 2437 62 22 bank
2069 2436 46 22 and
2122 2436 99 27 foolscap
2229 2442 76 25 paper,

1863 2461 10 36 £
1930 2465 80 27 Demy,
2021 2464 105 27 blotting,
2136 2463 44 22 and
2192 2462 102 28 imperial
2303 2468 49 21 cap,

1931 2490 172 24 Memorandum
2113 2490 76 26 books,
2200 2488 113 28 assorted,'

1933 2518 91 27 Oblong
2032 2517 92 28 clasped
2131 2516 75 28 pencil
2214 2515 76 27 books,

1863 2542 9 28 ['
1931 2545 91 22 Collins'
2032 2544 116 26 indelible,
2158 2542 108 27 assorted,

1863 2565 10 17 L
1931 2572 105 22 Account
2044 2570 77 28 books,
2131 2570 59 22 from
2200 2577 43 14 one
2253 2568 64 28 quire
2325 2567 110 29 upward*,

1932 2598 94 27 Wafers,
2037 2598 87 26 sealing
2132 2603 57 19 wax,
2200 2596 46 22 and
2254 2595 42 22 ink
2303 2595 108 27 powders,
2442 2615 4 6 ,

1863 2638 2 21 t
1931 2625 91 23 Artist's
2030 2624 93 29 pencils,
2129 2623 60 28 good
2197 2622 94 27 writing,
2298 2622 46 22 and
2353 2620 134 29 carpenter's

1867 2655 7 10 '
1905 2653 68 27 leads,

1933 2679 60 23 Steel
2001 2685 57 22 pens
2067 2677 46 23 and
2121 2684 43 22 pen
2175 2676 97 27 holders,

1934 2708 25 20 11
1971 2706 49 22 doz.
2031 2704 92 23 Smith's
2132 2711 57 21 copy
2198 2703 62 32 slips,

1935 2732 99 23 Gillott's
2042 2731 78 23 school
2128 2738 62 21 pens,
2201 2730 74 27 quills,

1934 2759 134 28 Envelopes,
2078 2758 101 22 national
2188 2754 77 25 school
2273 2756 73 28 slates,

1934 2787 82 26 Coffee,
2026 2789 44 23 tea,
2081 2785 45 22 and
2133 2784 87 23 refined
2229 2790 72 21 sugar,

1935 2814 74 22 Prime
2019 2813 59 21 Cork
2086 2812 75 22 butter
2169 2811 24 22 in
2202 2810 84 27 firkins,
2298 2817 24 15 or
2331 2810 31 28 by
2372 2809 37 22 the
2420 2809 71 22 down

1910 2840 92 29 pounds,

1935 2869 28 21 40
1975 2866 85 23 barrels
2068 2864 110 30 superfine
2187 2864 121 23 American
2320 2864 64 27 flour.,

1863 2893 11 4 ~
1936 2894 123 22 American
2068 2892 111 28 chopping
2188 2899 60 20 axes,
2258 2892 49 21 iron
2317 2894 38 19 tea
2362 2890 87 28 kettles,

1936 2923 14 19 5
1964 2924 49 20 cwt.
2034 2919 124 23 Rodwat's
2176 2922 80 25 patent
2277 2918 66 22 horse
2367 2916 63 23 shoes
2447 2914 46 26 and

1862 2949 2 14 •
1863 2949 16 14 n
1910 2948 63 27 aails,

1863 2976 17 20 ?-
1938 2975 74 22 Hall's
2021 2974 61 26 glass
2090 2972 143 29 gunpowder,
2241 2971 89 29 powder
2338 2970 74 28 flasks,

1863 3003 16 14 >n
1939 3002 66 27 Ivory
2026 3001 100 22 handled
2153 3006 81 20 razors,
2260 2998 130 29 Cowpvan's
2409 2997 85 23 Canton

1863 3023 6 8 '
1871 3031 10 14 8
1912 3036 62 16 razor
1984 3029 137 26 sharpeners,

1939 3055 119 27 Crockery,
2072 3053 116 27 including
2207 3052 89 28 dinner,
2312 3052 120 26 breakfast,
2448 3052 46 20 and

1863 3084 18 15 ie
1913 3086 37 20 tea
1960 3082 103 27 services,

1940 3109 55 23 Fine
2004 3111 38 21 cut
2051 3107 107 23 tumblers
2167 3106 47 22 and
2222 3106 57 22 wine
2288 3105 90 27 glasses,

1940 3135 94 28 Pickles,
2044 3135 94 26 vinegar
2151 3133 25 23 in
2190 3133 66 28 pints,
2265 3132 75 22 lemon
2353 3132 73 26 juice,:
2431 3130 63 24 Salad

1913 3164 37 27 oil,
1960 3170 84 21 capers,
2056 3169 83 18 sauces,
2148 3160 106 27 mustard,
2265 3158 62 29 pearl
2338 3158 83 28 barley,
2433 3163 59 21 Mgo,

1914 3189 102 28 oatmeal,
2028 3189 45 23 and
2083 3189 93 28 tapioca,

1941 3217 68 23 Fresh
2020 3216 87 22 salmon
2117 3215 44 22 and
2171 3221 64 20 soups
2244 3213 24 22 in
2278 3212 111 26 canisteri,

1863 3245 19 19 it.
1942 3243 111 24 Hockins'
2063 3245 77 26 patent
2149 3241 86 22 seidlitz
2244 3240 24 23 in
2279 3238 107 29 powders,

1942 3271 57 23 Soda
2008 3269 48 23 and
2063 3268 80 28 ginger
2150 3268 55 22 beer
2214 3266 105 27 powders,

1941 3296 169 29 Ratspberryade
2121 3294 45 23 and
2174 3293 147 23 Cheltenham
2331 3293 61 25 salts,

1863 3329 21 16 re
1943 3324 80 23 Steer's
2042 3321 124 29 opodildoc,
2181 3319 97 23 James's
2295 3318 97 28 powder,
2403 3317 94 29 Dalby's

1916 3350 145 25 carminitive,
2347 3372 6 5 .
2441 3349 5 21 i
2477 3367 3 3 .

1863 3383 22 15 or
1942 3378 80 22 Brown
2031 3375 112 26 Windsor,
2153 3374 75 26 fancy,
2238 3372 44 22 and
2291 3372 92 27 shaving
2393 3377 70 23 aoapt,
2472 3390 3 4 ,t,
2477 3397 6 6 t

1942 3405 96 21 Essence
2054 3402 26 23 of
2089 3402 87 27 ginger,
2190 3399 87 28 brandy
2289 3399 87 27 bitters,
2391 3401 107 20 aromatic

1916 3431 97 27 vinegar,
2024 3427 164 25 inexhaustible
2199 3426 60 27 salts,

1863 3457 25 22 of
1943 3458 136 22 Permanent
2085 3454 49 27 ink,
2145 3453 103 27 scouring
2258 3453 72 28 drops,
2339 3452 98 28 pastileg,

1944 3484 48 22 Salt
2000 3483 26 21 of
2031 3483 92 25 lemons,
2135 3483 63 19 court
2206 3480 98 28 plaister,

1863 3510 26 22 of
1944 3509 119 25 Lavender
2071 3510 69 20 water
2149 3507 49 22 Eau
2207 3507 28 22 de
2245 3506 106 29 Cologne,

1943 3538 68 22 Bears
2019 3542 85 21 grease,
2116 3534 50 23 cold
2175 3541 83 20 cream,
2268 3541 111 15 macassar
2388 3532 37 28 oil,
2436 3530 62 24 tooth

1916 3563 93 30 powder,
2021 3563 50 26 &c,

1943 3589 87 24 Ladies'
2045 3588 90 22 tortoise
2150 3587 57 23 shell
2223 3588 47 22 side
2286 3587 85 28 ebmbs,
2390 3586 106 26 dreising,

1917 3617 44 23 and
1970 3615 65 23 small
2043 3615 63 22 tooth
2118 3615 84 22 combs.
2386 3620 6 5 '
2415 3624 5 4 -

1863 3661 20 3 _
1943 3643 64 26 Hair,
2037 3641 70 28 tooth,
2137 3642 53 27 nail,
2219 3641 101 28 shaving,
2345 3640 45 22 and
2415 3637 83 24 clothes

1916 3669 98 27 brushes,

1863 3715 15 14 fe
1944 3696 79 27 Slates,
2034 3695 57 23 slate
2098 3695 88 28 cistern,
2195 3695 99 27 hearths,
2305 3694 104 25 chimney
2418 3697 80 23 pieces,

1878 3723 7 11 '
1945 3723 80 23 Hones
2035 3723 44 22 and
2087 3723 105 26 chiirmey
2200 3726 58 25 pots,
2344 3745 30 5 ..
2387 3744 7 7 »
2435 3743 21 12 ■„

1874 3768 13 14 q
1945 3749 54 24 And
2013 3756 121 16 numerous
2150 3749 64 23 other
2228 3748 92 26 articles,
2331 3745 74 23 which
2413 3745 44 22 will
2470 3745 30 20 be

1863 3787 1 6 «
1863 3795 26 14 or
1918 3776 47 24 sold
1974 3783 54 22 very
2038 3777 50 28 low,
2099 3777 35 22 for
2144 3774 53 25 cash
2207 3775 59 28 only,
2277 3775 29 27 by

2141 3808 22 22 J.
2178 3808 160 23 BODDINOTON,

2010 3843 113 23 Lambton
2134 3843 72 26 Quay,
2215 3847 53 15 near
2278 3838 37 22 the
2324 3836 141 28 Post-Office^
2476 3843 25 16 or

1863 3898 22 4 _
2142 3876 76 21 James
2231 3866 127 32 Jackson?-
2371 3890 7 10 .
2388 3886 5 7 .
2404 3889 19 5 »

1863 3920 26 15 K3
2275 3897 113 29 Larablbn
2404 3902 70 28 Quay.

1903 3935 6 28 I
1948 3937 59 23 June
2018 3938 21 25 2,
2051 3936 61 22 1843.
2127 3937 5 3 '
