3500 4580
2924 535 72 110 The
3020 535 143 110 Oxford
3187 535 215 110 Observer.

2924 645 253 110 PUBLISHED
3205 645 197 110 WEEKLY.

2934 755 166 21 SATURDAY
3132 755 93 21 APRIL
3245 758 26 19 20
3278 764 45 18 th,
3345 759 55 20 1895

2935 891 91 30 Were
3040 892 27 29 it
3088 895 56 26 not
3159 892 53 30 the
3240 892 66 32 fact
3333 894 34 30 of

2892 941 95 31 many
2998 932 205 41 unemployed
3219 932 31 32 m
3265 945 56 19 our
3332 934 96 31 midst

2893 972 92 41 being
3017 974 178 31 considered
3223 986 18 19 a
3290 977 138 30 national

2893 1015 153 40 calamity,
3063 1014 27 31 it
3106 1015 102 30 would
3233 1018 154 39 engender
3409 1029 19 18 a

2893 1055 112 40 degree
3013 1056 33 29 of
3054 1056 95 30 mirth
3163 1060 33 27 to
3206 1058 75 29 hear
3289 1069 39 19 on
3334 1070 95 29 every,

2893 1096 85 30 hand
2991 1096 44 30 all
3048 1101 78 26 sorts
3142 1098 32 29 of
3197 1108 103 22 causes
3314 1100 51 30 for
3393 1111 34 20 so

2893 1138 66 29 dire
2971 1147 18 20 a
3003 1138 191 30 misfortune.

2934 1178 65 31 The
3008 1178 125 40 general
3155 1183 164 36 expressed
3339 1183 86 39 opin-

2892 1220 62 35 ion,
2969 1219 34 30 m
3014 1221 53 30 the
3079 1221 94 30 ranks
3188 1221 34 37 pf
3234 1222 54 30 the
3300 1223 125 31 Conser-

2892 1262 129 34 vatives,
3046 1262 26 29 is
3095 1266 33 25 to
3143 1291 3 4 ,
3156 1263 52 38 lay
3223 1264 82 30 chief
3328 1265 99 31 blame

2891 1312 85 28 upon
2990 1302 54 30 the
3068 1302 124 32 Liberal
3219 1305 208 31 Government

2891 1342 50 29 for
2955 1343 129 39 causing
3097 1344 53 30 the
3164 1345 84 30 chief
3262 1347 120 38 portion
3394 1347 34 31 of

2892 1383 52 30 the
2958 1383 59 36 ills,
3032 1385 97 29 under
3143 1385 100 31 which
3259 1386 76 32 New
3351 1388 75 30 Zea-

2891 1424 74 29 land
2991 1425 27 29 is
3047 1427 33 27 at
3111 1431 123 34 present
3266 1428 159 40 suffering.

2893 1463 83 30 Such
2995 1466 223 30 unreasonable
3245 1471 181 28 statements

2891 1515 72 28 may
2977 1506 38 28 be
3029 1506 94 30 taken
3132 1507 50 29 for
3196 1509 83 30 what
3288 1509 75 39 they
3374 1520 52 20 are

2893 1545 107 31 worth.
3052 1546 110 40 Surely
3189 1559 47 19 we
3264 1549 80 30 have
3372 1555 55 26 not

2892 1586 143 30 forsaken
3050 1586 54 31 the
3114 1587 88 31 three
3218 1589 56 29 U's
3285 1591 62 28 and
3357 1593 68 28 sub-

2891 1626 128 30 stituted
3047 1628 55 30 the
3124 1628 86 31 three
3245 1630 51 30 P's
3325 1632 99 29 which

2891 1677 71 28 may
2977 1667 38 29 be
3024 1668 130 35 defined,
3171 1668 193 42 Plundering
3372 1672 54 29 the

2890 1708 118 38 people,
3037 1708 193 42 Plundering
3256 1710 53 31 the
3336 1712 88 30 land-

2891 1747 131 36 holders;
3042 1750 61 29 and
3116 1749 27 31 if
3159 1751 187 39 prohibition
3361 1764 65 19 was

2889 1789 120 31 carried
3009 1807 41 6 —
3051 1790 192 42 Plundering
3256 1793 53 30 the
3324 1795 100 38 publi-

2889 1839 81 21 cans.
3015 1830 58 36 No,
3102 1832 67 29 One
3183 1835 70 28 true
3270 1844 99 27 cause,
3391 1844 34 20 so

2888 1870 121 39 vividly
3024 1872 161 30 described
3201 1872 40 40 by
3262 1873 161 32 President

2889 1910 164 32 Cleveland
3063 1912 33 31 m
3105 1913 49 30 his
3159 1923 137 30 message
3304 1919 33 26 to
3348 1914 75 33 Con-

2888 1962 96 29 gress,
3015 1963 33 20 as
3082 1953 49 30 far
3166 1954 79 30 back
3279 1966 35 19 as
3343 1957 80 30 1888

2889 1992 102 31 where
3007 1993 37 30 he
3063 1994 77 30 calls
3154 1995 153 30 attention
3321 1999 35 26 to
3369 1997 55 30 the

2889 2035 226 30 accumulation
3132 2035 36 31 of
3180 2039 70 28 vast
3263 2037 114 31 wealth
3390 2038 35 30 m

2888 2075 54 30 the
2956 2075 99 30 bauds
3066 2077 33 29 of
3115 2078 223 39 unscrupulous
3353 2089 70 19 men
3444 2092 18 18 v

2888 2126 34 19 as
2938 2124 57 21 one
3009 2117 35 29 of
3060 2117 52 29 the
3126 2122 136 30 greatest
3289 2119 134 38 dangers

2888 2159 33 27 to
2936 2166 62 31 any
3016 2161 139 38 country.
3201 2157 98 33 There
3328 2160 24 30 is
3372 2159 51 31 the

2889 2198 78 30 bane
2978 2199 33 29 of
3025 2209 59 21 our
3098 2210 69 20 own
3189 2201 157 30 economic
3357 2211 66 23 sys-

2888 2242 73 27 tem.
3003 2239 96 31 What
3129 2242 91 30 blood
3251 2243 27 29 is
3306 2246 33 26 to
3374 2244 50 28 the

2889 2281 140 40 physical
3043 2281 95 40 body,
3154 2283 114 39 capital
3277 2284 26 30 is
3318 2288 31 26 to
3373 2284 51 30 the

2888 2322 165 31 industrial
3064 2324 220 38 organisation,
3298 2324 60 31 and
3370 2326 53 29 ob-

2889 2373 97 26 serve,
3001 2364 69 30 that
3079 2375 19 19 a
3112 2365 79 39 good
3206 2366 66 30 free
3296 2366 127 30 circula-

2888 2404 66 29 tion
2969 2404 26 30 is
3015 2414 86 20 more
3114 2406 170 38 important
3312 2410 32 26 to
3373 2408 51 28 the

2888 2444 116 31 former
3018 2444 75 31 than
3110 2456 19 20 a
3142 2446 85 40 large
3239 2447 146 41 quantity
3393 2448 33 30 of

2888 2485 102 31 blood.
3033 2486 32 29 It
3073 2486 27 30 is
3115 2488 53 28 the
3183 2498 83 19 same
3280 2488 77 30 with
3371 2489 54 30 the

2889 2526 103 35 latter,
3002 2528 63 28 and
3075 2538 40 19 no
3125 2528 102 30 better
3234 2529 188 30 illustration

2889 2566 90 31 could
2995 2568 37 29 be
3042 2567 94 31 found
3150 2568 78 31 than
3238 2569 53 31 the
3299 2573 126 36 present

2889 2611 80 28 state
2984 2609 34 30 of
3031 2609 116 40 things.
3190 2610 58 31 We
3263 2610 87 38 have,
3365 2622 59 20 un-

2890 2649 177 40 doubtedly,
3099 2662 20 19 a
3142 2661 86 21 more
3252 2653 171 37 socialistic,

2889 2690 62 30 and
2986 2692 194 39 progressive
3222 2698 204 35 government

2889 2731 75 30 than
2995 2732 72 32 has.
3074 2743 72 21 ever
3178 2735 157 37 governed
3363 2736 62 29 this

2890 2772 128 41 Colony.
3062 2774 66 31 The
3156 2779 81 27 most
3254 2775 169 40 important

2888 2813 131 33 reforms
3042 2814 315 35 have^'^fc^JlQJns^
3365 2827 15 19 »
3384 2817 43 28 nd

2891 2848 58 34 Soe
2964 2853 33 28 of
3011 2855 53 27 the
3085 2855 146 36 greatest,
3246 2852 26 29 if
3290 2855 55 27 not

2891 2895 145 37 greatest,
3051 2893 95 29 abuse
3160 2893 34 30 of
3207 2893 41 30 all
3263 2893 27 30 is
3317 2893 65 30 still
3395 2894 32 29 m

2891 2933 165 35 existence;
3086 2933 54 30 the
3168 2936 83 28 most
3279 2934 149 30 insidious

2891 2973 139 31 instance
3046 2974 33 30 of
3088 2973 55 31 the
3155 2973 179 42 hereditary
3350 2976 79 39 prin-

2892 3014 85 42 ciple'
2985 3015 66 31 still
3072 3015 129 41 lingers;
3216 3016 61 30 and
3305 3016 70 31 that
3403 3017 26 31 is

2893 3057 178 38 hereditory
3086 3060 158 36 property.

2936 3096 59 30 Let
3010 3107 36 20 us
3060 3096 50 31 for
3128 3108 59 20 one
3212 3100 134 28 moment
3374 3093 54 33 in-

2893 3138 99 38 quire,
3032 3138 75 39 why
3120 3147 53 21 are
3187 3138 52 30 the
3254 3142 88 33 great
3367 3138 62 30 Re-

2892 3178 122 40 publics
3028 3179 34 30 of
3072 3178 119 32 France
3201 3179 61 30 and
3272 3180 54 30 the
3340 3178 89 31 Unit-

2893 3219 156 31 ediStates
3065 3220 76 30 such
3149 3220 199 38 imelancholy
3376 3231 52 19 ex-

2894 3260 117 38 amples
3026 3261 39 29 of.
3070 3261 43 29 all
3133 3261 70 30 that
3217 3272 19 19 a
3246 3261 101 30 sound
3371 3260 57 31 Ee-

2894 3300 103 40 public
3008 3302 99 38 ought
3122 3307 54 23 not
3186 3305 33 26 to
3235 3302 194 39 be;?^Simply

2895 3342 130 29 because
3039 3341 55 30 the
3108 3341 150 31 founders
3287 3342 34 29 of
3345 3342 92 36 them,

2889 3394 2 24 i
2895 3380 124 39 di^npt
3034 3391 50 20 see
3091 3404 5 14 f
3098 3382 70 31 that
3182 3392 25 19 w
3213 3383 66 32 h§n,
3286 3383 74 39 they
3381 3393 48 18 re-;

2889 3423 152 40 ipijdiated
3056 3423 53 30 the
3126 3422 176 42 heredijary
3318 3422 111 42 princi-

2894 3464 51 36 ple
2964 3465 33 29 m
3021 3464 175 41 legislation
3214 3465 77 39 they
3319 3464 111 31 should

2895 3505 64 30 also
2978 3505 84 41 haye^
3077 3506 179 39 repudiated
3272 3507 28 29 it
3316 3507 31 29 m
3360 3516 69 31 pro-

2895 3549 92 36 perty
2996 3547 34 29 of
3042 3556 96 29 every
3152 3547 198 38 description,
3366 3548 64 30 real

2888 3586 68 29 land
3000 3585 154 40 personal.
3201 3586 123 39 Failing
3366 3588 63 29 this

2888 3631 3 26 !
2895 3627 73 38 they
2978 3626 117 41 merely
3105 3623 137 42 changed
3257 3627 81 29 their
3346 3636 81 21 ruas-

2888 3671 71 27 jters
2973 3665 62 31 and
3152 3676 19 20 a
3174 3665 4 12 1
3185 3673 80 33 ver/
3279 3666 63 34 bad
3357 3664 72 38 faai'r

2888 3705 126 43 .^aifl'iri
3018 3709 5 12 1
3028 3701 211 47 •substituting
3262 3718 40 20 an
3316 3709 113 29 aristo-

2895 3759 93 30 cracy
3009 3749 35 30 of
3062 3748 111 31 wealth
3194 3749 52 31 for
3259 3761 41 18 an
3314 3750 116 30 aristo-

2896 3799 92 21 cracy
3010 3790 34 30 of
3070 3789 96 31 birth.
3219 3790 65 30 The
3308 3791 121 29 French
3449 3806 16 7 -

2896 3830 153 39 Republic
3063 3840 98 23 seems
3185 3835 33 27 to
3243 3832 39 30 be
3309 3831 122 40 honey-

2895 3870 107 31 corned
3022 3883 5 2 -
3368 3871 62 30 and

2894 3915 112 26 abuses
3013 3910 35 31 of
3056 3910 43 31 all
3114 3911 92 33 kinds
3216 3923 51 20 are
3276 3914 151 38 rampant.

2893 3950 33 31 It
2934 3961 73 30 may
3015 3951 38 31 be
3063 3951 98 40 urged
3170 3952 68 32 that
3246 3953 55 31 the
3309 3952 119 32 French

2893 3992 153 41 although
3079 3992 153 43 probably
3266 3994 60 30 the-
3348 3997 81 27 most

2893 4033 102 40 gifted
3009 4042 72 24 race
3094 4034 72 30 that
3184 4034 55 32 the
3262 4035 97 31 world
3372 4036 57 30 has

2893 4084 74 21 ever
2989 4084 83 27 seen,
3114 4085 54 22 are
3192 4076 237 44 conspicuously

3054 4110 173 50 as.regarp
3236 4117 58 40 thf
3300 4117 129 43 gc|rern-

2888 4160 104 28 inentN
3001 4157 43 31 of
3065 4168 82 27 men,
3178 4150 119 47 iiirhich|
3315 4160 35 37 it
3378 4159 52 34 the

2893 4200 110 38 strong
3029 4198 88 40 point
3152 4192 124 51 of^Jhe
3312 4199 118 43 Anglo-
3450 4217 10 11 ■*

2895 4237 114 33 Saxon.
3053 4238 90 33 Turn
3155 4242 161 40 we.^then,
3329 4245 35 28 to
3378 4242 53 32 the

2891 4275 101 53 porth
3006 4273 165 52 American
3193 4282 163 42 Republic,
3370 4285 62 30 and

3004 4320 41 32 do
3081 4315 161 40 w^nndf
3269 4325 83 31 That
3378 4327 53 30 the

2893 4361 96 32 social
3002 4362 176 34 conditions
3187 4375 53 22 are
3254 4367 114 41 simply
3376 4376 52 31 ap-

2892 4402 132 41 palling;
3030 4409 7 5 '
3041 4398 99 38 Wiat
3146 4406 81 32 Hfitfi
3239 4407 56 32 the
3309 4409 120 31 bounds

2889 4443 65 32 -less
2966 4445 144 42 rapacity
3114 4447 41 30 ;bf
3162 4447 41 32 its
3218 4444 209 45 millionaires;

2892 4482 62 33 the;
2978 4488 141 39 tyranny
3154 4489 35 31 of
3220 4491 42 29 its
3294 4491 137 39 gigantic

1165 60 167 31 OX-FORD
1371 60 228 30 OBSERVER
1644 60 240 32 SATURDAY,
1948 60 127 28 APRIL
2140 61 49 31 20,
2235 60 78 29 1895

2996 204 134 24 DEVINE
3151 204 147 24 SERVICE

2962 254 32 24 U.
3017 254 34 24 M.
3075 254 30 24 F.
3130 254 97 24 Church
3253 254 101 25 Oxford.

2895 336 70 25 West
2978 336 94 25 Oxford
3084 338 30 25 1.1
3125 344 58 16 a.m.
3193 336 58 24 Rev.
3264 336 31 24 G.
3308 337 123 24 Hounseli

2896 379 69 24 West
2973 379 93 24 Oxford
3074 380 13 22 6
3097 380 38 23 30.
3145 387 53 23 p.m
3221 379 41 23 Mr
3273 378 29 25 L.
3316 379 113 26 Watson.

2444 200 316 33 PARISH'S

2617 310 172 45 BOYS'

2335 270 186 541 f
2570 488 260 46 YOUTHS'

2600 585 64 34 Ml
2688 585 109 35 Wool

2530 668 177 24 COLONIAL
2731 668 128 24 TWEED

2575 740 216 33 SUITS

2363 825 129 32 From
2515 826 90 39 12/6
2626 835 72 30 per
2720 825 94 38 suit.

2450 881 80 34 (three
2547 882 146 34 garments.)

2326 926 92 26 Cannot
2430 927 26 25 le
2462 927 79 31 purch
2557 928 42 24 sed
2609 932 25 20 at
2650 927 171 25 Christchurch
2833 936 27 16 or

2439 970 122 25 elsewhere
2573 975 26 20 at
2605 971 37 24 the
2652 972 74 30 price.

2354 1059 143 49 LAGE
2548 1061 285 48 CURTAINS

2326 1202 93 47 lUU
2449 1220 23 29 i
2528 1211 110 31 I-iatecfe
2662 1211 135 42 Designs

2419 1257 82 30 from
2526 1256 54 40 2/6
2606 1267 56 29 per
2676 1258 77 40 pair.

2422 1362 354 43 WlitlN£T*Y.

2326 1447 119 31 Ladies'
2468 1448 88 31 Eock
2570 1449 103 30 Straw
2687 1451 132 29 Boaters

2365 1522 18 12 „
2469 1500 106 40 Fancy
2598 1500 94 31 Sailoi

2323 1549 94 40 Boys'
2432 1551 63 29 and
2509 1550 101 31 Maids
2626 1550 143 33 Galateas

2323 1642 100 30 Black
2438 1642 121 32 French
2576 1644 182 31 Cashmeres

2322 1692 100 32 Black
2437 1694 28 28 &
2478 1693 64 31 Col.
2561 1694 124 31 French
2704 1694 155 32 Meriiioes

2339 1777 238 25 MANCHESTER
2594 1777 247 25 DEPARTMENT.

2323 1824 115 37 Prints,
2460 1825 113 31 checks
2588 1825 61 30 and
2671 1824 115 41 stripes
2812 1850 5 4 .

2323 1872 97 31 Table
2443 1873 159 37 Damasks,
2626 1872 191 32 unbleached
2817 1888 38 7 —

2404 1924 114 40 special
2539 1925 93 30 value
2647 1923 83 32 from
2746 1923 45 41 1/-

2323 1980 115 29 Brown
2458 1979 139 30 Holland
2612 1990 77 29 very
2704 1978 99 40 cheap
2817 1978 40 41 4^

2325 2030 189 32 Flannelette
2529 2030 60 32 and
2605 2030 151 40 Shirting,
2777 2030 81 40 good

2404 2082 90 31 value
2514 2083 80 29 from
2615 2083 52 29 4d.

2323 2132 94 32 Floor
2437 2132 91 32 Cloth
2549 2133 82 41 good
2652 2136 34 27 at
2707 2133 51 30 9d.

2321 2185 91 31 Wide
2433 2186 112 30 Forfar
2566 2189 33 27 at
2622 2185 49 31 6d.

2354 2283 252 27 FLANNELETTS
2620 2286 19 24 &
2652 2284 188 30 3ALATEAS,

2321 2350 31 24 In
2375 2351 124 31 quantity
2521 2352 51 24 and
2591 2352 117 31 qualities
2726 2360 73 17 never
2816 2354 43 30 yet

2321 2388 87 32 placed
2419 2388 82 25 before
2513 2390 92 24 Oxford
2617 2389 97 31 buyers.
2725 2390 68 25 Such
2804 2392 54 28 pat-

2323 2428 75 28 terns,
2412 2426 60 25 such
2484 2427 105 29 colours,
2603 2427 61 25 such
2676 2430 118 26 textures,
2804 2428 55 24 that

2322 2472 48 18 one
2380 2465 125 30 naturally
2517 2465 58 25 asks
2587 2466 54 24 how
2653 2465 59 33 they
2724 2474 42 17 are
2786 2466 73 25 made

2321 2503 40 25 for
2382 2503 43 25 the
2446 2505 75 30 price.
2564 2505 44 32 My
2632 2505 116 32 Glasgow
2770 2505 89 32 buyers

2321 2542 114 30 pounced
2452 2550 67 23 upon
2538 2550 16 16 a
2575 2543 53 25 line
2649 2543 67 25 fresh
2735 2543 65 25 from
2815 2543 44 25 the

2321 2579 88 31 looms,
2420 2580 73 24 made
2505 2580 121 25 excellent
2637 2582 77 24 terms
2733 2580 62 26 with
2814 2582 45 24 the

2321 2617 96 29 maker,
2425 2617 103 33 shipped
2539 2620 26 24 at
2577 2627 61 17 once
2650 2621 26 23 to
2684 2627 49 22 me,
2742 2619 51 25 and
2799 2618 60 27 here

2322 2658 60 31 they
2392 2666 51 22 are,
2455 2665 67 18 some
2534 2660 49 23 100
2592 2659 91 31 pieces,
2690 2659 50 24 and
2746 2659 14 24 I
2771 2660 87 24 intend

2323 2700 26 23 to
2359 2697 74 26 make
2444 2706 16 17 a
2470 2698 71 26 noise
2560 2698 78 26 about
2659 2699 71 25 them
2739 2707 7 23 ;
2759 2707 32 17 no
2810 2706 49 18 one

2323 2737 49 25 else
2383 2737 48 26 has
2442 2738 178 32 the*patterns;
2632 2746 34 18 no
2688 2747 48 17 one
2758 2740 52 24 else
2832 2740 27 24 m

2323 2775 44 25 the
2378 2777 71 24 trade
2458 2784 46 17 can
2518 2777 61 25 offer
2595 2777 63 25 such
2669 2778 79 24 value.

2351 2814 256 26 FLANNELETTE
2623 2817 29 23 2s
2669 2816 191 31 lliOozenyds

2323 2861 29 18 or
2361 2861 49 24 any
2420 2851 88 35 length
2518 2856 44 23 cut
2573 2857 27 23 at
2619 2855 33 25 3d
2669 2864 46 24 per
2733 2855 69 31 yard.
2837 2855 22 24 A

2323 2890 112 33 splendid
2451 2899 77 24 range
2544 2891 29 27 of
2585 2891 121 33 pattern's..

2545 2958 70 21 NEW

2323 3005 252 47 WINTER

2566 3084 296 47 DRAPERY

2393 3161 57 49 ft.
2490 3163 58 47 H.
2579 3161 217 50 PARISH

2455 3240 101 50 E*st
2586 3239 165 49 Oxford

2455 3315 135 22 INTENDS
2604 3316 39 20 TO
2658 3316 74 21 SELL

2325 3352 177 30 seasonable
2511 3354 97 38 goods
2617 3354 139 39 atprices
2765 3354 99 30 below

2325 3396 69 31 that
2459 3397 320 42 anj/_G^steliwh'
2789 3399 71 32 firtt
2858 3422 6 16 ;
2867 3419 2 1 -

2370 3472 167 35 ALL
2573 3473 248 36 WOOL
2873 3467 2 61 |

2325 3526 197 50 Colonial
2562 3528 178 48 FlaMsl
2789 3528 74 50 81

2326 3605 133 39 cheaper
2472 3606 77 30 than
2565 3616 57 20 can
2643 3606 38 30 be
2692 3606 172 40 purchased

2326 3655 33 27 at
2387 3653 125 31 auction
2540 3664 36 19 or
2606 3653 83 30 from
2708 3654 157 31 'itinerant

2533 3704 137 40 drapers:

2464 3765 128 22 DOUBLE
2612 3766 113 22 WIDTH

2340 3812 195 44 DRESS
2590 3809 258 50 TWEEDS

2505 3890 79 40 (liafl
2598 3890 96 40 price)

2325 3939 141 32 reduced.
2470 3937 80 31 from
2561 3936 51 47 12|-
2621 3941 32 27 to
2669 3937 46 40 1/-
2726 3948 48 32 pr.
2784 3938 79 41 yard

2347 4012 4 7 '
2380 4005 184 42 Homespun
2579 4004 40 32 6i
2631 4005 102 31 worth
2748 4006 60 41 10J

2337 4057 102 31 better
2462 4056 92 42 yplue
2579 4057 76 30 than
2679 4057 170 42 travelling

2317 4116 15 24 7
2336 4120 4 1 '
2353 4134 14 14 $
2376 4142 4 4 .
2400 4111 126 40 drapers
2540 4102 66 53 |riil
2620 4110 72 41 give
2706 4121 70 30 you.
2819 4109 16 37 i
2860 4139 4 3 .

2323 4188 245 48 KAIAPOI
2610 4189 252 51 TWKEBS.

2323 4271 122 80 PBJIiL
2460 4271 143 50 RANGp
2614 4273 36 30 of
2656 4263 195 58 thia^eas^n
2852 4276 7 14 1
2864 4268 9 43 1

2401 4306 146 42 J?&jsvtnß
2565 4303 34 39 fi>
2609 4330 6 4 •
2626 4303 107 43 handf
2845 4316 27 19 •-*

2471 4465 92 28 EAST
2581 4466 149 32 OSF^ST).

1823 207 248 37 HEALTH
2111 209 130 37 TEA-

1790 308 53 25 The
1854 308 223 25 undermentioned
2089 310 65 24 firms
2161 310 64 24 have
2236 310 62 24 been

1762 340 132 31 appointed
1918 343 87 29 agents
2029 341 37 24 for
2084 341 51 24 this
2158 341 140 25 celebrated

1764 374 76 23 brand
1850 373 26 24 cf
1888 373 50 24 Tea
1950 373 81 24 which
2044 373 46 25 has
2101 375 51 23 met
2164 374 58 24 with
2235 374 63 25 such

1762 413 16 15 a
1788 405 168 30 phenomenal
1969 406 51 23 sale
2039 407 25 22 m
2089 407 40 22 the
2152 407 145 24 Australian

1764 436 114 25 Colonies
1891 437 48 24 and
1952 437 123 25 wherever
2083 439 19 23 it
2115 438 46 24 has
2174 438 61 25 been
2258 439 38 24 in-

1762 470 113 23 troduced
1894 470 27 23 m
1939 470 60 23 New
2012 470 117 24 Zealand.

1795 507 146 25 HEALTH
1954 509 70 23 TEA
2037 509 21 24 is
2075 512 46 22 not
2132 518 15 16 a
2159 510 137 25 medicated

1763 541 48 23 Tra
1822 540 46 24 but
1879 540 21 24 is
1909 540 105 24 blended
2036 542 63 24 from
2124 544 43 22 the
2190 543 106 25 choicest

1762 573 49 23 and
1839 575 85 28 purest
1950 574 106 30 growths
2084 575 27 24 of
2133 576 94 30 Ceylon
2246 576 49 24 ard

1762 605 91 23 Indinn
1865 605 62 24 Teas
1945 606 31 31 by
1988 609 97 28 experts
2103 607 28 25 of
2141 608 42 24 the
2195 608 101 31 highest

1761 637 79 25 order.

1794 679 53 25 One
1860 682 89 28 special
1956 682 95 25 leature
2063 682 76 25 about

1760 712 51 24 Tea
1823 713 19 23 is
1856 714 40 23 tiie
1907 721 97 22 process
2017 715 80 23 w'ich
2115 715 20 24 it
2157 715 138 32 undergoes

1761 744 80 25 which
1854 745 101 24 renders
1966 746 20 24 it
1998 747 53 24 free
2064 747 62 24 from
2139 747 44 24 the
2206 749 88 23 tannin

1760 784 27 18 so
1796 778 128 31 prevalent
1934 780 27 23 m
1973 780 113 30 ordinary
2099 780 71 28 Teas,
2184 780 82 25 whilst
2274 780 21 26 it

1760 811 100 24 renders
1872 812 43 23 the
1927 813 91 23 release
2030 813 26 24 of
2068 815 42 22 the
2135 815 78 22 better
2225 815 68 29 qual-

1759 842 57 24 ities
1828 843 27 23 of
1864 843 43 24 the
1919 844 51 23 Tea
1983 852 66 16 more
2067 853 65 22 easy.

1793 881 146 25 HEALTH
1962 883 68 24 TEA
2048 884 21 24 is
2086 885 149 30 unequalled
2256 884 39 25 for

1760 914 124 31 strength,
1898 914 123 26 beautiful
2041 924 87 17 aroma
2141 917 50 24 and
2213 917 81 32 lovely

1759 945 104 26 flavour.

1791 984 93 29 Prices,
1897 985 43 32 2/G
1950 986 50 23 and
2009 987 37 31 2/-
2089 987 28 24 Ib
2128 987 28 24 m
2167 990 18 28 £
2193 989 50 24 and
2253 988 42 25 lib

1757 1016 101 31 packets
1867 1018 49 23 and
1934 1020 14 23 5
1961 1019 50 24 and
2024 1020 32 24 10
2063 1019 27 25 H)
2101 1020 61 24 tins.

1891 1050 86 31 Agent
1988 1051 37 25 for
2038 1052 101 25 Oxford.

1857 1083 51 24 MR
1920 1083 30 25 F.
1963 1084 31 25 A.
2003 1084 208 26 WATERMAN.

1747 1125 2 20 :
1758 1120 81 31 Agent
1850 1121 39 24 for
1902 1121 71 25 Cust.
1993 1122 41 25 Mr
2046 1123 32 24 E.
2093 1123 40 25 W.
2148 1123 143 26 COOPER.

1756 1272 314 80 BURRELL
2096 1276 195 96 BROS.,

1871 1372 317 45 Photographers

1757 1422 190 39 VICTORIA
1969 1424 150 48 STUDIO,
2143 1425 60 39 CH.
2230 1426 60 38 CH.

1838 1474 70 24 Take
1926 1475 41 23 the
1984 1474 57 25 lead
2058 1483 61 17 once
2136 1483 70 17 more

1756 1516 67 38 Our
1831 1517 250 51 Photographs
2088 1519 206 51 alltherage

1748 1578 115 79 Mot
1870 1584 41 15 our
1919 1579 53 20 veil
1978 1580 80 20 known
2068 1579 82 27 highly
2166 1582 56 30 |A
2246 1580 43 20 /A

1823 1605 99 21 finished
1941 1606 222 21 namelledCabinets
2170 1601 13 26 1
2191 1601 13 26 1
2210 1601 13 26 1
2236 1601 54 31 /1%

1982 1634 34 19 for
2166 1622 76 40 ill/
2259 1625 32 35 U
2298 1639 3 11 !

1756 1696 17 38 1
1784 1695 105 39 dozen
1909 1696 206 40 Enamelled
2131 1698 162 39 Cabinets

1754 1747 98 39 with
1863 1747 283 40 onelsxl2Matt
2155 1749 138 40 surface

1755 1798 300 50 Enlargement
2070 1799 225 51 Beautifully

1861 1843 149 40 Framed
2031 1844 53 40 for
2105 1845 63 40 £1.

1755 1890 62 26 This
1828 1891 22 25 is
1861 1898 34 18 no
1906 1892 82 27 sham,
2000 1892 46 26 but
2058 1900 15 17 a
2084 1893 51 25 real
2146 1893 47 32 gift
2204 1893 38 26 for
2250 1894 44 26 the

1754 1929 100 32 coming
1871 1929 124 33 holidays.
2037 1931 47 25 All
2103 1932 68 26 work
2186 1932 64 26 done
2261 1933 33 32 by

1754 1967 160 32 experienced
1935 1968 91 24 hands.
2078 1969 150 25 Remember
2248 1978 45 17 our

1771 2005 156 30 Concession,
1938 2007 31 24 18
1981 2007 27 24 to
2019 2006 42 26 the
2069 2006 79 26 dozen
2159 2006 40 27 for
2208 2008 67 33 10/6.

1754 2048 60 26 This
1833 2048 44 27 the
1894 2050 60 32 only
1969 2050 61 26 time
2044 2051 27 25 m
2090 2051 43 26 the
2153 2052 104 33 History
2268 2052 28 26 of

1754 2088 179 33 Photography
1945 2090 57 25 that
2019 2091 62 25 such
2098 2099 16 17 a
2136 2092 92 24 chance
2246 2092 48 25 has

1754 2134 57 17 ever
1830 2126 61 26 bsen
1910 2127 107 33 brought
2037 2128 82 26 before
2138 2130 44 25 the
2201 2130 91 32 public,

1753 2167 51 25 and
1814 2175 59 26 may
1884 2176 75 18 never
1974 2177 75 17 occur
2071 2171 83 32 again.
2175 2171 39 25 Sit
2225 2172 68 32 early

1754 2208 186 33 appointments
1952 2209 90 26 should
2054 2210 30 26 be
2095 2210 73 26 made
2186 2211 23 25 if
2225 2219 68 25 poss-

1753 2246 57 25 ible.
1834 2246 201 27 REMEMBER
2056 2248 70 25 OUR
2140 2249 63 25 BIG
2216 2250 77 26 CON-

1755 2285 148 27 CESSION
1915 2286 68 27 FOR
1999 2288 15 23 2
2026 2288 145 26 MONTHS
2191 2289 101 26 ONLY.

1753 2358 100 26 Letters
1864 2358 32 33 by
1907 2361 57 29 post
1975 2361 149 32 punctually
2135 2362 120 25 attended
2266 2364 27 24 to

1767 2417 227 28 PICTURE
2042 2419 237 29 FRAMING
2300 2418 2 40 |

1904 2453 25 20 m
1938 2453 33 20 all
1980 2453 32 21 its
2021 2453 120 22 branches.

1754 2483 166 25 BURRELL
1936 2485 108 28 BROS.,
2065 2485 210 33 Photographers,

1882 2523 110 25 Victoria
2004 2526 84 27 street,
2101 2525 191 26 Christchurch.

1754 2567 112 31 opposite
1887 2565 34 26 He
1931 2566 130 28 Salvation
2073 2568 77 33 Army
2162 2568 130 27 Barracks.

1787 2710 261 58 Boarding
2086 2713 178 45 House

1997 2784 49 17 ANC

1756 2818 322 32 REFBESHMENT
2140 2822 152 31 ROOMS.

1757 2878 67 58 MR
1851 2879 139 27 ESKETT
2012 2881 61 33 begs
2093 2883 26 25 to
2141 2883 92 25 inform
2255 2883 39 25 his

1825 2912 93 25 friends
1929 2913 57 26 that
2003 2914 34 26 he
2058 2914 46 25 has
2132 2916 96 31 opened
2249 2916 45 25 the

1755 2952 118 30 premises
1883 2952 116 33 formerly
2008 2953 91 25 known
2108 2961 29 18 as
2146 2954 43 25 the
2201 2954 93 26 Oxford

1756 2988 78 26 Hotel
1844 2997 28 17 as
1881 2998 16 16 a
1908 2989 128 35 Boarding
2046 2991 88 26 House
2145 2992 51 25 and
2206 2993 49 25 will
2264 2992 31 26 be

1755 3027 56 25 able
1821 3029 28 24 to
1860 3029 89 31 supply
1960 3029 128 26 travellers
2108 3031 50 24 and
2168 3031 125 31 pleasure-

1757 3066 97 26 saekers
1866 3067 61 27 with
1939 3068 178 27 refreshments
2129 3071 26 24 at
2168 3070 34 25 all
2215 3070 78 26 hours

1816 3181 47 47 C.
1906 3183 330 56 CLEAVER,

1953 3265 144 23 CARRIER

1771 3316 130 42 OXFORD
1930 3317 44 38 TO
2005 3316 274 44 CHRI&TCHURCH.

1903 3462 247 46 FOUND.

1757 3595 278 79 iLinsolnshire
2047 3598 88 36 Ram,
2147 3598 150 31 Marks—

1820 3636 227 32 Swallow-fork
2081 3639 62 29 and
2187 3638 109 31 Punch

1756 3675 71 32 hole
1844 3687 76 21 near
1933 3676 67 32 Ear
2026 3678 26 31 if
2080 3682 56 28 nofc
2165 3679 131 31 claimed

1759 3716 108 32 within
1903 3718 21 30 4
1951 3718 78 40 days
2064 3720 62 30 and
2152 3720 144 40 damages

1757 3757 184 40 amounting
1956 3761 31 27 to
2001 3758 68 40 30/-
2080 3760 84 44 paid,
2179 3761 65 29 will
2256 3761 40 30 be

1757 3797 77 30 sold.
1919 3798 109 40 Apply

1955 3839 96 29 Office
2065 3840 34 29 of
2110 3840 65 30 this
2188 3850 105 25 paper.

1847 3983 136 47 FOB
2037 3986 171 45 SALE.

1795 4086 29 31 A
1856 4087 167 32 CORNET
2037 4091 43 39 by
2094 4099 18 21 a
2127 4090 69 32 first
2215 4092 80 31 class

1755 4141 131 37 Maker.-;
1957 4146 120 43 Apply,
2126 4144 36 35 \r
2180 4146 3 4 '

1964 4211 97 33 Office
2069 4212 34 31 of
2110 4214 65 30 this
2183 4214 111 40 Papen
2300 4212 2 35 i

1791 4353 20 19 *
1844 4361 6 6 -
1893 4299 255 87 TOSS-
2177 4367 5 8 ■
2195 4325 6 4 '

1755 4393 133 59 FOUNP
1905 4395 22 24 A
1945 4395 95 28 WHIP
2074 4398 47 25 fclrt'
2126 4405 101 20 -owner
2246 4404 48 22 eatt

1807 4427 65 27 have
1887 4428 44 26 the
1948 4435 69 19 same
2032 4430 34 31 by
2082 4431 127 33 applying*
2217 4433 35 25 to-
2260 4444 5 4 -

1999 4465 77 27 Office
2093 4468 28 24 of
2136 4468 52 26 this
2204 4469 89 33 Paper;

1245 199 23 18 A.
1284 197 115 26 FU.ther'].
1604 196 34 26 {_F.
1653 197 78 19 Fuller.

1191 281 2 2 .
1211 242 203 39 FLESHEE
1437 242 69 39 and
1529 242 187 38 PULLER.

1375 298 180 24 SOLICITOUS,

1237 339 12 18 9
1261 336 122 21 Cathedral
1394 336 92 25 Square,
1502 336 191 20 Christcqurch.

1199 372 114 26 (Between
1323 369 110 21 Morten's
1442 369 117 26 buildings
1570 369 17 20 &
1598 370 55 20 Post
1660 369 73 21 Office.

1238 406 187 53 Money
1454 406 52 41 to
1545 405 140 43 Lend

1197 472 34 19 On
1241 470 32 21 all
1281 470 57 19 kind
1348 470 23 19 of
1381 470 112 25 Security,
1501 470 25 19 at
1546 469 55 21 Low
1615 470 78 20 Ratbs
1711 468 24 21 of

1223 514 106 20 Interest.
1360 513 88 25 Special
1461 513 77 20 Terms
1550 512 34 21 for
1593 514 110 19 Farmers.

1327 653 269 49 NOTICE.

1194 729 86 57 Jbeg
1299 731 25 22 to
1341 729 92 24 inform
1462 729 43 24 the
1527 728 155 24 inhabitants
1706 726 27 24 of

1234 762 93 25 Oxford
1339 761 49 25 and
1398 762 42 24 the
1449 761 84 31 public
1541 759 124 33 generally
1675 759 55 24 that

1193 800 14 23 I
1219 800 62 23 have
1301 799 73 24 taken
1387 807 58 16 over
1463 799 43 24 the
1518 798 114 24 business
1655 797 76 31 lately

1194 839 94 23 carried
1300 846 32 16 on
1343 839 32 30 by
1384 838 137 25 MESSRS
1540 836 190 25 GRIFFITHS

1193 877 96 25 BROS.
1303 877 103 24 General
1416 876 110 25 Carders
1549 876 50 24 and
1615 876 65 23 trust
1699 874 31 31 by

1193 914 123 24 attention
1326 917 25 22 to
1364 914 113 25 business
1489 916 26 22 to
1527 915 73 23 merit
1621 921 13 15 a
1658 912 71 24 share

1193 954 27 24 of
1226 954 83 31 public
1321 956 111 29 support.

1226 1002 108 24 Covered
1346 1002 72 24 Vans
1430 1002 50 24 will
1491 1009 47 16 run
1560 1001 65 24 from
1637 1000 92 25 Oxford

1194 1047 25 22 to
1230 1044 128 32 Rangiora
1381 1044 49 26 and
1453 1043 180 26 Christchurch
1657 1050 72 24 every

1193 1091 153 30 MONDAY,
1360 1089 229 30 WEDNESDAY,
1599 1088 129 26 FRIDAY

1385 1129 148 30 Returning.

1192 1168 162 27 TUESDAY
1411 1167 189 25 THURSDAY
1656 1166 71 25 AND

1352 1206 208 26 SATURDAY'S

1225 1250 134 26 Furniture
1370 1250 49 25 and
1432 1250 83 25 Goods
1538 1250 28 24 of
1585 1257 74 24 every
1679 1249 48 25 dis-

1192 1288 111 31 cription,
1317 1288 90 31 packed
1419 1288 50 24 and
1481 1288 115 24 removed
1607 1289 27 23 at
1646 1286 81 26 short-

1192 1330 36 22 est
1238 1328 91 24 notice.

1225 1373 140 25 ORDERS
1385 1373 128 25 entrusted
1526 1374 25 23 to
1563 1373 42 24 Mr
1616 1372 31 25 L.
1660 1371 66 26 Grif-

1190 1413 47 24 fith
1250 1413 98 30 Oxford,
1367 1414 51 22 who
1430 1412 50 25 will
1498 1415 40 21 act
1550 1420 28 16 as
1589 1419 43 24 my
1644 1413 81 30 agent,

1190 1460 28 17 or
1230 1454 25 23 to
1267 1452 27 25 C.
1306 1452 30 24 A.
1350 1452 74 31 Tyler
1431 1452 134 31 Rangiora,
1575 1451 49 25 will
1633 1451 94 24 receive

1190 1492 100 29 prompt
1310 1490 132 25 attention.

1376 1530 27 24 C.
1423 1530 30 24 A.
1472 1529 119 25 TYLER

1573 1562 151 31 Proprietor.

1244 1681 195 42 MUSICAL
1480 1681 180 42 TUITION

1188 1751 140 38 PIANO,
1355 1751 157 36 VIOLIN,
1537 1749 188 37 SINGING,

1230 1792 148 31 ORGAN
1442 1791 85 30 ETC.
1590 1791 94 30 ETC.

1292 1839 64 30 MB,
1392 1838 31 31 S.
1454 1836 182 33 MAYSON.

1192 1879 121 41 (holder
1337 1880 33 30 of
1385 1879 184 30 Certificate.
1599 1876 123 42 Trinity

1313 1920 123 39 College
1458 1919 141 40 London)

1221 1960 103 31 Having
1341 1959 75 26 takem
1433 1968 34 23 up
1500 1960 40 25 his
1555 1959 127 25 residence
1698 1958 28 24 m

1188 1992 91 25 Oxford
1294 1993 23 24 is
1334 1992 117 33 prepared
1479 1994 26 23 to
1522 1992 94 25 receive
1642 1991 84 33 pupils

1187 2025 38 25 for
1234 2033 49 24 any
1295 2026 27 25 of
1345 2025 43 26 the
1416 2025 77 26 above
1504 2025 92 26 named
1606 2024 119 33 subjects.

1223 2059 42 24 All
1287 2059 212 25 communication
1533 2058 133 25 addressed
1699 2059 27 24 to

1187 2092 139 25 Methodist
1367 2092 143 31 Parsonage
1548 2091 51 25 will
1632 2099 94 17 receive

1186 2126 98 32 prompt
1296 2125 132 24 attention.
1462 2125 120 24 Distance
1590 2131 35 17 no
1635 2123 89 32 object.

1189 2168 189 45 Pianos
1400 2168 101 44 and
1526 2166 198 58 Organs

1318 2234 79 25 tuned
1414 2234 50 25 and
1480 2234 122 31 repaired.

1221 2359 37 25 To
1270 2359 41 25 the
1327 2358 162 26 Inhabitants
1509 2359 29 24 of
1554 2358 95 26 Oxford
1676 2359 50 25 and

1188 2401 62 26 Cust
1261 2401 51 25 and
1323 2401 170 32 surrounding
1507 2401 118 25 districts.

1421 2445 71 26 THE

1187 2491 244 79 HEALTH
1489 2488 234 79 SUPPLY

1357 2583 208 33 COMPANY.

1449 2643 31 17 OF

1191 2686 59 30 245
1273 2685 169 32 CASHBL
1466 2685 60 31 ST.
1557 2685 101 31 CH—
1659 2683 67 33 CH.

1222 2741 55 31 Beg
1287 2742 26 24 to
1324 2742 82 31 notify
1414 2741 57 24 that
1482 2741 60 32 they
1550 2741 65 26 have
1626 2741 101 32 appoin-

1191 2779 42 23 ted
1245 2779 53 24 Mrs
1307 2779 186 24 NEWNHAM
1515 2786 29 17 as
1554 2779 67 24 their
1636 2779 90 31 Ag-nt,

1189 2817 50 24 and
1250 2817 64 25 from
1326 2817 45 24 her
1392 2824 59 25 may
1478 2817 32 25 he
1537 2817 124 30 obtained,
1691 2817 37 24 Dr

1191 2855 237 26 SCHUSSLER'S
1470 2858 100 23 famous
1605 2856 122 25 BIOCH-

1190 2895 87 25 EMIC
1310 2895 195 26 REMEDIES
1530 2896 51 24 and
1607 2896 119 25 INFLU-

1189 2934 95 26 ENZA
1316 2934 173 26 POWDERS
1540 2935 45 25 Dr.
1609 2933 118 28 CROSS-

1190 2972 114 26 LANDS
1313 2972 136 26 wonderful
1456 2971 129 33 vegetable
1593 2972 134 26 Headache

1190 3012 119 32 powders;
1326 3012 120 29 Enemas,
1470 3012 127 33 Syringes,
1627 3012 100 33 Sprays,

1189 3052 50 24 and
1249 3051 33 25 all
1294 3051 125 25 Chemists
1432 3052 121 28 sundries,
1566 3059 28 17 as
1616 3052 56 25 well
1700 3060 28 18 as

1192 3090 216 26 STATIONARY
1419 3092 44 23 &c.

1223 3128 53 26 Mrs
1288 3128 144 30 Newnham,
1451 3128 67 25 Next
1546 3130 27 24 to
1595 3128 42 27 the
1665 3128 63 27 Free

1190 3166 137 26 Methodist
1334 3166 101 25 Church

1317 3205 101 27 WEST
1453 3206 152 25 OXFORD.

1221 3347 196 55 George
1437 3347 271 44 Gardener.

1324 3416 155 27 CARRIER
1518 3417 76 26 ETC.

1272 3460 105 32 EAST
1456 3460 180 33 OXFORD.

1318 3554 120 39 FOR
1456 3555 160 38 SALE

1190 3610 185 27 OATSHEAF
1393 3610 124 31 CHAFF,
1548 3612 32 24 T.
1594 3611 32 25 F.
1642 3612 86 26 OATS

1384 3706 44 25 TO
1461 3706 79 26 LET.

1192 3748 22 26 A
1223 3755 85 25 young
1318 3748 115 32 pedigree
1442 3749 135 25 Berkshire
1592 3750 64 24 Boar
1666 3750 61 24 from

1373 3786 76 31 prize-
1467 3786 80 24 stock.-
1552 3793 3 9 1
1624 3793 3 7 '

1334 3920 85 44 TO
1442 3920 141 44 LET.

1188 4002 47 25 rrto
1262 4002 36 25 let
1326 4009 47 17 one
1400 4010 54 17 acre
1482 4002 28 25 of
1534 4002 72 25 Land
1626 4002 101 26 Church

1193 4028 24 31 1
1238 4034 91 36 S|reet,;
1334 4045 2 17 ;
1361 4035 9 32 (
1379 4034 117 37 Fenced,)
1550 4059 3 4 .
1577 4059 2 5 :
1590 4057 3 3 .

1469 4077 31 26 A.
1520 4077 140 30 STUB3S.
1717 4083 17 24 j

1249 4124 13 21 ,■,
1300 4135 11 11 .;
1520 4117 65 27 East
1591 4116 102 27 Oxford.

1327 4245 117 33 Copies
1466 4255 40 22 of
1526 4254 63 23 the
1666 4258 21 26 ;:

1241 4305 79 24 UAJ?
1328 4305 88 23 U-KJJ
1448 4305 140 23 UrSoJiiil
1593 4305 16 22 V

1315 4359 33 19 an
1371 4351 31 26 be
1425 4351 118 27 obtained
1615 4366 118 4 ■-■

1183 4390 2 28 j
1206 4389 158 27 ARGILL'S
1375 4395 88 21 corner
1474 4389 39 27 rof
1527 4388 138 28 CASHEL
1677 4390 51 26 and

1257 4426 385 30 -^GOIiOMBa'STREEfrS*
1675 4439 15 8 -
1715 4443 21 4 --

1364 4469 186 26 Christchurch.

774 211 259 45 NOTICE.
1063 264 2 2 .

635 289 136 38 DIOCESE
812 290 38 36 OF
893 289 273 40 CHRI3TCHURCH-

682 383 195 26 PAROCHIAL
895 384 161 25 DISTRICT
1073 384 44 24 OF

831 420 148 26 OXFORD.

666 506 172 25 ELECTION
858 505 43 24 OF
914 505 218 26 SYNODSMEN.

635 551 20 22 T
673 548 166 25 BERNARD
852 547 195 29 VOLCKMAN,
1060 548 95 25 Return
1159 562 7 4 -

633 581 21 26 X
672 583 43 30 ing
727 581 87 25 Officer
825 582 27 23 of
868 580 41 25 the
922 582 74 22 aliove
1007 581 105 28 district,
1136 581 31 24 do

633 615 91 31 hereby
769 614 101 31 appoint
899 613 182 25 SATURDAY
1124 613 42 24 the

633 646 204 32 twenty-seventh
849 647 47 30 clay
908 646 26 24 of
947 646 101 23 APRIL
1059 647 71 27 1895,
1141 648 25 21 at

633 682 15 21 i
660 679 94 25 o'clock
765 687 23 22 p.
791 688 33 19 in,
845 682 25 21 at
882 687 42 22 my
947 678 135 25 Residence
1103 679 63 23 East

633 712 98 28 Oxford,
744 719 27 16 ixs
784 712 42 23 the
850 714 59 21 time
922 710 79 25 before
1013 709 90 28 which,
1116 710 49 23 and

633 745 42 24 the
686 745 69 30 place
768 744 87 27 where,
878 742 239 26 NOMINATIONS
1139 742 26 24 m

632 777 95 31 writing
746 784 42 17 are
817 778 25 23 to
855 776 29 24 be
896 776 129 25 delivered.

763 818 31 24 B.
808 816 197 30 VOLCKMAN,

896 856 141 30 Returning
1051 856 96 24 Officer.

736 991 311 46 WANTED.

631 1065 171 59 WANTED
811 1073 15 16 a
838 1065 85 32 steady
948 1072 61 18 man
1038 1065 39 24 for
1098 1066 66 23 farm

702 1098 74 25 work.

807 1142 73 31 apply
897 1143 34 27 to,

891 1179 33 24 G.
936 1178 29 25 T.
981 1178 115 26 JONES.

941 1216 70 26 West
1026 1216 103 26 Oxford.

764 1358 262 46 NOTICE.

624 1433 103 57 BOYS
739 1432 26 25 m
777 1432 89 29 future,
887 1432 77 25 foond
991 1432 28 24 m
1031 1432 132 24 River-bad

680 1466 98 25 Section
787 1464 130 32 belonging
925 1469 23 19 to
960 1472 48 21 me,
1021 1464 141 32 destroying

624 1499 52 24 flax
687 1498 51 25 will
750 1499 29 23 be
807 1497 155 31 prosecuted.

626 1554 40 56 A
691 1552 64 32 good
766 1551 112 31 Leading
892 1551 58 31 Dog
968 1551 39 25 for
1028 1551 64 26 Sale.

798 1584 73 33 apply
895 1585 34 27 to,

828 1627 216 24 G.T.JONES.

906 1669 73 26 West
992 1670 100 25 Oxford,

757 1846 266 47 NOTICE.

621 1959 82 25 riIHE
715 1959 94 25 VIEW
829 1959 86 25 HILL
927 1959 59 25 DIP
995 1959 50 25 will
1056 1959 30 25 be
1095 1966 64 23 open

626 1983 23 35 1
670 1992 38 25 for
720 1991 110 33 Dipping
842 1991 82 32 Sheep
933 1992 63 25 until
1004 1992 73 24 MAY
1087 1991 70 25 30th.

623 2027 26 23 at
661 2032 47 18 one
717 2032 83 25 penny
819 2032 45 25 per
872 2024 71 26 head.

821 2064 204 26 W.DOGDER.

972 2104 120 31 Manager

766 2223 258 45 NOTICE.

624 2296 200 79 PERSONS
854 2295 118 40 willing
1006 2299 32 27 to
1070 2296 90 30 fence

684 2337 118 30 around
816 2346 112 29 graves
941 2347 73 29 may
1036 2336 81 30 have
1141 2347 19 19 a

614 2376 2 32 I
623 2379 124 37 portion
757 2377 35 29 of
802 2377 52 29 the
866 2376 119 30 Oxford
998 2375 162 40 Cemetery

614 2424 2 35 j
624 2422 70 26 rent
711 2417 75 31 free.
842 2416 193 41 Application
1066 2420 31 26 to
1124 2416 36 31 be

624 2463 70 25 sent
702 2463 32 25 to
751 2459 51 29 the
813 2457 165 31 Chairman
990 2468 39 19 on
1045 2469 35 18 or
1107 2459 52 29 be-

624 2500 68 29 fore
710 2497 90 31 MAY
821 2499 59 29 Ist.

723 2647 135 44 FOR
883 2646 182 45 SALE.

728 2819 110 31 EAST
859 2818 187 32 OXFORD.

664 2866 67 31 Has
745 2877 41 20 on
802 2866 85 31 hand
904 2877 16 20 a
945 2868 143 38 splendid
1115 2868 47 29 lot

623 2914 34 31 of
670 2913 145 31 BACON
830 2914 64 30 and
908 2914 113 30 LARD
1032 2915 52 29 for
1098 2915 64 30 sale

623 2963 82 30 from
720 2972 18 20 a
753 2962 106 39 pound
875 2965 33 26 to
923 2972 19 19 a
955 2965 64 26 ton.

720 3008 106 31 Bacon
841 3008 70 39 pigs
927 3008 129 39 bought.

800 3148 175 45 LOST.

624 3222 129 26 •TIHREE
788 3222 100 28 KEYS,
922 3221 94 25 Finder
1045 3221 51 25 will
1132 3221 30 24 be

630 3247 21 33 I
688 3255 203 25 REWARDED
910 3254 32 33 by
964 3254 132 31 returning
1119 3254 43 25 the

793 3302 70 18 game
880 3297 26 22 to
924 3294 50 24 this
987 3293 84 25 Office.

623 3423 125 47 J.T.
776 3423 204 52 Brown,
999 3422 42 44 &
1061 3422 97 44 Son

677 3490 112 23 TIMBER
798 3490 19 20 k
826 3489 74 21 COAL
913 3488 185 21 MERCHANTS.

798 3525 167 24 IMPOBTEJRS

624 3567 35 26 Of
688 3565 146 28 TIMBER
859 3565 55 26 and
943 3565 50 26 All
1022 3565 89 26 Kinds
1135 3563 29 28 of

677 3611 189 27 BUILDING
890 3610 223 27 MATERIALS.

814 3657 153 27 CORNER

624 3699 166 26 COLOMBO
830 3699 19 24 &
878 3697 100 26 TUAM
1006 3696 157 26 STREETS

782 3742 196 25 Cbbktohuboh

614 3783 2 32 I
823 3774 100 24 ■■■■-■

624 3884 224 27 PREVENTION
865 3885 34 25 IS
915 3884 140 26 BETTER
1066 3884 95 26 THAN

856 3924 105 25 CURE.

624 3996 94 27 VTOW
737 3996 54 25 that
802 3995 43 26 the
856 3995 133 25 Influenza
1000 3995 128 32 Epidemic
1139 3996 22 24 is

624 4020 32 35 II
697 4029 77 28 about
792 4029 43 25 the
852 4028 184 32 neighbouring
1052 4028 110 26 districts

624 4071 33 16 no
668 4062 74 25 home
753 4061 96 30 should^
853 4061 31 24 be
894 4060 106 26 without
1010 4059 47 27 the
1073 4061 87 31 Platy-

624 4103 47 24 pus
675 4094 88 25 Brand
772 4093 26 25 of
809 4089 155 36 Eucalyptus
974 4091 123 27 Globulus
1108 4094 52 24 Ex-

624 4129 65 24 tract
699 4128 28 24 to
737 4126 30 25 be
778 4126 77 25 taken
865 4127 3 7 '
873 4134 68 24 upon
957 4133 82 24 tugar,
1058 4134 28 17 or
1108 4125 28 26 m
1146 4135 15 15 a

624 4159 65 26 little
697 4153 74 33 niillT.
779 4175 4 3 •
803 4157 62 26 The
875 4160 67 23 most
953 4158 150 25 convenient
1111 4158 51 25 and

624 4189 112 34 pleasant
746 4198 55 24 way
812 4193 26 22 to
850 4191 57 24 take
921 4190 164 31 Eucalyptus^
1096 4190 23 25 is
1130 4190 39 28 iii>

625 4224 44 25 the
679 4223 121 33 Platypus
812 4222 86 25 Brand
907 4222 27 25 of
942 4221 156 33 Eucalyptus
1114 4223 47 25 Ju-

621 4256 83 32 jubes,
713 4255 59 31 they
780 4262 43 18 are
833 4256 28 24 m
870 4256 62 24 such
939 4262 16 18 a
961 4254 126 32 palatable
1094 4256 66 24 form

623 4289 114 31 pleasant
751 4301 15 9 *.
778 4289 27 24 to
847 4288 71 27 taste,
951 4286 138 32 antiseptic.
1098 4310 3 2 .
1111 4288 51 31 and,

620 4317 144 29 stimulant.
813 4318 116 33 Sprinkle
947 4325 63 27 your
1010 4318 5 7 ;
1037 4319 123 26 handker-

624 4351 68 29 chief
699 4351 51 29 and
760 4358 84 20 rooms
854 4351 62 27 with
927 4351 44 26 the
982 4348 43 29 oil.
1061 4348 31 14 {J
1106 4349 4 23 !

624 4393 28 26 BE
661 4392 60 26 SURE
726 4391 45 25 YOU
778 4392 118 26 PURCHASE
900 4391 50 25 THE
953 4390 119 27 fUTYPUS
1080 4391 80 30 BRAND.

615 4419 119 39 '■'&-'*s&.
745 4418 191 40 ParisM|ent
943 4424 40 25 for
993 4423 102 27 Oxford.
1108 4439 2 2 ■

614 4476 2 26 |
624 4470 75 26 Office
705 4468 41 31 No
755 4468 15 25 9
783 4467 173 33 Cathedralsq.
970 4466 189 28 Curistchurch.

71 284 41 54 A
130 282 91 24 FREE
242 281 120 26 SOCIAL
380 281 49 23 will
449 280 29 23 bo
501 279 56 24 held
577 279 27 24 m

146 316 144 22 connection
322 315 59 22 wi-.h
417 314 29 23 Sfc
486 312 118 24 Andrews

71 347 106 28 Church,
190 347 27 23 m
234 347 41 23 the

111 388 106 30 EAST
241 389 173 30 OXFORD
441 389 121 30 TOWN

276 436 119 30 HALL

324 494 33 16 on

154 529 161 24 TUESDAY
334 529 103 23 APRIL
453 529 69 23 23rd.

246 642 174 44 SALE.

70 753 235 26 UNRESERVED
323 753 174 25 CLEARING
517 752 85 26 SALE

71 790 45 23 OF
132 790 83 24 LIVE
226 790 114 29 STOCK,
376 790 95 24 FARM
483 790 119 24 IMPLE-

69 825 127 29 MENTS,
230 827 214 23 HOUSEHOLD
482 827 119 23 FURNI-

153 863 92 24 TURE
271 863 70 24 AND
368 863 156 25 EFFECTS

200 914 44 24 AT
261 914 92 24 VIEW
374 914 93 24 HILL.

73 1001 98 24 TOHN
181 1001 135 25 INGRAM
327 1002 44 25 has
380 1003 108 24 received
494 1003 105 25 instruc-

66 1037 23 21 ts
115 1034 66 24 tions
193 1034 64 24 from
270 1034 27 25 C.
311 1035 34 24 H.
359 1035 96 25 Gorton
467 1036 74 31 Esqr.
556 1037 8 31 (
573 1036 27 25 m

66 1074 169 23 consequence
247 1067 26 24 of
283 1067 40 24 his
332 1067 98 31 leaving
438 1076 33 17 on
480 1076 15 17 a
503 1069 96 31 length-

65 1099 63 24 ened
141 1099 55 25 visit
209 1102 25 22 to
247 1100 42 24 the
297 1100 47 24 Old
357 1100 115 32 Country,
483 1102 47 23 and
539 1102 59 24 hav-

64 1132 46 31 ing
116 1133 35 24 let
159 1133 39 24 his
208 1133 76 32 farm)
296 1135 27 22 to
332 1133 96 31 dispose
436 1135 27 23 of
468 1134 43 25 the
522 1135 77 24 whole

65 1166 28 24 of
102 1166 39 24 his

66 1221 96 30 LIVE
201 1221 141 37 STOCK,
378 1222 116 30 FARM
529 1222 71 30 IM-

62 1267 235 38 PLEMENTS,
350 1267 248 31 FURNITUBE

188 1316 85 29 AND
287 1316 188 29 EFFECTS

318 1385 33 16 on

63 1422 273 30 WEDNESDAY
357 1422 131 30 APRIL
511 1423 85 29 24tli.

160 1484 38 24 On
210 1484 43 25 the
264 1484 77 25 Farm
353 1484 70 25 View
431 1484 63 25 Hill.

95 1580 15 23 8
155 1578 112 32 Draught
296 1578 101 28 Horses,

94 1620 49 23 160
160 1620 14 22 2
185 1620 18 23 &
213 1620 15 22 4
241 1618 69 25 tooth
322 1618 133 25 Crossbred
470 1618 122 30 Wethers,

92 1658 50 25 230
159 1659 15 22 2
183 1658 69 25 tooth
264 1658 133 24 Crossbred
413 1658 81 30 Ewes,

93 1697 50 23 300
160 1696 129 25 Crossbred
302 1696 93 25 Lambs

96 1737 48 24 130
157 1735 86 26 Sound
254 1736 118 25 mouthed
396 1736 96 25 Merino
511 1737 82 24 Ewes.

118 1775 15 22 2
153 1774 68 24 Cows
228 1782 6 20 ;
247 1774 59 31 Pigs
318 1775 50 23 and
379 1775 83 24 Fowls

59 1811 98 32 Reaper
169 1811 49 24 and
235 1811 101 29 Binder,
348 1812 106 31 Plough,
468 1812 124 29 Harrows,

59 1851 65 31 Trap
133 1851 49 25 and
191 1851 119 29 Harness,
320 1851 75 32 Dray,
403 1853 16 23 4
428 1851 82 26 Horse
518 1852 74 31 Gear,

59 1888 127 30 Bedroom,
212 1890 174 31 Sitting-room
409 1890 52 24 and
482 1890 109 26 Kitchen

58 1926 129 30 furniture,
222 1927 103 24 PIANO
353 1927 33 31 by
431 1928 162 24 Broadwood.

61 1963 126 31 Blankets,
212 1965 88 29 Linen,
316 1965 73 24 Tools
400 1965 49 24 and
473 1965 120 25 Sundries

59 2006 42 23 too
113 2012 131 17 numerous
260 2006 26 23 to
297 2004 179 32 particularise.

162 2041 55 26 Sale
226 2045 26 22 at
262 2043 31 23 12
304 2043 94 24 o'clock
410 2043 84 31 Sharp

191 2079 138 25 Luncheon
336 2080 128 25 Provided.

282 2119 89 25 JOHN
389 2119 137 26 INGRAM

405 2159 155 26 Auctioneer.

202 2275 265 46 NOTICE.

127 2345 140 24 OXFORD
295 2346 93 24 ROAD
405 2347 124 27 BOARD.

57 2441 176 40 RENDERS
242 2450 42 17 are
296 2443 94 26 invited
398 2445 39 24 for
449 2445 41 25 the
502 2445 93 26 follow-

63 2467 24 30 X
108 2473 41 31 ing
165 2473 99 25 Works:
267 2488 34 5 —

94 2516 117 31 Clearing
222 2516 111 26 Manuka
352 2519 145 26 Scbofield's
514 2521 79 25 Road.

92 2554 118 32 Forming
243 2555 98 32 cutting
367 2564 33 17 on
430 2558 165 31 Thompson's

127 2593 59 24 road
203 2593 71 26 View
287 2594 64 29 Hill,

90 2636 105 31 Putting
202 2636 26 24 m
254 2636 71 25 three
337 2638 75 24 small
439 2638 70 26 folds
521 2640 74 31 Quig-

124 2675 60 32 ley's
196 2676 79 25 Road.

90 2722 111 25 Tenders
214 2725 25 24 to
256 2723 30 26 be
315 2729 55 20 sent
398 2725 27 24 m
452 2725 83 26 before
564 2727 32 24 12

54 2762 95 24 o'clock
158 2770 66 17 noon
236 2771 33 16 on
283 2764 152 31 Wednesday
459 2765 73 24 MAY
543 2768 49 22 Ist.

90 2799 53 24 The
154 2799 85 25 lowest
256 2808 28 16 or
294 2808 49 25 any
360 2801 87 25 tender
455 2804 43 22 not
509 2810 85 17 neces-

56 2836 78 32 sarily
158 2840 122 28 accepted.

89 2888 107 23 Tenders
206 2895 43 17 are
259 2888 54 25 also
323 2889 94 24 invited
445 2889 39 24 for
494 2890 99 31 leasing

56 2925 59 24 Res.
129 2927 46 23 361
189 2927 27 22 at
227 2925 126 31 Carleton,
371 2927 51 24 and
432 2927 50 25 Res
492 2928 65 26 1878
569 2930 27 22 at

56 2963 74 25 View
142 2963 63 26 Hill.

89 3011 144 25 Conditions
244 3012 27 24 of
280 3014 67 23 lease
375 3014 27 24 to
427 3014 29 23 be
482 3021 58 17 seen
569 3015 27 23 at

55 3050 45 23 the
129 3048 104 27 Board's
261 3050 79 25 office.
376 3047 54 28 The
452 3050 98 32 highest
567 3058 28 17 or

57 3095 50 24 any
118 3088 85 25 tender
222 3092 44 21 not
277 3089 149 31 necessarily
438 3090 124 30 accepted.

255 3128 82 25 James
350 3128 33 26 H.
405 3129 107 25 Sharpe.

325 3169 73 25 Clerk
409 3170 28 24 to
447 3169 44 25 the
503 3169 92 26 Board.

99 3290 176 30 ANNUAL
289 3290 200 32 MEETING
499 3292 56 30 OF

180 3337 290 30 RATEPAYERS.

60 3426 140 26 \TOTICE
219 3427 21 24 is
252 3426 93 33 hereby
372 3426 71 33 given
473 3427 57 26 that
553 3428 43 25 the

61 3452 32 31 j\
116 3461 93 24 annual
228 3460 107 31 meeting
360 3460 26 23 of
409 3459 150 33 Ratepayers
567 3461 28 25 m

61 3497 42 25 the
116 3497 89 25 Oxford
219 3498 68 25 Road
308 3498 113 28 District,
430 3498 48 25 will
491 3499 28 24 be
537 3499 58 25 held

62 3537 27 20 at
98 3541 64 17 noon
175 3536 32 22 oh
221 3536 153 31 Wednesday
402 3536 59 32 May
473 3538 39 23 Ist
531 3539 64 23 1895

62 3571 28 24 m
102 3572 42 24 the
156 3572 70 25 Road
238 3574 82 24 Board
343 3574 76 24 Office
430 3575 100 26 Oxford.

195 3611 111 27 JAMES
334 3613 35 23 H.
383 3613 147 30 SHARPE,

483 3651 79 28 Clerk.

170 3791 324 47 TENDERS.

59 3876 173 27 fTENDERS
250 3886 44 17 are
314 3878 92 26 invited
424 3881 26 23 to
472 3880 123 29 LEASE,

66 3903 23 29 A
109 3908 37 26 for
156 3917 16 16 a
183 3912 64 23 term
256 3910 30 25 of
293 3911 81 26 Seven
381 3911 88 30 Years,
481 3912 63 25 from
557 3915 39 24 Ist

62 3947 66 32 May,
141 3948 40 25 tlw
193 3948 184 28 PROPERTY
388 3951 27 24 of
416 3951 44 25 the
468 3953 51 23 late
528 3951 68 25 John

59 3984 84 29 Horn,
160 3986 148 31 compriafng
346 3989 33 23 80
402 3988 109 26 ACRES
535 3990 61 24 with

58 4022 321 29 DWELLING-HOUSE
390 4026 111 31 thereon,
510 4028 85 24 situat-

59 4061 34 25 ed
104 4061 26 25 m
142 4061 44 26 the
210 4062 92 25 Oxford
326 4064 72 24 Road
412 4064 113 30 District,
548 4072 48 19 one

62 4099 62 25 mile
134 4099 64 25 from
210 4100 100 32 railway
320 4101 103 25 station.

96 4186 90 32 Copies
196 4187 29 24 of
233 4187 79 25 Lease
326 4195 47 16 can
393 4187 30 25 be
434 4195 57 17 seen
515 4190 27 23 at
553 4188 44 25 the

59 4226 72 26 office
137 4226 29 25 of
184 4226 68 25 John
263 4226 108 31 Ingrain,
394 4226 163 32 Auctioneer;
570 4236 28 17 or

61 4263 42 26 Mr
113 4263 73 26 H/J.
197 4263 93 33 Papps,
303 4264 64 25 East
378 4263 101 26 Oxford.

92 4348 54 26 The
156 4348 100 33 highest
266 4357 29 18 or
305 4357 51 26 any
365 4348 87 28 tender
459 4350 46 25 not
511 4356 84 21 neces-

53 4390 81 33 sarily
146 4390 123 31 accepted.

158 4433 93 28 JOHN
268 4431 147 31 INGRAM,

183 4472 150 29 Auctioneer
341 4472 52 27 and
398 4471 94 28 .Estate
503 4470 92 33 Agent.
