3497 4467
50 204 179 31 OXFORD
273 200 187 33 LIBRARY
501 199 88 32 AND

147 254 197 30 READING
365 252 129 32 ROOM.

52 353 56 24 The
138 353 92 24 Oxford
256 353 106 31 Library
388 353 25 24 is
437 360 63 23 open
522 359 69 22 every

56 395 113 31 Tuesday
181 395 49 24 and
252 394 121 33 Saturday
402 394 96 32 nights,
527 393 63 26 from

56 440 60 22 630
129 445 68 23 p.m.,
219 439 25 23 to
265 439 15 22 8
291 445 71 23 p.m.,
385 437 51 24 and
466 445 33 16 on
522 445 69 23 every

55 480 121 24 alternate
188 480 131 30 Thursday
343 479 137 28 afternoon,
512 478 79 33 (Sale-

55 522 72 31 days)
150 522 64 24 from
226 522 61 25 280
297 529 65 24 p.m..
379 522 27 25 to
417 522 15 25 5
444 529 57 24 p.m.
541 521 50 25 The

56 565 113 31 Heading
181 564 79 25 Boom
271 565 21 23 is
305 572 63 23 open
390 565 27 24 to
439 563 44 26 the
509 563 82 32 public

56 607 60 31 free)
122 607 65 31 daily
200 608 63 23 from
270 609 29 21 11
313 615 70 20 a.m.,
407 612 24 19 to
456 606 135 28 Sundown,

58 649 128 31 (Sundays
215 648 124 31 excepted)
374 648 50 23 and
463 647 70 24 when
550 649 41 22 the

57 690 105 32 Library
198 690 22 25 is
255 698 71 23 open,
360 690 42 24 the
439 689 152 31 circulating,

59 732 104 30 Library
174 732 112 24 contains
298 733 75 27 1,700
383 732 118 28 volumes,
527 740 64 17 com-

59 772 96 32 prising
165 781 5 15 :
172 787 32 3 —
206 773 109 31 History,
336 773 109 28 Science,
478 773 113 31 Theoogy

58 814 149 31 Biography,
249 815 84 23 Travel
366 815 50 23 and
444 814 143 25 Adventure

58 856 82 24 Books
152 856 38 24 for
202 857 40 23 the
263 856 91 31 Young
366 857 40 23 &c.
442 856 58 24 This
522 856 22 25 is
567 865 24 15 a-

58 901 101 28 mongst
182 899 42 24 the
236 899 90 30 largest
348 899 50 23 and
410 899 54 24 best
488 899 102 24 selected

58 940 104 32 Library
174 942 25 22 iv
228 941 61 24 New
302 941 117 24 Zealand.
455 941 22 24 A
486 941 105 24 number

58 983 88 24 cfnew
169 983 75 24 books
268 983 47 25 will
338 983 95 32 shortly
452 983 30 25 be
505 984 86 25 added.

58 1024 52 25 The
124 1024 149 25 Committee
296 1025 49 24 will
357 1026 28 24 be
397 1026 55 32 glad
463 1029 26 22 to
501 1026 90 25 receive

58 1068 179 24 contributions
262 1068 27 25 of
315 1068 105 26 suitable
445 1069 77 25 books
545 1070 46 24 and

58 1111 142 31 periodicals
223 1111 37 25 for
272 1111 41 25 the
325 1111 106 33 Library
452 1112 49 24 and
513 1113 78 25 Read-

59 1154 44 31 ing
132 1162 75 16 room.

251 1193 24 21 L.
292 1193 124 31 EEEVES,

342 1232 67 24 Hon.
421 1231 139 25 Librarian.

115 1274 174 24 SuiISCHIPTION
303 1274 35 31 2/-
352 1282 48 16 PER
419 1275 126 28 QUAKTEB.

62 1367 70 19 THE
163 1367 113 19 CHEAP
302 1367 121 19 MONEY
443 1367 146 19 SCHEME.

95 1456 119 23 Whether
227 1464 88 22 money
327 1456 21 24 is
361 1458 25 22 to
405 1456 30 24 be
452 1456 142 25 considered

61 1506 28 17 as
101 1499 92 31 having
206 1507 31 16 an
248 1499 111 25 intrinsic
382 1500 81 27 value,
476 1507 27 17 or
515 1507 27 17 as
553 1499 41 25 be-

62 1542 44 29 ing
115 1550 14 15 a
141 1542 155 31 commodity,
306 1550 15 16 a
329 1542 123 28 standard,
461 1550 15 16 a
486 1550 108 17 measure

63 1592 28 15 or
108 1592 14 15 a
135 1585 114 29 pledge—
253 1592 27 16 as
294 1585 20 23 is
327 1585 122 30 variously
464 1585 130 30 suggested

63 1632 31 24 toy
107 1627 90 24 writers
202 1641 27 3 —
232 1627 48 23 and
292 1626 110 25 whether
413 1627 42 24 the
476 1629 54 22 true
541 1627 53 24 idea

63 1670 26 23 of
99 1677 86 22 money
188 1684 30 3 —
220 1677 27 16 as
260 1669 60 24 sueh
322 1684 30 3 —
353 1669 31 24 be
395 1672 45 22 not
460 1670 134 31 altogether

65 1712 55 23 that
132 1713 25 22 of
169 1720 14 14 a
195 1712 73 24 ticket
278 1720 27 16 or
312 1713 118 23 counter?

98 1752 120 25 Whether
228 1753 21 24 it
256 1752 61 26 doth
327 1755 45 22 not
384 1751 63 27 have
460 1753 75 25 much
550 1754 44 23 im-

62 1799 55 27 port
132 1798 25 22 to
180 1795 62 25 have
265 1805 14 15 a
306 1796 68 32 right
403 1797 145 31 conception
571 1797 23 25 of

63 1846 89 22 money
160 1839 11 22 ?
184 1839 49 22 and
242 1839 111 24 whether
365 1840 31 23 its
409 1841 55 22 true
484 1840 49 23 and
541 1840 53 31 just

63 1880 54 23 idea
128 1880 30 24 be
170 1882 44 23 not
232 1880 55 25 that
299 1880 26 25 of
334 1889 15 16 a
369 1881 75 24 ticket
456 1890 26 15 or
494 1886 100 20 counter

61 1923 116 31 entitling
186 1926 25 22 to
223 1932 87 23 power,
331 1924 50 24 and
392 1924 72 25 fitted
477 1927 23 22 to
512 1926 82 24 record

63 1967 48 23 and
124 1967 105 24 transfer
242 1969 91 29 power?

95 2009 118 25 Whether
230 2018 79 22 power
320 2011 25 23 to
357 2011 134 23 command
502 2011 43 24 the
556 2011 37 24 in-

63 2053 84 30 dustry
160 2053 26 24 of
196 2053 83 24 others
303 2053 29 24 be
352 2055 44 23 not
407 2054 52 24 real
482 2054 89 25 wealth
582 2055 11 23 ?

61 2100 49 23 and
121 2100 111 24 whether
247 2108 86 23 money
357 2101 30 24 be
407 2103 45 22 not
474 2101 27 24 m
524 2103 70 23 truth

59 2142 89 23 tickets
160 2150 27 15 or
197 2143 85 23 tokens
303 2143 36 23 for
351 2144 135 30 conveying
496 2145 49 22 and
555 2152 37 15 re-

59 2184 103 30 cording
174 2185 59 23 such
246 2192 81 22 power
336 2187 11 21 ?
370 2187 49 22 and
439 2186 111 24 whether
572 2187 20 22 it

60 2225 31 23 be
103 2226 26 22 of
139 2228 69 28 great
219 2234 167 22 consequence
393 2228 67 23 what
468 2228 124 25 materials

63 2268 42 24 the
117 2269 88 24 tickets
217 2277 39 16 are
268 2270 71 24 made
352 2270 43 24 of?

96 2310 120 26 Whether
227 2312 76 28 trade,
317 2312 80 24 either
407 2312 93 33 foreign
512 2321 28 17 or
551 2314 42 24 do-

59 2354 93 29 mestic,
164 2354 29 24 be
205 2355 27 23 m
244 2356 68 23 truth
324 2364 47 21 any
384 2364 67 17 more
470 2357 63 24 than
545 2358 48 24 this

58 2400 134 17 commerce
204 2394 26 24 of
235 2395 134 30 industry?

93 2435 120 25 Whether
223 2439 25 21 to
266 2439 119 28 promote,
410 2438 110 30 transfer,
543 2439 48 24 and

59 2486 84 16 secure
152 2478 50 25 this
212 2487 136 17 commerce
361 2481 48 24 and
418 2480 50 25 this
477 2483 115 30 property

59 2531 25 23 m
102 2531 95 24 human
209 2532 94 29 laVour,
317 2541 35 20 or,
365 2533 25 24 m
412 2533 72 25 other
506 2535 82 24 words

58 2574 49 23 this
120 2582 80 22 power
212 2575 29 24 bs
252 2578 44 21 not
309 2576 42 25 the
359 2577 51 24 sole
423 2585 85 17 means
515 2579 26 23 of
548 2586 41 16 en-

56 2616 97 31 riching
165 2625 14 15 a
191 2617 85 31 people
295 2620 47 22 and
355 2619 56 25 how
422 2620 38 24 far
472 2621 48 23 this
531 2629 59 23 may

55 2657 29 24 be
98 2658 59 24 done
169 2660 191 32 independently
373 2662 25 24 of
407 2662 58 31 gold
485 2663 49 24 and
545 2663 42 25 sil-

54 2708 40 16 ver
105 2702 11 22 ?

87 2743 120 25 Whether
219 2753 14 16 a
246 2746 110 25 national
376 2755 120 25 currency
508 2749 80 24 would

51 2790 45 21 not
109 2787 28 25 be
152 2796 67 17 more
243 2789 130 26 beneficial
395 2792 63 24 than
481 2800 62 16 even
572 2801 15 16 a

51 2830 144 31 gold-mine,
209 2832 49 24 and
271 2832 110 26 whether
391 2834 54 24 that
454 2834 30 25 be
492 2838 42 22 not
543 2836 43 24 the

51 2877 55 21 true
117 2874 178 32 philosopher's
312 2879 71 23 stone
404 2877 26 25 m
460 2886 15 17 a
500 2877 69 27 State
578 2887 6 22 ;

47 2918 51 23 and
121 2919 109 24 whether
258 2928 91 24 money
378 2922 82 25 would
482 2931 57 16 ever
556 2924 29 25 be

49 2961 111 32 wanting
172 2964 25 22 to
210 2963 41 24 the
263 2963 117 25 demands
393 2964 26 26 of
437 2965 115 32 Industry
564 2967 21 23 if

48 3011 37 17 we
97 3004 62 25 have
172 3013 14 16 a
198 3006 113 25 national
322 3007 66 25 bank
399 3009 12 23 ?

345 3051 96 26 Bishop
456 3053 126 24 Berkley.

1216 33 174 32 OXFORD
1433 33 225 33 OBSERVER
1702 34 240 35 SATURDAY,
1970 33 126 30 APRIL
2121 33 49 33 13,
2206 28 90 30 1895.

2920 4196 103 25 Printed
3048 4197 51 34 ar;l
3138 4199 139 28 Published
3306 4205 31 31 Ly
3372 4205 90 26 Laura

2954 4233 83 27 Annib
3059 4235 105 33 Pabish,
3188 4240 28 24 at
3238 4240 48 26 htr
3307 4238 155 38 jtegistered

2951 4276 119 35 Pnntinf
3079 4280 86 31 Office,
3188 4283 70 32 Plifb
3284 4285 91 28 Stteei.
3399 4288 63 25 East

2952 4319 102 29 Oxford.
3063 4323 181 36 Cwterbwry.-

3018 4372 140 29 Sjuvkday
3202 4377 81 26 April
3303 4381 32 24 18
3362 4383 65 25 1895

2923 196 169 50 WATCH
3133 179 158 103 £\i
3313 193 153 50 CLOCK

3041 354 333 36 FITTED,

3187 410 30 16 AT

2944 449 182 38 Parish's
3156 450 102 34 EaM
3283 450 162 44 Oxford.

2926 605 319 47 VEBTEEIB

3107 701 251 49 SUSIE'S

2971 899 206 46 MAGHISE
3224 896 202 50 taEBSLEI
3438 916 9 45 ;

2942 993 124 48 Itm
3098 994 73 58 J/-
3201 1006 94 48 per;
3309 996 147 49 imm.

3194 1725 42 21 AT

2940 1879 188 45 ICA^ST
3175 1882 295 35 OXFORD

2935 2107 139 38 Timber
3088 2108 70 39 anfl
3181 2110 75 38 Coal
3285 2111 186 40 Mercliant

2939 2190 36 35 V
3001 2189 94 25 ABGE
3116 2190 107 26 STOCK
3242 2192 44 24 OF
3299 2193 172 26 BUILDING

2937 2215 89 39 JL^--
3110 2224 208 26 MATERIALS.

3000 2265 34 24 Of
3055 2274 71 24 every
3159 2268 156 32 description,
3322 2274 16 14 •'•
3349 2270 118 25 seasoned

2923 2317 5 3 -
2982 2310 9 21 ;
3033 2305 74 30 ready
3115 2305 38 24 fov
3160 2314 51 21 use,
3220 2307 91 31 always
3318 2316 31 16 on
3356 2308 77 24 hand!

2967 2347 67 29 Also,
3066 2347 153 27 Galvanised
3250 2350 67 31 Iron,
3349 2352 118 25 Portland

2935 2387 103 25 CoineM
3046 2389 51 23 and
3108 2389 124 26 Bciiders*
3247 2392 186 31 IrbnmoE-gery.

2966 2439 110 29 Uonntry
3093 2438 91 25 Oruers
3208 2439 126 34 Carefully
3356 2441 111 26 Sdocteil

3091 2479 208 26 'and-forwarucJ.
3359 2498 4 2 -
3408 2485 39 24 ■£

2932 2526 97 25 TUAM
3038 2528 143 29 STREET,
3195 2529 273 28 CHRISTCHURCH

2993 2652 212 43 HOLLAIO
3240 2655 154 43 FIIIiH

3110 2710 154 41 GAIICO

3042 2770 63 32 3d.
3141 2776 205 42 per_^ard.

3034 2899 5 8 I
3043 2895 35 28 R.
3100 2895 37 29 IT.
3160 2893 196 33 PARISH'S

2963 3030 483 173 jy)orit

2961 3184 211 66 woifetsl
3188 3175 260 68 forsake

2962 3237 295 145 sc=|°ld
3267 3252 184 70 friends

2988 3396 119 28 diuretic^
3139 3371 156 55 ■There
3302 3391 79 34 can
3392 3374 50 51 bt
3483 3381 1 7 J

2966 3481 205 49 invigorating!
3276 3486 75 39 for

2989 3523 131 26 CQBDIAL
3137 3523 52 30 ■«
3198 3530 64 23 mm*
3387 3537 17 16 %
3440 3537 5 4 •

2951 3803 219 47 PUBLIC
3220 3806 237 46 NOTICE.

2963 3906 173 36 Telegraphic
3149 3909 131 36 Messages
3299 3920 49 17 can
3361 3920 60 17 now
3432 3911 34 26 be

2920 3955 60 22 sent
3003 3953 54 26 and
3076 3954 120 26 received
3217 3959 28 21 at
3271 3956 65 26 East
3363 3957 99 26 Oxford

2920 3996 115 34 Station,
3052 4000 53 26 and
3123 4000 92 27 Postal
3234 4002 87 26 Notes
3340 4012 60 26 may
3421 4004 34 26 be

2920 4043 156 34 purchased.

2418 161 423 46 EUCALYPTUS

2620 232 14 14 »

2417 259 60 20 THE
2492 257 72 21 BEST
2577 258 87 22 EOME
2680 257 141 22 BEMEDIE

2475 296 36 17 are
2525 289 36 24 the
2570 291 135 26 preparation
2714 290 26 21 of
2747 289 36 20 the

2361 327 170 22 TASMANIAN
2549 327 184 21 EUCALYPTUS
2748 325 48 21 OIL
2810 325 82 20 COMP.

2375 374 4 4 ■
2389 363 137 25 Universally
2534 363 103 21 admitted
2646 364 37 19 the
2692 362 78 23 BEST,
2781 361 114 21 PUREST

2361 400 44 21 and
2415 400 57 19 most
2481 399 94 20 effective
2585 399 134 25 Eucalyptus
2741 397 105 20 Globulua
2862 396 33 20 Oil

2361 432 34 20 for
2416 430 169 24 INFLUENZA,
2606 430 92 25 Cough?,
2718 428 63 21 Colds
2806 428 43 21 and
2866 428 29 21 all

2363 463 64 20 Chest
2444 461 43 21 and
2495 461 63 25 Lung
2574 461 112 20 affections
2700 459 77 27 speedy
2786 459 59 20 relief
2855 458 42 21 and

2363 494 55 20 Cure
2436 493 33 20 for
2485 492 155 24 Rheumatism,
2661 491 122 26 Neura'gia,
2798 491 99 26 Sprains-

2362 520 72 21 Burns
2454 520 34 20 &c.

2389 553 133 25 Eucalyptus
2540 552 103 22 Globu'.ua
2662 552 91 20 Extract
2762 550 90 27 sprayed
2865 551 32 21 in-

2363 584 64 21 haled
2443 584 42 21 and
2500 585 64 20 taken
2574 584 116 25 internally
2707 584 33 20 for
2755 583 36 21 the
2808 583 87 25 Throat,

2364 621 97 25 Catarrh,
2478 621 58 25 Hay,
2560 621 98 25 Typhoid
2674 621 43 19 and
2732 621 80 20 Scarlet
2822 620 77 20 Fevers

2366 652 128 20 MEASLES
2505 652 37 21 the
2547 654 54 17 n-ost
2612 652 135 24 satisfactory
2756 652 143 24 preventative

2364 682 44 21 and
2422 683 61 20 Cure.
2510 682 56 21 Send
2579 682 51 21 Post
2646 682 54 21 Card
2711 684 22 19 to
2744 682 36 21 the
2789 682 64 20 Office
2865 682 34 20 for

2365 713 96 21 Circular
2474 713 119 26 describing
2612 715 121 19 treatment.
2760 713 139 26 Eucalyptus,

2365 746 111 21 Ointment
2486 748 36 19 the
2532 748 69 24 Magic
2610 748 79 19 Healer
2703 748 22 19 of
2739 748 69 23 Sores,
2822 748 77 21 Burns,

2368 776 101 25 Wounds,
2485 778 59 19 Boils
2562 779 45 21 &c,
2630 778 133 25 Eucalyptus
2782 779 57 23 Soap
2853 778 42 19 Fra

2365 809 62 23 grant
2438 808 42 20 and
2489 808 124 25 refreshing.
2637 809 132 24 Eucalyptus
2779 808 88 26 Jujubes
2876 814 24 14 or

2365 838 102 20 Pastilles
2477 839 33 19 for
2519 839 37 20 the
2581 839 79 20 Throat
2671 839 43 20 and
2723 839 63 20 Voice
2803 845 28 14 an
2845 839 54 21 anti-

2366 869 68 25 eeptic
2443 869 43 20 and
2495 870 121 19 stimulant.

2366 901 125 26 Veterinary
2508 903 36 20 Oil
2553 903 43 21 and
2606 903 110 21 Ointment
2726 903 33 20 for
2769 903 37 21 the
2814 904 86 20 stables.

2394 934 30 21 Be
2433 941 49 14 sure
2490 941 43 19 you
2543 936 108 20 Purchase
2665 936 39 20 the
2714 936 103 25 Platypus
2834 936 66 21 brand

2367 966 50 25 only
2427 967 22 19 of
2457 967 29 19 all
2495 966 113 26 Chemists,
2613 967 87 21 Grocers
2707 967 43 21 and
2756 967 145 26 Storekeepers

2370 997 42 21 and
2426 998 23 20 at
2463 997 36 21 the
2510 998 63 21 Office
2582 1000 13 19 9
2605 998 113 21 Oafheflral
2728 1004 75 19 square
2810 999 94 21 Toetween

2370 1029 109 24 Mprtenls.
2483 1030 270 26 EuildiHgß-Knathe-Fost
2763 1030 69 21 Office.

2534 1064 87 21 Oxford
2632 1064 79 27 Agent

2423 1099 27 21 E.
2460 1100 30 21 H.
2504 1101 118 25 PARISH,
2646 1099 76 22 EAST
2735 1101 119 21 OXFORD

2450 1138 140 26 Eucalyptus
2600 1138 38 21 Oil
2652 1138 30 27 1/-
2695 1145 41 19 per
2745 1139 77 21 bottle.

2369 1219 101 21 RO2TGO
2507 1220 53 20 PAI
2581 1221 94 19 TENEI
2689 1221 55 19 KEI
2758 1221 124 21 KOUTOU

2582 1255 110 22 KATOA.

2410 1291 189 38 MACBEAN
2643 1292 217 38 STEWART'S

2367 1347 74 20 NEW
2456 1348 79 20 CURE
2550 1346 58 22 FOU
2622 1347 127 20 ASTHMA

2422 1382 73 20 NEW
2510 1383 79 21 CURE
2603 1383 57 21 FOR
2674 1383 97 21 CROUP

2481 1418 73 21 NEW
2569 1418 79 21 CURE
2661 1419 58 20 FOR
2733 1420 170 20 DIPHTERIA

2423 1449 72 20 NEW
2511 1449 78 21 CURE
2603 1450 59 20 FOR
2676 1450 132 21 CHRONIC

2545 1487 188 21 BRONCHITIS.

2383 1524 114 27 Prepared
2506 1523 59 22 from
2574 1524 41 21 the
2624 1524 121 21 Mountain
2754 1526 47 20 and
2810 1526 80 21 Forest

2489 1552 81 20 Plants
2584 1552 23 20 of
2620 1552 55 20 New
2690 1552 105 21 Zealand.

2369 1586 29 20 In
2407 1585 97 21 Asthma
2512 1585 43 21 the
2564 1585 56 22 New
2629 1585 58 21 Cure
2696 1585 43 21 has
2748 1586 85 25 proved
2841 1587 65 20 itself

2410 1613 26 19 to
2445 1611 27 21 be
2483 1612 64 20 Had
2557 1612 44 20 and
2613 1612 122 21 Shoulders
2745 1613 71 20 above
2823 1614 35 19 »11

2551 1639 73 20 Other
2637 1639 77 21 Cures.

2396 1677 28 20 In
2434 1683 30 15 no
2473 1677 102 21 instance
2584 1677 41 21 has
2635 1684 15 14 a
2656 1678 69 20 death
2735 1679 106 20 occurred
2846 1679 60 21 from

2370 1704 132 26 diphtheria
2519 1704 66 20 when
2603 1704 41 20 the
2864 1706 41 20 has

2370 1731 57 19 been
2437 1730 72 25 freely
2519 1731 57 19 used
2584 1731 59 19 from
2649 1731 39 20 the
2697 1731 52 21 first
2754 1733 77 19 outset
2836 1733 24 19 of
2866 1733 40 19 the

2371 1757 93 24 disease,
2481 1757 47 18 and
2546 1762 26 13 so
2589 1759 67 23 great
2674 1764 38 12 are
2730 1759 32 17 its
2781 1760 126 23 protective

2369 1788 92 21 pov/ers,
2472 1784 54 20 that
2534 1783 41 21 the
2585 1783 123 26 complaint
2716 1784 44 20 has
2771 1790 69 15 never
2850 1785 56 21 been

2370 1810 81 21 known
2460 1810 25 20 to
2494 1810 83 27 spread,
2584 1811 25 20 to
2618 1811 68 20 other
2702 1811 110 21 members
2828 1812 24 20 of
2866 1813 40 19 the

2370 1837 87 23 family.

2398 1871 48 20 The
2452 1872 55 19 New
2518 1872 64 24 Cure,
2592 1874 25 17 3s
2627 1872 38 24 Gd;
2678 1872 117 21 Grindelia
2804 1873 103 20 Robusta

2435 1897 135 27 Cigaiettes,
2579 1900 26 19 2s
2612 1907 6 15 ;
2629 1898 97 21 Asthma
2739 1899 106 24 Tobacco,

2539 1926 25 20 2s
2578 1926 30 20 6d
2621 1923 49 23 and'
2681 1927 30 20 Is.

2374 2116 182 29 QUFFERERS
2592 2117 58 21 from
2694 2118 212 26 RHEUMATISM,

2373 2145 23 19 U
2425 2143 155 25 LUMBAGO,
2599 2145 185 24 NEURALGIA,
2803 2146 103 20 Nervous

2370 2169 142 24 exhaustion,
2521 2171 97 25 wasting
2626 2171 99 25 clibiliby,
2735 2172 46 20 lost
2791 2172 79 25 vigour
2882 2173 24 19 of

2370 2195 66 27 body,
2445 2202 158 20 nervousness,
2613 2198 45 20 loss
2668 2198 22 19 of
2708 2197 56 21 flesh
2783 2199 47 19 aud
2847 2199 61 22 vital*

2370 2228 79 20 power,
2472 2224 93 20 restless
2597 2224 67 25 sleep,
2688 2224 97 25 dreams,
2803 2225 102 26 pimples,

2369 2249 63 20 weak
2443 2250 61 24 back,
2516 2251 61 19 want
2596 2251 24 19 of
2629 2251 163 26 development,
2810 2253 96 20 vaiicose.

2369 2277 71 23 veins,
2449 2277 134 26 incapacity,
2601 2278 94 25 urinary
2716 2279 118 25 disorders.,
2854 2280 51 20 skin

2370 2303 46 21 and
2425 2303 68 21 blood
2502 2304 96 21 diseases
2608 2306 46 20 and
2663 2305 32 20 all
2704 2306 105 21 ailments
2819 2307 87 20 arising
2907 2305 2 11 j

2368 2331 56 21 from
2435 2331 63 26 early
2507 2337 23 15 or
2540 2332 59 21 later
2618 2333 43 26 day
2675 2338 73 15 errors
2758 2336 50 22 etc.,
2832 2334 72 21 COIs-

2370 2357 162 23 SULTFRKE
2556 2359 83 21 PSOF.
2662 2359 151 23 NOTMANN
2831 2361 31 21 M.
2872 2361 33 26 E,

2369 2386 27 20 E.
2427 2386 28 20 M.
2472 2386 26 20 G.
2521 2387 129 20 MARKET
2668 2388 95 20 PL4CE
2783 2389 123 20 CHRIST-

2369 2411 125 21 CHURCH
2535 2413 118 26 (Opposite
2695 2415 106 19 Colombo
2829 2416 76 20 Street

2368 2438 69 20 Bride.
2444 2439 8 26 )

2396 2475 49 21 The
2454 2476 53 26 only
2524 2476 87 26 Expert
2629 2477 143 28 advertising
2788 2479 53 21 that
2858 2479 46 21 will

2377 2505 123 24 guarantee
2510 2510 15 14 a
2533 2504 115 27 thorough
2655 2512 59 14 cure.

2394 2545 251 23 MANUFACTURER
2655 2548 22 20 of
2687 2548 40 21 the
2737 2549 53 26 only
2809 2555 94 20 guaran-

2366 2572 55 21 teed
2429 2571 98 23 E'ectric
2535 2573 49 21 belt
2603 2574 45 20 and
2661 2575 65 21 other
2745 2576 84 25 special
2847 2577 56 20 elec-

2356 2599 78 20 -.trical
2443 2599 127 26 appliances
2580 2601 25 19 m
2614 2601 39 19 the
2664 2601 108 21 Colonies.
2804 2603 96 20 Medical

2366 2625 334 29 Batteriesretc._Discriptive
2709 2629 132 26 Pamphlets
2850 2632 53 24 post

2366 2651 62 21 Free.
2490 2663 3 4 •
2856 2658 3 4 ■

2443 2795 363 49 IMPORTANT

2609 2870 9 11 ■
2627 2870 48 12 -»»»
2685 2872 9 11 a

2362 2899 83 31 ALL
2476 2900 120 32 WOOL
2619 2902 170 33 EOSLYN
2810 2905 86 31 AND

2399 2974 293 34 WELLINGTON
2716 2979 151 31 TWEED

2506 3044 255 43 SUITS

2402 3111 67 40 35/-
2486 3111 86 32 Suits
2587 3113 145 34 Reduced
2741 3119 32 28 to
2797 3117 67 41 25/-

2397 3173 71 44 --.4-
2511 3200 20 16 „
2615 3201 19 13 »
2719 3202 18 13 „
2805 3178 67 41 85/-

2400 3223 147 33 Trousers
2563 3227 61 30 and
2637 3226 76 31 Vest
2779 3226 74 40 13/6

2593 3286 52 21 AT

2385 3338 196 31 PARISH'S
2607 3339 90 31 East
2720 3340 144 30 Oxford.

2406 3492 188 56 Money
2613 3496 54 41 to
2689 3495 154 44 Lend,

2399 3553 17 29 I
2451 3554 79 31 have
2551 3565 113 31 money
2698 3560 34 26 to
2752 3557 74 30 lend
2860 3558 33 29 m

2356 3593 87 39 large
2471 3605 35 19 or
2527 3596 90 29 small
2652 3606 83 20 sums
2761 3600 34 27 to
2831 3599 62 29 suit

2356 3632 176 33 Borrowers
2568 3639 35 27 at
2629 3636 108 31 lowest
2767 3642 127 27 current

2356 3679 90 26 rates.

2415 3714 61 40 W.
2502 3716 45 39 H.
2573 3717 259 43 SPACEMAN

2530 3763 191 31 SOLICITOR,

2424 3801 191 26 Chbistchurch
2626 3804 50 24 and
2686 3804 138 27 Bangioba.

2384 3927 45 43 S.
2469 3928 80 42 W.
2585 3928 277 49 TTJKPIN.

2353 3993 243 39 WATCHMAKER.
2631 3996 174 39 JEWELLER
2831 4000 57 32 &c

2431 4052 88 26 MAIN
2532 4053 136 26 STREET
2685 4055 140 28 OXFORD

2546 4102 62 18 near
2618 4096 84 25 Bank.

2371 4203 72 30 W.
2488 4204 367 38 WOODWARD

2350 4258 153 26 PAINTER
2519 4259 72 26 AND
2607 4260 273 39 PAPERHANGER,

2450 4308 114 33 EAST
2606 4310 184 37 OXFOBD.

2398 4400 42 26 All
2450 4401 82 26 orders
2542 4404 121 31 promptly
2674 4406 154 35 att?ndscLto

1300 171 71 55 H.
1402 171 63 56 E.
1495 169 443 60 BOARDMAN
1979 168 53 57 &
2062 161 147 61 CO.,

1205 247 140 21 BAILIFFS
1359 246 64 21 AND
1439 243 183 24 COMMISSION
1640 243 127 20 AGENTS.
1813 241 101 21 HOTEL
1928 237 136 23 BROKERS
2078 234 64 21 AND
2155 229 149 22 VALUERS.

1302 293 60 29 222
1385 288 233 33 HEEEFOIID
1643 286 170 37 STREET,
1857 276 340 40 CHRISTCHURCH.

1491 356 389 17 »♦♦♦♦♦♦♦♦♦♦♦♦♦♦♦♦♦♦♦♦♦♦♦♦♦♦•
1885 353 182 16 »»«»*>>***♦•'»

1249 393 43 24 We
1309 393 150 31 respectfully
1472 392 39 30 beg
1529 395 22 20 to
1563 390 73 24 thank
1645 397 43 17 our
1700 389 89 24 Clients
1796 389 49 22 and
1854 387 36 23 the
1903 386 88 24 Public
2000 382 124 34 generally
2127 382 46 28 for
2182 379 38 24 the
2236 378 97 29 support

1180 437 115 23 accorded
1306 443 36 20 us,
1355 436 49 22 and
1416 443 44 16 can
1472 442 81 16 assure
1565 442 43 15 our
1611 433 100 31 friends
1721 432 53 23 that
1782 439 45 16 our
1835 430 105 23 business
1950 428 50 23 still
2006 426 102 24 remains
2124 422 76 24 under
2217 420 38 24 the
2272 425 61 18 same

1180 483 161 27 management
1359 485 28 15 as
1396 477 107 27 hitherto,
1514 477 49 23 and
1571 476 50 23 that
1630 474 135 31 everything
1775 471 121 26 entrusted
1905 474 21 19 to
1935 477 29 16 us
1975 469 52 23 will
2034 468 26 23 be
2067 466 78 25 under
2156 465 36 23 the
2204 462 130 24 immediate

1181 522 146 31 supervision
1339 522 30 30 of
1375 528 45 16 our

1380 562 123 33 MR.
1535 561 68 33 H.
1627 561 55 31 E.
1708 550 425 42 BOABDMAN

1300 731 402 46 BARLCW
1745 729 166 41 AND
1957 720 275 46 PRICE

1486 783 192 41 Coventry
1716 780 113 43 Cycle
1877 776 130 35 Works

1351 839 38 28 88
1412 834 199 32 COLOMBO
1636 832 174 33 STREET,
1854 822 345 37 CHRISTCHURCH.

1187 895 54 31 We
1256 896 118 29 havin«-
1389 895 94 30 taken
1498 904 73 19 over
1585 892 52 29 the
1651 890 72 31 well
1737 890 114 28 known
1861 886 112 34 works,
1990 882 179 37 machinery
2178 878 61 31 and
2250 877 88 31 stock

1183 937 34 29 m
1230 937 89 28 trade
1335 936 75 29 wish
1425 938 34 27 to
1473 935 112 29 inform
1601 932 53 29 the
1676 930 104 40 public
1795 929 70 29 that
1879 937 45 20 we
1940 935 52 19 are
2007 922 151 41 prepared
2171 923 33 26 to
2225 922 112 25 under-

1186 977 73 30 take
1275 976 102 31 orders
1389 984 51 22 iot
1451 985 68 20 new
1533 973 160 30 mobmea
1707 970 64 30 and
1783 971 127 28 execute
1929 974 118 31 repairs
2070 966 32 26 at
2124 963 54 28 the
2203 963 135 26 shortest

1319 1018 102 28 notice
1435 1017 48 29 for
1505 1016 42 28 all
1562 1013 91 30 kinds
1669 1011 34 30 of
1712 1009 214 39 Engineering
1941 1007 62 28 and
2015 1004 93 39 Cycle
2121 1003 94 29 work.

1351 1070 126 22 SPECIAL
1490 1065 177 23 ATTENTION
1683 1063 94 22 GIV^N
1792 1062 38 21 TO
1844 1058 140 24 COUNTRY
2000 1056 123 22 ORDERS.

1188 1111 120 37 Racing
1322 1106 160 33 Machines
1505 1105 62 30 and
1589 1104 98 38 Light
1709 1100 167 32 Roadsters
1892 1109 18 19 a
1925 1096 156 41 specialty.
2123 1093 49 30 No
2186 1092 154 40 imported

1187 1151 156 29 machines
1359 1150 73 37 kept
1446 1149 33 28 m
1495 1146 97 31 stock,
1609 1145 43 29 all
1667 1144 85 29 work
1767 1142 79 30 done
1861 1151 40 19 on
1914 1140 54 28 the
1991 1145 156 32 premises.
2200 1135 31 28 A
2255 1135 85 35 large

1218 1191 89 30 stock
1321 1189 35 31 of
1366 1190 125 37 Lamps,
1503 1185 93 36 Bells,
1613 1185 61 30 and
1691 1182 127 33 Saddles
1833 1191 40 19 on
1886 1179 85 30 hand
1985 1182 33 26 at
2031 1185 114 22 reduce
2156 1176 130 37 dprices.

1320 1269 114 86 R.
1503 1266 132 89 H.
1693 1253 513 94 PAItISH

1465 1401 195 61 EAST
1709 1396 325 63 OXFORD

1411 1486 77 29 has
1504 1481 189 33 received
1713 1490 24 22 a
1753 1480 293 38 consignment,
2062 1476 43 30 of

1187 1537 299 56 Messrs
1545 1534 416 56 Johnsons
2013 1526 68 58 &
2139 1525 201 57 Sons

1362 1615 265 58 GREAT
1688 1607 450 60 YARMOUTH

1367 1829 338 49 ENORMOUS
1764 1826 389 46 REDUCTIONS

1185 1946 81 31 rpHE
1285 1945 115 32 question
1411 1944 21 23 is
1602 1940 67 30 Why
1681 1938 60 25 send
1755 1940 27 22 to
1794 1935 176 27 Christchurch
1991 1935 38 26 for
2046 1944 62 24 your
2126 1935 110 33 Drapery
2244 1937 11 24 ?
2290 1936 51 25 The

1192 1966 20 39 1
1250 1980 102 30 drapery
1365 1977 57 24 sold
1427 1977 35 27 m.
1462 1975 56 25 that
1529 1974 50 31 city
1592 1980 71 24 every
1675 1979 46 17 one
1734 1972 93 28 knows,
1839 1970 22 24 is
1872 1971 45 23 not
1928 1969 72 25 made
2011 1970 77 28 there,
2108 1968 45 26 but
2164 1970 129 31 imported.
2329 1970 12 24 I

1187 2015 92 28 import
1291 2012 65 24 from
1368 2010 43 24 the
1422 2009 53 24 best
1487 2007 107 32 English
1606 2005 49 25 and
1673 2005 87 24 Scotch
1773 2003 99 25 houses.
1918 2003 71 24 lam
2001 2002 105 25 enabled
2117 2004 25 23 to
2154 2004 122 29 purchase
2294 2003 47 25 low

1185 2047 50 25 and
1245 2045 45 26 sell
1303 2047 26 22 at
1338 2052 16 16 a
1365 2045 53 23 rate
1430 2041 26 25 of
1465 2040 74 33 profit
1553 2041 52 31 (my
1618 2045 119 24 expences
1747 2036 73 32 being
1831 2035 81 32 small)
1925 2036 57 24 that
1993 2036 82 24 would
2087 2035 30 25 be
2135 2036 145 25 considered
2300 2036 41 25 ab-

1186 2080 57 25 surd
1255 2080 32 29 by
1304 2085 47 23 any
1372 2073 179 27 Chvistchurch
1575 2071 198 26 establishment.
1826 2069 43 31 My
1891 2068 77 25 Stock
1986 2069 21 23 is
2027 2068 43 25 the
2090 2068 94 32 largest
2202 2069 50 25 and
2274 2071 67 24 most

1184 2113 95 25 tvaried
1289 2111 58 24 that
1356 2109 45 23 has
1413 2115 57 17 ever
1480 2108 63 22 been
1554 2105 87 24 shown
1651 2104 28 24 m
1690 2103 44 24 the
1745 2102 103 28 district,
1861 2101 50 24 and
1923 2101 37 24 for
1971 2101 92 31 quality
2083 2102 49 24 and
2151 2102 72 24 value
2241 2104 58 29 puts
2316 2103 25 24 m

1228 2145 77 23 shade
1322 2141 76 32 goods
1411 2139 91 24 offered
1513 2138 33 30 by
1558 2138 103 29 visiting
1672 2135 116 25 hawkere
1800 2136 62 22 from
1874 2134 44 24 the
1936 2133 182 25 Christchurch
2130 2142 45 22 rag
2187 2137 87 22 marts.

1216 2197 95 24 Dress
1324 2194 164 28 Materials,
1502 2191 87 24 Plain
1601 2189 59 25 and
1671 2188 104 30 Fancy
1786 2188 80 25 from
1879 2186 49 24 3d.
1942 2192 54 25 per
2004 2186 84 30 yard.

1217 2257 27 24 A
1261 2255 110 28 Strong
1387 2253 87 26 Stout
1491 2250 132 25 Durable
1641 2248 126 31 Kaiapoi
1784 2247 113 24 Tweed
1913 2246 51 32 2/6
1977 2251 54 25 per
2042 2246 76 30 yard

1815 2290 108 25 Makes
1934 2290 155 24 first-class
2107 2288 90 31 Boys'
2216 2288 89 26 Suits.

1217 2351 57 25 Art
1291 2349 139 28 Muslins,
1450 2344 156 31 Cretones,
1626 2342 79 27 Lace
1723 2342 139 26 Curtains
1881 2340 53 25 &c.

1217 2419 25 29 A
1260 2417 109 25 Choice
1388 2414 166 25 Collection
1573 2413 33 23 of
1620 2412 121 29 Gloves,
1768 2410 77 29 Ties,
1876 2409 128 29 Aprons,
2035 2408 166 24 Insertions
2218 2408 54 24 &c.

1216 2468 120 31 Striped
1354 2466 124 25 Galatea
1495 2464 54 33 4/6
1561 2469 54 25 per
1626 2462 107 31 dozen,
1763 2461 102 25 worth
1876 2461 49 24 9d.
1944 2466 55 24 per
2015 2459 85 30 yard.

1216 2531 102 24 Prints
1330 2530 79 23 from
1422 2529 52 24 4d,
1486 2533 55 25 per
1552 2527 84 29 yard.
1650 2525 139 30 Muslins,
1802 2524 138 29 Selesias,
1954 2522 126 31 Calicos,
2095 2522 54 25 &c.

1801 2566 88 25 With
1905 2566 87 24 other
2010 2565 192 25 Manchester
2218 2567 87 28 lines.

1215 2625 88 30 Hats,
1322 2624 103 30 Fancy
1442 2623 60 23 and
1519 2622 106 30 Sailor,
1644 2622 31 23 m
1691 2619 104 25 White
1813 2619 60 24 and
1890 2617 115 26 Colors.
2312 2614 29 4 ~~

1758 2662 126 25 Newest
1900 2660 123 30 Shapes.
2059 2659 95 30 Large
2171 2660 132 31 Variety,

1213 2720 148 29 Flowers,
1380 2718 155 28 Feathers,
1554 2715 147 29 Ribbons,
1721 2713 104 30 Laces,
1844 2713 75 30 Jets,
1939 2712 55 25 &c.

1685 2753 88 26 With
1789 2754 41 23 all
1847 2753 184 24 necessaries
2048 2751 47 25 for
2112 2751 190 29 Trimmings.

1213 2809 103 29 Fancy
1331 2808 141 29 Frillings
1491 2807 77 30 3yds
1580 2807 45 23 for
1636 2805 35 32 1/-
1689 2805 102 24 worth
1803 2803 49 30 9d,
1870 2807 55 26 per
1935 2803 83 29 yard,

1748 2846 182 31 Umbrellas,
1949 2845 150 31 Parasols,
2118 2845 182 30 Sunshades,

1179 3021 110 36 BOYS
1321 3020 88 32 AND
1439 3019 172 31 YOUTHS
1651 3015 216 34 COLONIAL
1900 3014 153 32 TWEED
2080 3016 251 35 OVEftCOATS

1660 3081 77 31 with
1759 3080 96 41 Capes

1453 3145 92 29 From
1569 3144 65 29 17s.
1679 3141 51 30 6d.
1773 3141 102 30 worth
1917 3141 67 30 255.
2030 3139 49 30 6d.

1330 3212 143 32 JV£en.
1475 3211 13 17 9
1492 3218 33 23 s
1568 3208 226 32 T^sireecl
1837 3208 348 32 Overcoats

1650 3261 95 30 From
1768 3261 64 29 15s.

1409 3355 673 52 Slamket®

1175 3433 132 40 English
1323 3436 127 41 Witney
1459 3436 149 30 Blankets
1622 3440 34 26 to
1672 3437 37 29 be
1723 3437 68 30 sold
1806 3440 31 26 at
1848 3437 59 30 less
1916 3437 77 30 than
2007 3437 181 31 Melbourne
2201 3438 129 32 Whole-

1176 3485 63 28 sale
1260 3488 84 38 price
1345 3505 40 3 —
1385 3488 121 29 Double
1521 3488 67 27 Bed
1606 3487 68 29 Size
1697 3489 64 27 12s.
1787 3488 49 28 6d.
1886 3489 103 28 worth
2004 3490 65 27 16s.
2109 3490 49 27 6d.
2179 3499 56 28 per
2248 3491 78 38 pair.

1342 3556 130 40 cheaper
1485 3555 78 30 than
1578 3552 226 33 Christchurch
1817 3555 113 31 houses
1945 3557 63 29 will
2024 3557 57 30 sell
2096 3558 93 30 them.

1175 3649 300 78 MISSES'
1533 3649 252 81 CAPES
1846 3649 61 78 &
1965 3649 358 83 JACKETS

1232 3758 87 48 Tb*
1335 3757 164 49 N*w*st
1530 3757 153 57 $kzps
1703 3758 108 47 from
1832 3758 84 55 3/6
1941 3762 141 47 wortb
2100 3762 167 50 UxAh.

1175 3877 523 92 PEINTS!
1742 3882 490 89 PRINTS
2260 3887 61 87 !!

1252 4016 139 50 JW*w
1409 4014 152 50 I**4*4
1580 4020 90 44 cost
1670 4047 14 21 f
1705 4014 184 49 Edwari
1910 4016 201 52 Bsaa*tts
2130 4021 116 48 ttitk

1174 4088 324 102 ROLLER
1561 4088 501 102 TOWELLING
2128 4096 155 84 4cL

1514 4230 142 49 wortk
1675 4230 62 50 W
1760 4242 74 49 f^r
1851 4232 120 59 yard.

1216 4347 72 34 R.
1314 4350 78 32 H.
1429 4350 312 43 PJBLRISK,
1800 4352 154 34 East
2002 4355 256 40 Oxfop«.

1174 4394 37 17 ■-••'
1225 4397 21 23 y
2032 4401 2 2 •

621 508 265 48 GEORGE
918 505 234 47 KEATS.

645 586 157 26 BUILDER
811 585 70 25 AND
893 583 238 26 UNDERTAKER

723 639 104 30 EAST
868 637 179 31 OXFORD.

654 729 120 24 Funerals
782 727 150 26 Conducted,
945 725 88 25 Adults
1041 725 66 24 from
1116 724 38 24 £3

621 772 113 25 Children
754 770 64 24 from
837 769 68 31 22/6.

641 962 220 23 OSCIFOie-ID
907 958 236 24 18-A-IKllEiery

726 1007 212 28 Established
964 1005 87 27 1862.

672 1071 123 28 FLOUR,
807 1071 56 24 best
873 1070 81 24 brand
964 1069 59 31 only
1035 1068 66 31 kept.

624 1115 133 25 SHARPS
761 1132 6 11 ,
803 1111 205 29 OATMEAL,
1043 1110 110 25 BRAN

714 1156 151 26 CHICKEN
868 1155 136 27 WHEAT,
1023 1155 42 23 &c.

649 1200 41 19 AT
718 1198 121 21 LOWEST
867 1197 141 21 CURRENT
1035 1195 104 24 RATES,

712 1300 53 41 F.
799 1298 49 42 B.
872 1294 186 55 LANE.

729 1371 89 41 (Late
833 1370 39 30 E.
892 1369 159 39 Butcher.)

625 1430 249 35 Watchmaker,
904 1428 182 35 Jeweller,
1103 1426 52 30 &c.

623 1480 123 32 Importer
780 1480 26 23 of
846 1479 107 24 Musical
987 1478 170 24 Instruments

722 1517 111 26 Victoria
854 1517 37 24 St.
922 1515 134 31 Rangiora.

625 1606 99 31 Special
734 1606 71 24 value
828 1604 27 24 m
878 1604 80 24 Extra
980 1605 87 28 strong
1079 1602 78 24 Cased

623 1649 88 31 highly
719 1647 108 25 finished
841 1646 108 32 English
967 1646 80 24 Lever
1055 1645 102 25 Watch-

624 1700 34 16 es.
705 1690 190 26 Manufactured
912 1691 26 23 to
961 1697 42 23 my
1032 1689 71 24 order
1124 1688 33 31 by

625 1731 53 22 best
689 1731 105 22 London
813 1729 106 23 makers.
955 1727 157 30 Unequalled
1120 1727 37 24 for

624 1773 122 24 excellent
759 1772 177 30 Timekeeping
952 1771 50 24 and
1013 1768 142 32 durability.

656 1816 29 24 F.
703 1816 31 24 B.
747 1814 96 26 LANE
856 1813 139 33 personally
1016 1813 72 25 visits
1108 1812 48 24 Ox-

623 1859 54 23 ford
697 1858 124 31 monthly,
846 1857 113 30 carrying
979 1864 15 16 a
1016 1856 69 30 large
1108 1855 49 24 and

623 1900 85 25 choice
742 1900 70 24 stock
841 1900 26 23 of
898 1898 127 28 Watches,
1054 1898 102 28 Chains,

623 1943 133 28 Brooches,
766 1943 88 30 Rings,
866 1941 85 29 Studs,
969 1941 128 25 Pendants
1109 1943 46 23 etc.

624 1987 141 30 Spectacles
787 1985 123 32 (Pebbles,
927 1985 168 31 Pantoscopsc
1107 1984 50 24 and

623 2029 108 32 Crystal)
745 2028 96 28 Clocks,
860 2028 108 33 (Marble
988 2027 50 24 and
1056 2027 100 31 Wood,)

722 2072 92 24 Accord
818 2079 59 16 eons
889 2071 51 24 and
950 2070 106 25 Violins.

617 2127 4 2 -
654 2115 81 24 Exact
747 2115 57 23 date
817 2114 27 24 of
854 2114 61 24 each
927 2114 60 24 visit
1008 2114 22 23 is
1042 2112 106 25 notified

769 2157 27 23 m

621 2199 114 25 Repairs.
738 2214 31 3 —
771 2199 41 24 All
823 2199 94 31 repairs
934 2206 42 17 are
994 2197 118 25 executed
1123 2197 31 31 by

620 2243 92 31 myself
733 2250 27 17 or
777 2242 79 23 under
872 2249 43 23 my
935 2241 221 31 superintendence

621 2293 27 17 so
671 2286 56 24 that
746 2287 102 29 patrons
860 2293 46 15 can
929 2286 52 29 rely
1004 2292 32 16 on
1059 2284 97 31 getting

621 2328 155 26 satisfaction
785 2330 26 23 at
823 2328 44 24 the
877 2335 59 24 very
947 2328 86 24 lowest
1042 2327 112 32 charges.

653 2373 105 29 Repairs
771 2380 27 16 or
807 2372 83 24 orders
899 2379 58 23 may
968 2371 31 24 be
1007 2371 45 25 left
1063 2373 26 22 at
1090 2385 33 4 —

621 2418 25 24 J.
665 2419 134 29 Weeber's,
834 2418 64 24 East
922 2418 99 24 Oxford,

620 2463 26 23 at
668 2461 40 26 W.
733 2461 36 26 M.
794 2461 37 28 C,
854 2461 65 25 East
943 2461 101 25 Oxiord.

620 2505 24 24 J.
661 2505 100 29 Brown,
774 2504 160 30 Bootmaker,
959 2504 70 25 West
1053 2503 101 26 Oxford.

619 2548 40 25 W.
672 2548 24 24 J.
711 2547 117 26 Crothers
838 2548 18 23 &
870 2547 44 24 Co.
922 2566 6 5 .
951 2547 69 24 Oust.

651 2590 50 24 and
717 2590 52 25 will
776 2589 30 25 be
817 2589 126 31 promptly
955 2589 119 25 attended
1084 2590 35 23 to.

619 2634 54 29 All
685 2634 98 29 Work
796 2634 78 28 done
885 2643 39 19 on
939 2634 53 28 the
1004 2632 150 30 Premises

741 2684 61 29 and
818 2683 198 38 guaranteed.

714 2987 7 40 I
764 2998 230 30 PRECAUTION

723 3044 128 44 AVOID
864 3045 164 43 HOTELS

776 3105 94 32 which
876 3105 38 32 do
922 3103 46 35 not

818 3162 127 35 SELL

722 3209 175 65 Wolfe's

713 3292 11 68 [
764 3271 283 89 Schnapps}

614 3602 251 41 MRW.N,
890 3601 257 45 CATHRO,

653 3673 181 22 BARRISTER
848 3672 69 22 AND
932 3672 174 22 SOLICITOR.

762 3714 232 32 RANGIOEA.

608 3765 133 31 Attends
756 3765 123 31 Oxford
893 3777 39 18 on
944 3766 97 30 Court
1048 3765 96 40 Days.

607 3837 168 25 Instructions
784 3838 33 31 by
827 3839 57 29 post
895 3837 52 25 will
957 3838 94 24 receive
1061 3844 83 24 prom-

772 3876 28 29 pt
829 3874 133 25 attention.

728 3921 108 22 MONEY
864 3921 38 21 TO
930 3921 88 21 LEND.

655 4029 46 54 S.
734 4031 49 43 B.
806 4029 306 54 SEYMOUR,

804 4095 139 27 DENTIST,

646 4135 41 20 215
701 4134 105 22 Colombo
821 4134 82 25 Street,
926 4135 169 22 Christdrarch.

773 4205 179 22 CHARGES:—

670 4247 95 26 Filling,
780 4247 23 20 ss
811 4255 7 16 ;
853 4246 134 22 Extraction
995 4248 26 19 2b
1035 4247 37 21 6d.

628 4311 96 21 Nitrous
733 4310 61 21 Orid
802 4305 47 25 Gal
858 4309 170 23 Administered
1032 4311 38 21 for
1077 4311 61 20 Fain

600 4351 46 22 less
655 4351 134 21 Extraction
799 4350 25 22 of
832 4344 80 28 I'eeth.
946 4351 46 22 Fee
1001 4351 37 22 for
1046 4350 93 22 Admin-

599 4389 110 21 istration
720 4389 31 21 ss.

192 3151 252 48 JSTOTICE.

45 3249 98 46 Job
162 3251 233 59 Printing
407 3255 11 43 !

217 3321 101 45 Job
341 3323 241 57 Printing

88 3383 171 31 OXFORD
318 3385 223 31 OBSERVER

127 3435 161 39 Machine
318 3436 180 50 Printing.

225 3486 167 38 WORKS

111 3542 88 25 MAIN
212 3544 143 30 STREET,
366 3545 148 27 OXFORD.

110 3618 128 49 T^INE
291 3620 216 38 T>RINTING

51 3732 24 3 _
102 3688 37 32 In
153 3691 75 41 Any
242 3691 127 42 Variety
384 3705 36 21 or
437 3694 98 38 Style*

101 3794 107 24 CHILD
220 3796 108 25 BIRTH
341 3796 96 32 SAFE,
449 3799 75 24 AND

149 3837 139 27 ALMOST
297 3835 171 31 PAINLESS

43 3878 92 63 BY
181 3879 73 32 using
290 3881 48 25 DR
383 3881 196 29 FAWCETT'S

146 3911 130 27 Medicine.

77 3952 71 25 MRS
171 3953 164 27 BURRELL
356 3956 62 33 begs
439 3958 27 25 to
487 3958 91 26 inform

44 3989 43 23 the
99 3989 91 24 Ladies
202 3991 56 24 that
266 3992 45 24 she
319 3993 47 24 has
374 3994 63 25 been
445 3996 131 31 appointed

43 4027 58 24 Sole
120 4031 73 28 agent
215 4029 27 24 m
266 4030 176 27 Christchurch
469 4034 38 25 for
534 4035 43 24 the

42 4064 77 24 above
130 4066 124 24 Medicine
266 4069 26 22 to
306 4067 117 27 facilitate
437 4070 139 26 Accouche-

41 4105 88 23 raents.
164 4104 89 25 Ladies
265 4113 46 17 can
334 4106 30 26 be
384 4109 113 31 supplied
515 4111 61 24 with

41 4140 42 23 the
105 4141 75 24 above
202 4142 33 30 by
259 4143 105 32 sending
385 4153 29 17 or
435 4147 92 32 calling
549 4150 27 22 at

40 4178 42 24 Mr
103 4179 121 26 Burreli's
246 4181 181 34 Photographic
449 4186 70 31 place
550 4187 28 25 of

38 4217 124 28 business.
174 4219 106 27 Gould's
301 4221 141 36 Buildings,
463 4224 111 28 Victoria

38 4256 90 31 Street,
141 4258 181 32 Christchurch,
341 4260 84 28 where
443 4262 35 26 all
496 4263 77 27 infor-

34 4297 98 25 mation
160 4306 46 17 can
235 4298 29 26 be
291 4299 118 28 obtained
417 4301 77 31 -,ifree,
523 4304 51 24 and

33 4335 119 32 perfectly
195 4336 155 34 satisfactory
381 4339 51 30 an<|
465 4340 108 32 genuine

27 4373 172 28 testimonials
210 4382 47 17 can
269 4374 29 26 be
309 4384 67 17 seen.
