2529 4020
672 1791 92 64 New
794 1791 214 64 Zealand
1039 1791 214 64 Gazette

717 1855 68 23 AND
800 1856 211 23 WELLINGTON
1026 1857 185 22 SPECTATOR.

800 1909 157 27 Wednesday,
973 1911 55 21 May
1041 1912 23 24 4,
1073 1912 61 21 1842.
1146 1917 12 4 '

1595 1125 44 24 Dr.
1653 1124 172 30 Featherstone,

1595 1158 45 24 Dr.
1653 1157 79 29 Knox,

1596 1191 48 23 Mr.
1657 1190 37 24 W.
1708 1190 121 31 Langdon,

1595 1224 49 24 Mr.
1658 1224 76 23 James
1747 1223 68 30 Hair,

1595 1257 49 24 Mr.
1658 1256 60 24 John
1728 1256 81 30 Wade,

1595 1289 49 25 Mr.
1658 1289 22 25 J.
1694 1289 35 25 H.
1741 1289 110 30 Wallace,

1596 1323 48 23 Mr.
1658 1323 31 23 R.
1698 1323 103 23 Forster.

1283 1124 49 25 Mr.
1347 1125 26 24 S.
1387 1125 71 29 Scott,

1283 1157 49 25 Mr.
1347 1157 37 25 W.
1394 1158 32 24 A.
1442 1159 95 30 Cooper,

1283 1191 50 24 Mr.
1347 1191 26 24 S.
1385 1190 142 30 Woodward,

1283 1225 50 23 Mr.
1346 1224 32 24 G.
1390 1224 152 31 Fellingham,

1284 1257 49 24 Mr.
1346 1258 22 23 J.
1385 1257 67 29 Seed,

1284 1291 48 23 Mr.
1345 1291 22 23 J.
1381 1290 138 31 Puckridge,

1284 1324 49 23 Mr.
1346 1324 21 23 J.
1381 1324 77 29 Dodd,

1283 1357 50 24 Mr.
1345 1357 22 24 J.
1381 1357 77 29 Duck,

1317 1397 52 24 The
1387 1399 102 29 meeting
1506 1404 46 16 was
1575 1396 147 31 numerously
1745 1396 107 24 attended
1861 1405 6 21 ;

1282 1430 105 32 upwards
1399 1430 24 24 of
1441 1433 48 22 100
1506 1438 96 24 persons
1617 1430 100 23 enrolled
1731 1430 137 23 themselves

1283 1463 122 25 members.
1452 1463 51 24 The
1524 1463 118 31 following
1670 1463 118 23 donations
1810 1470 59 16 were

1284 1497 132 24 announced
1425 1505 42 15 :—

1319 1537 94 24 Colonel
1423 1537 40 24 W.
1475 1536 131 24 Wakefield
1695 1537 38 23 £5
1769 1538 14 21 5
1821 1539 14 20 0

1319 1570 31 24 G.
1364 1570 101 29 Hunter,
1477 1570 68 31 Esq.,
1556 1570 46 24 J.P
1719 1571 16 22 5
1770 1571 14 22 5
1821 1572 14 20 0

1318 1603 60 24 Rev.
1391 1603 61 24 John
1461 1603 137 24 M'Farlane
1623 1620 57 7 ....
1719 1605 15 21 5
1770 1604 14 22 5
1821 1605 14 21 0

1319 1637 94 23 Samuel
1423 1636 101 29 Revans,
1538 1636 53 31 Esq_
1718 1638 14 22 5
1769 1637 14 23 5
1820 1638 15 21 0

1319 1670 61 23 John
1390 1669 73 24 Wade
1472 1667 3 3 '
1719 1672 16 20 2
1770 1670 15 22 2
1821 1671 15 21 0

1319 1703 75 23 James
1409 1703 102 23 Jackson
1720 1704 15 21 2
1770 1704 15 21 2
1821 1704 15 21 0

1317 1735 104 25 William
1433 1736 68 30 Lyon
1720 1738 16 21 2
1771 1737 15 22 2
1822 1738 28 20 0'

1317 1769 89 24 Robert
1417 1769 74 23 Waitt
1720 1771 16 21 2
1770 1770 15 21 2
1822 1771 14 21 0

1317 1808 79 24 Books
1414 1808 35 24 for
1457 1817 3 3 •
1467 1808 38 24 the
1526 1809 114 30 enrolling
1658 1809 25 23 of
1697 1808 114 24 members
1827 1808 43 24 and

1283 1843 114 30 receiving
1408 1842 118 23 donations
1542 1850 38 15 are
1592 1842 55 23 with
1658 1842 48 23 Mr.
1724 1842 22 23 J.
1761 1841 107 30 Jackson,

1284 1876 38 24 the
1334 1876 134 28 Treasurer,
1481 1875 197 31 Lambton-quay.

1501 1938 149 23 NELSON.

113 2077 171 24 SHIPPING
303 2076 276 25 INTELLIGENCE.

1450 2192 40 24 By
1501 2191 54 24 Mr.
1570 2192 128 24 Tuckbtt.

1277 1996 113 24 .Report,
1414 2003 31 15 op
1475 2002 37 16 ait
1540 1995 193 24 Examination
1760 2003 30 15 of
1817 2003 51 15 the

1317 2027 102 23 Shores
1430 2033 55 16 and
1499 2026 93 23 Lands
1603 2033 133 17 adjacent
1751 2033 34 16 at
1797 2027 71 23 Mas-

1317 2067 78 16 sacre
1409 2059 65 29 Bay,
1493 2058 132 25 Tasman's
1640 2058 80 29 Gulf,
1740 2067 53 16 and
1805 2067 63 16 also

1317 2100 33 16 at
1362 2092 159 29 Wanganui,
1534 2099 33 16 on
1580 2099 51 17 the
1641 2092 131 24 Western
1784 2093 84 23 Coast

1279 2138 3 2 •
1317 2133 31 16 of
1362 2133 50 16 the
1421 2125 108 24 Middle
1537 2125 107 29 Island,
1657 2126 65 23 New
1731 2126 136 23 Zealand.

1319 2160 73 22 1840.
1403 2175 5 7 ,

274 2126 144 21 ARRIVED.

80 2155 63 26 April
157 2156 36 24 30,
210 2154 119 27 brigantine
344 2155 56 25 Ann,
417 2155 34 26 62,
468 2154 102 27 Higgins,
587 2154 56 23 from

54 2183 101 20 Hawke's
165 2182 54 26 Bay.

81 2210 62 21 Same
152 2210 48 26 day,
211 2210 78 26 barque
303 2210 109 26 Brilliant,
423 2210 48 24 380,
482 2209 94 25 Ritchie,
587 2210 56 21 from

52 2238 96 20 Twofold
157 2237 46 26 Bay
212 2238 34 19 via
254 2238 90 19 Nelson.
372 2237 124 26 Passengers
497 2248 28 4 —
525 2238 40 20 Dr.
574 2238 69 26 Imlay

53 2265 44 20 and
104 2265 28 20 E.
142 2265 25 20 J.
175 2265 125 20 Wakefield.

82 2293 61 19 Same
158 2292 49 27 day,
216 2292 47 27 brig
275 2293 87 23 Skerne,
374 2293 47 24 121,
432 2292 77 24 Innen,
518 2292 56 21 from
590 2292 53 27 Syd-

52 2326 43 20 ney
108 2321 35 19 via
159 2320 92 24 Nelson;
271 2320 85 26 general
371 2326 69 20 cargo.
474 2320 117 26 Passenger
592 2331 27 4 —
620 2321 22 19 S.

54 2348 32 20 Re
88 2354 58 18 vans,
155 2347 53 27 Esq.

80 2375 61 21 Same
151 2375 47 26 day,
209 2375 104 20 schooner
323 2375 110 20 Susannah
441 2375 56 25 Ann,
510 2375 36 25 79,
557 2375 84 26 Swany,

52 2403 56 21 from
118 2403 75 25 Kapiti
202 2403 42 20 and
252 2403 39 20 the
299 2405 65 18 coast.

79 2430 53 27 May
149 2431 20 24 1,
183 2430 48 26 ship
240 2430 93 25 London,
345 2430 39 20 700
395 2432 56 22 tons,
468 2429 63 26 Capt.
541 2429 100 24 Atwood,

51 2458 57 20 from
122 2457 99 25 London,
232 2458 78 25 having
317 2457 40 21 left
366 2457 36 21 the
412 2458 42 19 2nd
465 2458 96 25 January
570 2464 6 17 ;
591 2457 51 21 with

50 2485 132 25 immigrants
193 2485 43 21 and
244 2485 145 21 merchandize
397 2485 34 20 for
438 2485 42 19 this
489 2485 68 25 place.

79 2594 62 21 Same
154 2594 48 26 day,
212 2594 79 26 barque
306 2594 72 25 Regia,
391 2594 37 20 180
444 2596 57 23 tons,
512 2593 130 27 Kyle,«from.

53 2621 91 27 Sydney.
178 2622 126 25 Passengers
305 2632 27 4 —
332 2621 22 20 J.
372 2621 70 27 Spiers
457 2622 42 19 and
516 2622 65 25 child,
598 2622 44 20 Mr.

52 2648 43 21 and
111 2649 54 20 Mrs.
181 2648 120 25 Anderson,
317 2648 40 21 Dr.
374 2648 122 25 Crowcrow,
513 2649 57 20 Miss
586 2649 56 20 Hin-

50 2676 59 24 land,
120 2676 89 20 Messrs.
228 2675 76 28 Crope,
313 2676 23 21 J.
346 2676 98 25 Stenson,
454 2676 59 21 John
522 2676 68 25 Lean,
600 2677 42 20 and

54 2704 24 20 P.
90 2703 84 21 Shovel.

80 2513 61 20 Same
151 2513 48 26 day,
209 2513 104 19 schooner
321 2513 99 22 Look-in,
431 2513 34 23 82,
477 2512 166 25 Cannon,~from

50 2540 91 20 Nelson.
180 2540 125 25 Passengers
306 2550 26 4 —
333 2539 44 20 Mr.
400 2539 35 20 W.
455 2539 121 25 Bannister,
601 2540 42 20 and

53 2567 101 25 Captains
164 2566 122 21 Mathieson
297 2566 42 20 and
348 2566 73 21 Stobo.

80 2730 63 21 Same
152 2730 47 28 day,
210 2730 113 23 American
335 2731 117 27 brigantine
464 2732 50 19 O.C.
524 2732 117 24 Raymond,

54 2759 47 25 142,
111 2758 22 21 S.
144 2758 103 25 Denizen,
255 2759 56 20 from
321 2758 80 21 United
411 2759 67 20 States
487 2759 37 20 via
532 2759 109 20 Adelaide.

53 2786 143 25 Passenger—
196 2786 44 20 Mr.
257 2786 116 21 Askinson.

1931 1234 50 24 The
1993 1234 72 24 Town
2077 1236 105 22 Sections
2193 1235 57 23 have
2267 1234 59 24 been
2338 1234 141 26 distributed.

1898 1267 50 24 The
1968 1267 107 24 selection
2099 1268 143 23 commenced
2263 1275 30 16 on
2313 1267 103 31 Monday
2436 1269 43 23 and

1898 1301 76 23 closed
1980 1301 127 31 yesterday.
2143 1301 40 23 On
2190 1301 37 23 the
2234 1301 53 23 first
2294 1301 42 30 day
2344 1301 38 23 the
2394 1302 87 23 choices

1897 1342 58 15 were
1972 1334 116 31 generally
2105 1333 99 24 directed
2220 1335 99 23 towards
2333 1334 39 23 the
2390 1335 91 30 Haven,

1897 1368 55 22 with
1962 1375 14 15 a
1986 1368 57 23 view
2056 1372 21 18 to
2093 1375 78 15 secure
2182 1367 73 23 beach
2271 1366 125 32 frontages.
2431 1368 50 24 The

1896 1401 52 22 first
1959 1401 84 22 section
2057 1401 83 22 chosen
2152 1401 20 22 is
2187 1400 96 23 marked
2294 1401 96 23 number
2410 1403 28 21 11
2451 1410 29 15 on

1896 1434 39 22 the
1943 1434 133 31 Surveyor's
2089 1434 68 23 Plan.
2193 1433 24 23 It
2223 1434 20 22 is
2256 1433 44 23 this
2310 1441 51 15 acre
2373 1441 29 15 on
2408 1430 71 28 which'

1896 1467 40 23 the
1948 1467 138 31 Company's
2106 1467 77 23 offices
2199 1467 44 23 and
2260 1466 38 24 the
2320 1465 110 33 Hospital
2446 1467 37 24 fon

1897 1500 38 23 the
1963 1500 150 31 Immigrants
2136 1508 37 15 are
2195 1499 96 24 erected.
2326 1499 94 31 Among
2442 1500 39 24 the

1898 1533 61 30 early
1976 1533 120 23 selections
2114 1540 58 16 were
2190 1533 37 23 the
2245 1540 51 16 acre
2314 1533 24 23 in
2353 1533 72 23 which
2443 1534 39 23 thft

1899 1566 124 23 coal-seam
2034 1566 41 23 has
2087 1566 59 23 been
2156 1566 78 30 found,
2247 1570 44 19 two
2300 1566 26 23 of
2335 1565 38 24 the
2385 1568 98 22 sections
2491 1587 3 5 ,

1898 1607 30 15 on
1939 1599 113 24 Fifeshire
2069 1599 88 29 Island,
2176 1599 44 23 and
2237 1599 39 23 the
2293 1606 70 24 range
2377 1599 26 24 of
2417 1608 62 16 acres

1898 1632 124 32 extending
2034 1632 68 32 along
2120 1632 38 24 the
2175 1632 86 24 Beach.
2295 1632 44 23 We
2356 1640 57 17 were
2430 1634 65 30 glad-

1899 1669 21 19 to
1933 1665 47 24 find
1991 1666 50 23 that
2053 1665 38 24 the
2103 1667 77 22 native
2191 1672 102 17 reserves
2308 1665 102 24 iccluded
2422 1674 69 16 some,

1898 1698 24 23 of
1938 1698 37 24 the
1988 1704 60 19 most
2059 1699 103 24 valuable
2175 1700 106 22 sections.
2310 1698 58 25 -The
2380 1700 101 23 Maories

1898 1740 38 15 are
1947 1732 115 24 landlords
2070 1733 26 23 of
2104 1732 78 31 nearly
2194 1732 38 23 the
2244 1731 72 24 whole
2326 1732 26 23 of
2359 1732 124 24 Auckland

1899 1765 61 24 Flat.
1996 1765 40 24 On
2055 1765 38 24 the
2112 1765 84 24 second
2213 1766 43 30 day
2276 1765 37 23 the
2333 1766 110 31 tendency
2462 1766 25 23 of

1900 1798 75 24 choice
1986 1806 48 16 was
2044 1799 98 23 towards
2159 1799 38 23 the
2208 1803 92 27 present
2319 1804 75 18 centre
2406 1801 26 22 of
2445 1799 38 23 the

1899 1837 67 24 town,
1979 1832 44 23 and
2035 1832 30 23 all
2079 1832 38 23 the
2135 1832 98 23 sections
2254 1832 24 22 in
2296 1831 39 24 the
2346 1832 135 31 neighbour-

1898 1865 60 23 hood
1970 1864 24 24 of
2004 1865 122 31 Trafalgar
2138 1866 87 30 Square
2236 1872 59 16 were
2305 1865 90 32 eegerly
2402 1865 82 32 sought

1900 1898 65 24 after.
2002 1898 48 23 Tht
2062 1906 64 15 acres
2137 1899 24 22 in
2176 1898 37 23 the
2224 1898 65 23 wood
2300 1898 111 31 appeared
2423 1904 21 19 to
2455 1899 29 23 be

1897 1936 57 18 next
1965 1931 23 23 in
2000 1931 37 24 the
2052 1932 65 23 order
2133 1933 26 22 of
2173 1932 161 31 appreciation.
2371 1932 64 23 Here
2446 1932 38 23 the

1897 1964 76 23 Maori
1991 1964 90 23 choices
2102 1972 59 16 were
2179 1965 66 29 again
2263 1964 145 31 accordingly
2423 1970 60 19 most

1895 1997 111 30 valuable.
2043 1997 40 22 On
2101 1997 38 22 the
2147 2003 3 3 '
2157 1997 60 23 third
2235 1998 46 29 day
2296 1998 39 22 the
2347 1999 94 23 interest
2456 1999 27 23 in

1896 2029 39 21 the
1946 2027 105 23 business
2070 2028 47 22 had
2128 2027 109 31 probably
2383 2031 45 22 and
2444 2031 39 22 the

1895 2060 127 23 remainder
2034 2060 25 23 of
2074 2060 39 23 the
2126 2060 87 23 choices
2225 2068 48 15 was
2281 2069 63 15 more
2357 2063 124 30 equalized.

1897 2093 51 23 The
1971 2100 63 16 acres
2055 2093 98 32 ranging
2173 2093 68 31 along
2261 2093 39 24 the
2322 2094 59 25 little
2401 2097 81 30 valley,

1897 2126 84 24 known
2009 2130 24 19 at
2060 2131 93 26 present
2179 2126 31 31 by
2238 2126 40 23 the
2307 2128 103 23 ominous
2439 2130 44 23 and

1896 2159 121 24 somewhat
2034 2159 139 24 ill-selected
2189 2167 66 16 name
2269 2160 24 23 of
2309 2160 38 24 the
2367 2162 116 24 Poisoned

1895 2192 90 31 Valley,
2003 2200 59 16 were
2080 2201 83 23 among
2180 2192 38 24 the
2236 2192 93 25 earliest
2352 2195 128 25 selections.

1897 2225 34 24 Of
1947 2233 77 16 course
2042 2225 39 24 the
2098 2225 122 32 labouring
2236 2227 134 30 population
2392 2229 46 23 will
2454 2229 29 24 be

1895 2259 109 23 attracted
2020 2259 99 23 towards
2129 2259 50 23 that
2190 2259 119 30 direction,
2327 2260 36 24 for
2375 2261 38 24 the
2425 2262 55 24 sake
2497 2269 2 4 '

1896 2292 24 22 of
1929 2292 37 23 the
1978 2292 123 31 capability
2111 2292 19 23 it
2141 2292 82 24 affords
2235 2292 37 23 for
2284 2293 195 32 garden-ground.

1896 2325 39 23 On
1952 2325 37 22 the
2006 2325 77 24 fourth
2102 2325 44 31 day
2157 2326 64 23 there
2233 2333 48 16 was
2295 2327 47 23 less
2354 2330 127 29 competiti-

1895 2358 55 24 tion.
1998 2358 87 24 Corner
2105 2359 99 23 sections
2220 2360 26 22 in
2267 2359 36 24 the
2324 2359 157 27 Towai-towai

1893 2391 75 31 valley
1983 2398 58 16 were
2059 2391 52 24 first
2128 2392 83 23 chosen
2229 2392 47 23 and
2293 2393 131 25 afterwards
2441 2395 38 24 the

1895 2424 109 31 tendency
2015 2424 26 23 of
2056 2424 76 24 choice
2144 2433 47 15 was
2202 2426 92 29 toward,
2312 2426 39 24 the
2361 2427 59 24 little
2431 2429 48 23 val-

1893 2457 49 30 leys
1954 2465 28 15 on
1994 2457 38 24 the
2047 2458 62 30 right
2121 2459 25 22 of
2161 2459 39 23 the
2210 2459 111 24 -Waimea
2333 2459 75 30 Road,
2426 2467 54 18 near

1895 2490 124 31 Hampden
2053 2490 100 26 Terrace
2183 2492 45 24 and
2263 2492 93 25 Emanu
2395 2495 82 24 Street.

1895 2523 50 24 The
1965 2524 134 24 attendance
2121 2518 137 38 dnririgfthe
2277 2531 89 26 greater
2387 2533 50 26 part
2457 2528 26 23 of

1894 2557 56 23 each
1969 2556 43 31 day
2022 2565 47 15 was
2089 2566 130 17 numerous.
2237 2567 3 5 •
2246 2561 3 4 '
2256 2559 51 23 The
2327 2561 95 23 intersst
2439 2569 40 15 ex-

1895 2590 58 23 cited
1968 2598 45 15 was
2030 2591 116 30 naturally
2163 2600 54 23 very
2228 2597 74 26 great.
2338 2593 44 24 We
2398 2594 83 32 rejoice

1894 2622 119 32 especially
2026 2627 23 19 at
2059 2624 41 22 the
2118 2625 110 23 excellent
2246 2625 90 24 choices
2347 2627 75 24 which
2433 2628 48 23 Mr.

1895 2655 132 32 Thompson
2046 2657 44 23 and
2107 2657 39 24 the
2163 2658 120 31 Principal
2300 2659 115 32 Surveyor
2425 2661 58 24 have

1893 2689 66 24 made
1969 2689 36 24 for
2017 2690 38 22 the
2067 2690 120 31 aborgines
2194 2699 6 20 ;
2213 2692 46 22 and
2266 2699 34 15 we
2311 2692 59 24 shall
2382 2698 40 19 not
2432 2695 48 22 lose

1895 2723 62 30 sight
1964 2722 24 24 of
1996 2723 38 23 the
2046 2723 104 31 question
2156 2724 25 22 in
2190 2724 59 23 what
2262 2732 94 17 manner
2367 2726 38 23 the
2416 2727 68 24 funds

1895 2755 73 24 which
1978 2760 63 19 must
2051 2755 88 31 shortly
2150 2756 28 24 be
2187 2757 76 23 raised
2274 2758 59 24 from
2345 2759 59 23 their
2415 2760 67 24 lands

1896 2789 71 31 ought
1977 2793 23 19 to
2018 2789 29 23 be
2058 2789 98 31 applied.
2192 2790 44 23 We
2248 2794 60 20 trust
2324 2791 51 24 that
2387 2793 38 24 the
2438 2794 45 23 Su-

1894 2822 88 23 bnrban
1994 2822 107 23 Sections
2112 2822 45 23 will
2168 2830 48 16 now
2229 2824 29 23 be
2270 2826 112 29 surveyed
2389 2827 53 23 with
2452 2827 31 23 all

1895 2855 99 31 possible
2006 2855 109 32 despatch
2124 2864 5 20 ;
2150 2856 45 23 and
2206 2864 32 16 we
2258 2857 136 33 confidently
2408 2865 80 26 expect

1895 2888 50 23 that
1957 2888 38 24 the
2013 2888 132 24 settlement
2156 2889 26 24 of
2197 2889 87 24 Nelson
2296 2891 47 23 will
2352 2892 134 24 henceforth

1895 2929 106 24 progress
2012 2921 57 24 with
2079 2922 118 23 increased
2215 2930 92 24 energy,
2319 2932 51 15 now
2382 2925 50 24 that
2446 2927 39 22 in-

1896 2954 98 24 eividual
2005 2955 97 23 interest
2117 2956 19 21 is
2152 2956 139 31 necessarily
2302 2957 116 25 identified
2432 2960 56 24 with

1897 2987 38 24 the
1948 2987 178 25 commonweal.
2128 3000 35 5 —
2163 2987 135 32 Examiner,
2310 2990 73 31 April
2396 2993 40 23 16.

1953 3053 199 25 ENGLISH
2183 3055 245 26 EXTRACTS.

291 2830 114 21 SAILED.

79 2859 63 27 April
150 2859 35 25 27,
195 2858 120 27 brigantine
327 2859 119 24 Vanguard,
455 2859 33 24 61,
499 2858 98 27 Murray,
607 2859 37 21 for

52 2887 54 21 New
115 2887 122 26 Plymouth.

78 2914 63 26 April
156 2914 35 27 30,
207 2914 105 21 schooner
325 2914 75 25 Mana,
412 2914 33 25 22,
464 2913 128 27 M'Donald,
609 2914 40 20 for
647 2915 3 8 1

53 2942 74 21 Mana.

80 2970 61 20 Same
150 2969 48 27 day,
209 2969 103 21 schooner
324 2969 115 24 Catherine,
449 2968 39 21 164
491 2983 13 11 K
506 2968 136 27 Bunnatyne,

52 2997 34 21 for
96 2998 92 26 Sydney.

80 3024 61 21 Same
158 3029 47 22 day,
216 3024 104 21 schooner
336 3024 63 25 Kate,
411 3024 33 26 62,
458 3024 140 24 Macfarlane,
608 3024 34 20 for

53 3052 37 20 the
99 3052 104 20 Chatham
214 3052 90 20 Islands.

82 3078 60 21 Same
157 3078 48 28 day,
224 3079 48 26 brig
289 3078 101 27 Victoria,
408 3079 48 25 200,
479 3078 113 26 Richards,
608 3078 35 21 for

52 3106 90 20 Nelson.

81 3132 62 20 Same
158 3133 47 26 day,
221 3133 103 21 schooner
341 3134 63 24 Kate,
421 3134 34 24 70,
472 3134 63 26 Reid,
555 3134 35 20 for
605 3134 37 20 the

52 3162 66 20 coast,
132 3166 4 4 '

82 3186 202 34 MayJ^^chooner
297 3188 60 26 Lady
365 3188 74 26 Leigh,
451 3189 48 25 109,
517 3188 81 25 Roche,
608 3189 34 19 for

30 3208 154 42 »-=«yaiS|p^
187 3214 152 27 Passengers—
339 3215 87 25 Messrs,
445 3215 133 23 Fjtzherbert
600 3216 42 22 and

705 1965 70 24 Since
794 1968 45 21 our'
856 1965 47 24 last
924 1966 145 31 publication,
1091 1966 87 24 vessels
1199 1966 55 25 have

672 1999 90 24 atrived
771 1999 60 23 from
849 1998 113 31 London,;
972 1999 99 30 Sydney,
1082 1996 172 33 Nelsori^uAik-

671 2031 67 27 laide,
752 2031 45 22 and
812 2031 40 22 the
862 2034 72 19 coast.
970 2031 29 22 In
1019 2031 40 22 the
1077 2038 80 15 course
1175 2032 25 22 of
1214 2035 40 19 two

672 2062 63 31 days,
745 2062 63 24 there
819 2070 59 16 were
889 2071 30 15 no
931 2063 66 23 fewer
1009 2063 56 23 than
1072 2063 62 31 eight
1146 2064 91 22 arrivals
1246 2073 7 19 ;

672 2096 44 23 and
735 2104 41 15 our
788 2096 67 23 noble
875 2095 100 24 harbour
990 2096 43 23 has
1051 2104 14 15 a
1083 2100 62 19 most
1158 2096 96 24 cheerful

672 2137 149 23 appearance.

705 2162 52 23 The
769 2162 111 23 beautiful
891 2163 50 31 ship
952 2159 95 27 London
1060 2163 20 22 is
1091 2170 52 16 now
1159 2167 24 19 at
1197 2163 57 24 Port

672 2195 128 24 Nicholson
810 2196 36 23 for
856 2195 40 23 the
915 2196 81 23 second
1013 2196 64 28 time,
1094 2196 52 28 and,
1157 2196 48 24 like
1216 2196 38 24 the

674 2228 114 27 Oriental,
819 2225 92 33 Boltbn,
940 2227 99 25 Martha
1065 2228 118 32 Bidgway,
1211 2230 43 23 and

670 2261 140 31 Brougham,
829 2269 74 16 seems
920 2261 49 24 like
981 2269 30 16 an
1030 2262 38 23 old
1087 2262 46 23 and
1150 2263 103 23 welcome

670 2295 84 23 friend.
790 2295 50 23 The
857 2293 96 25 London
972 2295 79 31 brings
1070 2295 101 30 English
1192 2296 62 23 dates

671 2333 23 18 to
712 2327 40 24 the
762 2328 127 30 beginning
907 2328 25 23 of
950 2328 107 30 January,
1068 2327 43 24 but
1122 2328 38 24 the
1178 2329 76 30 public

672 2368 60 16 news
744 2368 46 16 was
811 2361 24 23 of
852 2361 59 23 little
929 2361 145 30 importance.
1111 2361 50 24 The
1174 2363 80 24 Queen

670 2401 45 16 was
729 2394 109 31 expected
854 2398 25 18 to
891 2401 59 24 open
966 2394 139 23 Parliament
1122 2395 25 23 in
1164 2403 88 24 person,

670 2427 45 23 and
732 2434 65 24 great
814 2427 156 31 preparations
986 2434 59 16 were
1056 2427 66 24 made
1140 2432 23 19 to
1174 2429 80 23 render

670 2460 38 23 the
729 2467 120 23 ceremony
866 2467 63 16 more
948 2460 55 23 than
1022 2460 91 32 usually
1131 2462 120 31 imposing.

671 2493 51 23 The
734 2493 64 31 Tory
809 2493 121 24 Ministers
941 2500 57 16 were
1011 2493 73 31 likely
1096 2499 23 18 to
1129 2499 61 20 meet
1200 2495 54 23 with

670 2526 58 23 little
743 2526 49 24 real
809 2526 128 32 opposition
953 2527 25 22 in
997 2526 151 30 Parliament,
1160 2528 40 24 but
1216 2528 38 23 the

669 2559 107 24 financial
792 2559 45 24 and
849 2559 141 23 commercial
1001 2564 59 19 state
1072 2560 25 23 of
1108 2560 40 24 the
1160 2565 94 27 couutry

670 2593 74 23 would
762 2594 52 30 give
832 2593 62 23 them
911 2593 78 31 plenty
1000 2593 25 23 of
1039 2593 97 24 anxious
1153 2594 100 32 employ-

670 2630 71 20 ment.
785 2626 50 24 The
856 2626 97 23 number
974 2626 24 23 of
1017 2626 93 24 failures
1132 2634 47 16 was
1200 2635 54 23 very

668 2664 74 26 great,
755 2659 44 24 and
812 2659 27 24 of
852 2659 39 24 old
909 2659 136 24 established
1061 2659 91 24 houses.
1188 2660 65 24 Even

670 2693 38 23 the
726 2700 55 23 very
792 2693 110 23 foremost
919 2692 26 24 of
961 2692 37 24 the
1016 2692 99 24 London
1130 2693 65 24 firms
1208 2701 46 16 was

670 2726 50 23 said
732 2730 24 19 to
766 2727 29 22 be
813 2726 107 30 shaking.

703 2759 95 31 Among
809 2760 38 23 the
856 2759 134 23 ministerial
1000 2758 66 31 plans
1072 2758 36 24 for
1120 2760 135 31 extricating

670 2792 38 23 the
728 2797 95 26 country
833 2793 59 23 from
912 2792 64 23 these
991 2791 136 29 difficulties,
1143 2800 45 16 was
1207 2793 48 23 said

670 2829 22 19 to
712 2825 30 23 be
760 2834 14 15 a
793 2826 91 22 scheme
905 2826 25 22 of
945 2825 62 23 Lord
1028 2825 116 30 Stanley's
1155 2826 35 24 for
1201 2834 52 23 pro-

669 2859 90 30 moting
774 2859 136 30 emigration
925 2866 29 15 on
966 2866 13 15 a
993 2865 55 23 very
1064 2858 63 30 large
1146 2859 67 29 scale,
1224 2859 32 31 by.

668 2899 81 15 means
761 2892 25 22 of
795 2899 14 15 a
823 2892 54 22 loan
887 2895 23 19 to
928 2891 28 23 be
967 2892 75 22 raised
1059 2899 29 15 on
1100 2891 39 23 the
1151 2892 69 24 credit
1230 2892 26 24 of

669 2924 55 23 land
736 2929 23 18 to
769 2925 29 22 be
810 2925 49 22 sold
870 2925 26 22 in
905 2923 39 24 the
956 2924 105 23 colonies.
1098 2924 30 23 In
1140 2925 80 31 regard
1230 2930 23 18 to

670 2958 57 23 New
739 2957 108 29 Zealand,
859 2965 35 16 we
906 2965 42 15 can
959 2961 56 19 state
1026 2957 50 23 that
1086 2965 31 16 no
1134 2959 66 31 reply
1209 2958 45 24 had

669 2991 59 23 been
739 2994 52 20 sent
801 2994 24 20 to
837 2990 38 24 the
895 2990 118 24 Directors
1033 2989 26 24 of
1075 2989 40 25 the
1138 2991 116 32 Company

669 3024 67 22 when
747 3024 38 22 the
796 3023 96 23 London
903 3022 77 24 sailed.

668 3071 2 2 -
695 3057 34 27 ,A
737 3057 104 31 splendid
851 3056 48 24 fete
907 3056 25 24 of
944 3057 173 23 entertainment
1127 3056 49 25 had
1185 3057 70 24 taken

669 3090 65 32 place
757 3094 24 20 at
803 3090 126 31 Plymouth
947 3094 23 19 to
988 3094 104 26 promote
1106 3106 4 4 .
1120 3091 134 30 emigration

668 3124 61 24 from
739 3123 40 24 the
790 3123 67 24 West
875 3123 25 23 of
916 3122 107 32 England
1033 3127 25 19 to
1068 3122 60 24 New
1146 3123 107 29 Zealand,

670 3157 46 24 and
724 3158 59 24 raise
793 3156 69 24 funds
879 3160 24 19 to
919 3156 80 33 supply
1011 3155 39 24 the
1063 3163 82 23 poorer
1156 3157 58 24 class
1231 3157 26 23 of

670 3191 124 30 emigrants
805 3189 54 24 with
872 3189 106 31 olothihg.
1014 3189 25 23 It
1050 3196 46 16 was
1108 3190 106 24 attended
1223 3189 32 32 by

670 3231 14 16 a
701 3224 64 30 large
785 3223 59 31 body
862 3222 28 26 of,
903 3222 38 23 the
959 3221 96 34 nobility
1071 3222 45 23 and
1133 3228 83 26 gentry
1231 3222 26 24 of

670 3256 116 24 Cornwall
797 3256 44 26 and
851 3255 151 27 Devonshire,
1014 3254 56 26 with
1080 3255 61 26 their
1150 3255 78 25 ladies.

703 3289 52 24 The
767 3289 88 31 Bishop
867 3288 27 24 of
901 3288 59 24 New
969 3287 102 27 Zealand
1081 3287 47 24 had
1140 3289 69 24 sailed
1219 3289 36 23 for

670 3321 93 33 Sydney
772 3322 54 24 with
837 3322 65 23 three
914 3321 144 31 Clergyman,
1069 3325 22 19 to
1103 3321 30 23 be
1144 3321 111 25 stationed

669 3360 23 19 at
703 3355 156 31 Wellington,.
866 3354 95 29 Nelson,
973 3353 44 24 and
1035 3354 59 23 New
1109 3354 128 31 Plymouth-
1245 3363 7 20 ;

669 3388 46 24 and
726 3388 38 24 the
782 3388 65 31 plans
859 3388 36 23 for
913 3387 39 23 the
967 3386 64 31 quasi
1042 3387 173 25 establishment
1230 3388 26 23 of

669 3422 39 26 the
722 3421 94 26 Church
833 3421 24 23 in
869 3421 39 22 the
921 3420 85 30 Colony
1018 3428 59 15 were
1095 3420 126 32 beginning
1230 3425 24 18 to

670 3462 90 17 assume
772 3462 14 16 a
797 3454 100 31 tangible
908 3454 45 22 and
962 3452 107 32 practical
1084 3453 80 31 shape.

702 3488 27 24 A
739 3487 91 24 scheme
841 3494 46 16 was
905 3487 25 22 in
939 3493 105 25 progress
1063 3485 37 24 for
1117 3486 84 32 selling
1216 3487 39 23 the

670 3521 116 25 Chatham
808 3519 92 25 Islands
924 3523 22 19 to
969 3519 148 31 Hamburgh,
1141 3520 54 24 with
1216 3520 38 23 the

669 3556 58 22 view
743 3558 22 19 to
778 3553 38 24 the
828 3553 149 23 colonization
995 3552 26 23 of
1035 3552 70 23 those
1115 3552 94 25 Islands
1223 3553 33 31 by

670 3588 104 23 German
780 3595 5 5 v
795 3587 132 30 emigrants.
962 3584 24 25 It
1002 3592 48 16 was
1072 3585 50 24 said
1144 3586 51 23 that
1216 3586 39 23 the

669 3620 91 24 British
783 3619 158 24 Government
959 3618 168 24 countenanced
1144 3619 39 23 the
1200 3626 55 24 pro-

666 3652 56 31 ject,
743 3653 45 23 and
806 3653 50 23 that
873 3652 40 23 the
932 3651 117 31 Company
1060 3658 59 17 were
1131 3656 23 19 to
1168 3652 87 23 receive

670 3682 114 32 £10^000
795 3685 37 24 for
842 3685 60 23 their
916 3685 112 29 territory.

703 3718 78 24 These
792 3727 38 15 are
845 3718 39 23 the
893 3717 109 32 principal
1018 3718 67 23 items
1098 3717 26 23 of
1133 3717 122 29 news/but

669 3755 99 21 extracts
786 3751 60 23 from
863 3751 101 30 English
979 3758 82 24 papers
1073 3750 46 24 will
1138 3750 29 24 be
1185 3750 71 24 found

668 3783 133 23 elsewhere.

279 3285 34 20 IN
327 3287 85 22 PORT.

100 3313 91 26 -Barque
203 3313 113 24 Clydeside,
327 3313 129 22 Mathieson.

106 3341 110 20 Schooner
228 3340 105 20 Governor
341 3342 92 24 Hobson,
444 3342 99 21 Skelton.

107 3368 85 25 Barque
201 3367 129 25 Brougham,
340 3367 117 23 Robinson.

89 3410 3 3 .
109 3396 110 20 Schooner
229 3395 100 23 Blossom,
339 3395 80 21 Tulett.

108 3435 3 5 .
153 3433 9 10 r
233 3422 75 23 Anita,
317 3422 77 23 Beech,

108 3450 54 26 Ship
171 3449 90 20 Martha
270 3448 109 28 Bidgway,
388 3449 77 22 Webb.

110 3478 109 21 Schooner
228 3476 69 26 Royal
304 3476 62 25 Mail,
378 3475 48 27 Hay

110 3516 1 5 .
233 3503 132 27 Enterprise,
377 3502 116 23 Skidmore.

108 3542 33 7 —
141 3542 31 5 —
172 3534 2 13 :
219 3541 4 5 ■
233 3530 110 26 Industry,
353 3530 122 26 M'Gregor.

88 3572 4 7 .
108 3560 125 26 Brigantine
242 3559 58 25 Ann,
310 3557 97 25 Higgins.

109 3587 84 29 Barque
202 3586 109 26 Brilliant,
322 3584 91 23 Ritchie.

106 3614 54 26 Brig
169 3615 87 23 Sherne,
268 3612 73 21 Innin.

109 3642 108 20 Schooner
228 3640 112 21 Susannah
353 3640 55 24 Ann,
419 3638 82 28 Svrany.

109 3669 53 26 Ship
171 3668 94 26 London,
276 3667 77 20 Wood.

108 3696 109 20 Schooner
224 3695 100 24 Look-in,
336 3694 94 21 Cannon.

107 3723 86 27 Barque
202 3723 72 26 Begin,
287 3722 63 26 Kyle.

107 3751 113 21 American
228 3750 120 25 brigantine
360 3748 170 25 O.C.Raymond,
537 3747 105 22 Denizen.-

214 3805 134 22 CUSTOM
362 3805 108 21 HOUSE.

202 3866 114 16 INWARDS
317 3871 27 4 —
346 3865 139 15 COASTWISE.

80 3887 30 22 In
125 3894 47 16 the
334 3893 66 15 from
420 3886 103 21 Nelson.
524 3896 28 5 —
552 3887 86 24 Agents,

50 3915 53 25 Hay
118 3915 20 26 Sf
152 3916 126 21 Machattie.
278 3925 29 5 —
307 3915 27 21 10
353 3916 48 20 tons
419 3916 105 25 potatoes,
543 3914 28 20 50
591 3916 48 18 tons

50 3944 64 20 water
123 3943 69 21 casks.

1317 2252 77 24 Sailed
1404 2252 60 24 from
1475 2252 89 24 Nelson
1578 2253 85 23 Haven
1677 2261 30 15 on
1722 2253 40 24 the
1775 2253 58 25 19th
1846 2253 24 23 of

1283 2285 90 29 March,
1387 2286 106 30 standing
1507 2293 76 16 across
1595 2286 39 23 the
1645 2286 42 30 bay
1698 2286 36 23 for
1745 2287 123 24 Astrolabe

1282 2318 87 29 Roads,
1380 2318 80 24 thence
1467 2319 67 30 along
1543 2319 75 23 shore.
1655 2319 133 31 Separation
1799 2320 69 23 Point

1282 2352 20 22 is
1312 2356 42 18 not
1364 2351 80 24 visible
1455 2352 60 23 from
1523 2351 90 24 Nelson
1625 2352 91 28 Haven,
1731 2360 24 15 as
1767 2353 18 22 it
1796 2353 21 22 is
1828 2361 39 15 co-

1360 2384 30 31 by
1401 2384 95 24 another
1507 2385 64 30 point
1581 2385 70 23 about
1662 2389 38 19 ten
1716 2386 66 23 miles
1794 2390 23 19 to
1828 2386 39 24 the

1283 2417 67 24 south
1361 2417 25 23 of
1394 2419 18 21 it
1418 2426 7 19 ;
1439 2417 71 24 below
1519 2417 75 23 which
1602 2418 63 23 there
1674 2419 20 22 is
1707 2426 29 15 an
1746 2419 75 23 island
1828 2424 40 18 not

1281 2450 95 24 marked
1388 2458 29 15 on
1427 2450 39 24 the
1477 2450 122 31 published
1605 2450 70 30 chart,
1684 2452 102 23 between
1794 2452 73 24 which

1282 2483 45 24 and
1338 2483 36 24 the
1387 2483 66 24 shore
1464 2483 63 23 there
1534 2484 21 22 is
1563 2492 14 14 a
1588 2484 106 24 tolerable
1694 2478 6 8 4
1704 2485 126 29 roadstead,
1842 2486 25 23 in

1282 2516 73 24 which
1364 2525 14 15 a
1383 2516 74 24 vessel
1465 2516 75 31 might
1547 2516 54 24 take
1608 2517 86 32 refuge,
1707 2518 42 23 but
1755 2523 40 19 not
1801 2519 66 30 equal

1282 2554 22 19 to
1315 2549 123 24 Astrolabe
1449 2549 87 24 Roads.
1574 2551 111 31 Crossing
1694 2551 39 23 the
1741 2551 51 24 first
1803 2552 64 30 ridge

1283 2584 24 22 of
1315 2582 57 31 high
1383 2582 61 30 land,
1456 2590 46 23 you
1510 2583 98 23 descend
1619 2591 30 15 on
1660 2591 62 16 some
1731 2584 59 24 level
1800 2593 67 23 grass

1281 2616 60 29 land,
1354 2624 14 14 a
1377 2615 43 24 few
1426 2615 105 24 hundred
1537 2624 64 16 acres
1609 2617 26 23 in
1644 2621 85 20 extent.
1759 2617 108 24 Between

1282 2649 39 24 the
1332 2649 64 31 point
1407 2649 46 23 and
1465 2649 135 31 Separation
1617 2649 70 24 Point
1699 2650 63 24 there
1774 2659 38 15 are
1824 2656 43 18 two

1282 2687 63 27 spots
1354 2681 133 32 frequented
1504 2682 30 31 by
1545 2682 39 24 the
1595 2683 87 23 natives
1693 2683 36 23 for
1747 2684 86 23 culture
1834 2697 33 4 —

1284 2715 87 24 Gotara
1388 2715 48 24 Niii
1455 2714 44 24 and
1520 2714 154 26 Pukkoeboo.'
1707 2716 52 24 The
1776 2717 54 23 land
1847 2718 20 22 is

1282 2748 98 29 wooded,
1393 2747 52 30 and,
1457 2747 55 24 with
1518 2748 58 24 little
1585 2750 126 30 exception,
1723 2758 55 22 very
1790 2756 76 26 steep:

1283 2781 38 24 the
1333 2786 73 19 coasts
1418 2789 38 16 are
1468 2782 71 30 rocky
1539 2793 35 5 —
1574 2782 32 23 all
1616 2782 39 23 the
1666 2782 69 24 rocks
1746 2784 97 29 granite.

1315 2814 85 24 Round
1408 2815 135 31 Separation
1550 2815 78 29 Point,
1639 2817 103 30 entering
1750 2817 117 23 Massacre

1283 2847 57 31 Bay,
1352 2848 20 23 is
1384 2855 14 16 a
1409 2848 67 23 small
1486 2848 52 30 pah,
1554 2848 74 23 called
1638 2848 97 32 Poupou
1745 2850 124 31 belonging

1282 2885 22 19 to
1317 2881 56 29 Eiti,
1387 2889 13 15 a
1410 2881 112 32 principal
1534 2881 63 23 chief
1606 2882 26 23 of
1646 2882 36 24 the
1694 2883 115 24 Motuaka
1821 2883 46 23 dis-

1282 2914 52 23 trict
1341 2923 7 19 ;
1357 2915 95 31 passing
1458 2914 73 23 which
1538 2914 38 23 the
1583 2915 66 23 shore
1656 2915 91 24 recedes
1753 2916 114 24 consider-

1282 2947 66 30 ably;
1362 2947 51 29 and,
1425 2947 25 23 in
1461 2947 38 23 the
1511 2947 138 25 south-west
1660 2949 120 31 extremity
1788 2949 27 24 of
1822 2949 47 24 this

1281 2980 52 30 bay,
1346 2981 20 22 is
1374 2980 95 24 another
1480 2981 52 31 pah,
1545 2981 75 24 called
1631 2982 138 32 Pukkapou,
1783 2983 38 23 the
1830 2991 37 15 re-

1282 3013 89 24 sidence
1390 3014 26 22 of
1432 3014 130 23 Ekkawau.
1604 3015 136 23 Contrasted
1757 3016 56 22 with
1830 3015 38 24 the

1282 3046 66 23 shore
1357 3050 23 19 to
1387 3046 39 23 the
1434 3051 48 19 east
1489 3047 44 23 and
1543 3051 57 19 west
1609 3047 26 23 of
1644 3048 24 28 it,
1682 3047 75 24 which
1762 3054 106 25 presents

1282 3087 14 15 a
1308 3079 120 23 continued
1445 3080 103 31 frontage
1560 3080 26 23 of
1601 3085 63 26 steep
1684 3081 89 31 granite
1792 3081 75 30 rocks,

1282 3112 38 23 the
1331 3112 58 24 little
1399 3112 46 32 bay
1457 3113 25 23 of
1492 3113 133 31 Pukkapou
1636 3121 94 23 appears
1742 3115 125 29 attractive,

1282 3145 45 23 and
1338 3144 60 24 what
1408 3145 54 23 land
1479 3146 63 23 there
1559 3146 21 22 is
1590 3147 21 22 is
1628 3147 153 31 undoubtedly
1792 3148 59 31 good
1860 3157 6 20 ;

1281 3178 43 23 but
1334 3178 37 23 the
1381 3177 81 30 whole,
1475 3186 25 15 as
1507 3179 14 23 I
1527 3179 108 31 imagine,
1644 3180 75 23 would
1728 3185 40 18 not
1775 3186 93 19 amount

1282 3215 23 20 to
1319 3213 73 27 2,000
1403 3219 72 21 acres,
1493 3212 45 23 and
1548 3211 50 24 this
1610 3212 111 32 perfectly
1731 3214 97 24 isolated
1838 3214 31 31 by

1282 3248 44 20 two
1337 3243 72 32 rocky
1419 3243 55 24 hills
1481 3244 59 24 from
1552 3252 45 23 any
1608 3245 64 24 other
1682 3246 96 25 district.

1317 3277 59 24 Pata
1386 3278 21 21 is
1413 3287 3 3 •
1424 3276 46 24 less
1487 3277 56 24 than
1559 3281 43 21 two
1614 3280 65 22 miles
1697 3283 23 20 to
1732 3280 38 24 the
1788 3280 80 24 south-

1282 3314 63 20 west.
1381 3309 162 25 Intermediate
1550 3318 39 17 are
1600 3315 44 20 two
1655 3312 73 32 rocky
1738 3313 95 29 islands,
1844 3322 25 15 or

1282 3343 77 23 rather
1363 3342 74 30 rocks,
1447 3344 120 31 composed
1573 3345 25 23 of
1604 3346 132 31 magnesian
1740 3347 131 29 limestone,'

1282 3376 70 23 about
1362 3375 49 24 half
1421 3384 13 15 a
1444 3377 55 23 mile
1507 3377 33 23 off
1548 3377 76 31 shore,
1635 3379 102 24 between
1742 3380 74 23 which
1823 3381 45 23 and

1282 3409 39 23 the
1333 3408 66 24 shore
1409 3409 22 23 is
1443 3417 14 16 a
1467 3410 59 31 good
1543 3418 80 17 secure
1639 3412 55 24 road
1704 3412 36 24 for
1752 3412 115 33 shipping.

1283 3442 51 23 The
1340 3443 104 30 opposite
1455 3443 56 24 rock
1524 3452 30 16 on
1565 3445 67 23 shore
1643 3445 20 23 is
1675 3445 26 24 of
1714 3447 97 30 granite,
1824 3447 45 24 and

1283 3475 39 23 the
1331 3475 120 24 limestone
1467 3477 20 22 is
1498 3477 50 24 first
1561 3478 69 29 seen,'
1641 3487 30 15 on
1680 3478 40 24 the
1733 3480 62 23 main
1806 3480 61 29 land,

1283 3508 69 23 about
1367 3516 15 16 a
1398 3508 54 24 mile
1470 3513 23 19 to
1510 3509 38 25 the
1560 3515 58 19 west
1628 3511 26 23 of
1669 3511 66 25 Pata.
1772 3513 25 24 It
1814 3513 55 24 then

1284 3548 93 24 appears
1388 3546 23 19 to
1423 3542 86 30 prevail
1517 3543 57 24 both
1581 3551 30 16 on
1621 3544 39 24 the
1672 3550 62 19 coast
1745 3546 45 23 and
1798 3546 25 23 in
1830 3546 39 24 the

1283 3575 117 23 mountain
1422 3582 71 24 range
1515 3576 76 25 which
1606 3584 55 17 runs
1684 3582 23 25 $o
1730 3579 38 23 the
1791 3579 76 30 south,

1283 3607 79 31 nearly
1377 3608 95 30 parallel
1489 3609 56 24 with
1562 3610 40 23 the
1621 3616 62 18 coast
1700 3611 47 24 line
1766 3612 104 24 between

1284 3640 135 30 Separation
1430 3640 70 25 Point
1511 3642 45 23 and
1566 3643 123 25 Astrolabe
1700 3644 88 25 Roads.

1317 3673 34 24 At
1362 3673 66 29 Pata,
1447 3674 65 24 Eiou
1528 3675 46 24 and
1585 3676 53 28 Eia,
1655 3677 105 25 brothers
1775 3679 26 23 of
1816 3678 53 24 Ek-

1283 3705 88 31 kawau,
1391 3715 39 15 are
1448 3707 38 24 the
1503 3708 102 24 resident
1616 3709 71 25 chiefs
1697 3719 6 20 ;
1726 3711 45 23 and
1788 3713 26 22 in
1831 3712 39 24 the

1284 3739 93 31 vicinity
1386 3740 86 23 resides
1484 3741 102 34 Oupore,
1596 3743 93 24 another
1698 3744 63 23 chief
1770 3745 25 23 of
1805 3746 65 30 equal

1284 3772 58 23 rank
1361 3772 44 24 and
1424 3774 101 30 superior
1543 3775 26 22 in
1585 3783 51 23 age.
1670 3776 161 33 Immediately
1846 3783 24 19 at

1284 3805 38 24 the
1338 3805 61 24 back
1411 3806 26 23 of
1452 3807 67 29 Pata,
1536 3807 65 24 there
1623 3809 20 22 is
1656 3817 14 15 a
1683 3810 59 23 little
1760 3811 110 24 available

1284 3838 61 33 land,
1362 3839 42 25 but
1420 3844 41 19 not
1479 3840 66 31 equal
1562 3841 26 24 in
1604 3842 85 31 quality
1707 3851 26 15 or
1751 3848 79 20 extent
1846 3849 24 19 to

1285 3872 81 31 supply
1374 3872 39 24 the
1423 3878 71 19 wants
1504 3875 24 22 of
1538 3874 39 24 the
1588 3876 75 23 native
1671 3876 141 32 population,
1820 3878 50 24 who

1286 3905 104 24 cultivate
1402 3906 65 24 other
1477 3907 74 29 lands,
1564 3908 82 31 chiefly
1655 3917 29 16 on
1695 3910 39 24 the
1746 3910 107 25 Pakaka.

1319 3937 39 24 On
1369 3938 38 24 the
1419 3939 48 24 22d
1478 3939 25 24 of
1518 3940 91 29 March,
1625 3942 61 24 Eiou
1697 3943 125 26 conducted
1832 3952 38 17 me

1929 3114 33 24 At
1972 3114 39 24 the
2029 3115 94 30 general
2133 3116 101 31 meeting
2251 3117 26 23 of
2291 3118 38 23 the
2349 3118 59 24 New
2425 3120 59 23 Zea-

1895 3148 53 24 land
1968 3148 118 32 Company
2098 3148 53 24 held
2171 3156 29 16 on
2211 3150 39 23 the
2269 3151 57 23 16th
2347 3151 137 31 November,

1896 3184 23 20 at
1942 3180 38 25 the
2002 3181 58 24 New
2082 3182 101 24 Zealand
2209 3182 91 30 House,
2324 3184 160 26 Broad-street

1896 3214 129 31 Buildings,
2044 3214 36 24 for
2103 3215 39 23 the
2167 3223 98 24 purpose
2284 3217 26 23 of
2336 3218 115 33 declaring
2470 3228 16 15 a

1896 3247 105 24 dividend
2013 3248 26 23 of
2054 3250 32 22 10
2096 3255 42 24 per
2150 3253 67 25 cent.,
2224 3249 46 24 .the
2282 3250 119 25 Governor
2409 3253 25 23 in
2444 3252 40 24 the

1896 3281 69 29 chair,
1978 3280 38 24 the
2035 3281 118 32 following
2166 3287 77 26 report
2253 3283 34 24 hv
2298 3284 121 25 substance
2437 3294 47 15 was

1895 3315 55 22 read
1965 3314 31 31 by
2008 3314 62 23 John
2087 3314 80 30 Ward,
2180 3315 68 33 Esq.,
2260 3316 40 25 th«
2312 3318 121 33 Secretary
2443 3327 7 15 :—:
2450 3332 36 4 —

1957 3346 49 25 The
2018 3352 94 27 present
2123 3348 73 24 Court
2204 3351 25 21 of
2244 3349 145 33 Proprietors
2400 3352 84 32 having

1895 3380 59 24 been
1970 3381 117 23 convened
2097 3381 35 23 for
2143 3381 39 24 the
2194 3383 90 31 specific
2296 3392 99 25 purpose
2407 3386 24 23 of
2444 3393 39 16 re-

1896 3414 159 31 commending
2074 3414 41 23 the
2132 3414 140 26 declaration
2291 3417 25 24 of
2338 3426 14 16 a
2371 3418 113 30 dividend,

1895 3454 58 23 your
1964 3446 120 24 Directors
2094 3448 90 23 confine
2196 3449 59 24 their
2266 3455 77 27 report
2354 3455 24 20 to
2389 3460 15 15 a
2414 3456 72 20 state-

1896 3483 63 21 ment
1973 3479 26 24 of
2013 3480 38 23 the
2070 3481 101 30 grounds
2190 3490 29 16 on
2237 3483 75 25 which
2397 3492 88 17 recom-

1895 3513 130 24 mendation
2037 3513 19 22 is
2068 3513 67 24 made
2146 3519 23 19 to
2189 3523 53 23 you.
2279 3517 40 24 On
2336 3518 114 24 reference
2461 3522 23 19 to

1896 3546 39 24 the
1946 3546 126 24 Directors'
2086 3547 62 24 third
2167 3555 85 25 report,
2265 3558 14 16 a
2297 3551 91 32 surplus
2408 3552 24 23 of
2446 3560 38 15 as-

1896 3584 47 19 sets
1954 3579 125 32 exceeding
2090 3580 39 24 the
2140 3581 116 26 liabilities
2275 3584 26 24 of
2315 3584 39 24 the
2368 3584 117 32 Company

1896 3613 20 22 is
1929 3612 115 24 exhibited
2055 3617 23 19 to
2091 3614 38 23 the
2141 3621 101 19 amount*
2248 3617 26 24 of
2288 3618 131 29 £136,243
2432 3621 52 21 15s.

1897 3645 39 26 7d.
1972 3645 58 24 This
2042 3646 94 25 balance
2154 3649 26 23 in
2198 3650 39 23 the
2257 3650 139 33 Company's
2406 3644 93 31 favour

1896 3678 99 24 induced
2004 3679 40 23 the
2056 3680 102 26 General
2170 3682 73 26 Cpurt
2258 3685 25 23 of
2298 3685 152 31 Proprietors,
2461 3685 25 22 in

1897 3711 58 32 May
1964 3711 54 30 last,
2030 3716 24 20 to
2069 3713 90 25 declare
2169 3723 15 16 a
2200 3718 162 31 retrospective
2382 3716 104 25 dividend

1897 3744 26 24 of
1937 3746 53 24 £10
2056 3751 60 20 cent.
2141 3749 68 24 Since
2220 3750 51 24 that
2280 3751 80 31 period
2368 3750 38 24 the
2416 3751 68 23 Com-

1896 3786 61 23 pany
1968 3778 42 24 has
2021 3779 60 24 been
2091 3782 125 24 successful
2236 3784 25 23 in
2274 3784 111 30 realizing
2400 3791 13 16 a
2423 3784 63 30 large

1898 3810 123 26 additional
2032 3814 77 29 profit,
2121 3814 31 32 by
2164 3823 79 17 means
2260 3817 137 31 principally
2409 3817 24 23 of
2448 3816 38 24 the

1898 3845 60 23 sales
1967 3845 25 23 of
2005 3845 55 24 land
2069 3848 26 23 in
2105 3847 38 25 the
2154 3849 83 24 second
2248 3850 130 23 settlement
2389 3850 26 23 of
2427 3849 59 31 Nel-

1898 3885 50 22 son,
1972 3880 49 23 483
2045 3879 131 27 allotments
2202 3883 88 31 having
2310 3883 60 23 been
2390 3883 52 23 «old
2462 3883 26 22 in

1898 3910 107 31 London,
2018 3914 118 24 exclusive
2145 3915 26 24 of
2186 3923 13 16 a
2209 3916 98 24 number
2319 3916 24 23 of
2360 3915 138 27 allotments,

1898 3946 149 30 apportioned
2060 3947 40 24 for
2108 3948 46 24 sale
2172 3949 25 23 in
2213 3949 59 25 New
2284 3948 101 26 Zealand
2397 3950 42 24 and
2450 3949 39 23 the

701 51 101 47 HR)t
823 51 122 42 Wtto
967 51 211 43 Zttamto
1199 51 192 48 (Btmtttt
1413 51 94 42 mttr
1528 50 303 49 C23*«ttngfc>rt
1852 46 238 54 &ptttetctf
2091 80 13 13 ♦

1277 140 77 24 where
1371 140 137 25 Scotchmen
1529 149 44 16 arc
1587 138 107 33 resident,
1713 141 44 24 has
1775 142 88 24 availed

1277 173 96 23 himself
1392 173 25 24 of
1440 174 41 23 the
1504 174 157 23 Government
1681 174 52 31 brig
1761 174 104 24 Victoria

1278 206 95 30 visiting
1388 206 44 24 the-
1442 206 150 24 settlements.
1626 201 239 37 We'-are^requested

1279 242 24 20 to
1311 239 103 23 intimate
1425 239 50 24 that
1483 240 64 23 there
1557 239 47 24 will
1614 239 30 24 be
1653 247 29 16 no
1693 240 85 23 service
1788 240 27 23 in
1825 240 39 23 the

1281 271 85 23 Scotch
1397 272 163 31 Presbyterian
1595 273 93 23 Church
1719 273 60 23 until
1812 273 50 23 Mr.

1280 304 136 24 M'Farlane
1434 309 98 25 returns,
1545 305 74 24 which
1630 306 19 22 it
1659 307 21 22 is
1691 305 109 31 expected
1819 305 47 24 will

1280 338 28 22 be
1320 335 83 33 (s.w.)
1414 338 81 23 within
1514 342 43 20 two
1574 338 94 24 months
1680 338 24 24 of
1714 338 45 24 this
1771 338 59 24 date.
1832 350 34 5 —

1282 369 186 31 Communicated,
1479 369 60 32 May
1552 373 24 27 4,
1588 373 74 22 1842.

1314 426 93 24 Birth.
1409 439 33 4 —
1444 427 40 24 On
1500 427 102 31 Sunday,
1615 428 59 32 May
1686 430 21 27 1,
1724 428 38 23 the
1780 428 58 25 wife,
1844 428 24 23 of

1282 458 49 26 Mr.
1344 459 30 24 P.
1389 459 78 25 Hume
1479 460 26 23 of
1514 468 13 16 a
1538 461 119 30 daughter.

1357 522 211 26 MECHANIC'S
1587 524 198 24 INSTITUTE.

882 772 165 16 WANGANUI.

822 808 88 14 Notice
925 811 28 11 to
968 808 134 14 Mariners.

698 840 21 20 A
727 840 50 26 pole
786 841 28 19 28
823 841 42 19 feet
874 840 24 20 in
907 840 74 25 height
988 840 38 19 has
1039 839 52 20 been
1101 842 39 24 put
1153 847 30 20 up
1190 840 63 21 at.the

673 867 42 21 cliff
727 874 30 14 on
765 868 37 20 the
811 867 102 21 northern
922 867 45 20 side
977 867 22 20 of
1009 867 37 19 the
1055 868 99 20 entrance
1161 871 22 18 to
1192 868 61 20 Wan-

672 895 64 26 ganui
746 895 71 24 River,
828 901 22 14 as
860 901 12 13 a
887 896 119 24 temporary
1013 894 61 20 mark
1089 895 57 19 until
1162 902 11 13 a
1182 901 72 21 proper

672 922 101 26 flag-staff
785 928 40 14 can
839 922 26 20 be
874 922 84 20 erected
973 924 22 18 to
1011 921 75 20 denote
1101 922 36 20 the
1151 926 101 17 entrance.

672 950 44 19 The
725 950 39 19 bar
774 949 61 20 shifts
845 955 13 14 a
866 949 55 20 little
936 948 146 26 occasionally,
1092 948 39 21 but
1140 952 22 17 at
1174 952 80 24 present

672 983 13 14 a
693 977 69 20 vessel
771 976 42 20 will
821 977 26 20 be
857 976 23 20 in.
889 976 144 20 mid-channel
1046 976 50 19 with
1109 976 25 20 10
1143 976 44 21 feet
1195 979 59 18 water

673 1006 21 18 at
703 1004 106 24 half-tide,
820 1004 37 19 the
868 1004 49 25 pole
931 1003 85 26 bearing
1025 1003 29 20 N.
1064 1003 58 24 iW.
1140 1004 113 20 mid-chan-

672 1032 36 19 nel
715 1031 30 25 by
754 1037 95 19 compass
860 1031 65 20 about
934 1031 58 20 three
1001 1032 95 24 quarters
1106 1031 25 20 of
1142 1037 13 14 a
1164 1032 53 19 mile.

1891 146 24 20 to
1932 142 39 24 the
1988 143 49 23 coal
2054 143 96 25 district;
2184 143 97 32 Beyond
2298 143 39 24 the
2355 143 119 26 limestone

1892 174 58 25 cliffs
1968 174 89 32 already
2076 177 136 23 mentioned;
2227 176 38 24 the
2288 176 66 24 shore
2374 178 99 28 recedes,

1891 208 99 30 forming
2001 207 107 25 Powarra
2118 209 57 31 Bay,
2194 216 30 18 on
2236 209 40 24 the
2286 213 97 20 western
2392 209 49 24 side
2451 211 25 22 of

1891 240 75 24 which
1976 241 20 23 is
2007 240 39 24 the
2053 241 72 24 outlet
2133 243 24 22 of
2166 247 43 19 two
2217 246 96 20 streams
2386 242 86 30 united^

1893 273 38 23 the
1942 273 133 31 Motupippi
2084 274 47 24 and
2136 275 42 23 Mac
2188 275 108 25 Tehowo.

1926 306 52 23 The
1997 311 70 18 water
2085 307 79 24 within
2182 308 39 23 the
2237 309 54 30 bay,
2312 307 82 24 within

1893 338 66 24 miles
1968 338 25 24 of
1995 350 3 7 >
2006 338 57 31 high
2072 340 156 30 water-mark,
2238 341 21 23 is
2268 349 56 22 very
2335 340 65 24 shoal
2408 348 6 16 :
2429 341 47 24 still

1893 371 63 24 there
1966 372 21 22 is
1998 379 14 16 a
2018 371 96 25 channel
2124 374 25 23 in
2154 373 75 24 which
2238 373 39 24 the
2289 373 63 24 bank
2363 374 20 23 is
2390 373 83 31 always
2486 392 3 3 ■

1895 404 104 29 covered;-
2014 412 25 16 so
2050 404 50 24 that
2110 406 38 23 the
2166 406 133 32 Mqtupippi
2316 414 54 23 may
2380 407 29 23 be
2420 414 54 16 con-

1894 437 89 23 sidered
2004 445 25 16 as
2051 439 123 23 accessible
2194 446 65 24 every
2276 439 47 23 tide
2343 444 25 18 to
2389 439 86 24 vessels
2497 454 2 5 ■

1895 470 99 30 drawing
2010 477 30 16 no
2060 478 64 16 more
2142 471 54 23 than
2211 479 68 16 seven
2295 473 46 22 feet
2358 472 25 23 of
2398 477 76 30 watef.

1895 502 75 24 There
1987 503 84 31 proved
2085 508 24 19 to
2121 503 28 23 be
2166 504 131 24 abundance
2308 505 27 22 of
2348 505 60 30 good
2425 505 49 23 coal

1894 536 25 23 in
1940 536 40 23 the
2000 535 46 24 bed
2061 536 25 23 of
2102 536 40 23 the
2159 537 68 29 river,
2236 537 38 28 sof
2291 537 75 24 which
2385 537 14 24 I
2422 545 54 24 pro-
2490 561 3 3 .

1895 569 68 23 cured
1984 576 14 16 a
2017 568 125 31 specimen.
2188 569 49 23 The
2260 569 110 25 direction
2392 570 26 24 of
2437 570 39 24 the

1895 606 71 19 strata
1973 602 20 23 is
2004 601 74 24 N.W.
2089 601 46 23 and
2143 601 59 24 S.E.
2211 610 6 20 ;
2230 602 38 23 the
2276 602 37 32 dip
2324 607 23 19 to
2354 603 39 24 the
2403 602 79 25 N.W.-

1894 642 55 23 very
1959 639 64 26 great
2030 643 7 20 ;
2057 642 31 15 on
2098 634 75 24 which
2190 638 103 25 account,
2309 635 21 24 if
2345 636 92 24 worked
2448 644 29 15 on

1895 667 36 24 the
1944 671 62 20 coast
2018 675 13 16 a
2041 667 93 31 locality
2145 674 29 16 on
2181 667 39 22 the
2229 667 170 25 south-eastern
2410 668 66 25 shore

1894 700 73 24 would
1973 700 29 24 be
2009 700 126 32 preferable
2142 708 5 21 ;
2159 700 38 23 the
2206 700 269 33 coalmountingrapidly,

1895 733 37 24 the
1949 734 61 23 mine
2021 733 75 24 would
2107 733 66 23 drain
2190 733 78 23 itself.'
2296 733 50 23 The
2365 742 78 16 course
2454 735 25 22 of

1895 766 37 23 the
1942 766 131 31 Motupippi
2080 768 22 24 is
2110 766 46 23 lost
2166 770 23 19 to
2197 766 63 31 sight
2265 766 26 22 in
2298 774 14 15 a
2318 766 67 24 dense
2392 767 70 24 forest
2467 776 6 19 ;
2491 776 4 4 •

1895 799 42 22 but
1948 800 18 22 it
1976 799 110 31 probably
2092 799 43 24 lies
2146 803 23 20 at
2180 799 38 23 the
2229 799 49 22 foot
2284 799 26 23 of
2319 799 38 22 the
2364 801 116 23 mountain

1896 839 70 24 range
1977 832 58 23 from
2051 832 39 23 the
2102 832 75 29 south,
2196 832 45 23 and
2251 832 72 23 forms
2338 832 40 23 the
2392 837 88 20 eastern

1895 865 116 30 boundary
2023 865 24 23 of
2064 872 15 16 a
2096 865 147 30 magnificent
2253 864 82 32 valley,
2356 866 123 30 stretching

1897 902 22 19 at
1930 897 58 24 least
2007 902 39 19 ten
2063 898 66 23 miles
2145 897 79 24 inland
2238 901 24 20 to
2277 897 40 24 the
2335 898 75 30 south,
2425 900 54 22 then

1896 930 86 24 headed
2001 930 30 32 by
2049 938 16 16 a
2081 931 127 28 mountain,
2230 930 40 24 the
2293 931 53 23 base
2363 932 25 22 of
2406 931 84 26 which,

1897 968 114 26 separates
2022 965 20 22 it
2051 963 61 24 from
2124 971 61 16 some
2197 963 25 24 of
2231 971 41 16 our
2283 963 51 24 best
2344 964 55 23 land
2408 966 26 22 in
2442 964 38 24 the

1897 997 114 23 Mutuaka
2022 997 100 23 district.
2158 996 39 24 On
2209 997 36 23 the
2258 1000 57 20 west
2325 996 45 24 this
2378 996 101 28 vaJWis
2491 1008 4 4 -

1896 1030 104 24 bounded
2011 1030 31 31 by
2053 1038 14 15 a
2076 1030 120 23 mountain
2208 1030 24 23 of
2247 1029 49 24 still
2305 1034 89 26 greater
2407 1027 83 33 eleva^

1896 1063 56 30 tion,
1968 1063 37 23 the
2016 1063 49 23 foot
2076 1063 27 23 of
2110 1063 75 23 which
2195 1063 21 23 is
2227 1063 26 23 of
2268 1070 53 23 easy
2333 1067 85 24 ascent,
2436 1063 50 24 and'
2495 1078 3 5 ■

1896 1096 101 24 abounds
1998 1109 32 4 —
2032 1104 25 15 as
2069 1096 13 24 I
2095 1104 38 16 am
2143 1096 106 24 assurred
2265 1096 31 31 by
2309 1096 40 25 she
2354 1095 127 28 -natives^-:

1896 1129 24 23 in
1931 1129 56 23 coal.
2363 1147 4 3 >
2391 1133 12 9 *■

2070 1168 46 32 [To
2129 1169 25 24 ie
2166 1169 139 32 continued.']

1313 582 26 24 A
1349 583 91 30 general
1458 585 101 29 meeting
1571 584 24 22 of
1612 583 39 24 the
1661 583 114 24 members
1786 583 27 24 of
1826 583 39 23 the

1281 615 71 24 above
1363 615 135 24 Institution
1509 616 56 23 took
1574 616 66 30 place
1649 616 25 23 in
1683 616 38 23 the
1731 616 135 24 Institution

1281 649 88 23 Rooms
1388 656 29 16 on
1435 648 103 32 Monday
1548 649 68 30 night
1628 649 53 29 last,
1694 649 65 23 when
1771 649 38 23 the
1820 649 46 23 fol-

1280 682 85 30 lowing
1375 681 130 31 gentlemen
1515 689 58 16 were
1587 682 87 23 elected
1686 682 74 24 Office
1769 682 97 23 Bearers

1280 714 36 24 for
1327 714 39 24 the
1378 715 97 29 ensuing
1486 714 51 24 half
1545 722 54 22 year
1608 723 6 15 :
1614 727 36 4 —

1496 754 134 24 •President
1638 763 6 15 :

1360 793 16 28 /
1394 787 94 24 Colonel
1500 787 105 24 William
1620 787 134 24 Wakefield.

1468 827 207 25 Vice-Presidents
1684 836 5 15 :

1389 861 39 24 W.
1443 862 126 27 Svrainson,
1583 860 68 31 Esq.,
1664 860 102 29 F.R.S.,

1391 894 49 24 Mr.
1458 894 104 24 William
1579 893 77 32 Lyon.

1505 934 126 24 Treasurer
1641 942 5 15 :

1441 967 50 24 Mr.
1505 968 78 22 James
1595 967 108 24 Jackson.

1510 1008 120 31 Secretary
1640 1016 6 16 :

1451 1041 48 23 Mr.
1512 1041 61 23 John
1585 1041 116 24 Knowles.

1501 1085 136 23 Committee
1644 1094 6 14 :

843 1096 123 20 LATEST
981 1096 108 20 DATES.

684 1129 79 18 London
849 1130 42 17 Jan.
933 1131 17 16 4.
979 1129 39 21 Bay
1025 1129 22 18 of
1055 1129 83 18 Islands.
1143 1142 5 5 .
1155 1130 41 18 Feb.
1227 1131 16 16 4.

683 1150 77 22 Sydney
849 1150 56 22 April
933 1152 17 16 2.
978 1150 81 18 Thames
1152 1151 47 18 Mar.
1219 1152 25 16 30.

682 1172 43 17 Van
750 1171 99 18 Dieman's
979 1171 44 18 Port
1030 1170 71 22 Phillip
1116 1173 87 17 ....Mar.
1217 1173 26 16 30.

703 1193 56 17 Laod
819 1192 76 19 ...Jan.
932 1193 18 17 0.
978 1192 91 18 Adelaide
1154 1193 46 18 Mar.
1227 1194 16 16 2.

767 1239 123 20 AGENTS
902 1239 58 20 FOR
976 1239 70 19 THIS
1059 1239 108 20 PAPER.

693 1272 39 17 Mr.
744 1272 126 17 BURCHAM
964 1272 73 17 Petoni.

693 1293 39 17 Mr.
746 1293 19 18 F.
776 1293 24 17 G.
812 1293 88 17 MOORE
964 1293 71 17 Nelson
1042 1292 77 18 Haven.

693 1314 39 17 Mr.
744 1314 25 17 R.
779 1314 116 17 BARRETT
969 1314 44 17 New
1021 1314 109 21 Plymouth,
1136 1313 99 19 Taranald.

693 1335 39 17 Mr.
744 1335 27 18 H.
780 1335 123 17 CHURTON
967 1335 113 21 Wanpanui.
1120 1350 9 4 _
1263 1346 2 4 ,

693 1356 39 17 Mr.
743 1356 31 18 W.
785 1356 99 18 WILSON
895 1364 4 4 •
966 1356 39 21 Bay
1012 1354 21 19 6t
1042 1356 84 17 Islands.
1263 1348 2 34 J

693 1401 41 17 The
741 1401 98 22 following-
845 1406 32 12 are
885 1401 34 17 the
926 1402 76 20 quarter
1013 1401 46 22 days
1068 1401 21 17 of
1097 1401 41 17 this
1145 1406 57 17 paper
1209 1407 27 12 :—

779 1429 68 17 March
1105 1430 48 16 31st.

779 1450 52 17 June
1106 1451 50 17 30th.

779 1471 133 21 September..
960 1483 16 6 ..
1022 1483 15 6 ..
1086 1472 71 17 ..30th.

779 1492 107 18 December
1105 1494 49 16 31st.

693 1518 83 18 Persons
783 1519 110 21 previously
899 1520 21 16 to
934 1518 144 23 discontinuing
1087 1519 51 18 their
1145 1523 68 18 papers
1220 1518 35 18 and

672 1539 168 23 advertisements,
848 1541 53 16 must
908 1540 57 17 settle
973 1540 31 17 the
1014 1541 92 16 accounts
1114 1540 38 17 due
1158 1545 25 17 up
1194 1541 20 16 to
1224 1540 33 17 tha

673 1561 52 17 date.

797 1607 99 21 Notice
912 1609 27 19 to
955 1607 178 21 Subscribers.

675 1641 78 24 Papers
769 1640 45 20 will
825 1641 36 19 not
876 1640 23 20 be
912 1641 47 19 sent
974 1641 20 19 to
1006 1646 87 19 persons
1107 1640 63 25 living
1185 1641 35 19 out
1235 1639 26 25 of

699 1668 56 20 Port
765 1667 120 24 Nicholson,
901 1668 69 20 unless
983 1669 153 23 arrangements
1150 1674 36 13 are
1199 1668 58 19 made

696 1695 39 24 for
745 1695 34 19 the
783 1696 102 25 payment
894 1695 27 25 of
926 1695 35 20 tht
970 1701 59 20 same,
1041 1695 91 25 through
1141 1701 28 13 an
1181 1695 74 26 Agent,

700 1724 24 18 at
736 1723 132 25 Wellington.

146 136 114 28 Principal
270 136 129 28 Surveyor's
409 137 76 27 Office,
496 137 145 27 Wellington,

311 164 54 28 May
373 164 20 26 4,
405 166 59 20 1842.

57 196 148 51 NOTICE
224 196 30 24 IS
271 197 129 23 HEREBY
419 197 107 28 GIVEN,
545 197 52 23 that
615 205 27 15 on

125 225 5 4 '
139 223 108 28 Monday;
266 225 63 21 June
339 225 21 26 6,
371 225 64 26 1842,
445 224 38 22 the
498 225 109 27 township
621 225 24 21 of

56 250 130 28 Wanganui
195 251 47 21 and
251 251 97 26 Country
356 250 98 22 Sections
462 251 25 22 in
493 251 51 21 that
548 251 93 26 district,

56 277 45 21 will
111 277 28 21 be
148 276 86 23 thrown
239 284 58 20 open
306 277 35 21 for
348 277 104 22 selection
461 280 24 19 at
492 277 37 22 the
535 277 109 23 Resident

57 303 129 28 Surveyor's
196 303 70 22 Office
281 305 24 19 at
318 302 134 28 Wanganui,
463 307 23 18 at
496 305 25 20 11
532 311 50 15 a.m.
593 311 50 19 pre-

56 329 76 28 cisely,
145 329 46 23 and
201 330 57 21 close
268 333 23 18 at
299 330 16 20 4
325 336 46 15 p.m.
379 337 6 20 ;
388 337 54 15 -one
449 330 51 22 half
505 329 39 23 the
554 329 89 23 choices

54 356 47 22 will
112 360 25 18 be
147 356 65 22 made
219 362 30 15 on
259 355 38 23 the
306 355 105 28 first.day,
418 356 45 22 and
472 357 41 21 the'
515 356 128 22 remainder

57 390 30 14 on
96 382 38 22 the
143 382 81 22 second
234 388 25 15 or
266 381 115 28 following
391 382 49 28 day:
501 389 5 5 '
535 392 11 14 \

84 409 46 21 The
146 408 69 22 Flans
223 407 45 23 will
281 409 46 25 lie.
327 416 56 20 open
390 409 35 21 for
440 409 123 28 inspection
567 412 31 19 .at
605 409 38 22 the

57 434 112 27 Principal
179 435 130 26 Surveyor's
326 435 69 22 Office
412 439 23 18 at
444 435 146 28 Wellington,
599 435 45 23 and

56 466 25 17 at
89 461 37 21 the
137 460 109 23 Resident
254 461 129 26 Surveyor's
393 461 70 22 Office
472 466 23 18 at

54 488 59 22 from
130 489 27 20 10
171 495 50 15 a.m.
237 490 23 18 to
273 489 16 21 4
303 494 47 16 p.m.
367 488 60 27 daily
435 489 56 22 until
507 488 39 23 the
562 487 45 29 day
621 490 25 20 of

57 514 113 22 selection.

218 541 95 22 Samuel
328 541 107 22 Charles
449 541 76 24 BaEEs
527 558 9 11 t

284 567 110 28 Principal
405 569 114 32 Surveyor,
527 581 5 4 -

320 594 56 22 New
385 594 99 23 Zealand
494 596 122 27 Company.
644 614 5 6 ,

146 639 78 21 Land
240 639 102 21 Claims
357 639 189 21 Commission.

57 671 166 50 ERRATA.
224 683 29 5 —
254 672 28 22 In
306 672 37 22 the
366 672 172 22 advertisement
557 673 26 22 of
604 674 38 22 the

127 698 188 27 Commissioners,
324 698 36 22 the
368 698 49 22 15th
425 698 26 21 of
456 699 55 27 May
515 700 20 21 is
544 699 100 23 inserted

54 732 26 15 as
92 725 38 22 the
145 725 45 29 day
203 725 62 22 fixed
277 726 34 21 for
325 725 37 22 the
376 726 94 26 opening
480 726 26 21 of
512 726 39 22 the
566 728 76 26 Court,

125 752 83 27 (which
217 752 50 21 falls
277 759 29 14 on
316 759 13 14 a
339 751 99 28 Sunday)
450 752 89 23 instead
553 754 27 21 of

83 785 168 27 MONDAY,
275 785 74 23 THE
372 786 68 21 16th
462 786 44 22 OF
527 786 88 28 MAY,

55 820 32 14 on
94 812 75 22 which
176 812 66 22 latter
252 811 44 28 day
304 811 39 23 the
351 811 100 23 business
459 813 45 22 will
508 820 135 15 -commence

54 842 25 18 at
89 840 22 20 11
123 839 85 21 o'clock
218 838 23 22 in
252 838 39 22 the
300 838 111 22 forenoon.

125 882 108 22 ANTED
244 882 236 28 IMMEDIATELY,
486 891 13 14 a
507 884 137 22 Gentleman

152 912 22 18 to
195 908 54 22 Edit
263 909 39 21 the
316 910 53 20 New
384 910 93 21 Zealand
496 911 89 20 Gazette
603 912 43 20 and

57 936 126 26 Wellington
201 937 120 25 Spectator.
362 936 44 22 For
418 938 138 27 particulars,
577 939 67 27 apply

53 966 25 18 to
87 962 37 23 the
136 963 130 27 Proprietor,
277 966 23 18 at
310 963 36 22 the
357 962 78 24 Office.

124 1006 107 23 ANTED
245 1007 47 22 AN
306 1007 116 22 ACTIVE
436 1008 114 23 YOUNG
561 1009 81 28 MAN,

141 1033 49 22 who
198 1034 19 21 is
228 1036 125 25 competent
362 1037 22 18 to
391 1041 93 21 manage
491 1043 14 14 a
514 1036 130 28 Stationery

53 1060 46 21 and
108 1060 103 27 Printing
224 1060 109 28 business,
344 1060 45 22 and
404 1064 23 18 to
437 1062 80 22 collect
529 1067 114 19 accounts.

53 1086 158 23 Testimonials
226 1088 25 21 to'
258 1087 114 22 character
386 1088 44 21 and
445 1091 145 26 competency
600 1091 45 21 will

53 1113 29 22 be
92 1114 111 27 required.

54 1157 178 50 WANTED
249 1158 35 22 for
297 1158 38 22 the
351 1159 137 23 Mechanic's
503 1160 115 28 Institute,
632 1169 13 14 a

151 1192 81 20 person
242 1188 22 18 to
274 1189 37 17 act
320 1192 24 14 as
360 1185 117 23 Librarian
492 1187 45 21 and
553 1187 92 22 School-

54 1215 86 18 master
148 1215 24 17 to
182 1211 38 21 the
235 1211 71 22 above
322 1212 137 22 Institution.
487 1213 158 24 Testimonials

56 1239 27 21 of
94 1238 163 27 qualifications
268 1239 41 21 &c.
320 1242 22 18 to
351 1239 28 21 be
395 1243 49 18 sent
458 1239 23 23 in
490 1248 30 14 on
531 1248 26 14 or
565 1241 79 22 before

56 1265 38 22 the
106 1265 52 22 14th
166 1265 91 22 instant.

361 1292 64 23 John
439 1293 123 28 Knowles,
632 1293 5 9 l

375 1328 9 9 '
490 1322 126 27 Secretary.

56 1346 131 22 Institution
200 1346 91 26 Rooms,
303 1345 118 29 adjoining
429 1347 187 28 Barrett's-hotel,

261 1373 57 26 May
326 1375 20 24 3,
359 1375 60 21 1842.

56 1418 41 20 To
111 1418 165 23 Gentlemen
290 1420 146 27 intending
449 1421 28 20 to
492 1422 79 19 enter
584 1421 59 21 into

84 1444 45 20 the
158 1448 145 22 profitable
331 1447 107 26 pursuit
466 1446 30 21 of
523 1447 122 28 Grazing

83 1472 56 20 and
160 1472 137 28 Breeding
316 1474 91 24 Stock,
428 1474 43 20 for
489 1474 91 21 which
601 1476 42 20 the

83 1498 89 22 fertile
192 1502 111 19 Islands
324 1500 31 21 of
372 1501 68 20 New
457 1500 124 23 Zealand
600 1508 44 15 are

83 1531 31 16 so
129 1528 153 26 peculiarly
296 1528 125 26 adapted.

54 1559 92 48 THE
157 1561 153 26 undersigned
318 1562 43 27 beg
371 1564 22 19 to
402 1562 82 21 inform
492 1561 59 21 their
560 1561 85 22 friends

129 1587 46 22 and
190 1588 38 22 the
243 1588 76 27 public
334 1589 128 27 generally,,
470 1588 50 22 that
536 1588 56 28 they
600 1589 45 22 will

127 1617 102 19 contract
237 1620 36 16 tor
281 1615 39 21 the
335 1615 99 28 delivery
445 1615 26 22 of
477 1615 38 21 the
530 1615 115 28 following

56 1640 135 28 description
204 1642 27 21 of
237 1641 75 28 Stock,
319 1642 24 22 in
351 1650 46 19 any
405 1643 53 21 Port
468 1643 25 21 of
506 1641 39 23 the
555 1642 90 22 Islands

56 1667 26 21 of
88 1667 56 22 New
155 1668 101 22 Zealand
264 1676 4 14 :
271 1679 30 5 —

83 1693 96 24 Horned
195 1695 68 22 cattle
280 1696 125 27 (improved
418 1695 88 27 breeds)
522 1696 27 21 of
560 1695 32 22 all
607 1695 38 22 de-

55 1720 125 29 scriptions,

82 1747 93 28 Horses,
197 1749 59 22 from
278 1749 38 21 the
338 1749 50 22 best
406 1749 93 28 English
519 1749 46 22 and
572 1768 9 8 c
583 1749 61 22 Arab

54 1774 70 27 Btuds,
141 1775 96 23 suitable
252 1776 35 21 for
306 1776 84 27 racing,
405 1776 82 27 saddle,
499 1783 26 14 or
536 1777 106 26 harness;

54 1801 46 22 and
108 1801 109 28 breeding
226 1810 82 19 mares,

82 1829 57 21 Pure
150 1829 76 22 Saxon
237 1829 45 22 and
291 1829 87 22 merino
388 1836 64 21 ewes,
618 1844 3 3 •
651 1832 2 25 j

81 1855 123 22 Half-bred
219 1855 113 23 Leicester
347 1856 46 22 and
407 1856 85 22 merino
513 1864 64 19 ewes,
594 1864 51 20 par-

53 1882 105 27 ticularly
166 1883 97 27 adapted
276 1883 37 21 for
321 1883 44 22 this
375 1887 100 23 country,
485 1890 26 15 as
520 1883 55 28 they
581 1884 63 22 unite
651 1887 2 4 '

52 1908 83 27 weight
145 1909 27 22 of
177 1916 87 15 carcass
275 1909 54 22 with
338 1910 96 22 fineness
445 1911 25 20 of
477 1911 64 21 wool.
651 1904 2 29 !

80 1935 48 23 The
151 1937 154 26 undersigned
327 1944 42 15 can
397 1938 167 21 accommodate
592 1945 53 19 pur-

53 1962 90 23 chasers
158 1963 26 21 of
197 1963 58 22 their
265 1963 68 22 Stock
350 1963 55 22 with
421 1964 114 23 extensive
550 1965 94 27 grazing

52 1996 62 19 runs,
125 1989 79 23 within
214 1992 40 20 100
264 1990 65 22 miles
339 1990 26 21 of
371 1991 43 22 this
424 1991 60 21 Port.
651 1986 2 36 j

317 2016 36 22 W.
368 2017 27 21 B.
409 2017 93 21 Rhodes
517 2017 47 21 and
577 2018 40 20 Co.
651 2023 2 19 j
