2529 4020
353 40 301 50 &upplcnmtt
677 43 48 39 to
748 42 76 45 tlje
846 40 120 43 Tsm
991 39 210 42 Zealand
1225 38 193 48 i&^tttt
1442 36 92 42 atto
1557 36 307 47 {Wellington
1887 32 269 52 ftß*tt»tsr»

651 128 109 27 Okokata,
799 127 130 22 Marototoo
963 133 27 15 or
1020 125 53 28 Ship
1107 125 66 27 Cove,
1207 127 32 23 Te

651 155 121 22 Kurakura
799 160 24 14 or
851 153 60 27 Shag
938 153 71 26 Cove,'
1029 151 156 23 Panarawhibi
1216 161 24 15 or

650 181 64 22 West
724 181 54 27 Bay,
790 179 108 28 Waoapu,
910 179 90 25 Miretu,
1019 179 32 22 Te
1065 179 53 26 Era,
1137 178 102 30 Wahirie,

798 206 99 27 Nakuta,
929 206 30 22 Te
990 205 113 27 Waringa,
1134 205 105 30 Waitohi,

652 234 141 26 Watamung,
806 233 76 22 Katun
885 240 20 20 a,
920 232 75 26 Itawa,
1018 232 72 27 Obna,
1107 231 85 29 Mohio,
1209 234 31 22 Te

651 261 50 21 Tito
711 267 25 15 or
746 259 81 28 Oyater
836 259 55 28 Bay,
911 259 96 25 Onarua,
1026 259 82 26 Onora,
1128 259 99 26 Ngnatui
1234 269 5 18 ;

652 287 38 21 the
713 286 79 22 Island
811 286 26 21 of
858 285 125 28 Alapamai,
1007 285 116 26 including
1141 285 99 30 Okikari,

652 313 119 25 Wekanui,
783 312 45 22 and
837 312 56 22 East
900 313 54 26 Bay,
961 311 39 22 the
1006 311 85 22 islands
1098 311 26 21 of
1131 311 109 30 Motuara,

652 339 70 23 Kieta
731 346 25 15 or
766 339 64 27 Long
837 338 85 28 Island,
931 339 117 26 Matapara
1056 337 184 31 andTaiKaiopi,

653 365 127 26 Wanganui
790 372 25 15 or
825 365 86 28 Cloudy
920 365 54 32 Bay,
992 364 37 22 the
1039 365 59 21 river
1107 364 45 22 and
1159 365 84 23 district

654 393 27 21 of
704 393 101 26 Warroa,
830 391 146 27 Paramowiti,
984 405 6 3 -
999 391 124 28 Kaparatia
1141 398 26 14 or
1185 393 57 28 Cape

654 419 123 28 Campbell,
804 419 114 32 Waipapa,
936 419 174 26 Mangamaonu;
1136 417 106 30 Kaihora,

654 445 71 28 Aitiu,
737 441 90 30 Peketa,
837 445 116 27 Yekiakia,
966 445 66 26 Onui,
1039 445 33 22 Te
1079 443 111 30 Whanga,
1202 448 42 21 and

654 472 46 22 also
718 472 135 27 comprising
867 472 31 22 all
913 471 62 23 those
989 471 71 28 lands,
1075 471 92 27 islands,
1183 476 61 19 tene-

654 502 81 24 ments,
752 499 80 26 woods,
848 499 61 27 bays,
929 498 113 27 harbours;
1060 498 76 27 rivers,
1153 501 91 22 streams

655 525 46 22 and
710 525 85 26 creeks,
806 525 80 22 situate
894 533 29 14 on
931 525 38 22 the
979 531 41 15 nor
1021 525 63 21 them
1094 525 66 21 shore
1171 526 25 22 of
1207 527 37 22 the

655 552 48 22 said
717 551 80 23 Cook's
814 552 87 27 Straits,
917 551 71 23 which
1004 558 37 15 are
1054 551 106 22 bounded
1171 559 28 15 on
1207 553 37 23 the

656 578 126 22 north-east
800 579 32 29 by
849 586 14 15 a
882 579 70 22 direct
969 578 47 22 line
1035 578 76 22 drawn
1130 578 58 23 from
1196 600 3 4 .
1206 581 37 21 the

656 605 107 22 southern
770 605 59 22 head
839 606 27 21 of
876 607 37 20 the
923 606 59 21 river
991 612 25 14 or
1022 604 98 22 harbour
1136 605 25 21 of
1178 607 67 22 about

657 631 142 28 thirty-eight
808 631 93 28 degrees
910 631 70 28 south,
990 635 23 18 to
1025 633 57 26 Cape
1089 631 154 30 Tehukakore,

657 658 79 22 situate
746 666 29 14 on
786 658 38 22 the
834 663 48 17 east
891 661 64 25 coast,
966 659 24 21 in
999 658 38 22 the
1044 658 94 22 latitude
1148 659 25 21 of
1181 659 65 24 about

656 685 112 27 forty-one
778 685 90 27 degrees
879 685 69 28 south,
966 684 45 22 and
1020 692 29 15 on
1059 685 37 21 the
1110 688 54 24 east,
1176 687 67 28 south,

658 712 44 21 and
712 715 54 19 west
781 712 30 26 by
826 712 37 22 the
880 719 45 20 sea,
942 712 118 27 excepting
1069 712 37 22 the
1123 712 86 22 islands
1224 715 24 21 of

658 738 76 27 Kapiti
745 746 24 14 or
783 738 71 27 Entry
869 739 83 27 Island,
967 738 46 22 and
1026 739 39 21 the
1080 739 66 21 small
1161 739 85 25 Islands

658 764 104 29 adjacent
776 765 93 27 thereto,
888 765 46 22 and
948 766 37 22 the
1001 765 75 22 Island
1091 765 28 21 of
1136 765 71 23 Mana
1222 776 23 14 or

658 791 69 22 Table
738 792 83 26 Island,
837 792 31 22 all
884 793 78 21 situate
979 800 28 14 on
1022 793 39 21 the
1075 792 49 22 said
1141 793 104 23 northern

658 818 65 22 shore
732 819 27 21 of
770 819 80 21 Cook's
860 819 85 28 Straits,
958 819 41 22 but
1014 819 117 26 including
1147 819 99 23 Tehaka-

658 844 61 28 kore,
744 845 142 28 Warehama,
912 846 181 27 Ranganaeama,
1119 845 125 30 Wainerah,

658 872 130 27 Turakarai,
799 872 128 28 Wanganui
938 873 69 26 Ateri,
1020 880 24 15 or
1054 873 53 21 Port
1118 873 126 30 Nicholson,

659 898 113 27 Rimerah,
784 899 122 28 Oteranga,
924 900 94 26 Omerai,
1032 900 122 27 Tuameno,
1173 900 71 29 Oariu,

659 925 80 28 Titahi,
752 925 104 28 Parerna,
875 927 95 26 Ohoika,
989 926 151 26 Tirewarewa,
1158 926 88 24 Waike-

658 952 43 27 nai,
734 954 111 25 Wemera,
887 953 73 26 Otaki,
993 953 91 27 Owaha,
1112 953 133 30 Manewatu,

659 978 116 28 Rangititi,
800 979 133 28 Wangaiha,
952 980 134 27 Turakinoa,
1112 979 132 30 Wanganui,

661 1005 127 28 Waitotara,
810 1006 181 29 Whennuakura,
1013 1007 74 26 Patea,
1108 1006 137 30 Tangahohi,

659 1031 160 28 Ngatiriranui,
835 1032 141 29 Pohakitaro,
995 1034 121 27 Taranaki,
1137 1034 109 25 Moturoa,

659 1059 46 21 and
715 1059 38 21 the
763 1059 85 21 several
866 1060 63 22 other
947 1061 129 26 Sugar-loaf
1089 1061 96 26 Islands,
1205 1063 42 21 and

659 1085 38 22 the
706 1086 59 21 river
774 1086 47 22 and
830 1086 97 22 harbour
936 1088 25 22 of
973 1087 92 23 Mokao,

687 1112 96 27 Alleged
793 1117 22 17 to
825 1113 59 22 have
894 1115 56 21 been
960 1114 125 27 purchased
1099 1115 32 26 by
1145 1113 105 24 claimant,

659 1138 59 22 from
730 1139 38 21 the
782 1141 76 21 native
877 1141 69 22 chiefs
966 1142 66 22 Ewiti
1049 1141 35 21 for
1101 1141 94 22 himself
1205 1143 42 21 and

660 1165 79 28 Ekedi,
751 1166 20 22 E
781 1167 78 28 Hawe,
872 1168 120 27 Ewitikari,
1004 1168 116 27 Kauhaue,
1129 1168 44 22 and
1182 1176 66 21 many

660 1192 81 22 others.

689 1220 167 23 Consideration
867 1222 66 27 given
943 1225 23 19 to
973 1222 36 22 the
1017 1222 93 27 natives,
1123 1230 13 14 a
1147 1223 100 28 quantity

662 1246 26 21 of
699 1247 165 28 merchandize,
875 1249 66 22 value
950 1253 40 17 not
999 1249 79 21 stated.

689 1273 83 21 Nature
783 1274 25 21 of
821 1282 150 21 conveyance,
988 1284 13 14 a
1010 1275 57 23 deed
1076 1275 69 22 dated
1153 1276 39 22 Bth
1202 1277 45 22 No-

661 1300 98 24 vember,
771 1302 61 20 1839.

690 1327 55 21 Case
760 1327 43 21 No.
819 1328 42 22 374
877 1329 38 26 (c).
951 1329 100 22 William
1067 1329 133 28 Wakefield,
1220 1338 27 14 on

661 1353 80 23 behalf
748 1353 26 22 of
780 1354 37 22 the
827 1355 57 23 New
893 1356 98 22 Zealand
1004 1357 123 27 Company^
1139 1356 108 23 claimant.

689 1380 47 22 The
746 1380 71 27 lands,
832 1381 92 28 islands,
940 1386 132 24 tenements,
1089 1383 84 27 woods,
1186 1384 60 27 bays,

661 1406 115 28 harbours,
791 1407 78 29 rivers,
882 1413 91 18 streams
988 1409 47 23 and
1049 1410 85 26 creeks,
1145 1411 104 27 reaching

662 1433 65 28 along
738 1434 36 22 the
785 1435 114 23 sea-shore
907 1444 27 14 on
945 1437 37 21 the
990 1437 66 21 north
1063 1437 24 21 of
1094 1437 73 21 Cooks
1174 1437 74 22 Straits

661 1461 58 21 from
729 1461 130 23 Manewatu
866 1466 22 18 to
895 1463 74 27 Patea,
978 1463 45 22 and
1029 1463 81 23 inland
1116 1464 57 21 from
1182 1464 67 22 either

663 1487 26 21 of
699 1487 37 22 the
746 1488 46 22 said
803 1488 76 24 Points
889 1493 23 18 to
924 1491 36 21 the
972 1490 101 23 Volcano
1090 1498 26 14 or
1132 1491 114 22 mountain

663 1515 27 21 of
699 1515 79 26 Tonga
788 1515 60 22 Ridi.

690 1541 96 27 Alleged
794 1545 24 18 to
828 1542 58 22 have
898 1543 56 23 been
970 1544 124 27 purchased
1103 1544 31 27 by
1145 1544 105 22 claimant

662 1568 58 22 from
729 1569 38 21 the
778 1569 75 21 native
864 1569 70 23 chiefs
943 1571 31 22 Te
985 1571 80 27 Rangi,
1076 1571 131 26 Wakarutu,
1218 1572 31 22 Te

663 1595 59 26 Ridi,
740 1595 109 28 Karanui,
866 1597 46 22 and
927 1598 23 21 in
966 1597 153 23 confirmation
1134 1597 25 22 of
1171 1597 45 23 sale
1230 1599 19 21 E

663 1622 73 27 Kuru,
747 1623 59 26 Kau,
818 1623 82 28 Turoa,
911 1624 42 22 and
963 1631 69 20 many
1042 1625 82 21 others.

691 1649 167 22 Consideration
867 1651 67 26 given
943 1654 22 20 to
975 1651 38 22 the
1023 1652 94 26 natives,
1127 1658 14 14 a
1150 1651 99 29 quantity

665 1676 26 22 of
699 1676 167 27 merchandize,
877 1677 66 23 value
952 1682 40 18 not
1002 1678 77 22 stated.

787 1703 26 21 of
825 1710 148 22 conveyance,
984 1705 58 22 deed
1056 1705 68 22 dated
1138 1705 52 22 16th
1204 1705 46 23 No-

664 1730 98 25 vember,
776 1731 62 21 1839.

691 1757 55 21 Case
756 1756 44 22 No.
811 1758 42 20 374
863 1757 41 27 (d).
934 1758 58 22 John
1002 1759 90 27 Dorset,
1105 1766 28 14 on
1143 1758 78 23 behalf
1228 1759 22 22 of

665 1783 35 22 the
712 1784 56 22 New
778 1781 99 25 Zealand
889 1785 117 28 Company,
1018 1785 116 24 claimant.

691 1811 48 21 The
755 1810 70 22 whole
836 1811 26 21 of
873 1812 38 21 the
926 1813 69 27 lands,
1013 1813 91 26 islands,
1120 1815 128 24 tenements,

663 1837 81 26 woods,
751 1837 61 27 bays;
822 1837 115 29 harbours,
943 1839 76 27 rivers,
1027 1843 93 18 streams
1124 1839 47 21 and
1175 1839 75 22 creeks

664 1864 58 22 from
731 1864 38 22 the
778 1863 77 23 mouth
864 1865 26 21 of
897 1865 36 22 the
943 1865 126 23 Waikatina
1075 1866 59 22 river
1143 1865 64 28 along
1214 1865 36 22 the

665 1891 112 21 sea-shore
790 1891 31 26 by
831 1891 32 22 Te
873 1892 113 26 Kauawai,
1005 1893 72 22 Oman
1086 1893 161 26 Tongaporoto,

654 1917 41 23 'Te
716 1918 51 27 Oro,
793 1918 127 28 Paraninui,
946 1919 63 22 Puka
1030 1920 87 27 Arawa,
1140 1919 108 26 Parairoa,

664 1944 131 27 Thumataa,
823 1945 132 28 Wakariwa,
984 1947 109 28 Orapopa,
1120 1946 39 22 the
1186 1946 64 22 Muni

663 1971 66 28 river,
747 1972 118 31 Arapawa,
881 1973 38 22 the
935 1973 91 22 Adenui
1035 1973 65 27 river,
1115 1973 32 21 Te
1151 1976 7 9 f
1159 1973 90 26 ßianjja,

665 1999 83 21 Onairo
753 1998 102 27 Wairau,*
863 1999 33 21 Te
901 2000 102 26 Tanawa,
1013 2000 106 26 Turangi,
1130 1999 38 21 the
1178 1999 72 21 Waita

664 2025 65 26 river,
739 2024 124 26 Wairuaer,
879 2025 147 28 Waiongawa,
1037 2027 32 21 Te
1082 2027 127 26 Rewatapa.
1219 2026 31 21 Te

665 2051 125 27 Pukatupu,
809 2051 38 22 the
872 2052 72 22 Pohui
962 2053 65 28 river,
1047 2053 76 21 Waita
1141 2053 108 26 Mangati,

665 2079 93 21 Matako
768 2078 59 27 taka,
846 2078 38 22 the
895 2079 60 23 Paka
969 2080 87 27 lagoon,
1068 2080 37 22 the
1115 2079 135 22 Waiwakaio'

663 2105 66 28 river,
750 2105 134 27 Pukaweka,
904 2107 37 21 the
959 2107 60 22 Enui
1033 2107 65 26 river,
1113 2106 39 22 the
1169 2106 81 22 Natoki

664 2133 64 26 river,
738 2132 113 27 Kawaioa,
863 2133 32 22 Te
902 2134 110 27 Arawata,
1021 2133 110 26 Pakatuti,
1140 2133 110 28 Waitapu,

665 2159 80 27 Otake,
753 2159 110 27 Mataipu,
872 2160 103 28 Arakuri,
985 2160 37 22 the
1030 2161 58 26 Ongi
1095 2159 60 27 Ongi
1164 2159 86 28 lagoon,

664 2186 31 22 Te
712 2187 64 26 Tatu,
792 2186 39 21 the
844 2186 85 23 islands
943 2187 26 22 of
978 2187 146 26 Kimikotahi,
1140 2186 110 27 Moturoa,

665 2213 45 21 and
720 2213 185 27 Motumahonga,
916 2214 126 27 commonly
1053 2213 73 23 called
1134 2213 38 21 the
1184 2214 66 27 Sugar

665 2240 59 22 Loaf
730 2239 84 22 islands
824 2239 25 22 of
858 2240 146 26 Kimikotahi,
1020 2241 32 22 Te
1063 2241 68 26 Rutu,
1149 2239 101 28 Pararoa,

665 2267 111 26 Paratutu,
792 2267 127 28 commonly
933 2267 70 22 called
1020 2269 70 25 Sugar
1106 2267 60 22 Loaf
1182 2267 68 27 Point,

664 2293 102 27 Waihue,
781 2293 120 27 Taranaki,
919 2294 102 22 Mataroa
1037 2294 72 26 Motu,
1122 2293 37 21 Oti
1171 2293 78 28 Matei,

664 2320 112 27 Arakawi,
790 2320 92 22 Ahanui
892 2321 115 27 Porapora,
1018 2321 52 21 Wai
1079 2319 101 28 Orotoki,
1192 2321 58 21 Wai-

663 2347 46 22 uka
727 2347 88 26 Omata,
836 2347 32 22 Te
896 2347 101 26 Wairedi,
1023 2347 48 28 opo
1091 2347 67 26 Oteti,
1180 2347 70 28 Tapu-

664 2375 96 31 waiyara
778 2373 138 28 Kakiorangi
931 2374 94 22 Omamii
1040 2373 101 27 Nakura,
1157 2373 93 28 Wakau,

665 2401 92 21 Wairua
774 2400 122 28 Warunku,
919 2401 94 28 Otupoto
1034 2401 32 22 Te
1084 2399 101 23 Wairedi
1210 2408 40 14 ona

665 2427 104 22 Orakiwa
803 2429 23 19 to
851 2427 101 28 Oronga;
978 2427 36 22 the
1034 2427 48 22 said
1100 2427 112 22 sea-shore
1230 2430 20 19 at

663 2454 43 22 low
732 2457 69 19 water
830 2454 66 22 mark
921 2455 65 21 forms
1016 2455 38 21 the
1083 2454 167 22 north-western

663 2481 118 27 boundary
804 2481 26 21 of
850 2481 39 21 the
911 2481 48 22 said
981 2481 70 28 lands,
1075 2480 92 27 islands,
1192 2483 58 19 tene-

665 2511 80 24 ments,
759 2507 80 27 woods,
852 2508 62 27 bays,
929 2508 112 27 harbours,
1058 2508 76 26 rivers,
1153 2510 97 25 streams,

665 2535 46 21 and
733 2534 85 22 creeks.
865 2535 67 22 From
957 2534 38 22 the
1021 2535 49 21 said
1093 2534 107 27 Auronga
1224 2535 26 21 ori

665 2561 37 22 the
716 2561 113 22 sea-shore
844 2568 14 15 a
872 2561 47 22 line
933 2561 92 26 striking
1041 2561 78 21 inland
1135 2561 31 26 by
1177 2561 73 27 Petua,

664 2589 84 26 Tringa
756 2587 97 23 Powaka
868 2589 33 21 Te
916 2588 48 22 Riri
978 2588 95 26 Powaki,
1093 2587 45 22 and
1148 2587 59 22 from
1216 2588 34 22 the

664 2616 48 21 said
722 2615 95 22 Powaka
830 2618 23 18 to
863 2615 38 21 the
911 2615 89 21 summit
1014 2615 26 22 of
1058 2614 120 27 Taranaki,
1195 2622 55 14 com-

665 2642 78 27 monly
750 2641 71 22 called
826 2642 82 21 Mount
912 2642 102 27 Egmont,
1023 2642 68 21 forms
1099 2641 39 21 the
1149 2641 101 22 southern

664 2669 118 27 boundary
792 2668 25 22 of
828 2668 38 22 the
877 2669 47 21 said
933 2669 69 26 lands,
1013 2668 91 27 islands,
1120 2670 130 24 tenements,

665 2696 80 27 woods,
755 2696 61 26 bays,
828 2698 92 19 streams
929 2695 42 22 and
982 2695 77 22 creeks
1065 2703 5 19 ;
1086 2695 59 21 from
1159 2694 37 22 the
1207 2695 43 21 said

665 2723 91 21 summit
765 2723 25 21 of
800 2723 113 21 Taranaki
922 2730 14 14 a
944 2722 45 22 line
1004 2722 94 26 striking
1112 2721 31 27 by
1157 2721 93 23 Tanatu-

664 2757 75 20 wawa,
764 2749 139 25 Parakahua,
934 2749 174 26 Wakahurangi,
1136 2748 114 27 Ratapiko,

666 2776 129 27 Pukarinui,
813 2775 142 28 Mangatuku
969 2785 4 4 •
977 2775 147 27 Wakaikotoi,
1145 2775 105 26 Makahu,

666 2803 133 27 Wangaihu,
809 2802 139 28 Motangiha,
966 2802 33 22 Te
1018 2802 87 28 Kopua,
1124 2802 33 21 Te
1171 2801 79 23 Waite-

666 2833 75 24 tanga,
760 2829 185 26 Wangamonuia,
966 2828 85 28 Makui,
1071 2829 34 21 Te
1125 2828 46 27 Po,-
1183 2832 23 18 to
1216 2829 34 21 the

665 2857 60 20 river
734 2856 132 27 Wanganui,
879 2855 43 24 and
931 2855 56 22 from
997 2855 38 22 the
1044 2855 49 22 said
1105 2855 61 21 river
1176 2854 33 34 ,by
1221 2856 29 21 Te

658 2883 80 26 ~Tangi
757 2883 78 26 Tangi,
854 2882 148 27 Mangohewa
1016 2881 99 27 Pamiga,
1132 2877 118 32 Pakekuia,

667 2917 72 14 across
749 2909 36 22 the
796 2909 83 22 Onairo
885 2909 63 27 river,
960 2909 30 26 by
999 2909 32 21 Te
1037 2909 79 21 Tuehu
1124 2907 126 28 Kaipilcare,

667 2935 141 27 Wakamuki,
834 2936 86 27 Tapari,
954 2935 198 26 Pakawakanraru,
1183 2942 67 15 across

667 2964 38 21 the
728 2962 90 23 Adenui
838 2962 60 22 river
920 2963 28 26 by
972 2962 124 22 Paketuata
1119 2968 87 19 across;
1216 2965 34 19 tne

668 2990 73 22 Minui
777 2990 60 21 river
872 2990 31 27 hy
945 2988 171 28 Ranguirapaki,
1146 3014 5 5 t
1160 2988 90 22 Haitao-

668 3025 44 19 ma,
745 3016 123 28 Tcpokuru,
896 3023 77 15 'across
1004 3015 37 22 the
1073 3014 102 29 Papatito
1196 3015 54 22 river

666 3044 31 28 by
707 3044 152 27 Turangarua,
870 3043 110 25 Komanu,
991 3041 114 28 Pukakao,
1117 3042 32 21 Te
1164 3041 86 28 Awera,

668 3078 72 15 across
750 3071 37 21 the
797 3069 185 22 Wakaramaand
992 3069 37 22 the
1039 3069 50 21 Wai
1099 3068 72 22 Pikao
1177 3069 73 26 rivers,

666 3098 32 28 by
714 3097 104 22 Paraniui
833 3097 132 31 Timanuku^
983 3095 45 23 and
1043 3095 88 28 Wanga
1135 3098 29 23 .to
1175 3095 75 22 Kowai

668 3132 27 14 on
704 3125 38 21 the
752 3124 48 21 said
808 3123 122 22 Wakatino
945 3130 64 20 river,
1021 3122 45 23 and
1082 3121 63 23 down
1159 3121 37 23 the
1207 3123 43 21 said

667 3152 59 21 river
735 3154 22 19 to
767 3151 27 21 its
803 3151 86 26 mouth,
900 3151 67 21 forms
976 3150 37 21 the
1024 3152 87 19 eastern
1120 3148 45 22 and
1179 3149 71 21 north-

669 3185 39 15 ern
723 3177 114 28 boundary
861 3177 26 21 of
905 3177 38 22 the
967 3176 47 22 said
1037 3175 59 27 land,
1119 3178 131 24 tenements,

668 3205 80 27 w6ods,
772 3205 65 27 bays,
859 3204 114 27 harbours,
988 3203 81 29 Tiyers,
1090 3205 100 24 streams,
1211 3203 39 21 and

670 3232 83 22 creeks.

675 3258 4 5 '
694 3257 96 28 Alleged
799 3260 23 19 to
828 3257 62 26 ,have
901 3257 57 22 been
971 3255 129 29 purchased,
1106 3255 32 27 by
1147 3255 103 22 claimant

668 3286 58 21 from
736 3285 37 21 the
781 3284 76 21 native
868 3283 69 22 chiefs
953 3283 92 21 Awatea
1060 3283 87 25 Anrua,
1159 3282 91 22 Edward

669 3319 23 15 or
702 3311 89 27 Pukiki,
807 3311 19 21 E
842 3311 68 25 Kaki,
929 3309 18 23 E
964 3309 45 27 Ku,
1021 3308 101 27 Kororio,
1141 3309 19 21 E
1178 3309 72 26 Muru,

669 3339 18 21 E
708 3339 32 22 Po
756 3338 123 27 Puketapu,
894 3337 109 27 Tangutu,
1025 3335 107 27 Wakairi,
1153 3335 21 23 E
1190 3335 60 23 Pahi.

669 3365 45 22 and
723 3372 68 20 many
800 3364 81 21 others.

695 3391 166 23 Consideration
869 3390 67 27 given
945 3392 22 18 to
978 3387 36 23 the
1024 3389 93 26 natives,
1129 3396 14 14 a
1152 3389 98 27 quantity

669 3420 25 21 of
705 3417 164 27 merchandize,
880 3417 65 21 value
953 3419 39 18 not
1002 3415 78 22 stated.

677 3450 3 7 '
694 3446 86 21 Nature
791 3445 25 21 of
823 3450 142 21 conveyance
966 3453 27 5 —
994 3442 57 22 deed
1060 3441 69 23 dated
1196 3441 54 23 Feb-

667 3479 73 21 ruary,
753 3472 59 21 1840.
908 3493 6 4 .

695 3499 55 22 Case
760 3499 42 20 No.
814 3497 42 22 374
866 3497 37 26 (c).
933 3495 59 22 John
1007 3495 85 26 Dorset,
1104 3502 29 14 on
1141 3494 79 22 behalf
1232 3495 18 21 of

668 3525 37 23 the
716 3526 56 21 New
781 3524 101 23 Zealand
893 3524 119 27 Company,
1025 3522 115 22 claimant.

694 3552 49 21 The
757 3551 71 27 lands,
844 3551 89 26 islands,
948 3551 129 24 tenements,
1094 3547 81 27 woods,
1190 3547 60 27 bays,

667 3577 111 28 harbours,
799 3578 77 27 rivers,
899 3579 98 23 streams,
1018 3575 45 23 and
1077 3574 85 27 creeks,
1184 3574 66 22 inclu-

668 3605 44 21 ded
729 3605 31 27 by
778 3612 14 14 a
808 3604 45 22 line
882 3604 74 22 drawn
980 3603 66 26 along
1062 3601 38 22 the
1126 3608 38 14 sea
1190 3601 60 21 shore

668 3634 23 18 at
711 3631 43 21 low
776 3634 68 19 water
865 3630 64 22 mark
952 3630 57 21 from
1032 3630 107 25 Auronga
1161 3627 31 28 by
1210 3628 40 21 Ta-

662 3657 106 21 taimaka
790 3657 130 26 Waitikara,
942 3655 104 27 Omaitai,
1071 3655 101 26 Parawa,
1199 3654 51 22 Kai-

667 3683 30 26 hi,
724 3683 169 27 Omukukawai,
926 3683 154 23 Kotamaiewa
1108 3681 39 21 the
1177 3680 73 22 mouth

668 3710 25 21 of
729 3710 39 20 the
805 3710 107 22 Waratea
917 3729 4 8 s
945 3710 59 21 river
1040 3712 23 18 to
1099 3708 39 22 the
1176 3707 74 22 mouth

668 3735 25 23 of
708 3735 38 22 the
755 3735 146 26 Wanfcatawa
914 3737 63 26 river,
993 3735 43 23 and
1053 3735 29 27 by
1097 3733 95 23 another
1209 3733 41 22 line

668 3762 75 22 drawn
753 3762 79 22 inland
839 3762 59 22 from
906 3762 37 22 the
957 3763 78 21 mouth
1046 3763 24 20 of
1079 3761 38 21 the
1126 3761 50 21 said
1186 3761 64 21 Wan-

668 3793 85 22 gatawa
760 3789 60 21 river
828 3795 31 20 up
868 3788 38 22 the
916 3788 48 22 said
980 3788 58 22 river
1047 3791 21 19 to
1077 3788 30 21 its
1115 3794 85 20 source,
1211 3787 39 21 and

668 3815 56 21 from
735 3815 80 21 thence
830 3817 22 18 to
867 3815 38 21 the
922 3815 91 21 summit
1026 3815 26 21 of
1060 3813 120 27 Taranaki,
1195 3821 55 15 com-

668 3842 76 27 monly
752 3841 72 22 called
834 3841 83 22 Mount
922 3841 108 27 .Egmont,
1039 3841 45 21 and
1090 3841 58 21 from
1158 3840 37 21 the
1206 3840 44 22 said

668 3868 112 23 Taranaki
796 3867 68 28 along
878 3867 37 21 the
930 3867 104 22 southern
1048 3867 117 25 boundary
1180 3867 24 21 of
1214 3867 36 21 the

668 3895 51 27 Nga
729 3895 65 21 Motu
800 3894 89 22 district
894 3894 29 27 by
931 3893 108 27 Powakai,
1047 3894 32 22 Te
1089 3893 51 22 Kiri
1149 3893 101 26 Powaka,

668 3922 101 26 Teuriga,
777 3921 45 21 and
832 3921 79 27 Patua,
919 3925 21 20 to
946 3920 37 22 the
990 3927 38 15 sea
1037 3920 64 21 shore
1108 3922 23 19 at
1137 3919 37 21 the
1182 3920 68 21 afore-

668 3949 47 22 said
725 3949 114 25 Auronga.
927 3966 6 9 f
934 3960 9 10 ,-

42 134 79 22 Cook's
136 133 85 22 Straits.
257 132 48 23 The
318 132 91 22 summit
422 132 25 21 of
463 130 38 23 the
515 137 69 20 range
600 130 25 21 of

41 160 126 23 mountains
180 159 84 24 known
278 159 30 27 by
322 158 39 23 the
376 165 65 16 name
458 157 24 22 of
498 157 122 26 Turakirai,

41 187 56 23 from
107 186 38 22 the
154 186 65 27 point
229 186 72 21 where
310 184 37 23 the
357 185 47 22 said
412 191 68 19 range
497 184 79 21 strikes
585 183 37 21 the

41 220 44 20 sea,
98 214 25 20 in
140 212 81 22 Cook's
238 212 84 26 Straits,
340 211 85 22 outside
442 210 25 21 of
482 210 40 21 the
537 212 85 20 eastern

42 238 111 23 headland
176 239 27 21 of
226 238 38 22 the
285 238 47 22 said
350 238 48 26 Bay
413 237 46 22 and
473 237 106 22 Harbour
602 237 24 20 of

42 266 87 26 Wanga
137 265 48 22 Nui
195 265 76 27 Atera,
282 272 26 14 or
316 264 53 22 Port
376 263 125 27 Nicholson,
509 263 68 28 along
586 263 37 21 the

41 292 91 22 summit
142 292 27 21 of
180 292 39 21 the
234 292 53 21 said-
296 297 75 20 range,
382 290 71 22 called
467 290 124 25 Turakirai,
602 292 22 19 at

41 319 38 21 the
97 318 101 23 distance
216 319 25 21 of
258 318 68 21 about
344 317 77 22 twelve
441 316 93 27 English
552 317 70 26 miles,

40 352 61 15 more
111 352 26 15 or
144 345 53 27 less,
207 345 59 22 from
280 344 37 21 the
332 343 44 22 low
390 346 69 19 water
472 343 66 21 mark
547 350 30 14 on
587 342 37 22 the

43 374 86 19 eastern
144 371 64 22 shore
225 371 26 21 of
262 370 37 22 the
315 369 48 22 said
379 370 47 27 Bay
443 377 24 14 or
481 369 107 22 Harbour
604 369 24 21 of

42 398 88 27 Wanga
139 398 47 21 Nui
196 398 77 26 Atera,
280 404 25 14 or
313 396 53 22 Port
376 396 129 26 Nicholson,
513 396 66 21 untill
588 395 37 22 the

41 426 47 21 foot
106 424 26 22 of
149 424 39 21 the
204 424 54 27 high
273 430 70 19 range
364 424 26 20 of
408 423 126 22 mountains
555 422 71 22 called

41 452 104 25 Tararua,
166 451 79 21 situate
270 450 67 21 about
360 451 59 27 forty
437 449 93 27 English
553 449 71 26 miles,

42 485 59 14 more
120 484 25 14 or
160 477 50 27 less,
230 477 57 23 from
306 476 37 22 the
362 475 69 28 sandy
449 475 71 22 beach
543 479 23 18 at
589 476 36 21 the

42 504 164 22 north-eastern
218 503 116 26 extremity
340 503 26 21 of
372 503 37 21 the
419 502 47 22 said
474 502 50 27 Bay
533 510 24 14 or
567 503 59 21 Har-

40 531 54 22 bour
103 531 26 21 of
136 531 90 26 Wanga
235 530 45 21 Nui
289 530 76 26 Atera,
377 537 24 14 or
408 529 54 22 Port
467 529 131 27 Nicholson,
608 529 18 21 is

42 558 38 21 the
89 560 87 19 eastern
190 556 132 22 boundaries
333 556 27 21 of
371 555 36 22 the
421 555 47 23 said
477 555 69 27 lands,
565 558 52 19 tene

42 588 80 23 ments,
127 583 82 26 woods,
215 583 61 27 bays,
284 583 113 26 harbours,
404 582 73 26 rivers,
484 586 93 18 streams
583 582 45 22 and

42 610 83 22 creeks.
155 610 66 21 From
230 609 38 22 the
277 610 61 27 point
346 609 73 22 where
432 609 37 21 the
478 608 50 22 said
541 612 86 19 eastern

40 637 119 26 boundary
168 637 79 21 strikes
256 636 38 21 the
304 635 46 22 foot
360 636 25 22 of
395 635 37 22 the
442 635 109 22 aforesaid
560 635 68 22 Tara-

42 671 40 14 rua
87 670 68 20 range
162 663 26 21 of
193 663 132 25 mountains,
337 662 65 27 along
409 662 36 22 the
451 662 47 21 foot
506 662 25 21 of
538 662 36 22 the
582 662 46 22 said

42 691 99 21 Tararua
150 696 76 21 range,
241 689 58 22 until
306 689 37 21 the
359 692 64 23 point
431 689 73 21 where
515 689 37 21 the
561 696 67 20 range

42 717 26 22 of
79 716 136 22 mountains,
233 716 71 22 called
314 716 114 27 Rimarup,
447 715 78 22 strikes
534 715 38 22 the
581 716 48 21 foot

42 743 27 22 of
73 743 35 22 the
119 743 48 21 said
176 743 99 21 Tararua
288 749 76 20 range,
381 743 19 21 is
414 742 38 22 the
465 742 163 22 north-eastern

41 770 118 27 boundary
168 770 27 21 of
201 770 37 21 the
247 769 71 26 lands,
334 771 129 24 tenements,
473 769 83 27 woods,
567 769 60 27 bays,

40 796 116 27 harbours,
172 797 46 21 and
232 795 83 24 creeks.
344 795 68 22 From
427 795 38 22 the
477 795 65 28 point
557 795 72 23 where

42 823 36 22 the
89 823 48 22 said
153 823 106 26 Rimarup
275 829 68 20 range
353 823 26 21 of
391 822 127 22 mountains
532 825 23 19 at
564 829 14 15 a
588 823 41 21 dis-

40 852 66 21 tance
121 849 27 22 of
160 849 68 22 about
242 849 78 21 twelve
336 849 92 28 English
443 848 70 27 miles,
531 856 61 15 more
606 856 24 15 or

40 876 45 22 less
99 876 60 22 from
172 875 39 23 the
224 875 43 22 low
277 879 67 18 water
358 875 64 23 mark
436 882 29 15 on
480 875 39 21 the
536 880 93 18 western

42 903 62 21 shore
115 903 25 21 of
145 902 39 21 the
195 903 46 21 said
250 903 48 26 Bay
306 909 25 15 or
340 902 105 22 Harbour
456 901 24 23 of
486 902 88 28 Wanga
584 903 46 22 Nui

41 931 76 25 Atera,
130 936 26 14 or
165 929 55 22 Port
233 929 129 27 Nicholson,
373 929 56 22 until
438 929 36 21 the
484 929 64 27 point
556 930 73 22 where

42 957 38 21 the
86 956 51 22 'said
147 955 108 27 Rimarup
264 962 70 20 range
342 956 79 22 strikes
430 956 37 22 the
477 963 39 15 sea
520 957 23 21 in
552 956 78 22 Cook's

43 983 84 26 Straits,
139 982 88 22 outside
237 982 38 22 the
286 985 92 19 western
386 983 112 21 headland
509 984 25 20 of
539 983 36 22 the
583 983 47 22 said

44 1010 45 27 Bay
103 1016 24 14 or
144 1009 107 22 Harbour
261 1009 26 21 of
298 1009 88 27 Wanga
395 1009 46 23 Nui
451 1010 76 26 Atera,
544 1017 25 14 or
579 1010 51 21 Port

44 1035 130 27 Nicholson,
190 1036 19 21 is
219 1035 37 22 the
267 1039 93 18 western
375 1036 114 27 boundary
498 1037 26 20 of
537 1036 37 22 the
585 1037 46 21 said

42 1063 71 26 lands,
125 1066 131 23 tenements,
265 1062 80 27 woods,
355 1063 63 26 bays,
428 1063 114 27 harbours,
553 1063 75 28 rivers,

43 1093 99 22 streams,
152 1089 46 21 and
208 1089 83 22 creeks.
315 1089 67 22 From
388 1089 37 22 the
435 1089 46 22 said
487 1089 65 28 point
560 1090 70 22 where

42 1117 37 21 tho
95 1116 109 27 Rimarup
214 1123 69 20 range
294 1115 24 22 of
329 1117 126 21 mountains
465 1116 67 22 strike
545 1117 39 21 the
594 1124 37 14 sea

42 1143 25 21 in
77 1142 80 24 Cook's
167 1142 85 27 Straits,
264 1143 23 21 in
298 1150 12 14 a
317 1142 69 22 direct
393 1143 45 21 line
446 1146 21 18 to
476 1143 39 21 the
522 1143 110 23 aforesaid

43 1170 67 31 point,
121 1169 74 21 where
205 1169 37 24 the
252 1169 117 22 Turakirai
378 1177 68 19 range
456 1170 79 22 strikes
544 1171 38 21 the
595 1178 37 14 sea

43 1204 24 14 in
76 1197 37 21 the
122 1195 49 23 said
182 1196 80 22 Cook's
271 1196 84 27 Straits,
366 1197 19 21 is
393 1197 37 21 the
442 1197 108 21 Southern
560 1197 72 22 boun-

45 1223 54 27 dary
109 1223 26 21 of
141 1222 38 23 the
189 1223 46 21 said
245 1223 71 26 lands,
331 1225 132 25 tenements,
478 1224 81 25 woods,
570 1225 60 26 bays,

44 1250 114 27 harbours,
169 1249 76 27 rivers,
262 1253 93 19 streams
364 1250 44 21 and
419 1250 82 23 creeks.
530 1251 55 22 Also
596 1251 36 22 the

44 1277 47 22 said
104 1277 53 27 bay,
171 1276 105 27 harbour,
292 1276 45 22 and
354 1277 84 21 district
447 1277 24 21 of
484 1277 88 28 Wanga
586 1278 46 22 Nui

45 1305 75 25 Atera,
137 1311 26 14 or
173 1303 54 22 Port
236 1303 129 26 Nichelson,
381 1303 112 28 including
507 1304 36 22 the
560 1305 73 21 island

45 1331 26 21 of
77 1331 111 21 Makaroa
196 1330 44 22 and
250 1330 38 22 the
298 1329 74 23 island.
379 1331 79 26 Matui,
468 1331 73 22 which
550 1331 82 22 islands

46 1364 37 15 are
88 1357 55 22 both
150 1357 80 22 situate
238 1357 75 21 within
320 1357 38 21 the
366 1357 48 22 said
418 1357 96 22 harbour
520 1358 24 22 of
546 1359 87 26 Wanga

46 1384 46 23 Nui
102 1385 77 20 Atera.
198 1391 25 14 or
237 1384 54 21 Port
305 1383 130 28 Nickolson,
454 1391 22 14 as
494 1385 51 22 well
564 1392 24 14 as
604 1385 29 22 all

47 1411 63 21 other
119 1411 70 26 lands,
205 1414 132 23 tenements,
347 1411 81 26 woods,
444 1411 60 27 bays,
520 1411 112 28 harbours,

45 1438 75 26 rivers,
137 1440 99 25 streams,
252 1437 46 22 and
310 1437 83 27 creeks,
407 1437 77 22 situate
503 1439 77 21 within
596 1439 37 22 the

46 1464 110 23 aforesaid
162 1465 141 21 boundaries.

74 1491 96 27 Alleged
180 1494 22 20 to
213 1491 57 21 have
280 1491 56 21 been
345 1491 124 27 purchased
482 1492 31 27 by
529 1492 105 22 claimant

47 1519 56 22 from
112 1518 39 23 the
161 1518 83 22 Native
253 1518 74 22 Chiefs
341 1518 108 27 Matangi,
468 1519 74 27 Epuri,
560 1519 74 22 Bona-

49 1552 66 20 cawa,
143 1545 127 28 Rongatua,
299 1545 97 26 Kariwa,
421 1545 101 26 Raihaia,
547 1546 85 27 Kawia,

49 1573 97 26 Tuaaga,
163 1572 88 27 Etioko,
268 1571 127 28 Tuigatoro,
415 1572 72 27 Tuati,
508 1573 125 27 Wakanidi,

49 1600 80 26 Eman,
141 1599 128 26 Atnawera,
281 1598 97 26 Ewaieh,
390 1599 122 27 Warepori.

75 1625 168 24 Consideration
251 1625 66 28 given
326 1628 23 19 to
358 1626 37 21 the
405 1625 98 28 Natives,
516 1633 13 15 a
534 1627 101 27 quantity

50 1654 25 22 of
85 1653 164 26 merchandise,
260 1652 65 22 value
335 1655 40 19 not
383 1652 79 22 stated.

75 1681 87 21 Nature
171 1680 27 21 of
213 1686 146 21 conveyance,
375 1686 14 14 a
398 1679 58 22 deed
465 1679 67 23 dated
541 1684 94 24 twenty-

48 1707 92 24 leventh
150 1706 43 28 day
202 1707 26 21 of
238 1706 136 27 September,
385 1707 60 21 1839.

77 1735 54 21 Case
139 1734 44 21 No.
193 1734 48 21 374.
254 1733 31 26 (a)
288 1744 27 4 —
315 1732 111 22 William
442 1733 150 28 Wakefield,
607 1741 28 15 on

48 1761 78 24 behalf
137 1761 26 21 of
172 1760 40 22 the
223 1761 55 20 New
284 1759 99 22 Zealand
391 1761 119 27 Company,
522 1761 111 22 claimant.

75 1788 47 22 The
132 1787 72 24 whole
218 1787 25 22 of
254 1787 38 21 the
308 1786 71 27 lands,
394 1787 90 26 islands,
503 1790 130 24 tenements,

49 1814 79 28 woods,
153 1814 61 27 bajrs,
238 1814 113 26 harbours,
379 1814 77 27 rivers,
475 1817 94 19 streams
593 1816 42 21 and

49 1842 83 26 creeks,
152 1841 74 23 which
240 1848 58 14 were
312 1840 54 21 then
378 1840 24 21 in
418 1841 124 26 possession
559 1841 27 22 of
599 1842 36 21 the

47 1869 82 26 sellers,
141 1875 25 14 or
175 1871 23 18 to
207 1867 73 22 which
289 1867 52 27 they
351 1867 54 21 then
413 1867 46 22 laid
468 1875 46 20 any
527 1868 73 28 claim,
611 1876 26 13 or

48 1897 23 22 in
80 1895 74 22 which
163 1895 54 27 they
231 1895 54 20 then
299 1894 44 21 had
356 1901 44 20 any
414 1894 69 27 rights
493 1901 26 15 or
527 1895 107 27 interests,

49 1931 28 14 on
85 1923 39 22 the
134 1922 105 22 southern
249 1928 24 14 as
283 1921 49 22 well
342 1928 23 14 as
375 1928 27 14 on
410 1921 37 21 the
457 1921 105 22 northern
571 1922 64 22 shore

49 1950 24 22 of
94 1949 82 22 Cook's
191 1948 85 27 Straits,
293 1948 133 27 comprising
440 1948 30 21 all
485 1948 63 22 those
563 1948 70 28 lands,

47 1977 88 26 islands,
167 1978 131 21 tenements,
323 1975 80 27 woods,
433 1975 60 27 bays,
518 1975 115 27 harbours,

49 2005 75 25 rivers,
149 2006 92 17 streams
264 2001 44 22 and
331 2001 83 27 creeks,
437 2001 80 22 situate
540 2009 30 14 on
599 2002 36 21 the

49 2030 106 23 southern
164 2028 65 23 shore
238 2028 26 21 of
275 2027 37 22 the
321 2027 49 22 said
379 2027 79 22 Cook's
467 2028 85 27 Straits,
563 2028 72 22 which

49 2065 36 14 are
94 2055 106 24 bounded
216 2062 28 15 on
253 2054 39 22 the
301 2054 64 21 south
375 2055 29 27 by
414 2055 38 20 the
465 2055 93 26 parallel
565 2056 27 21 of
599 2056 36 21 the

47 2082 131 29 forty-third
188 2082 81 27 degree
278 2081 26 22 of
313 2081 65 22 south
390 2081 99 28 latitude,
503 2082 45 21 and
558 2090 30 14 on
599 2082 36 23 the

49 2115 59 23 west,
128 2109 75 27 north,
224 2109 45 21 and
287 2111 53 24 east,
360 2109 30 31 by
407 2108 38 21 the
464 2115 39 15 sea
520 2109 114 27 including

48 2138 86 26 Taitap,
144 2136 136 27 Wanganui,
291 2135 106 22 Onataria
412 2142 25 15 or
448 2136 59 25 Cape
520 2135 113 28 Farewell,

49 2165 116 24 Pakawao,
175 2162 100 27 Takaka,
285 2162 105 24 Taonuti,
399 2158 115 31 Motuaka,
526 2163 108 27 Waimea,

50 2192 81 26 Okata,
155 2189 132 28 Okapunka,
309 2189 88 21 Kaiana
415 2189 45 21 and
478 2189 98 27 Horano,
598 2190 37 22 the

49 2219 79 27 Oyerri
134 2225 26 14 or
165 2217 94 22 Polorus
266 2216 73 26 River,
351 2216 124 27 Admiralty
480 2216 56 28 Bay,
545 2217 46 22 and
598 2216 37 23 the

48 2245 84 24 several
147 2244 84 22 islands
244 2242 27 22 of
286 2242 172 28 Montungarda,
473 2243 96 27 Kararu,
589 2244 47 22 Ka-

48 2273 66 26 kaho,
126 2270 111 28 Nguaiah,
248 2270 80 22 situate
342 2269 93 22 therein.
464 2270 135 28 Omahanga
612 2278 24 15 or

49 2300 53 22 Port
131 2298 67 27 Gore,
223 2298 148 25 Totaraenua,
395 2296 78 25 Queen
503 2297 132 22 Charlotte's

50 2326 83 26 Sound,
141 2324 128 28 Wanganui
275 2331 25 14 or
309 2324 53 21 Port
368 2323 141 22 Underwood
518 2324 23 22 in
550 2324 86 28 Cloudy

49 2354 54 27 Bay,
124 2352 38 22 the
181 2352 60 21 river
259 2350 45 22 and
317 2350 88 22 district
418 2350 26 22 of
456 2350 96 28 Wairoa,
569 2352 67 21 Para-

49 2380 110 26 mirowiti,
184 2378 125 27 Kapaiatia.
352 2377 33 22 To
409 2376 92 24 Koraka
524 2385 24 15 or
576 2378 59 28 Cape

49 2406 122 28 Campbell,
201 2405 114 27 Waipapa,
339 2404 175 27 Mangamanu,-
527 2405 107 27 Kaikora,

49 2434 62 22 Aitia
118 2433 91 27 Peketa,
216 2433 32 22 Te
256 2430 99 28 Kia-kia,
363 2431 60 22 Onui
432 2431 43 22 and
483 2432 34 21 Te
524 2432 109 27 Whanga,

49 2461 43 22 and
101 2461 48 23 also
158 2458 136 31 comprising
307 2458 29 21 all
347 2458 63 21 those
418 2458 71 26 lands,
501 2462 133 23 tenements,

49 2488 83 27 woods,
151 2487 63 27 bays,
231 2486 115 24 harbours,
367 2485 75 27 rivers,
465 2488 102 24 streams,
592 2493 38 14 anc

49 2515 83 25 creeks,
144 2514 81 21 situate
233 2519 30 15 on
272 2511 38 22 the
318 2511 108 22 northern
435 2511 64 22 shore
510 2512 25 21 of
539 2512 40 23 the
590 2512 46 23 said

50 2542 81 21 Cook's
141 2540 85 26 Straits,
233 2538 73 23 which
311 2545 39 14 are
358 2538 105 22 bounded
472 2545 29 15 on
512 2538 37 22 the
558 2538 78 23 north-

51 2572 46 18 east
109 2568 30 26 by
150 2574 13 14 a
177 2566 70 22 direct
258 2565 46 22 line
320 2564 75 23 drawn
408 2565 57 22 from
482 2566 38 21 the
531 2566 105 21 southern

49 2595 59 22 head
121 2594 27 21 of
158 2593 37 22 the
209 2593 60 22 river
277 2599 25 14 or
313 2591 99 22 harbour
421 2592 26 21 of
454 2592 91 27 Mokao,
556 2593 79 22 situate

50 2630 29 14 on
89 2622 38 21 the
138 2623 55 19 west
198 2623 68 22 coast,
272 2619 25 21 in
306 2618 37 21 the
353 2618 92 22 latitude
452 2619 23 21 of
481 2620 69 21 about
557 2620 79 31 thirty-

50 2649 62 27 eight
122 2648 93 26 degrees
224 2645 72 27 south,
311 2649 23 18 to
350 2645 151 28 Tehakakare,
518 2646 81 22 situate
612 2648 24 20 in

50 2676 37 22 the
99 2678 49 19 east
157 2677 68 23 coast,
235 2674 24 21 in
270 2672 36 22 the
315 2672 94 23 latitude
417 2673 25 21 of
450 2672 66 23 about
524 2673 112 27 forty-one

51 2703 93 27 degrees
151 2701 73 26 south,
235 2699 46 22 and
291 2706 27 15 on
329 2698 38 23 the
382 2703 53 23 east,
446 2703 61 23 west,
518 2700 46 21 and
573 2700 64 21 south
642 2704 2 20 ;

51 2731 30 25 by
99 2729 39 21 the
157 2735 45 19 sea,
223 2726 117 28 excepting
358 2726 81 28 always
458 2726 38 21 the
515 2726 82 23 islands
615 2727 26 21 of

52 2756 77 28 Kapiti
147 2762 24 14 or
186 2754 72 26 Entry
267 2752 84 26 Island,
367 2753 44 22 and
426 2753 35 21 the
477 2754 66 21 small
555 2754 82 21 islands

52 2784 106 27 adjacent
175 2781 93 25 thereto,
286 2779 45 22 and
345 2779 37 22 the
395 2779 73 22 island
488 2780 27 21 of
529 2781 71 21 Mana
613 2788 26 14 or

52 2810 69 22 Table
136 2808 85 26 Island,
231 2807 30 22 all
277 2807 78 21 situate
371 2813 29 14 on
416 2806 38 21 the
468 2806 50 22 said
531 2807 107 23 northern

52 2837 64 22 shore
127 2836 26 21 of
166 2833 82 24 Cook's
264 2833 84 27 Straits,
358 2834 40 21 but
406 2833 116 26 including
534 2834 104 21 Tehaka-

52 2864 61 27 kore,
131 2862 142 25 Warehama,
290 2860 202 26 Rangawnehama,
509 2860 127 28 Wainerah,

52 2889 124 27 Turakirai,
188 2887 126 28 Wanganui
324 2888 76 25 Atera,
411 2894 25 14 or
446 2886 53 22 Port
508 2886 129 28 Nicholson,

53 2918 111 24 Rimerae,
177 2916 120 25 Oterango,
313 2914 91 26 Onerai,
422 2914 123 26 Tecamu'o,
562 2914 75 27 Oatiu,

53 2944 79 27 Titahi,
143 2944 127 24 'Parerura,
291 2940 97 28 Ohorka,
405 2941 151 27 Tierwarewa,
578 2940 61 22 Wai-

52 2971 74 26 kenai,
151 2970 108 25 Waimea,
285 2968 74 25 Otaki,
385 2968 89 26 Owaha,
503 2968 140 27 Manewatu,'

52 2997 123 27 Rangatiti,
199 2994 131 28 Wangaiha,
355 2994 127 28 Turakinai,
503 2994 134 28 Wanganui,

53 3024 130 26 Waitotara,
207 3021 168 27 Whennakura,
402 3021 75 27 Patea,
508 3022 131 26 Tangahohi

53 3051 111 27 Ngatirua
169 3050 46 21 and
220 3048 171 27 Pahakatiatrio,
398 3048 120 26 Taranaki,
525 3049 112 27 Motuora,

54 3078 43 21 and
107 3076 39 22 the
152 3076 86 21 several
247 3075 63 21 other
318 3081 67 20 sugar
393 3075 49 22 loaf
447 3075 89 27 islands,
546 3075 46 22 and
601 3076 38 21 the

53 3105 60 22 river
123 3102 44 24 and
176 3102 96 23 harbour
282 3102 25 20 of
313 3101 91 22 Mokao.

83 3129 96 27 Alleged
188 3132 22 18 to
220 3128 57 22 have
284 3128 57 21 been
350 3128 122 26 purchased
484 3128 32 28 by
525 3128 113 28 claimant,

53 3158 58 22 from
121 3156 39 22 the
174 3156 76 21 native
264 3154 69 21 chiefs
347 3154 19 22 E
383 3154 69 27 Hiko,
466 3155 112 28 Rauparo,
589 3156 51 21 Ma-

54 3191 92 19 oranga,
153 3182 113 24 Mhorina,
275 3181 77 27 Tunia,
361 3182 32 21 Te
402 3181 68 26 Witu,
481 3182 72 27 Mare,
564 3182 74 27 Etaki,

55 3212 65 25 Eota,
132 3208 87 26 Paioki,
233 3207 89 27 Enghia
331 3207 35 22 for
374 3208 90 21 himself
470 3208 47 22 and
530 3209 108 27 brothers,

54 3236 144 28 Rangaihiro,
212 3234 115 26 Itahanga,
338 3234 46 21 and
393 3234 143 27 Ringearota.

81 3262 171 24 Consideration
261 3261 66 26 given
336 3264 22 17 to
368 3260 37 22 the
414 3262 93 27 natives,
513 3269 14 15 a
535 3262 104 28 quantity
642 3260 2 4 '

55 3292 25 22 of
87 3289 165 25 merchandize,
261 3286 66 25 value
336 3290 40 18 not
385 3287 76 22 stated.

81 3319 87 21 Nature
183 3316 26 21 of
221 3320 141 20 conveyance
363 3325 27 3 —
391 3321 13 14 a
423 3314 62 27 deed,
507 3314 67 24 dated
587 3317 52 21 25tn

56 3345 104 25 October,
174 3344 69 21 1839.'

50 3370 4 3 '
82 3373 57 21 Case
153 3370 44 22 No.
205 3369 3 14 :
214 3368 42 23 374
275 3367 68 27 (ft).—
345 3366 95 23 William
459 3367 133 29 Wakefield,
611 3377 29 14 on

51 3399 82 23 behalf
139 3397 26 22 of
171 3397 39 22 the
219 3396 58 21 New
286 3394 100 22 Zealand
395 3394 120 28 Company,
526 3396 113 23 claimant.

80 3425 49 22 The
138 3424 73 23 whole
226 3422 26 22 of
266 3421 38 22 the
318 3420 72 27 lands;
400 3420 91 27 islands,
508 3425 129 24 tenements,

54 3452 83 26 woods,
157 3452 64 25 bays,-
242 3448 114 26 harbours,
376 3448 76 25 rivers,
471 3451 98 25 streams,
595 3450 45 21 and

55 3479 83 24 creeks,
152 3478 74 22 which
236 3483 56 14 were
301 3474 25 22 in
341 3474 122 28 possession
473 3474 27 21 of
508 3474 38 22 the
555 3476 83 27 sellers,

55 3514 24 14 or
88 3509 24 19 to
123 3504 73 22 which
206 3504 54 26 they
275 3502 47 21 laid
337 3500 72 27 claim,
425 3507 24 14 or
461 3500 24 21 in
499 3500 73 23 whicn,
587 3502 53 28 they

55 3533 45 21 had
111 3539 44 20 any
169 3531 71 27 rights
256 3537 24 14 or
293 3529 109 25 interests,
415 3534 29 15 on
453 3526 38 21 the
501 3528 105 21 southern
616 3537 24 14 as

54 3559 50 23 well
123 3566 25 14 as
167 3558 38 21 the
223 3556 106 23 northern
346 3554 63 22 shore
425 3553 26 22 of
460 3552 81 23 Cook's
555 3554 83 28 Straits,

54 3585 135 28 comprising
204 3584 29 22 all
249 3583 62 22 those
325 3581 70 27 lands,
411 3582 130 24 tenements,
556 3581 81 27 woods,

53 3613 63 28 bays,
136 3612 115 26 harbours,
275 3610 76 24 rivers,
372 3611 91 18 streams
485 3606 47 21 and
555 3608 83 26 creeks,

54 3641 80 21 situate
146 3646 29 14 on
186 3638 37 21 the
233 3636 105 23 southern
423 3633 26 22 of
456 3633 81 22 Cook's
553 3633 85 27 Straits,

54 3666 73 22 which
137 3673 39 14 are
185 3663 106 24 bounded
299 3669 30 14 on
338 3662 38 21 the
388 3660 65 23 south
461 3660 31 26 by
502 3659 37 22 the
548 3660 92 26 parallel

55 3693 25 21 of
85 3693 40 21 the
133 3690 132 29 forty-third
282 3690 80 26 degree
372 3688 25 22 of
409 3686 64 23 south
483 3686 101 27 latitude,
595 3686 45 21 and

54 3727 29 14 on
94 3720 38 20 the
142 3722 61 24 west,
214 3717 73 27 north,
299 3716 45 21 and
353 3718 47 19 east
408 3715 31 27 by
452 3713 37 22 the
500 3720 45 20 sea,
553 3713 87 22 includ-

51 3747 40 26 ing
108 3745 87 27 Taitah,
213 3742 133 28 Wanganui,
358 3742 98 21 Onatura
465 3747 24 14 or
500 3739 59 27 Cape
572 3740 68 21 Fare-

54 3772 56 27 well,
131 3771 119 27 Pakawao,
270 3768 99 28 Takaka,
392 3767 105 26 Taomiti,
522 3766 115 27 Molneka,

53 3799 109 25 Waimea,
171 3798 81 23 Okatu,
260 3796 130 28 Okapuaha,
402 3793 138 23 Raianaand
550 3793 89 22 Hoiano

53 3827 25 22 in
87 3825 70 26 Blind
171 3824 54 29 Bay,
237 3823 120 27 Rangitoto
367 3829 25 15 or
406 3819 137 24 D'Urville's
554 3819 83 28 Island,

54 3854 37 22 the
99 3851 88 28 -Oyerri
202 3858 24 15 or
238 3850 99 22 Pelorus-
348 3849 75 25 River,
440 3846 126 27 Admiralty
585 3847 54 26 Bay,

54 3880 45 24 and
108 3878 39 24 the
157 3877 85 22 several
249 3876 114 22 islandsof
365 3873 170 27 Motuugarada,
543 3871 96 29 Kurara,

54 3906 96 24 Kakako
160 3904 47 23 and
221 3903 97 27 Nguian,
335 3902 132 26 Omahanga
476 3907 27 14 or
516 3899 54 22 Port
580 3900 59 21 Gore

52 3935 32 23 in'
97 3925 82 34 <^ueen
204 3929 132 25 Charlotte's
360 3928 76 23 Sound
458 3927 45 22 and
524 3927 38 21 the
581 3927 59 26 Tory

53 3958 110 28 Ch*ni!t'el,
181 3977 3 2 .
200 3956 117 26 including
329 3976 2 4 ,
358 3954 147 25 Motakawae,
548 3952 91 28 Anuho,

1294 123 96 27 Alleged
1399 126 24 18 to
1430 123 58 21 have
1498 123 63 22 -been
1569 123 125 28 purchased
1707 123 32 27 by
1748 122 108 22 claimant

1267 153 58 21 from
1345 151 36 21 the
1399 150 75 21 native
1494 149 77 27 chiefs,
1595 150 33 21 Te
1651 149 60 27 Eria,
1737 149 114 28 Kaiwaka,

1267 179 87 26 Eware,
1364 176 109 28 Ngatura,
1482 176 90 27 Taraki,
1584 176 44 21 and
1637 183 70 20 many
1718 176 81 21 others.

1296 203 166 23 Consideration
1472 202 64 27 given
1545 205 24 19 to
1580 202 37 22 the
1626 202 96 28 natives,
1729 209 14 15 a
1752 205 104 25 quantity

1269 231 26 23 of
1301 229 162 27 merchandize,
1474 229 66 22 value
1550 232 42 19 not
1600 228 78 22 stated.
1693 240 4 3 -

1296 257 85 23 Nature
1406 256 26 21 of
1451 263 142 20 conveyance
1594 266 26 5 —
1620 255 72 27 Deed,
1713 255 67 22 dated
1804 255 52 22 15th

1269 284 121 26 February,
1402 283 59 21 1840.
1550 280 16 16 *-
1566 283 3 13 !

1482 308 147 23 WILLIAM
1644 308 101 28 SPAIN,

1282 337 6 7 J
1554 347 3 3 ■
1648 335 178 22 Commissioner.

1439 380 66 20 Port
1521 379 29 21 of
1567 380 123 20 London.

1323 412 88 23 Notice
1431 419 27 14 to
1477 419 46 15 the
1543 412 94 22 Public.
1638 423 29 4 —
1667 412 125 23 Travellers
1811 413 45 22 and

1261 461 2 5 ,
1270 440 75 22 others
1354 440 48 21 who
1413 438 55 22 send
1477 438 106 28 baggage,
1594 438 71 23 works
1675 439 26 22 of
1712 444 40 22 art,
1760 447 25 14 or
1792 440 64 21 other

1270 466 66 23 value
1345 469 103 25 property
1458 468 22 19 to
1491 465 111 27 England,
1619 465 81 22 should
1715 466 93 27 consign
1818 466 37 22 the

1270 492 110 30 packages
1390 496 23 17 to
1423 491 37 22 the
1470 499 51 14 care
1527 492 25 21 of
1559 499 14 14 a
1578 492 99 21 licensed
1684 493 172 22 Custom-house

1271 523 74 24 agent,
1361 527 23 14 as
1401 518 87 22 articles
1503 525 37 15 are
1555 518 128 28 frequently
1696 519 96 27 injured,
1811 520 46 21 and

1271 546 101 23 needless
1381 552 97 20 expense
1493 544 110 28 incurred,
1620 545 35 22 for
1670 545 38 22 the
1723 549 61 19 want
1800 546 25 21 of
1843 554 14 14 a

1271 579 80 22 proper
1361 579 79 21 person
1450 574 23 19 to
1483 571 51 22 take
1545 572 80 26 charge
1635 572 26 21 of
1677 572 62 22 them
1754 580 29 14 on
1799 572 58 22 their

1271 599 87 27 arrival,
1369 598 44 23 and
1423 605 35 15 see
1473 598 61 22 them
1552 598 97 27 entered,
1668 599 125 27 examined,
1812 600 44 21 and

1272 626 107 27 carefully
1392 625 117 27 repacked.
1544 625 48 21 The
1611 625 80 27 charge
1708 626 18 21 is
1742 625 38 22 the
1795 633 61 15 same

1271 652 99 24 whether
1379 659 23 14 so
1413 652 121 26 consigned
1545 659 25 14 or

1321 678 171 23 Custom-house
1502 678 116 27 Chamber,
1630 678 104 28 London,

1364 725 10 9 „

1272 739 140 50 DEVOY
1422 739 45 21 and
1475 739 54 27 CO.,
1545 740 45 20 who
1603 746 38 13 are
1656 740 35 20 the
1705 740 154 20 LICENSED

1353 765 123 22 AGENTS
1484 766 29 26 of
1521 767 48 20 Her
1574 767 110 25 Majesti/s
1693 767 166 21 Commissioners

1272 794 26 26 of
1311 795 98 24 Customs,
1420 794 41 20 and
1474 794 66 20 under
1550 795 63 25 heavy
1621 795 63 20 londs
1696 795 39 24 for
1745 795 35 19 tJie
1788 794 70 26 safety

1272 822 27 25 of
1304 823 102 24 property
1424 822 108 25 consigned
1547 824 21 18 to
1583 823 63 23 them,
1666 821 43 27 beg
1728 821 63 21 those
1808 821 50 22 who

1274 848 55 23 send
1338 849 109 26 packages
1456 852 22 18 to
1489 848 58 22 their
1557 856 56 19 care,
1629 852 23 18 to
1662 855 37 15 see
1708 848 49 22 that
1767 847 55 23 each
1830 848 28 22 be

1274 875 113 28 distinctly
1405 875 93 21 marked
1544 875 81 22 Devoy
1644 875 44 22 and
1708 875 47 27 Co.,
1775 874 84 22 Lower

1273 903 199 26 Thames-street,
1611 902 88 22 andthe
1705 902 40 22 bill
1752 901 26 23 of
1783 901 77 28 lading

1274 936 25 14 or
1312 929 85 27 receipt
1409 929 123 21 forwai-ded
1550 932 23 19 to
1593 929 61 22 them
1672 929 71 22 direct
1757 929 30 26 by
1801 932 57 24 post,

1273 955 54 22 with
1335 955 142 22 instructions
1486 955 50 23 how
1547 955 181 28 such'goods,are
1738 959 22 18 to
1773 957 27 20 be
1816 955 43 23 dis-

1273 981 70 28 posed
1352 982 26 22 of
1388 989 30 14 on
1427 982 79 21 arrival
1514 990 6 20 ;
1535 983 46 21 and
1588 990 23 14 as
1619 990 67 19 every
1693 983 99 27 package
1800 986 60 18 must

1273 1010 28 21 be
1319 1009 86 26 opened
1425 1012 22 18 at
1465 1012 38 18 tne
1521 1009 178 27 Custom-house,
1717 1009 22 22 if
1758 1017 46 19 any
1822 1016 37 16 are

1274 1035 86 28 locked,
1371 1035 38 22 the
1418 1035 54 27 keys
1481 1035 81 23 should
1571 1037 28 21 be
1608 1036 132 22 forwarded.

1304 1062 75 22 Go6ds
1389 1062 45 22 and
1442 1062 109 27 packages
1561 1070 38 14 are
1607 1063 126 21 forwarded
1740 1063 30 27 by
1780 1063 80 26 Devoy

1275 1089 45 22 and
1330 1089 37 21 Co.
1378 1092 23 18 to
1411 1089 30 21 all
1454 1093 60 23 parts
1528 1089 26 22 of
1566 1090 37 21 the
1620 1089 128 28 Continent,
1760 1089 36 21 the
1807 1089 54 22 East

1275 1115 44 23 and
1329 1115 63 23 West
1399 1115 82 26 Indies,
1491 1115 110 28 Colonies,
1611 1117 41 21 &c.
1663 1117 40 21 &c.
1713 1124 5 24 j
1731 1115 51 27 and,
1793 1116 22 21 if
1825 1123 35 15 re-

1275 1142 84 28 quired,
1371 1146 50 18 sent
1435 1146 21 18 to
1468 1143 37 21 the
1518 1150 49 14 care
1583 1143 25 21 of
1618 1143 137 27 responsible
1771 1142 88 28 houses,

1275 1169 49 22 who
1339 1169 45 22 will
1400 1176 35 15 see
1452 1169 38 21 the
1506 1169 144 22 instructions
1666 1173 50 18 sent
1731 1169 52 22 with
1799 1169 62 22 them

1275 1196 131 28 punctually
1416 1195 106 23 attended
1530 1199 31 18 to.
1583 1204 2 4 ■

1302 1221 40 23 All
1351 1223 69 26 goods
1430 1222 44 22 and
1482 1223 112 27 packages
1601 1223 36 21 for
1646 1222 113 28 shipment
1765 1226 60 18 must
1832 1223 30 21 be

1276 1249 159 28 accompanied
1444 1250 30 27 by
1490 1250 87 21 written
1592 1249 151 27 instructions,
1754 1249 54 22 with
1823 1249 39 22 the

1276 1284 65 14 name
1352 1276 44 22 and
1405 1276 89 22 address
1505 1277 24 21 of
1542 1277 38 21 the
1590 1276 82 27 parties
1679 1277 31 26 by
1721 1276 72 22 whom
1809 1275 53 29 they

1277 1310 36 15 are
1326 1307 56 23 sent,
1394 1302 50 22 'and
1459 1303 38 21 the
1626 1303 46 21 and
1686 1303 66 21 value
1769 1303 26 21 of
1808 1305 55 20 each

1276 1329 98 28 package
1384 1330 79 22 stated.
1491 1330 47 22 The
1554 1330 54 27 duty
1618 1330 111 22 outwards
1742 1330 19 22 is
1771 1331 44 21 10s.
1823 1338 40 19 per

1277 1357 60 22 JIOO
1352 1357 73 21 value.
1461 1357 47 21 The
1525 1360 48 19 rate
1589 1357 25 21 of
1626 1357 120 21 insurance
1763 1356 99 28 depends

1277 1390 59 21 upon
1347 1384 180 21 circumstances.
1555 1384 45 21 For
1616 1383 86 22 further
1717 1383 146 22 information

1277 1410 66 27 apply
1367 1414 23 18 to
1414 1411 43 21 Mr.
1477 1411 93 21 Samuel
1597 1411 99 26 Hevans,
1716 1410 146 27 Wellington,

1277 1437 52 22 Port
1339 1437 129 21 Nicholson.

1487 1482 162 21 Education.

1279 1514 105 49 MRS.
1405 1514 45 22 and
1468 1514 72 22 MISS
1563 1514 190 23 WAKEFIELD
1762 1529 6 4 -
1776 1516 88 22 receive

1367 1541 74 28 pupils
1450 1548 29 14 on
1489 1541 38 22 the
1536 1541 115 27 following
1660 1545 68 19 terms
1734 1550 5 14 :
1741 1554 28 4 —

1305 1575 44 22 For
1366 1575 76 27 board,
1461 1575 54 22 Avith
1531 1575 102 27 washing
1648 1576 45 22 and
1706 1577 36 20 in-

1332 1602 106 22 struction
1442 1602 25 21 in
1470 1602 92 26 general
1569 1602 92 27 English
1667 1602 75 23 litera-

1331 1632 56 24 ture,
1404 1629 94 27 writing,
1512 1629 173 27 and'aritmetic,
1701 1637 42 19 per

1332 1659 89 24 quarter
1743 1658 12 21 8
1783 1659 12 19 8
1823 1659 14 20 0

1305 1682 77 23 Under
1391 1684 13 21 7
1413 1690 63 20 years
1488 1682 25 21 of
1524 1690 41 20 age
1743 1684 13 21 7
1783 1684 14 22 7
1823 1686 15 19 0

1305 1710 51 26 Day
1365 1710 104 21 boarders
1742 1712 15 20 4
1783 1712 14 21 4
1823 1713 15 19 0

1306 1736 51 27 Day
1366 1736 72 28 pupils
1743 1739 14 19 2
1783 1739 14 20 2
1824 1739 14 20 0

1305 1763 80 22 Junior
1395 1764 54 21 ditto
1745 1766 9 19 1
1770 1766 25 20 11
1824 1766 13 20 6

1278 1790 94 28 French,
1388 1790 88 28 Italian,
1493 1790 45 22 and
1551 1790 114 28 Drawing,
1676 1790 32 23 £1
1724 1792 45 21 11s.
1780 1791 36 22 6d.
1825 1799 41 19 per

1522 1821 95 24 quarter.

1305 1844 89 21 Private
1403 1844 85 21 lessons
1496 1844 25 22 in
1530 1844 78 27 music,
1621 1851 25 14 or
1655 1851 45 21 any
1711 1845 26 21 of
1747 1845 38 22 the
1795 1845 70 22 above

1278 1870 109 22 branches
1398 1871 25 21 of
1434 1870 125 27 education,
1575 1878 43 14 one
1632 1870 76 23 hour's
1723 1872 141 27 instruction,

1279 1898 49 21 four
1336 1897 86 25 lessons
1439 1897 34 22 for
1484 1904 42 15 one
1535 1898 90 26 guinea.

1305 1931 134 21 References
1449 1933 21 19 to
1480 1930 39 22 the
1526 1931 116 26 following
1647 1931 129 26 gentlemen
1787 1931 79 28 kindly

1278 1957 119 28 permitted
1405 1965 5 13 :
1411 1968 29 4 —

1306 1990 62 25 Capt.
1378 1988 36 21 W.
1425 1988 33 21 M.
1469 1988 79 27 Smith,
1559 1988 68 27 R.A.,
1636 1989 229 27 Surveyor-General.

1305 2015 27 21 T.
1346 2015 30 22 M.
1388 2015 121 26 Partridge,
1522 2015 52 27 Esq.

1308 2042 21 21 S.
1340 2042 96 26 Revans,
1448 2041 52 27 Esq.

1374 2088 91 21 Union
1479 2088 80 20 Bank
1572 2088 30 20 of
1619 2088 149 21 Australia.

1281 2122 94 22 London
1394 2122 91 25 Office,
1501 2121 44 22 N0.
1550 2118 45 30 '33,
1613 2121 50 21 Old
1679 2121 186 24 Broad-street.

1334 2155 93 28 Capital,
1437 2155 121 27 £800,000;
1579 2154 51 28 paid
1639 2162 37 20 up,
1692 2155 119 28 £500,000.

1513 2193 126 17 directors:.

1387 2218 66 19 George
1460 2216 40 17 Pife
1506 2217 67 20 Angas,
1581 2217 49 20 Esq.,

1386 2239 67 16 Robert
1459 2237 74 19 Brooks,
1543 2238 49 20 Esq.,

1385 2260 61 16 James
1453 2258 48 17 John
1508 2258 99 19 Cummins,
1615 2258 49 20 Esq.,

1384 2281 67 15 Robert
1459 2279 95 20 Gardener,
1566 2280 49 20 Esq.,
1626 2279 122 21 Manchester,

1385 2301 47 16 John
1441 2300 45 16 Gore
1502 2300 48 19 Esq.,

1385 2322 48 16 John
1440 2321 80 16 William
1524 2321 76 19 Buckle,
1606 2321 49 20 Esq.,

1385 2342 94 21 Benjamin
1487 2342 21 16 E.
1515 2342 63 19 Lindo,
1587 2342 47 19 Esq.,

1386 2364 71 16 Charles
1465 2363 76 16 Edward
1548 2363 87 19 Mangles,
1644 2363 49 20 Esq.,

1386 2384 114 20 Christopher
1507 2383 83 20 Rawson,
1598 2383 48 20 Esq.,
1658 2383 82 21 Halifax,

1386 2406 77 16 Thomas
1470 2404 63 19 Sands,
1541 2405 49 20 Esq.,
1597 2404 100 21 Liverpool,

1385 2427 61 16 James
1453 2425 55 21 Bogle
1516 2425 64 19 Smith,
1586 2425 48 19 Esq.,

1385 2448 66 19 James,
1453 2446 79 16 lluddell
1538 2446 56 19 Todd,
1602 2446 43 19 Esq.

1281 2470 84 16 Trustees
1371 2473 4 11 :
1392 2468 78 16 George
1482 2467 57 16 Ca.br
1550 2467 60 19 Glyn,
1623 2467 49 19 Esq.,
1681 2467 54 16 John
1747 2467 61 21 Gore,
1816 2468 51 21 Esq.,

1426 2489 36 16 and
1468 2488 66 16 James
1541 2488 18 16 J.
1566 2488 101 19 Cummins,
1675 2488 44 21 Esq.

1283 2519 1 5 1
1308 2517 82 17 Bankers
1395 2522 4 11 :
1411 2516 74 17 Messrs.
1492 2516 60 19 Giyn,
1564 2516 114 18 Hallifax,
1686 2516 71 20 Mills,
1765 2516 38 16 and
1810 2516 30 17 Co.

1401 2538 99 18 Secretary:
1513 2537 82 16 Samuel
1601 2536 95 20 Jackson,
1703 2537 44 19 Esq.
1764 2550 5 2 .

1371 2557 80 18 Colonial
1457 2558 103 20 Inspector:
1572 2557 18 16 J.
1597 2557 18 16 C.
1623 2557 104 20 M'Laren,
1734 2557 43 21 Esq.

1402 2606 67 20 New
1488 2604 122 21 Zealand
1628 2605 115 21 Branch.

1282 2640 53 18 Local
1341 2641 91 16 Directors
1436 2644 5 11 :
1457 2639 47 16 Geo.
1515 2639 18 16 S.
1543 2639 73 18 Evans,
1629 2639 48 20 Esq.,
1689 2639 70 19 D.C.L.,
1773 2640 36 16 and
1820 2639 48 18 Gko.

1500 2660 91 19 Hunter,
1602 2660 44 20 Esq.

1282 2690 94 20 Manager:
1388 2689 49 16 John
1444 2689 72 18 Smith,
1523 2688 50 21 Esq.,
1580 2688 36 16 late
1623 2688 21 16 of
1652 2688 30 16 the
1690 2688 119 17 Commercial
1815 2688 54 17 Bank

1447 2709 21 17 of
1476 2709 90 21 England,
1577 2709 123 16 Manchester.

1390 2737 113 22 Branches
1514 2740 24 18 at
1552 2737 97 26 Sydney,

1344 2784 3 5 ,
1379 2785 4 5 %
1434 2770 9 13 '.
1552 2763 174 28 HobartTown,

1554 2790 148 28 Launceston,
1715 2790 46 23 and

1553 2817 12 22 I
1573 2820 34 19 ort
1617 2817 81 28 Philip.

1284 2846 52 22 Port
1345 2844 129 28 Nicholson,
1486 2844 80 22 March
1576 2844 33 27 24;
1621 2846 61 21 1840.

1284 2898 90 49 THE
1390 2898 115 22 Directors
1521 2898 26 21 of
1561 2898 40 22 the
1617 2897 57 22 New
1689 2898 101 22 Zealand
1804 2898 66 22 Land

1357 2926 115 26 Company
1486 2924 84 28 hereby
1587 2925 50 27 give
1653 2926 82 26 notice,
1752 2925 50 22 that
1816 2925 54 28 they

1283 2952 56 22 have
1345 2959 113 15 effected
1467 2959 31 14 an
1508 2959 171 14 arrangement
1688 2952 54 22 with
1748 2952 37 21 the
1794 2952 75 22 Union

1282 2978 65 23 Bank
1361 2979 26 21 of
1402 2978 119 27 Australia,
1538 2978 45 23 No.
1599 2980 35 25 3S,
1649 2978 45 22 Old
1708 2978 161 28 Broad-street,

1283 3005 100 27 London,
1394 3006 35 21 for
1438 3005 37 22 the
1488 3005 168 22 establishment
1670 3005 53 22 of&a
1739 3005 131 22 BRANCH

1283 3032 88 23 BANK
1385 3032 35 21 IN
1434 3031 72 22 NEW
1519 3031 158 27 ZEALAND,
1679 3030 7 13 v
1683 3025 105 34 lhrough
1794 3032 76 23 'which

1284 3060 36 21 the
1329 3059 101 22 business
1442 3059 26 21 of
1481 3058 38 23 the
1536 3058 57 22 New
1608 3058 102 22 Zealand
1722 3058 66 23 Land
1805 3059 66 22 Com-

1282 3093 60 20 pany
1350 3086 46 22 will
1404 3086 28 21 be
1441 3085 134 22 transacted.
1602 3085 49 21 The
1667 3085 114 22 Directors
1793 3086 77 22 -there-

1282 3116 47 19 lore
1338 3112 145 23 recommend
1486 3116 28 18 -to
1518 3126 4 6 v
1531 3112 110 22 Colonists
1656 3111 39 22 the
1714 3112 74 22 Union
1805 3113 66 22 Bank

1284 3140 24 22 of
1326 3139 113 22 Australia
1457 3146 24 15 as
1499 3146 29 15 an
1554 3138 170 23 establishment
1743 3140 129 28 possessing

1283 3166 57 22 their
1355 3166 71 22 entire
1447 3166 138 26 confidence,
1604 3165 46 22 and
1668 3166 51 21 able
1738 3169 22 18 to
1778 3166 94 26 provide

1283 3193 125 27 effectually
1423 3192 35 21 for
1472 3192 40 22 the
1524 3191 107 23 financial
1645 3196 70 18 wants
1733 3193 26 22 of
1769 3192 39 23 the
1823 3193 49 23 first

1283 3220 134 23 settlement.
1501 3224 5 10 :

1448 3246 36 26 By
1494 3246 66 21 order
1568 3245 27 22 of
1604 3245 38 22 the
1652 3246 81 28 Board,

1425 3300 6 6 ,
1461 3292 11 4 -
1516 3279 95 26 JOHN
1625 3279 105 28 WARD,
1746 3281 124 28 Secretary.

1284 3308 55 22 New
1348 3305 100 23 Zealand
1457 3305 65 23 Land
1531 3306 136 27 Company's
1675 3307 80 28 Office,
1802 3321 6 9 

1310 3336 20 22 1,
1340 3333 160 26 Adam-street,
1511 3332 105 28 Adelphi,
1626 3333 53 22 27th
1689 3334 61 26 Aug.
1768 3335 60 21 1839.

1286 3378 90 49 THE
1399 3378 78 20 Nelson
1500 3379 118 19 Examiner
1641 3379 42 20 and
1694 3380 63 20 .New
1779 3381 94 20 Zealand

1359 3405 108 21 Chronicle
1482 3405 126 28 (published
1617 3408 24 18 at
1650 3405 102 28 Nelson,')
1768 3406 19 22 is
1806 3414 66 20 regu-

1283 3432 56 27 larly
1357 3431 142 22 transmitted
1514 3435 22 18 to
1551 3431 145 29 Wellington,
1717 3433 45 22 and
1776 3441 53 20 may
1844 3436 27 21 be

1283 3459 43 22 bad
1337 3462 24 18 at
1368 3458 38 21 the
1417 3459 63 20 office
1489 3458 27 21 of
1525 3458 45 22 this
1579 3466 74 20 paper.

1309 3485 48 23 The
1367 3486 79 20 Nelson
1453 3486 118 20 Examiner
1586 3485 45 22 will
1640 3486 27 21 be
1677 3486 71 22 found
1757 3493 30 16 an
1797 3488 75 22 excel-

1282 3512 49 22 lent
1337 3512 100 21 medium
1446 3512 35 21 for
1491 3512 139 22 advertisers.

1309 3539 78 22 Terms
1397 3539 34 21 for
1440 3539 37 21 the
1487 3546 75 20 paper,
1573 3542 42 22 ten.
1618 3539 102 27 shillings
1733 3547 40 20 per
1781 3544 91 24 quarter

1282 3566 94 28 payable
1385 3566 24 21 in
1416 3565 109 22 'advance.

1310 3593 82 21 Orders
1414 3593 34 20 for
1467 3592 39 21 the
1528 3599 67 21 paper
1618 3592 46 21 and
1686 3593 185 23 advertisements

1284 3619 103 22 received
1395 3622 23 18 at
1427 3619 37 21 the
1475 3619 71 21 Office
1557 3619 26 21 of
1595 3619 44 21 this
1647 3626 77 20 paper.

1519 3662 109 22 Notice.

1284 3695 90 50 THE
1385 3695 230 23 UNDERSIGNED
1625 3695 84 28 having
1716 3703 15 15 a
1738 3696 62 28 large
1808 3698 63 22 stock

1345 3723 24 22 of
1379 3722 115 22 fire-wood
1507 3730 29 14 on
1553 3722 68 27 hand,
1632 3723 75 21 would
1719 3723 28 21 be
1762 3723 76 28 happy
1848 3728 22 18 to

1282 3749 79 28 supply
1370 3747 81 30 paritie-.
1468 3749 54 22 with
1540 3756 44 19 any
1594 3749 102 28 quantity
1696 3761 28 4 —
1724 3749 59 23 from
1797 3754 38 18 ten
1846 3754 24 19 to

1282 3777 43 21 five
1341 3776 103 22 hundred
1459 3775 63 23 loads
1531 3783 5 19 ;
1553 3776 45 22 also
1613 3783 67 20 spars,
1697 3776 69 28 poles,
1782 3777 87 28 rafters,

1282 3803 45 21 and
1336 3803 68 22 knees
1419 3803 35 21 for
1469 3802 170 29 ship-building,
1651 3806 21 18 to
1688 3803 29 23 be
1732 3803 68 23 taken
1811 3804 59 22 from

1282 3829 233 23 Wordsworth-street.
1554 3830 64 22 Price
1637 3833 25 19 to
1679 3830 29 22 be
1733 3830 81 28 agreed
1833 3838 36 21 on,

1273 3874 2 7 ,
1282 3864 60 19 upon
1352 3857 133 28 application
1496 3860 23 18 to

1580 3883 82 23 Baker
1673 3883 113 28 Polhill,

1639 3918 35 21 At
1685 3918 47 22 Dr.
1743 3918 124 23 Butler's.

1282 3940 144 28 Wellington,
1436 3942 65 26 April
1510 3944 33 24 14,
1554 3944 61 21 1842.

1883 125 50 47 A
1962 123 132 27 HEWITT,
2105 123 160 29 Fishmonger,
2277 123 112 23 Lambton
2397 125 74 27 Quay,

1937 161 12 10 •
1966 150 148 27 Wellington,
2120 153 87 20 returns
2214 151 37 22 his
2260 151 87 22 sincere
2356 150 83 22 thanks
2448 155 24 17 to

1882 176 39 22 the
1939 176 139 22 inhabitants
2098 176 27 22 of
2142 176 52 24 this.
2206 177 86 28 Colony
2308 177 36 22 for
2361 177 39 21 the
2418 184 56 20 very

1881 202 81 22 liberal
1980 205 92 25 support
2086 202 31 22 he
2131 202 40 22 has
2186 204 99 22 hitherto
2298 203 112 27 received,
2428 204 46 21 and

1882 229 60 27 begs,
1946 232 23 18 to
1977 229 85 21 inform
2071 229 63 21 them
2142 229 49 22 that
2205 230 27 22 he
2242 230 41 22 has
2291 230 66 22 made
2367 237 107 20 arrange-

1882 257 75 20 ments
1971 255 40 22 for'
2012 264 3 7 1
2026 263 14 14 a
2055 258 102 19 constant
2172 257 82 27 supply
2272 257 26 21 of
2317 256 39 22 the
2375 256 101 22 choicest

1882 282 103 21 varieties
1995 281 26 22 of
2031 281 50 27 fish,
2099 282 72 22 which
2187 283 28 21 he
2232 283 139 28 confidently
2385 290 89 14 recom-

1883 308 86 24 mends,
1971 311 23 18 to
2004 308 39 21 the
2052 308 76 27 public
2136 316 23 14 as
2166 309 69 27 being
2243 310 26 21 of
2279 310 38 22 the
2323 310 51 22 best
2378 309 94 28 quality.

1910 334 84 23 Orders
2002 334 36 22 for
2047 334 104 28 shipping
2158 336 112 28 received,
2285 336 45 22 and
2340 336 134 28 punctually

1884 360 108 23 attended
2001 364 31 19 to.

2039 394 99 15 OYSTERS
2152 395 73 16 FRESH
2240 397 78 14 DAILY.

1911 419 65 27 Also,
1987 425 14 15 a
2009 418 82 28 supply
2101 419 26 21 of
2140 419 129 28 vegetables
2284 420 61 23 fresh
2357 421 61 23 from
2434 421 42 22 the

1883 445 87 28 garden
1981 445 68 27 daily.

1884 489 115 28 English
2008 490 55 20 and
2077 489 117 27 Foreign
2204 491 166 26 Newspaper
2381 492 93 25 Office,

1891 522 131 33 JOSEPH
2051 522 152 27 CLAYTON,
2234 522 129 24 Publisher,
2381 525 27 21 of
2433 524 40 22 the

1884 544 26 27 «l
1949 550 111 25 Spectator
2077 548 48 23 and
2145 549 92 20 Colonial
2375 551 99 22 General

1885 576 136 28 Newspaper
2030 576 47 22 and
2087 575 145 27 Advertising
2243 576 82 27 Agent,
2336 579 41 19 320
2383 578 92 27 Strand,

1886 602 101 28 London,
2002 602 143 27 respectfully
2161 609 129 15 announces
2304 606 22 18 to
2340 605 137 26 proprietors-

1886 630 25 21 of
1922 629 101 22 Colonial
2032 629 113 25 Journals,
2156 629 45 22 and
2209 628 40 23 the
2258 629 100 22 resident
2373 631 103 21 Colonial

1885 659 88 24 gentry,
1984 656 48 22 that
2042 656 28 22 he
2079 656 20 21 is
2109 656 48 21 able
2168 659 22 18 to
2201 656 81 27 supply
2291 656 62 22 them
2366 658 56 20 with
2435 657 40 21 the

1886 683 71 21 above
1968 682 111 28 Journals,
2095 682 45 22 and
2157 689 68 21 every
2241 682 65 22 other
2319 682 95 23 London
2430 684 45 21 and

1887 709 99 27 Country
1996 710 136 26 Newspaper
2146 709 23 22 in
2186 709 72 22 Great
2276 709 99 27 Britain,'
2388 710 32 26 by
2436 710 40 22 the

1888 736 88 21 earliest
1999 743 143 20 conveyance
2161 736 57 22 after
2236 736 40 21 the
2295 743 139 20 appearance
2453 737 26 21 of

1887 762 55 22 each
1951 762 144 27 publication.

1914 788 22 22 J.
1952 788 94 27 Clayton
2056 789 40 21 has
2105 788 58 22 been
2171 789 100 22 induced
2281 791 22 19 to
2319 796 44 21 pay
2378 789 98 27 particu-

1886 815 34 22 lar
1936 816 108 21 attention
2054 819 22 18 to
2087 815 43 22 this
2144 816 85 21 branch
2248 816 26 21 of
2291 816 39 21 the
2347 823 130 21 newspaper

1888 842 106 27 business,
2004 842 23 22 in
2039 849 152 20 consequence
2208 843 27 21 of
2253 842 38 22 the
2312 842 131 28 complaints
2454 843 25 22 of

1888 868 36 22 the
1936 869 101 22 Colonial
2046 869 65 21 Press
2125 868 24 22 in
2165 872 41 18 not
2218 869 70 27 being
2304 869 102 27 supplied
2425 870 52 21 with

1888 896 93 26 English
1998 902 140 20 newspapers
2152 895 52 22 with
2221 895 49 22 that
2290 896 122 27 regularity
2432 896 46 21 and

1888 922 100 28 dispatch
2011 922 73 22 which
2110 922 18 21 is
2150 929 121 19 necessary
2291 925 24 18 to
2333 922 39 22 the
2388 930 89 15 success

1888 950 26 21 of
1925 957 13 14 a
1959 949 48 22 well
2021 948 112 28 managed
2149 948 102 23 Colonial
2270 955 129 21 newspaper
2419 953 58 18 esta-

1887 976 128 22 blishment.

1914 1003 89 22 Editors
2014 1003 25 22 of
2046 1009 139 21 newspapers
2195 1002 46 22 and
2249 1002 86 28 private
2345 1002 96 23 families
2450 1004 26 21 in

1888 1030 38 21 the
1936 1030 103 21 Colonies
2048 1030 50 21 who
2114 1030 101 21 received
2225 1029 59 22 their
2298 1029 95 27 English
2406 1037 72 15 news-

1888 1064 79 20 papers
1974 1056 95 28 through
2075 1056 39 21 the
2119 1056 98 22 medium
2225 1056 26 21 of
2258 1056 45 22 Mr.
2312 1056 135 28 Simmonds,
2455 1058 27 21 of

1879 1083 144 27 .Chichester,
2044 1083 45 22 will
2107 1083 57 21 have
2183 1083 63 22 them
2266 1083 121 22 continued
2405 1084 31 26 by
2454 1084 23 21 J.

1891 1110 99 26 Claj'ton,
2002 1110 50 21 who
2062 1110 40 21 has
2110 1109 124 27 completed
2244 1110 56 21 such
2310 1113 167 24 arrangements

1889 1144 24 13 as
1923 1136 45 22 will
1978 1136 78 21 enable
2065 1136 48 21 him
2124 1139 21 18 to
2156 1143 63 20 carry
2229 1140 40 17 out
2279 1143 62 14 more
2351 1137 127 27 effectually

1890 1163 37 22 the
1936 1163 53 27 plan
1999 1163 25 21 of
2036 1162 118 28 supplying
2167 1162 97 28 Foreign
2279 1170 140 20 newspapers
2432 1164 47 21 and

1890 1195 91 21 persons
1987 1190 126 21 resideutin
2119 1189 35 22 the
2161 1190 111 26 Colonies,
2279 1188 54 23 with
2338 1190 141 27 punctuality

1891 1216 44 21 and
1943 1216 106 27 dispatch,
2067 1216 56 21 than
2133 1216 43 21 Mr.
2197 1216 127 21 Simmonds
2340 1216 108 28 (residing
2457 1220 24 19 at

1892 1243 135 26 Chichester)
2040 1250 44 15 was
2096 1242 47 22 able
2155 1246 22 18 to
2187 1242 145 28 accomplish-
2422 1246 5 8 *

1917 1270 23 21 It
1949 1269 43 22 will
2002 1270 28 21 be
2044 1269 123 27 absolutely
2177 1277 118 19 necessary
2305 1273 23 18 to
2342 1277 139 20 accompany

1891 1296 55 22 each
1957 1296 63 22 order
2029 1296 30 27 by
2068 1300 108 24 payment
2183 1296 25 21 of
2215 1297 36 20 six
2260 1303 24 14 or
2292 1296 79 23 twelve
2380 1297 100 22 months'

1891 1330 78 21 papers
1978 1323 23 21 in
2016 1323 107 27 advance,
2138 1330 25 14 or
2173 1331 13 14 a
2195 1323 115 22 reference
2324 1327 23 18 to
2357 1331 63 14 some
2429 1324 52 21 firm

1891 1351 23 20 in
1925 1350 94 21 London
2029 1350 34 21 for
2073 1353 107 24 payment
2189 1353 22 18 at
2226 1350 39 21 the
2276 1350 124 27 expiration
2411 1350 26 21 of
2443 1351 38 21 the

1892 1377 77 21 twelve
1984 1377 90 21 months
2082 1385 6 18 ;
2103 1378 23 19 in
2143 1376 72 23 which
2231 1384 50 14 case
2298 1383 44 15 one
2356 1376 127 28 halfpenny

1893 1407 62 18 extra
1963 1403 42 22 will
2016 1406 26 19 be
2053 1403 95 27 chai-ged
2158 1411 29 14 on
2199 1403 55 22 each
2263 1411 75 19 paper.

1920 1430 22 21 J.
1955 1430 94 27 Clayton
2058 1433 67 18 trusts
2135 1430 48 21 that
2192 1430 35 21 his
2241 1430 128 22 connexion
2378 1430 54 22 with
2442 1430 39 23 the

1893 1458 111 25 Spectator
2015 1457 141 27 Newspaper,
2167 1463 24 16 as
2199 1456 89 22 Printer
2299 1456 46 22 and
2354 1456 126 28 Publisher,

1892 1484 58 21 from
1965 1484 28 21 its
2002 1486 194 20 commencement
2208 1484 26 21 in
2240 1501 6 12 f
2251 1484 62 26 1828,
2330 1484 45 21 will
2390 1484 28 21 be
2428 1492 55 14 con-

1893 1510 91 23 sidered'
1989 1518 13 13 a
2011 1510 112 22 sufficient
2130 1513 122 23 guarantee
2260 1510 34 21 for
2303 1509 39 22 the
2350 1517 81 20 proper
2442 1519 41 19 ap-

1892 1538 105 48 Klication
2008 1538 26 21 of
2039 1544 44 20 any
2093 1537 67 21 funds
2168 1536 53 28 paid
2230 1536 24 22 in
2265 1536 99 23 advance
2376 1537 35 22 for
2420 1538 63 27 Eng-

1909 1564 26 22 sh
1945 1571 139 20 newspapers
2095 1563 42 22 and
2147 1563 139 27 periodicals.

1882 1597 5 6 '
1919 1591 47 22 The
1976 1590 115 26 following
2098 1590 38 21 list
2145 1590 26 21 of
2177 1590 97 22 London
2285 1597 146 21 newspapers,
2443 1591 39 23 the

1893 1618 54 27 days
1958 1625 28 14 on
1994 1617 72 22 which
2072 1617 53 27 they
2133 1624 36 14 are
2177 1617 125 27 published,
2313 1618 44 21 and
2366 1618 37 21 the
2410 1619 73 27 prices

1894 1649 23 18 at
1925 1644 71 22 which
2011 1644 52 27 they
2073 1651 39 14 are
2126 1644 101 27 supplied
2243 1644 31 27 by
2283 1644 22 22 J.
2323 1644 102 28 Clayton,
2436 1645 47 22 will

1893 1672 27 21 be
1930 1671 70 22 found
2015 1670 73 23 useful
2104 1674 22 18 to
2135 1678 92 20 persons
2242 1671 25 22 in
2281 1671 37 22 the
2329 1672 103 22 Colonies
2446 1679 37 15 re-

1894 1698 88 28 quiring
1991 1698 94 27 English
2095 1705 151 20 newspapers.-

2084 1731 120 19 MOHNING
2218 1732 75 22 (Daily.)

2166 1754 63 22 single
2239 1758 53 17 copy,
2315 1758 34 17 per
2356 1755 83 20 quarter.

2321 1781 15 10 t.
2349 1780 16 12 t.
2378 1775 19 17 d.

1967 1795 74 18 *Tiraes
2245 1795 31 18 sd.
2323 1797 9 15 l
2345 1797 20 16 12
2386 1797 11 16 6

1978 1816 89 23 Morning
2077 1816 99 18 Chronicle
2184 1828 37 6 ...
2247 1818 11 16 5
2281 1829 4 5 .
2291 1829 5 5 .
2323 1818 42 16 112
2386 1818 12 16 6

1968 1837 101 23 *Mornhnj
2076 1837 71 18 Herald
2247 1839 11 15 5
2281 1850 15 5 ..
2323 1839 9 16 1
2345 1839 21 16 12
2386 1839 13 16 6

1968 1858 103 23 •Morning
2078 1858 46 17 Post
2248 1860 10 15 5
2282 1871 15 4 ..
2324 1860 42 16 1)2
2387 1860 12 16 C

1976 1879 91 22 Morning
2071 1879 151 18 Advertiser....
2249 1881 11 15 5
2283 1892 15 4 ..
2324 1881 42 16 112
2387 1881 12 16 6

1978 1900 91 22 Morning
2080 1900 41 17 Sun
2248 1902 11 15 5
2282 1912 15 5 ..
2323 1902 43 15 112
2387 1901 12 17 6
2438 1917 9 7 ,

2082 1928 115 18 EVENING
2211 1928 79 21 (Daily.)

1978 1947 38 18 Sun
2078 1956 7 9 .-
2247 1951 11 14 5
2281 1961 15 5 ..
2322 1950 9 16 1
2344 1951 20 15 12
2386 1950 12 17 G

1978 1969 59 17 Globe
2246 1971 11 15 5
2279 1982 16 5 ..
2322 1971 9 15 1
2344 1971 20 16 12
2385 1971 13 16 6

1966 1989 105 17 ♦Standard
2246 1992 11 14 5
2280 2002 16 4 ..
2317 1992 47 15 .112
2385 1992 31 15 6V

1966 2009 90 18 ♦Courier
2246 2011 11 16 5
2280 2022 15 5 ..
2321 2011 9 16 1
2343 2012 21 15 12
2385 2011 13 16 6

1977 2030 93 23 Shipping
2077 2030 79 18 Gazette
2246 2031 11 17 6
2280 2042 16 6 ..
2322 2032 9 16 1
2344 2033 21 16 19
2386 2032 12 17 0

1962 2058 114 21 MONDAY,
2088 2058 163 21 WEDNESDAY,
2264 2058 38 18 and
2312 2058 102 19 FRIDAY.

1968 2079 97 22 *Eveniug
2072 2079 46 17 Mail
2247 2081 11 15 5
2281 2091 19 6 ...
2321 2081 45 16 016
2385 2082 12 16 3

1976 2100 87 22 Evening
2070 2100 99 18 Chronicle
2179 2109 4 3 -
2247 2102 11 16 5
2281 2112 19 5 ...
2321 2102 11 14 0
2344 2102 20 17 1G
2385 2103 12 16 3

2031 2128 107 17 MONDAY
2150 2128 39 18 and
2201 2128 145 18 THURSDAY.

1978 2149 73 17 Patriot
2247 2151 11 15 5
2281 2161 19 5 ...
2321 2150 11 16 0
2353 2151 11 16 5
2385 2152 12 16 5

1967 2170 85 17 *llecord
2248 2172 11 16 5
2282 2182 19 5 ...
2323 2171 10 16 0
2354 2173 12 16 5
2386 2173 11 16 5

2049 2197 113 18 TUESDAY
2174 2199 38 17 and
2226 2198 100 18 FRIDAY.

2027 2219 80 17 London
2114 2218 85 23 Gazette,
2204 2220 33 17 Bd.
2244 2224 35 17 per
2286 2220 61 17 sheet.

1951 2246 118 21 TUESDAY,
2083 2246 142 23 THURSDAY,
2237 2247 39 18 and
2287 2247 140 20 SATURDAY.

1967 2267 38 17 *St.
2012 2268 83 16 James's
2104 2268 97 18 Chronicle
2206 2280 20 6 ...
2249 2270 11 16 5
2281 2280 21 6 ...
2323 2270 12 16 0
2345 2270 21 16 10
2377 2271 20 15 10

1968 2288 92 23 *Jiuglisli
2067 2288 99 19 Chronicle
2247 2291 11 16 5
2281 2301 19 6 ...
2323 2291 11 16 0
2345 2291 21 17 10
2377 2292 22 17 10

2130 2317 116 18 MONDAY.

1979 2337 57 17 Mark
2042 2337 52 18 Lane
2102 2338 81 21 Express
2248 2338 23 22 64
2281 2350 20 6 ...
2323 2340 12 16 0
2355 2337 11 19 7
2388 2341 10 15 l

1968 2359 70 17 *Bell's
2046 2359 111 22 Messenger
2248 2360 12 16 6
2281 2371 20 6 ...
2323 2361 12 15 0
2355 2360 12 17 6
2387 2361 12 17 6

1968 2380 105 17 ♦Fanner's
2079 2380 81 17 Journal
2249 2381 11 17 6
2283 2392 19 6 ...
2323 2382 11 15 0
2356 2382 11 16 6
2388 2382 12 17 6

1969 2401 62 17 ♦John
2038 2401 45 17 Bull
2249 2403 12 15 6
2283 2413 19 6 ...
2324 2403 11 15 0
2355 2403 13 16 6
2388 2403 12 17 6

1893 2435 12 11 ft
1980 2422 94 17 Observer
2248 2423 11 17 6
2281 2434 19 6 ...
2323 2423 12 16 0
2354 2423 12 17 6
2387 2424 12 17 6

1980 2443 75 21 County
2063 2443 98 17 Chronicle
2248 2445 23 20 5&
2281 2455 19 6 ...
2323 2444 13 16 O
2355 2444 12 17 6
2388 2446 11 15 0

1978 2463 78 23 Magnet
2248 2467 24 19 44
2282 2476 19 6 ...
2323 2465 12 17 0
2355 2466 12 16 5
2388 2467 10 15 0

2107 2490 164 18 WEDNESDAY.

1981 2510 85 18 Colonial
2073 2510 79 18 Gazette
2249 2512 11 18 6
2282 2523 20 6 ...
2323 2512 12 17 0
2355 2512 13 17 6
2387 2512 13 18 6

1980 2531 156 18 Nonconformist
2250 2534 12 16 6
2283 2544 19 6 ...
2324 2534 12 16 O
2356 2534 13 16 6
2389 2534 13 16 6

1978 2552 115 18 Watchman
2249 2555 12 16 5
2355 2556 12 15 5
2389 2556 11 15 5

2119 2573 139 19 SATURDAY.

1978 2593 99 22 Spectator
2250 2597 11 17 9
2282 2606 20 5 ...
2323 2596 13 16 O
2356 2597 12 17 9
2388 2597 13 17 9

1979 2615 55 17 Atlas
2239 2618 21 16 10
2283 2627 19 5 ...
2324 2617 42 17 010
2378 2618 22 16 10

1979 2635 63 18 Jurist
2061 2639 11 13 .;
2138 2634 5 19 .'
2250 2639 12 19 9
2283 2648 20 5 ...
2325 2638 11 15 0
2357 2638 11 17 9
2389 2633 13 23 §

1981 2656 59 17 Court
2047 2656 81 18 Joarnal
2222 2667 12 7 .-
2250 2660 12 14 8
2284 2668 19 6 ...
2324 2658 13 16 O
2357 2660 18 15 8.
2388 2660 13 15 8

1980 2677 62 17 Naval
2048 2677 39 17 and
2095 2677 83 21 Military
2182 2677 15 18 G
2201 2682 21 11 hi
2251 2680 11 16 8
2284 2689 20 6 ...
2325 2679 11 15 0
2357 2681 12 15 8
2389 2681 12 15 8

1972 2698 81 18 •United
2060 2698 74 18 Service
2140 2698 89 18 Gazette.
2284 2709 19 6 ...
2325 2700 13 16 O
2358 2700 11 18 7
2390 2700 12 17 1

1969 2720 51 21 ♦Age
2252 2722 10 15 G
2284 2730 20 6 ...
2326 2721 12 16 0
2358 2722 11 15 6
2390 2722 11 15 6
2429 2731 3 7 .

1970 2741 74 21 ♦Argus
2251 2742 11 15 6

1969 2761 72 17 "Bell's
2046 2761 110 22 Messenger
2251 2763 10 15 C
2284 2772 19 6 ...
2326 2762 10 15 0
2357 2763 11 15 6
2390 2763 11 15 6

2252 2784 10 15 6
2284 2792 20 7 ...
2326 2783 12 16 0
2357 2784 11 15 G
2390 2784 12 16 6

1981 2803 88 17 Courrier
2077 2802 25 18 de
2110 2803 88 22 l'Europe
2210 2815 19 5 ...
2251 2805 11 15 6
2285 2813 20 7 ...
2326 2804 11 15 0
2358 2804 10 16 6
2390 2805 11 15 6

1982 2824 59 18 Court
2048 2824 78 17 Gazette
2211 2831 19 10 ;..
2252 2826 10 15 C
2286 2834 19 7 ...
2326 2825 11 15 0
2358 2826 10 15 6
2390 2825 11 16 6

1971 2844 147 19 ♦Conservative
2124 2844 78 19 Journal
2211 2857 18 5 ...
2252 2846 11 16 C
2286 2855 19 6 ...
2326 2846 12 16 0
2358 2846 10 16 6
2390 2846 11 16 6

1972 2865 48 18 ♦Era
2252 2868 11 15 6
2285 2876 20 6 ...
2326 2867 11 15 0
2357 2867 12 16 6
2390 2867 11 16 6

1982 2887 102 17 Examiner
2252 2888 10 16 G
2286 2897 19 6 ...
2316 2902 2 5 ,
2326 2888 11 14 0
2358 2888 11 16 6
2390 2888 11 16 6

1982 2908 80 17 Journal
2069 2907 22 18 of
2097 2907 132 19 Commerce...
2252 2909 11 15 6
2285 2919 20 5 ...
2326 2909 12 15 0
2358 2909 11 15 C
2390 2909 12 15 6

1972 2928 64 18 •John
2043 2929 45 17 Bull
2251 2930 11 15 6
2285 2940 19 5 ...
2326 2929 11 16 0
2358 2930 11 15 6
2390 2930 11 15 6

1982 2949 115 18 Gardener's
2105 2949 77 19 Gazette
2252 2951 11 15 6
2286 2961 19 5 ...
2326 2950 12 16 0
2359 2951 10 15 G
2390 2951 12 15 6

1981 2971 75 17 Justice
2062 2970 23 18 of
2090 2970 57 18 Peace
2253 2971 10 16 G
2285 2982 20 5 ...
2326 2971 12 16 0
2359 2971 11 16 6
2391 2971 10 16 G

1982 2992 76 22 Mining
2067 2991 80 18 Journal
2253 2992 10 16 G
2274 3002 3 8 
2286 3002 19 6 ..
2326 2992 12 16 0
2358 2992 11 16 6
2390 2992 12 16 6

1982 3013 47 18 New
2036 3013 59 17 Bell's
2107 3012 124 24 Messenger..
2253 3013 10 16 6
2286 3024 19 5 ...
2326 3013 12 16 0
2358 3013 10 16 G
2390 3013 11 15 G

1983 3034 84 21 Railway
2072 3034 65 17 Times
2217 3043 13 8 *.
2253 3034 10 16 G
2286 3044 20 6 ...
2326 3034 12 16 0
2358 3036 12 15 6
2390 3034 12 15 6

1982 3055 76 17 Satirist
2253 3055 10 16 G
2286 3065 19 7 ...
2327 3055 11 16 0
2359 3057 11 14 6
2391 3055 11 15 6

1982 3076 74 17 British
2064 3076 65 18 Queen
2253 3076 10 16 6
2285 3087 20 6 ...
2326 3076 12 16 0
2357 3077 12 16 6
2390 3076 12 15 6
2410 3090 4 3 .

1983 3097 77 22 Sunday
2065 3097 66 17 Times
2252 3097 11 16 6
2285 3107 20 7 ...
2326 3097 12 17 0
2357 3098 11 15 6
2390 3097 11 15 6

1982 3118 67 17 Tablet
2253 3118 10 15 6
2285 3128 20 7 ...
2326 3118 11 16 0
2357 3119 12 15 G
2390 3118 12 15 6

1983 3138 79 21 Weekly
2068 3138 93 22 Dispatch
2253 3139 10 15 6
2285 3149 20 7 ...
2326 3139 11 16 0
2357 3139 12 16 6
2390 3138 11 16 C

1983 3159 61 18 Bell's
2050 3159 50 18 Life.
2190 3161 40 16 :?>...
2251 3160 12 15 5
2286 3170 19 7 ...
2326 3160 11 16 0
2357 3160 13 17 5
2390 3159 12 15 6

1971 3181 3 4 '
1984 3180 84 22 Railway
2074 3180 99 22 Magazine
2252 3181 11 15 5
2285 3191 19 7 ...
2326 3181 11 15 0
2357 3182 12 15 5
2390 3180 13 17 5

1983 3202 67 17 Planet
2251 3202 23 20 ii
2285 3212 20 6 ...
2326 3202 12 16 0
2357 3203 13 15 5
2391 3203 19 22 0,
2422 3218 3 7 ,
2436 3217 5 8 ,
2444 3218 4 7 v

1982 3223 79 22 Weekly
2068 3222 100 19 Chronicle
2251 3223 23 20 4£
2285 3234 20 5 ...
2326 3223 11 15 0
2357 3223 45 16 5.0
2407 3217 18 12 hl
2436 3217 5 12 '

1976 3242 99 23 'Literary'
2078 3243 78 19 Gazette
2174 3250 55 10 ........
2251 3245 12 16 9
2284 3254 21 6 ...
2326 3244 12 16 O
2352 3243 85 19 -g'-'yuo
2449 3239 7 17 >

1982 3265 114 18 Athentcum
2252 3265 11 16 5
2285 3275 19 6 ...
2326 3265 12 16 0
2358 3265 12 17 5
2390 3263 60 20 s.|i-il

2093 3283 204 24 (FORTNIGHTLY.*
2316 3297 6 12 t
2342 3290 24 20 •)„
2377 3295 53 16 ..,„,
2441 3290 5 3 -

1982 3306 48 19 New
2037 3307 83 18 Zealand
2126 3307 80 16 Journal
2221 3318 6 5 .
2246 3307 17 16 -6
2286 3298 122 31 ...,Va.;'i,
2428 3300 2 9 '

1942 3339 3 3 .
1954 3340 4 2 -
1983 3325 171 20 SoiithAustraUan
2157 3326 75 22 Record
2251 3328 12 16 5
2285 3339 20 5 ...
2358 3330 12 15 3
2369 3320 4 16 (
2378 3320 30 25 "o'

2012 3349 71 21 Papers
2090 3348 76 18 marked
2173 3349 10 11 *
2191 3352 33 13 are
2231 3347 142 19 Conservative.

1926 3369 48 22 The
1983 3369 119 28 foregoing
2109 3370 70 27 prices
2189 3377 38 14 are
2236 3369 39 22 the
2284 3377 63 15 same
2357 3377 25 15 as
2392 3371 99 28 charged

1901 3396 24 22 in
1943 3396 97 23 -London
2048 3405 5 19 ;
2079 3396 111 22 therefore
2198 3405 3 3 •
2208 3396 31 21 all
2262 3399 92 25 postage
2377 3405 27 14 or
2425 3402 66 18 extra

1900 3423 91 27 charges
2000 3424 105 21 incurred
2112 3423 24 22 in
2145 3422 38 23 the
2194 3423 80 22 transit
2288 3427 61 19 must
2357 3424 30 22 be
2396 3425 54 28 paid
2458 3425 32 28 by

1900 3450 47 22 the.
1948 3451 81 26 parties
2038 3454 23 18 at
2067 3450 40 22 the
2116 3450 54 21 time
2179 3449 39 23 the
2228 3450 66 22 order
2302 3451 19 21 is
2325 3452 81 26 .given.
2424 3469 9 9 N
2446 3469 16 5 ».

1927 3476 23 22 It
1959 3477 43 22 will
2011 3478 29 21 be
2049 3476 108 24 desirable
2166 3476 25 22 in
2197 3476 32 23 all
2239 3485 62 14 cases
2310 3478 74 22 where
2394 3486 46 21 any
2450 3479 40 22 ad-

1898 3506 96 24 vantage
2004 3504 67 22 exists
2080 3504 25 21 in
2115 3503 37 22 the
2164 3503 69 22 mode
2243 3504 26 22 of
2279 3512 145 21 conveyance
2436 3513 56 15 over

1900 3530 37 22 the
1955 3530 103 28 ordinary
2074 3537 78 15 means
2169 3530 28 22 oi,
2211 3532 157 22 transmission
2383 3533 33 27 by
2429 3536 61 24 post,

1899 3557 50 22 that
1956 3558 136 26 gentlemen,
2104 3557 97 22 desirous
2209 3558 27 22 of
2247 3558 98 29 availing
2352 3559 139 22 themselves
2497 3570 2 4 ■

1899 3584 27 21 of
1936 3584 60 21 such,
2000 3584 131 27 advantage,
2143 3584 81 22 should
2239 3586 65 27 point
2319 3589 40 19 out
2371 3587 84 26 clearly
2463 3587 26 21 in

1898 3610 61 22 what
1968 3617 48 21 way
2032 3610 61 23 such,
2103 3611 133 32 peculiarity
2245 3612 26 22 of
2282 3620 144 20 conveyance
2434 3614 22 21 is
2465 3615 25 19 to

1898 3637 28 22 be
1936 3637 110 22 rendered
2062 3638 108 22 available
2178 3639 36 21 for
2224 3638 39 22 the
2276 3646 96 21 purpose
2389 3640 26 22 of
2425 3647 70 15 acce-

1898 3664 96 27 lerating
2002 3664 40 22 the
2051 3664 106 28 despatch
2167 3666 27 21 of
2204 3666 58 22 such
2270 3673 149 22 newspapers.
2450 3684 1 4 ,

1926 3691 82 22 Orders
2038 3691 35 22 for
2102 3691 184 23 advertisements
2315 3693 105 23 received
2436 3693 54 29 ,and

1898 3718 111 27 promptly
2018 3718 99 22 inserted
2131 3719 25 21 in
2171 3720 30 22 all
2218 3720 39 22 the
2272 3720 88 27 foreign
2370 3721 47 21 and
2428 3720 64 22 colo-

1897 3744 48 22 nial
1950 3744 108 28 journals,
2070 3746 46 21 and
2129 3746 25 21 in
2169 3746 39 22 the
2223 3746 97 23 London
2337 3747 46 23 and
2392 3751 97 23 country

1897 3778 142 20 newspapers
2048 3772 47 22 and
2105 3773 136 26 magazines.

2106 3816 54 21 Bill
2174 3817 102 22 Books.

1900 3841 71 49 ON
1985 3842 85 27 SALE,
2087 3845 23 19 at
2118 3842 44 22 this
2173 3843 72 28 office,
2255 3843 71 23 blank
2335 3844 154 23 Bihßooks.

1999 3869 95 22 Gazette
2129 3870 70 27 office,
2211 3871 59 21 Peg.
2277 3872 24 21 4.

1899 3913 121 50 SEEDS,
2032 3914 38 22 the
2079 3914 97 27 produce
2192 3915 26 22 of
2230 3914 39 23 the
2285 3916 95 25 Colony,
2390 3916 35 22 for
2441 3914 47 25 sale

1963 3944 24 19 at
2194 3942 78 23 Office.
